  <div class='ocr_page' id='page_1' title='image "/cluster/home/n/w/nwhite01/storage/ocr_20150623/14/njp.32101077772448/023.png"; bbox 0 0 1872 3041; ppageno 0'>
   <div class='ocr_carea' id='block_1_1' title="bbox 179 114 970 146">
    <p class='ocr_par' dir='ltr' id='par_1_1' title="bbox 179 114 970 146">
     <span class='ocr_line' id='line_1_1' title="bbox 179 114 970 146; baseline -0.006 0"><span class='ocrx_word' id='word_1_1' title='bbox 179 118 209 146; x_wconf 76' lang='grc'><strong>51</strong></span> <span class='ocrx_word' id='word_1_2' title='bbox 907 114 970 143; x_wconf 73' lang='lat' dir='ltr'><strong>Olilt</strong></span> 
     </span>
    </p>
   </div>
   <div class='ocr_carea' id='block_1_2' title="bbox 1050 114 1809 146">
    <p class='ocr_par' dir='ltr' id='par_1_2' title="bbox 1050 115 1809 143">
     <span class='ocr_line' id='line_1_2' title="bbox 1050 115 1809 143; baseline -0.001 0"><span class='ocrx_word' id='word_1_3' title='bbox 1050 115 1067 143; x_wconf 74' lang='grc' dir='ltr'><strong>Β</strong></span> <span class='ocrx_word' id='word_1_4' title='bbox 1775 115 1809 142; x_wconf 66' lang='grc' dir='ltr'>ΣΞ</span> 
     </span>
    </p>
   </div>
   <div class='ocr_carea' id='block_1_3' title="bbox 177 171 970 211">
    <p class='ocr_par' dir='ltr' id='par_1_3' title="bbox 177 176 966 211">
     <span class='ocr_line' id='line_1_3' title="bbox 177 176 966 211; baseline -0.003 -7"><span class='ocrx_word' id='word_1_5' title='bbox 177 177 310 205; x_wconf 68' lang='lat' dir='ltr'><strong>vincimus.</strong></span> <span class='ocrx_word' id='word_1_6' title='bbox 326 177 482 205; x_wconf 81' lang='lat' dir='ltr'><strong>Audeamus</strong></span> <span class='ocrx_word' id='word_1_7' title='bbox 497 176 581 211; x_wconf 77' lang='lat' dir='ltr'><strong>igitur</strong></span> <span class='ocrx_word' id='word_1_8' title='bbox 593 176 684 204; x_wconf 87' lang='lat' dir='ltr'><strong>dicere</strong></span> <span class='ocrx_word' id='word_1_9' title='bbox 698 176 832 211; x_wconf 75' lang='lat' dir='ltr'><strong>primitias</strong></span> <span class='ocrx_word' id='word_1_10' title='bbox 843 176 966 210; x_wconf 88' lang='lat' dir='ltr'><strong>Scriptu-</strong></span> 
     </span>
    </p>
   </div>
   <div class='ocr_carea' id='block_1_4' title="bbox 1050 171 1810 211">
    <p class='ocr_par' dir='ltr' id='par_1_4' title="bbox 1051 171 1810 210">
     <span class='ocr_line' id='line_1_4' title="bbox 1051 171 1810 210; baseline -0.001 -9"><span class='ocrx_word' id='word_1_11' title='bbox 1051 183 1079 208; x_wconf 72' lang='grc' dir='ltr'>ιι·</span> <span class='ocrx_word' id='word_1_12' title='bbox 1100 176 1116 201; x_wconf 85' lang='lat' dir='ltr'><strong>o’</strong></span> <span class='ocrx_word' id='word_1_13' title='bbox 1133 176 1242 208; x_wconf 71' lang='grc' dir='ltr'>καλός·</span> <span class='ocrx_word' id='word_1_14' title='bbox 1265 175 1311 201; x_wconf 71' lang='grc' dir='ltr'>καὶ</span> <span class='ocrx_word' id='word_1_15' title='bbox 1329 175 1358 201; x_wconf 80' lang='grc' dir='ltr'>ἐν</span> <span class='ocrx_word' id='word_1_16' title='bbox 1381 175 1414 210; x_wconf 81' lang='grc' dir='ltr'><strong>τῇ</strong></span> <span class='ocrx_word' id='word_1_17' title='bbox 1438 173 1635 208; x_wconf 76' lang='grc' dir='ltr'>Ἀποκαλύψει·</span> <span class='ocrx_word' id='word_1_18' title='bbox 1657 171 1728 208; x_wconf 63' lang='grc' dir='ltr'><strong>Ἐγώ</strong></span> <span class='ocrx_word' id='word_1_19' title='bbox 1753 174 1810 207; x_wconf 78' lang='grc' dir='ltr'>ειμι</span> 
     </span>
    </p>
   </div>
   <div class='ocr_carea' id='block_1_5' title="bbox 180 221 968 256">
    <p class='ocr_par' dir='ltr' id='par_1_5' title="bbox 180 221 968 256">
     <span class='ocr_line' id='line_1_5' title="bbox 180 221 968 256; baseline -0.001 -7"><span class='ocrx_word' id='word_1_20' title='bbox 180 230 271 250; x_wconf 89' lang='lat' dir='ltr'><strong>rarum</strong></span> <span class='ocrx_word' id='word_1_21' title='bbox 297 222 417 250; x_wconf 88' lang='lat' dir='ltr'><strong>omnium</strong></span> <span class='ocrx_word' id='word_1_22' title='bbox 443 221 616 255; x_wconf 79' lang='lat' dir='ltr'><strong>Evangelium</strong></span> <span class='ocrx_word' id='word_1_23' title='bbox 642 229 730 255; x_wconf 87' lang='lat' dir='ltr'><strong>esse;</strong></span> <span class='ocrx_word' id='word_1_24' title='bbox 759 221 968 256; x_wconf 81' lang='lat' dir='ltr'><strong>Evangeliorum</strong></span> 
     </span>
    </p>
   </div>
   <div class='ocr_carea' id='block_1_6' title="bbox 178 266 970 303">
    <p class='ocr_par' dir='ltr' id='par_1_6' title="bbox 178 266 970 303">
     <span class='ocr_line' id='line_1_6' title="bbox 178 266 970 303; baseline -0.001 -8"><span class='ocrx_word' id='word_1_25' title='bbox 178 274 245 295; x_wconf 85' lang='lat' dir='ltr'><strong>vero</strong></span> <span class='ocrx_word' id='word_1_26' title='bbox 257 267 403 303; x_wconf 72' lang='lat' dir='ltr'><strong>primitias,</strong></span> <span class='ocrx_word' id='word_1_27' title='bbox 417 267 595 302; x_wconf 72' lang='lat' dir='ltr'><strong>Evangelium</strong></span> <span class='ocrx_word' id='word_1_28' title='bbox 611 275 625 294; x_wconf 87' lang='lat' dir='ltr'><strong>a</strong></span> <span class='ocrx_word' id='word_1_29' title='bbox 640 266 745 294; x_wconf 88' lang='lat' dir='ltr'><strong>Joanne</strong></span> <span class='ocrx_word' id='word_1_30' title='bbox 762 267 889 295; x_wconf 87' lang='lat' dir='ltr'><strong>traditum</strong></span> <span class='ocrx_word' id='word_1_31' title='bbox 903 276 910 301; x_wconf 93' lang='lat'><strong>;</strong></span> <span class='ocrx_word' id='word_1_32' title='bbox 926 275 970 294; x_wconf 86' lang='lat' dir='ltr'><strong>cu-</strong></span> 
     </span>
    </p>
   </div>
   <div class='ocr_carea' id='block_1_7' title="bbox 179 313 968 350">
    <p class='ocr_par' dir='ltr' id='par_1_7' title="bbox 179 313 968 350">
     <span class='ocr_line' id='line_1_7' title="bbox 179 313 968 350; baseline 0 -9"><span class='ocrx_word' id='word_1_33' title='bbox 179 315 222 350; x_wconf 78' lang='lat' dir='ltr'><strong>ius</strong></span> <span class='ocrx_word' id='word_1_34' title='bbox 243 322 352 342; x_wconf 78' lang='lat' dir='ltr'><strong>sensum</strong></span> <span class='ocrx_word' id='word_1_35' title='bbox 377 314 521 348; x_wconf 79' lang='lat' dir='ltr'><strong>percipere</strong></span> <span class='ocrx_word' id='word_1_36' title='bbox 538 321 617 341; x_wconf 90' lang='lat' dir='ltr'><strong>nemo</strong></span> <span class='ocrx_word' id='word_1_37' title='bbox 635 319 733 348; x_wconf 86' lang='lat' dir='ltr'><strong>potest,</strong></span> <span class='ocrx_word' id='word_1_38' title='bbox 755 314 807 341; x_wconf 88' lang='lat' dir='ltr'><strong>nisi</strong></span> <span class='ocrx_word' id='word_1_39' title='bbox 825 313 870 348; x_wconf 91' lang='lat' dir='ltr'><strong>qui</strong></span> <span class='ocrx_word' id='word_1_40' title='bbox 887 321 968 348; x_wconf 82' lang='lat' dir='ltr'><strong>supra</strong></span> 
     </span>
    </p>
   </div>
   <div class='ocr_carea' id='block_1_8' title="bbox 179 360 968 395">
    <p class='ocr_par' dir='ltr' id='par_1_8' title="bbox 179 360 968 395">
     <span class='ocr_line' id='line_1_8' title="bbox 179 360 968 395; baseline 0 -8"><span class='ocrx_word' id='word_1_41' title='bbox 179 366 273 395; x_wconf 85' lang='lat' dir='ltr'><strong>pectus</strong></span> <span class='ocrx_word' id='word_1_42' title='bbox 282 360 344 387; x_wconf 88' lang='lat' dir='ltr'><strong>Jesu</strong></span> <span class='ocrx_word' id='word_1_43' title='bbox 359 361 525 393; x_wconf 85' lang='lat' dir='ltr'><strong>reenbuerit,</strong></span> <span class='ocrx_word' id='word_1_44' title='bbox 538 361 579 387; x_wconf 88' lang='lat' dir='ltr'><strong>vel</strong></span> <span class='ocrx_word' id='word_1_45' title='bbox 593 361 727 395; x_wconf 80' lang='lat' dir='ltr'><strong>acceperit</strong></span> <span class='ocrx_word' id='word_1_46' title='bbox 740 369 753 386; x_wconf 89' lang='lat' dir='ltr'><strong>a</strong></span> <span class='ocrx_word' id='word_1_47' title='bbox 766 360 829 388; x_wconf 87' lang='lat' dir='ltr'><strong>Jesu</strong></span> <span class='ocrx_word' id='word_1_48' title='bbox 843 360 968 393; x_wconf 87' lang='lat' dir='ltr'><strong>Mariam,</strong></span> 
     </span>
    </p>
   </div>
   <div class='ocr_carea' id='block_1_9' title="bbox 178 406 969 442">
    <p class='ocr_par' dir='ltr' id='par_1_9' title="bbox 178 406 969 442">
     <span class='ocr_line' id='line_1_9' title="bbox 178 406 969 442; baseline 0.004 -11"><span class='ocrx_word' id='word_1_49' title='bbox 178 414 239 441; x_wconf 65' lang='lat' dir='ltr'><strong>quae</strong></span> <span class='ocrx_word' id='word_1_50' title='bbox 253 406 335 433; x_wconf 89' lang='lat' dir='ltr'><strong>etiam</strong></span> <span class='ocrx_word' id='word_1_51' title='bbox 353 406 437 440; x_wconf 82' lang='lat' dir='ltr'><strong>ipsius</strong></span> <span class='ocrx_word' id='word_1_52' title='bbox 450 411 537 434; x_wconf 88' lang='lat' dir='ltr'><strong>mater</strong></span> <span class='ocrx_word' id='word_1_53' title='bbox 553 407 616 433; x_wconf 90' lang='lat' dir='ltr'><strong>liat:</strong></span> <span class='ocrx_word' id='word_1_54' title='bbox 633 407 700 433; x_wconf 89' lang='lat' dir='ltr'><strong>adeo</strong></span> <span class='ocrx_word' id='word_1_55' title='bbox 717 407 795 434; x_wconf 91' lang='lat' dir='ltr'><strong>talem</strong></span> <span class='ocrx_word' id='word_1_56' title='bbox 809 412 969 442; x_wconf 86' lang='lat' dir='ltr'><strong>tantumque</strong></span> 
     </span>
    </p>
   </div>
   <div class='ocr_carea' id='block_1_10' title="bbox 179 451 970 486">
    <p class='ocr_par' dir='ltr' id='par_1_10' title="bbox 179 451 970 486">
     <span class='ocr_line' id='line_1_10' title="bbox 179 451 970 486; baseline 0.004 -9"><span class='ocrx_word' id='word_1_57' title='bbox 179 458 239 478; x_wconf 68' lang='lat' dir='ltr'><strong>esse</strong></span> <span class='ocrx_word' id='word_1_58' title='bbox 262 458 372 478; x_wconf 84' lang='lat' dir='ltr'><strong>necesse</strong></span> <span class='ocrx_word' id='word_1_59' title='bbox 389 456 445 482; x_wconf 85' lang='lat' dir='ltr'><strong>est,</strong></span> <span class='ocrx_word' id='word_1_60' title='bbox 462 451 508 486; x_wconf 88' lang='lat' dir='ltr'><strong>qtti</strong></span> <span class='ocrx_word' id='word_1_61' title='bbox 530 451 647 479; x_wconf 84' lang='lat' dir='ltr'><strong>Joannes</strong></span> <span class='ocrx_word' id='word_1_62' title='bbox 661 452 731 479; x_wconf 85' lang='lat' dir='ltr'><strong>alius</strong></span> <span class='ocrx_word' id='word_1_63' title='bbox 748 452 781 479; x_wconf 86' lang='lat' dir='ltr'><strong>sil</strong></span> <span class='ocrx_word' id='word_1_64' title='bbox 804 452 922 486; x_wconf 79' lang='lat' dir='ltr'><strong>futurus,</strong></span> <span class='ocrx_word' id='word_1_65' title='bbox 941 458 970 480; x_wconf 88' lang='grc' dir='ltr'><strong>ιιι</strong></span> 
     </span>
    </p>
   </div>
   <div class='ocr_carea' id='block_1_11' title="bbox 177 496 967 531">
    <p class='ocr_par' dir='ltr' id='par_1_11' title="bbox 177 496 967 531">
     <span class='ocr_line' id='line_1_11' title="bbox 177 496 967 531; baseline 0.004 -9"><span class='ocrx_word' id='word_1_66' title='bbox 177 497 408 531; x_wconf 86' lang='lat' dir='ltr'><strong>quemadmodum</strong></span> <span class='ocrx_word' id='word_1_67' title='bbox 421 496 551 530; x_wconf 87' lang='lat' dir='ltr'><strong>Joannes,</strong></span> <span class='ocrx_word' id='word_1_68' title='bbox 568 497 661 524; x_wconf 88' lang='lat' dir='ltr'><strong>itidetu</strong></span> <span class='ocrx_word' id='word_1_69' title='bbox 674 498 754 524; x_wconf 89' lang='lat' dir='ltr'><strong>etiam</strong></span> <span class='ocrx_word' id='word_1_70' title='bbox 770 502 798 524; x_wconf 92' lang='lat' dir='ltr'><strong>et</strong></span> <span class='ocrx_word' id='word_1_71' title='bbox 813 498 863 525; x_wconf 89' lang='lat' dir='ltr'><strong>iste</strong></span> <span class='ocrx_word' id='word_1_72' title='bbox 878 506 893 524; x_wconf 84' lang='lat' dir='ltr'><strong>a</strong></span> <span class='ocrx_word' id='word_1_73' title='bbox 905 497 967 526; x_wconf 79' lang='lat' dir='ltr'><strong>Jesu</strong></span> 
     </span>
    </p>
   </div>
   <div class='ocr_carea' id='block_1_12' title="bbox 178 541 969 572">
    <p class='ocr_par' dir='ltr' id='par_1_12' title="bbox 178 541 969 572">
     <span class='ocr_line' id='line_1_12' title="bbox 178 541 969 572; baseline 0.004 -4"><span class='ocrx_word' id='word_1_74' title='bbox 178 541 257 568; x_wconf 82' lang='lat' dir='ltr'><strong>Jesus</strong></span> <span class='ocrx_word' id='word_1_75' title='bbox 269 542 402 569; x_wconf 73' lang='lat' dir='ltr'><strong>exsistere</strong></span> <span class='ocrx_word' id='word_1_76' title='bbox 414 543 585 570; x_wconf 85' lang='lat' dir='ltr'><strong>ostendatur.</strong></span> <span class='ocrx_word' id='word_1_77' title='bbox 599 542 664 570; x_wconf 82' lang='lat' dir='ltr'><strong>Nam</strong></span> <span class='ocrx_word' id='word_1_78' title='bbox 677 543 699 569; x_wconf 86' lang='lat' dir='ltr'><strong>si</strong></span> <span class='ocrx_word' id='word_1_79' title='bbox 718 543 806 570; x_wconf 75' lang='lat' dir='ltr'><strong>nullus</strong></span> <span class='ocrx_word' id='word_1_80' title='bbox 820 548 861 570; x_wconf 88' lang='lat' dir='ltr'><strong>est</strong></span> <span class='ocrx_word' id='word_1_81' title='bbox 877 544 969 572; x_wconf 80' lang='lat' dir='ltr'><strong>Maria:</strong></span> 
     </span>
    </p>
   </div>
   <div class='ocr_carea' id='block_1_13' title="bbox 180 588 967 624">
    <p class='ocr_par' dir='ltr' id='par_1_13' title="bbox 180 588 967 624">
     <span class='ocr_line' id='line_1_13' title="bbox 180 588 967 624; baseline 0.004 -10"><span class='ocrx_word' id='word_1_82' title='bbox 180 588 270 620; x_wconf 82' lang='lat' dir='ltr'><strong>ﬁlius,</strong></span> <span class='ocrx_word' id='word_1_83' title='bbox 293 588 397 622; x_wconf 83' lang='lat' dir='ltr'><strong>judicio</strong></span> <span class='ocrx_word' id='word_1_84' title='bbox 410 596 504 615; x_wconf 90' lang='lat' dir='ltr'><strong>eorum</strong></span> <span class='ocrx_word' id='word_1_85' title='bbox 523 590 569 623; x_wconf 91' lang='lat' dir='ltr'><strong>qui</strong></span> <span class='ocrx_word' id='word_1_86' title='bbox 592 590 625 616; x_wconf 90' lang='lat' dir='ltr'><strong>de</strong></span> <span class='ocrx_word' id='word_1_87' title='bbox 649 590 707 624; x_wconf 87' lang='lat' dir='ltr'><strong>ipsa</strong></span> <span class='ocrx_word' id='word_1_88' title='bbox 725 597 791 617; x_wconf 88' lang='lat' dir='ltr'><strong>sane</strong></span> <span class='ocrx_word' id='word_1_89' title='bbox 815 596 967 623; x_wconf 88' lang='lat' dir='ltr'><strong>senserunt,</strong></span> 
     </span>
    </p>
   </div>
   <div class='ocr_carea' id='block_1_14' title="bbox 179 634 969 670">
    <p class='ocr_par' dir='ltr' id='par_1_14' title="bbox 179 634 969 670">
     <span class='ocr_line' id='line_1_14' title="bbox 179 634 969 670; baseline 0.008 -12"><span class='ocrx_word' id='word_1_90' title='bbox 179 639 358 668; x_wconf 73' lang='lat' dir='ltr'><strong>pnetcrquam</strong></span> <span class='ocrx_word' id='word_1_91' title='bbox 372 634 449 661; x_wconf 77' lang='lat' dir='ltr'><strong>Jcsus</strong></span> <span class='ocrx_word' id='word_1_92' title='bbox 460 642 468 662; x_wconf 84' lang='lat'><strong>:</strong></span> <span class='ocrx_word' id='word_1_93' title='bbox 481 635 599 669; x_wconf 86' lang='lat' dir='ltr'><strong>dicitque</strong></span> <span class='ocrx_word' id='word_1_94' title='bbox 613 634 690 662; x_wconf 83' lang='lat' dir='ltr'><strong>Jesus</strong></span> <span class='ocrx_word' id='word_1_95' title='bbox 704 636 800 662; x_wconf 81' lang='lat' dir='ltr'><strong>matri:</strong></span> <span class='ocrx_word' id='word_1_96' title='bbox 816 635 885 662; x_wconf 77' lang='lat' dir='ltr'><strong>Ecce</strong></span> <span class='ocrx_word' id='word_1_97' title='bbox 895 636 969 670; x_wconf 71' lang='lat' dir='ltr'><strong>filius</strong></span> 
     </span>
    </p>
   </div>
   <div class='ocr_carea' id='block_1_15' title="bbox 180 679 967 718">
    <p class='ocr_par' dir='ltr' id='par_1_15' title="bbox 180 679 967 718">
     <span class='ocr_line' id='line_1_15' title="bbox 180 679 967 718; baseline 0.008 -14"><span class='ocrx_word' id='word_1_98' title='bbox 180 684 240 705; x_wconf 71' lang='lat' dir='ltr'><strong>tuus</strong></span> <span class='ocrx_word' id='word_1_99' title='bbox 258 679 290 711; x_wconf 72' lang='lat'><strong>‘9,</strong></span> <span class='ocrx_word' id='word_1_100' title='bbox 307 684 334 707; x_wconf 88' lang='lat' dir='ltr'><strong>et</strong></span> <span class='ocrx_word' id='word_1_101' title='bbox 349 687 412 713; x_wconf 83' lang='lat' dir='ltr'><strong>non,</strong></span> <span class='ocrx_word' id='word_1_102' title='bbox 429 688 493 708; x_wconf 88' lang='lat' dir='ltr'><strong>ecce</strong></span> <span class='ocrx_word' id='word_1_103' title='bbox 507 682 588 709; x_wconf 88' lang='lat' dir='ltr'><strong>etiam</strong></span> <span class='ocrx_word' id='word_1_104' title='bbox 608 681 650 708; x_wconf 89' lang='lat' dir='ltr'><strong>hic</strong></span> <span class='ocrx_word' id='word_1_105' title='bbox 666 686 707 709; x_wconf 89' lang='lat' dir='ltr'><strong>est</strong></span> <span class='ocrx_word' id='word_1_106' title='bbox 724 682 794 709; x_wconf 87' lang='lat' dir='ltr'><strong>lilius</strong></span> <span class='ocrx_word' id='word_1_107' title='bbox 811 686 891 709; x_wconf 85' lang='lat' dir='ltr'><strong>tuus:</strong></span> <span class='ocrx_word' id='word_1_108' title='bbox 906 691 967 718; x_wconf 88' lang='lat' dir='ltr'><strong>pcr-</strong></span> 
     </span>
    </p>
   </div>
   <div class='ocr_carea' id='block_1_16' title="bbox 180 723 968 760">
    <p class='ocr_par' dir='ltr' id='par_1_16' title="bbox 180 723 968 760">
     <span class='ocr_line' id='line_1_16' title="bbox 180 723 968 760; baseline 0.006 -11"><span class='ocrx_word' id='word_1_109' title='bbox 180 723 242 750; x_wconf 85' lang='lat' dir='ltr'><strong>inde</strong></span> <span class='ocrx_word' id='word_1_110' title='bbox 263 728 315 757; x_wconf 80' lang='lat' dir='ltr'><strong>est,</strong></span> <span class='ocrx_word' id='word_1_111' title='bbox 330 731 362 751; x_wconf 87' lang='lat' dir='ltr'><strong>ac</strong></span> <span class='ocrx_word' id='word_1_112' title='bbox 388 725 411 752; x_wconf 90' lang='lat' dir='ltr'><strong>si</strong></span> <span class='ocrx_word' id='word_1_113' title='bbox 437 725 570 752; x_wconf 80' lang='lat' dir='ltr'><strong>dixisset:</strong></span> <span class='ocrx_word' id='word_1_114' title='bbox 588 726 656 752; x_wconf 87' lang='lat' dir='ltr'><strong>Ecce</strong></span> <span class='ocrx_word' id='word_1_115' title='bbox 671 725 713 752; x_wconf 85' lang='lat' dir='ltr'><strong>hic</strong></span> <span class='ocrx_word' id='word_1_116' title='bbox 730 730 769 752; x_wconf 87' lang='lat' dir='ltr'><strong>est</strong></span> <span class='ocrx_word' id='word_1_117' title='bbox 787 724 866 753; x_wconf 82' lang='lat' dir='ltr'><strong>Jesns</strong></span> <span class='ocrx_word' id='word_1_118' title='bbox 887 733 968 760; x_wconf 90' lang='lat' dir='ltr'><strong>quem</strong></span> 
     </span>
    </p>
   </div>
   <div class='ocr_carea' id='block_1_17' title="bbox 181 767 970 804">
    <p class='ocr_par' dir='ltr' id='par_1_17' title="bbox 181 767 970 804">
     <span class='ocr_line' id='line_1_17' title="bbox 181 767 970 804; baseline 0.005 -11"><span class='ocrx_word' id='word_1_119' title='bbox 181 767 308 799; x_wconf 70' lang='lat' dir='ltr'><strong>genuisti.</strong></span> <span class='ocrx_word' id='word_1_120' title='bbox 332 768 438 795; x_wconf 87' lang='lat' dir='ltr'><strong>Etenim</strong></span> <span class='ocrx_word' id='word_1_121' title='bbox 464 770 588 804; x_wconf 88' lang='lat' dir='ltr'><strong>quisquis</strong></span> <span class='ocrx_word' id='word_1_122' title='bbox 603 770 738 804; x_wconf 78' lang='lat' dir='ltr'><strong>perfectus</strong></span> <span class='ocrx_word' id='word_1_123' title='bbox 752 776 813 802; x_wconf 88' lang='lat' dir='ltr'><strong>est,</strong></span> <span class='ocrx_word' id='word_1_124' title='bbox 838 778 890 798; x_wconf 90' lang='lat' dir='ltr'><strong>non</strong></span> <span class='ocrx_word' id='word_1_125' title='bbox 910 779 970 797; x_wconf 79' lang='lat' dir='ltr'><strong>am-</strong></span> 
     </span>
    </p>
   </div>
   <div class='ocr_carea' id='block_1_18' title="bbox 181 812 965 850">
    <p class='ocr_par' dir='ltr' id='par_1_18' title="bbox 181 812 965 850">
     <span class='ocr_line' id='line_1_18' title="bbox 181 812 965 850; baseline 0.006 -12"><span class='ocrx_word' id='word_1_126' title='bbox 181 812 250 846; x_wconf 90' lang='lat' dir='ltr'><strong>plius</strong></span> <span class='ocrx_word' id='word_1_127' title='bbox 264 814 331 841; x_wconf 81' lang='lat' dir='ltr'><strong>vivit</strong></span> <span class='ocrx_word' id='word_1_128' title='bbox 346 815 414 848; x_wconf 82' lang='lat' dir='ltr'><strong>ipse,</strong></span> <span class='ocrx_word' id='word_1_129' title='bbox 429 816 476 842; x_wconf 87' lang='lat' dir='ltr'><strong>sed</strong></span> <span class='ocrx_word' id='word_1_130' title='bbox 495 815 520 842; x_wconf 94' lang='lat' dir='ltr'><strong>in</strong></span> <span class='ocrx_word' id='word_1_131' title='bbox 541 816 598 850; x_wconf 89' lang='lat' dir='ltr'><strong>ipso</strong></span> <span class='ocrx_word' id='word_1_132' title='bbox 615 816 681 842; x_wconf 78' lang='lat' dir='ltr'><strong>vivit</strong></span> <span class='ocrx_word' id='word_1_133' title='bbox 697 815 821 843; x_wconf 83' lang='lat' dir='ltr'><strong>Christus</strong></span> <span class='ocrx_word' id='word_1_134' title='bbox 835 817 868 843; x_wconf 73' lang='grc' dir='ltr'><strong>⁸ο.</strong></span> <span class='ocrx_word' id='word_1_135' title='bbox 883 816 965 844; x_wconf 88' lang='lat' dir='ltr'><strong>Cum-</strong></span> 
     </span>
    </p>
   </div>
   <div class='ocr_carea' id='block_1_19' title="bbox 181 857 1006 894">
    <p class='ocr_par' dir='ltr' id='par_1_19' title="bbox 181 857 1006 894">
     <span class='ocr_line' id='line_1_19' title="bbox 181 857 1006 894; baseline 0.01 -10"><span class='ocrx_word' id='word_1_136' title='bbox 181 865 233 892; x_wconf 85' lang='lat' dir='ltr'><strong>que</strong></span> <span class='ocrx_word' id='word_1_137' title='bbox 253 859 278 885; x_wconf 93' lang='lat' dir='ltr'><strong>iu</strong></span> <span class='ocrx_word' id='word_1_138' title='bbox 304 860 362 894; x_wconf 89' lang='lat' dir='ltr'><strong>ipso</strong></span> <span class='ocrx_word' id='word_1_139' title='bbox 385 861 459 887; x_wconf 87' lang='lat' dir='ltr'><strong>vivat</strong></span> <span class='ocrx_word' id='word_1_140' title='bbox 475 861 610 893; x_wconf 79' lang='lat' dir='ltr'><strong>Christus,</strong></span> <span class='ocrx_word' id='word_1_141' title='bbox 633 862 733 890; x_wconf 88' lang='lat' dir='ltr'><strong>dicitur</strong></span> <span class='ocrx_word' id='word_1_142' title='bbox 748 863 781 890; x_wconf 92' lang='lat' dir='ltr'><strong>de</strong></span> <span class='ocrx_word' id='word_1_143' title='bbox 804 871 837 890; x_wconf 90' lang='lat' dir='ltr'><strong>eo</strong></span> <span class='ocrx_word' id='word_1_144' title='bbox 855 863 945 891; x_wconf 75' lang='lat' dir='ltr'><strong>Maria:</strong></span> <span class='ocrx_word' id='word_1_145' title='bbox 960 873 967 891; x_wconf 89' lang='lat'><strong>:</strong></span> <span class='ocrx_word' id='word_1_146' title='bbox 985 857 1006 884; x_wconf 73' lang='grc' dir='ltr'><strong><em>Β</em></strong></span> 
     </span>
    </p>
   </div>
   <div class='ocr_carea' id='block_1_20' title="bbox 182 904 970 943">
    <p class='ocr_par' dir='ltr' id='par_1_20' title="bbox 182 904 970 943">
     <span class='ocr_line' id='line_1_20' title="bbox 182 904 970 943; baseline 0.009 -13"><span class='ocrx_word' id='word_1_147' title='bbox 182 904 251 931; x_wconf 77' lang='lat' dir='ltr'><strong>Ecce</strong></span> <span class='ocrx_word' id='word_1_148' title='bbox 267 904 337 932; x_wconf 90' lang='lat' dir='ltr'><strong>tilius</strong></span> <span class='ocrx_word' id='word_1_149' title='bbox 353 910 416 934; x_wconf 87' lang='lat' dir='ltr'><strong>tuus</strong></span> <span class='ocrx_word' id='word_1_150' title='bbox 431 906 564 934; x_wconf 87' lang='lat' dir='ltr'><strong>Christus.</strong></span> <span class='ocrx_word' id='word_1_151' title='bbox 588 907 657 940; x_wconf 88' lang='lat' dir='ltr'><strong>Quid</strong></span> <span class='ocrx_word' id='word_1_152' title='bbox 673 915 737 943; x_wconf 79' lang='lat' dir='ltr'><strong>ergo</strong></span> <span class='ocrx_word' id='word_1_153' title='bbox 756 910 854 936; x_wconf 84' lang='lat' dir='ltr'><strong>attinet</strong></span> <span class='ocrx_word' id='word_1_154' title='bbox 879 910 970 937; x_wconf 87' lang='lat' dir='ltr'><strong>dicere</strong></span> 
     </span>
    </p>
   </div>
   <div class='ocr_carea' id='block_1_21' title="bbox 180 952 971 990">
    <p class='ocr_par' dir='ltr' id='par_1_21' title="bbox 180 952 971 990">
     <span class='ocr_line' id='line_1_21' title="bbox 180 952 971 990; baseline 0.01 -15"><span class='ocrx_word' id='word_1_155' title='bbox 180 955 282 983; x_wconf 84' lang='lat' dir='ltr'><strong>quanta</strong></span> <span class='ocrx_word' id='word_1_156' title='bbox 299 952 377 978; x_wconf 90' lang='lat' dir='ltr'><strong>nobis</strong></span> <span class='ocrx_word' id='word_1_157' title='bbox 391 959 459 986; x_wconf 89' lang='lat' dir='ltr'><strong>opus</strong></span> <span class='ocrx_word' id='word_1_158' title='bbox 475 953 511 979; x_wconf 86' lang='lat' dir='ltr'><strong>sit</strong></span> <span class='ocrx_word' id='word_1_159' title='bbox 525 957 615 980; x_wconf 93' lang='lat' dir='ltr'><strong>mente</strong></span> <span class='ocrx_word' id='word_1_160' title='bbox 631 957 661 980; x_wconf 91' lang='lat' dir='ltr'><strong>ut</strong></span> <span class='ocrx_word' id='word_1_161' title='bbox 677 954 702 980; x_wconf 85' lang='lat' dir='ltr'><strong>in</strong></span> <span class='ocrx_word' id='word_1_162' title='bbox 719 955 847 982; x_wconf 85' lang='lat' dir='ltr'><strong>testaceis</strong></span> <span class='ocrx_word' id='word_1_163' title='bbox 859 955 971 990; x_wconf 69' lang='lat' dir='ltr'><strong>alnjectae</strong></span> 
     </span>
    </p>
   </div>
   <div class='ocr_carea' id='block_1_22' title="bbox 182 996 970 1035">
    <p class='ocr_par' dir='ltr' id='par_1_22' title="bbox 182 996 970 1035">
     <span class='ocr_line' id='line_1_22' title="bbox 182 996 970 1035; baseline 0.008 -13"><span class='ocrx_word' id='word_1_164' title='bbox 182 996 279 1024; x_wconf 68' lang='lat' dir='ltr'><strong>litterae</strong></span> <span class='ocrx_word' id='word_1_165' title='bbox 296 998 432 1024; x_wconf 83' lang='lat' dir='ltr'><strong>thesauris</strong></span> <span class='ocrx_word' id='word_1_166' title='bbox 450 998 619 1025; x_wconf 87' lang='lat' dir='ltr'><strong>reconditum</strong></span> <span class='ocrx_word' id='word_1_167' title='bbox 637 1000 747 1026; x_wconf 92' lang='lat' dir='ltr'><strong>vcrbnm</strong></span> <span class='ocrx_word' id='word_1_168' title='bbox 771 1000 851 1035; x_wconf 72' lang='lat' dir='ltr'><strong>digne</strong></span> <span class='ocrx_word' id='word_1_169' title='bbox 877 1001 970 1028; x_wconf 84' lang='lat' dir='ltr'><strong>valea-</strong></span> 
     </span>
    </p>
   </div>
   <div class='ocr_carea' id='block_1_23' title="bbox 182 1042 971 1081">
    <p class='ocr_par' dir='ltr' id='par_1_23' title="bbox 182 1042 971 1081">
     <span class='ocr_line' id='line_1_23' title="bbox 182 1042 971 1081; baseline 0.01 -14"><span class='ocrx_word' id='word_1_170' title='bbox 182 1049 242 1068; x_wconf 83' lang='lat' dir='ltr'><strong>mus</strong></span> <span class='ocrx_word' id='word_1_171' title='bbox 265 1042 455 1076; x_wconf 78' lang='lat' dir='ltr'><strong>interpretari,</strong></span> <span class='ocrx_word' id='word_1_172' title='bbox 481 1044 632 1077; x_wconf 69' lang='lat' dir='ltr'><strong>praesertim</strong></span> <span class='ocrx_word' id='word_1_173' title='bbox 648 1052 709 1072; x_wconf 92' lang='lat' dir='ltr'><strong>cum</strong></span> <span class='ocrx_word' id='word_1_174' title='bbox 725 1045 815 1073; x_wconf 84' lang='lat' dir='ltr'><strong>littera</strong></span> <span class='ocrx_word' id='word_1_175' title='bbox 836 1047 937 1081; x_wconf 82' lang='lat' dir='ltr'><strong>passim</strong></span> <span class='ocrx_word' id='word_1_176' title='bbox 955 1056 971 1075; x_wconf 69' lang='grc' dir='ltr'>ι</span> 
     </span>
    </p>
   </div>
   <div class='ocr_carea' id='block_1_24' title="bbox 181 1087 971 1125">
    <p class='ocr_par' dir='ltr' id='par_1_24' title="bbox 181 1087 971 1125">
     <span class='ocr_line' id='line_1_24' title="bbox 181 1087 971 1125; baseline 0.011 -13"><span class='ocrx_word' id='word_1_177' title='bbox 181 1087 321 1120; x_wconf 82' lang='lat' dir='ltr'><strong>quibusvis</strong></span> <span class='ocrx_word' id='word_1_178' title='bbox 339 1088 443 1122; x_wconf 76' lang='lat' dir='ltr'><strong>legatur</strong></span> <span class='ocrx_word' id='word_1_179' title='bbox 456 1109 463 1121; x_wconf 91' lang='lat'><strong>,</strong></span> <span class='ocrx_word' id='word_1_180' title='bbox 481 1089 649 1123; x_wconf 86' lang='lat' dir='ltr'><strong>vcrbumque</strong></span> <span class='ocrx_word' id='word_1_181' title='bbox 664 1097 712 1125; x_wconf 92' lang='lat' dir='ltr'><strong>per</strong></span> <span class='ocrx_word' id='word_1_182' title='bbox 726 1099 819 1119; x_wconf 86' lang='lat' dir='ltr'><strong>vocem</strong></span> <span class='ocrx_word' id='word_1_183' title='bbox 842 1094 971 1121; x_wconf 81' lang='lat' dir='ltr'><strong>sensibile</strong></span> 
     </span>
    </p>
   </div>
   <div class='ocr_carea' id='block_1_25' title="bbox 180 1131 970 1171">
    <p class='ocr_par' dir='ltr' id='par_1_25' title="bbox 180 1131 970 1171">
     <span class='ocr_line' id='line_1_25' title="bbox 180 1131 970 1171; baseline 0.01 -14"><span class='ocrx_word' id='word_1_184' title='bbox 180 1131 305 1158; x_wconf 91' lang='lat' dir='ltr'><strong>audiatur</strong></span> <span class='ocrx_word' id='word_1_185' title='bbox 325 1132 359 1159; x_wconf 85' lang='lat' dir='ltr'><strong>ab</strong></span> <span class='ocrx_word' id='word_1_186' title='bbox 375 1133 501 1160; x_wconf 85' lang='lat' dir='ltr'><strong>omnibus</strong></span> <span class='ocrx_word' id='word_1_187' title='bbox 518 1134 563 1168; x_wconf 91' lang='lat' dir='ltr'><strong>qui</strong></span> <span class='ocrx_word' id='word_1_188' title='bbox 590 1135 615 1169; x_wconf 84' lang='grc'>7</span> <span class='ocrx_word' id='word_1_189' title='bbox 638 1136 759 1162; x_wconf 88' lang='lat' dir='ltr'><strong>auditum</strong></span> <span class='ocrx_word' id='word_1_190' title='bbox 773 1137 896 1171; x_wconf 68' lang='lat' dir='ltr'><strong>prmbent</strong></span> <span class='ocrx_word' id='word_1_191' title='bbox 909 1146 970 1166; x_wconf 89' lang='lat' dir='ltr'><strong>cor-</strong></span> 
     </span>
    </p>
   </div>
   <div class='ocr_carea' id='block_1_26' title="bbox 181 1177 969 1216">
    <p class='ocr_par' dir='ltr' id='par_1_26' title="bbox 181 1177 969 1216">
     <span class='ocr_line' id='line_1_26' title="bbox 181 1177 969 1216; baseline 0.011 -14"><span class='ocrx_word' id='word_1_192' title='bbox 181 1177 326 1211; x_wconf 77' lang='lat' dir='ltr'><strong>poralem?</strong></span> <span class='ocrx_word' id='word_1_193' title='bbox 343 1178 393 1210; x_wconf 87' lang='lat' dir='ltr'><strong>Qui</strong></span> <span class='ocrx_word' id='word_1_194' title='bbox 420 1179 492 1205; x_wconf 84' lang='lat' dir='ltr'><strong>enim</strong></span> <span class='ocrx_word' id='word_1_195' title='bbox 520 1183 649 1207; x_wconf 82' lang='lat' dir='ltr'><strong>accurate</strong></span> <span class='ocrx_word' id='word_1_196' title='bbox 668 1181 889 1215; x_wconf 84' lang='lat' dir='ltr'><strong>apprchensnrus</strong></span> <span class='ocrx_word' id='word_1_197' title='bbox 916 1183 969 1216; x_wconf 87' lang='lat' dir='ltr'><strong>sit,</strong></span> 
     </span>
    </p>
   </div>
   <div class='ocr_carea' id='block_1_27' title="bbox 146 1216 970 1258">
    <p class='ocr_par' dir='ltr' id='par_1_27' title="bbox 146 1216 970 1258">
     <span class='ocr_line' id='line_1_27' title="bbox 146 1216 970 1258; baseline 0.01 -9"><span class='ocrx_word' id='word_1_198' title='bbox 146 1216 155 1221; x_wconf 76' lang='grc'><em>’</em></span> <span class='ocrx_word' id='word_1_199' title='bbox 180 1229 244 1249; x_wconf 87' lang='lat' dir='ltr'><strong>vere</strong></span> <span class='ocrx_word' id='word_1_200' title='bbox 269 1224 291 1250; x_wconf 88' lang='lat' dir='ltr'><strong>is</strong></span> <span class='ocrx_word' id='word_1_201' title='bbox 314 1223 384 1250; x_wconf 83' lang='lat' dir='ltr'><strong>dicat</strong></span> <span class='ocrx_word' id='word_1_202' title='bbox 407 1230 534 1258; x_wconf 85' lang='lat' dir='ltr'><strong>oportet:</strong></span> <span class='ocrx_word' id='word_1_203' title='bbox 561 1225 619 1252; x_wconf 77' lang='lat' dir='ltr'><strong>Nos</strong></span> <span class='ocrx_word' id='word_1_204' title='bbox 640 1231 727 1252; x_wconf 82' lang='lat' dir='ltr'><strong>autem</strong></span> <span class='ocrx_word' id='word_1_205' title='bbox 744 1227 843 1254; x_wconf 72' lang='lat' dir='ltr'><strong>Christi</strong></span> <span class='ocrx_word' id='word_1_206' title='bbox 865 1237 970 1256; x_wconf 73' lang='lat' dir='ltr'><strong>sensum</strong></span> 
     </span>
    </p>
   </div>
   <div class='ocr_carea' id='block_1_28' title="bbox 181 1269 970 1304">
    <p class='ocr_par' dir='ltr' id='par_1_28' title="bbox 181 1269 970 1304">
     <span class='ocr_line' id='line_1_28' title="bbox 181 1269 970 1304; baseline 0.01 -10"><span class='ocrx_word' id='word_1_207' title='bbox 181 1269 315 1301; x_wconf 66' lang='lat' dir='ltr'><strong>habemus,</strong></span> <span class='ocrx_word' id='word_1_208' title='bbox 332 1274 359 1295; x_wconf 80' lang='lat' dir='ltr'><strong>ut</strong></span> <span class='ocrx_word' id='word_1_209' title='bbox 373 1270 488 1296; x_wconf 69' lang='lat' dir='ltr'><strong>sciamus</strong></span> <span class='ocrx_word' id='word_1_210' title='bbox 498 1278 556 1304; x_wconf 67' lang='lat' dir='ltr'><strong>qua:</strong></span> <span class='ocrx_word' id='word_1_211' title='bbox 571 1280 586 1297; x_wconf 91' lang='lat' dir='ltr'><strong>a</strong></span> <span class='ocrx_word' id='word_1_212' title='bbox 602 1271 654 1298; x_wconf 84' lang='lat' dir='ltr'><strong>Deo</strong></span> <span class='ocrx_word' id='word_1_213' title='bbox 669 1272 766 1299; x_wconf 80' lang='lat' dir='ltr'><strong>donata</strong></span> <span class='ocrx_word' id='word_1_214' title='bbox 781 1278 841 1300; x_wconf 77' lang='lat' dir='ltr'><strong>sunt</strong></span> <span class='ocrx_word' id='word_1_215' title='bbox 853 1275 928 1302; x_wconf 76' lang='lat' dir='ltr'><strong>nobis</strong></span> <span class='ocrx_word' id='word_1_216' title='bbox 936 1275 970 1302; x_wconf 80' lang='lat'><strong>“.</strong></span> 
     </span>
    </p>
   </div>
   <div class='ocr_carea' id='block_1_29' title="bbox 182 1313 971 1355">
    <p class='ocr_par' dir='ltr' id='par_1_29' title="bbox 182 1313 971 1355">
     <span class='ocr_line' id='line_1_29' title="bbox 182 1313 971 1355; baseline 0.01 -16"><span class='ocrx_word' id='word_1_217' title='bbox 182 1313 259 1346; x_wconf 85' lang='lat' dir='ltr'><strong>Quod</strong></span> <span class='ocrx_word' id='word_1_218' title='bbox 277 1322 340 1341; x_wconf 89' lang='lat' dir='ltr'><strong>vero</strong></span> <span class='ocrx_word' id='word_1_219' title='bbox 355 1322 435 1341; x_wconf 79' lang='lat' dir='ltr'><strong>omne</strong></span> <span class='ocrx_word' id='word_1_220' title='bbox 450 1314 654 1343; x_wconf 79' lang='lat' dir='ltr'><strong>Testamentum</strong></span> <span class='ocrx_word' id='word_1_221' title='bbox 671 1316 774 1344; x_wconf 82' lang='lat' dir='ltr'><strong>Novum</strong></span> <span class='ocrx_word' id='word_1_222' title='bbox 791 1320 827 1346; x_wconf 86' lang='lat' dir='ltr'><strong>sit</strong></span> <span class='ocrx_word' id='word_1_223' title='bbox 847 1319 971 1355; x_wconf 80' lang='lat' dir='ltr'><strong>Evange-</strong></span> 
     </span>
    </p>
   </div>
   <div class='ocr_carea' id='block_1_30' title="bbox 182 1359 972 1401">
    <p class='ocr_par' dir='ltr' id='par_1_30' title="bbox 182 1359 972 1401">
     <span class='ocr_line' id='line_1_30' title="bbox 182 1359 972 1401; baseline 0.011 -16"><span class='ocrx_word' id='word_1_224' title='bbox 182 1359 258 1390; x_wconf 87' lang='lat' dir='ltr'><strong>lium,</strong></span> <span class='ocrx_word' id='word_1_225' title='bbox 287 1360 383 1388; x_wconf 86' lang='lat' dir='ltr'><strong>adduci</strong></span> <span class='ocrx_word' id='word_1_226' title='bbox 404 1369 549 1393; x_wconf 84' lang='lat' dir='ltr'><strong>possumus</strong></span> <span class='ocrx_word' id='word_1_227' title='bbox 565 1363 597 1388; x_wconf 86' lang='lat' dir='ltr'><strong>ad</strong></span> <span class='ocrx_word' id='word_1_228' title='bbox 621 1365 784 1391; x_wconf 87' lang='lat' dir='ltr'><strong>credendum</strong></span> <span class='ocrx_word' id='word_1_229' title='bbox 797 1373 831 1392; x_wconf 81' lang='lat' dir='ltr'><strong>ex</strong></span> <span class='ocrx_word' id='word_1_230' title='bbox 856 1366 899 1393; x_wconf 88' lang='lat' dir='ltr'><strong>his</strong></span> <span class='ocrx_word' id='word_1_231' title='bbox 912 1375 972 1401; x_wconf 71' lang='lat' dir='ltr'><strong>qua:</strong></span> 
     </span>
    </p>
   </div>
   <div class='ocr_carea' id='block_1_31' title="bbox 183 1405 971 1444">
    <p class='ocr_par' dir='ltr' id='par_1_31' title="bbox 183 1405 971 1444">
     <span class='ocr_line' id='line_1_31' title="bbox 183 1405 971 1444; baseline 0.013 -14"><span class='ocrx_word' id='word_1_232' title='bbox 183 1405 280 1432; x_wconf 78' lang='lat' dir='ltr'><strong>Paulus</strong></span> <span class='ocrx_word' id='word_1_233' title='bbox 295 1406 371 1438; x_wconf 88' lang='lat' dir='ltr'><strong>dicit,</strong></span> <span class='ocrx_word' id='word_1_234' title='bbox 388 1407 496 1440; x_wconf 80' lang='lat' dir='ltr'><strong>quando</strong></span> <span class='ocrx_word' id='word_1_235' title='bbox 522 1408 619 1436; x_wconf 86' lang='lat' dir='ltr'><strong>alicubi</strong></span> <span class='ocrx_word' id='word_1_236' title='bbox 637 1410 660 1425; x_wconf 72' lang='grc'><strong>’⁵⁸</strong></span> <span class='ocrx_word' id='word_1_237' title='bbox 672 1411 767 1444; x_wconf 77' lang='lat' dir='ltr'><strong>scribit</strong></span> <span class='ocrx_word' id='word_1_238' title='bbox 786 1420 793 1438; x_wconf 90' lang='lat'>:</span> <span class='ocrx_word' id='word_1_239' title='bbox 819 1411 971 1440; x_wconf 84' lang='lat' dir='ltr'><strong>Secundum</strong></span> 
     </span>
    </p>
   </div>
   <div class='ocr_carea' id='block_1_32' title="bbox 182 1450 971 1490">
    <p class='ocr_par' dir='ltr' id='par_1_32' title="bbox 182 1450 971 1490">
     <span class='ocr_line' id='line_1_32' title="bbox 182 1450 971 1490; baseline 0.013 -14"><span class='ocrx_word' id='word_1_240' title='bbox 182 1450 355 1485; x_wconf 79' lang='lat' dir='ltr'><strong>Evangelium</strong></span> <span class='ocrx_word' id='word_1_241' title='bbox 372 1461 468 1480; x_wconf 79' lang='lat' dir='ltr'><strong>meum.</strong></span> <span class='ocrx_word' id='word_1_242' title='bbox 486 1453 557 1480; x_wconf 91' lang='lat' dir='ltr'><strong>Inter</strong></span> <span class='ocrx_word' id='word_1_243' title='bbox 577 1456 677 1490; x_wconf 83' lang='lat' dir='ltr'><strong>scripta</strong></span> <span class='ocrx_word' id='word_1_244' title='bbox 693 1458 765 1483; x_wconf 90' lang='lat' dir='ltr'><strong>enim</strong></span> <span class='ocrx_word' id='word_1_245' title='bbox 782 1457 860 1484; x_wconf 80' lang='lat' dir='ltr'><strong>Pauli</strong></span> <span class='ocrx_word' id='word_1_246' title='bbox 880 1459 971 1487; x_wconf 89' lang='lat' dir='ltr'><strong>nullus</strong></span> 
     </span>
    </p>
   </div>
   <div class='ocr_carea' id='block_1_33' title="bbox 181 1498 970 1536">
    <p class='ocr_par' dir='ltr' id='par_1_33' title="bbox 181 1498 970 1536">
     <span class='ocr_line' id='line_1_33' title="bbox 181 1498 970 1536; baseline 0.013 -12"><span class='ocrx_word' id='word_1_247' title='bbox 181 1502 271 1525; x_wconf 78' lang='lat' dir='ltr'><strong>exstat</strong></span> <span class='ocrx_word' id='word_1_248' title='bbox 283 1498 350 1525; x_wconf 87' lang='lat' dir='ltr'><strong>liber</strong></span> <span class='ocrx_word' id='word_1_249' title='bbox 365 1499 409 1533; x_wconf 90' lang='lat' dir='ltr'><strong>qui</strong></span> <span class='ocrx_word' id='word_1_250' title='bbox 423 1500 511 1526; x_wconf 90' lang='lat' dir='ltr'><strong>vocari</strong></span> <span class='ocrx_word' id='word_1_251' title='bbox 527 1500 699 1536; x_wconf 78' lang='lat' dir='ltr'><strong>Evangelinm</strong></span> <span class='ocrx_word' id='word_1_252' title='bbox 715 1505 900 1532; x_wconf 89' lang='lat' dir='ltr'><strong>consueverit.</strong></span> <span class='ocrx_word' id='word_1_253' title='bbox 917 1506 970 1533; x_wconf 87' lang='lat' dir='ltr'><strong>Sed</strong></span> 
     </span>
    </p>
   </div>
   <div class='ocr_carea' id='block_1_34' title="bbox 183 1544 969 1586">
    <p class='ocr_par' dir='ltr' id='par_1_34' title="bbox 183 1544 969 1586">
     <span class='ocr_line' id='line_1_34' title="bbox 183 1544 969 1586; baseline 0.014 -18"><span class='ocrx_word' id='word_1_254' title='bbox 183 1544 312 1579; x_wconf 80' lang='lat' dir='ltr'><strong>quidquid</strong></span> <span class='ocrx_word' id='word_1_255' title='bbox 328 1545 370 1571; x_wconf 84' lang='lat' dir='ltr'><strong>vel</strong></span> <span class='ocrx_word' id='word_1_256' title='bbox 396 1546 557 1579; x_wconf 70' lang='lat' dir='ltr'><strong>prmtlicavit</strong></span> <span class='ocrx_word' id='word_1_257' title='bbox 573 1547 614 1574; x_wconf 87' lang='lat' dir='ltr'><strong>vel</strong></span> <span class='ocrx_word' id='word_1_258' title='bbox 632 1548 699 1575; x_wconf 81' lang='lat' dir='ltr'><strong>dixit</strong></span> <span class='ocrx_word' id='word_1_259' title='bbox 714 1554 755 1576; x_wconf 83' lang='lat' dir='ltr'><strong>est</strong></span> <span class='ocrx_word' id='word_1_260' title='bbox 771 1550 947 1585; x_wconf 80' lang='lat' dir='ltr'><strong>Evangelium</strong></span> <span class='ocrx_word' id='word_1_261' title='bbox 962 1561 969 1586; x_wconf 91' lang='lat'><strong>;</strong></span> 
     </span>
    </p>
   </div>
   <div class='ocr_carea' id='block_1_35' title="bbox 183 1592 969 1632">
    <p class='ocr_par' dir='ltr' id='par_1_35' title="bbox 183 1592 969 1632">
     <span class='ocr_line' id='line_1_35' title="bbox 183 1592 969 1632; baseline 0.014 -18"><span class='ocrx_word' id='word_1_262' title='bbox 183 1598 241 1624; x_wconf 70' lang='lat' dir='ltr'><strong>qua:</strong></span> <span class='ocrx_word' id='word_1_263' title='bbox 257 1598 321 1617; x_wconf 78' lang='lat' dir='ltr'><strong>vero</strong></span> <span class='ocrx_word' id='word_1_264' title='bbox 338 1592 497 1625; x_wconf 67' lang='lat' dir='ltr'><strong>praedicavit</strong></span> <span class='ocrx_word' id='word_1_265' title='bbox 510 1598 538 1620; x_wconf 83' lang='lat' dir='ltr'><strong>et</strong></span> <span class='ocrx_word' id='word_1_266' title='bbox 552 1594 619 1620; x_wconf 79' lang='lat' dir='ltr'><strong>dixit</strong></span> <span class='ocrx_word' id='word_1_267' title='bbox 632 1615 639 1625; x_wconf 83' lang='lat'><strong>,</strong></span> <span class='ocrx_word' id='word_1_268' title='bbox 656 1595 714 1622; x_wconf 59' lang='lat' dir='ltr'><strong>haec</strong></span> <span class='ocrx_word' id='word_1_269' title='bbox 731 1596 814 1623; x_wconf 83' lang='lat' dir='ltr'><strong>etiam</strong></span> <span class='ocrx_word' id='word_1_270' title='bbox 839 1598 969 1632; x_wconf 80' lang='lat' dir='ltr'><strong>scripsit;</strong></span> 
     </span>
    </p>
   </div>
   <div class='ocr_carea' id='block_1_36' title="bbox 181 1637 969 1677">
    <p class='ocr_par' dir='ltr' id='par_1_36' title="bbox 181 1637 969 1677">
     <span class='ocr_line' id='line_1_36' title="bbox 181 1637 969 1677; baseline 0.015 -16"><span class='ocrx_word' id='word_1_271' title='bbox 181 1643 246 1671; x_wconf 70' lang='lat' dir='ltr'><strong>ergo</strong></span> <span class='ocrx_word' id='word_1_272' title='bbox 258 1644 291 1663; x_wconf 82' lang='lat' dir='ltr'><strong>ex</strong></span> <span class='ocrx_word' id='word_1_273' title='bbox 301 1637 344 1664; x_wconf 87' lang='lat' dir='ltr'><strong>his</strong></span> <span class='ocrx_word' id='word_1_274' title='bbox 354 1637 489 1672; x_wconf 82' lang='lat' dir='ltr'><strong>colligitur</strong></span> <span class='ocrx_word' id='word_1_275' title='bbox 500 1639 585 1673; x_wconf 89' lang='lat' dir='ltr'><strong>ipsius</strong></span> <span class='ocrx_word' id='word_1_276' title='bbox 596 1641 698 1675; x_wconf 85' lang='lat' dir='ltr'><strong>scripta</strong></span> <span class='ocrx_word' id='word_1_277' title='bbox 710 1642 884 1677; x_wconf 78' lang='lat' dir='ltr'><strong>Evangelium</strong></span> <span class='ocrx_word' id='word_1_278' title='bbox 899 1653 969 1674; x_wconf 88' lang='lat' dir='ltr'><strong>esse.</strong></span> 
     </span>
    </p>
   </div>
   <div class='ocr_carea' id='block_1_37' title="bbox 183 1681 971 1724">
    <p class='ocr_par' dir='ltr' id='par_1_37' title="bbox 183 1681 971 1724">
     <span class='ocr_line' id='line_1_37' title="bbox 183 1681 971 1724; baseline 0.018 -18"><span class='ocrx_word' id='word_1_279' title='bbox 183 1681 259 1714; x_wconf 86' lang='lat' dir='ltr'><strong>Quod</strong></span> <span class='ocrx_word' id='word_1_280' title='bbox 287 1683 308 1709; x_wconf 87' lang='lat' dir='ltr'><strong>si</strong></span> <span class='ocrx_word' id='word_1_281' title='bbox 335 1683 411 1711; x_wconf 85' lang='lat' dir='ltr'><strong>Pauli</strong></span> <span class='ocrx_word' id='word_1_282' title='bbox 431 1686 530 1719; x_wconf 87' lang='lat' dir='ltr'><strong>scripta</strong></span> <span class='ocrx_word' id='word_1_283' title='bbox 552 1691 615 1713; x_wconf 88' lang='lat' dir='ltr'><strong>sunt</strong></span> <span class='ocrx_word' id='word_1_284' title='bbox 633 1686 810 1723; x_wconf 81' lang='lat' dir='ltr'><strong>Erangclinnt</strong></span> <span class='ocrx_word' id='word_1_285' title='bbox 825 1710 831 1721; x_wconf 90' lang='lat'><strong>,</strong></span> <span class='ocrx_word' id='word_1_286' title='bbox 850 1692 971 1724; x_wconf 81' lang='lat' dir='ltr'><strong>profecto</strong></span> 
     </span>
    </p>
   </div>
   <div class='ocr_carea' id='block_1_38' title="bbox 184 1727 970 1769">
    <p class='ocr_par' dir='ltr' id='par_1_38' title="bbox 184 1727 970 1769">
     <span class='ocr_line' id='line_1_38' title="bbox 184 1727 970 1769; baseline 0.015 -16"><span class='ocrx_word' id='word_1_287' title='bbox 184 1727 253 1754; x_wconf 89' lang='lat' dir='ltr'><strong>idem</strong></span> <span class='ocrx_word' id='word_1_288' title='bbox 269 1730 432 1756; x_wconf 84' lang='lat' dir='ltr'><strong>censendum</strong></span> <span class='ocrx_word' id='word_1_289' title='bbox 449 1736 490 1757; x_wconf 87' lang='lat' dir='ltr'><strong>est</strong></span> <span class='ocrx_word' id='word_1_290' title='bbox 515 1731 547 1758; x_wconf 92' lang='lat' dir='ltr'><strong>de</strong></span> <span class='ocrx_word' id='word_1_291' title='bbox 565 1731 637 1759; x_wconf 85' lang='lat' dir='ltr'><strong>Petri</strong></span> <span class='ocrx_word' id='word_1_292' title='bbox 651 1733 733 1760; x_wconf 88' lang='lat' dir='ltr'><strong>etiam</strong></span> <span class='ocrx_word' id='word_1_293' title='bbox 752 1736 880 1769; x_wconf 86' lang='lat' dir='ltr'><strong>scriptis;</strong></span> <span class='ocrx_word' id='word_1_294' title='bbox 898 1741 924 1764; x_wconf 85' lang='lat' dir='ltr'><strong>et</strong></span> <span class='ocrx_word' id='word_1_295' title='bbox 941 1743 970 1765; x_wconf 92' lang='lat' dir='ltr'><strong>ut</strong></span> 
     </span>
    </p>
   </div>
   <div class='ocr_carea' id='block_1_39' title="bbox 184 1774 970 1814">
    <p class='ocr_par' dir='ltr' id='par_1_39' title="bbox 184 1774 970 1814">
     <span class='ocr_line' id='line_1_39' title="bbox 184 1774 970 1814; baseline 0.013 -14"><span class='ocrx_word' id='word_1_296' title='bbox 184 1774 209 1800; x_wconf 90' lang='lat' dir='ltr'><strong>in</strong></span> <span class='ocrx_word' id='word_1_297' title='bbox 238 1775 395 1802; x_wconf 81' lang='lat' dir='ltr'><strong>universum</strong></span> <span class='ocrx_word' id='word_1_298' title='bbox 419 1777 535 1811; x_wconf 86' lang='lat' dir='ltr'><strong>loquar,</strong></span> <span class='ocrx_word' id='word_1_299' title='bbox 555 1779 646 1805; x_wconf 85' lang='lat' dir='ltr'><strong>omnia</strong></span> <span class='ocrx_word' id='word_1_300' title='bbox 672 1787 731 1813; x_wconf 62' lang='lat' dir='ltr'><strong>quae</strong></span> <span class='ocrx_word' id='word_1_301' title='bbox 759 1781 844 1814; x_wconf 90' lang='lat' dir='ltr'><strong>ipsius</strong></span> <span class='ocrx_word' id='word_1_302' title='bbox 868 1782 970 1811; x_wconf 86' lang='lat' dir='ltr'><strong>Christi</strong></span> 
     </span>
    </p>
   </div>
   <div class='ocr_carea' id='block_1_40' title="bbox 182 1821 970 1863">
    <p class='ocr_par' dir='ltr' id='par_1_40' title="bbox 182 1821 970 1863">
     <span class='ocr_line' id='line_1_40' title="bbox 182 1821 970 1863; baseline 0.015 -18"><span class='ocrx_word' id='word_1_303' title='bbox 182 1821 344 1849; x_wconf 75' lang='lat' dir='ltr'><strong>conﬁrmant</strong></span> <span class='ocrx_word' id='word_1_304' title='bbox 359 1824 517 1856; x_wconf 86' lang='lat' dir='ltr'><strong>adventum,</strong></span> <span class='ocrx_word' id='word_1_305' title='bbox 532 1830 557 1852; x_wconf 88' lang='lat' dir='ltr'><strong>et</strong></span> <span class='ocrx_word' id='word_1_306' title='bbox 568 1833 628 1860; x_wconf 73' lang='lat' dir='ltr'><strong>qua:</strong></span> <span class='ocrx_word' id='word_1_307' title='bbox 643 1827 782 1855; x_wconf 88' lang='lat' dir='ltr'><strong>stabiliunt</strong></span> <span class='ocrx_word' id='word_1_308' title='bbox 798 1829 970 1863; x_wconf 72' lang='lat' dir='ltr'><strong>prtesentiam</strong></span> 
     </span>
    </p>
   </div>
   <div class='ocr_carea' id='block_1_41' title="bbox 182 1865 971 1909">
    <p class='ocr_par' dir='ltr' id='par_1_41' title="bbox 182 1865 971 1909">
     <span class='ocr_line' id='line_1_41' title="bbox 182 1865 971 1909; baseline 0.014 -17"><span class='ocrx_word' id='word_1_309' title='bbox 182 1865 254 1893; x_wconf 85' lang='lat' dir='ltr'><strong>illius</strong></span> <span class='ocrx_word' id='word_1_310' title='bbox 266 1886 274 1899; x_wconf 92' lang='lat'><strong>,</strong></span> <span class='ocrx_word' id='word_1_311' title='bbox 289 1874 404 1903; x_wconf 76' lang='lat' dir='ltr'><strong>quaeque</strong></span> <span class='ocrx_word' id='word_1_312' title='bbox 420 1870 551 1898; x_wconf 88' lang='lat' dir='ltr'><strong>inducunt</strong></span> <span class='ocrx_word' id='word_1_313' title='bbox 579 1873 662 1907; x_wconf 83' lang='lat' dir='ltr'><strong>ipsam</strong></span> <span class='ocrx_word' id='word_1_314' title='bbox 682 1874 709 1900; x_wconf 93' lang='lat' dir='ltr'><strong>in</strong></span> <span class='ocrx_word' id='word_1_315' title='bbox 734 1874 842 1901; x_wconf 88' lang='lat' dir='ltr'><strong>anitnos</strong></span> <span class='ocrx_word' id='word_1_316' title='bbox 859 1875 971 1909; x_wconf 90' lang='lat' dir='ltr'><strong>cupien-</strong></span> 
     </span>
    </p>
   </div>
   <div class='ocr_carea' id='block_1_42' title="bbox 183 1912 969 1954">
    <p class='ocr_par' dir='ltr' id='par_1_42' title="bbox 183 1912 969 1954">
     <span class='ocr_line' id='line_1_42' title="bbox 183 1912 969 1954; baseline 0.014 -16"><span class='ocrx_word' id='word_1_317' title='bbox 183 1912 249 1939; x_wconf 85' lang='lat' dir='ltr'><strong>tium</strong></span> <span class='ocrx_word' id='word_1_318' title='bbox 267 1915 405 1950; x_wconf 88' lang='lat' dir='ltr'><strong>suscipere</strong></span> <span class='ocrx_word' id='word_1_319' title='bbox 419 1917 464 1944; x_wconf 89' lang='lat' dir='ltr'><strong>Dei</strong></span> <span class='ocrx_word' id='word_1_320' title='bbox 479 1925 644 1952; x_wconf 87' lang='lat' dir='ltr'><strong>serntoncm,</strong></span> <span class='ocrx_word' id='word_1_321' title='bbox 660 1925 777 1948; x_wconf 84' lang='lat' dir='ltr'><strong>stantem</strong></span> <span class='ocrx_word' id='word_1_322' title='bbox 792 1928 841 1954; x_wconf 91' lang='lat' dir='ltr'><strong>pro</strong></span> <span class='ocrx_word' id='word_1_323' title='bbox 856 1921 969 1954; x_wconf 77' lang='lat' dir='ltr'><strong>foribus,</strong></span> 
     </span>
    </p>
   </div>
   <div class='ocr_carea' id='block_1_43' title="bbox 181 1959 971 1999">
    <p class='ocr_par' dir='ltr' id='par_1_43' title="bbox 181 1959 971 1999">
     <span class='ocr_line' id='line_1_43' title="bbox 181 1959 971 1999; baseline 0.013 -15"><span class='ocrx_word' id='word_1_324' title='bbox 181 1962 210 1984; x_wconf 87' lang='lat' dir='ltr'><strong>et</strong></span> <span class='ocrx_word' id='word_1_325' title='bbox 224 1959 391 1995; x_wconf 85' lang='lat' dir='ltr'><strong>pulsantem,</strong></span> <span class='ocrx_word' id='word_1_326' title='bbox 409 1966 436 1989; x_wconf 92' lang='lat' dir='ltr'><strong>et</strong></span> <span class='ocrx_word' id='word_1_327' title='bbox 455 1963 561 1997; x_wconf 82' lang='lat' dir='ltr'><strong>ingredi</strong></span> <span class='ocrx_word' id='word_1_328' title='bbox 576 1964 712 1992; x_wconf 88' lang='lat' dir='ltr'><strong>volentem</strong></span> <span class='ocrx_word' id='word_1_329' title='bbox 737 1965 762 1992; x_wconf 93' lang='lat' dir='ltr'><strong>in</strong></span> <span class='ocrx_word' id='word_1_330' title='bbox 778 1967 893 1999; x_wconf 87' lang='lat' dir='ltr'><strong>animas,</strong></span> <span class='ocrx_word' id='word_1_331' title='bbox 908 1971 971 1994; x_wconf 91' lang='lat' dir='ltr'><strong>sunt</strong></span> 
     </span>
    </p>
   </div>
   <div class='ocr_carea' id='block_1_44' title="bbox 182 2003 370 2040">
    <p class='ocr_par' dir='ltr' id='par_1_44' title="bbox 182 2003 370 2040">
     <span class='ocr_line' id='line_1_44' title="bbox 182 2003 370 2040; baseline 0.011 -10"><span class='ocrx_word' id='word_1_332' title='bbox 182 2003 370 2040; x_wconf 78' lang='lat' dir='ltr'><strong>Evangelium.</strong></span> 
     </span>
    </p>
   </div>
   <div class='ocr_carea' id='block_1_45' title="bbox 219 2050 972 2092">
    <p class='ocr_par' dir='ltr' id='par_1_45' title="bbox 219 2050 972 2092">
     <span class='ocr_line' id='line_1_45' title="bbox 219 2050 972 2092; baseline 0.011 -16"><span class='ocrx_word' id='word_1_333' title='bbox 219 2050 245 2076; x_wconf 82' lang='lat'><strong>7.</strong></span> <span class='ocrx_word' id='word_1_334' title='bbox 262 2051 315 2078; x_wconf 87' lang='lat' dir='ltr'><strong>Sed</strong></span> <span class='ocrx_word' id='word_1_335' title='bbox 335 2056 439 2086; x_wconf 88' lang='lat' dir='ltr'><strong>tempus</strong></span> <span class='ocrx_word' id='word_1_336' title='bbox 451 2052 506 2086; x_wconf 88' lang='lat' dir='ltr'><strong>jam</strong></span> <span class='ocrx_word' id='word_1_337' title='bbox 522 2059 564 2081; x_wconf 85' lang='lat' dir='ltr'><strong>est</strong></span> <span class='ocrx_word' id='word_1_338' title='bbox 580 2055 737 2082; x_wconf 89' lang='lat' dir='ltr'><strong>accuratius</strong></span> <span class='ocrx_word' id='word_1_339' title='bbox 750 2057 893 2091; x_wconf 78' lang='lat' dir='ltr'><strong>exquirere</strong></span> <span class='ocrx_word' id='word_1_340' title='bbox 905 2057 972 2092; x_wconf 90' lang='lat' dir='ltr'><strong>quid</strong></span> 
     </span>
    </p>
   </div>
   <div class='ocr_carea' id='block_1_46' title="bbox 183 2096 972 2137">
    <p class='ocr_par' dir='ltr' id='par_1_46' title="bbox 183 2096 972 2137">
     <span class='ocr_line' id='line_1_46' title="bbox 183 2096 972 2137; baseline 0.01 -15"><span class='ocrx_word' id='word_1_341' title='bbox 183 2103 236 2124; x_wconf 75' lang='lat' dir='ltr'><strong>vox</strong></span> <span class='ocrx_word' id='word_1_342' title='bbox 249 2096 387 2131; x_wconf 79' lang='lat' dir='ltr'><strong>Evangelii</strong></span> <span class='ocrx_word' id='word_1_343' title='bbox 406 2099 550 2133; x_wconf 71' lang='lat' dir='ltr'><strong>signiticet,</strong></span> <span class='ocrx_word' id='word_1_344' title='bbox 566 2106 593 2128; x_wconf 92' lang='lat' dir='ltr'><strong>et</strong></span> <span class='ocrx_word' id='word_1_345' title='bbox 606 2109 689 2135; x_wconf 89' lang='lat' dir='ltr'><strong>quare</strong></span> <span class='ocrx_word' id='word_1_346' title='bbox 704 2102 729 2129; x_wconf 89' lang='lat' dir='ltr'><strong>bi</strong></span> <span class='ocrx_word' id='word_1_347' title='bbox 745 2101 806 2129; x_wconf 87' lang='lat' dir='ltr'><strong>libri</strong></span> <span class='ocrx_word' id='word_1_348' title='bbox 821 2102 972 2137; x_wconf 87' lang='lat' dir='ltr'><strong>inscriptio-</strong></span> 
     </span>
    </p>
   </div>
   <div class='ocr_carea' id='block_1_47' title="bbox 183 2143 970 2183">
    <p class='ocr_par' dir='ltr' id='par_1_47' title="bbox 183 2143 970 2183">
     <span class='ocr_line' id='line_1_47' title="bbox 183 2143 970 2183; baseline 0.008 -13"><span class='ocrx_word' id='word_1_349' title='bbox 183 2150 244 2170; x_wconf 88' lang='lat' dir='ltr'><strong>nem</strong></span> <span class='ocrx_word' id='word_1_350' title='bbox 268 2143 339 2171; x_wconf 88' lang='lat' dir='ltr'><strong>ltauc</strong></span> <span class='ocrx_word' id='word_1_351' title='bbox 361 2144 490 2173; x_wconf 84' lang='lat' dir='ltr'><strong>habeant.</strong></span> <span class='ocrx_word' id='word_1_352' title='bbox 509 2146 556 2173; x_wconf 89' lang='lat' dir='ltr'><strong>Est</strong></span> <span class='ocrx_word' id='word_1_353' title='bbox 577 2147 661 2181; x_wconf 78' lang='lat' dir='ltr'><strong>igitur</strong></span> <span class='ocrx_word' id='word_1_354' title='bbox 681 2147 856 2183; x_wconf 82' lang='lat' dir='ltr'><strong>Evangelinm</strong></span> <span class='ocrx_word' id='word_1_355' title='bbox 880 2157 970 2178; x_wconf 89' lang='lat' dir='ltr'><strong>sermo</strong></span> 
     </span>
    </p>
   </div>
   <div class='ocr_carea' id='block_1_48' title="bbox 183 2187 970 2230">
    <p class='ocr_par' dir='ltr' id='par_1_48' title="bbox 183 2187 970 2230">
     <span class='ocr_line' id='line_1_48' title="bbox 183 2187 970 2230; baseline 0.011 -16"><span class='ocrx_word' id='word_1_356' title='bbox 183 2187 229 2222; x_wconf 94' lang='lat' dir='ltr'><strong>qui</strong></span> <span class='ocrx_word' id='word_1_357' title='bbox 246 2196 335 2216; x_wconf 90' lang='lat' dir='ltr'><strong>rerum</strong></span> <span class='ocrx_word' id='word_1_358' title='bbox 352 2191 476 2217; x_wconf 92' lang='lat' dir='ltr'><strong>nuntium</strong></span> <span class='ocrx_word' id='word_1_359' title='bbox 496 2191 630 2225; x_wconf 88' lang='lat' dir='ltr'><strong>continet,</strong></span> <span class='ocrx_word' id='word_1_360' title='bbox 648 2200 707 2227; x_wconf 58' lang='lat' dir='ltr'><strong>qua</strong></span> <span class='ocrx_word' id='word_1_361' title='bbox 722 2193 794 2228; x_wconf 89' lang='lat' dir='ltr'><strong>quod</strong></span> <span class='ocrx_word' id='word_1_362' title='bbox 810 2194 890 2222; x_wconf 91' lang='lat' dir='ltr'><strong>utiles</strong></span> <span class='ocrx_word' id='word_1_363' title='bbox 904 2195 970 2230; x_wconf 87' lang='lat' dir='ltr'><strong>sint,</strong></span> 
     </span>
    </p>
   </div>
   <div class='ocr_carea' id='block_1_49' title="bbox 182 2233 970 2276">
    <p class='ocr_par' dir='ltr' id='par_1_49' title="bbox 182 2233 970 2276">
     <span class='ocr_line' id='line_1_49' title="bbox 182 2233 970 2276; baseline 0.011 -16"><span class='ocrx_word' id='word_1_364' title='bbox 182 2233 240 2267; x_wconf 79' lang='lat' dir='ltr'><strong>iure</strong></span> <span class='ocrx_word' id='word_1_365' title='bbox 255 2236 352 2263; x_wconf 90' lang='lat' dir='ltr'><strong>merito</strong></span> <span class='ocrx_word' id='word_1_366' title='bbox 375 2235 494 2263; x_wconf 63' lang='lat' dir='ltr'><strong>latitiam</strong></span> <span class='ocrx_word' id='word_1_367' title='bbox 513 2237 622 2270; x_wconf 86' lang='lat' dir='ltr'><strong>pariunt</strong></span> <span class='ocrx_word' id='word_1_368' title='bbox 644 2239 773 2272; x_wconf 86' lang='lat' dir='ltr'><strong>auditori,</strong></span> <span class='ocrx_word' id='word_1_369' title='bbox 793 2239 970 2276; x_wconf 89' lang='lat' dir='ltr'><strong>simulatque</strong></span> 
     </span>
    </p>
   </div>
   <div class='ocr_carea' id='block_1_50' title="bbox 183 2280 970 2319">
    <p class='ocr_par' dir='ltr' id='par_1_50' title="bbox 183 2280 970 2319">
     <span class='ocr_line' id='line_1_50' title="bbox 183 2280 970 2319; baseline 0.013 -13"><span class='ocrx_word' id='word_1_370' title='bbox 183 2280 218 2307; x_wconf 87' lang='lat' dir='ltr'><strong>ab</strong></span> <span class='ocrx_word' id='word_1_371' title='bbox 237 2280 295 2314; x_wconf 87' lang='lat' dir='ltr'><strong>ipso</strong></span> <span class='ocrx_word' id='word_1_372' title='bbox 309 2282 427 2310; x_wconf 86' lang='lat' dir='ltr'><strong>admissa</strong></span> <span class='ocrx_word' id='word_1_373' title='bbox 443 2282 546 2311; x_wconf 77' lang='lat' dir='ltr'><strong>fuerint</strong></span> <span class='ocrx_word' id='word_1_374' title='bbox 566 2292 626 2319; x_wconf 60' lang='lat' dir='ltr'><strong>quae</strong></span> <span class='ocrx_word' id='word_1_375' title='bbox 642 2285 814 2314; x_wconf 88' lang='lat' dir='ltr'><strong>nuntiantur.</strong></span> <span class='ocrx_word' id='word_1_376' title='bbox 831 2286 887 2315; x_wconf 85' lang='lat' dir='ltr'><strong>Nec</strong></span> <span class='ocrx_word' id='word_1_377' title='bbox 905 2296 970 2316; x_wconf 87' lang='lat' dir='ltr'><strong>vero</strong></span> 
     </span>
    </p>
   </div>
   <div class='ocr_carea' id='block_1_51' title="bbox 184 2326 970 2366">
    <p class='ocr_par' dir='ltr' id='par_1_51' title="bbox 184 2326 970 2366">
     <span class='ocr_line' id='line_1_51' title="bbox 184 2326 970 2366; baseline 0.011 -14"><span class='ocrx_word' id='word_1_378' title='bbox 184 2326 274 2354; x_wconf 89' lang='lat' dir='ltr'><strong>minus</strong></span> <span class='ocrx_word' id='word_1_379' title='bbox 291 2329 350 2355; x_wconf 89' lang='lat' dir='ltr'><strong>talis</strong></span> <span class='ocrx_word' id='word_1_380' title='bbox 362 2329 450 2356; x_wconf 84' lang='lat' dir='ltr'><strong>oratio</strong></span> <span class='ocrx_word' id='word_1_381' title='bbox 466 2334 507 2357; x_wconf 91' lang='lat' dir='ltr'><strong>est</strong></span> <span class='ocrx_word' id='word_1_382' title='bbox 522 2329 697 2365; x_wconf 73' lang='lat' dir='ltr'><strong>Evangelinm</strong></span> <span class='ocrx_word' id='word_1_383' title='bbox 709 2352 716 2364; x_wconf 89' lang='lat'><strong>,</strong></span> <span class='ocrx_word' id='word_1_384' title='bbox 731 2332 856 2366; x_wconf 91' lang='lat' dir='ltr'><strong>quamvis</strong></span> <span class='ocrx_word' id='word_1_385' title='bbox 870 2340 903 2360; x_wconf 77' lang='lat' dir='ltr'><strong>ex</strong></span> <span class='ocrx_word' id='word_1_386' title='bbox 919 2333 970 2360; x_wconf 85' lang='lat' dir='ltr'><strong>ha-</strong></span> 
     </span>
    </p>
   </div>
   <div class='ocr_carea' id='block_1_52' title="bbox 183 2370 970 2411">
    <p class='ocr_par' dir='ltr' id='par_1_52' title="bbox 183 2370 970 2411">
     <span class='ocr_line' id='line_1_52' title="bbox 183 2370 970 2411; baseline 0.01 -14"><span class='ocrx_word' id='word_1_387' title='bbox 183 2370 240 2398; x_wconf 82' lang='lat' dir='ltr'><strong>bitu</strong></span> <span class='ocrx_word' id='word_1_388' title='bbox 256 2372 390 2400; x_wconf 85' lang='lat' dir='ltr'><strong>audientis</strong></span> <span class='ocrx_word' id='word_1_389' title='bbox 405 2375 606 2409; x_wconf 77' lang='lat' dir='ltr'><strong>perpendetur:</strong></span> <span class='ocrx_word' id='word_1_390' title='bbox 622 2376 675 2410; x_wconf 82' lang='lat' dir='ltr'><strong>vel,</strong></span> <span class='ocrx_word' id='word_1_391' title='bbox 691 2376 866 2411; x_wconf 86' lang='lat' dir='ltr'><strong>Evangelium</strong></span> <span class='ocrx_word' id='word_1_392' title='bbox 881 2379 970 2405; x_wconf 89' lang='lat' dir='ltr'><strong>oratio</strong></span> 
     </span>
    </p>
   </div>
   <div class='ocr_carea' id='block_1_53' title="bbox 1020 218 1811 255">
    <p class='ocr_par' dir='ltr' id='par_1_53' title="bbox 1020 218 1811 255">
     <span class='ocr_line' id='line_1_53' title="bbox 1020 218 1811 255; baseline -0.005 -7"><span class='ocrx_word' id='word_1_393' title='bbox 1020 221 1088 248; x_wconf 81' lang='grc' dir='ltr'><strong>τὸΑ</strong></span> <span class='ocrx_word' id='word_1_394' title='bbox 1110 222 1159 248; x_wconf 81' lang='grc' dir='ltr'>καὶ</span> <span class='ocrx_word' id='word_1_395' title='bbox 1182 222 1215 248; x_wconf 79' lang='grc' dir='ltr'>τὸ</span> <span class='ocrx_word' id='word_1_396' title='bbox 1233 223 1266 253; x_wconf 86' lang='grc' dir='ltr'>Ω,</span> <span class='ocrx_word' id='word_1_397' title='bbox 1288 222 1307 255; x_wconf 76' lang='grc' dir='ltr'>τ)</span> <span class='ocrx_word' id='word_1_398' title='bbox 1321 220 1399 255; x_wconf 69' lang='grc' dir='ltr'>ἀρχὴ</span> <span class='ocrx_word' id='word_1_399' title='bbox 1421 219 1470 247; x_wconf 75' lang='grc' dir='ltr'><strong>καὶ</strong></span> <span class='ocrx_word' id='word_1_400' title='bbox 1487 220 1521 247; x_wconf 77' lang='grc' dir='ltr'>τὸ</span> <span class='ocrx_word' id='word_1_401' title='bbox 1540 220 1636 252; x_wconf 76' lang='grc' dir='ltr'>τέλος·</span> <span class='ocrx_word' id='word_1_402' title='bbox 1658 221 1674 246; x_wconf 83' lang='grc' dir='ltr'><em>ὁ</em></span> <span class='ocrx_word' id='word_1_403' title='bbox 1695 218 1811 253; x_wconf 76' lang='grc' dir='ltr'>πρῶτος</span> 
     </span>
    </p>
   </div>
   <div class='ocr_carea' id='block_1_54' title="bbox 1020 266 1812 303">
    <p class='ocr_par' dir='ltr' id='par_1_54' title="bbox 1020 266 1812 303">
     <span class='ocr_line' id='line_1_54' title="bbox 1020 266 1812 303; baseline -0.005 -8"><span class='ocrx_word' id='word_1_404' title='bbox 1020 268 1069 294; x_wconf 81' lang='grc' dir='ltr'>καὶ</span> <span class='ocrx_word' id='word_1_405' title='bbox 1096 269 1112 295; x_wconf 84' lang='grc' dir='ltr'><em>ὁ</em></span> <span class='ocrx_word' id='word_1_406' title='bbox 1138 267 1276 302; x_wconf 80' lang='grc' dir='ltr'>ἔσχατος.</span> <span class='ocrx_word' id='word_1_407' title='bbox 1307 267 1462 303; x_wconf 82' lang='grc' dir='ltr'>Τολμητέον</span> <span class='ocrx_word' id='word_1_408' title='bbox 1491 266 1581 293; x_wconf 79' lang='grc' dir='ltr'>τοίνυν</span> <span class='ocrx_word' id='word_1_409' title='bbox 1610 267 1697 292; x_wconf 76' lang='grc' dir='ltr'>εἰπεῖν</span> <span class='ocrx_word' id='word_1_410' title='bbox 1722 266 1812 301; x_wconf 85' lang='grc' dir='ltr'>ἀπαρ-</span> 
     </span>
    </p>
   </div>
   <div class='ocr_carea' id='block_1_55' title="bbox 1019 311 1812 349">
    <p class='ocr_par' dir='ltr' id='par_1_55' title="bbox 1019 311 1812 349">
     <span class='ocr_line' id='line_1_55' title="bbox 1019 311 1812 349; baseline -0.004 -10"><span class='ocrx_word' id='word_1_411' title='bbox 1019 314 1070 349; x_wconf 79' lang='grc' dir='ltr'>χὴν</span> <span class='ocrx_word' id='word_1_412' title='bbox 1095 314 1146 348; x_wconf 81' lang='grc' dir='ltr'>μὲν</span> <span class='ocrx_word' id='word_1_413' title='bbox 1166 313 1262 341; x_wconf 78' lang='grc' dir='ltr'>πασῶν</span> <span class='ocrx_word' id='word_1_414' title='bbox 1277 313 1392 349; x_wconf 74' lang='grc' dir='ltr'>Γραφῶν</span> <span class='ocrx_word' id='word_1_415' title='bbox 1420 311 1489 340; x_wconf 84' lang='grc' dir='ltr'>εἶναι</span> <span class='ocrx_word' id='word_1_416' title='bbox 1518 312 1553 339; x_wconf 82' lang='grc' dir='ltr'><strong>τὰ</strong></span> <span class='ocrx_word' id='word_1_417' title='bbox 1565 311 1730 346; x_wconf 85' lang='grc' dir='ltr'>Εὐαγγέλια,</span> <span class='ocrx_word' id='word_1_418' title='bbox 1757 311 1812 337; x_wconf 82' lang='grc' dir='ltr'>τῶν</span> 
     </span>
    </p>
   </div>
   <div class='ocr_carea' id='block_1_56' title="bbox 1019 354 1812 395">
    <p class='ocr_par' dir='ltr' id='par_1_56' title="bbox 1019 354 1812 395">
     <span class='ocr_line' id='line_1_56' title="bbox 1019 354 1812 395; baseline -0.004 -9"><span class='ocrx_word' id='word_1_419' title='bbox 1019 359 1046 386; x_wconf 83' lang='grc' dir='ltr'><strong>δὲ</strong></span> <span class='ocrx_word' id='word_1_420' title='bbox 1072 359 1245 394; x_wconf 78' lang='grc' dir='ltr'>Εὑαγγελίων</span> <span class='ocrx_word' id='word_1_421' title='bbox 1269 359 1395 395; x_wconf 77' lang='grc' dir='ltr'>ἀπαρχὴν</span> <span class='ocrx_word' id='word_1_422' title='bbox 1411 359 1441 385; x_wconf 79' lang='grc' dir='ltr'>τὸ</span> <span class='ocrx_word' id='word_1_423' title='bbox 1464 358 1534 385; x_wconf 82' lang='grc' dir='ltr'>κατὰ</span> <span class='ocrx_word' id='word_1_424' title='bbox 1556 358 1693 393; x_wconf 85' lang='grc' dir='ltr'>Ἰωάννην·</span> <span class='ocrx_word' id='word_1_425' title='bbox 1713 354 1744 383; x_wconf 78' lang='grc' dir='ltr'><strong>οὗ</strong></span> <span class='ocrx_word' id='word_1_426' title='bbox 1767 357 1812 383; x_wconf 71' lang='grc' dir='ltr'><strong>τὸν</strong></span> 
     </span>
    </p>
   </div>
   <div class='ocr_carea' id='block_1_57' title="bbox 1019 403 1813 440">
    <p class='ocr_par' dir='ltr' id='par_1_57' title="bbox 1019 403 1813 440">
     <span class='ocr_line' id='line_1_57' title="bbox 1019 403 1813 440; baseline -0.004 -8"><span class='ocrx_word' id='word_1_427' title='bbox 1019 405 1081 432; x_wconf 83' lang='grc' dir='ltr'>νοῦν</span> <span class='ocrx_word' id='word_1_428' title='bbox 1109 406 1195 438; x_wconf 73' lang='grc' dir='ltr'>οὐδεὶς</span> <span class='ocrx_word' id='word_1_429' title='bbox 1219 406 1331 434; x_wconf 80' lang='grc' dir='ltr'>δύναται</span> <span class='ocrx_word' id='word_1_430' title='bbox 1358 405 1449 432; x_wconf 80' lang='grc' dir='ltr'>λαϐεῖν</span> <span class='ocrx_word' id='word_1_431' title='bbox 1479 405 1516 440; x_wconf 79' lang='grc' dir='ltr'>μὴ</span> <span class='ocrx_word' id='word_1_432' title='bbox 1545 404 1688 431; x_wconf 81' lang='grc' dir='ltr'><strong>ἀναπεσὼν</strong></span> <span class='ocrx_word' id='word_1_433' title='bbox 1711 404 1759 430; x_wconf 74' lang='grc' dir='ltr'><strong>ἐπὶ</strong></span> <span class='ocrx_word' id='word_1_434' title='bbox 1782 403 1813 429; x_wconf 75' lang='grc' dir='ltr'><strong>το</strong></span> 
     </span>
    </p>
   </div>
   <div class='ocr_carea' id='block_1_58' title="bbox 1021 448 1812 488">
    <p class='ocr_par' dir='ltr' id='par_1_58' title="bbox 1021 448 1812 488">
     <span class='ocr_line' id='line_1_58' title="bbox 1021 448 1812 488; baseline -0.006 -9"><span class='ocrx_word' id='word_1_435' title='bbox 1021 452 1117 487; x_wconf 85' lang='grc' dir='ltr'>στῆθος</span> <span class='ocrx_word' id='word_1_436' title='bbox 1142 453 1240 488; x_wconf 83' lang='grc' dir='ltr'>Ἰησοῦ,</span> <span class='ocrx_word' id='word_1_437' title='bbox 1259 452 1326 488; x_wconf 82' lang='grc' dir='ltr'>μηδὲ</span> <span class='ocrx_word' id='word_1_438' title='bbox 1343 452 1433 478; x_wconf 76' lang='grc' dir='ltr'>λαϐὼν</span> <span class='ocrx_word' id='word_1_439' title='bbox 1455 451 1509 478; x_wconf 82' lang='grc' dir='ltr'>ἀπὸ</span> <span class='ocrx_word' id='word_1_440' title='bbox 1532 450 1618 486; x_wconf 87' lang='grc' dir='ltr'>Ἰησοῦ</span> <span class='ocrx_word' id='word_1_441' title='bbox 1634 450 1684 485; x_wconf 84' lang='grc' dir='ltr'>τὴν</span> <span class='ocrx_word' id='word_1_442' title='bbox 1698 448 1812 484; x_wconf 80' lang='grc' dir='ltr'>Μαρίαν</span> 
     </span>
    </p>
   </div>
   <div class='ocr_carea' id='block_1_59' title="bbox 1018 494 1812 534">
    <p class='ocr_par' dir='ltr' id='par_1_59' title="bbox 1018 494 1812 534">
     <span class='ocr_line' id='line_1_59' title="bbox 1018 494 1812 534; baseline -0.006 -9"><span class='ocrx_word' id='word_1_443' title='bbox 1018 498 1164 534; x_wconf 81' lang='grc' dir='ltr'>γινομένην</span> <span class='ocrx_word' id='word_1_444' title='bbox 1197 499 1244 525; x_wconf 83' lang='grc' dir='ltr'>καὶ</span> <span class='ocrx_word' id='word_1_445' title='bbox 1270 498 1354 525; x_wconf 82' lang='grc' dir='ltr'>αὑτοῦ</span> <span class='ocrx_word' id='word_1_446' title='bbox 1384 497 1499 533; x_wconf 80' lang='grc' dir='ltr'>μητέρα·</span> <span class='ocrx_word' id='word_1_447' title='bbox 1525 497 1572 523; x_wconf 75' lang='grc' dir='ltr'>καὶ</span> <span class='ocrx_word' id='word_1_448' title='bbox 1599 495 1759 530; x_wconf 81' lang='grc' dir='ltr'>τηλικοῦτον</span> <span class='ocrx_word' id='word_1_449' title='bbox 1784 494 1812 520; x_wconf 78' lang='grc' dir='ltr'><strong>δὲ</strong></span> 
     </span>
    </p>
   </div>
   <div class='ocr_carea' id='block_1_60' title="bbox 1019 540 1812 579">
    <p class='ocr_par' dir='ltr' id='par_1_60' title="bbox 1019 540 1812 579">
     <span class='ocr_line' id='line_1_60' title="bbox 1019 540 1812 579; baseline -0.006 -8"><span class='ocrx_word' id='word_1_450' title='bbox 1019 544 1146 578; x_wconf 80' lang='grc' dir='ltr'>γενέσθαι</span> <span class='ocrx_word' id='word_1_451' title='bbox 1172 545 1214 571; x_wconf 85' lang='grc' dir='ltr'><strong>δεῖ</strong></span> <span class='ocrx_word' id='word_1_452' title='bbox 1241 545 1286 572; x_wconf 85' lang='grc' dir='ltr'>τὸν</span> <span class='ocrx_word' id='word_1_453' title='bbox 1314 544 1441 579; x_wconf 77' lang='grc' dir='ltr'><strong>ἐσόμενον</strong></span> <span class='ocrx_word' id='word_1_454' title='bbox 1467 543 1546 570; x_wconf 75' lang='grc' dir='ltr'>ἄλλον</span> <span class='ocrx_word' id='word_1_455' title='bbox 1579 541 1714 577; x_wconf 81' lang='grc' dir='ltr'><strong>Ἰωάννην,</strong></span> <span class='ocrx_word' id='word_1_456' title='bbox 1741 540 1812 567; x_wconf 83' lang='grc' dir='ltr'>ὥστε</span> 
     </span>
    </p>
   </div>
   <div class='ocr_carea' id='block_1_61' title="bbox 1019 586 1814 625">
    <p class='ocr_par' dir='ltr' id='par_1_61' title="bbox 1019 586 1814 625">
     <span class='ocr_line' id='line_1_61' title="bbox 1019 586 1814 625; baseline -0.004 -10"><span class='ocrx_word' id='word_1_457' title='bbox 1019 590 1100 617; x_wconf 72' lang='grc' dir='ltr'>οἱονεὶ</span> <span class='ocrx_word' id='word_1_458' title='bbox 1127 590 1172 617; x_wconf 80' lang='grc' dir='ltr'>τὸν</span> <span class='ocrx_word' id='word_1_459' title='bbox 1205 590 1331 625; x_wconf 71' lang='grc' dir='ltr'>Ἰωάννην</span> <span class='ocrx_word' id='word_1_460' title='bbox 1363 588 1502 623; x_wconf 76' lang='grc' dir='ltr'><strong>δειχθῆναι</strong></span> <span class='ocrx_word' id='word_1_461' title='bbox 1531 587 1595 613; x_wconf 74' lang='grc' dir='ltr'>ὅντα</span> <span class='ocrx_word' id='word_1_462' title='bbox 1629 586 1732 621; x_wconf 78' lang='grc' dir='ltr'>Ἰησοῦν</span> <span class='ocrx_word' id='word_1_463' title='bbox 1759 586 1814 612; x_wconf 79' lang='grc' dir='ltr'>ἀπὸ</span> 
     </span>
    </p>
   </div>
   <div class='ocr_carea' id='block_1_62' title="bbox 1025 631 1814 671">
    <p class='ocr_par' dir='ltr' id='par_1_62' title="bbox 1025 631 1814 671">
     <span class='ocr_line' id='line_1_62' title="bbox 1025 631 1814 671; baseline -0.008 -9"><span class='ocrx_word' id='word_1_464' title='bbox 1025 635 1122 671; x_wconf 82' lang='grc' dir='ltr'>Ἰησοῦ.</span> <span class='ocrx_word' id='word_1_465' title='bbox 1142 636 1173 662; x_wconf 79' lang='grc' dir='ltr'><strong>Εἰ</strong></span> <span class='ocrx_word' id='word_1_466' title='bbox 1189 635 1243 671; x_wconf 84' lang='grc' dir='ltr'>γὰρ</span> <span class='ocrx_word' id='word_1_467' title='bbox 1258 636 1345 667; x_wconf 71' lang='grc' dir='ltr'>οὐδεὶς</span> <span class='ocrx_word' id='word_1_468' title='bbox 1361 635 1417 666; x_wconf 78' lang='grc' dir='ltr'>υἱὸς</span> <span class='ocrx_word' id='word_1_469' title='bbox 1432 633 1552 669; x_wconf 87' lang='grc' dir='ltr'>Μαρίας,</span> <span class='ocrx_word' id='word_1_470' title='bbox 1567 632 1638 659; x_wconf 80' lang='grc' dir='ltr'>κατὰ</span> <span class='ocrx_word' id='word_1_471' title='bbox 1651 632 1714 663; x_wconf 74' lang='grc' dir='ltr'>τοὺς</span> <span class='ocrx_word' id='word_1_472' title='bbox 1728 631 1814 665; x_wconf 84' lang='grc' dir='ltr'>ὑγιῶς</span> 
     </span>
    </p>
   </div>
   <div class='ocr_carea' id='block_1_63' title="bbox 1019 677 1814 717">
    <p class='ocr_par' dir='ltr' id='par_1_63' title="bbox 1019 677 1814 717">
     <span class='ocr_line' id='line_1_63' title="bbox 1019 677 1814 717; baseline -0.006 -9"><span class='ocrx_word' id='word_1_473' title='bbox 1019 683 1083 717; x_wconf 79' lang='grc' dir='ltr'>περὶ</span> <span class='ocrx_word' id='word_1_474' title='bbox 1100 682 1185 716; x_wconf 81' lang='grc' dir='ltr'>αὐτῆς</span> <span class='ocrx_word' id='word_1_475' title='bbox 1203 680 1363 714; x_wconf 80' lang='grc' dir='ltr'>δοξάζοντας</span> <span class='ocrx_word' id='word_1_476' title='bbox 1380 680 1446 716; x_wconf 76' lang='grc'>(52),</span> <span class='ocrx_word' id='word_1_477' title='bbox 1465 680 1481 715; x_wconf 83' lang='grc' dir='ltr'>ἦ</span> <span class='ocrx_word' id='word_1_478' title='bbox 1502 678 1614 715; x_wconf 76' lang='grc' dir='ltr'>Ἰησοῦς,</span> <span class='ocrx_word' id='word_1_479' title='bbox 1629 678 1695 713; x_wconf 71' lang='grc' dir='ltr'>φησὶ</span> <span class='ocrx_word' id='word_1_480' title='bbox 1709 677 1737 704; x_wconf 80' lang='grc' dir='ltr'><strong>δὲ</strong></span> <span class='ocrx_word' id='word_1_481' title='bbox 1759 678 1814 712; x_wconf 77' lang='grc' dir='ltr'><strong>ἰη-</strong></span> 
     </span>
    </p>
   </div>
   <div class='ocr_carea' id='block_1_64' title="bbox 1020 724 1815 763">
    <p class='ocr_par' dir='ltr' id='par_1_64' title="bbox 1020 724 1815 763">
     <span class='ocr_line' id='line_1_64' title="bbox 1020 724 1815 763; baseline -0.006 -9"><span class='ocrx_word' id='word_1_482' title='bbox 1020 727 1083 759; x_wconf 83' lang='grc' dir='ltr'>σοῦς</span> <span class='ocrx_word' id='word_1_483' title='bbox 1100 729 1132 763; x_wconf 83' lang='grc' dir='ltr'><strong>τῇ</strong></span> <span class='ocrx_word' id='word_1_484' title='bbox 1150 727 1249 763; x_wconf 82' lang='grc' dir='ltr'>μητρί·</span> <span class='ocrx_word' id='word_1_485' title='bbox 1273 727 1328 754; x_wconf 84' lang='grc' dir='ltr'><strong>Ἴδε</strong></span> <span class='ocrx_word' id='word_1_486' title='bbox 1342 728 1358 753; x_wconf 82' lang='grc' dir='ltr'><strong><em>ό</em></strong></span> <span class='ocrx_word' id='word_1_487' title='bbox 1374 727 1443 759; x_wconf 80' lang='grc' dir='ltr'>υἱός</span> <span class='ocrx_word' id='word_1_488' title='bbox 1456 734 1524 757; x_wconf 85' lang='grc' dir='ltr'>σου,</span> <span class='ocrx_word' id='word_1_489' title='bbox 1540 725 1585 751; x_wconf 80' lang='grc' dir='ltr'>καὶ</span> <span class='ocrx_word' id='word_1_490' title='bbox 1598 725 1674 760; x_wconf 75' lang='grc' dir='ltr'>οὐχί·</span> <span class='ocrx_word' id='word_1_491' title='bbox 1695 724 1748 750; x_wconf 82' lang='grc' dir='ltr'><strong>Ἴδε</strong></span> <span class='ocrx_word' id='word_1_492' title='bbox 1766 724 1815 750; x_wconf 72' lang='grc' dir='ltr'><strong>καὶ</strong></span> 
     </span>
    </p>
   </div>
   <div class='ocr_carea' id='block_1_65' title="bbox 1018 769 1813 808">
    <p class='ocr_par' dir='ltr' id='par_1_65' title="bbox 1018 769 1813 808">
     <span class='ocr_line' id='line_1_65' title="bbox 1018 769 1813 808; baseline -0.004 -8"><span class='ocrx_word' id='word_1_493' title='bbox 1018 770 1096 805; x_wconf 73' lang='grc' dir='ltr'>οὗτος</span> <span class='ocrx_word' id='word_1_494' title='bbox 1121 773 1178 805; x_wconf 80' lang='grc' dir='ltr'>υἱός</span> <span class='ocrx_word' id='word_1_495' title='bbox 1206 781 1269 799; x_wconf 85' lang='grc' dir='ltr'>σου·</span> <span class='ocrx_word' id='word_1_496' title='bbox 1292 773 1349 800; x_wconf 88' lang='grc' dir='ltr'>ῐσον</span> <span class='ocrx_word' id='word_1_497' title='bbox 1372 772 1466 808; x_wconf 80' lang='grc' dir='ltr'>εἴρηκε</span> <span class='ocrx_word' id='word_1_498' title='bbox 1487 771 1537 807; x_wconf 82' lang='grc' dir='ltr'><strong>τῷ·</strong></span> <span class='ocrx_word' id='word_1_499' title='bbox 1563 771 1615 797; x_wconf 84' lang='grc' dir='ltr'><strong>Ἴδε</strong></span> <span class='ocrx_word' id='word_1_500' title='bbox 1637 769 1715 802; x_wconf 78' lang='grc' dir='ltr'>οὗτός</span> <span class='ocrx_word' id='word_1_501' title='bbox 1737 771 1813 797; x_wconf 78' lang='grc' dir='ltr'>ἐστιν</span> 
     </span>
    </p>
   </div>
   <div class='ocr_carea' id='block_1_66' title="bbox 1026 817 1814 856">
    <p class='ocr_par' dir='ltr' id='par_1_66' title="bbox 1026 817 1814 856">
     <span class='ocr_line' id='line_1_66' title="bbox 1026 817 1814 856; baseline -0.005 -10"><span class='ocrx_word' id='word_1_502' title='bbox 1026 819 1129 856; x_wconf 87' lang='grc' dir='ltr'>Ἰησοῦς</span> <span class='ocrx_word' id='word_1_503' title='bbox 1151 820 1181 846; x_wconf 81' lang='grc' dir='ltr'>ὃν</span> <span class='ocrx_word' id='word_1_504' title='bbox 1195 820 1352 856; x_wconf 73' lang='grc' dir='ltr'>ἐγέννησας.</span> <span class='ocrx_word' id='word_1_505' title='bbox 1367 819 1422 846; x_wconf 74' lang='grc' dir='ltr'><strong>Καὶ</strong></span> <span class='ocrx_word' id='word_1_506' title='bbox 1438 819 1492 854; x_wconf 86' lang='grc' dir='ltr'><strong>γὰρ</strong></span> <span class='ocrx_word' id='word_1_507' title='bbox 1507 819 1561 850; x_wconf 84' lang='grc' dir='ltr'><strong>πᾶς</strong></span> <span class='ocrx_word' id='word_1_508' title='bbox 1574 818 1588 844; x_wconf 87' lang='grc' dir='ltr'><strong>ὁ</strong></span> <span class='ocrx_word' id='word_1_509' title='bbox 1604 817 1814 852; x_wconf 83' lang='grc' dir='ltr'>τετελειωμένος</span> 
     </span>
    </p>
   </div>
   <div class='ocr_carea' id='block_1_67' title="bbox 1021 863 1815 901">
    <p class='ocr_par' dir='ltr' id='par_1_67' title="bbox 1021 863 1815 901">
     <span class='ocr_line' id='line_1_67' title="bbox 1021 863 1815 901; baseline -0.004 -8"><span class='ocrx_word' id='word_1_510' title='bbox 1021 865 1053 901; x_wconf 71' lang='grc' dir='ltr'><strong>ζῇ</strong></span> <span class='ocrx_word' id='word_1_511' title='bbox 1069 866 1170 898; x_wconf 79' lang='grc' dir='ltr'>οὐκέτι,</span> <span class='ocrx_word' id='word_1_512' title='bbox 1184 865 1241 892; x_wconf 85' lang='grc' dir='ltr'>ἀλλ’</span> <span class='ocrx_word' id='word_1_513' title='bbox 1257 865 1286 891; x_wconf 78' lang='grc' dir='ltr'>ἐν</span> <span class='ocrx_word' id='word_1_514' title='bbox 1302 865 1377 900; x_wconf 81' lang='grc' dir='ltr'>αὐτῷ</span> <span class='ocrx_word' id='word_1_515' title='bbox 1394 865 1426 899; x_wconf 81' lang='grc' dir='ltr'><strong>ζῇ</strong></span> <span class='ocrx_word' id='word_1_516' title='bbox 1443 865 1569 900; x_wconf 84' lang='grc' dir='ltr'>Χριστός·</span> <span class='ocrx_word' id='word_1_517' title='bbox 1590 863 1638 890; x_wconf 72' lang='grc' dir='ltr'>καὶ</span> <span class='ocrx_word' id='word_1_518' title='bbox 1655 863 1715 889; x_wconf 71' lang='grc' dir='ltr'>ἐπεὶ</span> <span class='ocrx_word' id='word_1_519' title='bbox 1732 863 1765 898; x_wconf 79' lang='grc' dir='ltr'><strong>ζῇ</strong></span> <span class='ocrx_word' id='word_1_520' title='bbox 1783 864 1815 890; x_wconf 79' lang='grc' dir='ltr'>ἐν</span> 
     </span>
    </p>
   </div>
   <div class='ocr_carea' id='block_1_68' title="bbox 1021 908 1816 946">
    <p class='ocr_par' dir='ltr' id='par_1_68' title="bbox 1021 908 1816 946">
     <span class='ocr_line' id='line_1_68' title="bbox 1021 908 1816 946; baseline -0.004 -9"><span class='ocrx_word' id='word_1_521' title='bbox 1021 911 1095 946; x_wconf 77' lang='grc' dir='ltr'>αὐτῷ</span> <span class='ocrx_word' id='word_1_522' title='bbox 1109 911 1236 946; x_wconf 84' lang='grc' dir='ltr'>Χριστὸς,</span> <span class='ocrx_word' id='word_1_523' title='bbox 1253 910 1360 944; x_wconf 87' lang='grc' dir='ltr'>λέγεται</span> <span class='ocrx_word' id='word_1_524' title='bbox 1375 910 1438 946; x_wconf 75' lang='grc' dir='ltr'>περὶ</span> <span class='ocrx_word' id='word_1_525' title='bbox 1453 909 1534 936; x_wconf 84' lang='grc' dir='ltr'>αὐτοῦ</span> <span class='ocrx_word' id='word_1_526' title='bbox 1547 910 1580 944; x_wconf 87' lang='grc' dir='ltr'>τῇ</span> <span class='ocrx_word' id='word_1_527' title='bbox 1598 908 1693 944; x_wconf 80' lang='grc' dir='ltr'>Μαρίᾳ</span> <span class='ocrx_word' id='word_1_528' title='bbox 1703 917 1709 923; x_wconf 89' lang='grc'><strong>·</strong></span> <span class='ocrx_word' id='word_1_529' title='bbox 1730 909 1784 935; x_wconf 76' lang='grc' dir='ltr'>Ἴδε</span> <span class='ocrx_word' id='word_1_530' title='bbox 1800 910 1816 935; x_wconf 84' lang='grc' dir='ltr'>ὁ</span> 
     </span>
    </p>
   </div>
   <div class='ocr_carea' id='block_1_69' title="bbox 1021 955 1816 992">
    <p class='ocr_par' dir='ltr' id='par_1_69' title="bbox 1021 955 1816 992">
     <span class='ocr_line' id='line_1_69' title="bbox 1021 955 1816 992; baseline -0.004 -8"><span class='ocrx_word' id='word_1_531' title='bbox 1021 958 1078 989; x_wconf 79' lang='grc' dir='ltr'>υἱός</span> <span class='ocrx_word' id='word_1_532' title='bbox 1093 966 1138 984; x_wconf 82' lang='grc' dir='ltr'><strong>σου</strong></span> <span class='ocrx_word' id='word_1_533' title='bbox 1154 958 1168 983; x_wconf 85' lang='grc' dir='ltr'>ὁ</span> <span class='ocrx_word' id='word_1_534' title='bbox 1182 956 1309 992; x_wconf 82' lang='grc' dir='ltr'>Χριστός.</span> <span class='ocrx_word' id='word_1_535' title='bbox 1330 956 1437 982; x_wconf 84' lang='grc' dir='ltr'>Ἡλίκου</span> <span class='ocrx_word' id='word_1_536' title='bbox 1452 955 1540 981; x_wconf 79' lang='grc' dir='ltr'>τοίνυν</span> <span class='ocrx_word' id='word_1_537' title='bbox 1554 955 1600 982; x_wconf 88' lang='grc' dir='ltr'><strong>νοῦ</strong></span> <span class='ocrx_word' id='word_1_538' title='bbox 1618 956 1684 990; x_wconf 81' lang='grc' dir='ltr'>ἡμῖν</span> <span class='ocrx_word' id='word_1_539' title='bbox 1699 955 1749 986; x_wconf 85' lang='grc' dir='ltr'>δεῖ,</span> <span class='ocrx_word' id='word_1_540' title='bbox 1770 955 1816 981; x_wconf 84' lang='grc' dir='ltr'><strong>ἴνα</strong></span> 
     </span>
    </p>
   </div>
   <div class='ocr_carea' id='block_1_70' title="bbox 1021 999 1817 1037">
    <p class='ocr_par' dir='ltr' id='par_1_70' title="bbox 1021 999 1817 1037">
     <span class='ocr_line' id='line_1_70' title="bbox 1021 999 1817 1037; baseline -0.005 -7"><span class='ocrx_word' id='word_1_541' title='bbox 1021 1003 1065 1029; x_wconf 81' lang='grc' dir='ltr'>τὸν</span> <span class='ocrx_word' id='word_1_542' title='bbox 1080 1005 1109 1030; x_wconf 82' lang='grc' dir='ltr'>ὲν</span> <span class='ocrx_word' id='word_1_543' title='bbox 1128 1004 1184 1034; x_wconf 85' lang='grc' dir='ltr'>τοῖς</span> <span class='ocrx_word' id='word_1_544' title='bbox 1198 1002 1370 1037; x_wconf 80' lang='grc' dir='ltr'>ὀστρακίνοις</span> <span class='ocrx_word' id='word_1_545' title='bbox 1385 1001 1435 1036; x_wconf 83' lang='grc' dir='ltr'>τῆς</span> <span class='ocrx_word' id='word_1_546' title='bbox 1456 1000 1581 1032; x_wconf 79' lang='grc' dir='ltr'><strong>εὐτελοῦς</strong></span> <span class='ocrx_word' id='word_1_547' title='bbox 1597 999 1695 1032; x_wconf 76' lang='grc' dir='ltr'>λέξεως</span> <span class='ocrx_word' id='word_1_548' title='bbox 1710 1000 1817 1036; x_wconf 82' lang='grc' dir='ltr'>θησαυ-</span> 
     </span>
    </p>
   </div>
   <div class='ocr_carea' id='block_1_71' title="bbox 1022 1045 1816 1086">
    <p class='ocr_par' dir='ltr' id='par_1_71' title="bbox 1022 1045 1816 1086">
     <span class='ocr_line' id='line_1_71' title="bbox 1022 1045 1816 1086; baseline -0.006 -10"><span class='ocrx_word' id='word_1_549' title='bbox 1022 1049 1079 1086; x_wconf 87' lang='grc' dir='ltr'>ροῖς</span> <span class='ocrx_word' id='word_1_550' title='bbox 1100 1049 1313 1084; x_wconf 83' lang='grc' dir='ltr'>ὲναποκείμενον</span> <span class='ocrx_word' id='word_1_551' title='bbox 1335 1048 1413 1082; x_wconf 85' lang='grc' dir='ltr'>λόγον</span> <span class='ocrx_word' id='word_1_552' title='bbox 1428 1047 1483 1083; x_wconf 76' lang='grc'>(55)</span> <span class='ocrx_word' id='word_1_553' title='bbox 1497 1047 1544 1073; x_wconf 86' lang='grc' dir='ltr'><strong>τοῦ</strong></span> <span class='ocrx_word' id='word_1_554' title='bbox 1564 1046 1617 1072; x_wconf 83' lang='grc' dir='ltr'><strong>ὑπὸ</strong></span> <span class='ocrx_word' id='word_1_555' title='bbox 1631 1045 1740 1072; x_wconf 81' lang='grc' dir='ltr'>πάντων</span> <span class='ocrx_word' id='word_1_556' title='bbox 1757 1046 1816 1072; x_wconf 80' lang='grc' dir='ltr'><strong>τῶν</strong></span> 
     </span>
    </p>
   </div>
   <div class='ocr_carea' id='block_1_72' title="bbox 1021 1092 1818 1131">
    <p class='ocr_par' dir='ltr' id='par_1_72' title="bbox 1021 1092 1818 1131">
     <span class='ocr_line' id='line_1_72' title="bbox 1021 1092 1818 1131; baseline -0.006 -8"><span class='ocrx_word' id='word_1_557' title='bbox 1021 1096 1240 1131; x_wconf 74' lang='grc' dir='ltr'>ἐντυγχανόντων</span> <span class='ocrx_word' id='word_1_558' title='bbox 1272 1094 1528 1129; x_wconf 85' lang='grc' dir='ltr'>ἀναγινωσκομένου</span> <span class='ocrx_word' id='word_1_559' title='bbox 1558 1093 1733 1130; x_wconf 82' lang='grc' dir='ltr'>γράμματος,</span> <span class='ocrx_word' id='word_1_560' title='bbox 1768 1092 1818 1118; x_wconf 76' lang='grc' dir='ltr'>καὶ</span> 
     </span>
    </p>
   </div>
   <div class='ocr_carea' id='block_1_73' title="bbox 1022 1139 1816 1178">
    <p class='ocr_par' dir='ltr' id='par_1_73' title="bbox 1022 1139 1816 1178">
     <span class='ocr_line' id='line_1_73' title="bbox 1022 1139 1816 1178; baseline -0.006 -9"><span class='ocrx_word' id='word_1_561' title='bbox 1022 1142 1075 1169; x_wconf 76' lang='grc' dir='ltr'><strong>ὑπὸ</strong></span> <span class='ocrx_word' id='word_1_562' title='bbox 1094 1143 1202 1169; x_wconf 81' lang='grc' dir='ltr'>πάντων</span> <span class='ocrx_word' id='word_1_563' title='bbox 1224 1141 1277 1168; x_wconf 83' lang='grc' dir='ltr'>τῶν</span> <span class='ocrx_word' id='word_1_564' title='bbox 1293 1141 1466 1178; x_wconf 79' lang='grc' dir='ltr'>παρεχόντων</span> <span class='ocrx_word' id='word_1_565' title='bbox 1482 1141 1532 1169; x_wconf 73' lang='grc' dir='ltr'><strong>τὰς</strong></span> <span class='ocrx_word' id='word_1_566' title='bbox 1549 1139 1710 1175; x_wconf 80' lang='grc' dir='ltr'>σωματικὰς</span> <span class='ocrx_word' id='word_1_567' title='bbox 1728 1139 1816 1170; x_wconf 75' lang='grc' dir='ltr'>ἀκοὰς</span> 
     </span>
    </p>
   </div>
   <div class='ocr_carea' id='block_1_74' title="bbox 1023 1185 1816 1223">
    <p class='ocr_par' dir='ltr' id='par_1_74' title="bbox 1023 1185 1816 1223">
     <span class='ocr_line' id='line_1_74' title="bbox 1023 1185 1816 1223; baseline -0.005 -8"><span class='ocrx_word' id='word_1_568' title='bbox 1023 1188 1200 1223; x_wconf 84' lang='grc' dir='ltr'>ἀκουομένου,</span> <span class='ocrx_word' id='word_1_569' title='bbox 1210 1187 1340 1222; x_wconf 79' lang='grc' dir='ltr'>αἰσθητοῦ</span> <span class='ocrx_word' id='word_1_570' title='bbox 1353 1187 1396 1214; x_wconf 83' lang='grc' dir='ltr'>διὰ</span> <span class='ocrx_word' id='word_1_571' title='bbox 1408 1187 1499 1222; x_wconf 80' lang='grc' dir='ltr'>φωνῆς</span> <span class='ocrx_word' id='word_1_572' title='bbox 1510 1186 1601 1221; x_wconf 82' lang='grc' dir='ltr'>λόγου,</span> <span class='ocrx_word' id='word_1_573' title='bbox 1615 1185 1739 1213; x_wconf 77' lang='grc' dir='ltr'>ἐκλαϐεῖν</span> <span class='ocrx_word' id='word_1_574' title='bbox 1753 1186 1816 1211; x_wconf 78' lang='grc' dir='ltr'>κατ’</span> 
     </span>
    </p>
   </div>
   <div class='ocr_carea' id='block_1_75' title="bbox 1022 1231 1817 1269">
    <p class='ocr_par' dir='ltr' id='par_1_75' title="bbox 1022 1231 1817 1269">
     <span class='ocr_line' id='line_1_75' title="bbox 1022 1231 1817 1269; baseline -0.004 -9"><span class='ocrx_word' id='word_1_575' title='bbox 1022 1234 1099 1266; x_wconf 81' lang='grc' dir='ltr'>ἀξίαν</span> <span class='ocrx_word' id='word_1_576' title='bbox 1113 1233 1281 1269; x_wconf 81' lang='grc' dir='ltr'>δυνηθῶμεν,</span> <span class='ocrx_word' id='word_1_577' title='bbox 1292 1233 1318 1259; x_wconf 83' lang='grc' dir='ltr'><strong>τί</strong></span> <span class='ocrx_word' id='word_1_578' title='bbox 1329 1233 1369 1260; x_wconf 85' lang='grc' dir='ltr'><strong>δεῖ</strong></span> <span class='ocrx_word' id='word_1_579' title='bbox 1379 1233 1426 1260; x_wconf 81' lang='grc' dir='ltr'>καὶ</span> <span class='ocrx_word' id='word_1_580' title='bbox 1433 1233 1522 1266; x_wconf 84' lang='grc' dir='ltr'>λέγειν</span> <span class='ocrx_word' id='word_1_581' title='bbox 1533 1241 1540 1265; x_wconf 88' lang='grc'>;</span> <span class='ocrx_word' id='word_1_582' title='bbox 1555 1232 1606 1258; x_wconf 83' lang='grc' dir='ltr'><strong>Τὸν</strong></span> <span class='ocrx_word' id='word_1_583' title='bbox 1617 1232 1672 1267; x_wconf 79' lang='grc' dir='ltr'><strong>γὰρ</strong></span> <span class='ocrx_word' id='word_1_584' title='bbox 1683 1231 1817 1266; x_wconf 78' lang='grc' dir='ltr'>μέλλοντα</span> 
     </span>
    </p>
   </div>
   <div class='ocr_carea' id='block_1_76' title="bbox 1022 1278 1818 1315">
    <p class='ocr_par' dir='ltr' id='par_1_76' title="bbox 1022 1278 1818 1315">
     <span class='ocr_line' id='line_1_76' title="bbox 1022 1278 1818 1315; baseline -0.004 -9"><span class='ocrx_word' id='word_1_585' title='bbox 1022 1280 1108 1306; x_wconf 85' lang='grc' dir='ltr'>ταῦτα</span> <span class='ocrx_word' id='word_1_586' title='bbox 1123 1279 1246 1315; x_wconf 69' lang='grc' dir='ltr'>ἀκριϐῶς</span> <span class='ocrx_word' id='word_1_587' title='bbox 1259 1279 1480 1315; x_wconf 74' lang='grc' dir='ltr'>καταλαμϐάνειν</span> <span class='ocrx_word' id='word_1_588' title='bbox 1496 1279 1565 1314; x_wconf 86' lang='grc' dir='ltr'>μετὰ</span> <span class='ocrx_word' id='word_1_589' title='bbox 1579 1278 1709 1314; x_wconf 80' lang='grc' dir='ltr'>ἀληθείας</span> <span class='ocrx_word' id='word_1_590' title='bbox 1724 1279 1818 1304; x_wconf 77' lang='grc' dir='ltr'>εἰπεῖν</span> 
     </span>
    </p>
   </div>
   <div class='ocr_carea' id='block_1_77' title="bbox 1021 1324 1818 1360">
    <p class='ocr_par' dir='ltr' id='par_1_77' title="bbox 1021 1324 1818 1360">
     <span class='ocr_line' id='line_1_77' title="bbox 1021 1324 1818 1360; baseline -0.003 -8"><span class='ocrx_word' id='word_1_591' title='bbox 1021 1325 1070 1352; x_wconf 84' lang='grc' dir='ltr'><strong>δεῖ·</strong></span> <span class='ocrx_word' id='word_1_592' title='bbox 1092 1325 1188 1360; x_wconf 83' lang='grc' dir='ltr'>Ἡμεῖς</span> <span class='ocrx_word' id='word_1_593' title='bbox 1202 1325 1236 1352; x_wconf 84' lang='grc' dir='ltr'><strong>δὲ</strong></span> <span class='ocrx_word' id='word_1_594' title='bbox 1249 1325 1325 1352; x_wconf 78' lang='grc' dir='ltr'>νοῦν</span> <span class='ocrx_word' id='word_1_595' title='bbox 1346 1325 1475 1359; x_wconf 64' lang='lat' dir='ltr'><strong>Xpto’roﬁ</strong></span> <span class='ocrx_word' id='word_1_596' title='bbox 1491 1326 1609 1360; x_wconf 79' lang='grc' dir='ltr'>ἔχομεν,</span> <span class='ocrx_word' id='word_1_597' title='bbox 1625 1325 1675 1351; x_wconf 77' lang='grc' dir='ltr'>ἵνα</span> <span class='ocrx_word' id='word_1_598' title='bbox 1690 1324 1818 1358; x_wconf 77' lang='grc' dir='ltr'>εἰδῶμεν</span> 
     </span>
    </p>
   </div>
   <div class='ocr_carea' id='block_1_78' title="bbox 1022 1369 1818 1405">
    <p class='ocr_par' dir='ltr' id='par_1_78' title="bbox 1022 1369 1818 1405">
     <span class='ocr_line' id='line_1_78' title="bbox 1022 1369 1818 1405; baseline -0.004 -7"><span class='ocrx_word' id='word_1_599' title='bbox 1022 1371 1057 1398; x_wconf 87' lang='grc' dir='ltr'>τὰ</span> <span class='ocrx_word' id='word_1_600' title='bbox 1067 1371 1125 1398; x_wconf 77' lang='grc' dir='ltr'><strong>ὑπὸ</strong></span> <span class='ocrx_word' id='word_1_601' title='bbox 1139 1371 1191 1398; x_wconf 80' lang='grc' dir='ltr'><strong>τοῦ</strong></span> <span class='ocrx_word' id='word_1_602' title='bbox 1205 1370 1278 1398; x_wconf 84' lang='grc' dir='ltr'>Θεοῦ</span> <span class='ocrx_word' id='word_1_603' title='bbox 1295 1370 1475 1404; x_wconf 78' lang='grc' dir='ltr'>χαρισθέντα</span> <span class='ocrx_word' id='word_1_604' title='bbox 1491 1370 1573 1405; x_wconf 71' lang='grc' dir='ltr'><strong>ἡμῖν.</strong></span> <span class='ocrx_word' id='word_1_605' title='bbox 1593 1371 1671 1396; x_wconf 83' lang='grc' dir='ltr'>Ἐστι</span> <span class='ocrx_word' id='word_1_606' title='bbox 1688 1369 1716 1396; x_wconf 85' lang='grc' dir='ltr'>δὲ</span> <span class='ocrx_word' id='word_1_607' title='bbox 1732 1377 1818 1405; x_wconf 75' lang='grc' dir='ltr'>προσ-</span> 
     </span>
    </p>
   </div>
   <div class='ocr_carea' id='block_1_79' title="bbox 1022 1413 1817 1452">
    <p class='ocr_par' dir='ltr' id='par_1_79' title="bbox 1022 1413 1817 1452">
     <span class='ocr_line' id='line_1_79' title="bbox 1022 1413 1817 1452; baseline -0.003 -9"><span class='ocrx_word' id='word_1_608' title='bbox 1022 1417 1137 1452; x_wconf 86' lang='grc' dir='ltr'>αχθῆναι</span> <span class='ocrx_word' id='word_1_609' title='bbox 1161 1416 1215 1443; x_wconf 76' lang='grc' dir='ltr'><strong>ἀπὸ</strong></span> <span class='ocrx_word' id='word_1_610' title='bbox 1235 1416 1289 1443; x_wconf 83' lang='grc' dir='ltr'>τῶν</span> <span class='ocrx_word' id='word_1_611' title='bbox 1312 1417 1364 1443; x_wconf 71' lang='grc' dir='ltr'><strong>ὑπὸ</strong></span> <span class='ocrx_word' id='word_1_612' title='bbox 1381 1416 1487 1442; x_wconf 80' lang='grc' dir='ltr'>Παύλου</span> <span class='ocrx_word' id='word_1_613' title='bbox 1509 1416 1663 1452; x_wconf 80' lang='grc' dir='ltr'>λεγομένων</span> <span class='ocrx_word' id='word_1_614' title='bbox 1686 1415 1751 1451; x_wconf 75' lang='grc' dir='ltr'>περὶ</span> <span class='ocrx_word' id='word_1_615' title='bbox 1768 1413 1817 1441; x_wconf 73' lang='grc' dir='ltr'><strong>τοῦ</strong></span> 
     </span>
    </p>
   </div>
   <div class='ocr_carea' id='block_1_80' title="bbox 1023 1461 1818 1499">
    <p class='ocr_par' dir='ltr' id='par_1_80' title="bbox 1023 1461 1818 1499">
     <span class='ocr_line' id='line_1_80' title="bbox 1023 1461 1818 1499; baseline -0.003 -9"><span class='ocrx_word' id='word_1_616' title='bbox 1023 1464 1112 1490; x_wconf 77' lang='grc' dir='ltr'>πᾶσαν</span> <span class='ocrx_word' id='word_1_617' title='bbox 1125 1463 1175 1499; x_wconf 80' lang='grc' dir='ltr'>τὴν</span> <span class='ocrx_word' id='word_1_618' title='bbox 1188 1463 1292 1498; x_wconf 83' lang='grc' dir='ltr'>Καινὴν</span> <span class='ocrx_word' id='word_1_619' title='bbox 1307 1461 1375 1489; x_wconf 81' lang='grc' dir='ltr'>εἶναι</span> <span class='ocrx_word' id='word_1_620' title='bbox 1389 1462 1422 1489; x_wconf 79' lang='grc' dir='ltr'><strong>τὰ</strong></span> <span class='ocrx_word' id='word_1_621' title='bbox 1434 1462 1588 1497; x_wconf 80' lang='grc' dir='ltr'>Εὑαγγέλια</span> <span class='ocrx_word' id='word_1_622' title='bbox 1602 1461 1668 1497; x_wconf 76' lang='grc'>(54),</span> <span class='ocrx_word' id='word_1_623' title='bbox 1685 1463 1748 1488; x_wconf 74' lang='grc' dir='ltr'>ὅταν</span> <span class='ocrx_word' id='word_1_624' title='bbox 1762 1469 1818 1489; x_wconf 70' lang='grc' dir='ltr'><strong>που</strong></span> 
     </span>
    </p>
   </div>
   <div class='ocr_carea' id='block_1_81' title="bbox 984 1508 1819 1555">
    <p class='ocr_par' dir='ltr' id='par_1_81' title="bbox 984 1508 1819 1555">
     <span class='ocr_line' id='line_1_81' title="bbox 984 1508 1819 1555; baseline -0.002 -19"><span class='ocrx_word' id='word_1_625' title='bbox 984 1527 1006 1555; x_wconf 78' lang='lat' dir='ltr'><strong><em>C</em></strong></span> <span class='ocrx_word' id='word_1_626' title='bbox 1022 1509 1132 1545; x_wconf 50' lang='grc' dir='ltr'>γράφῃ</span> <span class='ocrx_word' id='word_1_627' title='bbox 1156 1509 1237 1536; x_wconf 85' lang='grc' dir='ltr'><strong>Κατὰ</strong></span> <span class='ocrx_word' id='word_1_628' title='bbox 1263 1509 1295 1535; x_wconf 83' lang='grc' dir='ltr'>τὸ</span> <span class='ocrx_word' id='word_1_629' title='bbox 1322 1508 1505 1544; x_wconf 57' lang='grc' dir='ltr'>Εὐαγγέλιόν</span> <span class='ocrx_word' id='word_1_630' title='bbox 1527 1509 1644 1555; x_wconf 27' lang='grc' dir='ltr'>μου-ἐν</span> <span class='ocrx_word' id='word_1_631' title='bbox 1667 1508 1819 1555; x_wconf 73' lang='grc' dir='ltr'>γράμμασι</span> 
     </span>
    </p>
   </div>
   <div class='ocr_carea' id='block_1_82' title="bbox 1023 1553 1812 1590">
    <p class='ocr_par' dir='ltr' id='par_1_82' title="bbox 1023 1553 1812 1590">
     <span class='ocr_line' id='line_1_82' title="bbox 1023 1553 1812 1590; baseline -0.001 -10"><span class='ocrx_word' id='word_1_632' title='bbox 1023 1554 1077 1589; x_wconf 75' lang='grc' dir='ltr'><strong>γὰρ</strong></span> <span class='ocrx_word' id='word_1_633' title='bbox 1089 1554 1196 1580; x_wconf 82' lang='grc' dir='ltr'>Παύλου</span> <span class='ocrx_word' id='word_1_634' title='bbox 1208 1555 1257 1581; x_wconf 73' lang='grc' dir='ltr'><strong>οὐκ</strong></span> <span class='ocrx_word' id='word_1_635' title='bbox 1273 1554 1370 1590; x_wconf 75' lang='grc' dir='ltr'>ἔχομεν</span> <span class='ocrx_word' id='word_1_636' title='bbox 1387 1554 1488 1590; x_wconf 77' lang='grc' dir='ltr'>βιϐλίον</span> <span class='ocrx_word' id='word_1_637' title='bbox 1505 1553 1669 1588; x_wconf 79' lang='grc' dir='ltr'>Εὑαγγέλιον</span> <span class='ocrx_word' id='word_1_638' title='bbox 1684 1553 1812 1588; x_wconf 79' lang='grc' dir='ltr'>συνήθως</span> 
     </span>
    </p>
   </div>
   <div class='ocr_carea' id='block_1_83' title="bbox 1023 1598 1818 1635">
    <p class='ocr_par' dir='ltr' id='par_1_83' title="bbox 1023 1598 1818 1635">
     <span class='ocr_line' id='line_1_83' title="bbox 1023 1598 1818 1635; baseline -0.005 -8"><span class='ocrx_word' id='word_1_639' title='bbox 1023 1600 1199 1635; x_wconf 80' lang='grc' dir='ltr'>καλούμενον.</span> <span class='ocrx_word' id='word_1_640' title='bbox 1229 1600 1309 1626; x_wconf 82' lang='grc' dir='ltr'>Ἀλλά</span> <span class='ocrx_word' id='word_1_641' title='bbox 1331 1601 1384 1626; x_wconf 81' lang='grc' dir='ltr'>πᾶν</span> <span class='ocrx_word' id='word_1_642' title='bbox 1407 1599 1421 1626; x_wconf 82' lang='grc' dir='ltr'>ὃ</span> <span class='ocrx_word' id='word_1_643' title='bbox 1445 1600 1579 1635; x_wconf 72' lang='grc' dir='ltr'>ἐκήρυσσε</span> <span class='ocrx_word' id='word_1_644' title='bbox 1605 1599 1650 1625; x_wconf 78' lang='grc' dir='ltr'>καὶ</span> <span class='ocrx_word' id='word_1_645' title='bbox 1672 1598 1759 1632; x_wconf 74' lang='grc' dir='ltr'>ἔλεγε,</span> <span class='ocrx_word' id='word_1_646' title='bbox 1783 1598 1818 1624; x_wconf 80' lang='grc' dir='ltr'>τὸ</span> 
     </span>
    </p>
   </div>
   <div class='ocr_carea' id='block_1_84' title="bbox 1023 1643 1816 1681">
    <p class='ocr_par' dir='ltr' id='par_1_84' title="bbox 1023 1643 1816 1681">
     <span class='ocr_line' id='line_1_84' title="bbox 1023 1643 1816 1681; baseline -0.001 -10"><span class='ocrx_word' id='word_1_647' title='bbox 1023 1646 1188 1680; x_wconf 81' lang='grc' dir='ltr'>Εὐαγγέλιον</span> <span class='ocrx_word' id='word_1_648' title='bbox 1199 1643 1242 1681; x_wconf 85' lang='grc' dir='ltr'>ἧν·</span> <span class='ocrx_word' id='word_1_649' title='bbox 1261 1645 1278 1672; x_wconf 83' lang='grc' dir='ltr'>ἃ</span> <span class='ocrx_word' id='word_1_650' title='bbox 1293 1646 1339 1672; x_wconf 75' lang='grc' dir='ltr'>καὶ</span> <span class='ocrx_word' id='word_1_651' title='bbox 1354 1646 1490 1680; x_wconf 75' lang='grc' dir='ltr'><strong>ἐκήρυσσε</strong></span> <span class='ocrx_word' id='word_1_652' title='bbox 1507 1646 1552 1671; x_wconf 80' lang='grc' dir='ltr'>καὶ</span> <span class='ocrx_word' id='word_1_653' title='bbox 1563 1644 1648 1678; x_wconf 77' lang='grc' dir='ltr'>ἔλεγε,</span> <span class='ocrx_word' id='word_1_654' title='bbox 1666 1643 1753 1670; x_wconf 86' lang='grc' dir='ltr'>ταῦτα</span> <span class='ocrx_word' id='word_1_655' title='bbox 1768 1643 1816 1670; x_wconf 64' lang='grc' dir='ltr'>καὶ</span> 
     </span>
    </p>
   </div>
   <div class='ocr_carea' id='block_1_85' title="bbox 1023 1688 1818 1727">
    <p class='ocr_par' dir='ltr' id='par_1_85' title="bbox 1023 1688 1818 1727">
     <span class='ocr_line' id='line_1_85' title="bbox 1023 1688 1818 1727; baseline -0.003 -10"><span class='ocrx_word' id='word_1_656' title='bbox 1023 1691 1142 1726; x_wconf 75' lang='grc' dir='ltr'>ἔγραφε·</span> <span class='ocrx_word' id='word_1_657' title='bbox 1158 1692 1205 1718; x_wconf 77' lang='grc' dir='ltr'>καὶ</span> <span class='ocrx_word' id='word_1_658' title='bbox 1224 1691 1242 1718; x_wconf 80' lang='grc' dir='ltr'>ἃ</span> <span class='ocrx_word' id='word_1_659' title='bbox 1258 1691 1361 1726; x_wconf 75' lang='grc' dir='ltr'>ἔγραφε</span> <span class='ocrx_word' id='word_1_660' title='bbox 1377 1692 1430 1727; x_wconf 82' lang='grc' dir='ltr'>ἄρα</span> <span class='ocrx_word' id='word_1_661' title='bbox 1446 1691 1609 1725; x_wconf 81' lang='grc' dir='ltr'>Εὑαγγέλιον</span> <span class='ocrx_word' id='word_1_662' title='bbox 1624 1688 1670 1725; x_wconf 83' lang='grc' dir='ltr'><strong>ἦν,</strong></span> <span class='ocrx_word' id='word_1_663' title='bbox 1689 1691 1721 1716; x_wconf 78' lang='lat' dir='ltr'><strong>El</strong></span> <span class='ocrx_word' id='word_1_664' title='bbox 1735 1690 1763 1715; x_wconf 57' lang='lat' dir='ltr'><strong>se</strong></span> <span class='ocrx_word' id='word_1_665' title='bbox 1780 1698 1818 1716; x_wconf 66' lang='lat' dir='ltr'><strong>ca.</strong></span> 
     </span>
    </p>
   </div>
   <div class='ocr_carea' id='block_1_86' title="bbox 1023 1735 1818 1772">
    <p class='ocr_par' dir='ltr' id='par_1_86' title="bbox 1023 1735 1818 1772">
     <span class='ocr_line' id='line_1_86' title="bbox 1023 1735 1818 1772; baseline -0.001 -9"><span class='ocrx_word' id='word_1_666' title='bbox 1023 1737 1130 1764; x_wconf 65' lang='grc' dir='ltr'>Παύλου</span> <span class='ocrx_word' id='word_1_667' title='bbox 1144 1737 1309 1772; x_wconf 82' lang='grc' dir='ltr'>Εὑαγγέλιον</span> <span class='ocrx_word' id='word_1_668' title='bbox 1325 1735 1369 1772; x_wconf 78' lang='grc' dir='ltr'>ἦν,</span> <span class='ocrx_word' id='word_1_669' title='bbox 1386 1737 1532 1764; x_wconf 75' lang='grc' dir='ltr'>ἀκόλουθον</span> <span class='ocrx_word' id='word_1_670' title='bbox 1547 1737 1647 1771; x_wconf 84' lang='grc' dir='ltr'>λέγειν,</span> <span class='ocrx_word' id='word_1_671' title='bbox 1663 1737 1702 1763; x_wconf 76' lang='grc' dir='ltr'>ὅτι</span> <span class='ocrx_word' id='word_1_672' title='bbox 1721 1736 1767 1762; x_wconf 79' lang='grc' dir='ltr'>καὶ</span> <span class='ocrx_word' id='word_1_673' title='bbox 1780 1735 1818 1762; x_wconf 78' lang='grc' dir='ltr'><strong>τὰ</strong></span> 
     </span>
    </p>
   </div>
   <div class='ocr_carea' id='block_1_87' title="bbox 1023 1781 1818 1819">
    <p class='ocr_par' dir='ltr' id='par_1_87' title="bbox 1023 1781 1818 1819">
     <span class='ocr_line' id='line_1_87' title="bbox 1023 1781 1818 1819; baseline -0.003 -9"><span class='ocrx_word' id='word_1_674' title='bbox 1023 1784 1127 1819; x_wconf 77' lang='grc' dir='ltr'>Πέτρου</span> <span class='ocrx_word' id='word_1_675' title='bbox 1138 1783 1303 1818; x_wconf 85' lang='grc' dir='ltr'>Εὐαγγέλιον</span> <span class='ocrx_word' id='word_1_676' title='bbox 1315 1781 1359 1819; x_wconf 84' lang='grc' dir='ltr'>ἦν,</span> <span class='ocrx_word' id='word_1_677' title='bbox 1372 1784 1417 1810; x_wconf 69' lang='grc' dir='ltr'>καὶ</span> <span class='ocrx_word' id='word_1_678' title='bbox 1428 1782 1595 1816; x_wconf 75' lang='grc' dir='ltr'>ἁπαξαπλῶς</span> <span class='ocrx_word' id='word_1_679' title='bbox 1608 1783 1642 1809; x_wconf 80' lang='grc' dir='ltr'><strong>τὰ</strong></span> <span class='ocrx_word' id='word_1_680' title='bbox 1652 1782 1818 1808; x_wconf 74' lang='grc' dir='ltr'>συνιστάντα</span> 
     </span>
    </p>
   </div>
   <div class='ocr_carea' id='block_1_88' title="bbox 1022 1828 1819 1866">
    <p class='ocr_par' dir='ltr' id='par_1_88' title="bbox 1022 1828 1819 1866">
     <span class='ocr_line' id='line_1_88' title="bbox 1022 1828 1819 1866; baseline -0.004 -10"><span class='ocrx_word' id='word_1_681' title='bbox 1022 1829 1071 1865; x_wconf 81' lang='grc' dir='ltr'>τὴν</span> <span class='ocrx_word' id='word_1_682' title='bbox 1083 1830 1200 1866; x_wconf 83' lang='grc' dir='ltr'>Χριστοῦ</span> <span class='ocrx_word' id='word_1_683' title='bbox 1210 1830 1288 1865; x_wconf 74' lang='grc' dir='ltr'>ὲπιδη</span> <span class='ocrx_word' id='word_1_684' title='bbox 1294 1830 1368 1865; x_wconf 85' lang='grc' dir='ltr'>μίαν,</span> <span class='ocrx_word' id='word_1_685' title='bbox 1379 1830 1426 1856; x_wconf 73' lang='grc' dir='ltr'>καὶ</span> <span class='ocrx_word' id='word_1_686' title='bbox 1436 1828 1673 1860; x_wconf 81' lang='grc' dir='ltr'>κατασκευάζοντα</span> <span class='ocrx_word' id='word_1_687' title='bbox 1683 1828 1732 1864; x_wconf 87' lang='grc' dir='ltr'>τὴν</span> <span class='ocrx_word' id='word_1_688' title='bbox 1744 1835 1819 1863; x_wconf 80' lang='grc' dir='ltr'>παρ-</span> 
     </span>
    </p>
   </div>
   <div class='ocr_carea' id='block_1_89' title="bbox 1022 1874 1819 1912">
    <p class='ocr_par' dir='ltr' id='par_1_89' title="bbox 1022 1874 1819 1912">
     <span class='ocr_line' id='line_1_89' title="bbox 1022 1874 1819 1912; baseline -0.004 -9"><span class='ocrx_word' id='word_1_689' title='bbox 1022 1877 1115 1903; x_wconf 80' lang='grc' dir='ltr'>ουσίαν</span> <span class='ocrx_word' id='word_1_690' title='bbox 1137 1876 1231 1910; x_wconf 82' lang='grc' dir='ltr'>αὐτοῦ,</span> <span class='ocrx_word' id='word_1_691' title='bbox 1250 1876 1416 1912; x_wconf 73' lang='grc' dir='ltr'>ἐμποιοῦντα</span> <span class='ocrx_word' id='word_1_692' title='bbox 1432 1885 1462 1902; x_wconf 86' lang='grc' dir='ltr'><strong>τε</strong></span> <span class='ocrx_word' id='word_1_693' title='bbox 1477 1875 1560 1911; x_wconf 76' lang='grc' dir='ltr'>αὐτὴν</span> <span class='ocrx_word' id='word_1_694' title='bbox 1574 1877 1634 1907; x_wconf 85' lang='grc' dir='ltr'>ταῖς</span> <span class='ocrx_word' id='word_1_695' title='bbox 1647 1875 1746 1910; x_wconf 68' lang='grc' dir='ltr'>ψυχαῖς</span> <span class='ocrx_word' id='word_1_696' title='bbox 1759 1874 1819 1901; x_wconf 79' lang='grc' dir='ltr'>τῶν</span> 
     </span>
    </p>
   </div>
   <div class='ocr_carea' id='block_1_90' title="bbox 1024 1920 1818 1959">
    <p class='ocr_par' dir='ltr' id='par_1_90' title="bbox 1024 1920 1818 1959">
     <span class='ocr_line' id='line_1_90' title="bbox 1024 1920 1818 1959; baseline -0.005 -9"><span class='ocrx_word' id='word_1_697' title='bbox 1024 1923 1192 1959; x_wconf 85' lang='grc' dir='ltr'>βουλομένων</span> <span class='ocrx_word' id='word_1_698' title='bbox 1205 1922 1408 1959; x_wconf 79' lang='grc' dir='ltr'>παραδέξασθαι</span> <span class='ocrx_word' id='word_1_699' title='bbox 1419 1922 1463 1949; x_wconf 79' lang='grc' dir='ltr'><strong>τὸν</strong></span> <span class='ocrx_word' id='word_1_700' title='bbox 1477 1921 1582 1948; x_wconf 76' lang='grc' dir='ltr'>ἑστῶτα</span> <span class='ocrx_word' id='word_1_701' title='bbox 1595 1921 1641 1948; x_wconf 74' lang='grc' dir='ltr'><strong>ἐπὶ</strong></span> <span class='ocrx_word' id='word_1_702' title='bbox 1653 1921 1702 1957; x_wconf 79' lang='grc' dir='ltr'>τὴν</span> <span class='ocrx_word' id='word_1_703' title='bbox 1717 1920 1818 1956; x_wconf 78' lang='grc' dir='ltr'>θύραν,</span> 
     </span>
    </p>
   </div>
   <div class='ocr_carea' id='block_1_91' title="bbox 1023 1966 1819 2005">
    <p class='ocr_par' dir='ltr' id='par_1_91' title="bbox 1023 1966 1819 2005">
     <span class='ocr_line' id='line_1_91' title="bbox 1023 1966 1819 2005; baseline -0.003 -10"><span class='ocrx_word' id='word_1_704' title='bbox 1023 1970 1069 1996; x_wconf 62' lang='grc' dir='ltr'><strong>καὶ</strong></span> <span class='ocrx_word' id='word_1_705' title='bbox 1089 1969 1231 2005; x_wconf 80' lang='grc' dir='ltr'>κρούοντα,</span> <span class='ocrx_word' id='word_1_706' title='bbox 1252 1970 1300 1996; x_wconf 77' lang='grc' dir='ltr'>καὶ</span> <span class='ocrx_word' id='word_1_707' title='bbox 1314 1968 1443 1995; x_wconf 86' lang='grc' dir='ltr'>εἰσελθεῖν</span> <span class='ocrx_word' id='word_1_708' title='bbox 1467 1968 1628 2004; x_wconf 85' lang='grc' dir='ltr'>βουλόμενον</span> <span class='ocrx_word' id='word_1_709' title='bbox 1644 1968 1685 1999; x_wconf 85' lang='grc' dir='ltr'><strong>εἰς</strong></span> <span class='ocrx_word' id='word_1_710' title='bbox 1699 1967 1748 1999; x_wconf 78' lang='grc' dir='ltr'><strong>τὰς</strong></span> <span class='ocrx_word' id='word_1_711' title='bbox 1762 1966 1819 2002; x_wconf 78' lang='grc' dir='ltr'>ψυ-</span> 
     </span>
    </p>
   </div>
   <div class='ocr_carea' id='block_1_92' title="bbox 1023 2013 1260 2051">
    <p class='ocr_par' dir='ltr' id='par_1_92' title="bbox 1023 2013 1260 2051">
     <span class='ocr_line' id='line_1_92' title="bbox 1023 2013 1260 2051; baseline -0.008 -9"><span class='ocrx_word' id='word_1_712' title='bbox 1023 2015 1073 2051; x_wconf 79' lang='grc' dir='ltr'><strong>χὰς</strong></span> <span class='ocrx_word' id='word_1_713' title='bbox 1087 2015 1166 2048; x_wconf 81' lang='grc' dir='ltr'>λόγον</span> <span class='ocrx_word' id='word_1_714' title='bbox 1183 2013 1260 2041; x_wconf 90' lang='grc' dir='ltr'>Θεοῦ.</span> 
     </span>
    </p>
   </div>
   <div class='ocr_carea' id='block_1_93' title="bbox 1058 2058 1818 2094">
    <p class='ocr_par' dir='ltr' id='par_1_93' title="bbox 1058 2058 1818 2094">
     <span class='ocr_line' id='line_1_93' title="bbox 1058 2058 1818 2094; baseline -0.001 -8"><span class='ocrx_word' id='word_1_715' title='bbox 1058 2060 1084 2086; x_wconf 86' lang='lat'><strong>7.</strong></span> <span class='ocrx_word' id='word_1_716' title='bbox 1102 2060 1135 2086; x_wconf 80' lang='lat' dir='ltr'><strong>Ti</strong></span> <span class='ocrx_word' id='word_1_717' title='bbox 1151 2059 1179 2086; x_wconf 79' lang='grc' dir='ltr'><strong>δὲ</strong></span> <span class='ocrx_word' id='word_1_718' title='bbox 1197 2059 1319 2094; x_wconf 83' lang='grc' dir='ltr'>βούλεται</span> <span class='ocrx_word' id='word_1_719' title='bbox 1339 2058 1435 2094; x_wconf 85' lang='grc' dir='ltr'>δηλοῦν</span> <span class='ocrx_word' id='word_1_720' title='bbox 1452 2059 1468 2094; x_wconf 86' lang='grc' dir='ltr'><strong>ὴ</strong></span> <span class='ocrx_word' id='word_1_721' title='bbox 1488 2058 1655 2092; x_wconf 77' lang='grc' dir='ltr'>Εὑαγγέλιον</span> <span class='ocrx_word' id='word_1_722' title='bbox 1675 2067 1818 2094; x_wconf 82' lang='grc' dir='ltr'>προσηγο-</span> 
     </span>
    </p>
   </div>
   <div class='ocr_carea' id='block_1_94' title="bbox 1024 2103 1819 2142">
    <p class='ocr_par' dir='ltr' id='par_1_94' title="bbox 1024 2103 1819 2142">
     <span class='ocr_line' id='line_1_94' title="bbox 1024 2103 1819 2142; baseline -0.001 -10"><span class='ocrx_word' id='word_1_723' title='bbox 1024 2105 1079 2142; x_wconf 85' lang='grc' dir='ltr'>ρία,</span> <span class='ocrx_word' id='word_1_724' title='bbox 1098 2107 1144 2133; x_wconf 75' lang='grc' dir='ltr'>καὶ</span> <span class='ocrx_word' id='word_1_725' title='bbox 1159 2105 1202 2132; x_wconf 87' lang='grc' dir='ltr'>διὰ</span> <span class='ocrx_word' id='word_1_726' title='bbox 1216 2105 1242 2131; x_wconf 88' lang='grc' dir='ltr'><strong>τί</strong></span> <span class='ocrx_word' id='word_1_727' title='bbox 1256 2105 1358 2140; x_wconf 87' lang='grc' dir='ltr'>ταύτην</span> <span class='ocrx_word' id='word_1_728' title='bbox 1374 2104 1429 2139; x_wconf 79' lang='grc' dir='ltr'>ἔχει</span> <span class='ocrx_word' id='word_1_729' title='bbox 1444 2104 1493 2139; x_wconf 84' lang='grc' dir='ltr'>τὴν</span> <span class='ocrx_word' id='word_1_730' title='bbox 1505 2103 1660 2139; x_wconf 79' lang='grc' dir='ltr'>ἐπιγραφὴν</span> <span class='ocrx_word' id='word_1_731' title='bbox 1676 2104 1763 2130; x_wconf 86' lang='grc' dir='ltr'>ταῦτα</span> <span class='ocrx_word' id='word_1_732' title='bbox 1780 2105 1819 2133; x_wconf 79' lang='grc' dir='ltr'><strong>τὰ</strong></span> 
     </span>
    </p>
   </div>
   <div class='ocr_carea' id='block_1_95' title="bbox 1024 2150 1820 2187">
    <p class='ocr_par' dir='ltr' id='par_1_95' title="bbox 1024 2150 1820 2187">
     <span class='ocr_line' id='line_1_95' title="bbox 1024 2150 1820 2187; baseline 0 -10"><span class='ocrx_word' id='word_1_733' title='bbox 1024 2151 1122 2186; x_wconf 81' lang='grc' dir='ltr'>βιϐλία,</span> <span class='ocrx_word' id='word_1_734' title='bbox 1141 2151 1190 2187; x_wconf 76' lang='grc' dir='ltr'>ἤδη</span> <span class='ocrx_word' id='word_1_735' title='bbox 1207 2151 1302 2187; x_wconf 83' lang='grc' dir='ltr'>καιρὸς</span> <span class='ocrx_word' id='word_1_736' title='bbox 1320 2150 1456 2182; x_wconf 81' lang='grc' dir='ltr'>ἐξετάσαι.</span> <span class='ocrx_word' id='word_1_737' title='bbox 1476 2150 1553 2176; x_wconf 82' lang='grc' dir='ltr'>Ἔστι</span> <span class='ocrx_word' id='word_1_738' title='bbox 1568 2150 1658 2176; x_wconf 79' lang='grc' dir='ltr'>τοίνυν</span> <span class='ocrx_word' id='word_1_739' title='bbox 1675 2150 1705 2176; x_wconf 80' lang='grc' dir='ltr'>τὸ</span> <span class='ocrx_word' id='word_1_740' title='bbox 1724 2151 1820 2185; x_wconf 83' lang='grc' dir='ltr'>Εὐαγ-</span> 
     </span>
    </p>
   </div>
   <div class='ocr_carea' id='block_1_96' title="bbox 987 2187 1819 2230">
    <p class='ocr_par' dir='ltr' id='par_1_96' title="bbox 987 2187 1819 2230">
     <span class='ocr_line' id='line_1_96' title="bbox 987 2187 1819 2230; baseline 0.002 -9"><span class='ocrx_word' id='word_1_741' title='bbox 987 2194 1009 2222; x_wconf 85' lang='grc' dir='ltr'>Ι)</span> <span class='ocrx_word' id='word_1_742' title='bbox 1024 2195 1112 2229; x_wconf 79' lang='grc' dir='ltr'>γέλιον</span> <span class='ocrx_word' id='word_1_743' title='bbox 1130 2195 1208 2228; x_wconf 85' lang='grc' dir='ltr'>λόγος</span> <span class='ocrx_word' id='word_1_744' title='bbox 1223 2194 1357 2230; x_wconf 79' lang='grc' dir='ltr'>περιέχων</span> <span class='ocrx_word' id='word_1_745' title='bbox 1370 2194 1541 2228; x_wconf 81' lang='grc' dir='ltr'>ἀπαγγελίαν</span> <span class='ocrx_word' id='word_1_746' title='bbox 1554 2187 1725 2230; x_wconf 69' lang='grc' dir='ltr'>πραγμάτων</span> <span class='ocrx_word' id='word_1_747' title='bbox 1742 2197 1819 2223; x_wconf 79' lang='grc' dir='ltr'>κατὰ</span> 
     </span>
    </p>
   </div>
   <div class='ocr_carea' id='block_1_97' title="bbox 1024 2240 1815 2277">
    <p class='ocr_par' dir='ltr' id='par_1_97' title="bbox 1024 2240 1815 2277">
     <span class='ocr_line' id='line_1_97' title="bbox 1024 2240 1815 2277; baseline 0.001 -9"><span class='ocrx_word' id='word_1_748' title='bbox 1024 2242 1053 2269; x_wconf 81' lang='grc' dir='ltr'>τὸ</span> <span class='ocrx_word' id='word_1_749' title='bbox 1067 2241 1176 2275; x_wconf 67' lang='grc' dir='ltr'>εὔλογον</span> <span class='ocrx_word' id='word_1_750' title='bbox 1186 2240 1228 2267; x_wconf 81' lang='grc' dir='ltr'>διὰ</span> <span class='ocrx_word' id='word_1_751' title='bbox 1240 2240 1270 2266; x_wconf 83' lang='grc' dir='ltr'>τὸ</span> <span class='ocrx_word' id='word_1_752' title='bbox 1282 2240 1395 2275; x_wconf 76' lang='grc' dir='ltr'>ὠφελεῖν</span> <span class='ocrx_word' id='word_1_753' title='bbox 1404 2240 1604 2277; x_wconf 73' lang='grc' dir='ltr'>εὖφραινόντων</span> <span class='ocrx_word' id='word_1_754' title='bbox 1612 2241 1657 2268; x_wconf 77' lang='grc' dir='ltr'>τὸν</span> <span class='ocrx_word' id='word_1_755' title='bbox 1668 2242 1815 2276; x_wconf 81' lang='grc' dir='ltr'>ἀκούοντα,</span> 
     </span>
    </p>
   </div>
   <div class='ocr_carea' id='block_1_98' title="bbox 1024 2285 1818 2324">
    <p class='ocr_par' dir='ltr' id='par_1_98' title="bbox 1024 2285 1818 2324">
     <span class='ocr_line' id='line_1_98' title="bbox 1024 2285 1818 2324; baseline 0.004 -11"><span class='ocrx_word' id='word_1_756' title='bbox 1024 2286 1092 2313; x_wconf 77' lang='grc' dir='ltr'>ὲπὰν</span> <span class='ocrx_word' id='word_1_757' title='bbox 1108 2285 1293 2322; x_wconf 78' lang='grc' dir='ltr'>παραδέξηται</span> <span class='ocrx_word' id='word_1_758' title='bbox 1306 2286 1336 2312; x_wconf 79' lang='grc' dir='ltr'>τὸ</span> <span class='ocrx_word' id='word_1_759' title='bbox 1347 2286 1593 2322; x_wconf 57' lang='grc' dir='ltr'>ἀπαγγελλόμενον</span> <span class='ocrx_word' id='word_1_760' title='bbox 1606 2287 1683 2314; x_wconf 81' lang='grc' dir='ltr'>οὐδὲν</span> <span class='ocrx_word' id='word_1_761' title='bbox 1698 2288 1720 2314; x_wconf 83' lang='grc' dir='ltr'><strong>δ’</strong></span> <span class='ocrx_word' id='word_1_762' title='bbox 1733 2286 1818 2324; x_wconf 82' lang='grc' dir='ltr'>ἧττον</span> 
     </span>
    </p>
   </div>
   <div class='ocr_carea' id='block_1_99' title="bbox 1023 2330 1815 2369">
    <p class='ocr_par' dir='ltr' id='par_1_99' title="bbox 1023 2330 1815 2369">
     <span class='ocr_line' id='line_1_99' title="bbox 1023 2330 1815 2369; baseline 0.003 -11"><span class='ocrx_word' id='word_1_763' title='bbox 1023 2333 1037 2358; x_wconf 83' lang='grc' dir='ltr'>ὀ</span> <span class='ocrx_word' id='word_1_764' title='bbox 1052 2331 1170 2362; x_wconf 85' lang='grc' dir='ltr'>τοιοῦτος</span> <span class='ocrx_word' id='word_1_765' title='bbox 1183 2330 1261 2365; x_wconf 85' lang='grc' dir='ltr'>λόγος</span> <span class='ocrx_word' id='word_1_766' title='bbox 1279 2331 1446 2366; x_wconf 82' lang='grc' dir='ltr'>Εὑαγγέλιόν</span> <span class='ocrx_word' id='word_1_767' title='bbox 1460 2333 1544 2364; x_wconf 74' lang='grc' dir='ltr'>ἐστιν,</span> <span class='ocrx_word' id='word_1_768' title='bbox 1562 2331 1596 2359; x_wconf 85' lang='grc' dir='ltr'>ἂν</span> <span class='ocrx_word' id='word_1_769' title='bbox 1612 2332 1659 2359; x_wconf 69' lang='grc' dir='ltr'><strong>καὶ</strong></span> <span class='ocrx_word' id='word_1_770' title='bbox 1671 2333 1726 2368; x_wconf 76' lang='lat'><strong>(35)</strong></span> <span class='ocrx_word' id='word_1_771' title='bbox 1746 2333 1815 2369; x_wconf 84' lang='grc' dir='ltr'>πρὸς</span> 
     </span>
    </p>
   </div>
   <div class='ocr_carea' id='block_1_100' title="bbox 1023 2377 1816 2414">
    <p class='ocr_par' dir='ltr' id='par_1_100' title="bbox 1023 2377 1816 2414">
     <span class='ocr_line' id='line_1_100' title="bbox 1023 2377 1816 2414; baseline 0.003 -10"><span class='ocrx_word' id='word_1_772' title='bbox 1023 2378 1072 2413; x_wconf 78' lang='grc' dir='ltr'>τὴν</span> <span class='ocrx_word' id='word_1_773' title='bbox 1090 2377 1182 2412; x_wconf 86' lang='grc' dir='ltr'>σχέσιν</span> <span class='ocrx_word' id='word_1_774' title='bbox 1199 2378 1245 2404; x_wconf 90' lang='grc' dir='ltr'><strong>τοῦ</strong></span> <span class='ocrx_word' id='word_1_775' title='bbox 1263 2377 1407 2410; x_wconf 85' lang='grc' dir='ltr'>ἀκούοντος</span> <span class='ocrx_word' id='word_1_776' title='bbox 1422 2378 1593 2414; x_wconf 75' lang='grc' dir='ltr'>ἐξετάζηται·</span> <span class='ocrx_word' id='word_1_777' title='bbox 1612 2379 1628 2414; x_wconf 86' lang='grc' dir='ltr'>ἢ</span> <span class='ocrx_word' id='word_1_778' title='bbox 1648 2379 1816 2413; x_wconf 84' lang='grc' dir='ltr'>Εὑαγγέλιόν</span> 
     </span>
    </p>
   </div>
   <div class='ocr_carea' id='block_1_101' title="bbox 217 2427 970 2467">
    <p class='ocr_par' dir='ltr' id='par_1_101' title="bbox 217 2427 966 2465">
     <span class='ocr_line' id='line_1_101' title="bbox 217 2427 966 2465; baseline 0.007 -10"><span class='ocrx_word' id='word_1_779' title='bbox 217 2427 242 2444; x_wconf 78' lang='grc'><strong>⁸⁸</strong></span> <span class='ocrx_word' id='word_1_780' title='bbox 251 2427 329 2456; x_wconf 81' lang='lat' dir='ltr'><strong>Joan.</strong></span> <span class='ocrx_word' id='word_1_781' title='bbox 348 2437 403 2462; x_wconf 78' lang='lat' dir='ltr'><strong>xIx,</strong></span> <span class='ocrx_word' id='word_1_782' title='bbox 418 2429 463 2456; x_wconf 75' lang='lat'><strong>‘26.</strong></span> <span class='ocrx_word' id='word_1_783' title='bbox 501 2430 523 2446; x_wconf 73' lang='grc' dir='ltr'><strong>⁸ο</strong></span> <span class='ocrx_word' id='word_1_784' title='bbox 536 2429 623 2459; x_wconf 81' lang='lat' dir='ltr'><strong>Galat.</strong></span> <span class='ocrx_word' id='word_1_785' title='bbox 642 2440 671 2464; x_wconf 93' lang='grc' dir='ltr'><strong>ιι,</strong></span> <span class='ocrx_word' id='word_1_786' title='bbox 687 2432 732 2459; x_wconf 80' lang='lat'><strong>‘20.</strong></span> <span class='ocrx_word' id='word_1_787' title='bbox 771 2433 792 2448; x_wconf 67' lang='grc' dir='ltr'>δι</span> <span class='ocrx_word' id='word_1_788' title='bbox 810 2433 893 2460; x_wconf 85' lang='lat' dir='ltr'><strong>ICor.</strong></span> <span class='ocrx_word' id='word_1_789' title='bbox 908 2441 940 2465; x_wconf 87' lang='lat' dir='ltr'><strong>tt,</strong></span> <span class='ocrx_word' id='word_1_790' title='bbox 955 2434 966 2460; x_wconf 87' lang='lat' dir='ltr'><strong>l</strong></span> 
     </span>
    </p>
   </div>
   <div class='ocr_carea' id='block_1_102' title="bbox 1050 2427 1320 2467">
    <p class='ocr_par' dir='ltr' id='par_1_102' title="bbox 1054 2434 1320 2467">
     <span class='ocr_line' id='line_1_102' title="bbox 1054 2434 1320 2467; baseline 0.004 -7"><span class='ocrx_word' id='word_1_791' title='bbox 1054 2454 1059 2460; x_wconf 96' lang='lat'><strong>.</strong></span> <span class='ocrx_word' id='word_1_792' title='bbox 1099 2434 1121 2450; x_wconf 75' lang='lat'>&quot;</span> <span class='ocrx_word' id='word_1_793' title='bbox 1134 2434 1213 2461; x_wconf 78' lang='lat' dir='ltr'><strong>Rom.</strong></span> <span class='ocrx_word' id='word_1_794' title='bbox 1230 2442 1261 2467; x_wconf 89' lang='lat' dir='ltr'><strong>ll,</strong></span> <span class='ocrx_word' id='word_1_795' title='bbox 1277 2435 1320 2462; x_wconf 84' lang='lat' dir='ltr'><strong>l6.</strong></span> 
     </span>
    </p>
   </div>
   <div class='ocr_carea' id='block_1_103' title="bbox 218 2475 969 2512">
    <p class='ocr_par' dir='ltr' id='par_1_103' title="bbox 218 2475 969 2512">
     <span class='ocr_line' id='line_1_103' title="bbox 218 2475 969 2512; baseline 0.005 -10"><span class='ocrx_word' id='word_1_796' title='bbox 218 2475 274 2511; x_wconf 68' lang='lat'><strong>(&#39;52)</strong></span> <span class='ocrx_word' id='word_1_797' title='bbox 288 2477 368 2504; x_wconf 82' lang='grc' dir='ltr'>Κατὰ</span> <span class='ocrx_word' id='word_1_798' title='bbox 380 2477 450 2509; x_wconf 78' lang='grc' dir='ltr'>τοὺς</span> <span class='ocrx_word' id='word_1_799' title='bbox 466 2476 554 2511; x_wconf 78' lang='grc' dir='ltr'>ὑγιῶς</span> <span class='ocrx_word' id='word_1_800' title='bbox 579 2478 644 2512; x_wconf 78' lang='grc' dir='ltr'>περὶ</span> <span class='ocrx_word' id='word_1_801' title='bbox 661 2477 754 2512; x_wconf 74' lang='grc' dir='ltr'>αὐτῆς</span> <span class='ocrx_word' id='word_1_802' title='bbox 780 2478 969 2512; x_wconf 79' lang='grc' dir='ltr'>δοξάζοντας.</span> 
     </span>
    </p>
   </div>
   <div class='ocr_carea' id='block_1_104' title="bbox 182 2511 971 2548">
    <p class='ocr_par' dir='ltr' id='par_1_104' title="bbox 182 2511 971 2548">
     <span class='ocr_line' id='line_1_104' title="bbox 182 2511 971 2548; baseline 0.001 -9"><span class='ocrx_word' id='word_1_803' title='bbox 182 2511 250 2539; x_wconf 91' lang='lat' dir='ltr'><strong>Tum</strong></span> <span class='ocrx_word' id='word_1_804' title='bbox 267 2519 300 2538; x_wconf 77' lang='lat' dir='ltr'><strong>rx</strong></span> <span class='ocrx_word' id='word_1_805' title='bbox 317 2513 367 2548; x_wconf 84' lang='lat' dir='ltr'><strong>hoc</strong></span> <span class='ocrx_word' id='word_1_806' title='bbox 382 2513 450 2548; x_wconf 86' lang='lat' dir='ltr'><strong>loco,</strong></span> <span class='ocrx_word' id='word_1_807' title='bbox 466 2518 521 2538; x_wconf 89' lang='lat' dir='ltr'><strong>tum</strong></span> <span class='ocrx_word' id='word_1_808' title='bbox 537 2520 570 2539; x_wconf 84' lang='lat' dir='ltr'><strong>ex</strong></span> <span class='ocrx_word' id='word_1_809' title='bbox 596 2511 628 2541; x_wconf 82' lang='lat' dir='ltr'><strong>iis</strong></span> <span class='ocrx_word' id='word_1_810' title='bbox 649 2521 709 2548; x_wconf 58' lang='lat' dir='ltr'><strong>quas</strong></span> <span class='ocrx_word' id='word_1_811' title='bbox 731 2514 813 2541; x_wconf 86' lang='lat' dir='ltr'><strong>habet</strong></span> <span class='ocrx_word' id='word_1_812' title='bbox 839 2511 971 2547; x_wconf 78' lang='lat' dir='ltr'><strong>Origenes</strong></span> 
     </span>
    </p>
   </div>
   <div class='ocr_carea' id='block_1_105' title="bbox 184 2547 971 2583">
    <p class='ocr_par' dir='ltr' id='par_1_105' title="bbox 184 2547 971 2583">
     <span class='ocr_line' id='line_1_105' title="bbox 184 2547 971 2583; baseline 0.003 -9"><span class='ocrx_word' id='word_1_813' title='bbox 184 2553 250 2574; x_wconf 90' lang='lat' dir='ltr'><strong>tom.</strong></span> <span class='ocrx_word' id='word_1_814' title='bbox 267 2555 292 2573; x_wconf 75' lang='grc' dir='ltr'><strong>ιι</strong></span> <span class='ocrx_word' id='word_1_815' title='bbox 308 2549 334 2574; x_wconf 83' lang='lat' dir='ltr'><strong>in</strong></span> <span class='ocrx_word' id='word_1_816' title='bbox 354 2547 509 2574; x_wconf 78' lang='lat' dir='ltr'><strong>Malthwum</strong></span> <span class='ocrx_word' id='word_1_817' title='bbox 525 2553 552 2574; x_wconf 88' lang='lat' dir='ltr'><strong>et</strong></span> <span class='ocrx_word' id='word_1_818' title='bbox 565 2549 700 2576; x_wconf 88' lang='lat' dir='ltr'><strong>homilia7</strong></span> <span class='ocrx_word' id='word_1_819' title='bbox 715 2550 741 2575; x_wconf 85' lang='lat' dir='ltr'><strong>in</strong></span> <span class='ocrx_word' id='word_1_820' title='bbox 759 2549 868 2581; x_wconf 84' lang='lat' dir='ltr'><strong>Lucam,</strong></span> <span class='ocrx_word' id='word_1_821' title='bbox 885 2549 971 2583; x_wconf 77' lang='lat' dir='ltr'><strong>liquet</strong></span> 
     </span>
    </p>
   </div>
   <div class='ocr_carea' id='block_1_106' title="bbox 184 2582 969 2619">
    <p class='ocr_par' dir='ltr' id='par_1_106' title="bbox 184 2582 969 2619">
     <span class='ocr_line' id='line_1_106' title="bbox 184 2582 969 2619; baseline 0.004 -11"><span class='ocrx_word' id='word_1_822' title='bbox 184 2582 271 2619; x_wconf 76' lang='lat' dir='ltr'><strong>ipsum</strong></span> <span class='ocrx_word' id='word_1_823' title='bbox 288 2590 336 2619; x_wconf 80' lang='lat' dir='ltr'><strong>pro</strong></span> <span class='ocrx_word' id='word_1_824' title='bbox 349 2582 529 2619; x_wconf 17' lang='lat' dir='ltr'><strong>rlteterodoxis</strong></span> <span class='ocrx_word' id='word_1_825' title='bbox 548 2584 676 2611; x_wconf 84' lang='lat' dir='ltr'><strong>habuisse</strong></span> <span class='ocrx_word' id='word_1_826' title='bbox 693 2592 740 2611; x_wconf 85' lang='lat' dir='ltr'><strong>eos</strong></span> <span class='ocrx_word' id='word_1_827' title='bbox 756 2585 800 2618; x_wconf 89' lang='lat' dir='ltr'><strong>qui</strong></span> <span class='ocrx_word' id='word_1_828' title='bbox 813 2582 969 2619; x_wconf 66' lang='lat' dir='ltr'><strong>perpetuam</strong></span> 
     </span>
    </p>
   </div>
   <div class='ocr_carea' id='block_1_107' title="bbox 184 2616 970 2652">
    <p class='ocr_par' dir='ltr' id='par_1_107' title="bbox 184 2616 970 2652">
     <span class='ocr_line' id='line_1_107' title="bbox 184 2616 970 2652; baseline 0.005 -10"><span class='ocrx_word' id='word_1_829' title='bbox 184 2616 274 2643; x_wconf 79' lang='lat' dir='ltr'><strong>Maria:</strong></span> <span class='ocrx_word' id='word_1_830' title='bbox 288 2617 470 2651; x_wconf 78' lang='lat' dir='ltr'><strong>virginitatem</strong></span> <span class='ocrx_word' id='word_1_831' title='bbox 486 2619 631 2652; x_wconf 76' lang='lat' dir='ltr'><strong>negabant.</strong></span> <span class='ocrx_word' id='word_1_832' title='bbox 653 2619 680 2646; x_wconf 93' lang='lat' dir='ltr'><strong>ln</strong></span> <span class='ocrx_word' id='word_1_833' title='bbox 704 2627 737 2646; x_wconf 93' lang='lat' dir='ltr'><strong>eo</strong></span> <span class='ocrx_word' id='word_1_834' title='bbox 765 2616 840 2646; x_wconf 76' lang='lat' dir='ltr'><strong>certe</strong></span> <span class='ocrx_word' id='word_1_835' title='bbox 862 2616 970 2652; x_wconf 72' lang='lat' dir='ltr'><strong>errore,</strong></span> 
     </span>
    </p>
   </div>
   <div class='ocr_carea' id='block_1_108' title="bbox 184 2651 970 2688">
    <p class='ocr_par' dir='ltr' id='par_1_108' title="bbox 184 2651 970 2688">
     <span class='ocr_line' id='line_1_108' title="bbox 184 2651 970 2688; baseline 0.005 -10"><span class='ocrx_word' id='word_1_836' title='bbox 184 2653 269 2688; x_wconf 81' lang='lat' dir='ltr'><strong>inquit</strong></span> <span class='ocrx_word' id='word_1_837' title='bbox 281 2651 405 2688; x_wconf 66' lang='lat' dir='ltr'><strong>Httetius,</strong></span> <span class='ocrx_word' id='word_1_838' title='bbox 421 2653 505 2680; x_wconf 63' lang='lat' dir='ltr'><strong>fuisse</strong></span> <span class='ocrx_word' id='word_1_839' title='bbox 514 2654 698 2682; x_wconf 87' lang='lat' dir='ltr'><strong>Tertullianus</strong></span> <span class='ocrx_word' id='word_1_840' title='bbox 709 2654 840 2685; x_wconf 89' lang='lat' dir='ltr'><strong>creditur,</strong></span> <span class='ocrx_word' id='word_1_841' title='bbox 853 2662 970 2688; x_wconf 82' lang='lat' dir='ltr'><strong>cumque</strong></span> 
     </span>
    </p>
   </div>
   <div class='ocr_carea' id='block_1_109' title="bbox 184 2687 968 2724">
    <p class='ocr_par' dir='ltr' id='par_1_109' title="bbox 184 2687 968 2724">
     <span class='ocr_line' id='line_1_109' title="bbox 184 2687 968 2724; baseline 0.005 -12"><span class='ocrx_word' id='word_1_842' title='bbox 184 2687 288 2724; x_wconf 72' lang='lat' dir='ltr'><strong>duobus</strong></span> <span class='ocrx_word' id='word_1_843' title='bbox 305 2687 370 2724; x_wconf 82' lang='lat' dir='ltr'><strong>locis</strong></span> <span class='ocrx_word' id='word_1_844' title='bbox 387 2689 551 2722; x_wconf 86' lang='lat' dir='ltr'><strong>prodidisse,</strong></span> <span class='ocrx_word' id='word_1_845' title='bbox 565 2691 634 2717; x_wconf 87' lang='lat' dir='ltr'><strong>libro</strong></span> <span class='ocrx_word' id='word_1_846' title='bbox 649 2689 686 2715; x_wconf 81' lang='lat' dir='ltr'><strong>De</strong></span> <span class='ocrx_word' id='word_1_847' title='bbox 702 2690 881 2723; x_wconf 83' lang='lat' dir='ltr'><strong>monogamia,</strong></span> <span class='ocrx_word' id='word_1_848' title='bbox 905 2687 968 2724; x_wconf 75' lang='lat' dir='ltr'><strong>cap.</strong></span> 
     </span>
    </p>
   </div>
   <div class='ocr_carea' id='block_1_110' title="bbox 183 2722 969 2758">
    <p class='ocr_par' dir='ltr' id='par_1_110' title="bbox 183 2722 969 2758">
     <span class='ocr_line' id='line_1_110' title="bbox 183 2722 969 2758; baseline 0.004 -10"><span class='ocrx_word' id='word_1_849' title='bbox 183 2723 211 2751; x_wconf 79' lang='lat'><strong>8,</strong></span> <span class='ocrx_word' id='word_1_850' title='bbox 222 2727 245 2747; x_wconf 86' lang='lat' dir='ltr'><strong>et</strong></span> <span class='ocrx_word' id='word_1_851' title='bbox 261 2722 306 2749; x_wconf 87' lang='lat' dir='ltr'><strong>lib.</strong></span> <span class='ocrx_word' id='word_1_852' title='bbox 326 2722 364 2749; x_wconf 83' lang='lat' dir='ltr'><strong>De</strong></span> <span class='ocrx_word' id='word_1_853' title='bbox 380 2732 457 2751; x_wconf 83' lang='lat' dir='ltr'><strong>carne</strong></span> <span class='ocrx_word' id='word_1_854' title='bbox 476 2724 585 2757; x_wconf 75' lang='lat' dir='ltr'><strong>Christi,</strong></span> <span class='ocrx_word' id='word_1_855' title='bbox 598 2732 660 2758; x_wconf 87' lang='lat' dir='ltr'><strong>cap.</strong></span> <span class='ocrx_word' id='word_1_856' title='bbox 674 2724 704 2757; x_wconf 82' lang='lat'><strong>7;</strong></span> <span class='ocrx_word' id='word_1_857' title='bbox 717 2725 763 2751; x_wconf 84' lang='lat' dir='ltr'><strong>sed</strong></span> <span class='ocrx_word' id='word_1_858' title='bbox 777 2725 903 2753; x_wconf 81' lang='lat' dir='ltr'><strong>obscure.</strong></span> <span class='ocrx_word' id='word_1_859' title='bbox 921 2722 969 2751; x_wconf 77' lang='lat' dir='ltr'><strong>uec</strong></span> 
     </span>
    </p>
   </div>
   <div class='ocr_carea' id='block_1_111' title="bbox 184 2757 969 2794">
    <p class='ocr_par' dir='ltr' id='par_1_111' title="bbox 184 2757 969 2794">
     <span class='ocr_line' id='line_1_111' title="bbox 184 2757 969 2794; baseline 0.006 -13"><span class='ocrx_word' id='word_1_860' title='bbox 184 2757 365 2794; x_wconf 54' lang='lat' dir='ltr'><strong>satisaperte.</strong></span> <span class='ocrx_word' id='word_1_861' title='bbox 381 2759 414 2785; x_wconf 81' lang='lat' dir='ltr'><strong>At</strong></span> <span class='ocrx_word' id='word_1_862' title='bbox 426 2759 499 2785; x_wconf 86' lang='lat' dir='ltr'><strong>clare</strong></span> <span class='ocrx_word' id='word_1_863' title='bbox 512 2768 573 2787; x_wconf 91' lang='lat' dir='ltr'><strong>etnn</strong></span> <span class='ocrx_word' id='word_1_864' title='bbox 591 2757 653 2786; x_wconf 85' lang='lat' dir='ltr'><strong>cum</strong></span> <span class='ocrx_word' id='word_1_865' title='bbox 672 2760 732 2785; x_wconf 84' lang='lat' dir='ltr'><strong>aliis</strong></span> <span class='ocrx_word' id='word_1_866' title='bbox 764 2759 903 2794; x_wconf 78' lang='lat' dir='ltr'><strong>professus</strong></span> <span class='ocrx_word' id='word_1_867' title='bbox 926 2765 969 2786; x_wconf 87' lang='lat' dir='ltr'><strong>est.</strong></span> 
     </span>
    </p>
   </div>
   <div class='ocr_carea' id='block_1_112' title="bbox 185 2791 969 2829">
    <p class='ocr_par' dir='ltr' id='par_1_112' title="bbox 185 2791 969 2829">
     <span class='ocr_line' id='line_1_112' title="bbox 185 2791 969 2829; baseline 0.005 -12"><span class='ocrx_word' id='word_1_868' title='bbox 185 2791 379 2829; x_wconf 78' lang='lat' dir='ltr'><strong>Apollinarius,</strong></span> <span class='ocrx_word' id='word_1_869' title='bbox 395 2799 464 2821; x_wconf 73' lang='lat' dir='ltr'><strong>teste</strong></span> <span class='ocrx_word' id='word_1_870' title='bbox 483 2794 646 2829; x_wconf 84' lang='lat' dir='ltr'><strong>Epiphanio,</strong></span> <span class='ocrx_word' id='word_1_871' title='bbox 664 2794 711 2827; x_wconf 87' lang='lat' dir='ltr'><strong>qui</strong></span> <span class='ocrx_word' id='word_1_872' title='bbox 736 2791 969 2821; x_wconf 80' lang='lat' dir='ltr'><strong>Antidicotnaria-</strong></span> 
     </span>
    </p>
   </div>
   <div class='ocr_carea' id='block_1_113' title="bbox 185 2827 968 2866">
    <p class='ocr_par' dir='ltr' id='par_1_113' title="bbox 185 2827 968 2866">
     <span class='ocr_line' id='line_1_113' title="bbox 185 2827 968 2866; baseline 0.005 -13"><span class='ocrx_word' id='word_1_873' title='bbox 185 2827 256 2854; x_wconf 77' lang='lat' dir='ltr'><strong>nitas</strong></span> <span class='ocrx_word' id='word_1_874' title='bbox 273 2835 319 2856; x_wconf 75' lang='lat' dir='ltr'><strong>cos</strong></span> <span class='ocrx_word' id='word_1_875' title='bbox 343 2827 513 2866; x_wconf 73' lang='lat' dir='ltr'><strong>appellabat,</strong></span> <span class='ocrx_word' id='word_1_876' title='bbox 535 2827 631 2858; x_wconf 76' lang='lat' dir='ltr'><strong>lucres.</strong></span> <span class='ocrx_word' id='word_1_877' title='bbox 655 2836 758 2862; x_wconf 74' lang='lat' dir='ltr'><strong>Lxxt&#39;tt,</strong></span> <span class='ocrx_word' id='word_1_878' title='bbox 784 2836 844 2864; x_wconf 72' lang='lat' dir='ltr'><strong>Cap.</strong></span> <span class='ocrx_word' id='word_1_879' title='bbox 866 2829 912 2863; x_wconf 73' lang='lat'><strong>‘36,</strong></span> <span class='ocrx_word' id='word_1_880' title='bbox 941 2834 968 2857; x_wconf 86' lang='lat' dir='ltr'><strong>ct</strong></span> 
     </span>
    </p>
   </div>
   <div class='ocr_carea' id='block_1_114' title="bbox 1022 2480 1814 2514">
    <p class='ocr_par' dir='ltr' id='par_1_114' title="bbox 1022 2480 1814 2514">
     <span class='ocr_line' id='line_1_114' title="bbox 1022 2480 1814 2514; baseline 0.001 -6"><span class='ocrx_word' id='word_1_881' title='bbox 1022 2480 1249 2511; x_wconf 77' lang='lat' dir='ltr'><strong>lneres.uxvttt,</strong></span> <span class='ocrx_word' id='word_1_882' title='bbox 1269 2488 1330 2514; x_wconf 87' lang='lat' dir='ltr'><strong>cap.</strong></span> <span class='ocrx_word' id='word_1_883' title='bbox 1346 2481 1372 2507; x_wconf 87' lang='lat' dir='ltr'><strong>‘l.</strong></span> <span class='ocrx_word' id='word_1_884' title='bbox 1397 2481 1462 2508; x_wconf 87' lang='lat' dir='ltr'><strong>Post</strong></span> <span class='ocrx_word' id='word_1_885' title='bbox 1490 2480 1686 2514; x_wconf 83' lang='lat' dir='ltr'><strong>Apollinarium</strong></span> <span class='ocrx_word' id='word_1_886' title='bbox 1716 2481 1814 2509; x_wconf 83' lang='lat' dir='ltr'><strong>eadem</strong></span> 
     </span>
    </p>
   </div>
   <div class='ocr_carea' id='block_1_115' title="bbox 1024 2514 1814 2547">
    <p class='ocr_par' dir='ltr' id='par_1_115' title="bbox 1024 2514 1814 2547">
     <span class='ocr_line' id='line_1_115' title="bbox 1024 2514 1814 2547; baseline 0.001 -5"><span class='ocrx_word' id='word_1_887' title='bbox 1024 2516 1135 2543; x_wconf 90' lang='lat' dir='ltr'><strong>vesania</strong></span> <span class='ocrx_word' id='word_1_888' title='bbox 1151 2516 1311 2542; x_wconf 88' lang='lat' dir='ltr'><strong>laborarunt</strong></span> <span class='ocrx_word' id='word_1_889' title='bbox 1332 2515 1489 2547; x_wconf 87' lang='lat' dir='ltr'><strong>Eunomius,</strong></span> <span class='ocrx_word' id='word_1_890' title='bbox 1506 2515 1658 2546; x_wconf 82' lang='lat' dir='ltr'><strong>Helvidius,</strong></span> <span class='ocrx_word' id='word_1_891' title='bbox 1689 2514 1814 2544; x_wconf 82' lang='lat' dir='ltr'><strong>Jovinia-</strong></span> 
     </span>
    </p>
   </div>
   <div class='ocr_carea' id='block_1_116' title="bbox 1024 2550 1814 2579">
    <p class='ocr_par' dir='ltr' id='par_1_116' title="bbox 1024 2550 1814 2579">
     <span class='ocr_line' id='line_1_116' title="bbox 1024 2550 1814 2579; baseline 0.003 -2"><span class='ocrx_word' id='word_1_892' title='bbox 1024 2559 1074 2578; x_wconf 91' lang='lat' dir='ltr'><strong>nus</strong></span> <span class='ocrx_word' id='word_1_893' title='bbox 1085 2556 1112 2577; x_wconf 91' lang='lat' dir='ltr'><strong>et</strong></span> <span class='ocrx_word' id='word_1_894' title='bbox 1126 2551 1257 2578; x_wconf 88' lang='lat' dir='ltr'><strong>Bonosus.</strong></span> <span class='ocrx_word' id='word_1_895' title='bbox 1273 2551 1326 2577; x_wconf 85' lang='lat' dir='ltr'><strong>Sed</strong></span> <span class='ocrx_word' id='word_1_896' title='bbox 1341 2551 1411 2577; x_wconf 91' lang='lat' dir='ltr'><strong>hanc</strong></span> <span class='ocrx_word' id='word_1_897' title='bbox 1428 2550 1551 2578; x_wconf 70' lang='lat' dir='ltr'><strong>hmresint</strong></span> <span class='ocrx_word' id='word_1_898' title='bbox 1567 2550 1706 2578; x_wconf 87' lang='lat' dir='ltr'><strong>luculento</strong></span> <span class='ocrx_word' id='word_1_899' title='bbox 1716 2551 1814 2579; x_wconf 82' lang='lat' dir='ltr'><strong>adver-</strong></span> 
     </span>
    </p>
   </div>
   <div class='ocr_carea' id='block_1_117' title="bbox 1022 2585 1688 2620">
    <p class='ocr_par' dir='ltr' id='par_1_117' title="bbox 1022 2585 1688 2620">
     <span class='ocr_line' id='line_1_117' title="bbox 1022 2585 1688 2620; baseline 0.002 -7"><span class='ocrx_word' id='word_1_900' title='bbox 1022 2593 1069 2613; x_wconf 87' lang='lat' dir='ltr'><strong>sus</strong></span> <span class='ocrx_word' id='word_1_901' title='bbox 1086 2585 1239 2613; x_wconf 86' lang='lat' dir='ltr'><strong>llelvidinm</strong></span> <span class='ocrx_word' id='word_1_902' title='bbox 1256 2593 1339 2619; x_wconf 87' lang='lat' dir='ltr'><strong>opere</strong></span> <span class='ocrx_word' id='word_1_903' title='bbox 1352 2586 1482 2612; x_wconf 87' lang='lat' dir='ltr'><strong>contrivit</strong></span> <span class='ocrx_word' id='word_1_904' title='bbox 1495 2585 1688 2620; x_wconf 82' lang='lat' dir='ltr'><strong>Hieronymus.</strong></span> 
     </span>
    </p>
   </div>
   <div class='ocr_carea' id='block_1_118' title="bbox 1058 2630 1581 2667">
    <p class='ocr_par' dir='ltr' id='par_1_118' title="bbox 1058 2630 1581 2667">
     <span class='ocr_line' id='line_1_118' title="bbox 1058 2630 1581 2667; baseline 0 -8"><span class='ocrx_word' id='word_1_905' title='bbox 1058 2631 1114 2667; x_wconf 78' lang='lat'><strong>(35)</strong></span> <span class='ocrx_word' id='word_1_906' title='bbox 1128 2633 1236 2667; x_wconf 76' lang='grc' dir='ltr'><strong>Λόγον.</strong></span> <span class='ocrx_word' id='word_1_907' title='bbox 1251 2631 1333 2658; x_wconf 83' lang='lat' dir='ltr'><strong>Forte</strong></span> <span class='ocrx_word' id='word_1_908' title='bbox 1348 2631 1491 2665; x_wconf 76' lang='lat' dir='ltr'><strong>legendum</strong></span> <span class='ocrx_word' id='word_1_909' title='bbox 1507 2630 1581 2659; x_wconf 89' lang='grc' dir='ltr'>νοῦν.</span> 
     </span>
    </p>
   </div>
   <div class='ocr_carea' id='block_1_119' title="bbox 1060 2631 1814 2739">
    <p class='ocr_par' dir='ltr' id='par_1_119' title="bbox 1060 2631 1814 2739">
     <span class='ocr_line' id='line_1_119' title="bbox 1060 2631 1581 2668; baseline 0 -9"><span class='ocrx_word' id='word_1_910' title='bbox 1060 2631 1114 2668; x_wconf 77' lang='grc'>(35)</span> <span class='ocrx_word' id='word_1_911' title='bbox 1128 2633 1236 2667; x_wconf 76' lang='grc' dir='ltr'><strong>Λόγον.</strong></span> <span class='ocrx_word' id='word_1_912' title='bbox 1251 2631 1333 2658; x_wconf 83' lang='lat' dir='ltr'><strong>Forte</strong></span> <span class='ocrx_word' id='word_1_913' title='bbox 1348 2631 1491 2665; x_wconf 76' lang='lat' dir='ltr'><strong>legendum</strong></span> <span class='ocrx_word' id='word_1_914' title='bbox 1507 2631 1581 2659; x_wconf 90' lang='grc' dir='ltr'>νοῦν.</span> 
     </span>
     <span class='ocr_line' id='line_1_120' title="bbox 1060 2677 1814 2739; baseline 0.001 -34"><span class='ocrx_word' id='word_1_915' title='bbox 1060 2678 1169 2739; x_wconf 47' lang='grc' dir='ltr'><strong>(54)]Τὰ</strong></span> <span class='ocrx_word' id='word_1_916' title='bbox 1187 2677 1365 2718; x_wconf 64' lang='grc' dir='ltr'>Εὑαγγέλιιι.</span> <span class='ocrx_word' id='word_1_917' title='bbox 1389 2677 1531 2717; x_wconf 70' lang='lat' dir='ltr'><strong>Ferrarius</strong></span> <span class='ocrx_word' id='word_1_918' title='bbox 1556 2677 1620 2712; x_wconf 71' lang='lat' dir='ltr'><strong>legit</strong></span> <span class='ocrx_word' id='word_1_919' title='bbox 1643 2677 1673 2721; x_wconf 61' lang='grc' dir='ltr'><strong>εις)</strong></span> <span class='ocrx_word' id='word_1_920' title='bbox 1692 2678 1814 2713; x_wconf 77' lang='grc' dir='ltr'>Εὐαγγέ-</span> 
     </span>
     <span class='ocr_line' id='line_1_121' title="bbox 1060 2712 1814 2739; baseline 0 0"><span class='ocrx_word' id='word_1_921' title='bbox 1060 2722 1089 2739; x_wconf 80' lang='grc' dir='ltr'>ιν.</span> <span class='ocrx_word' id='word_1_922' title='bbox 1126 2713 1188 2739; x_wconf 87' lang='lat' dir='ltr'><strong>aulo</strong></span> <span class='ocrx_word' id='word_1_923' title='bbox 1199 2718 1259 2739; x_wconf 87' lang='lat' dir='ltr'><strong>nost</strong></span> <span class='ocrx_word' id='word_1_924' title='bbox 1272 2717 1356 2739; x_wconf 81' lang='lat' dir='ltr'><strong>nostri</strong></span> <span class='ocrx_word' id='word_1_925' title='bbox 1371 2712 1478 2739; x_wconf 80' lang='lat' dir='ltr'><strong>codices</strong></span> <span class='ocrx_word' id='word_1_926' title='bbox 1497 2712 1599 2739; x_wconf 87' lang='lat' dir='ltr'><strong>habent</strong></span> <span class='ocrx_word' id='word_1_927' title='bbox 1616 2721 1622 2738; x_wconf 91' lang='lat'>:</span> <span class='ocrx_word' id='word_1_928' title='bbox 1638 2721 1688 2739; x_wconf 83' lang='grc' dir='ltr'><strong>ουκ</strong></span> <span class='ocrx_word' id='word_1_929' title='bbox 1714 2713 1814 2739; x_wconf 75' lang='grc' dir='ltr'>ἔγαμεν</span> 
     </span>
    </p>
   </div>
   <div class='ocr_carea' id='block_1_120' title="bbox 1023 2712 1814 2753">
    <p class='ocr_par' dir='ltr' id='par_1_120' title="bbox 1023 2712 1814 2753">
     <span class='ocr_line' id='line_1_122' title="bbox 1023 2712 1814 2753; baseline 0.001 -14"><span class='ocrx_word' id='word_1_930' title='bbox 1023 2713 1094 2753; x_wconf 44' lang='lat' dir='ltr'><strong>2.:qu</strong></span> <span class='ocrx_word' id='word_1_931' title='bbox 1105 2712 1188 2753; x_wconf 77' lang='lat' dir='ltr'><strong>Paulo</strong></span> <span class='ocrx_word' id='word_1_932' title='bbox 1199 2718 1259 2753; x_wconf 61' lang='lat' dir='ltr'><strong>post</strong></span> <span class='ocrx_word' id='word_1_933' title='bbox 1272 2712 1356 2753; x_wconf 62' lang='lat' dir='ltr'><strong>nostri</strong></span> <span class='ocrx_word' id='word_1_934' title='bbox 1371 2712 1487 2753; x_wconf 44' lang='lat' dir='ltr'><strong>codices.</strong></span> <span class='ocrx_word' id='word_1_935' title='bbox 1497 2712 1601 2753; x_wconf 73' lang='lat' dir='ltr'><strong>habent</strong></span> <span class='ocrx_word' id='word_1_936' title='bbox 1616 2713 1699 2753; x_wconf 43' lang='lat' dir='ltr'><strong>:Aoiﬂc‘</strong></span> <span class='ocrx_word' id='word_1_937' title='bbox 1714 2712 1814 2749; x_wconf 75' lang='grc' dir='ltr'>ἔχομεν</span> 
     </span>
    </p>
   </div>
   <div class='ocr_carea' id='block_1_121' title="bbox 1024 2746 1741 2783">
    <p class='ocr_par' dir='ltr' id='par_1_121' title="bbox 1024 2746 1741 2783">
     <span class='ocr_line' id='line_1_123' title="bbox 1024 2746 1741 2783; baseline 0 -9"><span class='ocrx_word' id='word_1_938' title='bbox 1024 2748 1124 2783; x_wconf 77' lang='grc' dir='ltr'>βιϐλίον</span> <span class='ocrx_word' id='word_1_939' title='bbox 1141 2747 1309 2781; x_wconf 81' lang='grc' dir='ltr'>εὐαγγέλιον.</span> <span class='ocrx_word' id='word_1_940' title='bbox 1321 2746 1410 2773; x_wconf 83' lang='lat' dir='ltr'><strong>lluetii</strong></span> <span class='ocrx_word' id='word_1_941' title='bbox 1423 2747 1507 2774; x_wconf 88' lang='lat' dir='ltr'><strong>editio</strong></span> <span class='ocrx_word' id='word_1_942' title='bbox 1524 2747 1616 2774; x_wconf 88' lang='lat' dir='ltr'><strong>omisit</strong></span> <span class='ocrx_word' id='word_1_943' title='bbox 1629 2746 1741 2782; x_wconf 55' lang='grc' dir='ltr'>βιῦλίονζ</span> 
     </span>
    </p>
   </div>
   <div class='ocr_carea' id='block_1_122' title="bbox 1060 2792 1814 2829">
    <p class='ocr_par' dir='ltr' id='par_1_122' title="bbox 1060 2792 1814 2829">
     <span class='ocr_line' id='line_1_124' title="bbox 1060 2792 1814 2829; baseline 0.003 -9"><span class='ocrx_word' id='word_1_944' title='bbox 1060 2793 1114 2828; x_wconf 79' lang='lat'><strong>(35)</strong></span> <span class='ocrx_word' id='word_1_945' title='bbox 1134 2793 1245 2829; x_wconf 62' lang='grc' dir='ltr'>Ἐστρι,</span> <span class='ocrx_word' id='word_1_946' title='bbox 1266 2792 1304 2829; x_wconf 75' lang='grc' dir='ltr'>ἂν</span> <span class='ocrx_word' id='word_1_947' title='bbox 1317 2792 1375 2819; x_wconf 76' lang='grc' dir='ltr'>καί.</span> <span class='ocrx_word' id='word_1_948' title='bbox 1390 2792 1452 2821; x_wconf 67' lang='grc' dir='ltr'><strong>Πωο</strong></span> <span class='ocrx_word' id='word_1_949' title='bbox 1471 2794 1569 2821; x_wconf 87' lang='lat' dir='ltr'><strong>desunt</strong></span> <span class='ocrx_word' id='word_1_950' title='bbox 1583 2793 1608 2820; x_wconf 96' lang='lat' dir='ltr'><strong>in</strong></span> <span class='ocrx_word' id='word_1_951' title='bbox 1625 2793 1719 2821; x_wconf 88' lang='lat' dir='ltr'><strong>codice</strong></span> <span class='ocrx_word' id='word_1_952' title='bbox 1732 2801 1814 2829; x_wconf 82' lang='lat' dir='ltr'><strong>quem</strong></span> 
     </span>
    </p>
   </div>
   <div class='ocr_carea' id='block_1_123' title="bbox 1023 2827 1332 2857">
    <p class='ocr_par' dir='ltr' id='par_1_123' title="bbox 1023 2827 1332 2857">
     <span class='ocr_line' id='line_1_125' title="bbox 1023 2827 1332 2857; baseline -0.006 0"><span class='ocrx_word' id='word_1_953' title='bbox 1023 2827 1134 2857; x_wconf 87' lang='lat' dir='ltr'><strong>secutus</strong></span> <span class='ocrx_word' id='word_1_954' title='bbox 1149 2833 1190 2856; x_wconf 82' lang='lat' dir='ltr'><strong>est</strong></span> <span class='ocrx_word' id='word_1_955' title='bbox 1207 2827 1332 2856; x_wconf 87' lang='lat' dir='ltr'><strong>lluctius.</strong></span> 
     </span>
    </p>
   </div>
  </div>
