1870 3046
72 113 108 139 53
617 114 794 142 COMMENT.
815 114 847 141 lN

947 112 962 143 ῐ.
982 114 1103 143 TOMUS
1119 117 1140 144 l.
1666 122 1702 150 δι

73 170 134 196 ἐστι
149 170 226 204 λόγος
248 171 384 206 περιέχων
401 171 503 206 ἀγαθοῦ
525 171 562 207 τῷ
590 172 745 199 πιστεύοντι
762 181 860 208 παρου-

949 178 969 207 t,
982 174 1125 202 continens
1139 174 1201 201 ιιοηί
1216 177 1387 210 praesentiam
1402 177 1553 213 cuicunque
1563 180 1698 209 credenti:

74 214 136 241 σίαν
150 215 166 250 ἤ
188 215 267 250 λόγος
282 217 516 252 ἐπαγγελλόμενος
534 220 660 253 παρεῖναι
675 219 703 245 τὺ
719 219 820 253 ἀγαθὸν
836 220 865 245 τὺ

75 261 311 297 προσδοκώμενον.
326 262 430 296 Πάντες
442 263 470 290 δὲ
482 265 505 289 οἱ
519 264 574 300 (56)
589 266 782 301 προειρημένοι
799 266 864 301 ἡμῖν

73 306 135 342 ὅροι
147 307 203 342 (37)
222 307 408 343 ἐφαρμόζουσι
421 310 477 341 τοῖς
494 310 725 346 ἐπιγραφομένοις
744 311 864 346 Εὑαγγε-

74 351 152 383 λίοις·
171 352 286 379 ἕκαστον
298 353 350 389 γὰρ
370 354 533 389 Εὑαγγέλιον
554 355 679 391 σύστημα
693 356 864 391 ἀπαγγελλο-

76 397 167 432 μένων
180 397 328 433 ὠφελίμων
346 400 384 435 τῷ
398 401 563 433 πιστεύοντι,
583 401 630 428 καὶ
644 401 681 437 μὴ
695 403 863 438 παρεκδεξα-

75 443 159 478 μένῳ,
172 444 305 479 τυγχάνον
320 445 454 480 ὠφέλειαν
467 446 607 482 ἐμποιοῦν,
625 447 695 474 κατὰ
710 447 739 474 τὸ
754 447 863 483 εΰλογον

73 489 216 525 εὐφραίνει
228 491 352 519 διδάσκον
361 493 412 528 τὴν
422 493 454 519 δι’
465 493 623 529 ἀνθρώπους
631 493 679 520 τοῦ
691 495 862 530 πρωτοτόκου

74 535 166 570 πάσης
198 536 314 569 κτίσεως
337 538 456 573 Χριστοῦ
490 539 577 574 Ἰησοῦ
605 540 738 575 σωτήριον
770 541 863 573 αὐτοῖς

73 581 153 616 ὲπιδη
158 581 232 616 μίαν.
258 582 337 609 Ἀλλὰ
349 584 395 609 καὶ
405 584 446 610 ὅτι
460 583 537 618 λόγος
553 585 626 612 ἐπὶν
639 585 753 613 ἕκαστον
773 587 862 622 Εὐαγ-

74 627 162 660 γέλιον
179 628 310 655 διδάσκων
327 629 376 664 τὴν
390 629 438 655 τοῦ
451 630 554 664 ἀγαθοῦ
564 631 670 666 Πατρὺς
687 633 716 657 ὲν
733 632 790 667 Υἰῷ
806 635 863 665 τοῖς

75 671 247 707 βουλομένοις
266 673 468 709 παραδέξασθαι
487 675 646 711 ἐπιδημίαν,
666 678 746 703 παντὶ
762 677 801 713 τῷ
818 687 862 704 πι-

74 717 196 744 στεύοντι
214 719 309 754 σαφές·
323 720 363 746 ὃτι
374 720 402 746 δὲ
415 720 461 747 καὶ
478 721 579 755 ἀγαθὸν
596 722 794 756 ἐπαγγέλλεται
817 725 862 752 διὰ

72 763 126 789 τῶν
150 763 260 798 βιϐλίων
286 765 388 792 τούτων
411 766 440 792 τὸ
464 767 647 803 προσδοκηθὲν
671 769 721 796 οὐκ
744 770 859 805 ἀσαφές·

73 809 167 844 σχεδὸν
182 810 237 846 γὰρ
255 811 269 836 ὀ
290 811 444 847 Βαπτιστὴς
475 813 599 849 Ἰωάννης
619 815 668 850 τὴν
694 817 794 848 παντὸς
813 818 859 845 τοῦ

72 855 137 882 λαοῦ
153 855 242 883 λαϐὼν
266 858 357 894 φωνήν
373 866 439 894 φησι
459 859 571 894 πέμψας
587 860 626 895 τῷ
646 861 746 896 Ἰησοῦ”
776 863 819 890 Σὺ
835 865 864 890 εἷ

72 903 89 927 ὀ
104 901 278 936 ἐρχόμενος,
301 902 319 936 ἢ
335 902 438 936 ἕτερον
453 904 679 940 προσδοκῶμεη
702 907 862 942 Προσδοκὼ-

72 954 154 980 μενον
167 947 223 982 γὰρ
236 947 335 980 ἀγαθὸν
349 947 386 983 τῷ
399 947 456 983 λαῷ
471 949 485 974 ὁ
499 949 615 984 Χριστὸς
627 947 672 985 ἦν,
689 952 752 986 περὶ
766 948 796 978 οὗ
812 961 862 988 κη-

71 993 230 1028 ρυσσόντων
247 992 300 1019 τῶν
316 993 473 1029 προφητῶν,
495 995 576 1030 μέχρι
591 997 638 1023 καὶ
654 997 708 1024 τῶν
725 999 861 1034 τυχόντων

70 1037 174 1070 πάντες
191 1039 231 1069 εἰς
252 1039 332 1065 αὑτὸν
350 1039 429 1074 ἔσχον
439 1041 462 1066 οἱ
479 1041 532 1066 ὑπὸ
551 1041 633 1076 νόμον
648 1043 696 1069 καὶ
719 1044 861 1080 προφήτας

70 1085 122 1116 τὶς
140 1083 261 1116 ἐλπίδας,
286 1084 323 1116 ὡς
349 1087 516 1122 μαρτυρεῖή
542 1086 707 1123 Σαμαρεῖτις
734 1089 858 1123 λέγουσα·

69 1129 152 1162 οἴδα,
170 1130 213 1157 ὅτι
230 1132 367 1164 Μεσσίας
383 1132 500 1166 ἔρχεται
515 1134 531 1159 ὁ
547 1135 710 1168 λεγόμενος
722 1136 858 1169 Χριστός·

72 1178 167 1203 Ὅταν
193 1176 266 1211 ἔλθῃ
292 1177 417 1210 ἐκεῖνος,
442 1179 607 1214 ἀπαγγελεῖ
631 1180 704 1214 ἡμῖν
732 1181 859 1208 ἅπαντα.

77 1222 160 1250 Ἀλλά
189 1224 235 1250 καὶ
264 1223 354 1259 Σίμων
378 1225 424 1251 καὶ
448 1225 582 1258 Κλεόπας,
605 1226 762 1261 ὁμιλοῦντες
793 1228 861 1263 πρὸς

67 1269 205 1305 ἀλλήλους
221 1269 284 1304 περὶ
297 1270 405 1297 πάντων
418 1270 471 1297 τῶν
489 1271 699 1307 συμϐεϐηκότων
712 1273 751 1308 τῷ
773 1274 859 1309 Ἰησοῦ

67 1315 147 1350 εὒτῷ
168 1315 208 1350 τῷ
231 1315 340 1351 Χριστῷ
365 1316 522 1348 ἀναστάντι,
550 1317 656 1344 οὐδέπω
680 1318 860 1352 γινώσκοντες

67 1361 220 1397 ὲγηγέρθαι
238 1361 318 1388 αὑτὸν
334 1363 366 1388 ἐκ
382 1363 485 1398 νεκρῶν
499 1371 578 1397 φασιν
597 1365 639 1391 Σὺ
650 1366 744 1399 μόνος
758 1372 860 1400 παροι-

67 1408 135 1441 κεῖς
149 1408 184 1434 ἐν
203 1408 409 1443 Ἰερουσαλὴμ,
426 1409 474 1436 καὶ
488 1410 544 1436 οὐκ
558 1410 650 1444 ἔγνως
663 1411 699 1438 τὰ
716 1413 861 1446 γενόμενα

66 1454 104 1479 ἐν
122 1452 202 1486 αὐτῇ
218 1453 253 1479 ἐν
277 1453 342 1486 ταῖς
358 1453 481 1487 ἡμέραις
496 1455 636 1487 radente;
653 1457 799 1490 Εἰπόντος
815 1456 859 1490 δὲ,

67 1498 145 1526 Ποῖα
156 1505 167 1530 ;
179 1499 401 1533 ἀποκρίνονται,
426 1499 463 1526 Τὰ
479 1500 546 1534 περὶ
571 1501 667 1534 Ἰησοῦ
687 1502 741 1528 τοῦ
767 1503 859 1533 Ναζα-
874 1513 895 1542 c

63 1545 175 1580 ρηνοῦ,
196 1545 230 1577 ὃς
254 1544 371 1578 ἐγένετο
393 1545 470 1580 ἀνὴρ
492 1547 656 1581 προφήτης,
676 1548 806 1582 δυνατὸς
825 1549 860 1576 ἐν

67 1591 148 1625 Eme:
170 1590 219 1617 καὶ
241 1590 322 1625 λόγῳ
337 1591 476 1617 ἐναντίον
497 1591 550 1618 τοῦ
578 1592 652 1619 Θεοῦ
674 1593 724 1620 καὶ
747 1594 860 1627 παντὸς

67 1637 124 1664 τοῦ
137 1637 224 1668 λαοῦ,
240 1636 320 1669 ὅπως
335 1645 366 1664 τε
381 1637 557 1671 παρέδωκαν
570 1639 662 1666 αὐτὸν
675 1641 702 1666 οί
714 1640 861 1675 ἀρχιερεῖς

68 1683 122 1710 καὶ
144 1684 173 1710 0!
193 1683 338 1717 ἄρχοντες
363 1683 448 1717 ἡμῶν
467 1685 510 1716 είς
536 1684 625 1719 rapina
648 1685 788 1719 θανάτου,
810 1687 859 1714 καὶ

67 1729 268 1762 ἐσταύρωσαν
297 1729 401 1755 αὐτόν.
436 1728 535 1763 Ἡμεῖς
560 1729 595 1755 δὲ
616 1729 789 1765 ἠλπίζομεν,
817 1731 861 1758 ὅτι

68 1775 164 1808 αὑτός
177 1775 264 1802 ἐστιν
277 1776 293 1801 ὀ
307 1774 428 1809 μέλλων
451 1775 634 1808 λυτροῦσθαι
649 1776 703 1803 τὸν
731 1777 858 1810 Ἰσραήλ.

68 1821 145 1857 Πρὸς
157 1821 262 1852 τούτοις
289 1821 416 1855 Ἀνδρέας
437 1822 450 1848 ὁ
469 1821 582 1855 ἀδελφὸς
607 1822 728 1858 Σίμωνος
744 1823 859 1860 Πέτρου,

68 1867 160 1902 εὑρὼν
178 1867 224 1894 τὸν
242 1867 356 1902 ἀδελφὸν
371 1867 417 1894 τὸν
434 1867 500 1894 [διον
519 1869 638 1904 Σίμωνα,
656 1869 729 1903 λέγει
741 1877 748 1885 ο
763 1871 860 1905 Εὑρή-

68 1921 168 1948 καμεν
186 1913 240 1940 τὸν
258 1914 408 1945 Μεσσίαν,
428 1913 444 1939 ὅ
458 1914 535 1945 ἐστι,
553 1916 859 1949 μεθερμηνευόμενον,

67 1959 209 1993 Χριστός.
234 1959 289 1985 Καὶ
315 1959 373 1994 μετ’
394 1958 472 1992 ὀλίγα
496 1960 511 1985 ὁ
533 1959 677 1991 Φίλιππος,
705 1960 793 1997 εὑρὼν
815 1961 860 1988 τὸν

68 2003 230 2039 Ναθαναὴλ,
242 2004 316 2038 λέγει
329 2003 402 2039 αὐτῷ
412 2013 418 2019 ·
440 2005 494 2031 Ὃν
506 2005 618 2040 ἔγραψε
631 2005 762 2040 Μωϋσῆς
774 2007 809 2033 ὲν
821 2007 861 2040 τῷ

66 2051 152 2084 νόμῳ
168 2049 217 2076 καὶ
242 2051 269 2076 οὶ
290 2049 449 2084 προφῆται,
472 2050 643 2085 εὑρήκαμεν
665 2051 719 2077 τὸν
743 2051 861 2085 Ἰησοῦν

67 2096 125 2123 τὸν
139 2095 209 2123 υίὺν
223 2095 276 2122 τοῦ
299 2096 410 2130 Ἰωσὴφ
424 2096 477 2122 τὸν
493 2096 551 2123 ἀπὸ
565 2096 703 2130 Ναζαρέτ.

105 2143 133 2169 8.
161 2141 241 2174 Δόξαι
260 2142 282 2168 δ’
304 2142 337 2169 ἄν
355 2150 398 2173 τις
422 2142 579 2169 ἐνίστασθαι
604 2142 643 2178 τῷ
665 2143 766 2179 πρώτῳ
794 2144 858 2179 ὅρῳ,

69 2189 133 2215 ἐπεὶ
159 2188 207 2214 καὶ
230 2188 265 2215 τὰ
294 2188 332 2224 μὴ
363 2188 591 2224 ἐπιγεγραμμένα
616 2188 770 2223 Εὐαγγὲλια
793 2189 860 2216 ὑπο-

69 2233 167 2260 πίπτει
190 2232 280 2268 αὐτῷ·
308 2234 322 2259 ὸ
344 2233 398 2269 γὰρ
419 2234 500 2269 νόμος
523 2235 569 2260 καὶ
584 2235 609 2260 οἱ
633 2235 770 2270 προφῆται
787 2235 860 2269 λόγοι

68 2279 247 2307 πιστεύονται
282 2276 352 2306 εἶναι
383 2279 556 2316 περιέχοντες
590 2280 759 2315 ἀπαγγελίαν
789 2289 860 2317 πρα-

68 2325 187 2361 γμάτων
203 2323 274 2351 κατὰ
288 2324 319 2351 τὸ
341 2323 453 2358 εὔλογον
472 2324 516 2351 διὰ
530 2325 559 2351 τὸ
573 2324 688 2359 ὠφελεῖν
701 2324 860 2361 εὖφραινόν-

68 2380 126 2398 των
138 2371 203 2403 τοὺς
219 2370 378 2403 ἀκούοντας,
396 2369 465 2397 ἐπὰν
488 2369 692 2406 παραδέξωνται
710 2370 744 2397 τὰ
769 2371 859 2404 ἁπαγο

69 2416 233 2451 γελλόμενα.
257 2415 372 2451 Λεχθείη
391 2415 414 2442 δ’
440 2416 473 2442 ἂν
487 2415 555 2451 πρὸς
579 2415 659 2442 τοῦτο
678 2416 718 2442 ὅτι
735 2415 788 2451 πρὸ
810 2416 860 2451 τῆς

69 2462 193 2498 Χριστοῦ
219 2461 364 2496 ἐπιδημίας
386 2463 401 2488 ό
426 2462 506 2496 νόμος
529 2462 576 2488 καὶ
595 2462 620 2488 oi
644 2462 792 2497 προφῆται,
812 2462 860 2488 am

71 2507 188 2543 μηδέπω
203 2506 360 2542 ἐληλυθότος
375 2505 421 2533 τοῦ
434 2506 468 2533 τὰ
479 2507 508 2532 ἐν
519 2506 608 2537 αὐτοῖς
627 2506 763 2541 μυστήρια
775 2513 861 2540 σαφη-

70 2553 203 2586 νίζοντος,
213 2553 264 2579 οὐκ
275 2550 347 2588 εῐχον
359 2553 388 2579 τὺ
400 2552 561 2588 ἐπάγγελμα
572 2552 620 2579 τοῦ
632 2552 696 2588 περὶ
711 2551 759 2578 τοῦ
774 2552 862 2586 Εὐαγ-

69 2599 165 2634 γελίου
182 2599 256 2635 ὅρου·
274 2599 289 2625 ὁ
301 2599 330 2625 δὲ
346 2599 451 2635 Σωτὴρ,
467 2598 640 2633 ἐπιδημήσας
654 2599 701 2625 καὶ
724 2597 754 2624 τὸ
770 2597 861 2631 Εὐαγ-

69 2646 163 2680 γὲλιον
188 2645 445 2681 σωματοποιηθῆναι
478 2645 604 2680 ποιήσας,
636 2643 675 2678 τῷ
702 2643 861 2678 Εὐαγγελίῳ

105 2729 128 2745 ⁸³
144 2727 240 2756 Matth.
254 2735 292 2760 χι,
306 2728 332 2756 5.
371 2727 394 2743 ⁸⁸
408 2726 486 2754 Joan.
499 2734 534 2758 tv,
548 2726 593 2753 25.
631 2725 654 2741 "
668 2725 733 2752 Luc.
746 2732 821 2756 xxtv,
835 2725 860 2751 ti

947 2729 964 2752 ιι
977 2733 1052 2761 seqq.

109 2775 163 2811 [56)
197 2775 292 2812 ᾼόγος
316 2773 596 2812 napique-“(1136217-
625 2771 665 2805 τῷ
690 2772 862 2812 πιστεύοντι

70 2807 289 2847 παροὺσίωέητ
321 2807 485 2847 [hirneae
498 2807 536 2847 σιτ
558 2808 619 2835 llme
643 2808 733 2835 omnia
754 2807 860 2847 deside-

73 2842 168 2872 rantur
183 2846 210 2872 in
225 2845 345 2872 editione
357 2844 457 2878 Huctti,
473 2845 653 2872 restituuntur
666 2850 698 2870 ex
721 2842 860 2869 codicibus

916 218 967 250 vel,
984 220 1074 246 oratio
1097 219 1232 247 allii-matis
1247 222 1343 249 adesse
1358 222 1458 250 bonum
1472 225 1542 258 quod
1558 231 1702 260 exspecta-

915 263 1004 292 batur.
1022 264 1123 292 Omnes
1139 270 1228 293 autem
1245 274 1313 301 quas
1335 269 1512 302 prmdiximus
1529 270 1701 299 deﬁnitiones

916 309 949 337 iis
973 311 1141 337 conveniunt
1156 318 1216 346 quae
1241 313 1426 341 inscribuntur
1447 315 1613 351 Evangelia:
1638 324 1700 344 cum

916 353 987 381 enim
1013 356 1225 390 unumquodque
1253 356 1427 392 Evangelium
1465 360 1500 386 sit
1527 363 1701 390 coacervatio

915 399 1072 426 nuntiorttut
1093 400 1198 427 utilium
1225 401 1249 428 ei
1276 402 1322 436 qui
1347 403 1424 430 ﬁdem
1447 404 1593 440 adjungit,
1614 413 1702 441 neque

914 451 1014 479 pra'ter
1040 453 1196 480 germanam
1215 447 1357 474 scientiam
1380 449 1519 484 intelligit,
1546 456 1573 479 et
1595 452 1698 480 emolu-

916 496 1039 518 mentum
1059 491 1164 524 atl'erat,
1177 492 1241 527 jure
1259 494 1356 520 merito
1369 493 1489 522 lmtitiam
1505 497 1586 530 parit,
1602 499 1701 526 docens

915 536 1060 563 salutarem
1071 537 1214 564 adventum
1224 539 1256 565 ad
1266 538 1400 572 homines,
1409 545 1436 567 et
1447 547 1556 576 propter
1565 543 1700 576 homines.

912 579 1087 616 'primogeniti
1111 583 1199 610 omnis
1214 588 1355 616 creaturae,
1381 593 1480 620 nempe
1504 585 1567 614 Jesu
1588 589 1700 616 Christi.

914 625 983 658 Quin
1013 628 1095 654 etiam
1123 630 1194 663 quod
1227 629 1402 664 Evangelium
1431 634 1641 669 unumquodque
1666 636 1701 662 sit

913 671 1012 704 oratio,
1029 673 1130 700 docens
1145 673 1206 701 boni
1220 673 1309 703 Patris
1322 677 1347 703 itt
1365 676 1433 705 Filio
1448 679 1592 705 adventum
1605 681 1637 707 ad
1652 687 1700 707 vo-

914 716 998 744 lentes
1013 726 1074 745 eunt
1089 719 1217 754 excipere
1232 741 1240 753 ,
1256 722 1379 749 eredenti
1401 723 1512 751 cuilibet
1529 725 1699 760 perspicuum

913 767 965 790 est.
980 763 1058 796 Quod
1072 768 1163 791 autent
1179 770 1366 800 exspectatum
1378 768 1460 795 etiam
1474 768 1574 796 bonum
1589 778 1638 805 per
1651 772 1701 800 hos

913 807 996 835 libros
1012 809 1179 843 promittitur
1190 830 1197 842 ,
1211 817 1264 838 non
1284 817 1326 838 est
1339 811 1500 840 obscurum:
1520 815 1603 842 totius
1621 824 1699 844 nam-

913 860 966 888 que
978 854 1069 888 populi
1084 854 1141 882 fere
1157 863 1204 883 ore
1221 856 1334 891 loquens
1346 858 1467 892 Baptista
1482 859 1601 888 Joannes
1618 862 1644 889 in
1661 863 1699 889 le-

911 899 1021 934 gatione
1034 901 1068 928 ad
1083 900 1176 928 Jesum
1192 903 1274 930 missa
1291 904 1329 930 ait
1341 903 1378 931 l':
1402 904 1475 932 Num
1496 912 1523 932 tu
1540 915 1567 934 es
1582 908 1626 935 ille
1641 917 1700 935 ven-

912 951 986 973 turus
999 966 1007 978 ,
1028 955 1063 973 an
1087 947 1171 974 alium
1197 951 1401 983 exspectamus?
1418 951 1610 986 Exspectatum
1627 954 1698 982 enim

913 999 927 1018 a
944 992 1041 1026 populo
1059 993 1169 1026 bonum,
1185 994 1265 1022 Jesus
1283 1001 1360 1028 erat;
1382 996 1414 1023 de
1429 1004 1482 1031 quo
1499 999 1639 1032 prophetis
1652 1008 1701 1026 an-

912 1038 1115 1070 nuntiantibus,
1130 1039 1158 1074 8
1170 1041 1252 1067 etiam
1269 1048 1284 1067 e
1299 1042 1380 1076 vulgo
1394 1043 1508 1076 quilibet
1519 1044 1642 1072 homines
1653 1046 1698 1080 qui

912 1084 962 1110 sub
976 1083 1034 1118 lege
1047 1089 1074 1111 et.
1089 1086 1229 1119 prophetis
1244 1091 1344 1120 erant,
1361 1087 1386 1114 in
1402 1095 1435 1115 eo
1449 1095 1522 1123 spem
1541 1089 1698 1123 habebant;

913 1129 1076 1157 Samaritide
1092 1130 1137 1156 illa
1155 1131 1204 1158 ltoc
1222 1136 1339 1159 testante
1355 1138 1438 1167 atque
1451 1134 1560 1162 dicente
1573 1134 1611 1162 δίε
1632 1135 1698 1162 Novi

912 1175 981 1209 quod
1004 1174 1114 1203 Messius
1129 1177 1195 1202 venit
1206 1196 1214 1208 ,
1229 1177 1275 1210 qui
1291 1178 1390 1204 dicitur
1407 1179 1538 1207 Christus.
1554 1180 1620 1207 Cum
1638 1189 1698 1216 ergo

911 1222 1010 1250 venerit
1026 1223 1070 1250 ille
1082 1243 1090 1256 ,
1108 1224 1180 1250 nobis
1201 1225 1331 1251 nuntiabit
1351 1227 1448 1252 omnia.
1476 1226 1544 1260 Quin
1562 1232 1588 1254 et
1605 1227 1698 1255 Simon

911 1273 939 1295 et
953 1268 1079 1304 Cleopas,
1095 1269 1165 1296 inter
1179 1278 1208 1297 sc
1223 1278 1364 1299 sermones
1377 1272 1550 1300 conferentes
1564 1275 1597 1301 de
1613 1275 1700 1301 omni-

912 1314 961 1342 bus
972 1322 1031 1350 qttze
1047 1315 1097 1349 ipsi
1111 1315 1173 1343 Jesu
1185 1316 1304 1349 Christo,
1315 1318 1361 1352 qui
1374 1325 1570 1351 resurrexcrat.
1585 1321 1700 1349 accidis-

911 1364 981 1394 sent,
994 1362 1114 1388 nondum
1127 1361 1212 1396 ipsum
1225 1370 1240 1388 ο
1253 1364 1369 1390 mortuis
1381 1364 1498 1391 excitum
1515 1365 1599 1392 fuisse
1614 1367 1700 1394 scien-

913 1409 964 1438 tes,
974 1406 1098 1440 inquiunt
1110 1406 1148 1432 ⁸⁸2
1164 1406 1202 1433 Tu
1215 1407 1285 1434 solus
1299 1409 1449 1443 peregrinus
1460 1418 1486 1436 es
1498 1409 1698 1446 Hierosolymis,

911 1459 992 1486 neque
1019 1452 1160 1486 cognovisti
1186 1461 1243 1487 qua:
1267 1453 1337 1487 facta
1355 1459 1415 1481 sunt
1442 1455 1497 1481 illic
1516 1455 1557 1482 his
1582 1456 1672 1483 diebus
1687 1457 1700 1484 ?

912 1496 1028 1532 Cumque
1042 1497 1086 1525 ille
1100 1498 1207 1525 dixisset
1218 1518 1225 1530 ,
1251 1499 1315 1530 Qua:
1326 1499 1339 1525 .9
1353 1500 1541 1534 responderunt
1555 1520 1563 1533 ,
1583 1500 1620 1528 De
1632 1501 1697 1528 Iesu

912 1542 1054 1570 Nazarene
1069 1563 1076 1575 ,
1090 1545 1136 1577 qui
1159 1543 1209 1578 fuit
1229 1543 1267 1571 vir
1289 1543 1422 1579 Propheta
1437 1565 1444 1578 ,
1464 1551 1556 1580 potens
1579 1554 1654 1581 opere
1674 1552 1698 1573 et

911 1596 1029 1616 sermone
1042 1597 1131 1616 coram
1153 1590 1206 1617 Deo
1220 1595 1245 1617 et
1264 1595 1317 1617 toto
1330 1591 1426 1626 populo
1439 1599 1449 1619 .'
1465 1597 1488 1619 et
1503 1593 1632 1627 quomodo
1644 1596 1698 1621 tra-

911 1635 1032 1661 diderunt
1047 1643 1105 1662 eum
1119 1637 1216 1663 summi
1231 1637 1381 1664 sacerdotes
1395 1644 1418 1664 et
1432 1638 1562 1671 principes
1573 1639 1657 1665 nostri
1670 1638 1698 1666 in

911 1681 1152 1708 condemnationem
1175 1683 1280 1714 mortis,
1300 1688 1323 1711 et
1339 1683 1526 1718 cruciﬁxerunt
1548 1692 1617 1713 eum.
1642 1683 1698 1711 Nos

912 1732 997 1753 autem
1018 1728 1186 1761 sperabamus
1206 1737 1264 1756 eum
1282 1737 1337 1756 esse
1354 1730 1430 1757 illum
1449 1730 1494 1765 qui
1517 1731 1698 1765 redempturus

911 1778 976 1800 esset
991 1774 1088 1802 Israel.
1105 1774 1145 1801 Ad
1162 1775 1218 1802 hare
1234 1775 1364 1808 Andreas,
1382 1775 1466 1803 frater
1484 1776 1602 1804 Simonis
1614 1776 1697 1806 Petri.

911 1819 1019 1853 reperto
1035 1819 1120 1846 fratre
1131 1827 1179 1847 suo
1195 1821 1317 1854 Simone,
1334 1821 1400 1849 dicit
1411 1821 1448 1848 “z
1465 1821 1616 1849 Invenimus
1634 1822 1699 1849 Mes-

911 1865 978 1891 sium
996 1865 1065 1898 quod
1081 1869 1138 1897 est,
1163 1866 1185 1892 si
1211 1866 1389 1900 interpreteris
1403 1887 1410 1899 ,
1428 1866 1559 1894 Christus.
1576 1867 1698 1902 Cumque

911 1909 991 1944 paulo
1006 1916 1067 1945 post
1083 1910 1223 1946 Philippus
1241 1913 1388 1947 reperisset
1403 1912 1614 1947 Nathanaelcm,
1634 1914 1700 1941 dicit

913 1955 950 1982 illi
968 1955 1007 1982 ‘7:
1026 1955 1064 1982 De
1081 1964 1131 1990 quo
1149 1956 1253 1990 scripsit
1268 1955 1374 1992 Moyses
1391 1958 1418 1984 in
1436 1957 1500 1991 lege,
1514 1962 1539 1984 et
1555 1958 1697 1992 prop/tem,

912 2000 1054 2027 invenimus
1068 2000 1159 2028 Iesum
1175 2001 1261 2034 ﬁlium
1276 2000 1373 2037 Joseplt
1391 2001 1575 2030 Nazarenum.

947 2140 973 2168 8.
992 2140 1069 2173 Quod
1085 2141 1108 2168 si
1126 2141 1189 2175 quis
1206 2148 1356 2176 repugnare
1371 2141 1436 2168 velit
1453 2141 1548 2176 prima:
1564 2141 1698 2170 definitio-

877 2189 899 2217 ι)
914 2186 952 2219 ηἰ,
971 2186 1036 2220 quia
1056 2187 1157 2214 cadant
1175 2190 1203 2214 et
1219 2187 1270 2213 alia
1292 2187 1342 2213 sub
1366 2193 1426 2213 eam
1450 2194 1510 2221 quae
1525 2194 1578 2214 non
1601 2186 1697 2214 inscri-

912 2231 1014 2258 batttur
1029 2231 1167 2266 Evangelii
1189 2231 1275 2262 titulo,
1291 2231 1417 2266 dicatque
1433 2231 1520 2266 legem
1536 2235 1564 2259 et
1581 2232 1695 2267 prophe-

913 2277 981 2304 ticos
993 2283 1134 2304 sermones
1146 2278 1286 2304 continere
1298 2276 1423 2303 nuntium
1440 2283 1530 2303 rerum
1544 2283 1616 2310 quae,
1625 2278 1696 2310 quod

911 2321 992 2349 utiles
1007 2322 1063 2349 sint
1077 2342 1085 2355 ,
1110 2323 1208 2350 merito
1222 2322 1343 2349 hctitiam
1360 2321 1470 2356 pariunt
1483 2321 1601 2348 auditori
1617 2322 1697 2349 simul

913 2376 945 2396 ac
960 2368 994 2395 ab
1009 2368 1067 2403 ipso
1081 2368 1237 2403 approbata:
1253 2368 1363 2401 fuerint,
1377 2367 1597 2402 respondebimus
1609 2367 1696 2404 legem

914 2418 942 2441 et
965 2413 1139 2449 propheticus
1162 2421 1303 2441 sermones
1326 2418 1388 2440 ante
1415 2412 1517 2440 Christi
1537 2414 1698 2447 adventum,

915 2460 976 2494 quia
1000 2460 1119 2487 ttottdtttn
1143 2460 1296 2487 advertisset
1318 2459 1361 2486 ille
1384 2459 1430 2494 qui
1459 2460 1485 2486 in
1509 2459 1551 2486 itis
1572 2463 1699 2486 contenta

915 2510 1051 2533 reserarel
1067 2506 1206 2541 mysteria,
1222 2512 1275 2532 tton
1288 2505 1414 2532 habuisse
1426 2504 1556 2539 ejusmodi
1570 2505 1695 2532 nuntium

915 2551 986 2585 quod
1004 2550 1145 2597 Evangelii
1162 2551 1321 2579 definitione
1337 2551 1506 2579 continetur:
1524 2551 1697 2579 Senatorem

915 2603 980 2624 vero
992 2617 1000 2630 ,
1016 2598 1049 2623 ad
1065 2595 1115 2624 nos
1130 2605 1192 2625 cum
1218 2597 1378 2625 accessisset
1393 2617 1401 2632 ,
1418 2602 1445 2624 et
1468 2600 1499 2624 ut
1523 2595 1698 2632 Evangelium

917 2650 1032 2679 corpore
1055 2647 1128 2671 esset
1143 2644 1286 2679 praeditum
1302 2643 1436 2671 eti‘ecisset
1451 2662 1459 2676 ,
1474 2642 1622 2678 perfecisse
1637 2650 1698 2671 cunt

1091 2725 1113 2741 “
1128 2723 1206 2752 Juan.
1223 2732 1242 2758 ι,
1257 2724 1301 2752 Μ.
1340 2725 1361 2740 ³⁷
1379 2724 1456 2752 Joan.
1471 2732 1490 2758 t,
1505 2725 1550 2752 45.

917 2772 1065 2800 Baritcritto
1079 2777 1105 2800 et
1119 2772 1277 2800 Bodleiano.

951 2807 1007 2843 (57)
1021 2808 1112 2841 Ὅροι.
1127 2808 1215 2836 Codex
1233 2806 1405 2839 Bodleianus,
1419 2805 1504 2841 λόγοι.
