1872 3041
170 91 207 119 35
892 88 974 117 OMG
981 88 1057 115 ENIS

170 148 330 184 Evangelia,
342 152 372 176 ut
387 148 478 175 omnia
494 152 586 175 essent
598 147 687 175 instar
699 148 848 182 Evangelii.
866 147 959 182 Νιιιιιιο
978 147 998 174 Λ

169 201 269 230 prartcr
290 195 460 231 propositum
483 195 609 228 exemplo
637 199 728 220 uterer
743 215 750 226 ,
769 194 813 228 qui
831 201 961 227 panem...

172 242 289 276 Quando
300 241 421 268 enim....
437 240 500 267 ﬁliis
520 240 662 267 hominum
676 239 821 266 divinitate
838 246 899 270 sua.
918 240 965 266 ab-

170 288 236 319 lato.
250 287 320 322 quod
330 287 356 313 in
372 287 431 321 lege
440 291 468 312 et
480 286 621 321 prophetis
637 290 706 318 erat,
723 285 866 316 velamine.
880 285 963 312 Deum

169 333 251 360 certis
270 332 424 360 rationibus
438 332 567 360 ostendit.
585 331 674 366 palam
689 332 786 359 oculos
800 339 905 366 ponens
921 332 964 358 his

169 378 214 411 qui
232 377 374 412 sapientia:
400 376 460 411 ejus
477 377 606 410 discipuli
627 376 727 403 vellent
751 376 821 406 ﬁeri.
839 383 962 410 quamam

171 428 233 448 vera
253 421 295 447 lex
312 420 414 457 Moysis
433 421 598 452 contineret.
622 429 736 454 quorum
761 421 915 456 exemplum
936 427 964 448 et

170 467 292 494 umbram
309 467 438 494 colebant
459 466 578 500 antiqui:
601 471 629 493 et
651 474 776 501 quamam
799 467 832 494 sit
861 467 962 493 veritas

170 521 260 541 rerum
278 513 304 540 in
327 513 450 540 historiis
465 517 669 545 coulontarum,
682 521 742 547 qua:
757 513 782 539 in
800 513 884 545 ﬁgura
897 521 962 540 con-

170 560 310 594 ﬁngebant
317 559 382 590 illis,
391 556 502 594 prop’ter
510 566 558 586 nos
565 559 676 592 scripta,
687 559 720 585 ad
730 566 798 592 quos
807 558 873 586 lines
882 566 964 585 szecn-

170 605 259 632 lorum
273 604 302 639 9
312 604 419 632 deducti
431 610 495 631 sunt
509 604 543 631 ".
557 603 652 631 Nullus
663 611 729 638 ergo
740 604 772 630 ad
788 611 870 638 quem
885 603 963 631 Chrlo

170 656 229 678 stus
244 650 403 682 accesserit,
416 649 457 676 vol
476 650 501 676 in
518 649 769 684 Hierosolymorum
785 649 861 680 urbe.
878 650 920 675 vel
936 650 962 676 in

171 696 372 723 Samaritarum
388 700 480 723 monte
494 696 578 723 Deum
595 696 706 725 adorat:
724 696 773 723 sed
785 703 846 722 cum
861 695 964 723 didice-

172 742 207 769 rit
222 741 307 768 Deum
333 741 459 776 spiritum
479 749 550 774 esse,
567 741 746 776 spiritualiter
769 741 844 768 illum
870 742 964 768 colens

171 787 269 822 spiritu
282 791 309 814 et
326 787 453 819 veritate.
468 795 521 814 non
540 787 657 822 amplius
679 788 730 815 sub
745 787 839 822 lignris
853 786 960 814 Patrem

170 833 360 861 universorum
388 832 538 867 mundique
563 821 688 868 opiﬁcem
710 821 816 860 adorat.
856 832 960 866 Quam-
977 821 998 849 Β

168 881 263 910 obrem
280 883 343 907 ante
356 878 421 906 illud
439 878 614 914 Evangelium
640 879 712 915 quod
723 886 771 914 per
787 878 888 906 Christi
914 879 962 907 ad-

170 930 281 953 ventum
297 930 338 952 est
355 929 458 958 ortum,
477 923 545 952 nihil
561 931 653 952 rerum
675 925 848 960 antiquarum
875 925 963 952 Evan-

169 971 270 1005 gelium
293 974 362 998 erat.
380 970 464 997 Porro
479 969 667 1004 Evangeiium,
692 971 763 1006 quod
790 974 832 998 est
857 970 961 997 Novum

169 1018 390 1050 Testamentum,
402 1025 464 1045 cum
479 1024 530 1044 nos
542 1025 556 1043 a
569 1021 705 1044 vetustate
720 1017 818 1045 litterze
834 1017 962 1044 abduxis-

170 1070 222 1097 set.
236 1064 348 1099 spiritus
360 1064 508 1092 novitatem
525 1071 662 1098 nunquam
675 1068 876 1097 senescentem,
889 1069 917 1091 et
928 1064 962 1092 ad

169 1111 274 1138 Novum
290 1110 492 1137 Testamentum
513 1109 624 1144 proprie
650 1110 844 1144 pertinentem,
858 1117 918 1144 qua:
934 1109 961 1136 in

169 1157 297 1184 omnibus
310 1162 351 1183 est
365 1156 527 1190 Scripturis,
542 1155 606 1184 luce
626 1155 790 1189 cognitionis
804 1155 961 1183 illustravit.

170 1203 289 1231 Necesse
306 1206 397 1229 autem
411 1205 480 1234 erat,
501 1201 527 1228 id
547 1202 619 1236 quod
631 1201 765 1228 i-ﬂiciebat
781 1206 809 1228 ut
825 1201 852 1228 in
867 1200 964 1228 Testa—

172 1253 265 1276 mento
277 1247 369 1275 Veteri
384 1251 526 1282 putaretur
543 1246 718 1282 Evangelium
734 1254 805 1280 esse,
827 1247 964 1282 prmcipue

170 1292 348 1328 Evangelium
367 1291 508 1327 appellari.

205 1348 232 1377 9.
255 1349 384 1376 Attamen
410 1355 463 1374 non
487 1345 668 1382 ignorandnm
699 1346 776 1373 nobis
799 1352 841 1374 est
861 1345 963 1374 Christi

171 1396 332 1425 adventum,
349 1398 496 1429 antequam
519 1401 634 1428 corpore
648 1395 682 1420 ad
699 1398 787 1420 terras
809 1393 962 1420 descende-

171 1445 224 1474 ret,
238 1439 436 1475 inlelligibilem
461 1438 547 1465 multo
574 1442 639 1465 ante
657 1437 756 1464 factum
775 1437 859 1465 fuisse
874 1437 964 1472 perle-

171 1485 312 1517 ctioribus,
330 1484 495 1518 minimeque
523 1483 653 1517 parvulis,
670 1483 768 1517 quippe
784 1482 830 1516 qui
844 1490 858 1508 a
875 1482 963 1517 pmda-
976 1493 997 1522 ε

171 1538 300 1566 gogorum
318 1534 530 1563 curatorumque
546 1536 611 1556 cura
626 1536 658 1556 ac
672 1529 755 1556 tutela
769 1528 846 1555 liberi
859 1533 961 1560 essent,

170 1577 206 1604 ob
224 1576 320 1604 oculos
335 1576 468 1603 habentes
479 1574 672 1608 plenitudinem
686 1582 745 1602 eam
761 1575 891 1610 temporis
903 1581 963 1609 quze

171 1629 263 1651 mente
275 1623 455 1653 cernebatur:
470 1628 499 1650 ut
512 1622 637 1650 erantilli
655 1621 827 1656 patriarchae,
843 1626 871 1648 et
886 1621 962 1657 Moy-

171 1678 215 1698 ses
233 1669 276 1696 ille
295 1673 387 1697 lautus
415 1677 522 1702 servus,
547 1676 579 1696 ac
607 1668 703 1703 reliqui
731 1667 889 1702 prophetat,
916 1667 961 1702 qui

170 1717 270 1745 Chriin
290 1716 405 1752 gloriam
422 1717 597 1752 contemplati
611 1721 683 1744 sunt.
701 1715 838 1743 Cteterum
858 1719 887 1742 ut
900 1720 963 1742 ante

170 1763 340 1798 corporalem
357 1768 385 1791 et
401 1763 574 1791 manifestum
602 1763 747 1792 adventum
775 1762 808 1788 ad
826 1761 963 1797 perfectos

170 1810 331 1841 advenerat,
347 1808 386 1837 sic
400 1809 483 1836 etiam
497 1814 556 1844 post
569 1808 735 1844 divulgatum
747 1807 833 1842 ipsius
849 1815 964 1840 pra-sen-

171 1857 235 1884 tiam
248 1855 280 1882 ad
299 1863 347 1883 eos
363 1855 408 1890 qui
429 1855 578 1882 etiamnum
596 1858 660 1881 sunt
678 1854 780 1888 parvuli
793 1873 800 1884 .
819 1854 884 1888 quia
908 1853 962 1879 sint

170 1902 220 1929 sub
236 1901 411 1929 curatoribus
428 1905 454 1928 et
481 1899 762 1930 administratoribus.
786 1906 817 1925 ac
842 1897 961 1924 nondum

169 1948 346 1985 pervenerint
363 1947 397 1975 ad
424 1947 555 1982 temporis
579 1945 793 1982 plenitudinem,
821 1952 962 1972 sernmues

169 1995 279 2029 quidam
312 2000 496 2028 prscursores
522 1991 625 2018 Christi
655 1991 835 2023 advenerunt,
862 1991 962 2018 animis

171 2038 322 2072 puerilibus
336 2036 546 2068 accommodati,
564 2036 610 2071 qui
630 2036 691 2070 jure
707 2036 844 2070 βιωτικοεί
861 2043 961 2063 vocen-

172 2090 225 2111 tur.
243 2085 276 2110 At
295 2091 360 2110 vero
377 2083 435 2117 ipse
449 2083 545 2115 Filius,
559 2082 615 2116 ipse
629 2082 797 2117 gloriﬁcatus
813 2082 881 2110 Deus
896 2083 963 2110 Ver-

172 2130 234 2157 bum
251 2130 369 2156 nondum
389 2128 515 2161 advenit;
533 2127 659 2154 nimirum
684 2133 848 2163 exspectans
873 2133 900 2154 ut
916 2127 961 2155 Dei

172 2175 299 2203 homines
314 2174 485 2202 divinitatem
500 2174 572 2200 illius
585 2174 737 2208 percepturi
755 2174 895 2201 decentem
911 2182 959 2209 ap-
977 2169 998 2196 Β

172 2227 298 2256 paratum
308 2219 421 2248 faciant.
431 2218 490 2246 lam
500 2220 588 2246 ethoc
599 2225 707 2253 quoque
720 2219 840 2246 sciamus
850 2227 962 2248 necesse

171 2271 213 2294 est
229 2274 236 2292 :
253 2271 283 2293 ut
299 2266 340 2293 lex
355 2265 479 2293 utubram
498 2265 620 2292 continet
635 2264 790 2291 futurorum
808 2265 942 2293 bonorum
953 2285 960 2297 ,

171 2320 231 2346 qum
247 2311 421 2339 declarantur
442 2311 480 2337 ab
491 2317 525 2338 ea
544 2309 602 2344 lege
629 2317 690 2344 qua:
714 2310 891 2338 anuuutiatur
919 2318 963 2337 sc—

171 2358 291 2386 cundum
310 2357 464 2388 veritatem,
481 2355 521 2383 sic
531 2356 612 2383 etiam
630 2355 815 2390 Evnugelium,
831 2357 904 2391 quod
921 2357 962 2384 vel

172 2411 188 2430 a
217 2403 426 2438 quibuscumque
451 2401 609 2435 vulgaribus
635 2401 749 2436 intelligi
775 2402 961 2434 existimatur,

171 2450 295 2476 umbram
308 2449 386 2475 docet
399 2447 590 2483 mysteriorum
602 2446 714 2474 Christi.
729 2447 819 2482 Atque
835 2447 961 2481 equidem

172 2494 244 2528 quod
267 2492 387 2521 Joannes
412 2492 531 2528 appellat
548 2492 724 2527 Evangelium
751 2493 959 2528 sempiternum,

171 2540 242 2574 quod
260 2539 368 2575 proprie
381 2539 433 2566 dici
447 2544 537 2574 posset
548 2539 700 2574 spirituale,
712 2543 807 2574 aperte
819 2538 887 2565 viris
899 2545 962 2565 cor-

172 2587 242 2614 datis
269 2590 296 2612 et
317 2585 531 2621 intelligentibus
549 2586 584 2614 ob
607 2585 701 2614 oculos
717 2580 799 2618 ponit'
811 2584 903 2612 omnia
927 2583 961 2611 de

206 2635 230 2651 ⁸⁸
247 2631 378 2668 lCor.'x,
396 2634 439 2661 ll.

208 2682 264 2715 (τε)
280 2682 334 2709 Καὶ
355 2683 410 2710 οὐκ
428 2683 467 2709 ἂν
489 2682 547 2709 ἀπὸ
571 2681 689 2708 σκοποῦ
717 2679 898 2715 χμισαῡιηνν
919 2677 960 2711 τῷ

172 2718 384 2752 παραδείγματι
404 2718 458 2745 τοῦ
480 2717 572 2752 μικρὰ
593 2716 646 2752 καὶ⁸
665 2716 710 2742 ὅτι
738 2714 858 2752 ὅλον-Ἢ.
873 2714 961 2752 ᾯταν

172 2748 271 2788 πάλ...
288 2748 382 2786 ιῖὣύς,
394 2758 448 2780 etc.
461 2748 620 2788 “acomnia
631 2750 810 2788 desunbapud
824 2748 961 2788 Hostium,

173 2782 219 2815 sed
235 2782 414 2815 restituuntur
431 2795 463 2814 ex
487 2786 628 2814 codicibus
649 2782 796 2810 Bodleiano
811 2788 839 2810 et
862 2782 962 2810 Barbe-

175 2824 246 2856 riuo,
257 2825 282 2850 in
299 2824 396 2858 quibus
410 2822 499 2850 adhuc
515 2822 608 2848 lacuna
622 2819 704 2846 inest.

1771 95 1805 120 Sil

1012 146 1101 173 πάντα
1129 147 1196 173 ὡσεὶ
1231 146 1396 180 Εὐαγγὲλιον
1420 145 1590 182 πεποίηκεν·
1621 147 1668 175 καὶ
1692 147 1744 175 οὒκ
1771 149 1804 175 ἂν

1014 191 1068 218 ἀπὸ
1085 191 1187 218 σκοποῦ
1203 191 1360 227 χρησαίμην
1376 191 1415 227 τῷ
1430 192 1631 228 παραδείγματι
1646 193 1693 219 τοῦ
1717 194 1805 229 μικρὰ

1015 238 1063 264 καὶ
1090 238 1131 264 ὅτι
1159 237 1276 264 ὅλον.....
1305 238 1389 263 Ὅταν
1407 237 1472 274 γὰρ.
1489 258 1495 264 .
1509 258 1515 264 .
1529 257 1537 264 .
1554 258 1562 265 .
1578 239 1654 271 υἱοὺς
1671 239 1727 275 (38)
1753 240 1806 266 τῶν

1016 283 1168 319 ἀνθρώπων
1193 285 1227 319 τῇ
1257 283 1376 319 θειότητι
1403 283 1485 311 αὐτοῦ
1512 284 1644 319 περιελὼν
1665 285 1694 311 τὸ
1719 285 1749 312 ἐν
1770 286 1806 320 τῷ

1016 330 1091 365 νόμῳ
1107 330 1154 356 καὶ
1169 330 1324 366 προφήταις
1344 329 1474 364 κάλυμμα
1491 331 1546 365 (59)
1564 331 1673 358 πάντων
1685 330 1717 357 τὸ
1731 330 1806 357 Gelo»

1015 376 1151 408 ἀπέδειξε,
1167 375 1293 412 φανερῶς
1317 377 1496 412 παραστήσας
1508 378 1565 408 τοῖς
1590 376 1744 412 βουληθεῖσι.
1758 377 1808 411 τῆς

1015 422 1111 456 σοφίας
1127 421 1209 449 αὑτοῦ
1220 421 1347 456 γενέσθαι
1366 422 1500 457 μαθηταῖς
1511 422 1573 449 τίνα
1582 422 1617 448 τὰ
1628 422 1745 458 ἀληθινὰ
1759 423 1807 449 τοῦ

1015 468 1154 500 Μωῦσέως
1182 468 1286 503 νόμου,
1313 465 1352 494 ὧν
1378 467 1557 503 ὑποδείγματι
1583 468 1631 495 καὶ
1659 469 1722 503 σκιᾷ
1747 468 1808 495 ἐλά-

1017 522 1112 550 τρευον
1127 515 1151 540 οἰ
1179 514 1273 546 πάλαι,
1302 514 1348 541 καὶ
1375 513 1415 545 τίς
1441 515 1457 549 ή
1481 513 1595 549 ἀλήθεια
1614 514 1669 540 τῶν
1698 515 1729 540 ὲν
1749 517 1808 546 ταῖς

1019 559 1151 595 ἱστορίαις
1184 560 1365 596 πραγμάτων,
1390 559 1468 586 ἅτινα
1499 559 1621 592 τυπικῶς
1651 560 1808 586 συνέϐαινεν

1015 606 1130 637 ἐκείνοις
1141 614 1147 620 ·
1166 605 1274 641 ἐγράφη
1289 605 1318 632 δέ
1341 605 1374 631 δι’
1390 606 1463 640 ἡμᾶς
1475 625 1482 635 ,
1505 606 1546 637 εἰς
1563 605 1609 636 οὓς
1624 605 1658 632 τὰ
1671 605 1736 640 τέλη
1755 604 1808 632 τῶν

1015 651 1120 678 αἰώνων
1149 652 1313 687 κατήντησε.
1344 652 1402 683 Πᾶς
1424 649 1471 678 οὖν
1547 651 1664 687 Χριστὸς
1683 651 1807 686 ἐπιδεδή-

1016 706 1114 733 μηκεν,
1131 697 1193 724 οὔτε
1210 698 1239 724 ὲν
1259 697 1455 733 Ἱεροσολύμοις
1471 696 1532 724 οὔτε
1549 698 1578 724 ὲν
1592 697 1630 733 τῷ
1642 697 1695 724 τῶν
1716 698 1809 733 Σαμα-

1017 743 1113 779 ρειτῶν
1138 743 1197 778 ᾕρει
1219 742 1275 778 (ιο)
1296 744 1444 779 προσκυνεῖ
1459 742 1498 778 τῷ
1512 743 1590 778 Θεῷο
1612 743 1680 770 ἀλλὰ
1704 743 1808 778 μαθὼν,

1014 789 1056 815 ὅτι
1083 788 1192 824 πνεῦμα
1219 788 1235 815 ὁ
1256 787 1333 820 Θεὸς.
1363 788 1555 824 πνευματικῶς
1570 788 1710 823 λατρεύων
1735 788 1809 823 αὐτῷ

1013 835 1147 870 πνεύματι
1163 835 1211 862 καὶ
1224 834 1348 870 ἀληθεία,
1364 834 1456 862 οὐκέτι
1472 834 1501 861 δὲ
1513 834 1647 868 τυπικῶς,
1661 835 1810 870 προσκυνεῖ

1012 881 1058 907 τὸν
1073 880 1127 907 τῶν
1140 881 1210 907 ὅλων
1228 881 1339 917 Πατέρα
1356 880 1404 907 καὶ
1427 879 1603 916 δημιουργόν.
1629 879 1736 906 Οὐκοῦν
1757 880 1810 915 πρὸ

1014 926 1060 953 τοῦ
1077 927 1253 962 Εὑαγγελίου,
1269 926 1283 953 ὅ
1295 926 1390 961 γέγονε
1403 926 1448 954 διὰ
1459 925 1634 962 τὴνΧριστοῦ
1649 925 1808 961 ἐπιδημίαν,

1013 972 1089 998 οὐδὲν
1103 971 1159 999 τῶν
1173 971 1258 999 πάλαι
1284 971 1449 1005 Εὑαγγέλιον
1467 969 1512 1006 ἦν.
1529 971 1566 997 Τὸ
1580 970 1610 997 δὲ
1632 970 1809 1004 Εὑαγγέλιον,

1013 1018 1081 1056 ὅπερ
1099 1019 1158 1045 ἐστὶ
1174 1017 1296 1054 Διαθήκη
1313 1017 1412 1053 Καινὴ,
1427 1017 1584 1052 ἀποστῆσαν
1603 1017 1678 1052 ἡμᾶς
1696 1017 1809 1044 παλαιό-

1013 1073 1092 1100 τητος
1116 1064 1163 1091 τοῦ
1185 1065 1358 1100 γράμματος,
1375 1064 1424 1100 τὴν
1445 1063 1580 1099 μηδέποτε
1604 1063 1810 1098 παλαιουμένην

1013 1110 1162 1146 καινότητα
1170 1110 1218 1137 τοῦ
1233 1109 1399 1146 πνεύματος,
1411 1109 1514 1136 οἰκείαν
1526 1109 1576 1144 τῆς
1591 1109 1696 1144 Καινῆς
1710 1108 1809 1144 Διαῡή-

1013 1165 1065 1192 κης
1082 1156 1285 1192 τυγχάνουσαν,
1305 1156 1334 1182 ὲν
1354 1155 1456 1187 πάσαις
1473 1155 1656 1190 ἀνακειμένην
1675 1155 1810 1190 Γραφαίς,

1013 1201 1052 1236 τῷ
1065 1202 1135 1236 φωτὶ
1147 1202 1197 1236 τῆς
1211 1201 1338 1235 γνώσεως
1350 1201 1517 1237 ἀνέλαμψεν.
1537 1201 1636 1236 Ἐχρῆν
1649 1200 1679 1227 δέ
1692 1200 1724 1227 τὸ
1733 1208 1812 1235 ποιη-

1013 1249 1089 1275 τικὸν
1109 1247 1156 1275 τοῦ
1180 1248 1227 1274 καὶ
1243 1249 1272 1275 ὲν
1289 1249 1322 1283 τῇ
1348 1247 1453 1283 Παλαιᾷ
1479 1247 1600 1283 Διαθήκῃ
1625 1246 1812 1282 νομιζομένου

1014 1294 1181 1329 Εὐαγγελίου
1201 1293 1349 1329 ἐξαιρέτως
1363 1293 1504 1321 καλεῖσθαι
1520 1292 1696 1328 Εὐαγγέλιον.

1049 1340 1077 1368 9.
1094 1340 1168 1376 Πλὴν
1182 1341 1232 1367 οὐκ
1246 1339 1394 1375 ἀγνοητέον
1405 1338 1524 1375 Χριστοῦ
1538 1338 1686 1375 ἐπιδημίαν
1698 1338 1748 1366 καὶ
1758 1339 1814 1375 πρὸ

1013 1388 1064 1424 τῆς
1080 1387 1151 1415 κατά
1169 1386 1248 1422 σῶμα
1260 1386 1407 1422 ἐπιδημίας
1420 1386 1469 1422 τὴν
1481 1386 1579 1421 νοητὴν
1597 1385 1739 1420 γεγονέναι
1754 1387 1814 1418 τοῖς

1013 1434 1192 1470 τελειοτέροις
1215 1433 1262 1460 καὶ
1280 1432 1311 1459 οὺ
1325 1432 1442 1467 νηπίοις,
1462 1431 1522 1458 οὐδὲ
1542 1431 1595 1458 ὑπὸ
1619 1431 1814 1466 παιδαγωγοὺς

1014 1481 1062 1508 καὶ
1084 1480 1249 1516 ἐπιτρόπους
1273 1479 1517 1513 ἐπιτυγχάνουσιν,
1530 1476 1571 1509 οἷς
1593 1477 1623 1504 τὺ
1646 1478 1742 1514 νοητὸν
1762 1477 1814 1505 τοῦ

1014 1527 1110 1562 χρόνου
1125 1526 1261 1562 πλήρωμα
1278 1524 1385 1560 ἐνέστη,
1400 1523 1600 1559 πατριάρχαις,
1627 1523 1674 1551 καὶ
1696 1524 1815 1552 Μωῦσεῐ

1014 1573 1052 1608 τῷ
1070 1572 1231 1608 θεράποντι,
1260 1571 1307 1598 καὶ
1337 1572 1393 1602 τοῖς
1414 1570 1590 1605 τεθεαμένοις
1611 1569 1730 1605 Χριστοῦ
1758 1570 1812 1606 τὴν

1013 1618 1092 1652 δόξαν
1111 1617 1273 1653 προφήταις.
1296 1616 1401 1650 Ὠσπερ
1416 1615 1445 1641 δὲ
1466 1615 1518 1650 πρὸ
1535 1615 1585 1650 τῆς
1601 1614 1738 1649 ἐμφανοῦς
1762 1615 1814 1642 καὶ

1013 1663 1085 1692 κατὰ
1096 1663 1178 1698 σῶμα
1194 1661 1340 1697 ἐπιδημίας
1358 1661 1516 1697 ἐπεδήμησε
1528 1662 1584 1693 τοῖς
1601 1660 1725 1692 τελείοις,
1736 1660 1814 1688 οὕτω

1013 1710 1061 1737 καλ⁹
1075 1709 1145 1745 μετὰ
1160 1709 1209 1744 τὴν
1228 1707 1437 1743 κεκηρυγμένην
1451 1707 1602 1742 παρουσίαν
1619 1707 1676 1738 τοῖς
1697 1706 1736 1732 ἔτι
1760 1715 1814 1742 νη-

1012 1755 1098 1787 πίοις,
1115 1754 1164 1781 {ire
1189 1753 1242 1780 ὑπὸ
1265 1753 1430 1789 ἐπιτρόπους
1451 1753 1616 1787 τυγχάνουσι
1641 1752 1689 1778 καὶ
1703 1752 1814 1778 οἰκονό-

1015 1809 1094 1837 μους,
1108 1800 1156 1827 καὶ
1169 1799 1281 1835 μηδέπω
1297 1800 1343 1825 ἐπὶ
1358 1798 1388 1825 τὸ
1400 1799 1536 1834 πλήρωμα
1552 1798 1599 1825 τοῦ
1613 1798 1710 1834 χρόνου
1725 1799 1816 1833 ἐφθα-

1012 1848 1100 1881 κόσιν,
1112 1848 1136 1873 οἱ
1153 1847 1202 1882 μὲν
1212 1846 1359 1882 πρόδρομοι
1370 1845 1488 1880 Χριστοῦ
1503 1844 1719 1880 ἐπιδεδημήκασι
1730 1845 1815 1872 παισὶ

1013 1893 1112 1928 ψυχαῖς
1129 1892 1295 1928 ἁρμόζοντες
1311 1891 1394 1925 λόγοι,
1414 1890 1532 1924 εὐλόγως
1545 1890 1577 1917 ἂν
1590 1889 1736 1925 κληθέντες
1745 1898 1816 1917 παι-

1013 1941 1131 1975 δαγωγοί
1140 1949 1146 1956 ·
1165 1941 1246 1971 αὐτὸς
1262 1940 1290 1966 δέ
1301 1939 1315 1964 ὁ
1332 1938 1395 1970 Υἱὸς
1406 1939 1420 1964 ὁ
1430 1937 1624 1972 δεδοξασμένος
1645 1937 1711 1968 Θεὸς
1722 1937 1816 1971 Λόγος

1013 1987 1128 2018 οὐδέπω,
1145 1986 1299 2021 περιμένων
1308 1985 1357 2020 τὴν
1371 1984 1483 2010 δέουσαν
1505 1982 1633 2017 γενέσθαι
1659 1991 1816 2019 προπαρα-

1014 2033 1114 2067 σκευὴν
1126 2033 1182 2064 τοῖς
1199 2031 1326 2067 μέλλουσι
1342 2031 1441 2066 χωρεῖν
1462 2028 1545 2056 αὐτοῦ
1562 2029 1612 2065 τὴν
1631 2029 1745 2065 θεότητα
1761 2031 1816 2057 ἀν-

1014 2079 1133 2115 θρώποις
1144 2078 1221 2106 Θεοῦ.
1234 2077 1289 2103 Καὶ
1301 2076 1379 2102 τοῦτο
1390 2075 1418 2101 δὲ
1435 2075 1532 2102 ειδέναι
1541 2075 1634 2110 ἐχρῆν,
1647 2075 1698 2106 ὅτι,
1713 2076 1818 2114 ὥσπερ

1013 2126 1071 2152 ἐστὶ
1082 2125 1162 2160 νόμος
1179 2123 1257 2150 σκιὰν
1283 2121 1418 2156 περιέχων
1439 2119 1494 2146 τῶν
1520 2120 1672 2154 μελλόντων
1694 2121 1819 2154 ἀγαθῶν

1014 2171 1066 2197 ὑπὸ
1080 2169 1126 2196 τοῦ
1145 2168 1216 2196 κατὰ
1227 2167 1355 2202 ἀλήθειαν
1372 2164 1624 2200 καταγγελλομένω
1651 2165 1734 2200 νόμου
1762 2167 1817 2203 δη-

1012 2216 1159 2252 λουμένων,
1183 2214 1255 2241 οὕτω
1280 2213 1327 2239 καὶ
1356 2211 1522 2246 Εὖαγγέλιον
1545 2213 1625 2239 σκιὰν
1649 2214 1816 2250 μυστηρίων

1012 2260 1130 2297 Χριστοῦ
1146 2259 1266 2286 διδάσκει
1282 2257 1313 2283 τὸ
1338 2256 1517 2292 νομιζόμενον
1539 2256 1592 2283 ὑπὸ
1618 2256 1728 2283 πάντων
1753 2258 1815 2284 τῶν

1013 2305 1231 2341 ἐντυγχανόντων
1247 2303 1376 2331 νοεῖσθαι.
1393 2303 1425 2330 "0
1437 2303 1465 2329 δέ
1478 2311 1560 2339 φησιν
1581 2302 1708 2338 Ἰωάννης
1719 2302 1815 2337 Εὐαγ-

1013 2353 1103 2388 γέλιον
1119 2351 1239 2381 αἰώνιον,
1259 2350 1368 2382 οἰκείως
1383 2349 1416 2376 ἂν
1439 2349 1638 2385 λεχθησόμενον
1658 2357 1814 2384 πνευματι-

1013 2399 1070 2431 κὸν,
1083 2397 1176 2432 σαφῶς
1191 2397 1340 2432 παρίστησι
1355 2397 1412 2428 τοῖς
1426 2395 1517 2422 νοοῦσι
1532 2395 1567 2422 τὰ
1585 2394 1674 2422 πάντα
1691 2395 1813 2422 ἐνώπιον

1014 2445 1079 2480 περὶ
1094 2443 1176 2470 αὑτοῦ
1190 2442 1236 2469 τοῦ
1252 2441 1317 2468 Υἱοῦ
1330 2441 1376 2468 τοῦ
1394 2440 1473 2472 Θεοῦ,
1492 2440 1539 2467 καὶ
1560 2440 1595 2467 τὰ
1615 2440 1813 2476 παριστάμενα

1016 2489 1152 2525 μυστήρια
1167 2488 1219 2514 ὑπὸ
1234 2487 1288 2514 τῶν
1304 2487 1391 2521 λόγων
1404 2485 1497 2517 αὑτοῦ,
1513 2485 1547 2512 τά
1560 2495 1589 2512 τε
1604 2487 1757 2522 πράγματα
1771 2484 1813 2513 ὧν

1014 2536 1165 2571 αἰνίγματα
1181 2533 1252 2570 ἦσαν
1269 2534 1295 2560 αἱ
1317 2532 1431 2568 πράξεις
1445 2531 1538 2558 αὑτοῦ.
1563 2532 1674 2564 Τούτοις
1690 2532 1719 2559 δὲ
1746 2533 1814 2560 ἀκό-

1013 2582 1108 2610 λουθόν
1118 2582 1191 2608 ἐστιν
1206 2578 1398 2614 ἐκλαμϐάνειν,
1420 2578 1461 2604 ὃτι
1480 2577 1510 2604 δν
1534 2577 1634 2612 τρόπον
1653 2578 1682 2604 ἐν
1696 2577 1811 2615 φανερᾷ

1053 2675 1108 2711 (59)
1124 2674 1217 2711 Codex
1234 2672 1409 2711 Bodleianus.
1424 2671 1454 2711 τὸ
1468 2673 1497 2699 ὲν
1519 2672 1674 2711 προφήταις
1695 2674 1808 2711 acab-toi

1014 2707 1251 2746 νόμουκάλυμμα.
1269 2708 1328 2746 alo}
1339 2715 1389 2746 pro
1403 2707 1511 2734 πάντων
1525 2707 1555 2734 τὺ
1568 2707 1645 2734 Θεῖον
1661 2709 1810 2743 legendum.

1016 2742 1122 2773 videtur
1133 2742 1242 2775 πάντως
1256 2742 1287 2768 τδ
1302 2743 1389 2769 Θείον.

1052 2780 1108 2814 (40)
1127 2780 1219 2813 "Opes.
1239 2777 1300 2805 llrcc
1316 2785 1368 2805 vox
1382 2777 1537 2805 restituitur
1550 2786 1582 2805 ex
1597 2778 1692 2806 codice
1706 2779 1815 2807 Barbc—

1016 2823 1086 2844 1⁵1110.
