1872 3041
190 79 223 106 59
921 74 1081 103 (.‘ﬂlGENlS
1798 80 1828 108 ιο

190 137 284 164 missa.
300 136 404 170 Quibus
421 137 470 172 ιι
489 143 554 164 sane
567 135 646 163 bonis
657 135 926 169 anntmtiationibus,

1087 136 1113 163 ἰδ
1133 137 1197 171 περὶ
1213 136 1266 162 τῶν
1281 137 1438 164 ἀποστόλων
1450 157 1456 168 ,
1476 137 1546 171 τάχα
1568 135 1596 162 δὲ
1620 136 1666 164 καὶ
1684 135 1826 171 εὐαγγελι-

191 183 389 218 apostolorum,
405 183 447 210 vel
468 182 623 209 Scrvatoris
648 182 734 209 nostri
757 182 857 209 divinae
873 190 980 217 quoque

191 234 358 256 attestantnr
379 229 527 263 Scriptura:
542 237 549 255 :
567 228 650 255 David
678 228 752 256 enim
775 229 810 256 de
829 229 959 263 apostolis
972 249 979 261 ,

191 273 317 301 fortassis
328 275 408 301 etiam
423 274 456 300 de
469 274 645 308 cvangelistis
662 274 698 300 ait
715 274 738 289 ⁵ο
754 282 761 300 :
784 274 913 301 Dominus
930 275 983 300 da-

190 318 225 344 bil
244 319 347 344 verbum
370 319 611 353 euangelizantibus
627 319 726 345 virtute
745 319 830 346 multa
846 328 855 347 :
871 327 918 346 rea:
931 319 981 346 eir-

191 366 274 390 lutum
292 363 400 396 dilecti;
415 363 496 390 simul
514 364 596 391 etiam
615 364 717 390 docens
740 371 792 391 non
809 364 983 398 compositio-

189 415 252 436 nem
271 408 429 441 verborum,
444 415 496 435 non
509 408 689 442 prolationent
703 414 810 438 vocum,
823 414 876 434 non
889 406 981 433 elabo-

191 458 279 480 ratam
294 453 429 480 orationis
454 453 685 484 pttlrhritmlinem
703 453 737 479 ad
763 452 979 487 persuadendum

190 499 352 531 conducere,
362 498 408 526 sed
417 499 525 525 virtutis
535 499 633 526 divinae
642 498 897 533 suppeditationem.
909 497 979 531 Qua-

189 553 218 572 re
231 545 331 572 Paulus
342 546 424 572 etiam
439 545 538 572 alicubi
554 545 575 560 '“
589 544 628 571 sic
642 545 730 578 inquit
744 553 751 571 :
766 544 828 571 Non
840 552 979 579 agnoscam

188 599 336 617 sermonem
350 591 461 617 istorum
472 591 516 626 qui
530 597 590 617 sunt
604 591 702 625 inﬂati,
717 591 762 617 sed
777 591 910 618 virtutem.
925 590 982 617 Nec

189 637 258 663 enim
278 641 315 663 eu
338 636 366 662 in
384 645 502 663 sermone
515 645 621 671 regnum
646 637 704 667 Dei.
724 637 769 664 sed
785 638 812 664 in
825 637 931 664 virtute.
950 637 982 664 Et.

1032 182 1103 208 στῶν
1115 181 1202 215 λέγων
1213 190 1219 196 ·
1236 183 1344 215 Κύριος
1361 181 1451 208 δώσει
1462 181 1546 216 ,ῥῆμα
1563 181 1626 214 τοῖς
1642 181 1824 216 εὐαγγελιῖοε

1028 225 1132 260 μένοις
1141 225 1265 260 δυνάμει
1279 225 1381 261 πολ.λῇ
1389 235 1395 241 ·
1412 228 1428 253 ό
1437 227 1588 260 βασιλεὺς
1598 226 1658 253 τῶν
1670 226 1825 262 δυνάμεων

1031 270 1084 297 τοῦ
1096 271 1266 306 ἀγαπητοῦ
1280 271 1338 307 ἅμα
1349 273 1397 299 καὶ
1416 272 1566 305 διδάσκων,
1587 273 1628 299 ὅτι
1651 272 1682 299 οὐ
1702 272 1826 303 σύνθεσις

1032 314 1123 349 λόγου,
1137 317 1184 342 καὶ
1201 317 1326 352 προφορὰ
1336 317 1442 351 φωνῶν,
1457 318 1504 346 καὶ
1514 318 1656 354 ἠσκημένη
1672 318 1807 350 καλλιλεξ.
1819 339 1826 345 .

1032 361 1108 389 ἀνύει
1124 362 1192 398 πρὸς
1212 363 1242 388 τὸ
1258 362 1373 395 πείθειν,
1388 363 1456 390 ἀλλὰ
1474 364 1615 400 δυνάμεως
1635 364 1710 397 θείας
1734 366 1827 400 ἐπιχο-

1033 408 1125 444 ρηγία.
1149 409 1249 444 Διόπερ
1269 409 1316 436 καὶ
1330 411 1343 435 ὁ
1361 410 1466 442 Παῦλός
1481 419 1532 437 που
1555 411 1640 446 φησί’
1666 411 1826 446 Γνώσομαι

1032 454 1068 480 οὐ
1085 453 1137 480 τὸν
1151 455 1244 488 λόγον
1254 454 1308 481 τὸν
1318 455 1559 489 πεφυσιωμένον,
1576 456 1656 483 ἀλλὰ
1668 456 1726 490 τὴν
1737 456 1827 484 δύνα-

1032 508 1082 533 μιν
1092 508 1098 514 ·
1113 501 1148 526 οὺ
1170 501 1224 534 γὰρ
1247 500 1282 527 ἐν
1304 502 1384 535 λόγῳ
1397 501 1416 535 ἡ
1429 502 1575 533 ,βασιλεία
1587 502 1641 529 τοῦ
1655 502 1741 535 Θεοῦ.
1757 503 1826 530 ἀλλ’

1032 545 1066 571 ἐν
1079 545 1203 580 δυνάμει
1215 554 1221 560 ·
1236 545 1283 572 καὶ
1297 546 1325 572 ὲν
1339 546 1429 578 ἄλλοις
1439 554 1445 561 ·
1462 547 1515 573 Καὶ
1534 548 1550 573 ό
1569 548 1661 582 λόγος
1681 556 1758 582 μου,
1778 547 1826 574 καὶ

1033 590 1066 617 τὸ
1082 591 1219 626 κήρυγμά
1229 601 1289 625 μου
1311 593 1367 618 οὑκ
1390 592 1425 618 ἐν
1450 593 1560 626 πειθοῖς
1578 594 1690 627 σοφίας
1711 594 1824 628 λόγοις,

1032 637 1143 664 ἀλλ’ἑν
1153 637 1304 670 ἀποδείξει
1313 639 1483 673 πνεύματος
1496 639 1544 666 καὶ
1556 639 1718 674 δυνάμεως.
1732 640 1826 676 Ταύτῃ

190 682 257 708 alias
268 682 291 698 ⁵³
313 691 319 707 :
337 681 429 709 Sermo
447 690 519 709 meus
535 688 556 708 et
570 683 726 717 prwdicalio
742 691 799 709 utea
815 691 867 709 non
881 684 929 716 in;

1084 683 1191 719 δυνάμει
1218 684 1419 719 μαρτυροῦντες
1442 685 1456 710 ό
1482 685 1572 720 Σίμων
1597 685 1645 712 καὶ
1663 686 1677 712 ὁ
1696 685 1823 718 Κλεόπας

191 727 364 754 suasibilibus
387 727 525 761 sapientia:
547 728 642 760 verbis,
657 729 702 754 sed
720 729 746 754 in
759 728 930 755 demortui-mi

1085 729 1131 755 τίν’
1148 730 1222 764 Οὐχὶ
1240 731 1258 764 ἡ
1280 730 1388 764 καρδία
1410 730 1495 765 ἡμῶν
1507 731 1651 766 καιομένη
1670 730 1710 767 ἦν
1732 732 1768 759 ἑν
1788 730 1824 766 τῇ

188 773 298 805 spiritus
309 776 333 798 el
347 773 463 799 virtutis.
477 772 544 799 lluic
558 773 650 800 virtuti
667 778 831 801 attestantes
847 773 927 801 Situm

1086 776 1181 812 M48),
1202 777 1242 809 ὡς
1262 776 1413 812 διήνοιγεν
1434 777 1506 812 ἡμῖν
1521 778 1573 810 τὰς
1589 778 1729 813 Γραφάς;
1750 780 1781 806 0i
1798 779 1825 805 δὲ

189 819 304 854 Cleopas
318 821 412 847 dicunt
428 821 472 846 "z
492 820 586 848 Nonne
608 829 654 848 cor
672 827 792 849 nostrum
815 824 910 850 ardens
925 836 928 850 ι

1089 822 1186 854 στολοι,
1202 823 1263 849 ἐπεὶ
1273 822 1320 849 καὶ
1338 823 1454 858 ποδότης
1472 823 1531 850 ἐστὶ
1545 824 1685 859 δυνάμεως
1697 825 1826 860 ἐπιχορη-

188 866 217 893 in
233 867 284 897 ria,
299 875 356 893 cum
374 867 505 894 reserabat
519 868 593 894 nobis
612 867 785 902 Scripturas?
802 869 902 896 Verum
917 877 927 895 τι

1086 868 1167 903 μένης
1178 869 1230 894 ὑπὸ
1248 868 1316 895 Θεοῦ
1332 868 1499 904 διαφέρουσα
1514 871 1569 901 τοῖς
1589 869 1714 904 λέγουσιν
1725 890 1732 902 ,
1754 868 1825 905 εἶχον

191 913 264 945 stoli,
287 913 349 947 quia
379 914 525 947 quantitas.
542 914 652 940 virtutis
667 922 682 940 ξι
699 914 753 941 Deo
768 915 926 949 praedicanti

1087 914 1103 940 ἐν
1117 914 1146 940 τὸ
1173 914 1247 950 παρὰ
1267 914 1306 949 τῷ
1325 913 1405 940 Δαυῖδ
1421 913 1581 949 λεγόμενον·
1607 915 1713 948 Κύριος
1735 914 1825 942 δώσει

190 960 371 993 suppeditata:
385 965 426 986 cst
442 964 589 994 praestans,
618 960 730 987 multaut
752 960 874 988 habuere
895 961 929 988 vit

1089 969 1112 986 xz
1123 960 1185 993 τοῖς
1199 959 1471 996 εὐαγγελιζομένοις
1484 959 1609 995 δυνάμει
1619 960 1721 995 πολλῇ
1731 980 1738 991 ,
1764 960 1828 987 πολ-

192 1008 245 1030 tem
257 1003 334 1037 juxta
347 1005 411 1031 illud
429 1006 500 1039 quod
516 1007 586 1040 apud
607 1007 735 1033 Davidcut
751 1006 854 1034 dicitur
868 1006 893 1022 "
908 1015 914 1033 :
929 1006 983 1034 Do-

190 1052 277 1076 minus
299 1051 371 1076 tlabit
389 1053 494 1077 verbum
510 1052 752 1086 euangelizanlibus
773 1053 873 1080 virtute
885 1054 979 1081 multa.

189 1095 274 1122 Porro
292 1094 385 1126 Isaias.
409 1104 470 1122 cutn
496 1097 599 1124 diceret
612 1098 635 1114 ⁵⁸
654 1106 661 1125 :
683 1099 769 1131 Quam
794 1099 898 1133 pulchri
921 1106 982 1127 sum

189 1143 266 1175 pedes
283 1141 518 1176 euangelizanttam
542 1143 619 1177 bona,
637 1145 859 1179 praedicationem
879 1145 981 1172 intelli-

190 1194 257 1221 gens
272 1188 455 1221 apostolorum
471 1193 604 1216 maturam
616 1210 623 1222 ,
634 1194 660 1217 et
671 1189 697 1217 in
710 1194 828 1225 tempore
839 1193 920 1224 atque
935 1199 982 1225 op-

190 1239 306 1268 portune
321 1233 430 1266 factum,
451 1235 514 1261 dum
531 1236 556 1261 in
569 1242 602 1263 eo
621 1236 673 1262 iter
686 1235 789 1263 faciunt
801 1237 846 1271 qui
863 1237 980 1264 dixit":

191 1277 248 1313 Ego
272 1288 328 1306 sum
353 1281 405 1312 aia.
431 1280 523 1308 laudat
551 1282 633 1316 pedes
664 1282 819 1310 incedentes
844 1291 892 1318 per
910 1283 981 1310 viam

190 1325 291 1353 Christi
306 1326 380 1360 Jesu,
394 1327 633 1363 iugredientesque
645 1337 694 1364 per
708 1330 808 1357 ostium
827 1331 860 1356 ad
884 1330 979 1356 Deum.

191 1371 286 1406 Itaque
305 1374 375 1400 bona
392 1374 583 1409 evangelizant
605 1375 656 1408 illi,
680 1383 797 1410 quorum
819 1377 901 1411 pedes
920 1380 984 1404 sunt

191 1418 295 1453 pulchri
310 1418 392 1454 [bona
418 1421 555 1457 inquam},
570 1421 676 1449 scilicet
687 1421 791 1449 Jesum.

1032 1003 1079 1040 λὴν
1112 1003 1235 1040 δύναμιν.
1269 1005 1389 1037 Ἡσαΐας
1410 1005 1438 1032 δὲ
1454 1005 1579 1039 φάσκων·
1612 1007 1658 1039 Ὡς
1676 1005 1776 1039 ὡραῖοι
1800 1007 1829 1034 οἱ

1032 1051 1123 1084 πόδες
1134 1051 1192 1078 τῶν
1199 1050 1469 1087 εὐαγγτλιζομιένων
1486 1051 1591 1086 ἀγαθὰ,
1612 1051 1642 1078 τὸ
1658 1052 1759 1088 ὡραῖον
1780 1053 1827 1079 καὶ

1033 1097 1061 1122 ὲν
1083 1095 1170 1131 καιρῷ
1194 1097 1334 1131 γινόμενον
1359 1096 1413 1123 τῶν
1433 1097 1590 1124 ἀποστόλων
1613 1096 1760 1124 ὁδευόντων
1780 1097 1827 1124 τὸν

1032 1143 1158 1169 εἷπόντα’
1183 1141 1253 1176 Ἐγώ
1269 1143 1327 1176 εἰμι
1339 1143 1358 1176 ἠ
1377 1141 1457 1176 ὁδὸς,
1474 1143 1606 1178 κήρυγμα
1623 1143 1732 1178 νοήσας,
1747 1144 1829 1170 ἐπαι-

1033 1189 1073 1214 νεῖ
1087 1188 1170 1219 πόδας
1181 1189 1244 1219 τοὺς
1259 1188 1304 1214 διὰ
1314 1189 1363 1224 τῆς
1385 1189 1485 1224 νοητῆς
1509 1189 1570 1216 ὁδοῦ
1593 1189 1710 1225 Χριστοῦ
1738 1189 1828 1225 Ἰησοῦ

1035 1233 1200 1268 βαδίζοντας,
1216 1233 1261 1260 διά
1272 1243 1300 1260 τε
1312 1234 1362 1269 τῆς
1371 1233 1454 1270 θύρας
1463 1235 1597 1267 εἰσιόντας
1614 1235 1682 1271 πρὸς
1694 1235 1740 1262 τὸν
1748 1235 1826 1262 Θεόν’

1033 1279 1123 1314 ἀγαθὰ
1133 1280 1161 1306 δὲ
1179 1279 1400 1314 εὐαγγελίζονται
1412 1279 1485 1308 οὗτοι
1499 1278 1536 1308 ὧν
1547 1281 1642 1318 ὠραῖοί
1657 1283 1725 1308 εἰσιν
1739 1283 1763 1309 οἱ
1777 1282 1828 1310 πό-

1033 1325 1088 1357 δες,
1110 1325 1155 1352 τὸν
1181 1325 1294 1361 Ἰησοῦν.

227 1475 271 1502 Η.
283 1474 338 1503 Nec
350 1476 463 1504 miretur
476 1478 610 1513 quispiam
625 1477 647 1505 si
661 1479 771 1506 nomine
787 1479 919 1507 honorum
932 1487 966 1507 nu

1090 1475 1113 1502 l.
1133 1475 1187 1501 Καὶ
1198 1475 1234 1511 μὴ
1246 1475 1372 1511 Θαυμάσῃ
1386 1484 1428 1507 τις
1441 1475 1464 1501 εἰ
1477 1475 1650 1512 πληθυντικῷ
1664 1476 1777 1511 ὀνόματι
1790 1477 1829 1511 τῷ

192 1530 267 1549 mero
282 1523 462 1550 multitudinis
473 1524 650 1558 exposuimus
667 1525 823 1552 annuntiari
839 1525 933 1553 Jesum
949 1527 983 1554 ab

192 1569 442 1603 evangelizantibus
466 1578 473 1597 :
497 1571 628 1605 expositis
656 1571 730 1598 cuitu
761 1571 841 1598 rebus
869 1573 981 1599 nomina

193 1615 366 1648 habentibus,
384 1616 482 1651 quibus
494 1617 541 1644 Dei
562 1616 647 1644 Filius
663 1623 847 1652 nuncupatur,
861 1619 979 1646 sciemus

192 1661 327 1695 quomodo
346 1661 428 1688 multa
443 1661 512 1688 bona
531 1662 566 1688 sit
580 1661 670 1694 Jesus,
688 1671 768 1697 quem
783 1663 950 1691 annuntiant
965 1665 982 1691 ii

192 1713 308 1740 quorum
326 1707 441 1739 speciosi
456 1713 519 1734 sunt
537 1708 629 1742 pedes.
641 1709 698 1735 Vita
718 1709 818 1736 bonum
831 1715 872 1737 est
889 1717 981 1742 unum,

191 1757 216 1780 at
230 1751 309 1780 Jesus
320 1758 363 1780 est
378 1754 445 1780 vita.
456 1753 559 1781 Bonum
575 1755 689 1783 alterum
704 1755 748 1782 lux
763 1761 805 1783 cst
823 1756 926 1790 mundi,
937 1756 982 1783 lux

194 1806 268 1831 vera,
283 1800 329 1826 lux
344 1799 493 1827 hominum.
509 1801 543 1827 At
563 1801 619 1828 hzec
633 1802 724 1828 omnia
738 1802 841 1828 dicitur
863 1810 923 1830 esse
938 1802 984 1829 Fi-

197 1844 250 1871 lius
270 1844 327 1872 Dei.
343 1845 383 1872 Ad
402 1846 470 1879 lucc,
485 1851 666 1882 prarterquam
679 1848 750 1882 quod
766 1850 853 1876 vitaet
870 1849 915 1876 lux
930 1853 981 1881 est,

193 1890 266 1917 aliud
285 1892 367 1918 etiam
383 1896 425 1918 est
444 1892 544 1919 bonum
559 1913 566 1924 ,
587 1893 662 1928 juxta
684 1894 918 1921 considerationes
935 1903 984 1921 no-

191 1941 275 1968 stras,
288 1937 390 1964 veritas
402 1937 517 1965 scilicet.
529 1938 635 1966 Rursus
645 1944 687 1966 est
698 1939 771 1965 aliud
788 1940 900 1971 bonum,
912 1940 984 1974 quod

191 1987 235 2008 est
256 1988 382 2016 quartum
397 1983 511 2016 bonum,
527 1991 623 2018 nempe
638 1985 692 2017 via,
709 1991 769 2018 qua:
782 1985 814 2011 ad
831 1985 888 2011 lucc
912 1984 981 2011 bona

193 2035 243 2054 nos
254 2028 398 2055 conducat.
416 2028 478 2056 lltec
493 2035 584 2056 autent
601 2030 694 2056 omnia
718 2029 850 2056 Scrvator
864 2030 983 2063 seipsuut

191 2080 254 2101 esse
269 2074 358 2107 docet,
374 2074 468 2102 dicens
478 2076 499 2091 ⁸⁷
516 2084 523 2101 :
540 2075 596 2109 Ego
614 2083 672 2102 smn
686 2076 738 2108 via,
754 2076 852 2102 veritas
881 2080 904 2101 et
917 2077 981 2105 vita.

193 2119 333 2152 Quomodo
348 2124 438 2147 autent
451 2128 503 2147 non
519 2121 619 2147 bonum
631 2125 672 2147 cst
684 2128 828 2156 resurgere
846 2121 982 2148 hominem

192 2171 307 2192 excusso
317 2164 426 2199 pulvere
441 2169 468 2192 et
483 2165 717 2200 larnortalitate,
728 2165 856 2202 bocqnea
870 2167 983 2195 Domino

195 2211 303 2246 assequi
319 2211 469 2238 secundum
493 2211 563 2245 quod
588 2211 646 2246 ipse
665 2210 746 2239 Iesus
760 2217 802 2240 est
819 2214 983 2241 resurrectio

194 2257 239 2293 qui
253 2258 336 2285 etiam
360 2258 450 2292 inquit
466 2266 473 2284 :
491 2257 547 2293 Ego
563 2266 621 2285 sum
640 2259 798 2286 resurrectio
815 2259 858 2285 "7
872 2259 940 2293 Quin
956 2265 983 2287 et

194 2303 294 2330 ostium
307 2303 400 2336 etiam,
425 2312 472 2339 per
490 2305 562 2340 quod
578 2304 612 2332 ad
627 2312 763 2332 summam
788 2305 982 2333 beatitudinem

196 2348 257 2382 quis
281 2348 443 2384 ingreditur.
469 2354 511 2377 est
529 2350 641 2377 bonum.
667 2351 701 2377 At
728 2349 854 2378 Christus
868 2350 981 2385 inquit:

196 2392 254 2428 Ego
267 2402 324 2421 sum
341 2395 436 2421 ostium
449 2396 482 2423 ".
498 2396 567 2430 Quid
582 2404 647 2424 vero
659 2403 726 2430 opus
742 2401 784 2423 est
800 2397 882 2424 verba
896 2397 985 2426 facere

196 2438 230 2466 de
244 2440 392 2474 sapientia,
407 2449 486 2475 quam
504 2442 623 2468 condidit
642 2441 712 2470 Deus
737 2443 764 2470 in
786 2443 860 2470 initio
882 2444 984 2471 viarum

196 2494 304 2512 suarum
318 2486 346 2513 in
361 2494 438 2521 opera
453 2488 602 2523 sua“,qua
613 2489 873 2524 adgaudebatl'ater
888 2479 982 2524 ipsius,

196 2532 349 2561 oblectatus
375 2533 401 2560 in
421 2534 567 2561 multifaria
586 2535 670 2569 ipsius
682 2535 886 2570 pulchrituditte
902 2536 982 2564 intel-

198 2579 304 2613 ligilrili,
331 2587 391 2614 (μου
407 2580 473 2607 solis
492 2580 721 2609 intellectualibus
742 2581 828 2609 Oculis
850 2583 980 2615 cernitur,

233 2655 256 2692 ξ’
274 2656 346 2684 Psal.
361 2664 444 2690 uvu,
462 2657 505 2689 12,
522 2658 566 2685 l5.
607 2657 653 2684 ιιι
671 2658 733 2685 Cor.
752 2667 789 2689 tv,
802 2659 844 2692 l9,
858 2659 904 2687 9-0.

954 2661 976 2676 ¹¹
994 2660 1078 2687 lCor.
1096 2666 1127 2688 tt.
1143 2658 1172 2686 ι.
1212 2658 1236 2674 ⁸³
1251 2658 1318 2685 Luc.
1337 2666 1411 2692 xxtv,
1433 2658 1478 2686 52.

198 2690 222 2707 ⁸⁵
236 2691 286 2719 Isa.
303 2699 350 2726 ιιι,
367 2693 404 2726 7;
421 2693 499 2720 llont.
516 2701 543 2725 Χ,
560 2693 603 2720 l5.
646 2693 669 2709 "
682 2693 759 2721 Joan.
781 2690 878 2727 χινζϋ.
918 2695 940 2710 ⁵⁷
961 2695 1028 2722 ihid.

1034 1523 1091 1550 τῶν.
1104 1522 1213 1557 ἀγαθῶν
1221 1522 1265 1549 τὸν
1282 1522 1385 1557 Ἰησοῦν
1397 1522 1578 1559 ὲξειλήφαμεν
1590 1522 1828 1557 εὐαγγελίζεσθαι·

1035 1568 1195 1600 ἐκλαόόντες
1214 1567 1269 1603 γὰρ
1290 1567 1325 1594 τὰ
1342 1569 1493 1604 πράγματα
1516 1568 1577 1595 καθ’
1594 1565 1631 1595 ὧν
1650 1567 1684 1595 τὰ
1706 1568 1832 1603 ὀνόματα

1035 1616 1122 1641 κεῖται
1133 1614 1151 1641 ἃ
1164 1615 1178 1640 ὁ
1189 1614 1251 1646 Υίδς
1267 1614 1313 1640 τοῦ
1328 1614 1396 1641 Θεοῦ
1409 1614 1581 1649 ὀνομάζεται,
1598 1615 1752 1650 συνήσομεν
1768 1614 1829 1646 πῶς

1037 1661 1120 1688 πολλὰ
1134 1660 1225 1695 ἀγαθά
1238 1661 1311 1687 ἐστιν
1333 1661 1446 1696 Ἰησοῦς,
1464 1661 1494 1687 ὃν
1510 1661 1729 1696 εὐαγγελίζονται
1742 1657 1829 1687 Iob-cut

1034 1703 1072 1734 ὧν
1091 1707 1186 1743 ὡραῖοι
1203 1708 1271 1734 εἰσιν
1291 1708 1316 1734 οἱ
1329 1707 1409 1739 πόδες
1420 1715 1426 1722 ·
1442 1707 1470 1734 ἓν
1487 1707 1536 1742 μὲν
1560 1706 1614 1743 γὰρ
1632 1706 1733 1740 ἀγαθὸν
1757 1706 1829 1742 ζωὴ,

1041 1753 1145 1789 Ἰησοῦς
1162 1753 1191 1780 δὲ
1207 1753 1274 1789 ζωή.
1286 1754 1342 1779 Καὶ
1355 1753 1448 1788 ἓτερον
1464 1753 1567 1787 ἀγαθὸν
1581 1752 1637 1787 φῶς
1652 1752 1699 1778 τοῦ
1709 1751 1830 1786 κόσμου,

1036 1800 1093 1835 φῶς
1116 1801 1248 1835 τυγχάνον
1274 1799 1409 1834 ἀληθινὸν,
1433 1799 1481 1826 καὶ
1504 1799 1562 1833 φῶς
1582 1798 1637 1825 τῶν
1657 1796 1829 1833 ἀνθρώπων·

1035 1847 1107 1882 ἅπερ
1121 1847 1210 1873 πάντα
1225 1847 1239 1872 ὁ
1256 1846 1319 1877 Υίὺς
1336 1843 1405 1871 εἶναι
1418 1845 1526 1879 λέγεται
1539 1845 1586 1871 τοῦ
1598 1845 1676 1873 Θεοῦ,
1690 1845 1745 1872 Καὶ
1762 1844 1831 1872 ἄλλο

1035 1891 1137 1925 ἀγαθὸν
1152 1893 1212 1918 κατ’
1225 1890 1346 1917 ἐπίνοιαν
1363 1890 1440 1925 παρὰ
1452 1890 1501 1926 τὴν
1518 1890 1590 1927 ζωὴν
1603 1892 1650 1918 καὶ
1665 1892 1696 1918 τὸ
1716 1891 1792 1926 φῶς,
1813 1893 1831 1926 ἡ

1035 1936 1158 1971 ἀλήθεια.
1185 1937 1240 1962 Καὶ
1264 1936 1394 1971 τέταρτον
1422 1936 1497 1972 παρὰ
1509 1936 1596 1964 ταῦτα
1619 1938 1635 1973 ή
1659 1938 1705 1964 ἐπὶ
1723 1937 1833 1973 ταύτην

1036 1982 1155 2017 φέρουσα
1171 1982 1238 2013 ὁδός.
1261 1982 1350 2016 "Amp
1366 1981 1455 2008 πάντα
1466 1983 1480 2009 ὁ
1497 1983 1593 2018 Σωτὴρ
1607 1984 1685 2018 ἡμῶν
1705 1984 1833 2012 διδάσκει

1036 2026 1132 2053 ἑαυτὸν
1146 2025 1215 2053 εἶναι
1227 2026 1314 2060 λέγων
1325 2035 1331 2041 ·
1352 2026 1421 2061 Ἐγώ
1430 2028 1488 2061 ειμι
1503 2028 1522 2061 ἠ
1534 2028 1603 2061 ὁδὸς
1612 2048 1619 2060 ,
1640 2029 1689 2055 καὶ
1707 2030 1728 2063 ὴ
1750 2030 1834 2063 ἀλή-

1036 2075 1111 2105 θεια,
1123 2072 1171 2099 καὶ
1187 2073 1206 2106 ἠ
1223 2071 1287 2106 ζωή.
1302 2072 1364 2104 Πῶς
1376 2072 1405 2099 δὲ
1421 2072 1472 2099 οὐκ
1487 2073 1588 2107 ἀγαθὸν
1612 2074 1642 2100 τὺ
1661 2076 1835 2110 ἀποτιναξά-

1038 2127 1116 2154 μενον
1132 2119 1176 2145 τὸν
1191 2118 1255 2154 χοῦν
1271 2118 1317 2145 καὶ
1331 2119 1381 2155 τὴν
1393 2120 1544 2155 νεκρότητα
1558 2120 1708 2155 ἀναστῆναι
1729 2123 1834 2151 τούτου

1035 2165 1206 2199 τυγχάνοντα
1221 2164 1276 2190 ἀπὸ
1290 2163 1338 2191 τοῦ
1355 2165 1470 2200 Κυρίου.
1489 2165 1557 2192 καθὸ
1574 2165 1721 2198 ἀνάστασίς
1740 2166 1833 2201 ἔστιν,

1036 2210 1066 2242 ὃς
1074 2210 1121 2236 καί
1139 2218 1219 2244 φησιν
1229 2217 1236 2224 ·
1258 2209 1327 2245 Ἐγὼ
1340 2211 1398 2246 ειμι
1407 2211 1426 2245 ή
1440 2210 1625 2245 ἀνάστασις;
1653 2211 1733 2240 Ἀλλᾶ
1747 2214 1798 2240 καὶ
1815 2217 1838 2250 ἡ¹

1037 2255 1116 2292 οὐρα,
1133 2255 1166 2282 δι’
1179 2254 1213 2292 ἦς
1231 2264 1273 2287 τις
1289 2257 1329 2288 είς
1344 2256 1394 2291 τὴν
1407 2256 1494 2292 ἄκραν
1516 2256 1669 2293 εἰσέρχεται
1692 2261 1832 2295 μακαριό-

1036 2309 1114 2336 mm,
1127 2301 1227 2336 ἀγαθόν
1236 2308 1243 2317 ⁸
1252 2303 1267 2328 ὁ
1279 2301 1307 2328 δὲ
1318 2302 1434 2337 Χριστός
1448 2310 1541 2338 φησιν·
1559 2302 1629 2338 Ἐγώ
1637 2303 1696 2338 ειμι
1707 2304 1726 2337 ἠ
1739 2305 1831 2338 θύρα.

1037 2348 1069 2374 Τί
1088 2348 1115 2375 δὲ
1129 2348 1171 2375 δεῖ
1182 2348 1245 2384 περὶ
1261 2349 1356 2383 σοφίας
1369 2349 1469 2384 λέγειν,
1481 2349 1520 2383 ἣν
1532 2350 1653 2378 ἔκτισεν
1663 2353 1679 2378 ὁ
1691 2351 1763 2384 Θεὸς
1778 2353 1835 2387 ἀρ-

1042 2394 1104 2429 χὴν
1121 2394 1193 2421 ὁδὸν
1210 2395 1303 2422 αὐτοῦ
1315 2396 1359 2428 είς
1373 2396 1446 2430 ἔργα
1455 2395 1558 2429 αὑτοῦ,
1612 2397 1795 2433 προσέχαιρεν
1817 2400 1832 2426 ὁ

1038 2440 1133 2475 Πατὴρ
1143 2440 1237 2475 αὐτῆς,
1249 2440 1491 2476 ὲνευφραινόμενος
1498 2441 1537 2477 τῷ
1547 2442 1728 2478 πολυποικίλῳ
1740 2444 1831 2479 νοητῷ

1038 2486 1130 2514 κάλλει
1144 2487 1240 2522 αὐτῆς,
1265 2487 1318 2514 ὑπὸ
1338 2487 1441 2524 νοητῶν
1459 2488 1607 2523 ὀφθαλμῶν
1622 2489 1710 2524 μόνων
1728 2489 1831 2524 βλεπο-

1039 2533 1121 2569 μένῳ,
1135 2534 1181 2560 καὶ
1193 2535 1232 2566 εις
1247 2534 1336 2570 ἔρωτα
1351 2536 1397 2561 τὸν
1410 2533 1440 2561 τὸ
1451 2534 1521 2562 θεῖον
1530 2535 1626 2567 κάλλος
1645 2537 1832 2563 κατανοοῦντνξ

1036 2580 1160 2615 οὐράνιον
1172 2580 1416 2616 προσκαλουμένῳ;
1443 2580 1556 2615 Ἀγαθὸν
1570 2582 1624 2618 γὰρ
1641 2583 1657 2618 ἡ
1682 2582 1763 2618 σοφία
1781 2583 1830 2610 τοῦ

1527 2659 1551 2675 ⁸⁸
1571 2659 1642 2687 Psal.
1665 2668 1761 2691 vattt,
1784 2661 1828 2689 l2.

1075 2693 1098 2709 ⁵⁸
1110 2694 1189 2721 Joan.
1211 2701 1246 2722 xi.
1260 2693 1307 2720 ‘25-
1341 2694 1362 2709 "
1378 2693 1457 2721 Joan.
1472 2702 1499 2727 ι,
1514 2694 1540 2722 9.
1577 2695 1599 2710 '°
1614 2696 1694 2723 Prov.
1709 2703 1767 2729 vui,
1781 2697 1827 2724 2'2.

235 2769 546 2814 (£8)IKE1L0!lém.ﬁi‘é:Y
554 2771 780 2814 .rﬁ‘doq'uflpdev
801 2771 901 2807 Regius
921 2781 974 2799 κακ

1088 2781 1099 2798 ν
1121 2773 1150 2799 ὲν
1171 2773 1236 2808 ἡμῖν
1252 2775 1285 2809 τῇ
1299 2773 1362 2809 ὁδῷ.
1379 2774 1534 2811 cheudum
1551 2777 1668 2812 videtur,
1696 2780 1827 2814 καιομένη

200 2802 244 2839 ἦν’
253 2802 355 2842 ἐν’ἡμῖν
367 2802 404 2838 ὡς
414 2802 501 2834 mae.
515 2802 620 2842 ἡμῖν-’ὲν
672 2806 735 2842 ὀδῷ.
