1870 3046
70 116 97 144 ιι
606 114 784 143 COMMENT.
805 113 838 141 IN
855 113 951 142 JOAN.
971 112 1090 141 TOMUS
1110 113 1130 139 Ι.
1657 114 1692 140 4'2

68 177 143 211 Θεοῦ,
155 178 226 213 ὅπερ
247 178 315 213 μετὰ
335 177 389 204 τῶν
410 177 616 213 προειρημένων
638 175 855 211 εὐαγγελίζονται
870 177 894 208 Α
907 181 984 209 (ιιιαη

938 181 1021 209 [atque
1037 173 1253 201 consideranlem
1275 173 1393 200 divinam
1417 172 1645 208 pulchritudinem
1659 174 1692 201 ad

68 221 103 251 ὧν
115 223 209 259 ὡραῖοι
228 224 251 250 οι
269 224 359 255 πόδες.
387 223 468 249 Ἀλλὰ
492 223 540 249 καὶ
558 223 575 258 ἡ
592 222 705 257 δύναμις
723 222 769 248 τοῦ
784 221 852 248 Θεοῦ

68 271 115 306 ἠδη
130 269 223 304 ὀγδοον
241 270 307 305 ἡμῖν
324 269 425 304 ἀγαθὸν
444 268 634 302 καταλέγεται,
656 269 716 303 ἥτις
739 267 812 294 ἐστὶν
838 268 853 294 ὁ

68 315 191 350 Χριστός.
213 315 250 341 Οὐ
275 315 426 350 σιωπητέον
445 314 473 340 δὲ
492 314 553 341 οὐδὲ
575 313 620 340 τὸν
640 313 709 349 μετὰ
731 313 776 340 τὸν
795 313 852 340 Πα-

53 361 132 396 ιιέρα
146 360 202 395 (49)
215 360 269 387 τῶν
281 361 350 387 ὅλων
361 360 428 387 Θεὸν
440 360 526 394 Λόγον
536 368 543 375 ·
556 359 662 392 οὐδενὸς
674 359 729 395 γὰρ
743 359 853 386 ἔλαττον

67 406 167 441 ἀγαθοῦ
189 406 332 433 καὶτοῦτο
351 406 380 432 τὸ
402 406 513 440 ἀγαθόν.
537 405 674 441 Μακάριοι
694 406 742 440 μὲν
766 403 812 432 οὖν
829 407 853 432 οἰ

66 452 239 487 χωρήσαντες
253 451 339 478 ταῦτα
354 450 388 477 τὰ
398 450 497 485 ἀγαθὰ,
513 450 560 477 καὶ
576 450 854 486 παραδεξάμενοιάπὺ

66 497 118 523 τῶν
128 497 239 533 ὡραίων
262 496 324 528 τοὺς
336 496 419 528 πόδας
439 496 485 523 καὶ
506 496 757 532 εὐαγγελιζομένων
773 497 853 525 αὐτὰ.
877 507 880 509 λ

67 543 137 578 Πλὴν
147 542 199 569 κᾶν
213 542 355 578 Κορίνθιός
370 550 413 573 τις
431 541 478 575 ὢν,
497 542 635 578 κρίνοντος
653 542 760 570 Παύλου
779 542 854 569 οὐδὲν

67 589 164 615 εἰδέναι
187 588 252 624 παρ’
276 587 350 624 αὐτῴ
378 588 394 623 ἢ
428 587 531 624 Ἰησοῦν
553 588 680 623 Χριστὸν,
700 589 747 616 καὶ
761 588 855 615 τοῦτον

66 634 272 670 ἐσταυρωμένον
286 654 293 667 ,
306 634 352 660 τὸν
363 634 397 660 δι’
408 634 481 669 ἡμᾶς
492 633 634 669 ἄνθρωπον
648 635 789 670 μανθάνων
804 643 856 662 πα-

69 680 212 715 ραδέξηται
226 679 262 707 τὰ
275 680 305 707 ὲν
323 680 393 716 ἀρχῇ
410 679 464 706 τῶν
477 679 586 714 ἀγαθῶν
602 681 660 716 (50)
681 681 785 715 γίνεται
802 681 855 708 ὑπὸ

65 725 111 752 τοῦ
128 725 272 762 ἀνθρώπου
294 725 380 761 Ἰησοῦ
396 725 539 762 ἄνθρωπος
550 726 693 762 γινόμενος
707 726 785 759 Θεοῦ,
809 728 855 754 καὶ

65 771 119 800 ἀπὸ
129 771 177 798 τοῦ
192 771 308 799 θανάτου
324 768 596 808 αὐτοῦ’ἀποθνήσκων
607 774 638 808 τῇ
654 773 790 809 ἁμαρτίᾳσ
808 773 858 801 καὶ

65 818 120 852 γὰρ
137 817 289 850 ἐκεῖνοςιό
311 818 442 845 ἀπέθανε
464 818 502 853 τῇ
536 819 673 853 ἁμαρτίᾳ,
706 819 856 846 ἀπέθανεν

62 862 199 897 ἐφάπαξ·
222 863 277 890 ἀπὸ
299 863 327 889 δὲ
339 863 388 899 τῆς
403 863 475 899 ζωῆς
491 852 695 896 aetatm”
716 863 820 899 ἰησοῠς
841 865 855 891 δ
871 852 892 879 Β

62 908 109 943 ζῇ,
124 908 157 943 ζῇ
171 907 286 943 τῷΘεῷ,
298 910 351 940 πᾶς
363 909 378 934 ὁ
391 908 551 945 σύμμορφος
565 909 710 944 γενόμενος
723 909 774 944 τῆς
788 910 854 936 ἀνα-

63 954 187 986 στάσεως
205 954 297 987 αὐτοῦ,
315 954 448 990 λαμσάνει
462 956 492 982 τὸ
505 955 555 991 ζῇν
568 954 608 991 τῷ
621 955 689 991 Θεῷ.
708 956 756 988 Τίς
773 956 801 982 δὲ
816 955 856 983 δι-

63 1001 157 1034 ατάξει
171 1002 196 1027 εἰ
205 1001 427 1037 αὐτοδικαιοσύνη
439 1002 541 1037 ἀγαθόν
555 1003 623 1035 ἐστι,
645 1003 693 1030 καὶ
707 1003 855 1037 αὐτοαγια-

62 1047 143 1082 σμὸς,
161 1047 210 1074 καὶ
222 1047 493 1083 αὐτοαπολύτρωσιςς
512 1048 582 1084 ἆπερ
598 1048 646 1075 καὶ
670 1048 739 1076 αὐτά
758 1050 781 1075 οἱ
802 1049 855 1084 ’1η-

63 1092 128 1119 σοιῑν
139 1092 376 1129 εὐαγγελιζόμενοι
394 1093 626 1128 εὐαγγελίζονται,
639 1094 764 1128 λέγοντες
774 1095 855 1121 αὐτὸν

61 1138 207 1173 γεγονέναι
225 1140 287 1175 ἡμῖν
301 1139 474 1175 δικαιοσύνην
486 1140 540 1166 ἀπὸ
553 1139 631 1172 Θεοῦ,
648 1140 694 1167 καὶ
709 1139 854 1176 ἁγιασμὸν,

62 1185 112 1211 καὶ
125 1184 324 1221 ἀπολύτρωσιν.
345 1185 483 1221 Παρέσται
498 1186 528 1212 δὲ
548 1186 602 1212 ἀπὸ
623 1185 725 1213 τούτων
746 1186 801 1221 (51)
821 1185 856 1212 τὰ

61 1232 246 1267 γεγραμμένα
258 1232 321 1267 περὶ
337 1232 418 1258 αὐτοῦ
433 1231 667 1268 δυσεξαρίθμητα,
687 1231 856 1267 παριστάντα.

62 1277 124 1309 πῶς
148 1277 250 1313 πλῆθος
269 1277 379 1312 ἀγαθῶν
394 1278 467 1305 ἐστιν
489 1277 602 1313 Ἰησοῦς,
622 1278 676 1304 ἀπὸ
690 1278 745 1305 τῶν
766 1277 856 1310 δυσεξ-

59 1323 226 1359 αριθμήτων
249 1323 296 1350 καὶ
315 1324 514 1360 γεγραμμένων
538 1323 785 1359 καταστοχάζεσθαι
801 1324 855 1351 τῶν

60 1367 242 1404 ὑπαρχόντων
255 1368 304 1403 μὲν
316 1369 346 1395 ὲν
358 1368 443 1403 αὐτῷ,
466 1369 506 1400 εἰς
523 1368 551 1395 ὃν
567 1368 712 1404 εὐδόκησεν
733 1369 806 1396 ἆπαν
824 1369 855 1396 τὸ

61 1413 202 1450 πλήρωμα
234 1414 285 1449 τῆς
318 1414 444 1450 θεότητος
473 1414 635 1449 κατοικῆσαι
672 1415 853 1450 σωματικῶς,

59 1458 92 1484 οὐ
122 1458 177 1494 μὴν
201 1458 254 1485 ὑπὸ
277 1459 448 1495 γραμμάτων
475 1459 675 1495 κεχωρημένων
703 1460 775 1496 (52)·
808 1461 856 1488 καὶ

58 1505 86 1531 τί
108 1505 182 1538 λέγω
206 1505 258 1531 ὑπὸ
282 1504 470 1540 γραμμάτων;
496 1506 540 1531 ὅτε
568 1506 613 1532 καὶ
639 1507 702 1542 περὶ
720 1506 781 1533 ὅλου
804 1506 851 1533 τοῦ
865 1523 886 1552 C

59 1550 168 1585 κόσμου
190 1550 271 1585 φησιν
289 1551 303 1576 ό
332 1550 466 1585 Ἰωάννης·
489 1550 540 1582 ὄτι,
561 1550 632 1577 οὐδὲ
656 1551 750 1578 αὐτὸν
772 1549 851 1586 οἶμαι

58 1596 116 1623 τὸν
130 1596 248 1630 κόσμον
260 1595 394 1630 χωρῆσαι
410 1596 446 1622 τὰ
463 1597 633 1631 ’γραφόμενα
649 1597 764 1629 βιϐλία.
781 1597 852 1624 Ταυ-

60 1643 109 1670 τδν
125 1640 174 1669 οὖν
196 1641 267 1669 ἔστιν
291 1643 388 1674 εἰπεῖν,
409 1643 450 1669 ὅτι
469 1643 516 1669 τὸν
531 1643 644 1679 Σωτῆρα
666 1644 690 1670 οἱ
710 1644 852 1671 ἀπόστολοι

59 1688 293 1723 εὐαγγελίζονται,
308 1689 355 1715 καὶ
371 1688 404 1714 τὰ
418 1687 508 1722 ἀγαθὰ
526 1688 756 1723 εὐαγγελίζονται·
777 1687 853 1722 οὗτος

59 1735 119 1770 γάρ
133 1735 208 1760 ἐστιν
219 1734 235 1759 ὁ
249 1734 302 1760 ἀπὺ
313 1734 360 1760 τοῦ
372 1733 476 1768 ἀγαθοῦ
496 1734 604 1769 Πατρός
625 1735 655 1761 τὸ
670 1734 760 1769 ἀγαθὰ
783 1733 852 1762 εἶναι

61 1784 169 1817 λαϐὼν,
182 1783 226 1810 ἵνα
236 1782 350 1813 ἕκαστος
362 1781 375 1807 ὃ
388 1781 481 1816 χωρεῖ,
494 1779 510 1815 ἦ
522 1780 539 1806 ἃ
551 1780 634 1814 χωρεῖ
647 1778 690 1805 διὰ
704 1778 791 1814 Ἰησοῦ
808 1778 855 1804 λα-

63 1829 133 1862 ϐὼν,
147 1829 177 1855 ὲν
189 1827 301 1862 ἀγαθοῖς
311 1825 442 1861 τυγχάνῃ.
455 1825 510 1860 Οὐχ
524 1821 575 1850 οἷοί
592 1832 621 1849 τε
633 1823 660 1850 δὲ
673 1820 742 1858 ἦσαν
753 1824 775 1849 οἱ
788 1823 856 1850 ἀπό-

64 1875 170 1905 στολοι,
184 1871 222 1901 ὧν
243 1873 338 1908 ὡραῖοι
356 1864 386 1898 οἷ’
399 1871 492 1902 πόδες,
512 1870 560 1897 καὶ
579 1870 602 1896 οἱ
621 1868 723 1896 τούτων
737 1868 856 1904 ζηλωταὶ

62 1919 292 1955 εὐαγγελίζεσθαι
306 1919 339 1945 τὰ
351 1917 451 1952 ἀγαθὰ,
469 1917 506 1952 μὴ
522 1916 651 1952 πρότερον
665 1914 752 1951 Ἰησοῦ
766 1915 855 1946 αὐτοῖς

62 1966 138 1993 αὐτὰ
151 1963 398 2000 εὐαγγελισαμένου
407 1971 414 1979 ”
426 1963 463 1995 ὡς
475 1964 489 1988 ό
508 1963 620 1994 Ἡσαΐας
633 1962 716 1997 φησί·
730 1961 826 1994 Αὐτὸς
839 1962 855 1988 ό

62 2010 174 2039 λαλῶν
185 2010 314 2045 πάρειμι,
326 2010 366 2043 ὡς
379 2009 439 2043 ὥρα
452 2008 501 2035 ἐπὶ
516 2008 574 2035 τῶν
593 2007 694 2041 ὀρέων,
708 2007 747 2040 ὼς
764 2006 854 2040 πόδες

61 2053 331 2090 εὐαγγελιζομένου
350 2054 448 2088 ἀκοὴν
463 2054 596 2089 εἰρήνης,
612 2055 653 2088 ὡς
669 2055 855 2092 εὐαγγελιζό-

57 2112 157 2138 μενος
175 2103 281 2137 ἀγαθὰ,
304 2102 349 2129 ὅτι
369 2102 526 2136 ἀκουστὴν
546 2102 662 2136 ποιήσω
681 2103 738 2138 τὴν
760 2112 856 2138 σωτη-

55 2150 134 2184 pt’ar
149 2156 221 2180 σου,
241 2148 346 2182 λέγων·
375 2148 452 2175 Σιὼν
469 2148 650 2180 ,ϐασιλεύσει
667 2158 725 2176 σου
742 2150 757 2175 ὁ
772 2148 854 2181 Θεός.

906 228 1026 248 amorem
1039 220 1177 248 caelestem
1196 220 1312 247 invitat?
1324 220 1426 248 Bonum
1440 221 1512 247 enim
1527 225 1568 248 est
1579 220 1694 255 Sapiens

906 265 942 293 tia
961 265 1018 293 Dei.
1042 265 1077 292 At
1104 265 1155 293 hoc
1169 273 1287 301 quoque,
1308 271 1406 299 prater
1420 273 1451 292 ea
1467 273 1528 300 qua:
1545 272 1628 300 supra
1648 273 1693 293 re-

905 311 1073 344 censuimus,
1093 311 1111 338 ii
1126 312 1301 344 annuntiant,
1318 318 1433 345 quorum
1457 311 1538 346 pedes
1554 316 1617 339 sunt
1633 311 1693 346 pul-

907 358 976 386 chri.
990 357 1116 386 Potentia
1140 357 1187 385 Dei
1211 363 1342 392 praeterea
1358 363 1483 386 octavum
1501 357 1579 386 nobis
1593 357 1693 386 bonum

906 408 1110 435 annumeratur,
1137 404 1182 437 qui
1213 408 1255 430 est
1279 403 1413 431 Christus.
1430 404 1530 432 Verum
1554 403 1694 431 enimvero

907 451 977 478 haud
990 450 1100 478 silentio
1112 449 1329 485 praetereundum
1345 456 1388 476 est
1401 449 1464 477 illud
1476 449 1606 483 Verbum,
1622 450 1694 484 quod

907 501 968 533 post
985 497 1092 525 Patrem
1111 496 1301 523 universorum
1317 500 1360 523 est
1376 495 1456 523 Deus.
1469 495 1591 531 Namque
1603 497 1695 524 ethoc

906 543 1007 571 bonum
1020 543 1094 570 nullo
1104 542 1157 570 alio
1168 543 1239 570 bono
1250 547 1291 569 est
1306 541 1431 569 inferius.
1446 541 1542 576 Itaque
1557 543 1630 570 beati
1648 543 1695 578 qui

908 588 1130 617 admiserinthtee
1137 588 1218 621 bona,
1227 587 1326 622 quique
1334 587 1507 622 perceperint
1514 596 1557 620 ea,
1567 588 1641 616 abiis
1649 588 1696 623 qui

907 635 988 671 pedes
1002 634 1104 662 habent
1119 633 1248 669 pulchros
1261 638 1342 668 atque
1359 633 1404 669 qui
1425 633 1623 667 evangelizant.
1641 634 1696 662 Ve-

908 686 1061 709 rumtamen
1082 680 1206 716 quamvis
1226 679 1385 708 Corinthius
1419 679 1553 715 quispiam
1581 679 1696 707 exstite-~

908 726 954 760 rit,
979 725 1049 761 apud
1069 732 1150 760 quem
1174 723 1291 752 aﬂirmet
1302 723 1402 751 Paulus
1414 731 1444 752 se
1465 724 1531 751 nihil
1547 724 1629 758 scire,
1644 724 1696 752 nisi

907 769 998 798 Jesum
1021 769 1172 802 Christum,
1197 773 1223 796 et
1248 768 1322 796 hunc
1344 768 1453 803 quidem
1482 769 1642 796 cruciﬁxum
1655 769 1694 803 ⁶¹,

908 818 1073 851 edoetusque
1084 816 1155 843 hunc
1168 815 1254 843 nostri
1268 822 1349 842 causa
1363 815 1502 842 hominem
1521 814 1621 843 factum
1637 816 1697 843 atti-

906 861 976 898 gerLt
1000 861 1078 889 initia
1097 860 1245 894 bonorum,
1266 861 1289 888 is
1308 861 1342 888 ab
1359 861 1466 888 homine
1486 861 1549 888 Iesu
1567 861 1597 889 ﬁt
1614 861 1696 889 homo

907 908 965 942 Dei,
981 912 1008 935 et
1021 916 1054 935 ex
1067 911 1154 934 morte
1165 907 1223 941 ejus
1234 907 1352 934 moriens
1367 911 1489 941 peccato.
1507 906 1611 935 Etenim
1626 910 1694 943 quod

906 953 951 980 ille
966 957 1084 980 mortuus
1098 951 1149 986 fuit
1168 956 1284 985 peccato,
1310 957 1430 980 mortuus
1451 957 1488 980 est
1512 953 1639 987 seruet“;
1662 963 1695 981 cx

906 1001 960 1028 vita
978 1007 1043 1027 vero
1056 999 1153 1034 ipsius,
1165 1000 1294 1033 quoniam
1308 999 1386 1028 .lesus
1401 1004 1444 1027 est
1456 999 1521 1027 illud
1534 1001 1605 1036 quod
1618 1001 1694 1034 vivit,

906 1045 974 1073 vivit
988 1046 1043 1073 Deo
1052 1045 1248 1079 unusquisque,
1270 1049 1297 1072 et
1312 1045 1465 1072 conformis
1476 1045 1563 1074 factus
1575 1054 1698 1074 resurre-

907 1091 989 1119 ctioni
1004 1090 1062 1124 ejus
1073 1090 1124 1117 hoc
1132 1089 1299 1124 assequitur,
1311 1095 1342 1118 ut
1356 1091 1429 1117 vivat
1443 1090 1506 1119 Deo.
1522 1091 1588 1124 Quis
1601 1097 1694 1121 autem

909 1137 1032 1171 ambigat
1059 1143 1094 1163 an
1114 1135 1172 1170 ipsa
1194 1135 1312 1170 jnstitia,
1339 1137 1398 1171 ipsa
1415 1136 1596 1165 sanctiﬁcatio
1615 1145 1696 1172 atque

907 1183 964 1217 ipsa
985 1183 1135 1218 redemptio
1154 1183 1190 1211 sit
1207 1183 1327 1210 bonum?
1342 1178 1504 1218 qutc'ctiam
1520 1184 1591 1219 ipsa,
1602 1183 1695 1212 Iesum

906 1229 1145 1263 evangelizantes,
1157 1230 1365 1265 cvangelizant:
1382 1229 1502 1258 dicentes
1517 1237 1578 1257 eum
1593 1229 1695 1258 factum

906 1275 990 1302 fuisse
1004 1275 1227 1310 nobisjustitiam
1243 1284 1257 1303 a
1275 1277 1341 1309 Deo,
1355 1281 1383 1304 et
1393 1276 1652 1308 sanctiﬁcationem,
1669 1281 1697 1304 et

907 1321 1119 1356 redemptionem
1125 1322 1157 1349 “.
1166 1322 1205 1350 Ex
1215 1323 1256 1350 his
1265 1329 1331 1357 ergo
1338 1321 1428 1349 licebit
1438 1321 1587 1356 intelligere
1595 1329 1625 1349 ea
1636 1329 1696 1357 qua:

907 1367 978 1396 deeo
984 1368 1084 1403 scripta
1093 1373 1165 1402 sunt,
1172 1373 1199 1397 et
1207 1369 1250 1396 vix
1259 1368 1415 1397 enumerari
1422 1372 1546 1403 possunt,
1556 1367 1695 1402 probando

905 1414 997 1442 .lesum
1007 1415 1141 1443 bonorum
1149 1423 1210 1444 esse
1218 1415 1418 1443 multitudinem
1431 1419 1529 1450 :atque
1540 1422 1573 1443 ex
1583 1415 1625 1443 his
1635 1423 1695 1450 qua-

906 1468 976 1496 aegre
983 1462 1137 1489 enumerari
1147 1467 1261 1496 possunt
1275 1466 1302 1489 et
1311 1462 1412 1496 scripta
1422 1465 1496 1494 sunt,
1508 1461 1693 1496 conjecturam

906 1513 1003 1541 capere
1013 1506 1088 1534 deiis
1101 1514 1162 1542 quae
1171 1507 1197 1534 in
1207 1507 1265 1542 ipso
1274 1508 1384 1543 quidem
1400 1507 1502 1540 insunt,
1517 1507 1543 1534 in
1556 1514 1635 1541 quem
1647 1507 1694 1535 be-

903 1553 1065 1588 neplaeitum
1072 1552 1122 1580 fuit
1129 1561 1235 1582 omnem
1241 1553 1435 1589 plenitudinem
1441 1553 1589 1581 divinitatis
1596 1561 1693 1589 corpo-

904 1599 997 1627 raliter
1005 1600 1055 1636 13
1063 1600 1198 1633 habitare,
1206 1600 1277 1628 haud
1285 1605 1375 1629 tamen
1382 1600 1502 1628 alitteris
1509 1601 1693 1629 continentur:

903 1646 967 1680 quid
981 1646 1042 1674 dico
1056 1654 1070 1673 a
1084 1646 1194 1681 litteris,
1212 1647 1321 1682 quando
1338 1650 1366 1674 et
1379 1647 1413 1674 de
1429 1651 1484 1674 toto
1499 1647 1598 1675 mundo
1618 1647 1695 1674 dicat

902 1692 1022 1720 Joannes
1036 1701 1042 1719 :
1063 1691 1120 1719 Nec
1135 1693 1201 1728 ipse,
1215 1693 1318 1728 opinor,
1333 1694 1446 1720 mundus
1467 1697 1572 1728 caperet
1587 1701 1630 1720 eos
1649 1694 1694 1728 qui

904 1738 1079 1765 scriberentur
1095 1738 1176 1765 libro:
1194 1739 1226 1767 εξ.
1246 1739 1342 1766 Dicere
1360 1746 1425 1774 ergo
1448 1739 1584 1774 apostolos
1608 1746 1693 1766 evan-

904 1785 1024 1819 gelizare
1049 1784 1235 1815 Servatorem.
1252 1785 1364 1820 perinde
1380 1790 1421 1813 est
1443 1793 1474 1814 ac
1495 1785 1518 1813 si
1541 1785 1693 1813 diceremus

904 1836 951 1856 eos
977 1829 1164 1864 evangelizare
1181 1829 1251 1856 bona
1265 1830 1365 1857 omnia.
1385 1829 1568 1863 Quamobrem
1586 1830 1630 1857 hic
1652 1836 1692 1857 est

904 1874 951 1902 ille
964 1875 1009 1910 qui
1025 1882 1040 1901 a
1051 1875 1121 1902 bono
1136 1874 1216 1902 Patre
1233 1876 1337 1910 accepit
1353 1880 1382 1902 ut
1399 1880 1470 1902 esset
1486 1879 1527 1903 tot
1543 1876 1614 1902 bona
1637 1884 1644 1902 :
1663 1881 1693 1901 nt

906 1920 1096 1955 unusquisque
1110 1928 1143 1948 eo
1156 1921 1228 1955 quod
1244 1921 1328 1956 capit,
1347 1920 1387 1948 vel
1404 1920 1436 1948 iis
1449 1927 1509 1955 quae
1525 1921 1608 1954 capit,
1630 1928 1692 1947 cum

905 1974 953 2001 per
966 1965 1059 1993 Jesum
1077 1974 1108 1994 ea
1125 1967 1289 2002 perceperit,
1311 1966 1417 1994 fruatur
1430 1966 1517 1994 bonis.
1542 1967 1618 1994 Haud
1644 1974 1692 2001 po-

907 2016 998 2040 terant
1012 2017 1103 2040 autem
1121 2013 1249 2047 apostoli,
1264 2020 1380 2047 quorum
1396 2011 1502 2047 pulchri
1520 2016 1584 2039 sunt
1599 2012 1694 2046 pedes.

905 2061 932 2084 et
956 2057 1054 2084 horum
1079 2057 1193 2085 studiosi
1222 2057 1374 2085 imitatores
1396 2056 1584 2092 evangelizare
1609 2057 1691 2089 bona,

906 2104 958 2131 nisi
974 2102 1054 2131 Jesos
1072 2107 1151 2130 antea
1179 2103 1245 2138 ipsis
1263 2103 1500 2138 evangelizasset;
1517 2103 1694 2137 quemadmo-

906 2151 969 2177 dum
990 2149 1110 2184 loquitur
1125 2148 1210 2176 lsaias
1223 2150 1246 2165 "
1259 2157 1266 2176 :
1282 2148 1338 2184 Ego
1356 2150 1421 2184 ipse,
1435 2149 1480 2184 qui
1495 2148 1631 2183 loquebar,
1643 2149 1694 2174 att--

59 2195 133 2223 Τίνα
153 2195 210 2230 γὰρ
231 2194 265 2221 τὰ
285 2194 347 2230 ὅρη,
371 2194 414 2228 ἐφ’
435 2190 474 2222 ὧν
496 2193 576 2226 αὐτὸς
590 2195 604 2220 ὁ
624 2194 711 2221 λαλῶν
727 2197 855 2231 παρεῖναι
873 2192 893 2219 D
907 2203 975 2227 sum,

940 2203 975 2227 ιιι,
1001 2196 1070 2223 sicut
1096 2195 1280 2230 opportunitas
1305 2195 1332 2222 in
1359 2195 1504 2228 montibus,
1524 2195 1591 2222 sicut
1614 2195 1692 2230 pede:

99 2265 121 2280 “
141 2264 150 2291 Ι
167 2264 230 2292 Cor.
248 2272 277 2297 ιι,
294 2264 322 2291 2.

103 2324 160 2359 (i9)
174 2322 256 2359 Μετᾲ
271 2322 325 2349 τὸν
343 2323 467 2357 Πατέρα.
497 2322 653 2359 Ferrarius,
678 2332 747 2359 cum,
761 2324 853 2357 Patre,

58 2357 223 2394 perperam.
238 2358 319 2385 Vcrtc
342 2360 484 2385 secundum
511 2357 630 2390 Patrem,
652 2364 709 2393 post
735 2358 852 2387 Patrum.

62 2393 145 2422 Unde
167 2393 344 2428 locutnrhuue
357 2393 505 2421 conciliare
516 2394 618 2428 poteris
630 2401 690 2420 cum
705 2393 752 2421 illo
767 2395 853 2422 altero

58 2431 131 2456 torni
147 2428 237 2456 octavi
249 2427 348 2454 Contra
366 2428 469 2455 Celsum
491 2436 501 2455 :
523 2428 614 2456 Ἔστω
626 2428 655 2455 δέ
669 2437 754 2461 τινας,
770 2430 807 2460 ὡς
822 2429 852 2456 ὲν

55 2464 164 2500 πλήθει
179 2463 371 2500 πιστευόντων,
397 2463 614 2500 Δ»ιαῖλδεχομέιοιων
630 2464 788 2500 διαφωνίαν,
808 2463 851 2500 διὰ

55 2497 119 2535 τῆν’
128 2498 296 2535 προπέτειαν
315 2497 565 2535 γρτοοτξβεσοαῖτὸν
584 2497 699 2535 Σωτῇρα
715 2497 784 2525 εἶναι
804 2499 849 2535 τόν

55 2532 110 2562 Arii.
127 2532 196 2560 πᾶσι
309 2533 365 2559 ἀλλ’
380 2532 439 2559 οὔτι
452 2541 482 2567 γε
497 2535 576 2569 ἡμεῖς
584 2532 746 2569 τοιοῦτον,οἰ
758 2533 848 2560 πειθό-

57 2578 142 2605 μενοι
158 2567 357 2605 αὐτῷ-λέγοντι
369 2575 377 2584 ’
401 2571 429 2596 '0
448 2567 549 2603 Πατὴρ
570 2569 586 2595 ὀ
606 2567 728 2605 πέμψας
746 2569 852 2605 μείζων

46 2601 123 2641 λιου
134 2601 396 2641 ἐστίέξιιριέιιιιιιιι
412 2601 614 2641 ⁵ιιιιιιιοι·έι)[ιιιιι
639 2601 723 2630 Deum
747 2601 846 2641 Filium

52 2637 117 2666 iton
134 2645 196 2665 esse
209 2637 336 2670 aﬂirmat,
351 2637 397 2665 sed
412 2638 518 2665 Patrem
531 2646 538 2669 ;
553 2637 649 2664 Filium
661 2645 725 2664 vero
739 2637 847 2664 univer-

49 2681 156 2701 sarum
172 2673 281 2706 quidem
299 2673 380 2700 Deum
392 2680 451 2700 esse
464 2692 471 2704 ,
486 2672 533 2700 sed
555 2676 613 2707 post
638 2670 755 2700 Patrem.
782 2673 847 2706 Quae

50 2708 188 2742 quamvis
205 2707 276 2734 male
289 2712 401 2740 sonent,
413 2707 537 2734 excusari
558 2712 649 2734 tamen
678 2712 800 2741 possunt,
823 2708 846 2735 si

49 2743 155 2769 omnia
171 2742 270 2769 Filium
289 2750 303 2768 a
319 2742 400 2769 Patre
421 2743 560 2776 accepisse
576 2742 790 2774 meminerimus,
812 2749 845 2770 ae

49 2778 180 2812 proinde
190 2784 220 2804 se
231 2784 290 2804 esse
305 2778 491 2805 universorum
508 2777 590 2804 Deum
607 2777 680 2803 Patri
702 2783 842 2811 acceptum

50 2811 176 2839 ἐξίει-ιε.
193 2811 285 2838 Primo
299 2818 363 2846 ergo
377 2817 404 2838 et
429 2819 477 2845 per
501 2819 530 2839 se
555 2812 743 2839 universorum
775 2812 844 2838 Deus

35 2847 207 2879 -εειΡςιιεε,
223 2846 285 2881 quia
303 2854 355 2873 ase
368 2846 437 2874 Deus
449 2851 489 2874 est
505 2856 512 2873 :
528 2846 611 2875 Filius
620 2848 736 2875 secundo
755 2851 782 2874 ct
797 2854 844 2882 per

228 2892 364 2923 Parant.
388 2891 446 2923 Gn.
471 2892 556 2924 XIV.

360 2265 381 2280 “1'
395 2263 472 2291 Roni.
488 2272 526 2298 vr,
544 2263 587 2291 ‘10.
623 2264 645 2280 "
661 2263 670 2291 l
686 2265 771 2298 Com,
787 2266 831 2294 50.
869 2266 890 2282 “
907 2265 985 2292 Joan.
1000 2273 1056 2298 xxt,
1074 2264 1120 2291 25.

1159 2265 1182 2281 ⁸⁵
1196 2264 1246 2291 lsa.
1265 2271 1311 2298 LII,
1322 2264 1349 2297 ὃ,
1363 2263 1389 2290 7.

906 2324 988 2352 alium
999 2328 1041 2352 est
1056 2324 1247 2352 universorum
1272 2324 1355 2356 Deus,
1368 2323 1430 2358 quia
1451 2322 1533 2350 habet
1561 2330 1576 2349 a
1600 2322 1691 2358 iPatre

905 2360 945 2387 sic
964 2364 1090 2394 tanquam
1107 2360 1144 2395 ab
1160 2360 1266 2395 origine
1289 2364 1317 2386 et
1344 2357 1477 2395 principio
1500 2363 1529 2395 ut
1543 2358 1581 2395 sit
1599 2357 1688 2395 Dens;

904 2392 1026 2421 estenirn
1044 2395 1115 2421 Dens
1129 2394 1163 2420 de
1182 2392 1247 2427 Déo,
1277 2399 1306 2421 ut
1330 2392 1411 2421 habet
1438 2393 1608 2428 Symbolum.
1636 2392 1690 2421 Sed

904 2429 963 2456 htec
976 2429 1051 2456 alibi.
1067 2429 1198 2457 HUETIUS.

939 2464 994 2499 (50)
1012 2465 1067 2491 Τὸν
1079 2464 1117 2491 δι’
1133 2464 1212 2498 ἡμᾶς
1224 2464 1378 2499 ἄνθρωπον
1387 2463 1549 2499 μανθάνων
1562 2463 1689 2496 παραδέ-

903 2498 988 2532 ξηται
1003 2499 1039 2526 τὰ
1054 2499 1182 2534 ἐνγὰρχῇ
1195 2499 1254 2526 τῶν
1270 2498 1397 2534 ἀγαθῶν,
1414 2503 1468 2526 etc.
1481 2498 1570 2534 Huuer
1585 2499 1686 2534 Iugum,

902 2535 928 2560 in
943 2535 1061 2561 editione
1075 2532 1165 2561 lluet‘ii
1181 2532 1313 2568 luxatuui,
1335 2535 1374 2562 sic
1389 2534 1506 2561 restituit
1521 2533 1606 2560 codex
1619 2532 1686 2560 Bar-

900 2569 1020 2597 berinus.

938 2604 992 2639 (5i)
1006 2603 1156 2638 Παρέσται
1170 2604 1203 2631 δὲ
1214 2603 1272 2631 ἀπὸ
1288 2604 1409 2635 τούτων,
1425 2609 1476 2631 etc.
1492 2603 1593 2639 Locum
1614 2604 1686 2630 lumc

900 2639 1042 2666 sanaveris
1054 2659 1060 2671 ,
1073 2640 1096 2666 si
1113 2640 1221 2674 legeris,
1234 2639 1281 2666 καὶ
1296 2639 1350 2666 ἀπὸ
1369 2639 1423 2665 τῶν
1444 2638 1685 2674 δυσεξαριθμήτων

900 2674 1109 2710 γεγραμμένων,
1131 2673 1359 2708 quemadmodum
1380 2675 1487 2710 videtur
1513 2673 1610 2710 legisse
1625 2673 1684 2710 _l'e-

900 2707 1004 2770 rioiiiuis
1012 2707 1097 2744 'cujns
1112 2707 1362 2744 interpretationem
1378 2707 1551 2736 Ft-rrarianaE
1562 2709 1613 2736 hoc
1624 2707 1683 2735 loco

900 2750 984 2770 ΠΓιΙῑῑιι
999 2752 1016 2770 Ι.

920 2750 1016 2771 ΓίΙὶῑΙιΙΙι

898 2751 1235 2815 ωῗὲὲψῖίεχωρημένων·
1250 2778 1334 2808 COdd-
1354 2779 1452 2814 Regius
1465 2784 1491 2807 et
1507 2777 1682 2811 Barberinus,

898 2822 1007 2850 κεχωρη
1012 2814 1095 2850 μένῳ.

1503 2891 1525 2921 ΕΙ
