1870 3046
76 117 113 148 ι)
619 113 801 143 COMMENT.
820 113 854 141 IN

945 113 970 142 ν.
988 112 1109 141 TOMUS
1128 113 1148 141 l.
1672 113 1706 140 50

73 176 103 203 δὲ
118 176 142 202 οί
158 175 211 211 πρὸ
223 175 271 210 τῆς
284 173 442 210 σωματικῆς
455 173 574 210 Χριστοῦ
591 174 738 209 ἐπιδημίας
750 174 862 210 Χριστὸν

945 173 1050 208 ml,qui
1064 179 1106 201 est
1120 172 1241 201 omnium
1262 173 1344 208 bona,
1368 177 1399 201 ut
1416 177 1495 201 antea
1519 172 1706 205 ostcmlimus;

75 219 292 255 εὐαγγελίζονται
306 219 371 246 δντα
384 218 417 246 τὰ
433 217 534 252 ἀγαθὰ..
547 218 585 250 ὡς
596 217 788 254 ἀπεδείξαμεν,
802 218 868 246 πάν-

56 265 61 270 “
74 275 127 293 των
143 264 202 297 πώς
216 266 287 291 εἰσιν
301 265 326 291 οί
340 264 414 298 λόγοι
427 263 474 290 τοῦ
485 263 650 298 Εὑαγγελίου
670 264 761 299 μέρος.
778 264 867 300 Ὅπερ

74 311 238 346 Εὐαγγέλιον
257 310 403 345 λεγόμενον
422 309 561 336 λαλεῖσθαι
587 310 618 337 ὲν
641 309 694 345 ὅλῳ
711 308 750 344 τῷ
771 309 866 346 κόσμῳ

73 359 154 393 ἡμεῖς
184 357 389 392 ὲκλαμϐάνομεν
420 356 640 390 ἀπαγγέλλεσθαι
674 356 704 383 ὲν
742 356 795 392 ὅλῳ
827 357 866 392 τῷ

73 404 184 440 κόσμῳ,
209 404 242 431 οὐ
272 404 351 439 μόνον
382 403 421 439 τῷ
452 403 584 439 περιγείῳ
609 403 702 438 τόπῳ,
729 402 798 430 ἀλλὰ
818 403 866 430 καὶ

73 449 155 476 παντὶ
180 449 219 485 τῷ
242 450 395 484 συστήματι
410 448 450 484 τῷ
468 448 497 481 ἐξ
516 447 631 483 οὐρανοῦ
648 448 695 474 καὶ
713 447 776 483 γῆς,
797 447 814 483 ἢ
836 447 866 481 ag

73 495 194 530 οὐρανῶν
218 495 265 522 καὶ
287 495 348 530 γῆς.
375 494 432 522 Καὶ
447 494 474 520 τί
493 494 534 520 δεῖ
549 493 596 520 ἐπὶ
622 493 715 520 πλεῖον
735 493 866 529 μηκύνειν

73 540 120 567 τὸν
132 540 255 576 περὶτοῦ
271 540 299 567 τί
313 541 343 567 τὸ
357 540 523 574 Εὑαγγέλιόν
541 540 600 566 ἐστι
611 539 706 574 λόγον;
717 539 867 575 Δὺτάρκως

73 586 103 613 δὲ
117 586 218 613 τούτων
233 586 396 622 εἰρημένων,
415 585 462 612 καὶ
481 586 513 612 ὲκ
532 585 635 612 τούτων
650 585 705 612 τῶν
733 585 769 621 μὴ
788 585 866 612 ἀνεν-

72 632 178 668 τρεχῶν
210 632 367 667 δυναμένων
410 632 445 660 τὰ
487 632 665 668 παραπλήσια
701 633 866 666 συναγαγεῖν

73 677 128 705 ἀπὺ
145 677 201 704 τῶν
221 678 348 714 Γραφῶν,
371 678 418 705 καὶ¹
442 678 560 713 βλέπειν,
580 678 623 709 τίς
643 679 659 713 ἡ
676 677 739 710 δόξα
760 677 814 704 τῶν
837 677 867 704 ὲν

80 723 168 760 Ἰησοῦ
183 723 292 760 Χριστῷ
316 724 426 758 ἀγαθῶν
443 724 496 751 ὑπὸ
523 722 570 750 τοῦ
605 723 783 758 Εὐαγγελίου,
807 723 866 751 δια-

73 770 236 805 κονουμένου
260 770 314 797 ὑπὸ
339 769 490 805 ἀνθρώπων
521 770 569 796 ml.
598 769 732 804 ἀγγέλων,
760 769 816 804 ὲγὼ
843 769 866 796 δ’

72 813 159 852 οἶμαι,
176 816 217 842 ὅτι
243 817 291 843 καὶ
321 816 424 851 ἀρχῶν,
444 816 492 843 καὶ
521 815 661 848 ἐξουσιῶν,
675 815 723 842 καὶ
752 815 865 850 θρόνων,

920 219 1121 255 quodammodo
1135 227 1276 248 sermones
1294 228 1358 255 pars
1374 224 1439 248 sunt
1461 219 1615 255 Evangelii.
1631 219 1707 252 Quod

920 264 1094 299 Evangelium
1109 271 1170 291 cum
1191 265 1386 301 divulgandum
1401 272 1462 293 esse
1478 265 1583 293 dicatur
1603 264 1630 292 in
1651 268 1708 291 toto

920 311 1034 344 mundo,
1050 317 1099 338 nos
1116 317 1164 346 per
1179 315 1265 339 totum
1280 313 1410 339 mundum
1426 319 1479 339 non
1497 316 1603 338 tantum
1626 309 1707 338 intel-

920 357 1029 393 ligimus
1043 361 1200 385 terrestrem
1217 356 1290 385 lumc
1308 358 1410 391 locum,
1426 357 1474 385 sed
1494 357 1575 384 ctiam
1597 363 1706 384 omnem

919 403 1027 439 globum
1047 411 1082 430 ex
1105 403 1176 431 coelo
1201 408 1228 431 et
1251 408 1334 435 terra,
1358 403 1401 431 vel
1420 411 1453 431 ex
1475 403 1553 431 cmlis
1577 407 1603 430 et
1623 407 1705 430 terra.

920 448 974 477 Sed
1003 449 1069 484 quid
1108 456 1177 484 opus
1213 453 1254 476 est
1287 449 1388 476 diutius
1416 449 1574 484 protrahere
1605 455 1708 476 sermo-

920 501 981 522 nem
1011 494 1044 522 de
1066 501 1098 522 eo
1122 494 1187 529 quid
1214 495 1251 522 sit
1274 494 1450 530 Evangelium
1467 495 1559 522 ?Cum
1581 494 1638 522 hanc
1660 501 1708 520 an-

920 544 973 568 tem
998 540 1055 575 jam
1079 540 1147 567 satis
1172 540 1242 567 dicta
1266 540 1333 571 sint,
1358 544 1441 574 atque
1467 539 1528 567 inde
1551 538 1650 567 similia
1673 545 1708 565 ex

920 586 1072 622 Scripturis
1100 586 1233 621 colligere
1263 585 1370 621 possint
1397 584 1445 619 qui
1474 584 1584 611 minime
1616 582 1706 611 stolidi

920 635 983 658 sunt
1005 635 1034 658 et
1057 632 1150 664 rudes,
1179 634 1207 658 et
1238 630 1339 658 intueri
1369 637 1449 664 quam
1482 628 1597 663 gloriam
1623 628 1709 655 hono-

920 684 980 704 rum
1012 677 1062 712 17
1094 677 1120 704 in
1148 677 1257 704 Christo
1282 675 1346 703 Jcsu
1373 675 1499 702 exhibeat
1521 673 1707 709 Evangelimn,

921 727 977 750 tum
988 723 1023 750 ab
1040 722 1207 755 hominibus,
1227 726 1282 749 tum
1305 721 1338 748 ab
1359 720 1462 756 angelis
1476 719 1708 751 administratum,

920 774 957 802 ct,
968 773 997 797 ut
1014 776 1064 805 ego
1080 769 1207 801 arbitror,
1220 768 1301 796 etiam
1316 775 1331 795 a
1343 766 1539 803 principatibus
1549 771 1575 794 et
1588 769 1708 801 potesta-

920 814 1004 847 tibus,
1020 822 1036 842 a
1057 814 1162 842 thronis
1178 818 1206 841 ct
1223 813 1455 842 dominationibus
1468 832 1476 846 ,
1501 820 1533 840 ac
1555 813 1652 840 deinde
1674 812 1708 838 ah

72 861 122 888 καὶ
137 862 315 897 κυριοτήτων,
333 862 380 889 καὶ
395 862 495 893 παντὸς
512 861 642 897 ὀνόματος
656 860 862 896 ὀνομαζομένου,

945 860 994 888 nni
1013 860 1141 894 nomine,
1156 859 1228 895 quod
1253 860 1421 892 nominatur,
1440 866 1493 886 non
1514 858 1600 886 solum
1616 858 1641 885 in
1659 857 1709 885 hoc

71 908 106 935 οὐ
121 908 201 944 μόνον
218 909 247 935 ὲν
268 908 357 944 τούτῳ
378 907 417 943 τῷ
442 907 530 940 αἰῶνι,
548 907 617 934 ἀλλὰ
633 907 680 934 καὶ
691 908 720 934 ἐν
745 906 785 942 τῷ
805 906 868 942 μὲλ-

71 953 156 986 λοντι,
168 953 232 989 εῐγε
246 954 294 981 καὶ
308 954 355 980 ὑπ’
375 953 457 980 αὐτοῦ
480 953 527 980 τοῦ
558 953 690 989 Χριστοῦ·
708 953 790 980 αὑτοῦ
809 961 867 980 που

72 1000 289 1036 καταπαύσομεν
299 999 335 1027 τὰ
348 1000 401 1035 πρὸ
418 1000 468 1035 τῆς
490 999 720 1034 συναναγνώσεως
739 999 794 1025 τῶν
822 1006 869 1033 γε-

70 1046 252 1081 γραμμένων.
275 1046 344 1081 Ἤδη
362 1046 390 1072 δὲ
402 1045 462 1080 Θεῷ
475 1045 615 1081 αἰτώμεθα
631 1046 798 1081 συνεργῆσαι
823 1045 867 1072 διὰ

71 1092 193 1127 Χριστοῦ
204 1093 270 1128 ἡμῖν
283 1093 313 1119 ὲν
323 1092 393 1127 ἁγίῳ
409 1091 548 1127 Πνεύματι
567 1091 634 1127 πρὸς
652 1090 800 1124 ἀνάπτυξιν
818 1091 865 1118 τοῦ

71 1139 104 1165 ὲν
130 1139 189 1171 ταῖς
220 1138 324 1172 λέξεσιν
364 1137 700 1174 ὲναποτεθησαυρισμένου
734 1136 867 1173 μυστικοῦ

71 1192 120 1212 νου
123 1204 134 1212 ο

918 906 1030 939 saeculo,
1046 913 1140 934 verum
1156 907 1240 933 etiam
1259 906 1284 933 in
1305 905 1413 938 futuro,
1429 909 1485 933 tum
1503 905 1586 932 etiam
1604 903 1638 931 ab
1652 904 1710 938 ipso

917 952 1028 981 Christo
1040 974 1047 986 ,
1072 953 1123 981 hoc
1139 953 1165 981 in
1181 952 1241 980 loco
1265 953 1391 980 ﬁniemus
1412 960 1473 987 qua:
1490 952 1626 979 narranda
1648 957 1709 977 esse

918 998 1038 1027 diximus
1057 1003 1123 1027 ante
1140 999 1396 1034 interpretationem
1419 1005 1514 1026 eorum
1533 1005 1593 1033 qua:
1615 996 1709 1032 prazle.

918 1049 1018 1080 guntur
1045 1045 1088 1073 his
1115 1045 1235 1079 scriptis.
1255 1044 1314 1072 lam
1333 1051 1399 1072 vero
1424 1045 1508 1071 Deum
1533 1051 1654 1075 oremus,
1680 1046 1709 1070 ut

919 1089 999 1118 nobis
1015 1090 1052 1118 sit
1065 1090 1223 1125 adiumento
1238 1098 1287 1125 per
1299 1090 1437 1118 Christum
1454 1090 1480 1116 in
1497 1093 1594 1116 sancto
1605 1087 1708 1122 Spiritu

919 1137 952 1164 ad
965 1137 1155 1172 explicandum
1169 1137 1314 1172 mysticum
1329 1144 1441 1165 sensum
1452 1136 1479 1164 in
1489 1136 1588 1169 verbis,
1598 1134 1710 1171 perinde

919 1190 951 1211 ac
965 1183 1125 1211 thesaurum
1140 1183 1322 1212 reconditum.

753 1231 868 1267 Explicit
884 1231 1019 1268 praefatio.

109 1276 154 1306 16.
175 1277 227 1304 Ἕν
240 1276 321 1312 ἀρχῇ
336 1275 377 1313 ἦν
399 1278 415 1305 ὁ
435 1279 541 1313 Λόγυς.
561 1277 598 1304 Οὐ
628 1278 708 1313 μόνον
735 1277 866 1313 Ἕλληνες

69 1322 160 1350 πολλά
185 1331 251 1357 φασι
284 1324 473 1360 σημαινόμενα
503 1323 572 1351 εἶναι
602 1324 656 1351 άπὸ
686 1324 742 1358 τῆς
767 1324 865 1360 ἀρχῆς

70 1369 277 1406 προσηγορίας,
301 1370 369 1397 ἀλλὰ
391 1371 445 1407 γὰρ
467 1371 494 1397 εῐ
524 1380 566 1403 τις
593 1371 710 1407 τηρῆσαι
741 1371 865 1405 συνάγων

71 1413 206 1441 πάντοθεν
228 1414 306 1441 τοῦτο
326 1415 356 1442 τὸ
373 1415 458 1449 ὄνομα
471 1435 478 1448 ,
507 1417 554 1442 καὶ
579 1416 701 1450 ἀκριϐῶς
732 1415 866 1449 ἐξετάζων

73 1460 198 1496 βούλοιτο
210 1462 351 1488 κατανοεῖν
367 1461 396 1488 ὲν
413 1461 521 1496 ἑκάστῳ
535 1462 610 1498 τόπῳ
622 1461 675 1489 τῶν
688 1462 804 1498 Γραφῶν
820 1462 865 1489 ἐπὶ

69 1505 146 1538 τίνος
162 1506 303 1539 τέτακται,
321 1507 431 1543 εὑρήσει
446 1508 493 1534 καὶ
507 1507 578 1535 κατὰ
593 1508 640 1535 τὸν
653 1509 724 1535 θεῖον
739 1508 817 1543 λόγον
835 1507 866 1536 τδ

70 1551 232 1587 πολύσημον
249 1551 300 1587 τῆς
316 1553 425 1588 φωνῆς·
447 1554 464 1588 ἡ
490 1553 537 1589 μὲν
553 1554 606 1589 γάρ
622 1553 718 1586 τιςιώς
747 1554 866 1590 μεταϐά-

70 1605 155 1629 σεως,
172 1596 241 1632 αὕτη
258 1597 287 1624 δέ
303 1598 377 1625 ἐστιν
394 1600 410 1634 ὴ
434 1599 472 1630 ὡς
490 1599 550 1626 όδοῦ
578 1601 625 1627 καὶ
653 1601 776 1637 μήκους,
798 1602 866 1637 ὅπερ

69 1641 201 1677 δηλοῦται
217 1643 249 1669 ὲκ
261 1642 308 1669 τοῦ
318 1651 325 1659 ’
346 1643 432 1678 Ἀρχὴ
446 1643 518 1672 ὀδοῦ
531 1645 645 1680 ἀγαθῆς
659 1647 692 1673 τὸ
710 1647 806 1674 ποιεῖν
831 1648 867 1675 τὰ

69 1687 248 1724 alaeam/1'1"};
263 1689 319 1725 γὰρ
331 1689 436 1726 ἀγαθῆς
450 1690 510 1717 όδοῠ
526 1692 658 1728 μεγίστης
668 1694 865 1730 τυγχανούσης,

70 1734 147 1761 κατὰ
160 1734 210 1770 μὲν
225 1735 261 1761 τὰ
273 1735 368 1772 πρῶτα
379 1736 487 1770 νοητέον
498 1735 567 1764 εἶναι
584 1738 640 1774 (67)
657 1739 688 1765 τὸ
705 1739 865 1774 πρακτικὸν,

69 1780 143 1816 ὅπερ
160 1781 327 1817 παρίσταται
338 1781 381 1810 διὰ
392 1781 451 1815 τοῦ,
467 1783 563 1810 ποιεῖν
593 1784 630 1811 τὰ
657 1784 773 1812 δίκαια·
796 1785 867 1812 κατὰ

69 1825 101 1853 δὲ
118 1826 154 1853 τὰ
177 1826 241 1862 ἑξῆς
256 1827 286 1854 τὺ
301 1828 483 1864 θεωρητικὸν,
501 1830 542 1862 είς
570 1830 584 1857 ὃ
606 1831 769 1866 καταλήγειν
791 1829 867 1867 οἶμαι

70 1871 122 1899 καὶ
136 1871 167 1898 τὺ
183 1871 261 1903 τέλος
276 1872 361 1908 αὐτῆς
378 1874 407 1900 έν
423 1874 456 1909 τῇ
472 1873 607 1911 λεγομένῃ
634 1875 865 1911 ἀποκαταστάσει,

68 1916 117 1943 διὰ
135 1917 167 1944 τὸ
182 1917 284 1953 μηδένα
299 1918 512 1946 καταλείπεσθαι
524 1920 586 1946 τότε
606 1921 713 1957 ἐχθρὸν,
730 1920 795 1955 εἴγε
805 1922 867 1958 ἅλη-

71 1962 119 1994 οὲς
137 1963 187 1989 τό¹
210 1962 260 1990 Δεῖ
274 1963 331 1998 γὰρ
353 1965 448 1991 αὑτὸν
475 1965 655 1997 βασιλεύειν
680 1966 736 2000 ἕως
764 1966 802 1994 ἂν
829 1967 866 2003 θῇ

68 2008 147 2041 τοὺς
158 2008 285 2043 ἐχθροὺς
297 2009 390 2038 αὐτοῦ
406 2009 466 2037 ὑπὸ
474 2010 544 2044 τοὺς
557 2011 652 2044 πόδας
665 2012 867 2047 αὑτοῦ,ἕο’χα-

67 2063 125 2088 τος
138 2055 173 2081 δὲ
179 2054 286 2089 ἐχθρδς
300 2056 485 2090 καταργεῖται
500 2058 516 2083 ό
532 2057 739 2091 οἁνατος.’ῐ¹ότε
749 2059 865 2096 γάρωθ)

71 2100 124 2134 μία
140 2099 242 2134 πρᾶξις
256 2099 331 2126 ἔσται
344 2099 399 2126 τῶν
414 2099 482 2135 πρὸς
493 2099 559 2126 Θεὸν
570 2099 613 2127 διὰ
626 2100 672 2127 τδν
696 2101 763 2136 πρὸς
785 2102 866 2129 αὐτὸν

68 2145 161 2179 Λόγον
178 2144 349 2179 φθασάντων,
367 2145 383 2180 ὴ
408 2145 454 2172 τοῦ
487 2147 628 2172 κατανοεῖν
651 2145 697 2172 τὸν
712 2146 793 2174 Θεόν·
822 2147 866 2174 ἴνα

67 2188 207 2222 γένωνται
222 2188 303 2222 οὕτω,
320 2190 349 2216 ὲν
370 2191 403 2225 τῇ
432 2189 596 2224 γνώσειτοῦ
626 2191 732 2228 Πατρός
757 2201 866 2228 μορφωο

67 2234 167 2266 θέντος
177 2235 277 2267 πάντες
292 2235 412 2272 ἀκριϐῶς
422 2235 496 2269 Υἱὸς,
511 2237 550 2269 ὡς
577 2237 625 2264 νῦν
653 2238 733 2273 μόνος
762 2238 776 2264 ὁ
801 2238 864 2270 Υἱὸς

65 2280 177 2314 ἔγνωκε
188 2281 235 2307 τὸν
251 2281 370 2317 Πατέρα.
385 2282 417 2309 Εἰ
442 2282 496 2318 γὰρ
516 2283 652 2318 ἐπιμελῶς
678 2293 720 2316 τις
743 2284 864 2317 ἐξετάζοι

67 2325 139 2352 πότε
154 2325 314 2360 γνώσονται,
330 2325 371 2359 οἷς
381 2328 568 2355 ἀποκαλύπτει
579 2330 594 2355 ὁ
606 2329 734 2364 ἐγνωκὼς
754 2331 800 2358 τὸν
809 2331 866 2358 Πα-

65 2370 152 2407 τέρα,
168 2372 216 2398 καὶ
234 2372 326 2407 βλέπει
345 2373 375 2399 τὸ
392 2373 439 2400 νῦν
462 2374 495 2400 δι’
509 2374 642 2411 ἐσόπτρου
670 2377 717 2403 καὶ
742 2378 771 2403 ἐν
794 2378 865 2404 αἰνι-

64 2424 159 2451 γματι
176 2416 221 2444 τὸν
235 2417 367 2452 βλέποντα
382 2419 502 2454 βλέπειν,
521 2421 626 2448 οὐδέπω
651 2423 790 2456 ἐγνωκότα
813 2430 864 2450 κα-

65 2461 126 2493 θὼς
140 2461 183 2488 δεῖ
192 2462 304 2496 γνῶναι,
316 2464 366 2490 οὐκ
377 2464 409 2492 ἂν
423 2465 541 2501 ἁμάρτοι
553 2466 640 2501 λέγων
661 2467 762 2502 μηδένα
779 2469 864 2502 ἐγνω-

64 2507 162 2540 κέναι,
180 2508 232 2535 κᾶν
251 2509 410 2542 ἀπόστολος,
426 2511 478 2538 κᾶν
491 2512 633 2547 προφήτης
647 2521 688 2544 τις
703 2510 731 2548 ᾖ,
748 2513 794 2540 τὸν
805 2513 863 2540 Πα-

63 2553 209 2590 τέρααὶθ),
218 2554 276 2581 ἀλλ’
283 2555 347 2583 ὅταν
355 2556 486 2590 γένωνται
498 2557 537 2589 ἓν,
547 2558 585 2590 ὡς
602 2558 667 2590 Υἱὸς
676 2559 723 2585 καὶ
730 2559 823 2595 Πατὴρ
833 2559 862 2586 ἓν

955 1277 999 1304 16.
1025 1276 1058 1304 In
1073 1273 1202 1310 principio
1218 1277 1275 1301 erat
1303 1273 1418 1301 Verbum
1436 1274 1469 1302 ⁸¹.
1501 1275 1577 1305 lianc
1602 1284 1708 1313 vocem,

917 1323 1055 1359 principii,
1072 1321 1156 1349 multa
1182 1320 1352 1356 signiﬁcare,
1378 1329 1431 1348 non
1458 1325 1564 1350 tantum
1595 1324 1710 1359 gentiles

918 1370 1050 1402 fatentur,
1065 1369 1111 1396 sed
1129 1368 1212 1395 etiam
1228 1367 1250 1394 si
1266 1366 1330 1402 quis
1344 1366 1492 1395 observare
1505 1373 1587 1404 atque
1609 1370 1709 1398 intelli-

918 1414 1116 1451 gerevolucrit,
1129 1413 1248 1448 undique
1258 1412 1389 1447 colligens
1406 1413 1457 1440 hoc
1471 1421 1581 1447 nomen,
1593 1420 1619 1442 et
1631 1424 1709 1443 accu-

919 1465 977 1490 rate
990 1461 1147 1496 exquirens,
1162 1466 1214 1494 qua
1235 1459 1268 1486 de
1282 1467 1311 1486 re
1327 1460 1353 1486 in
1369 1459 1485 1494 singulis
1503 1459 1708 1496 Scripturarum

918 1508 986 1536 locis
998 1507 1113 1542 positum
1128 1505 1176 1538 sit.
1198 1505 1317 1532 inveniet
1339 1505 1516 1540 multiplicem
1536 1507 1612 1534 vocis
1630 1507 1709 1540 hujus

918 1554 1143 1590 signiﬁcationem
1166 1552 1193 1579 in
1221 1551 1322 1578 divinis
1349 1552 1532 1580 sermonibus
1559 1560 1630 1581 esse.
1661 1553 1709 1581 Εει

918 1606 1037 1634 namque
1060 1598 1220 1633 principium
1238 1597 1311 1625 aliud
1327 1598 1462 1626 transitus
1479 1599 1552 1634 quod
1578 1600 1612 1626 ad
1636 1600 1706 1627 viam

919 1645 1037 1681 pertinet
1055 1649 1082 1672 et
1095 1644 1294 1680 longitudinem
1309 1663 1317 1675 .
1331 1648 1361 1672 ut
1374 1644 1432 1672 ha‘c
1446 1645 1527 1672 verba
1543 1645 1706 1674 declarant:

922 1691 977 1719 Via:
991 1692 1064 1720 bona:
1079 1692 1239 1726 principium
1255 1696 1293 1719 est
1306 1691 1394 1727 facere
1403 1691 1478 1726 juxta
1500 1692 1534 1720 ⁸¹.
1551 1692 1618 1720 Cum
1633 1693 1706 1720 enim

917 1738 987 1765 bona
1007 1738 1050 1765 via
1069 1738 1105 1765 sit
1128 1738 1302 1773 longissima,
1326 1738 1361 1765 ad
1378 1744 1438 1766 eam
1460 1738 1486 1765 in
1506 1738 1602 1773 primis
1622 1739 1708 1774 perti~

918 1789 983 1809 nere
997 1788 1056 1809 eam
1070 1781 1247 1817 philosophia:
1258 1787 1364 1816 partem
1380 1783 1550 1810 censendum
1571 1786 1630 1816 est,
1648 1790 1708 1817 qua:

918 1827 945 1855 in
960 1834 1049 1854 rerum
1073 1827 1181 1854 actione
1197 1832 1340 1860 versatur;
1353 1828 1425 1862 quod
1440 1827 1597 1855 ostenditur
1607 1835 1639 1855 ex
1655 1828 1708 1855 illis

917 1873 1018 1906 verbis,
1032 1872 1119 1908 facere
1127 1872 1219 1907 justa,
1237 1879 1298 1900 cum
1315 1874 1387 1907 quod
1411 1872 1551 1907 reliquum
1572 1877 1614 1900 est
1645 1874 1705 1904 viae,

917 1919 943 1946 id
959 1924 1045 1946 totum
1064 1919 1098 1946 ad
1114 1926 1174 1946 eam
1188 1918 1242 1945 vim
1257 1922 1361 1953 spectet
1375 1926 1436 1953 qua:
1452 1918 1503 1946 sita
1517 1923 1559 1946 est
1571 1919 1599 1946 in
1616 1926 1706 1946 rerum

917 1965 1167 2001 contemplatione,
1189 1965 1215 1992 in
1242 1972 1323 1999 quam
1346 1965 1427 1992 etiam
1444 1963 1529 1999 ipsius
1541 1965 1622 1993 tinem
1636 1965 1706 1992 desi-

918 2016 1007 2039 turum
1035 2012 1144 2047 opinor,
1178 2010 1258 2039 simul
1287 2015 1368 2045 atque
1398 2011 1539 2038 advenerit
1568 2011 1706 2039 restitutio

916 2066 997 2094 quam
1019 2062 1118 2086 vocant
1133 2066 1140 2086 :
1161 2065 1194 2086 eo
1209 2057 1281 2093 quod
1295 2062 1350 2085 tum
1366 2058 1495 2092 temporis
1512 2065 1546 2085 ne
1565 2065 1633 2085 unus
1646 2058 1707 2092 qui-

916 2105 976 2132 dem
993 2104 1186 2140 relinquendus
1210 2104 1245 2132 sit
1269 2103 1405 2136 inimicus,
1431 2103 1453 2131 si
1474 2103 1581 2138 quidem
1611 2110 1704 2131 verum

916 2155 959 2178 est
988 2149 1054 2178 illud
1091 2159 1099 2177 ι
1135 2149 1244 2184 Oportet
1279 2150 1348 2176 enim
1379 2157 1438 2176 eum
1469 2157 1594 2184 regnare,
1625 2149 1706 2176 donec

915 2196 1031 2231 posuerit
1045 2203 1136 2223 omnes
1153 2195 1276 2222 inimicos
1292 2194 1340 2222 sub
1356 2194 1433 2229 pedes
1450 2203 1523 2227 suos,
1549 2199 1574 2221 et
1593 2195 1705 2222 novissi-

881 2255 903 2283 ι)
917 2250 974 2269 mus
988 2242 1070 2269 [iouis
1086 2234 1300 2269 aboleuturmohrs
1314 2241 1347 2269 ³³.
1367 2240 1434 2267 Tum
1444 2242 1515 2268 enim
1525 2241 1704 2276 cognoscendi

917 2285 1002 2313 Deum
1025 2293 1079 2314 una
1092 2285 1145 2314 erit
1160 2286 1233 2313 actio
1249 2293 1345 2314 eorum
1363 2285 1408 2320 qui
1426 2286 1459 2312 ad
1474 2285 1556 2312 Deum
1574 2293 1705 2320 pervene-

916 2331 983 2364 rint,
1001 2332 1072 2360 duce
1087 2339 1121 2359 eo
1135 2331 1226 2360 Verbo
1249 2332 1321 2367 quod
1343 2336 1384 2358 est
1404 2332 1475 2366 apud
1490 2331 1573 2358 Deum
1593 2340 1599 2358 :
1618 2336 1646 2358 ut
1665 2331 1704 2359 sic

915 2377 970 2405 sint
986 2377 1012 2404 in
1036 2377 1191 2412 cognitione
1212 2376 1302 2405 Patris
1327 2376 1438 2404 formati
1462 2383 1556 2404 omnes
1579 2381 1705 2404 accurate

916 2420 1011 2457 Filius,
1020 2416 1051 2453 ut
1063 2431 1136 2451 nunc
1158 2423 1233 2450 solus
1254 2423 1339 2451 Filius
1357 2423 1432 2451 novit
1449 2423 1568 2450 l’atrcm.
1594 2422 1661 2450 Nam
1680 2423 1703 2450 si

916 2468 1060 2503 diligenter
1071 2469 1132 2504 quis
1147 2469 1295 2503 examinet,
1311 2469 1418 2505 quando
1433 2469 1541 2497 Patrem
1557 2474 1704 2503 agnoscent

913 2514 941 2542 hi
954 2515 1053 2550 quibus
1071 2516 1174 2543 revelat
1195 2516 1243 2551 qui
1266 2516 1375 2544 Patrem
1391 2516 1484 2548 novit,
1501 2520 1529 2543 et
1548 2515 1703 2543 consideret

914 2559 1050 2588 videntem
1066 2568 1138 2589 nunc
1151 2568 1201 2597 per
1214 2562 1353 2598 speculum
1364 2566 1392 2590 et
1402 2561 1429 2589 in
1439 2561 1595 2597 aenigmate,
1611 2561 1702 2588 videre

103 2599 129 2616 "
145 2598 228 2627 Joan.
243 2600 301 2632 1.1.
339 2601 362 2618 ⁸¹
377 2602 459 2630 Prov.
472 2611 529 2633 xvt.
550 2603 577 2631 5.
616 2603 638 2620 ⁸³
650 2605 661 2632 l
675 2604 739 2633 Cor.
753 2613 799 2638 xv,
818 2605 912 2640 25,26.

103 2655 165 2691 (67)
181 2653 278 2684 Ετναι.
297 2656 391 2685 Exstat
401 2657 427 2684 in
437 2658 575 2687 codicibus
587 2659 735 2688 Barberino
747 2664 774 2687 et
790 2660 861 2688 Bod-

61 2691 171 2723 leiano,
187 2692 265 2718 deest
281 2698 345 2718 vero
361 2693 386 2719 in
404 2693 524 2720 nditione
541 2693 641 2722 Huetii.

102 2726 164 2765 (68)
185 2726 254 2765 Τόςε
263 2726 386 2765 ῥκθρρν,
396 2727 464 2765 sire
473 2727 585 2765 ἀιίηθὲς
599 2730 634 2765 τό
645 2737 652 2744 ·
669 2729 719 2757 Δεῖ
729 2730 784 2765 γὰρ
809 2732 861 2758 αὐ,

60 2761 120 2798 τι)ῖῖ
133 2761 318 2798 ,βασιλεύειν
338 2761 392 2795 ἕως
411 2761 450 2798 (fr
468 2762 505 2798 θῇ
526 2761 597 2797 τοὺς
619 2761 744 2798 ἐχθροὺς
763 2761 861 2793 ἀὑτοῦ

61 2797 124 2836 ῠῖξὸ
143 2796 322 2837 τοζιςιθξόδας
336 2796 441 2837 αιξρῦ,
458 2796 590 2837 ἔσχατος(
599 2796 750 2837 δὲ’ἐέθρόζ
760 2809 863 2835 καπφ-

62 2831 161 2865 reita:
173 2833 192 2860 ὁ
205 2831 345 2862 θάνατον.
362 2832 430 2861 Τότε
523 2831 581 2862 εἰ(
597 2831 703 2864 codices
732 2831 860 2865 Βοώοὴ-

913 2667 965 2723 plus
974 2666 1002 2722 et
1017 2660 1182 2689 Bodleianus
1193 2661 1339 2689 restituunt
1352 2669 1412 2697 quae
1427 2662 1527 2689 desunt
1540 2662 1566 2688 in
1581 2661 1702 2688 editione

936 2703 971 2722 ne
986 2704 1014 2723 Il.

1030 2730 1094 2768 Κᾶν
1116 2730 1271 2768 προφήτης
1288 2740 1346 2768 ru;
1372 2729 1403 2768 ᾖ,
1423 2731 1475 2758 τὸν
1493 2730 1625 2768 Πατέρα.
1633 2730 1702 2768 _Sic

914 2765 1086 2794 τθοιειιιώοι
1100 2765 1187 2793 codex
1202 2765 1382 2800 Bodleiauus';
1397 2772 1423 2794 et
1438 2768 1475 2794 ita
1493 2767 1617 2801 legerunt
1633 2765 1694 2792 Fer-

916 2801 1004 2828 rarius
1014 2805 1041 2828 et
1057 2801 1213 2835 Perionius;
1231 2802 1300 2828 male
1317 2806 1406 2829 autem
1428 2802 1454 2828 in
1470 2799 1547 2827 codd.
1572 2799 1657 2833 Regio
1671 2803 1698 2825 ct

915 2835 1062 2866 Bnrberino
1075 2837 1181 2872 legitur,
1199 2835 1251 2864 κᾶν
1267 2837 1418 2873 προφήτης,
1435 2836 1451 2871 ἢ
1465 2836 1511 2863 τὸν
1532 2835 1648 2870 Πατέρα.
1695 2865 1704 2876 κ
