1872 3041
93 111 127 140 53
642 114 819 143 COMMENT.
838 114 869 142 IN
884 114 981 144 JOAN.
1000 115 1120 145 TOMUS
1136 115 1156 143 l.
1685 117 1719 144 56

94 181 189 208 γοιμεν
201 172 313 200 Παῦλον
320 173 408 200 θέλειν
421 173 559 209 ἐπιμένειν
573 175 606 210 τῇ
616 176 698 210 σαρκὶ
715 176 764 210 οὐχ
777 176 872 203 ἑκόντα

959 177 1020 210 aris,
1033 177 1105 212 quod
1120 176 1194 209 facit,
1213 175 1269 210 spei
1281 175 1368 210 gratia
1380 174 1454 208 facit,
1468 179 1596 211 tanquam
1611 184 1634 204 st
1646 177 1720 205 dice-

97 218 163 245 ἀλλὰ
174 218 219 245 διὰ
229 218 280 254 τὴν
295 219 401 246 ἐλπίδα.
417 219 594 254 Προτιμῶντα
614 220 668 255 γὰρ
688 222 748 247 κατ’
767 221 833 248 αὐτὸ
854 221 885 249 τὸ

97 264 228 291 ἀναλῦσαι
242 265 294 292 καὶ
304 265 366 293 σὺν
377 265 493 300 Χριστῷ
504 263 591 297 εἶναι,
602 266 652 292 οὐκ
663 266 759 300 ἄλογον
773 265 808 302 ἦν
825 267 885 302 βού-

97 311 191 338 λεσθαι
203 312 345 347 ἐπιμένειν
356 313 388 348 τῇ
403 312 484 348 σαρκὶ
495 312 538 339 διὰ
558 312 606 347 τὴν
620 313 720 348 ἐτέρων
739 313 883 347 ὠφέλειαν,

96 357 145 384 καὶ
160 357 303 394 προκοπὴν
328 358 377 394 τὴν
401 359 430 385 ὲν
452 360 508 390 τοῖς
531 358 717 394 ὲλπιζομένοις
742 360 773 386 οὺ
805 360 884 395 μόνον

95 403 191 436 αὑτοῦ,
209 402 277 430 ἀλλὰ
289 404 336 430 καὶ
351 404 405 430 τῶν
420 404 616 439 ὠφελουμένων
635 405 682 431 ὑπ’
694 405 787 432 αὑτοῦ.
805 406 883 433 Κατὰ

94 448 176 475 τοῦτο
186 449 216 475 δὲ
229 449 260 476 τὸ
271 449 308 481 ὡς
320 450 452 484 γενέσεως
463 450 659 486 σημαινόμενον
667 450 715 486 τὴν
725 451 821 487 ἀρχὴν,
836 452 883 478 καὶ

93 495 125 521 τὸ
145 495 200 522 ὑπὸ
216 495 266 531 τῆς
282 496 378 530 σοφίας
393 497 421 524 ἐν
445 497 610 533 Παροιμίαις
636 498 782 534 λεγόμενον
806 499 881 526 ἐκδέ-

96 539 194 573 ξασθαι
209 541 380 577 δυνησόμεθα
394 542 426 570 ‘0
435 543 507 577 Θεὸς
515 544 570 580 γὰρ
581 564 588 576 ,
609 544 701 580 φησὶν,
723 544 825 571 Extitre
844 553 883 580 με

94 585 196 620 ἀρχὴν
207 586 285 613 ὁδῶν
295 587 387 615 αὐτοῦ
399 589 442 622 εὶς
454 588 526 623 ἔργα
543 590 646 617 αὐτοῦ.
671 589 787 617 Δύναται
817 590 882 626 μέν·

94 639 171 665 τοιγε
185 632 233 658 καὶ
248 633 296 659 ἐπὶ
307 633 337 660 τὸ
353 633 459 669 πρῶτον
472 634 637 669 ἀνάγεσθαι,
659 635 781 662 τουτέστι
797 635 828 662 τὸ
843 635 881 668 ὡς

93 676 157 703 όδοῦ
171 677 217 704 διὰ
240 678 270 704 τὸ
293 678 438 712 λέγεσθαι·
461 680 488 706 '0
508 680 580 714 Θεὸς
602 680 704 708 ἐκτισέ
718 690 757 716 με
782 681 883 716 ἀρχὴν

94 720 176 748 ὁδῶν
188 721 291 749 αὐτοῦ.
315 723 372 750 οὐκ
393 723 500 756 ἀτόπως
527 724 555 750 δὲ
581 724 628 751 καὶ
656 724 702 752 τὸν
730 725 785 752 τῶν
812 725 880 752 ὅλων

93 766 164 794 Θεὸν
183 767 243 802 ἐρεῖ
265 777 307 799 τις
322 768 424 804 ἀρχὴν,
443 769 534 803 σαφῶς
550 769 720 804 προπίπτων,
742 770 783 796 ὅτι
808 771 879 807 ἀρχὴ

94 812 163 839 Υίοῧ
177 814 192 840 ό
206 813 311 849 Πατὴρ,
327 815 373 841 καὶ
386 815 456 850 ἀρχὴ
471 815 502 850 δη
507 815 717 851 μιουργημάτων
728 816 879 852 όδημιουρ-

91 857 153 890 γὺς,
168 858 216 884 καὶ
231 858 397 891 ἁπαξαπλῶς
408 849 481 895 ἀρχὴ
498 849 552 886 τῶν
565 849 649 886 όντων
660 861 674 886 ό
690 860 766 892 Θεός.
776 849 877 896 ὶιαρά-
892 849 914 877 Β

93 902 245 938 μυθήσεται
261 904 289 930 δὲ
303 904 347 931 διὰ
361 905 408 931 τοῦ
419 905 482 931 ’Ἐν
497 905 576 940 ἀρχῇ
587 904 626 940 ἦν
641 907 658 932 ό
672 906 776 940 Λόγυς,
792 906 878 940 Λόγον

89 946 163 974 νοιῖιν
173 948 220 974 τὸν
233 948 296 976 Υῐὸν
312 949 389 985 παρὰ
403 949 434 976 τὸ
442 947 511 978 εἶναι
528 951 557 977 ὲν
572 950 612 986 τῷ
629 950 716 986 Πατρὶ
731 950 878 986 λεγόμενον

89 990 164 1021 εἷναι
179 994 210 1020 ὲν
222 994 304 1030 ἀρχῇ.

126 1092 172 1120 18.
187 1091 284 1128 Τρίτον
299 1093 327 1119 δὲ
347 1093 378 1120 τὸ
397 1094 427 1128 ἐξ
452 1091 484 1122 οὗ
508 1094 607 1122 οἴονται
623 1094 680 1130 (75)
708 1095 738 1127 ἐξ
765 1096 877 1122 ὑποκειο

91 1137 176 1172 μένης
189 1137 265 1173 ὕλης,
277 1138 347 1174 ἀρχὴ
360 1139 435 1176 παρὰ
450 1141 505 1172 τοῖς
515 1141 569 1176 (76)
581 1140 710 1175 ἀγένητον
723 1141 806 1177 αὐτὴν
820 1142 878 1168 ὲπι-

90 1183 248 1217 σταμὲνοις,
268 1183 324 1210 ἀλλ’
340 1185 369 1210 οὺ
389 1185 453 1222 παρ’
473 1186 539 1222 ἡμῖν
555 1187 611 1217 τοῖς
632 1186 812 1222 πειθομένοις,
836 1186 877 1213 ὅτι

89 1228 119 1261 ἐξ
131 1228 182 1254 οὐκ
199 1228 283 1256 ὄντων
295 1229 330 1256 τὰ
349 1229 413 1257 ὄντα
429 1230 555 1266 ἐποίησεν
566 1231 581 1258 ό
592 1231 657 1263 Θεὸς
667 1251 675 1263 ,
692 1231 730 1263 ὡς
750 1233 767 1268 ὴ
786 1232 876 1268 μήτηρ

87 1273 143 1300 τῶν
156 1273 226 1301 ἑπτὰ
245 1275 389 1311 μαρτύρων
401 1276 430 1302 ὲν
438 1276 709 1310 Μακκαὸαἶκοτς,καὶ
728 1278 743 1304 ό
762 1278 812 1314 τῆς
829 1287 876 1314 με-

87 1321 200 1353 τανοίας
216 1321 332 1356 ἅγγελος
348 1322 377 1348 ὲν
391 1321 431 1357 τῷ
444 1323 563 1357 Ποιμένι
574 1322 688 1356 ιδίδαεε.

123 1421 169 1450 19.
182 1421 255 1458 Πρὸς
270 1422 375 1454 τούτοις
392 1422 461 1458 ἀρχὴ
476 1422 522 1448 καὶ
549 1421 579 1449 τὸ
601 1421 662 1449 καθ’
675 1419 732 1448 οἷον
756 1422 826 1449 κατὰ
844 1421 875 1448 τὸ

87 1463 170 1498 εἶδος,
186 1466 284 1499 οὕτως’
306 1468 384 1502 εἴπερ
401 1466 482 1495 εἰκὼν
498 1466 544 1493 τοῦ
560 1467 626 1494 Θεοῦ
649 1466 696 1493 τοῦ
721 1467 837 1502 ἀοράτου
858 1467 874 1494 ὀ

88 1513 262 1548 πρωτότοκος
288 1513 378 1548 πάσης
407 1513 530 1545 κτίσεως,
544 1513 616 1548 ἁρχὴ
640 1512 722 1539 αὐτοῦ
738 1514 752 1539 ὁ
777 1513 872 1548 Πατήρ
887 1525 908 1554 C

89 1558 175 1586 ἐστιν.
188 1557 304 1593 Ὁμοίως
318 1558 346 1585 δὲ
360 1559 406 1585 καὶ
419 1558 533 1594 Χριστὸς
547 1559 617 1594 ἁρχὴ
631 1558 686 1585 τῶν
702 1559 762 1584 κατ’
781 1557 874 1586 εἰκόνα

87 1604 243 1640 γενομένων
255 1603 334 1631 Θεοῦ.
351 1604 382 1630 Εἰ
401 1604 455 1640 γὰρ
471 1604 495 1630 οἱ
512 1603 647 1640 ἄνθρωποι
664 1604 723 1630 κατ’
741 1603 843 1636 εἰκόνα,
857 1604 875 1639 ή

87 1649 171 1677 εἰκὼν
186 1650 215 1676 δὲ
231 1650 301 1677 κατὰ
316 1651 362 1679 τὸν
381 1652 500 1688 Πατέρα,
526 1651 557 1677 τὸ
578 1650 627 1686 μὲν
651 1649 718 1676 καθὸ
740 1649 787 1676 τοῦ
808 1649 876 1687 Χρι-

88 1695 152 1723 στοῦ
174 1696 189 1722 ό
202 1695 298 1732 Πατὴρ
323 1697 394 1733 ἀρχή
405 1706 411 1713 ·
438 1697 468 1724 τὸ
486 1697 514 1724 δὲ
542 1696 608 1723 καθὸ
624 1696 677 1723 τῶν
695 1695 846 1731 ἀνθρώπων
859 1697 875 1723 ό

86 1741 217 1776 Χριστὸς,
234 1742 386 1777 γενομένων
401 1742 430 1768 οὐ
445 1742 515 1769 κατὰ
530 1742 560 1769 τὸ
570 1739 600 1769 οὗ
617 1742 691 1768 ἐστιν
701 1740 792 1773 εἰκὼν,
806 1740 874 1768 ἀλλὰ

87 1785 159 1813 κατὰ
181 1783 232 1819 τὴν
252 1786 354 1813 εἰκόνα.
385 1786 550 1822 ’Δρμόσειδὲ
566 1786 613 1819 τὸ,
637 1786 688 1813 Ἐν
699 1785 779 1821 ἀρχῇ
794 1782 833 1820 ἦν
857 1785 873 1811 d

86 1831 194 1867 Λόγος,
206 1831 246 1861 είς
260 1830 291 1857 τὸ
306 1831 371 1857 αὐτὸ
386 1831 568 1867 παράδειγμα.

119 1961 167 1989 ‘20.
181 1962 277 1990 Ἔστιν
295 1962 366 1998 ἀρχὴ
382 1963 428 1990 καὶ¹
447 1963 485 1994 ὡς
501 1962 653 1999 μαθήσεως,
669 1961 737 1989 καθὸ
751 1962 785 1989 τὰ
801 1969 872 1988 στοι-

85 2008 149 2044 χεῖά
163 2017 252 2044 φαμεν
266 2009 353 2044 ἀρχὴν
371 2007 439 2036 εἶναι
462 2009 668 2045 γραμματικῆς.
687 2008 766 2036 Κατὰ
793 2007 871 2035 τοῦτό

85 2061 170 2089 φησιν
193 2054 208 2080 ό
230 2053 398 2086 ’Δπόστολος,
423 2055 476 2086 ὅτι,
495 2054 677 2089 Ὁφείλοντες
696 2051 772 2080 εἶναι
795 2052 872 2080 διδά-

84 2100 198 2126 σκαλοι
213 2098 261 2126 διὰ
275 2098 329 2126 τὸν
339 2100 459 2134 χρόνον,
474 2099 568 2127 πάλιν
583 2099 687 2133 χρείαν
705 2099 790 2133 ἔχετε
817 2097 871 2124 τοῦ

85 2146 243 2174 διδάσκειν
256 2146 336 2181 ὑμᾶς
344 2147 412 2174 τίνα
426 2147 462 2174 τὰ
471 2146 606 2182 στοιχεῖα
626 2146 681 2180 τῆς
698 2144 794 2179 ἀρχῆς
811 2143 871 2171 τῶν

937 230 1029 250 remus
1057 222 1170 249 Paulum
1196 222 1265 249 velle
1289 228 1450 256 permanere
1475 221 1502 248 in
1529 229 1638 254 carne,
1665 229 1717 250 non

935 273 1042 302 sponte.
1059 267 1106 295 sed
1123 270 1233 301 propter
1250 272 1335 300 spem.
1361 265 1554 293 Pratl'erentem
1571 268 1643 294 enim
1670 275 1719 302 per

934 320 964 340 se
980 313 1085 345 resolvi,
1103 317 1127 340 σι
1141 320 1199 339 cum
1215 311 1319 338 Christo
1336 319 1391 338 use
1404 312 1439 343 '°,
1455 311 1521 339 nihil
1544 316 1586 340 est
1606 313 1720 341 absurdt

935 359 1002 386 velle
1017 364 1176 393 permanere
1199 357 1225 384 in
1245 363 1327 383 carne
1349 362 1459 391 propter
1481 357 1596 385 aliorum
1611 359 1718 386 utilitas-

935 409 1000 436 tem,
1016 408 1043 431 et
1061 403 1212 438 profectum
1233 401 1261 429 in
1276 402 1366 433 rebus.
1383 409 1436 429 non
1457 407 1561 430 tantum
1577 412 1645 438 quas
1659 406 1716 440 ipse

933 454 1035 484 sperat,
1048 450 1094 477 sed
1110 449 1192 477 etiam
1206 456 1275 483 quas
1288 453 1398 483 sperent
1413 449 1439 475 hi
1456 449 1552 484 quibus
1575 456 1617 478 est
1636 452 1716 486 adju-

934 499 1035 522 mento.
1056 493 1115 521 Jam
1133 493 1211 528 juxta
1228 493 1280 521 hoc
1300 494 1493 528 signiﬁcatum,
1517 502 1572 530 quo
1599 497 1716 524 dicimus

933 539 1095 574 principium
1130 538 1335 574 generationis,
1372 538 1523 572 intelligere
1562 542 1713 575 poterimus

932 585 1015 612 etiam
1032 584 1097 612 illud
1113 585 1320 612 l’roverbiorum
1342 594 1349 612 :
1370 585 1440 612 Deut
1460 587 1556 613 creavit
1576 594 1616 613 me
1637 588 1713 620 prim

931 629 1028 664 cipium
1041 630 1141 657 ciarum
1156 637 1275 662 tuarum,
1288 630 1323 657 ad
1338 638 1415 665 opera
1431 639 1481 658 sua
1491 631 1525 663 ‘1,
1540 632 1610 666 quod
1624 637 1714 660 tamen

931 679 1019 711 potest
1031 675 1065 702 ad
1081 675 1200 711 primum
1213 675 1397 710 significatum
1411 676 1464 704 νὴ
1482 676 1591 710 referri,
1599 684 1633 705 eo
1643 680 1713 712 quod

933 721 1060 750 dicatur:
1077 721 1178 748 Crescit
1200 729 1241 748 nte
1263 721 1334 749 Deut
1352 722 1512 757 principium
1529 723 1631 750 viarum
1651 732 1716 751 sua-

931 774 1001 794 rum.
1021 765 1076 794 Nec
1092 766 1209 794 absurde
1222 767 1410 795 universorum
1427 768 1509 796 Deum
1524 769 1623 796 dixerit
1637 769 1714 803 quis-

930 811 1003 846 piam
1038 811 1210 846 principium,
1239 811 1327 846 palum
1351 819 1385 840 eo
1411 812 1566 846 proeidens.
1592 817 1622 840 ut
1649 812 1713 840 Filii

929 857 1091 892 principium
1118 857 1155 884 sit
1182 857 1274 890 Pater,
1300 863 1327 885 et
1345 858 1506 892 principium
1522 863 1712 886 creaturarum

928 903 1052 936 Creator.
1077 907 1160 938 atque
1182 905 1334 938 generatim
1356 904 1458 931 entium
1485 904 1647 938 principium
1677 904 1714 933 sit

929 948 1001 976 Deus
1018 955 1024 973 :
1042 948 1217 976 confirmabit
1244 949 1296 976 hoc
1312 957 1319 975 :
1333 947 1368 976 In
1395 949 1524 983 principio
1553 954 1609 977 erat
1650 949 1712 976 Ver-

928 995 991 1021 bum
1003 993 1038 1021 ".
1056 992 1175 1021 Verbum
1191 993 1346 1028 intelligens
1371 994 1482 1027 Filium,
1498 995 1543 1029 qui
1565 995 1591 1023 in
1607 995 1711 1030 princi-

928 1041 973 1075 pio
983 1047 1043 1068 esse
1057 1040 1165 1072 dicitur,
1181 1039 1244 1074 quia
1255 1040 1291 1066 sit
1302 1039 1328 1066 in
1343 1039 1436 1068 Putre.

963 1085 1007 1112 18.
1028 1085 1120 1113 Tertio
1157 1085 1222 1113 illud
1249 1092 1283 1112 ex
1317 1092 1382 1120 quo.
1416 1085 1487 1113 unde
1514 1090 1643 1120 tanquam
1676 1094 1711 1115 ex

928 1131 1126 1166 prmexsistcnti
1159 1131 1274 1158 materia
1300 1131 1426 1159 oriantur
1455 1132 1519 1164 alia,
1547 1133 1710 1167 principium

927 1178 1086 1206 existimant
1112 1176 1163 1210 illi,
1183 1177 1229 1212 qui
1243 1177 1384 1204 materiam
1406 1177 1554 1213 ingenitam
1572 1183 1706 1206 astruunt.

927 1222 1013 1250 Secus
1027 1230 1091 1250 vero
1103 1223 1173 1256 apud
1187 1230 1236 1250 nos
1251 1228 1302 1255 est,
1315 1223 1360 1258 qui
1373 1224 1510 1251 credimus
1526 1231 1559 1251 ex
1572 1231 1625 1251 non
1641 1225 1710 1252 enti-

926 1267 978 1296 bus
992 1268 1078 1296 Deum
1096 1268 1170 1295 entia
1183 1268 1291 1302 fecisse,
1309 1273 1338 1296 ut
1351 1273 1437 1296 mater
1453 1269 1495 1296 illa
1515 1275 1619 1304 septem
1632 1278 1708 1298 mar-

927 1317 1015 1349 tyrum
1045 1313 1073 1341 in
1101 1313 1312 1342 Maecabmorum
1337 1315 1422 1349 gestis
1437 1315 1471 1348 “,
1500 1321 1527 1343 et
1541 1316 1712 1350 paenitentiae

925 1359 1036 1395 angelus
1051 1359 1077 1387 in
1093 1359 1203 1388 Pastori:
1218 1360 1321 1388 docuit.

962 1407 1006 1434 19.
1021 1406 1062 1435 Ad
1075 1408 1131 1435 haec
1149 1408 1311 1444 principium
1332 1409 1414 1437 etiam
1436 1415 1480 1437 est
1502 1411 1586 1438 veluti
1606 1419 1710 1440 secun-

923 1449 989 1479 dum
1005 1451 1138 1485 formam,
1164 1454 1217 1481 hoc
1241 1458 1319 1488 pecto
1333 1463 1340 1481 :
1353 1455 1375 1482 si
1396 1455 1595 1492 primogenitus
1620 1458 1710 1486 omnis

923 1501 1056 1525 meatum
1090 1503 1133 1525 est
1162 1499 1250 1534 imago
1286 1499 1333 1527 Dei
1359 1500 1518 1533 invisibilis,
1543 1502 1707 1537 principium

927 1541 1012 1575 ipsius
1029 1545 1071 1568 est
1086 1541 1184 1574 Pater;
1199 1541 1325 1570 similiter
1340 1542 1424 1570 etiam
1437 1543 1561 1572 Christus
1573 1549 1615 1572 est
1630 1545 1708 1580 prin-

925 1586 1026 1620 cipium
1044 1592 1138 1613 eorum
1162 1586 1208 1620 qui
1227 1586 1289 1614 facti
1305 1591 1368 1614 sunt.
1383 1587 1532 1615 secundum
1560 1588 1707 1623 imaginem

926 1632 985 1660 Dei.
1016 1630 1084 1659 Nam
1101 1631 1125 1659 si
1142 1631 1266 1660 homines
1286 1636 1350 1660 sunt
1377 1634 1525 1661 scentulum
1549 1634 1706 1669 imaginem,

925 1678 1016 1713 imago
1031 1685 1095 1706 vero
1120 1679 1267 1707 secundum
1289 1678 1407 1711 Patrem,
1423 1679 1501 1714 juxta
1529 1680 1581 1708 hoc
1599 1680 1713 1714 quidem,

924 1723 1007 1751 Pater
1024 1725 1185 1760 principium
1199 1729 1241 1752 est
1257 1724 1316 1751 Filii
1330 1733 1338 1756 ;
1352 1724 1430 1759 juxta
1449 1725 1514 1752 illud
1529 1733 1603 1759 vero,
1618 1726 1707 1754 homi-

925 1776 990 1798 num
1007 1769 1170 1805 principium
1186 1774 1228 1797 est
1243 1769 1385 1804 Christus,
1403 1771 1450 1805 qui
1473 1771 1538 1799 facti
1567 1775 1632 1798 sunt
1653 1778 1706 1798 non

923 1815 1072 1844 secundum
1084 1816 1112 1842 id
1126 1815 1203 1851 cujus
1217 1820 1259 1844 est
1273 1815 1374 1851 imago,
1390 1817 1437 1845 sed
1452 1817 1600 1845 secundum
1611 1818 1706 1852 imagi-

923 1870 985 1891 nem
1006 1862 1100 1898 ipsius.
1119 1862 1258 1896 Congruet
1281 1868 1371 1889 autem
1395 1863 1429 1889 ad
1456 1863 1526 1890 idem
1551 1863 1706 1898 exemplum

922 1913 1064 1936 contextus
1079 1908 1124 1935 hic
1141 1916 1148 1934 :
1163 1907 1198 1935 In
1210 1907 1338 1941 principio
1352 1913 1406 1934 erat
1423 1907 1544 1936 Verbum.

957 1954 1002 1982 20.
1017 1954 1065 1982 Est
1078 1954 1159 1982 etiam
1172 1953 1336 1989 principium
1348 1953 1497 1989 disciplina:
1507 1975 1515 1987 ,
1532 1954 1609 1989 juxta
1624 1963 1704 1990 quam

922 2000 1129 2036 intelligentiam
1155 1999 1270 2029 dicimus
1296 1999 1430 2028 elementa
1456 2001 1616 2036 principium
1644 2009 1705 2030 οδες

921 2045 1121 2081 grammatices.
1139 2044 1179 2073 οι)
1197 2045 1248 2072 hoc
1263 2043 1328 2072 dicit
1340 2044 1485 2078 Apostolus
1498 2053 1505 2071 ε
1520 2044 1585 2072 Cum
1600 2045 1705 2073 debere-

922 2092 955 2119 tis
966 2099 1021 2119 esse
1040 2091 1158 2126 magistri
1172 2096 1278 2126 propter
1296 2095 1406 2124 tempus,
1422 2099 1526 2118 rursum
1544 2100 1608 2126 opus
1622 2092 1705 2118 liabe-

921 2138 955 2165 tis
982 2142 1011 2164 ul
1033 2137 1180 2164 doreamini
1202 2144 1262 2171 qua:
1289 2136 1341 2163 sint
1362 2137 1488 2164 elementa
1512 2136 1704 2172 priucipiiur-

85 2192 194 2227 ,ιιτίων
208 2192 261 2220 τοῦ
275 2192 360 2220 Θεοῦ.
373 2193 453 2228 Διττὴ
469 2193 497 2219 δὲ
511 2193 528 2228 ἡ
544 2193 582 2225 ὠς
600 2191 742 2228 μαθήσεως
757 2190 837 2227 ἀρχὴ,
851 2191 868 2226 ἡ

959 2191 1028 2210 mum
1046 2182 1092 2210 Dei
1106 2182 1140 2211 “.
1159 2182 1213 2210 Sed
1231 2183 1330 2218 duplex
1350 2188 1392 2210 est
1406 2183 1568 2218 principium
1582 2183 1703 2217 discipli-

87 2238 138 2274 μὲν
203 2238 297 2272 φύσει,
309 2239 326 2274 ὴ
343 2238 370 2265 δὲ
386 2238 425 2270 ὡς
434 2239 502 2274 πρὸς
517 2239 607 2274 ἡμᾶς·
631 2237 668 2269 ὡς
692 2238 716 2263 ει
745 2236 871 2271 λέγοιμεν

85 2284 134 2311 ἐπὶ
150 2284 270 2319 Χριστοῦ
280 2293 287 2301 ⁸
306 2284 385 2319 φύσει
399 2285 448 2320 μὲν
464 2284 546 2311 αὐτοῦ
562 2283 632 2319 ἀρχὴ
646 2284 663 2318 ὴ
676 2283 770 2318 θεότης
780 2291 787 2299 ·
803 2282 871 2318 πρὸς

82 2331 159 2366 ἡμᾶς
173 2330 212 2362 δὲ,
230 2330 267 2367 μὴ
285 2331 338 2357 ἀπὸ
352 2331 398 2358 τοῦ
411 2331 468 2365 (77)
497 2330 628 2365 μεγέθους
650 2329 733 2357 αὐτοϋ
756 2328 871 2364 δυναμέ-

83 2385 147 2408 νους
160 2375 294 2412 ἄρξασθαι
317 2376 368 2411 τῆς
387 2377 450 2412 περὶ
467 2375 549 2402 αὑτοῦ
564 2375 702 2411 ἀληθείας,
718 2376 736 2410 ἡ
765 2375 869 2410 ἀνθρω-

83 2423 171 2457 πῦτης
186 2422 279 2454 αὑτοῦ,
295 2422 362 2449 καθὸ
374 2423 430 2454 τοῖς
457 2422 563 2457 νηπίοις
588 2420 800 2455 καταγγέλλεται
817 2419 870 2454 Ἰη-

84 2468 148 2500 σοῦς
165 2468 294 2504 Χριστὸς,
320 2469 367 2495 καὶ
388 2465 465 2500 οὗτος
490 2467 713 2502 ἐσταυρωμένος·
734 2466 772 2497 ὡς
798 2464 869 2492 κατὰ

83 2513 162 2540 τοῦτο
174 2514 262 2540 εἰπεῖν
289 2513 378 2549 ἀρχὴν
400 2511 468 2540 εἶναι
485 2513 629 2548 μαθήσεως
646 2513 678 2547 τῇ
709 2511 759 2546 μὲν
789 2511 869 2544 φύσει

83 2558 211 2594 Χριστὸν,
229 2557 300 2585 καθὸ
325 2557 405 2592 σοφία
427 2557 474 2586 καὶ
489 2557 602 2593 δύναμις
624 2555 776 2591 Θεοῦ(78),
801 2553 870 2589 πρὸς

118 2627 143 2644 ’⁸
157 2627 268 2663 Phillip.
286 2635 306 2660 ι,
320 2627 367 2654 25.
404 2627 425 2644 "
445 2627 524 2655 Prov.
541 2634 603 2660 vni,
626 2626 672 2655 ‘22.
709 2626 732 2642 °'
745 2625 823 2653 Joan.
843 2632 862 2658 ι,
882 2624 906 2651 1.

119 2683 175 2718 (75)
194 2683 324 2710 οἴονται.
340 2682 494 2718 Legentlnm
511 2683 617 2718 videtur
631 2679 686 2709 οἷόν
702 2690 742 2709 τε.

130 2717 174 2750 76)
192 2718 279 2750 Παρὰ
294 2717 367 2750 τοῖς,
380 2717 431 2745 etc.
443 2717 622 2745 Marcionitis.

129 2751 172 2787 'l'l)
185 2751 266 2787 Πρὸς
282 2752 362 2787 ἡμᾶς
377 2751 422 2784 δὲ,
434 2752 477 2786 μὴ
493 2751 552 2779 ἀπὸ
562 2751 627 2784 τοῦ,
642 2756 697 2779 etc.
722 2751 768 2779 Sic
795 2755 867 2779 recte

85 2786 255 2816 hnite'locum
270 2787 392 2815 restituit
403 2788 486 2814 codex
500 2787 695 2822 Bodlcinllttsi
706 2787 774 2814 male
797 2786 867 2822 apud

90 2823 214 2852 lluetium
225 2823 325 2859 legitur
337 2822 405 2858 πρὸς
416 2822 488 2858 ἡμᾶς
501 2822 540 2856 δὲ,
559 2823 576 2858 ἡ
587 2821 640 2849 ἀπὸ
651 2820 708 2849 τοῦ.

923 2235 973 2260 nte,
992 2228 1106 2256 alterum
1122 2227 1226 2257 'natura
1239 2245 1247 2260 ,
1271 2227 1384 2255 alterum
1405 2232 1525 2262 respectu
1549 2227 1634 2254 nostri
1652 2237 1658 2254 :
1676 2231 1705 2254 ut

923 2274 946 2302 si
976 2274 1099 2302 dicamus
1123 2274 1158 2302 de
1180 2274 1290 2304 Christo
1314 2274 1387 2309 quod
1413 2277 1510 2300 natura
1539 2271 1703 2307 principium

922 2320 1007 2355 ipsius
1021 2320 1057 2347 sit
1068 2320 1212 2354 divinitas;
1235 2319 1323 2356 quoad
1338 2326 1387 2347 nos
1404 2326 1480 2351 vero,
1495 2318 1539 2352 qui
1558 2325 1611 2344 non
1631 2317 1704 2344 rale-

922 2374 981 2394 mus
991 2374 1024 2394 er
1037 2367 1220 2402 magnitudine
1232 2366 1286 2401 20
1294 2366 1351 2402 ejus
1363 2365 1503 2392 veritatem
1514 2363 1546 2390 de
1561 2364 1618 2398 ipso
1630 2371 1704 2390 asse-

921 2413 980 2448 qui,
999 2413 1164 2444 humanitas,
1193 2413 1219 2440 in
1242 2417 1372 2447 quantum
1398 2410 1519 2446 parvulis
1541 2409 1704 2445 pra-dicatur

920 2459 999 2487 Jesus
1011 2458 1143 2491 Christus,
1159 2462 1186 2485 et
1199 2457 1242 2485 hic
1260 2457 1417 2485 cruciﬁxus.
1434 2456 1524 2489 Quare
1537 2456 1586 2482 hac
1599 2455 1704 2481 ratione

920 2504 1058 2532 Christum
1074 2503 1189 2531 dicimus
1210 2508 1306 2530 natura
1319 2502 1481 2537 principium
1499 2509 1560 2529 esse
1582 2501 1704 2536 discipli-

922 2557 973 2583 ηπ,
994 2548 1140 2577 secundum
1163 2549 1235 2583 quod
1262 2548 1308 2576 Dei
1330 2548 1462 2583 sapientia
1479 2551 1505 2575 et
1520 2547 1566 2575 Dei
1582 2546 1705 2582 potentia

945 2622 969 2641 ’³
983 2620 1072 2648 Much.
1095 2628 1143 2653 νιι,
1168 2619 1214 2647 28.
1256 2618 1280 2635 ”
1295 2618 1376 2646 llehr.
1393 2626 1418 2651 ν,
1433 2619 1476 2647 l2.

957 2675 1337 2714 (78)_‘Eata1{pwjtéroc;¢bc_
1350 2675 1424 2714 κοιτᾲ
1439 2675 1526 2714 τοιῖζο
1543 2676 1639 2714 είξτεῖν
1650 2677 1703 2714 dp:-

921 2709 980 2749 χὴὶμ
990 2709 1075 2750 simi
1086 2709 1246 2750 guélidewg
1258 2709 1360 2750 τῇμρτ
1373 2711 1462 2744 φύσει
1479 2710 1618 2750 Χριστὸν,
1631 2709 1703 2750 καθὸ

920 2744 1014 2783 adyta
1024 2747 1073 2774 καὶ
1087 2744 1214 2781 δύναμις
1228 2744 1312 2772 Θεοῦ.
1334 2744 1394 2772 ΙΙωο
1413 2745 1502 2772 omnia
1522 2746 1618 2772 desunt
1632 2745 1703 2779 apud

922 2783 1058 2811 Huetium.
1070 2783 1116 2811 sed
1128 2782 1329 2810 restituunture
1341 2779 1420 2808 codd.
1436 2780 1580 2808 Bodleiano
1592 2784 1619 2806 et
1633 2779 1702 2806 Bar-

1051 2802 1058 2816 ι
1070 2799 1116 2811 ΰυυ
1128 2799 1300 2810 Iwutuuuuu
1314 2799 1329 2809 ν
1341 2799 1420 2808 ννυιυι

923 2818 1026 2847 berino.
