  <div class='ocr_page' id='page_1' title='image "/cluster/home/n/w/nwhite01/storage/ocr_20150623/14/njp.32101077772448/035.png"; bbox 0 0 1870 3046; ppageno 0'>
   <div class='ocr_carea' id='block_1_1' title="bbox 181 83 1799 117">
    <p class='ocr_par' dir='ltr' id='par_1_1' title="bbox 181 83 1799 117">
     <span class='ocr_line' id='line_1_1' title="bbox 181 83 1799 117; baseline -0.001 -5"><span class='ocrx_word' id='word_1_1' title='bbox 181 83 218 112; x_wconf 77' lang='lat'><strong>55</strong></span> <span class='ocrx_word' id='word_1_2' title='bbox 901 83 1063 112; x_wconf 78' lang='lat' dir='ltr'><strong>ORIGENIS</strong></span> <span class='ocrx_word' id='word_1_3' title='bbox 1769 88 1799 117; x_wconf 76' lang='lat'><strong>55</strong></span> 
     </span>
    </p>
   </div>
   <div class='ocr_carea' id='block_1_2' title="bbox 184 139 964 183">
    <p class='ocr_par' dir='ltr' id='par_1_2' title="bbox 184 139 964 178">
     <span class='ocr_line' id='line_1_2' title="bbox 184 139 964 178; baseline -0.001 -8"><span class='ocrx_word' id='word_1_4' title='bbox 184 148 225 170; x_wconf 81' lang='lat' dir='ltr'><strong>cst</strong></span> <span class='ocrx_word' id='word_1_5' title='bbox 242 151 248 169; x_wconf 92' lang='lat'>:</span> <span class='ocrx_word' id='word_1_6' title='bbox 268 142 358 178; x_wconf 82' lang='lat' dir='ltr'><strong>quoad</strong></span> <span class='ocrx_word' id='word_1_7' title='bbox 375 149 424 170; x_wconf 88' lang='lat' dir='ltr'><strong>nos</strong></span> <span class='ocrx_word' id='word_1_8' title='bbox 441 148 507 168; x_wconf 83' lang='lat' dir='ltr'><strong>vero</strong></span> <span class='ocrx_word' id='word_1_9' title='bbox 533 139 651 168; x_wconf 84' lang='lat' dir='ltr'><strong>Verbum</strong></span> <span class='ocrx_word' id='word_1_10' title='bbox 669 147 733 169; x_wconf 87' lang='lat' dir='ltr'><strong>caro</strong></span> <span class='ocrx_word' id='word_1_11' title='bbox 743 143 846 172; x_wconf 80' lang='lat' dir='ltr'><strong>factum</strong></span> <span class='ocrx_word' id='word_1_12' title='bbox 864 146 923 175; x_wconf 84' lang='lat' dir='ltr'><strong>est.</strong></span> <span class='ocrx_word' id='word_1_13' title='bbox 941 147 964 170; x_wconf 87' lang='lat' dir='ltr'><strong>ut</strong></span> 
     </span>
    </p>
   </div>
   <div class='ocr_carea' id='block_1_3' title="bbox 1044 139 1799 183">
    <p class='ocr_par' dir='ltr' id='par_1_3' title="bbox 1044 144 1799 183">
     <span class='ocr_line' id='line_1_3' title="bbox 1044 144 1799 183; baseline 0.004 -12"><span class='ocrx_word' id='word_1_14' title='bbox 1044 145 1094 179; x_wconf 80' lang='grc' dir='ltr'><strong>μᾶς</strong></span> <span class='ocrx_word' id='word_1_15' title='bbox 1113 144 1142 171; x_wconf 79' lang='grc' dir='ltr'><strong>δὲ</strong></span> <span class='ocrx_word' id='word_1_16' title='bbox 1164 146 1178 172; x_wconf 99' lang='lat'><strong>6</strong></span> <span class='ocrx_word' id='word_1_17' title='bbox 1205 145 1290 179; x_wconf 81' lang='grc' dir='ltr'>Λόγος</span> <span class='ocrx_word' id='word_1_18' title='bbox 1315 145 1384 180; x_wconf 80' lang='grc' dir='ltr'>σὰρξ</span> <span class='ocrx_word' id='word_1_19' title='bbox 1409 145 1528 180; x_wconf 77' lang='grc' dir='ltr'>ἐγένετο,</span> <span class='ocrx_word' id='word_1_20' title='bbox 1561 146 1606 174; x_wconf 82' lang='grc' dir='ltr'>ἵνα</span> <span class='ocrx_word' id='word_1_21' title='bbox 1626 146 1750 183; x_wconf 72' lang='grc' dir='ltr'>σκηνὼσῃ</span> <span class='ocrx_word' id='word_1_22' title='bbox 1773 149 1799 175; x_wconf 81' lang='grc' dir='ltr'>ἐν</span> 
     </span>
    </p>
   </div>
   <div class='ocr_carea' id='block_1_4' title="bbox 185 186 970 221">
    <p class='ocr_par' dir='ltr' id='par_1_4' title="bbox 185 186 970 221">
     <span class='ocr_line' id='line_1_4' title="bbox 185 186 970 221; baseline 0 -5"><span class='ocrx_word' id='word_1_23' title='bbox 185 189 321 216; x_wconf 77' lang='lat' dir='ltr'><strong>habitaret</strong></span> <span class='ocrx_word' id='word_1_24' title='bbox 335 190 361 216; x_wconf 90' lang='lat' dir='ltr'><strong>in</strong></span> <span class='ocrx_word' id='word_1_25' title='bbox 377 188 466 220; x_wconf 87' lang='lat' dir='ltr'><strong>nobis,</strong></span> <span class='ocrx_word' id='word_1_26' title='bbox 478 187 523 221; x_wconf 90' lang='lat' dir='ltr'><strong>qui</strong></span> <span class='ocrx_word' id='word_1_27' title='bbox 540 187 591 214; x_wconf 87' lang='lat' dir='ltr'><strong>hoc</strong></span> <span class='ocrx_word' id='word_1_28' title='bbox 604 186 685 215; x_wconf 90' lang='lat' dir='ltr'><strong>modo</strong></span> <span class='ocrx_word' id='word_1_29' title='bbox 701 191 806 214; x_wconf 85' lang='lat' dir='ltr'><strong>tantum</strong></span> <span class='ocrx_word' id='word_1_30' title='bbox 821 188 898 216; x_wconf 89' lang='lat' dir='ltr'><strong>initio</strong></span> <span class='ocrx_word' id='word_1_31' title='bbox 909 197 970 216; x_wconf 91' lang='lat' dir='ltr'><strong>eum</strong></span> 
     </span>
    </p>
   </div>
   <div class='ocr_carea' id='block_1_5' title="bbox 184 232 970 269">
    <p class='ocr_par' dir='ltr' id='par_1_5' title="bbox 184 232 970 269">
     <span class='ocr_line' id='line_1_5' title="bbox 184 232 970 269; baseline -0.001 -7"><span class='ocrx_word' id='word_1_32' title='bbox 184 241 282 269; x_wconf 80' lang='lat' dir='ltr'><strong>capere</strong></span> <span class='ocrx_word' id='word_1_33' title='bbox 308 233 474 262; x_wconf 73' lang='lat' dir='ltr'><strong>valebamus.</strong></span> <span class='ocrx_word' id='word_1_34' title='bbox 505 233 546 261; x_wconf 78' lang='lat' dir='ltr'><strong>Ac</strong></span> <span class='ocrx_word' id='word_1_35' title='bbox 571 232 698 260; x_wconf 78' lang='lat' dir='ltr'><strong>forta3sis</strong></span> <span class='ocrx_word' id='word_1_36' title='bbox 715 233 750 261; x_wconf 86' lang='lat' dir='ltr'><strong>ob</strong></span> <span class='ocrx_word' id='word_1_37' title='bbox 771 233 843 260; x_wconf 84' lang='lat' dir='ltr'><strong>hanc</strong></span> <span class='ocrx_word' id='word_1_38' title='bbox 861 241 970 262; x_wconf 89' lang='lat' dir='ltr'><strong>causam</strong></span> 
     </span>
    </p>
   </div>
   <div class='ocr_carea' id='block_1_6' title="bbox 184 278 970 315">
    <p class='ocr_par' dir='ltr' id='par_1_6' title="bbox 184 278 970 315">
     <span class='ocr_line' id='line_1_6' title="bbox 184 278 970 315; baseline 0.001 -9"><span class='ocrx_word' id='word_1_39' title='bbox 184 287 240 307; x_wconf 88' lang='lat' dir='ltr'><strong>non</strong></span> <span class='ocrx_word' id='word_1_40' title='bbox 260 279 339 308; x_wconf 91' lang='lat' dir='ltr'><strong>modo</strong></span> <span class='ocrx_word' id='word_1_41' title='bbox 360 279 561 315; x_wconf 76' lang='lat' dir='ltr'><strong>primogenitus</strong></span> <span class='ocrx_word' id='word_1_42' title='bbox 586 283 629 306; x_wconf 91' lang='lat' dir='ltr'><strong>est</strong></span> <span class='ocrx_word' id='word_1_43' title='bbox 650 278 740 306; x_wconf 85' lang='lat' dir='ltr'><strong>omnis</strong></span> <span class='ocrx_word' id='word_1_44' title='bbox 763 283 906 311; x_wconf 71' lang='lat' dir='ltr'><strong>creaturae,</strong></span> <span class='ocrx_word' id='word_1_45' title='bbox 922 280 970 308; x_wconf 88' lang='lat' dir='ltr'><strong>sed</strong></span> 
     </span>
    </p>
   </div>
   <div class='ocr_carea' id='block_1_7' title="bbox 184 325 968 360">
    <p class='ocr_par' dir='ltr' id='par_1_7' title="bbox 184 325 968 360">
     <span class='ocr_line' id='line_1_7' title="bbox 184 325 968 360; baseline 0 -7"><span class='ocrx_word' id='word_1_46' title='bbox 184 325 265 353; x_wconf 84' lang='lat' dir='ltr'><strong>etiam</strong></span> <span class='ocrx_word' id='word_1_47' title='bbox 279 326 476 360; x_wconf 84' lang='lat' dir='ltr'><strong>interpretatur</strong></span> <span class='ocrx_word' id='word_1_48' title='bbox 488 326 566 353; x_wconf 79' lang='lat' dir='ltr'><strong>homo</strong></span> <span class='ocrx_word' id='word_1_49' title='bbox 579 325 666 352; x_wconf 84' lang='lat' dir='ltr'><strong>Adam</strong></span> <span class='ocrx_word' id='word_1_50' title='bbox 680 332 688 358; x_wconf 91' lang='lat'><strong>;</strong></span> <span class='ocrx_word' id='word_1_51' title='bbox 701 325 773 360; x_wconf 90' lang='lat' dir='ltr'><strong>quod</strong></span> <span class='ocrx_word' id='word_1_52' title='bbox 784 329 872 352; x_wconf 89' lang='lat' dir='ltr'><strong>autem</strong></span> <span class='ocrx_word' id='word_1_53' title='bbox 884 325 968 353; x_wconf 82' lang='lat' dir='ltr'><strong>Adam</strong></span> 
     </span>
    </p>
   </div>
   <div class='ocr_carea' id='block_1_8' title="bbox 183 370 971 400">
    <p class='ocr_par' dir='ltr' id='par_1_8' title="bbox 183 370 971 400">
     <span class='ocr_line' id='line_1_8' title="bbox 183 370 971 400; baseline 0.003 -2"><span class='ocrx_word' id='word_1_54' title='bbox 183 376 224 399; x_wconf 89' lang='lat' dir='ltr'><strong>est</strong></span> <span class='ocrx_word' id='word_1_55' title='bbox 250 372 317 399; x_wconf 83' lang='lat' dir='ltr'><strong>dicit</strong></span> <span class='ocrx_word' id='word_1_56' title='bbox 347 372 447 400; x_wconf 80' lang='lat' dir='ltr'><strong>Paulus</strong></span> <span class='ocrx_word' id='word_1_57' title='bbox 482 371 523 398; x_wconf 85' lang='lat' dir='ltr'><strong>his</strong></span> <span class='ocrx_word' id='word_1_58' title='bbox 555 371 668 399; x_wconf 76' lang='lat' dir='ltr'><strong>verbis:</strong></span> <span class='ocrx_word' id='word_1_59' title='bbox 695 370 810 398; x_wconf 71' lang='lat' dir='ltr'><strong>Ultimus</strong></span> <span class='ocrx_word' id='word_1_60' title='bbox 835 371 921 399; x_wconf 75' lang='lat' dir='ltr'><strong>Adam</strong></span> <span class='ocrx_word' id='word_1_61' title='bbox 943 373 971 400; x_wconf 79' lang='lat' dir='ltr'><strong>in</strong></span> 
     </span>
    </p>
   </div>
   <div class='ocr_carea' id='block_1_9' title="bbox 168 417 535 453">
    <p class='ocr_par' dir='ltr' id='par_1_9' title="bbox 168 417 535 453">
     <span class='ocr_line' id='line_1_9' title="bbox 168 417 535 453; baseline 0 -9"><span class='ocrx_word' id='word_1_62' title='bbox 168 448 170 453; x_wconf 35' lang='grc' dir='ltr'><strong>η</strong></span> <span class='ocrx_word' id='word_1_63' title='bbox 183 418 302 452; x_wconf 75' lang='lat' dir='ltr'><strong>spiritum</strong></span> <span class='ocrx_word' id='word_1_64' title='bbox 313 417 485 452; x_wconf 71' lang='lat' dir='ltr'><strong>viviﬁcantem</strong></span> <span class='ocrx_word' id='word_1_65' title='bbox 499 418 535 444; x_wconf 70' lang='grc'><strong>⁸⁵.</strong></span> 
     </span>
    </p>
   </div>
   <div class='ocr_carea' id='block_1_10' title="bbox 167 463 968 500">
    <p class='ocr_par' dir='ltr' id='par_1_10' title="bbox 167 463 968 500">
     <span class='ocr_line' id='line_1_10' title="bbox 167 463 968 500; baseline 0.004 -10"><span class='ocrx_word' id='word_1_66' title='bbox 167 471 170 493; x_wconf 65' lang='grc' dir='ltr'><em>ξ</em></span> <span class='ocrx_word' id='word_1_67' title='bbox 215 463 259 491; x_wconf 77' lang='lat' dir='ltr'><strong>2t.</strong></span> <span class='ocrx_word' id='word_1_68' title='bbox 279 463 413 491; x_wconf 66' lang='lat' dir='ltr'><strong>Prmterea</strong></span> <span class='ocrx_word' id='word_1_69' title='bbox 425 463 526 491; x_wconf 82' lang='lat' dir='ltr'><strong>dicitur</strong></span> <span class='ocrx_word' id='word_1_70' title='bbox 535 463 616 491; x_wconf 90' lang='lat' dir='ltr'><strong>etiam</strong></span> <span class='ocrx_word' id='word_1_71' title='bbox 628 464 791 499; x_wconf 82' lang='lat' dir='ltr'><strong>principium</strong></span> <span class='ocrx_word' id='word_1_72' title='bbox 806 465 839 493; x_wconf 85' lang='lat' dir='ltr'><strong>de</strong></span> <span class='ocrx_word' id='word_1_73' title='bbox 850 465 968 500; x_wconf 92' lang='lat' dir='ltr'><strong>actione,</strong></span> 
     </span>
    </p>
   </div>
   <div class='ocr_carea' id='block_1_11' title="bbox 183 509 968 545">
    <p class='ocr_par' dir='ltr' id='par_1_11' title="bbox 183 509 968 545">
     <span class='ocr_line' id='line_1_11' title="bbox 183 509 968 545; baseline 0.003 -9"><span class='ocrx_word' id='word_1_74' title='bbox 183 510 208 536; x_wconf 88' lang='lat' dir='ltr'><strong>in</strong></span> <span class='ocrx_word' id='word_1_75' title='bbox 224 517 276 544; x_wconf 93' lang='lat' dir='ltr'><strong>qua</strong></span> <span class='ocrx_word' id='word_1_76' title='bbox 296 509 404 537; x_wconf 85' lang='lat' dir='ltr'><strong>actione</strong></span> <span class='ocrx_word' id='word_1_77' title='bbox 423 509 493 536; x_wconf 87' lang='lat' dir='ltr'><strong>inest</strong></span> <span class='ocrx_word' id='word_1_78' title='bbox 508 509 571 537; x_wconf 93' lang='lat' dir='ltr'><strong>ﬁnis</strong></span> <span class='ocrx_word' id='word_1_79' title='bbox 585 509 696 543; x_wconf 88' lang='lat' dir='ltr'><strong>quidam</strong></span> <span class='ocrx_word' id='word_1_80' title='bbox 719 515 779 544; x_wconf 88' lang='lat' dir='ltr'><strong>post</strong></span> <span class='ocrx_word' id='word_1_81' title='bbox 794 511 968 545; x_wconf 87' lang='lat' dir='ltr'><strong>principium.</strong></span> 
     </span>
    </p>
   </div>
   <div class='ocr_carea' id='block_1_12' title="bbox 181 555 970 591">
    <p class='ocr_par' dir='ltr' id='par_1_12' title="bbox 181 555 970 591">
     <span class='ocr_line' id='line_1_12' title="bbox 181 555 970 591; baseline 0.004 -9"><span class='ocrx_word' id='word_1_82' title='bbox 181 555 214 582; x_wconf 89' lang='lat' dir='ltr'><strong>Et</strong></span> <span class='ocrx_word' id='word_1_83' title='bbox 225 556 340 583; x_wconf 82' lang='lat' dir='ltr'><strong>observa</strong></span> <span class='ocrx_word' id='word_1_84' title='bbox 361 562 396 582; x_wconf 86' lang='lat' dir='ltr'><strong>an</strong></span> <span class='ocrx_word' id='word_1_85' title='bbox 422 555 554 590; x_wconf 87' lang='lat' dir='ltr'><strong>sapientia</strong></span> <span class='ocrx_word' id='word_1_86' title='bbox 580 555 743 591; x_wconf 87' lang='lat' dir='ltr'><strong>principium</strong></span> <span class='ocrx_word' id='word_1_87' title='bbox 769 557 905 584; x_wconf 81' lang='lat' dir='ltr'><strong>actionum</strong></span> <span class='ocrx_word' id='word_1_88' title='bbox 922 557 970 586; x_wconf 84' lang='lat' dir='ltr'><strong>Dei</strong></span> 
     </span>
    </p>
   </div>
   <div class='ocr_carea' id='block_1_13' title="bbox 181 601 968 638">
    <p class='ocr_par' dir='ltr' id='par_1_13' title="bbox 181 601 968 638">
     <span class='ocr_line' id='line_1_13' title="bbox 181 601 968 638; baseline 0.004 -10"><span class='ocrx_word' id='word_1_89' title='bbox 181 602 315 629; x_wconf 83' lang='lat' dir='ltr'><strong>exsistens</strong></span> <span class='ocrx_word' id='word_1_90' title='bbox 330 601 382 628; x_wconf 91' lang='lat' dir='ltr'><strong>hoc</strong></span> <span class='ocrx_word' id='word_1_91' title='bbox 394 601 474 628; x_wconf 88' lang='lat' dir='ltr'><strong>modo</strong></span> <span class='ocrx_word' id='word_1_92' title='bbox 486 601 600 636; x_wconf 77' lang='lat' dir='ltr'><strong>intelligi</strong></span> <span class='ocrx_word' id='word_1_93' title='bbox 612 601 699 636; x_wconf 86' lang='lat' dir='ltr'><strong>possit</strong></span> <span class='ocrx_word' id='word_1_94' title='bbox 714 609 776 630; x_wconf 89' lang='lat' dir='ltr'><strong>esse</strong></span> <span class='ocrx_word' id='word_1_95' title='bbox 795 603 968 638; x_wconf 88' lang='lat' dir='ltr'><strong>principium.</strong></span> 
     </span>
    </p>
   </div>
   <div class='ocr_carea' id='block_1_14' title="bbox 215 646 970 682">
    <p class='ocr_par' dir='ltr' id='par_1_14' title="bbox 215 646 970 682">
     <span class='ocr_line' id='line_1_14' title="bbox 215 646 970 682; baseline 0.003 -8"><span class='ocrx_word' id='word_1_96' title='bbox 215 647 261 674; x_wconf 75' lang='grc'><strong>22.</strong></span> <span class='ocrx_word' id='word_1_97' title='bbox 281 646 340 674; x_wconf 82' lang='lat' dir='ltr'><strong>Jam</strong></span> <span class='ocrx_word' id='word_1_98' title='bbox 356 654 417 674; x_wconf 90' lang='lat' dir='ltr'><strong>cum</strong></span> <span class='ocrx_word' id='word_1_99' title='bbox 436 651 475 674; x_wconf 88' lang='lat' dir='ltr'><strong>tot</strong></span> <span class='ocrx_word' id='word_1_100' title='bbox 497 647 574 675; x_wconf 85' lang='lat' dir='ltr'><strong>nobis</strong></span> <span class='ocrx_word' id='word_1_101' title='bbox 599 647 626 674; x_wconf 89' lang='lat' dir='ltr'><strong>in</strong></span> <span class='ocrx_word' id='word_1_102' title='bbox 651 648 793 682; x_wconf 71' lang='lat' dir='ltr'><strong>praesentia</strong></span> <span class='ocrx_word' id='word_1_103' title='bbox 811 654 970 677; x_wconf 88' lang='lat' dir='ltr'><strong>succurrant</strong></span> 
     </span>
    </p>
   </div>
   <div class='ocr_carea' id='block_1_15' title="bbox 181 693 968 732">
    <p class='ocr_par' dir='ltr' id='par_1_15' title="bbox 181 693 968 732">
     <span class='ocr_line' id='line_1_15' title="bbox 181 693 968 732; baseline 0.003 -11"><span class='ocrx_word' id='word_1_104' title='bbox 181 693 306 729; x_wconf 86' lang='lat' dir='ltr'><strong>principii</strong></span> <span class='ocrx_word' id='word_1_105' title='bbox 331 693 482 729; x_wconf 80' lang='lat' dir='ltr'><strong>signiﬁcata</strong></span> <span class='ocrx_word' id='word_1_106' title='bbox 498 714 506 727; x_wconf 86' lang='lat'><strong>,</strong></span> <span class='ocrx_word' id='word_1_107' title='bbox 535 693 682 728; x_wconf 61' lang='lat' dir='ltr'><strong>quatrimus</strong></span> <span class='ocrx_word' id='word_1_108' title='bbox 712 694 746 722; x_wconf 90' lang='lat' dir='ltr'><strong>de</strong></span> <span class='ocrx_word' id='word_1_109' title='bbox 771 701 825 729; x_wconf 88' lang='lat' dir='ltr'><strong>quo</strong></span> <span class='ocrx_word' id='word_1_110' title='bbox 856 695 968 732; x_wconf 76' lang='lat' dir='ltr'><strong>intelligi</strong></span> 
     </span>
    </p>
   </div>
   <div class='ocr_carea' id='block_1_16' title="bbox 181 739 971 777">
    <p class='ocr_par' dir='ltr' id='par_1_16' title="bbox 181 739 971 777">
     <span class='ocr_line' id='line_1_16' title="bbox 181 739 971 777; baseline 0.004 -11"><span class='ocrx_word' id='word_1_111' title='bbox 181 743 304 774; x_wconf 79' lang='lat' dir='ltr'><strong>oporteat</strong></span> <span class='ocrx_word' id='word_1_112' title='bbox 318 739 385 766; x_wconf 87' lang='lat' dir='ltr'><strong>illud</strong></span> <span class='ocrx_word' id='word_1_113' title='bbox 405 747 412 766; x_wconf 88' lang='lat'>:</span> <span class='ocrx_word' id='word_1_114' title='bbox 431 739 604 774; x_wconf 78' lang='lat' dir='ltr'><strong>Inprincipio</strong></span> <span class='ocrx_word' id='word_1_115' title='bbox 619 744 675 766; x_wconf 79' lang='lat' dir='ltr'><strong>erat</strong></span> <span class='ocrx_word' id='word_1_116' title='bbox 694 739 806 767; x_wconf 81' lang='lat' dir='ltr'><strong>Verbum</strong></span> <span class='ocrx_word' id='word_1_117' title='bbox 819 740 852 767; x_wconf 83' lang='lat'><strong>&quot;.</strong></span> <span class='ocrx_word' id='word_1_118' title='bbox 862 740 971 777; x_wconf 83' lang='lat' dir='ltr'><strong>Perspi-</strong></span> 
     </span>
    </p>
   </div>
   <div class='ocr_carea' id='block_1_17' title="bbox 181 786 970 822">
    <p class='ocr_par' dir='ltr' id='par_1_17' title="bbox 181 786 970 822">
     <span class='ocr_line' id='line_1_17' title="bbox 181 786 970 822; baseline 0.006 -10"><span class='ocrx_word' id='word_1_119' title='bbox 181 793 317 820; x_wconf 85' lang='lat' dir='ltr'><strong>cuuulqtle</strong></span> <span class='ocrx_word' id='word_1_120' title='bbox 341 791 385 814; x_wconf 80' lang='lat' dir='ltr'><strong>est</strong></span> <span class='ocrx_word' id='word_1_121' title='bbox 406 786 458 814; x_wconf 89' lang='lat' dir='ltr'><strong>hoc</strong></span> <span class='ocrx_word' id='word_1_122' title='bbox 481 786 644 821; x_wconf 88' lang='lat' dir='ltr'><strong>principium</strong></span> <span class='ocrx_word' id='word_1_123' title='bbox 671 787 740 814; x_wconf 89' lang='lat' dir='ltr'><strong>sumi</strong></span> <span class='ocrx_word' id='word_1_124' title='bbox 761 795 815 815; x_wconf 92' lang='lat' dir='ltr'><strong>non</strong></span> <span class='ocrx_word' id='word_1_125' title='bbox 831 795 911 822; x_wconf 89' lang='lat' dir='ltr'><strong>posse</strong></span> <span class='ocrx_word' id='word_1_126' title='bbox 937 789 970 817; x_wconf 86' lang='lat' dir='ltr'><strong>de</strong></span> 
     </span>
    </p>
   </div>
   <div class='ocr_carea' id='block_1_18' title="bbox 1022 193 1798 233">
    <p class='ocr_par' dir='ltr' id='par_1_18' title="bbox 1022 193 1798 233">
     <span class='ocr_line' id='line_1_18' title="bbox 1022 193 1798 233; baseline 0.006 -14"><span class='ocrx_word' id='word_1_127' title='bbox 1022 195 1097 229; x_wconf 81' lang='grc' dir='ltr'>ἡμῖν,</span> <span class='ocrx_word' id='word_1_128' title='bbox 1112 193 1184 220; x_wconf 78' lang='grc' dir='ltr'>οὕτω</span> <span class='ocrx_word' id='word_1_129' title='bbox 1205 195 1285 230; x_wconf 89' lang='grc' dir='ltr'>μόνον</span> <span class='ocrx_word' id='word_1_130' title='bbox 1312 195 1419 231; x_wconf 84' lang='grc' dir='ltr'>πρῶτον</span> <span class='ocrx_word' id='word_1_131' title='bbox 1441 196 1521 222; x_wconf 74' lang='grc' dir='ltr'>αὐτὸν</span> <span class='ocrx_word' id='word_1_132' title='bbox 1540 196 1665 231; x_wconf 79' lang='grc' dir='ltr'>χωρῆσαι</span> <span class='ocrx_word' id='word_1_133' title='bbox 1690 197 1798 233; x_wconf 76' lang='grc' dir='ltr'>δυναμέ-</span> 
     </span>
    </p>
   </div>
   <div class='ocr_carea' id='block_1_19' title="bbox 1021 239 1799 277">
    <p class='ocr_par' dir='ltr' id='par_1_19' title="bbox 1021 239 1799 277">
     <span class='ocr_line' id='line_1_19' title="bbox 1021 239 1799 277; baseline 0.006 -12"><span class='ocrx_word' id='word_1_134' title='bbox 1021 247 1086 270; x_wconf 87' lang='grc' dir='ltr'>νοις.</span> <span class='ocrx_word' id='word_1_135' title='bbox 1099 239 1154 265; x_wconf 81' lang='grc' dir='ltr'><strong>Καὶ</strong></span> <span class='ocrx_word' id='word_1_136' title='bbox 1171 240 1241 275; x_wconf 81' lang='grc' dir='ltr'>τάχα</span> <span class='ocrx_word' id='word_1_137' title='bbox 1252 240 1297 267; x_wconf 82' lang='grc' dir='ltr'><strong>διὰ</strong></span> <span class='ocrx_word' id='word_1_138' title='bbox 1310 240 1390 267; x_wconf 81' lang='grc' dir='ltr'>τοῦτο</span> <span class='ocrx_word' id='word_1_139' title='bbox 1407 241 1438 267; x_wconf 87' lang='grc' dir='ltr'><strong>οὺ</strong></span> <span class='ocrx_word' id='word_1_140' title='bbox 1455 241 1533 276; x_wconf 77' lang='grc' dir='ltr'>μόνον</span> <span class='ocrx_word' id='word_1_141' title='bbox 1553 242 1723 277; x_wconf 81' lang='grc' dir='ltr'>πρωτότοκύς</span> <span class='ocrx_word' id='word_1_142' title='bbox 1747 245 1799 271; x_wconf 76' lang='grc' dir='ltr'>ἐστι</span> 
     </span>
    </p>
   </div>
   <div class='ocr_carea' id='block_1_20' title="bbox 1021 284 1802 324">
    <p class='ocr_par' dir='ltr' id='par_1_20' title="bbox 1021 284 1802 324">
     <span class='ocr_line' id='line_1_20' title="bbox 1021 284 1802 324; baseline 0.006 -13"><span class='ocrx_word' id='word_1_143' title='bbox 1021 284 1111 320; x_wconf 79' lang='grc' dir='ltr'>πάσης</span> <span class='ocrx_word' id='word_1_144' title='bbox 1126 285 1251 318; x_wconf 81' lang='grc' dir='ltr'><strong>κτίσεως,</strong></span> <span class='ocrx_word' id='word_1_145' title='bbox 1266 286 1334 313; x_wconf 83' lang='grc' dir='ltr'><strong>ἀλλὰ</strong></span> <span class='ocrx_word' id='word_1_146' title='bbox 1347 287 1489 322; x_wconf 77' lang='grc' dir='ltr'>καὶἌδὰμ</span> <span class='ocrx_word' id='word_1_147' title='bbox 1503 287 1683 322; x_wconf 77' lang='grc' dir='ltr'><strong>ἑρμηνεύεται</strong></span> <span class='ocrx_word' id='word_1_148' title='bbox 1698 288 1802 324; x_wconf 79' lang='grc' dir='ltr'><strong>ἅνθρω-</strong></span> 
     </span>
    </p>
   </div>
   <div class='ocr_carea' id='block_1_21' title="bbox 1020 331 1801 369">
    <p class='ocr_par' dir='ltr' id='par_1_21' title="bbox 1020 331 1801 369">
     <span class='ocr_line' id='line_1_21' title="bbox 1020 331 1801 369; baseline 0.008 -13"><span class='ocrx_word' id='word_1_149' title='bbox 1020 335 1087 361; x_wconf 80' lang='grc' dir='ltr'>πος.</span> <span class='ocrx_word' id='word_1_150' title='bbox 1097 331 1157 358; x_wconf 84' lang='grc' dir='ltr'>’Ότι</span> <span class='ocrx_word' id='word_1_151' title='bbox 1169 331 1198 358; x_wconf 81' lang='grc' dir='ltr'><strong>δὲ</strong></span> <span class='ocrx_word' id='word_1_152' title='bbox 1216 331 1302 367; x_wconf 81' lang='grc' dir='ltr'><strong>’Λδάμ</strong></span> <span class='ocrx_word' id='word_1_153' title='bbox 1312 333 1380 364; x_wconf 71' lang='grc' dir='ltr'>ἐστι,</span> <span class='ocrx_word' id='word_1_154' title='bbox 1395 333 1477 368; x_wconf 77' lang='grc' dir='ltr'>φησὶν</span> <span class='ocrx_word' id='word_1_155' title='bbox 1495 335 1509 360; x_wconf 98' lang='lat'><strong>6</strong></span> <span class='ocrx_word' id='word_1_156' title='bbox 1524 333 1628 365; x_wconf 80' lang='grc' dir='ltr'>Παῦλος</span> <span class='ocrx_word' id='word_1_157' title='bbox 1638 342 1649 358; x_wconf 91' lang='grc'><strong>·.</strong></span> <span class='ocrx_word' id='word_1_158' title='bbox 1674 334 1700 360; x_wconf 89' lang='lat'><strong>&#39;0</strong></span> <span class='ocrx_word' id='word_1_159' title='bbox 1716 334 1801 369; x_wconf 71' lang='grc' dir='ltr'>ἐσχα-</span> 
     </span>
    </p>
   </div>
   <div class='ocr_carea' id='block_1_22' title="bbox 1021 377 1557 414">
    <p class='ocr_par' dir='ltr' id='par_1_22' title="bbox 1021 377 1557 414">
     <span class='ocr_line' id='line_1_22' title="bbox 1021 377 1557 414; baseline 0.006 -11"><span class='ocrx_word' id='word_1_160' title='bbox 1021 385 1073 410; x_wconf 78' lang='grc' dir='ltr'>τος</span> <span class='ocrx_word' id='word_1_161' title='bbox 1091 377 1178 412; x_wconf 77' lang='grc' dir='ltr'><strong>Ἀδὰμ</strong></span> <span class='ocrx_word' id='word_1_162' title='bbox 1193 382 1238 411; x_wconf 80' lang='grc' dir='ltr'>εις</span> <span class='ocrx_word' id='word_1_163' title='bbox 1253 377 1370 414; x_wconf 81' lang='grc' dir='ltr'>πνεῦμα</span> <span class='ocrx_word' id='word_1_164' title='bbox 1387 378 1557 408; x_wconf 59' lang='grc' dir='ltr'><strong>ζωοποιοῦν.</strong></span> 
     </span>
    </p>
   </div>
   <div class='ocr_carea' id='block_1_23' title="bbox 1055 463 1801 502">
    <p class='ocr_par' dir='ltr' id='par_1_23' title="bbox 1055 463 1801 502">
     <span class='ocr_line' id='line_1_23' title="bbox 1055 463 1801 502; baseline 0.001 -11"><span class='ocrx_word' id='word_1_165' title='bbox 1055 464 1100 492; x_wconf 71' lang='grc'><strong>21.</strong></span> <span class='ocrx_word' id='word_1_166' title='bbox 1116 465 1194 492; x_wconf 80' lang='grc' dir='ltr'>Ἔστι</span> <span class='ocrx_word' id='word_1_167' title='bbox 1213 465 1241 491; x_wconf 84' lang='grc' dir='ltr'><strong>δὲ</strong></span> <span class='ocrx_word' id='word_1_168' title='bbox 1252 466 1322 502; x_wconf 86' lang='grc' dir='ltr'>ἁρχὴ</span> <span class='ocrx_word' id='word_1_169' title='bbox 1334 466 1381 492; x_wconf 69' lang='grc' dir='ltr'>καὶ</span> <span class='ocrx_word' id='word_1_170' title='bbox 1396 466 1434 498; x_wconf 79' lang='grc' dir='ltr'><strong>ὡς</strong></span> <span class='ocrx_word' id='word_1_171' title='bbox 1447 467 1463 501; x_wconf 84' lang='grc' dir='ltr'>ἡ</span> <span class='ocrx_word' id='word_1_172' title='bbox 1479 466 1615 502; x_wconf 78' lang='grc' dir='ltr'>πράξεως,</span> <span class='ocrx_word' id='word_1_173' title='bbox 1633 463 1689 502; x_wconf 84' lang='grc' dir='ltr'><strong>ὲνῇ</strong></span> <span class='ocrx_word' id='word_1_174' title='bbox 1709 465 1801 502; x_wconf 76' lang='grc' dir='ltr'>πράξει</span> 
     </span>
    </p>
   </div>
   <div class='ocr_carea' id='block_1_24' title="bbox 1020 508 1801 546">
    <p class='ocr_par' dir='ltr' id='par_1_24' title="bbox 1020 508 1801 546">
     <span class='ocr_line' id='line_1_24' title="bbox 1020 508 1801 546; baseline 0.001 -10"><span class='ocrx_word' id='word_1_175' title='bbox 1020 508 1078 536; x_wconf 79' lang='grc' dir='ltr'>ἔστι</span> <span class='ocrx_word' id='word_1_176' title='bbox 1097 518 1123 536; x_wconf 93' lang='grc' dir='ltr'><strong>τι</strong></span> <span class='ocrx_word' id='word_1_177' title='bbox 1138 510 1214 542; x_wconf 79' lang='grc' dir='ltr'>τέλος</span> <span class='ocrx_word' id='word_1_178' title='bbox 1231 512 1300 546; x_wconf 80' lang='grc' dir='ltr'>μετὰ</span> <span class='ocrx_word' id='word_1_179' title='bbox 1311 511 1360 546; x_wconf 86' lang='grc' dir='ltr'>τὴν</span> <span class='ocrx_word' id='word_1_180' title='bbox 1374 512 1472 546; x_wconf 76' lang='grc' dir='ltr'>ἀρχὴν.</span> <span class='ocrx_word' id='word_1_181' title='bbox 1492 512 1547 537; x_wconf 81' lang='grc' dir='ltr'>Καὶ</span> <span class='ocrx_word' id='word_1_182' title='bbox 1573 511 1719 546; x_wconf 74' lang='grc' dir='ltr'><strong>ἐπίστησον</strong></span> <span class='ocrx_word' id='word_1_183' title='bbox 1741 512 1764 537; x_wconf 85' lang='grc' dir='ltr'><strong>εί</strong></span> <span class='ocrx_word' id='word_1_184' title='bbox 1786 512 1801 546; x_wconf 81' lang='grc' dir='ltr'>ἡ</span> 
     </span>
    </p>
   </div>
   <div class='ocr_carea' id='block_1_25' title="bbox 1022 553 1803 591">
    <p class='ocr_par' dir='ltr' id='par_1_25' title="bbox 1022 553 1803 591">
     <span class='ocr_line' id='line_1_25' title="bbox 1022 553 1803 591; baseline 0 -10"><span class='ocrx_word' id='word_1_185' title='bbox 1022 554 1112 590; x_wconf 77' lang='grc' dir='ltr'>σοφία,</span> <span class='ocrx_word' id='word_1_186' title='bbox 1127 555 1199 591; x_wconf 82' lang='grc' dir='ltr'>ἁρχὴ</span> <span class='ocrx_word' id='word_1_187' title='bbox 1212 555 1265 582; x_wconf 82' lang='grc' dir='ltr'><strong>τῶν</strong></span> <span class='ocrx_word' id='word_1_188' title='bbox 1280 555 1405 591; x_wconf 69' lang='grc' dir='ltr'>πράξεων</span> <span class='ocrx_word' id='word_1_189' title='bbox 1418 553 1485 582; x_wconf 79' lang='grc' dir='ltr'>οὖσα</span> <span class='ocrx_word' id='word_1_190' title='bbox 1500 555 1545 582; x_wconf 76' lang='grc' dir='ltr'>τοῦ</span> <span class='ocrx_word' id='word_1_191' title='bbox 1569 554 1636 582; x_wconf 85' lang='grc' dir='ltr'><strong>Θεοῦ</strong></span> <span class='ocrx_word' id='word_1_192' title='bbox 1646 575 1654 588; x_wconf 92' lang='grc'><strong>,</strong></span> <span class='ocrx_word' id='word_1_193' title='bbox 1672 554 1741 582; x_wconf 73' lang='grc' dir='ltr'>οὕτω</span> <span class='ocrx_word' id='word_1_194' title='bbox 1761 555 1803 582; x_wconf 68' lang='grc' dir='ltr'><strong>δύ-</strong></span> 
     </span>
    </p>
   </div>
   <div class='ocr_carea' id='block_1_26' title="bbox 1020 602 1330 638">
    <p class='ocr_par' dir='ltr' id='par_1_26' title="bbox 1020 602 1330 638">
     <span class='ocr_line' id='line_1_26' title="bbox 1020 602 1330 638; baseline 0.003 -10"><span class='ocrx_word' id='word_1_195' title='bbox 1020 610 1098 629; x_wconf 87' lang='grc' dir='ltr'>ναται</span> <span class='ocrx_word' id='word_1_196' title='bbox 1110 602 1230 629; x_wconf 81' lang='grc' dir='ltr'><strong>νοεῖσθαι</strong></span> <span class='ocrx_word' id='word_1_197' title='bbox 1247 603 1330 638; x_wconf 75' lang='grc' dir='ltr'><strong>ἀρχή.</strong></span> 
     </span>
    </p>
   </div>
   <div class='ocr_carea' id='block_1_27' title="bbox 1055 643 1803 684">
    <p class='ocr_par' dir='ltr' id='par_1_27' title="bbox 1055 643 1803 684">
     <span class='ocr_line' id='line_1_27' title="bbox 1055 643 1803 684; baseline 0 -10"><span class='ocrx_word' id='word_1_198' title='bbox 1055 647 1099 674; x_wconf 78' lang='grc'><strong>22.</strong></span> <span class='ocrx_word' id='word_1_199' title='bbox 1131 643 1272 674; x_wconf 79' lang='grc' dir='ltr'>Τοσοὺτων</span> <span class='ocrx_word' id='word_1_200' title='bbox 1298 649 1504 684; x_wconf 69' lang='grc' dir='ltr'><strong>σημαινομένων</strong></span> <span class='ocrx_word' id='word_1_201' title='bbox 1528 648 1574 675; x_wconf 56' lang='grc' dir='ltr'><strong>ἐπὶ⁵</strong></span> <span class='ocrx_word' id='word_1_202' title='bbox 1597 647 1645 675; x_wconf 78' lang='grc' dir='ltr'>τοῦ</span> <span class='ocrx_word' id='word_1_203' title='bbox 1675 648 1803 684; x_wconf 76' lang='grc' dir='ltr'><strong>παρόντος</strong></span> 
     </span>
    </p>
   </div>
   <div class='ocr_carea' id='block_1_28' title="bbox 1021 692 1803 729">
    <p class='ocr_par' dir='ltr' id='par_1_28' title="bbox 1021 692 1803 729">
     <span class='ocr_line' id='line_1_28' title="bbox 1021 692 1803 729; baseline 0.003 -11"><span class='ocrx_word' id='word_1_204' title='bbox 1021 692 1086 728; x_wconf 82' lang='grc' dir='ltr'>ἡμῖν</span> <span class='ocrx_word' id='word_1_205' title='bbox 1103 692 1293 720; x_wconf 72' lang='grc' dir='ltr'><strong>ὑποπεσόντων</strong></span> <span class='ocrx_word' id='word_1_206' title='bbox 1312 694 1377 729; x_wconf 80' lang='grc' dir='ltr'>περὶ</span> <span class='ocrx_word' id='word_1_207' title='bbox 1397 694 1495 729; x_wconf 81' lang='grc' dir='ltr'>ἀρχῆς,</span> <span class='ocrx_word' id='word_1_208' title='bbox 1513 693 1647 729; x_wconf 76' lang='grc' dir='ltr'>ζητοῦμεν</span> <span class='ocrx_word' id='word_1_209' title='bbox 1667 693 1714 720; x_wconf 64' lang='grc' dir='ltr'>ἐπὶ</span> <span class='ocrx_word' id='word_1_210' title='bbox 1736 693 1803 724; x_wconf 78' lang='grc' dir='ltr'>τίνος</span> 
     </span>
    </p>
   </div>
   <div class='ocr_carea' id='block_1_29' title="bbox 1019 738 1803 774">
    <p class='ocr_par' dir='ltr' id='par_1_29' title="bbox 1019 738 1803 774">
     <span class='ocr_line' id='line_1_29' title="bbox 1019 738 1803 774; baseline 0.001 -10"><span class='ocrx_word' id='word_1_211' title='bbox 1019 738 1060 765; x_wconf 85' lang='grc' dir='ltr'>δεῖ</span> <span class='ocrx_word' id='word_1_212' title='bbox 1075 738 1224 774; x_wconf 75' lang='grc' dir='ltr'>λαμϐάνειν</span> <span class='ocrx_word' id='word_1_213' title='bbox 1237 739 1267 765; x_wconf 82' lang='grc' dir='ltr'>τό</span> <span class='ocrx_word' id='word_1_214' title='bbox 1277 748 1283 754; x_wconf 90' lang='grc'>·</span> <span class='ocrx_word' id='word_1_215' title='bbox 1304 739 1352 766; x_wconf 80' lang='grc' dir='ltr'><strong>Ἐν</strong></span> <span class='ocrx_word' id='word_1_216' title='bbox 1367 739 1446 774; x_wconf 80' lang='grc' dir='ltr'><strong>ἀρχῇ</strong></span> <span class='ocrx_word' id='word_1_217' title='bbox 1468 738 1506 774; x_wconf 82' lang='grc' dir='ltr'><strong>ἦν</strong></span> <span class='ocrx_word' id='word_1_218' title='bbox 1517 740 1534 766; x_wconf 82' lang='grc' dir='ltr'><em>ὁ</em></span> <span class='ocrx_word' id='word_1_219' title='bbox 1549 740 1654 774; x_wconf 77' lang='grc' dir='ltr'>Λόγος.</span> <span class='ocrx_word' id='word_1_220' title='bbox 1674 739 1727 765; x_wconf 74' lang='grc' dir='ltr'><strong>Καὶ</strong></span> <span class='ocrx_word' id='word_1_221' title='bbox 1758 747 1803 766; x_wconf 81' lang='grc' dir='ltr'>σα-</span> 
     </span>
    </p>
   </div>
   <div class='ocr_carea' id='block_1_30' title="bbox 1021 784 1804 821">
    <p class='ocr_par' dir='ltr' id='par_1_30' title="bbox 1021 784 1804 821">
     <span class='ocr_line' id='line_1_30' title="bbox 1021 784 1804 821; baseline 0 -10"><span class='ocrx_word' id='word_1_222' title='bbox 1021 784 1080 819; x_wconf 77' lang='grc' dir='ltr'>φὲς,</span> <span class='ocrx_word' id='word_1_223' title='bbox 1095 785 1136 811; x_wconf 83' lang='grc' dir='ltr'>ὅτι</span> <span class='ocrx_word' id='word_1_224' title='bbox 1152 785 1201 811; x_wconf 80' lang='grc' dir='ltr'>οὐκ</span> <span class='ocrx_word' id='word_1_225' title='bbox 1214 785 1261 811; x_wconf 76' lang='grc' dir='ltr'><strong>ἐπὶ</strong></span> <span class='ocrx_word' id='word_1_226' title='bbox 1276 784 1323 812; x_wconf 81' lang='grc' dir='ltr'>τοῦ</span> <span class='ocrx_word' id='word_1_227' title='bbox 1338 785 1376 817; x_wconf 84' lang='grc' dir='ltr'>ὡς</span> <span class='ocrx_word' id='word_1_228' title='bbox 1393 785 1566 821; x_wconf 63' lang='grc' dir='ltr'>μεταβάσεως</span> <span class='ocrx_word' id='word_1_229' title='bbox 1578 805 1586 818; x_wconf 91' lang='grc'><strong>,</strong></span> <span class='ocrx_word' id='word_1_230' title='bbox 1599 785 1616 820; x_wconf 80' lang='grc' dir='ltr'>ἦ</span> <span class='ocrx_word' id='word_1_231' title='bbox 1630 785 1668 817; x_wconf 78' lang='grc' dir='ltr'><strong>ὡς</strong></span> <span class='ocrx_word' id='word_1_232' title='bbox 1687 785 1746 812; x_wconf 78' lang='grc' dir='ltr'><strong>ὁδοῦ</strong></span> <span class='ocrx_word' id='word_1_233' title='bbox 1761 785 1804 811; x_wconf 80' lang='grc' dir='ltr'><strong>καὶ</strong></span> 
     </span>
    </p>
   </div>
   <div class='ocr_carea' id='block_1_31' title="bbox 181 824 964 870">
    <p class='ocr_par' dir='ltr' id='par_1_31' title="bbox 181 833 964 870">
     <span class='ocr_line' id='line_1_31' title="bbox 181 833 964 870; baseline 0.004 -11"><span class='ocrx_word' id='word_1_234' title='bbox 181 833 315 867; x_wconf 84' lang='lat' dir='ltr'><strong>principio</strong></span> <span class='ocrx_word' id='word_1_235' title='bbox 329 833 459 860; x_wconf 86' lang='lat' dir='ltr'><strong>transitus</strong></span> <span class='ocrx_word' id='word_1_236' title='bbox 472 853 480 866; x_wconf 88' lang='lat'><strong>,</strong></span> <span class='ocrx_word' id='word_1_237' title='bbox 501 837 548 860; x_wconf 88' lang='lat' dir='ltr'><strong>aut</strong></span> <span class='ocrx_word' id='word_1_238' title='bbox 563 833 612 860; x_wconf 66' lang='lat' dir='ltr'><strong>vim</strong></span> <span class='ocrx_word' id='word_1_239' title='bbox 630 837 658 861; x_wconf 87' lang='lat' dir='ltr'><strong>et</strong></span> <span class='ocrx_word' id='word_1_240' title='bbox 673 833 868 868; x_wconf 74' lang='lat' dir='ltr'><strong>longitudinis;</strong></span> <span class='ocrx_word' id='word_1_241' title='bbox 884 834 964 870; x_wconf 87' lang='lat' dir='ltr'><strong>liquet</strong></span> 
     </span>
    </p>
   </div>
   <div class='ocr_carea' id='block_1_32' title="bbox 1044 824 1803 870">
    <p class='ocr_par' dir='ltr' id='par_1_32' title="bbox 1044 830 1803 866">
     <span class='ocr_line' id='line_1_32' title="bbox 1044 830 1803 866; baseline 0 -9"><span class='ocrx_word' id='word_1_242' title='bbox 1044 831 1135 866; x_wconf 73' lang='grc' dir='ltr'>ήκους.</span> <span class='ocrx_word' id='word_1_243' title='bbox 1147 831 1203 858; x_wconf 84' lang='grc' dir='ltr'><strong>Οὐκ</strong></span> <span class='ocrx_word' id='word_1_244' title='bbox 1214 830 1311 866; x_wconf 82' lang='grc' dir='ltr'><strong>ἄδηλον</strong></span> <span class='ocrx_word' id='word_1_245' title='bbox 1322 831 1360 865; x_wconf 71' lang='grc' dir='ltr'>δὲ,</span> <span class='ocrx_word' id='word_1_246' title='bbox 1372 832 1413 858; x_wconf 80' lang='grc' dir='ltr'><strong>ὅτι</strong></span> <span class='ocrx_word' id='word_1_247' title='bbox 1421 832 1481 858; x_wconf 79' lang='grc' dir='ltr'><strong>οὐδὲ</strong></span> <span class='ocrx_word' id='word_1_248' title='bbox 1495 832 1541 858; x_wconf 75' lang='grc' dir='ltr'>ἐπὶ</span> <span class='ocrx_word' id='word_1_249' title='bbox 1554 831 1600 858; x_wconf 76' lang='grc' dir='ltr'><strong>τοῦ</strong></span> <span class='ocrx_word' id='word_1_250' title='bbox 1615 831 1654 862; x_wconf 81' lang='grc' dir='ltr'>ὡς</span> <span class='ocrx_word' id='word_1_251' title='bbox 1664 831 1803 865; x_wconf 84' lang='grc' dir='ltr'>γενέσεως.</span> 
     </span>
    </p>
   </div>
   <div class='ocr_carea' id='block_1_33' title="bbox 181 879 969 915">
    <p class='ocr_par' dir='ltr' id='par_1_33' title="bbox 181 879 969 915">
     <span class='ocr_line' id='line_1_33' title="bbox 181 879 969 915; baseline 0.004 -10"><span class='ocrx_word' id='word_1_252' title='bbox 181 884 271 906; x_wconf 80' lang='lat' dir='ltr'><strong>autem</strong></span> <span class='ocrx_word' id='word_1_253' title='bbox 288 879 361 913; x_wconf 91' lang='lat' dir='ltr'><strong>quod</strong></span> <span class='ocrx_word' id='word_1_254' title='bbox 377 887 465 914; x_wconf 86' lang='lat' dir='ltr'><strong>neque</strong></span> <span class='ocrx_word' id='word_1_255' title='bbox 489 879 522 906; x_wconf 89' lang='lat' dir='ltr'><strong>de</strong></span> <span class='ocrx_word' id='word_1_256' title='bbox 550 880 684 914; x_wconf 86' lang='lat' dir='ltr'><strong>principio</strong></span> <span class='ocrx_word' id='word_1_257' title='bbox 705 880 902 915; x_wconf 77' lang='lat' dir='ltr'><strong>generationis.</strong></span> <span class='ocrx_word' id='word_1_258' title='bbox 920 880 969 908; x_wconf 78' lang='lat' dir='ltr'><strong>Ve-</strong></span> 
     </span>
    </p>
   </div>
   <div class='ocr_carea' id='block_1_34' title="bbox 183 924 968 960">
    <p class='ocr_par' dir='ltr' id='par_1_34' title="bbox 183 924 968 960">
     <span class='ocr_line' id='line_1_34' title="bbox 183 924 968 960; baseline 0.004 -10"><span class='ocrx_word' id='word_1_259' title='bbox 183 928 336 951; x_wconf 86' lang='lat' dir='ltr'><strong>rumtamen</strong></span> <span class='ocrx_word' id='word_1_260' title='bbox 361 924 418 951; x_wconf 86' lang='lat' dir='ltr'><strong>ﬁeri</strong></span> <span class='ocrx_word' id='word_1_261' title='bbox 443 929 534 958; x_wconf 84' lang='lat' dir='ltr'><strong>potest</strong></span> <span class='ocrx_word' id='word_1_262' title='bbox 559 929 588 952; x_wconf 81' lang='lat' dir='ltr'><strong>ut</strong></span> <span class='ocrx_word' id='word_1_263' title='bbox 616 925 681 952; x_wconf 90' lang='lat' dir='ltr'><strong>illud</strong></span> <span class='ocrx_word' id='word_1_264' title='bbox 709 925 825 960; x_wconf 88' lang='lat' dir='ltr'><strong>accipias</strong></span> <span class='ocrx_word' id='word_1_265' title='bbox 842 929 968 960; x_wconf 83' lang='lat' dir='ltr'><strong>tanquam</strong></span> 
     </span>
    </p>
   </div>
   <div class='ocr_carea' id='block_1_35' title="bbox 181 970 969 1005">
    <p class='ocr_par' dir='ltr' id='par_1_35' title="bbox 181 970 969 1005">
     <span class='ocr_line' id='line_1_35' title="bbox 181 970 969 1005; baseline 0.003 -9"><span class='ocrx_word' id='word_1_266' title='bbox 181 970 345 1005; x_wconf 87' lang='lat' dir='ltr'><strong>principium</strong></span> <span class='ocrx_word' id='word_1_267' title='bbox 357 991 364 1003; x_wconf 88' lang='lat'><strong>,</strong></span> <span class='ocrx_word' id='word_1_268' title='bbox 391 977 406 996; x_wconf 92' lang='lat' dir='ltr'><strong>a</strong></span> <span class='ocrx_word' id='word_1_269' title='bbox 421 977 487 1004; x_wconf 91' lang='lat' dir='ltr'><strong>quo.</strong></span> <span class='ocrx_word' id='word_1_270' title='bbox 503 971 574 1004; x_wconf 90' lang='lat' dir='ltr'><strong>quod</strong></span> <span class='ocrx_word' id='word_1_271' title='bbox 591 975 633 998; x_wconf 89' lang='lat' dir='ltr'><strong>est</strong></span> <span class='ocrx_word' id='word_1_272' title='bbox 660 970 765 998; x_wconf 81' lang='lat' dir='ltr'><strong>faciens</strong></span> <span class='ocrx_word' id='word_1_273' title='bbox 777 991 784 1004; x_wconf 88' lang='lat'><strong>,</strong></span> <span class='ocrx_word' id='word_1_274' title='bbox 799 971 969 1005; x_wconf 86' lang='lat' dir='ltr'><strong>quandoqui-</strong></span> 
     </span>
    </p>
   </div>
   <div class='ocr_carea' id='block_1_36' title="bbox 180 1016 967 1048">
    <p class='ocr_par' dir='ltr' id='par_1_36' title="bbox 180 1016 967 1048">
     <span class='ocr_line' id='line_1_36' title="bbox 180 1016 967 1048; baseline 0.003 -6"><span class='ocrx_word' id='word_1_275' title='bbox 180 1017 240 1043; x_wconf 89' lang='lat' dir='ltr'><strong>dem</strong></span> <span class='ocrx_word' id='word_1_276' title='bbox 258 1016 393 1043; x_wconf 67' lang='lat' dir='ltr'><strong>mandauit</strong></span> <span class='ocrx_word' id='word_1_277' title='bbox 407 1016 487 1048; x_wconf 79' lang='lat' dir='ltr'><strong>Deus,</strong></span> <span class='ocrx_word' id='word_1_278' title='bbox 500 1021 522 1042; x_wconf 84' lang='lat' dir='ltr'><strong>ct</strong></span> <span class='ocrx_word' id='word_1_279' title='bbox 535 1021 623 1043; x_wconf 77' lang='lat' dir='ltr'><strong>creata</strong></span> <span class='ocrx_word' id='word_1_280' title='bbox 636 1021 700 1043; x_wconf 74' lang='lat' dir='ltr'><strong>sunt</strong></span> <span class='ocrx_word' id='word_1_281' title='bbox 717 1017 750 1043; x_wconf 76' lang='grc'><strong>’⁷.</strong></span> <span class='ocrx_word' id='word_1_282' title='bbox 766 1016 880 1044; x_wconf 88' lang='lat' dir='ltr'><strong>Creator</strong></span> <span class='ocrx_word' id='word_1_283' title='bbox 895 1016 967 1044; x_wconf 92' lang='lat' dir='ltr'><strong>enim</strong></span> 
     </span>
    </p>
   </div>
   <div class='ocr_carea' id='block_1_37' title="bbox 179 1061 967 1096">
    <p class='ocr_par' dir='ltr' id='par_1_37' title="bbox 179 1061 967 1096">
     <span class='ocr_line' id='line_1_37' title="bbox 179 1061 967 1096; baseline 0 -8"><span class='ocrx_word' id='word_1_284' title='bbox 179 1062 270 1096; x_wconf 89' lang='lat' dir='ltr'><strong>aliquo</strong></span> <span class='ocrx_word' id='word_1_285' title='bbox 283 1062 364 1089; x_wconf 86' lang='lat' dir='ltr'><strong>modo</strong></span> <span class='ocrx_word' id='word_1_286' title='bbox 384 1066 426 1089; x_wconf 83' lang='lat' dir='ltr'><strong>est</strong></span> <span class='ocrx_word' id='word_1_287' title='bbox 449 1061 585 1094; x_wconf 86' lang='lat' dir='ltr'><strong>Christus,</strong></span> <span class='ocrx_word' id='word_1_288' title='bbox 618 1062 661 1089; x_wconf 88' lang='lat' dir='ltr'><strong>cui</strong></span> <span class='ocrx_word' id='word_1_289' title='bbox 689 1061 758 1089; x_wconf 87' lang='lat' dir='ltr'><strong>dixit</strong></span> <span class='ocrx_word' id='word_1_290' title='bbox 786 1061 868 1089; x_wconf 81' lang='lat' dir='ltr'><strong>Pater</strong></span> <span class='ocrx_word' id='word_1_291' title='bbox 884 1071 891 1088; x_wconf 86' lang='lat'><strong>:</strong></span> <span class='ocrx_word' id='word_1_292' title='bbox 905 1061 967 1088; x_wconf 87' lang='lat' dir='ltr'><strong>Fiat</strong></span> 
     </span>
    </p>
   </div>
   <div class='ocr_carea' id='block_1_38' title="bbox 178 1106 968 1142">
    <p class='ocr_par' dir='ltr' id='par_1_38' title="bbox 178 1106 968 1142">
     <span class='ocr_line' id='line_1_38' title="bbox 178 1106 968 1142; baseline 0.003 -9"><span class='ocrx_word' id='word_1_293' title='bbox 178 1107 225 1134; x_wconf 71' lang='lat' dir='ltr'><strong>lux</strong></span> <span class='ocrx_word' id='word_1_294' title='bbox 239 1107 272 1140; x_wconf 78' lang='grc'><strong>’⁸,</strong></span> <span class='ocrx_word' id='word_1_295' title='bbox 296 1112 334 1141; x_wconf 90' lang='lat' dir='ltr'><strong>et,</strong></span> <span class='ocrx_word' id='word_1_296' title='bbox 366 1106 429 1134; x_wconf 80' lang='lat' dir='ltr'><strong>Fiat</strong></span> <span class='ocrx_word' id='word_1_297' title='bbox 452 1108 648 1139; x_wconf 80' lang='lat' dir='ltr'><strong>ﬁrmamentum</strong></span> <span class='ocrx_word' id='word_1_298' title='bbox 667 1107 702 1136; x_wconf 72' lang='grc'><strong>’³.</strong></span> <span class='ocrx_word' id='word_1_299' title='bbox 726 1107 895 1142; x_wconf 85' lang='lat' dir='ltr'><strong>Creatorque</strong></span> <span class='ocrx_word' id='word_1_300' title='bbox 926 1113 968 1135; x_wconf 87' lang='lat' dir='ltr'><strong>est</strong></span> 
     </span>
    </p>
   </div>
   <div class='ocr_carea' id='block_1_39' title="bbox 178 1153 968 1189">
    <p class='ocr_par' dir='ltr' id='par_1_39' title="bbox 178 1153 968 1189">
     <span class='ocr_line' id='line_1_39' title="bbox 178 1153 968 1189; baseline 0.001 -9"><span class='ocrx_word' id='word_1_301' title='bbox 178 1153 314 1187; x_wconf 83' lang='lat' dir='ltr'><strong>Christus,</strong></span> <span class='ocrx_word' id='word_1_302' title='bbox 331 1157 460 1187; x_wconf 77' lang='lat' dir='ltr'><strong>tanquam</strong></span> <span class='ocrx_word' id='word_1_303' title='bbox 477 1154 653 1188; x_wconf 87' lang='lat' dir='ltr'><strong>principium,</strong></span> <span class='ocrx_word' id='word_1_304' title='bbox 670 1154 697 1181; x_wconf 92' lang='lat' dir='ltr'><strong>in</strong></span> <span class='ocrx_word' id='word_1_305' title='bbox 710 1160 842 1189; x_wconf 80' lang='lat' dir='ltr'><strong>quantum</strong></span> <span class='ocrx_word' id='word_1_306' title='bbox 859 1155 968 1189; x_wconf 82' lang='lat' dir='ltr'><strong>sapien-</strong></span> 
     </span>
    </p>
   </div>
   <div class='ocr_carea' id='block_1_40' title="bbox 179 1198 968 1235">
    <p class='ocr_par' dir='ltr' id='par_1_40' title="bbox 179 1198 968 1235">
     <span class='ocr_line' id='line_1_40' title="bbox 179 1198 968 1235; baseline 0.004 -11"><span class='ocrx_word' id='word_1_307' title='bbox 179 1198 214 1225; x_wconf 85' lang='lat' dir='ltr'><strong>tia</strong></span> <span class='ocrx_word' id='word_1_308' title='bbox 230 1203 290 1231; x_wconf 86' lang='lat' dir='ltr'><strong>est;</strong></span> <span class='ocrx_word' id='word_1_309' title='bbox 317 1198 420 1225; x_wconf 81' lang='lat' dir='ltr'><strong>idcirco</strong></span> <span class='ocrx_word' id='word_1_310' title='bbox 444 1198 533 1225; x_wconf 90' lang='lat' dir='ltr'><strong>dictus</strong></span> <span class='ocrx_word' id='word_1_311' title='bbox 547 1199 729 1234; x_wconf 84' lang='lat' dir='ltr'><strong>principium,</strong></span> <span class='ocrx_word' id='word_1_312' title='bbox 744 1202 809 1235; x_wconf 85' lang='lat' dir='ltr'><strong>quia</strong></span> <span class='ocrx_word' id='word_1_313' title='bbox 834 1200 968 1234; x_wconf 83' lang='lat' dir='ltr'><strong>sapientia</strong></span> 
     </span>
    </p>
   </div>
   <div class='ocr_carea' id='block_1_41' title="bbox 178 1243 968 1280">
    <p class='ocr_par' dir='ltr' id='par_1_41' title="bbox 178 1243 968 1280">
     <span class='ocr_line' id='line_1_41' title="bbox 178 1243 968 1280; baseline 0.003 -9"><span class='ocrx_word' id='word_1_314' title='bbox 178 1245 233 1276; x_wconf 82' lang='lat' dir='ltr'><strong>sit,</strong></span> <span class='ocrx_word' id='word_1_315' title='bbox 269 1243 375 1271; x_wconf 83' lang='lat' dir='ltr'><strong>dicente</strong></span> <span class='ocrx_word' id='word_1_316' title='bbox 402 1251 451 1278; x_wconf 89' lang='lat' dir='ltr'><strong>per</strong></span> <span class='ocrx_word' id='word_1_317' title='bbox 480 1244 655 1272; x_wconf 78' lang='lat' dir='ltr'><strong>Salomonein</strong></span> <span class='ocrx_word' id='word_1_318' title='bbox 691 1244 828 1280; x_wconf 85' lang='lat' dir='ltr'><strong>Sapientia</strong></span> <span class='ocrx_word' id='word_1_319' title='bbox 860 1255 867 1273; x_wconf 83' lang='lat'><strong>:</strong></span> <span class='ocrx_word' id='word_1_320' title='bbox 898 1246 968 1273; x_wconf 79' lang='lat' dir='ltr'><strong>Deus</strong></span> 
     </span>
    </p>
   </div>
   <div class='ocr_carea' id='block_1_42' title="bbox 162 1290 969 1326">
    <p class='ocr_par' dir='ltr' id='par_1_42' title="bbox 162 1290 969 1326">
     <span class='ocr_line' id='line_1_42' title="bbox 162 1290 969 1326; baseline 0.005 -11"><span class='ocrx_word' id='word_1_321' title='bbox 162 1290 275 1316; x_wconf 76' lang='lat' dir='ltr'><strong>-cream‘t</strong></span> <span class='ocrx_word' id='word_1_322' title='bbox 304 1297 345 1316; x_wconf 77' lang='lat' dir='ltr'><strong>me</strong></span> <span class='ocrx_word' id='word_1_323' title='bbox 373 1290 533 1324; x_wconf 72' lang='lat' dir='ltr'><strong>principium</strong></span> <span class='ocrx_word' id='word_1_324' title='bbox 560 1290 663 1317; x_wconf 75' lang='lat' dir='ltr'><strong>ciarum</strong></span> <span class='ocrx_word' id='word_1_325' title='bbox 687 1299 808 1323; x_wconf 72' lang='lat' dir='ltr'><strong>suarum,</strong></span> <span class='ocrx_word' id='word_1_326' title='bbox 830 1292 865 1318; x_wconf 84' lang='lat' dir='ltr'><strong>ad</strong></span> <span class='ocrx_word' id='word_1_327' title='bbox 889 1300 969 1326; x_wconf 80' lang='lat' dir='ltr'><strong>opera</strong></span> 
     </span>
    </p>
   </div>
   <div class='ocr_carea' id='block_1_43' title="bbox 177 1335 969 1372">
    <p class='ocr_par' dir='ltr' id='par_1_43' title="bbox 177 1335 969 1372">
     <span class='ocr_line' id='line_1_43' title="bbox 177 1335 969 1372; baseline 0.004 -10"><span class='ocrx_word' id='word_1_328' title='bbox 177 1335 236 1370; x_wconf 81' lang='lat' dir='ltr'><strong>ejus</strong></span> <span class='ocrx_word' id='word_1_329' title='bbox 256 1335 276 1369; x_wconf 85' lang='lat'><strong>&#39;,</strong></span> <span class='ocrx_word' id='word_1_330' title='bbox 291 1339 321 1362; x_wconf 87' lang='lat' dir='ltr'><strong>ut</strong></span> <span class='ocrx_word' id='word_1_331' title='bbox 332 1335 368 1363; x_wconf 84' lang='lat' dir='ltr'><strong>sit</strong></span> <span class='ocrx_word' id='word_1_332' title='bbox 382 1335 408 1362; x_wconf 93' lang='lat' dir='ltr'><strong>in</strong></span> <span class='ocrx_word' id='word_1_333' title='bbox 416 1336 553 1371; x_wconf 90' lang='lat' dir='ltr'><strong>principio</strong></span> <span class='ocrx_word' id='word_1_334' title='bbox 561 1335 688 1368; x_wconf 84' lang='lat' dir='ltr'><strong>Verbum.</strong></span> <span class='ocrx_word' id='word_1_335' title='bbox 702 1337 753 1364; x_wconf 90' lang='lat' dir='ltr'><strong>hoc</strong></span> <span class='ocrx_word' id='word_1_336' title='bbox 765 1341 806 1364; x_wconf 84' lang='lat' dir='ltr'><strong>est</strong></span> <span class='ocrx_word' id='word_1_337' title='bbox 819 1337 845 1364; x_wconf 90' lang='lat' dir='ltr'><strong>in</strong></span> <span class='ocrx_word' id='word_1_338' title='bbox 862 1338 969 1372; x_wconf 86' lang='lat' dir='ltr'><strong>sapien-</strong></span> 
     </span>
    </p>
   </div>
   <div class='ocr_carea' id='block_1_44' title="bbox 181 1381 968 1418">
    <p class='ocr_par' dir='ltr' id='par_1_44' title="bbox 181 1381 968 1418">
     <span class='ocr_line' id='line_1_44' title="bbox 181 1381 968 1418; baseline 0.005 -11"><span class='ocrx_word' id='word_1_339' title='bbox 181 1381 407 1408; x_wconf 85' lang='lat' dir='ltr'><strong>tia:secundum</strong></span> <span class='ocrx_word' id='word_1_340' title='bbox 440 1381 551 1416; x_wconf 87' lang='lat' dir='ltr'><strong>quidem</strong></span> <span class='ocrx_word' id='word_1_341' title='bbox 585 1382 774 1410; x_wconf 85' lang='lat' dir='ltr'><strong>collectionem</strong></span> <span class='ocrx_word' id='word_1_342' title='bbox 800 1383 968 1418; x_wconf 85' lang='lat' dir='ltr'><strong>contempla-</strong></span> 
     </span>
    </p>
   </div>
   <div class='ocr_carea' id='block_1_45' title="bbox 179 1427 966 1463">
    <p class='ocr_par' dir='ltr' id='par_1_45' title="bbox 179 1427 966 1463">
     <span class='ocr_line' id='line_1_45' title="bbox 179 1427 966 1463; baseline 0.005 -9"><span class='ocrx_word' id='word_1_343' title='bbox 179 1427 261 1454; x_wconf 85' lang='lat' dir='ltr'><strong>tionis</strong></span> <span class='ocrx_word' id='word_1_344' title='bbox 275 1431 303 1455; x_wconf 84' lang='lat' dir='ltr'><strong>et</strong></span> <span class='ocrx_word' id='word_1_345' title='bbox 318 1427 560 1459; x_wconf 66' lang='lat' dir='ltr'><strong>intelligentiarum</strong></span> <span class='ocrx_word' id='word_1_346' title='bbox 578 1429 612 1456; x_wconf 89' lang='lat' dir='ltr'><strong>de</strong></span> <span class='ocrx_word' id='word_1_347' title='bbox 625 1429 706 1457; x_wconf 87' lang='lat' dir='ltr'><strong>rebus</strong></span> <span class='ocrx_word' id='word_1_348' title='bbox 721 1430 866 1463; x_wconf 89' lang='lat' dir='ltr'><strong>universis,</strong></span> <span class='ocrx_word' id='word_1_349' title='bbox 875 1431 966 1458; x_wconf 82' lang='lat' dir='ltr'><strong>consi-</strong></span> 
     </span>
    </p>
   </div>
   <div class='ocr_carea' id='block_1_46' title="bbox 179 1474 1002 1520">
    <p class='ocr_par' dir='ltr' id='par_1_46' title="bbox 179 1474 1002 1520">
     <span class='ocr_line' id='line_1_46' title="bbox 179 1474 1002 1520; baseline 0.005 -19"><span class='ocrx_word' id='word_1_350' title='bbox 179 1476 273 1502; x_wconf 87' lang='lat' dir='ltr'><strong>derata</strong></span> <span class='ocrx_word' id='word_1_351' title='bbox 301 1474 453 1509; x_wconf 81' lang='lat' dir='ltr'><strong>sapientia;</strong></span> <span class='ocrx_word' id='word_1_352' title='bbox 483 1476 631 1503; x_wconf 87' lang='lat' dir='ltr'><strong>secundum</strong></span> <span class='ocrx_word' id='word_1_353' title='bbox 647 1483 713 1504; x_wconf 77' lang='lat' dir='ltr'><strong>vero</strong></span> <span class='ocrx_word' id='word_1_354' title='bbox 730 1484 821 1504; x_wconf 86' lang='lat' dir='ltr'><strong>rerum</strong></span> <span class='ocrx_word' id='word_1_355' title='bbox 844 1483 967 1505; x_wconf 90' lang='lat' dir='ltr'><strong>contem-</strong></span> <span class='ocrx_word' id='word_1_356' title='bbox 980 1490 1002 1520; x_wconf 70' lang='grc' dir='ltr'><strong>ο</strong></span> 
     </span>
    </p>
   </div>
   <div class='ocr_carea' id='block_1_47' title="bbox 179 1520 968 1557">
    <p class='ocr_par' dir='ltr' id='par_1_47' title="bbox 179 1520 968 1557">
     <span class='ocr_line' id='line_1_47' title="bbox 179 1520 968 1557; baseline 0.006 -11"><span class='ocrx_word' id='word_1_357' title='bbox 179 1520 313 1555; x_wconf 86' lang='lat' dir='ltr'><strong>plalarum</strong></span> <span class='ocrx_word' id='word_1_358' title='bbox 329 1521 559 1554; x_wconf 79' lang='lat' dir='ltr'><strong>commuttionem,</strong></span> <span class='ocrx_word' id='word_1_359' title='bbox 587 1522 620 1549; x_wconf 87' lang='lat' dir='ltr'><strong>ad</strong></span> <span class='ocrx_word' id='word_1_360' title='bbox 643 1529 675 1550; x_wconf 87' lang='lat' dir='ltr'><strong>ea</strong></span> <span class='ocrx_word' id='word_1_361' title='bbox 696 1530 757 1557; x_wconf 85' lang='lat' dir='ltr'><strong>qtue</strong></span> <span class='ocrx_word' id='word_1_362' title='bbox 771 1528 836 1551; x_wconf 83' lang='lat' dir='ltr'><strong>sunt</strong></span> <span class='ocrx_word' id='word_1_363' title='bbox 854 1524 968 1552; x_wconf 89' lang='lat' dir='ltr'><strong>rationis</strong></span> 
     </span>
    </p>
   </div>
   <div class='ocr_carea' id='block_1_48' title="bbox 179 1566 968 1605">
    <p class='ocr_par' dir='ltr' id='par_1_48' title="bbox 179 1566 968 1605">
     <span class='ocr_line' id='line_1_48' title="bbox 179 1566 968 1605; baseline 0.005 -11"><span class='ocrx_word' id='word_1_364' title='bbox 179 1567 299 1602; x_wconf 85' lang='lat' dir='ltr'><strong>capacia,</strong></span> <span class='ocrx_word' id='word_1_365' title='bbox 319 1567 492 1595; x_wconf 86' lang='lat' dir='ltr'><strong>considerato</strong></span> <span class='ocrx_word' id='word_1_366' title='bbox 503 1566 602 1595; x_wconf 83' lang='lat' dir='ltr'><strong>Verbo.</strong></span> <span class='ocrx_word' id='word_1_367' title='bbox 618 1567 673 1596; x_wconf 84' lang='lat' dir='ltr'><strong>Nec</strong></span> <span class='ocrx_word' id='word_1_368' title='bbox 693 1568 792 1596; x_wconf 91' lang='lat' dir='ltr'><strong>mirum</strong></span> <span class='ocrx_word' id='word_1_369' title='bbox 805 1569 839 1602; x_wconf 88' lang='lat' dir='ltr'><strong>si,</strong></span> <span class='ocrx_word' id='word_1_370' title='bbox 852 1575 882 1598; x_wconf 88' lang='lat' dir='ltr'><strong>ut</strong></span> <span class='ocrx_word' id='word_1_371' title='bbox 895 1577 968 1605; x_wconf 76' lang='lat' dir='ltr'><strong>pra:-</strong></span> 
     </span>
    </p>
   </div>
   <div class='ocr_carea' id='block_1_49' title="bbox 178 1612 967 1646">
    <p class='ocr_par' dir='ltr' id='par_1_49' title="bbox 178 1612 967 1646">
     <span class='ocr_line' id='line_1_49' title="bbox 178 1612 967 1646; baseline 0.005 -6"><span class='ocrx_word' id='word_1_372' title='bbox 178 1613 310 1646; x_wconf 78' lang='lat' dir='ltr'><strong>diximus,</strong></span> <span class='ocrx_word' id='word_1_373' title='bbox 324 1612 408 1640; x_wconf 86' lang='lat' dir='ltr'><strong>multa</strong></span> <span class='ocrx_word' id='word_1_374' title='bbox 421 1612 491 1640; x_wconf 89' lang='lat' dir='ltr'><strong>bona</strong></span> <span class='ocrx_word' id='word_1_375' title='bbox 501 1613 637 1642; x_wconf 84' lang='lat' dir='ltr'><strong>exsistens</strong></span> <span class='ocrx_word' id='word_1_376' title='bbox 652 1614 783 1642; x_wconf 73' lang='lat' dir='ltr'><strong>Set-valor</strong></span> <span class='ocrx_word' id='word_1_377' title='bbox 795 1616 821 1643; x_wconf 92' lang='lat' dir='ltr'><strong>in</strong></span> <span class='ocrx_word' id='word_1_378' title='bbox 838 1623 867 1644; x_wconf 89' lang='lat' dir='ltr'><strong>se</strong></span> <span class='ocrx_word' id='word_1_379' title='bbox 880 1617 967 1644; x_wconf 81' lang='lat' dir='ltr'><strong>conli-</strong></span> 
     </span>
    </p>
   </div>
   <div class='ocr_carea' id='block_1_50' title="bbox 180 1659 966 1694">
    <p class='ocr_par' dir='ltr' id='par_1_50' title="bbox 180 1659 966 1694">
     <span class='ocr_line' id='line_1_50' title="bbox 180 1659 966 1694; baseline 0.005 -8"><span class='ocrx_word' id='word_1_380' title='bbox 180 1664 254 1692; x_wconf 88' lang='lat' dir='ltr'><strong>ncat,</strong></span> <span class='ocrx_word' id='word_1_381' title='bbox 271 1666 332 1694; x_wconf 73' lang='lat' dir='ltr'><strong>qua:</strong></span> <span class='ocrx_word' id='word_1_382' title='bbox 346 1667 399 1686; x_wconf 87' lang='lat' dir='ltr'><strong>uno</strong></span> <span class='ocrx_word' id='word_1_383' title='bbox 411 1664 437 1687; x_wconf 87' lang='lat' dir='ltr'><strong>el</strong></span> <span class='ocrx_word' id='word_1_384' title='bbox 453 1659 551 1693; x_wconf 84' lang='lat' dir='ltr'><strong>altero,</strong></span> <span class='ocrx_word' id='word_1_385' title='bbox 568 1660 632 1688; x_wconf 92' lang='lat' dir='ltr'><strong>item</strong></span> <span class='ocrx_word' id='word_1_386' title='bbox 647 1666 675 1688; x_wconf 89' lang='lat' dir='ltr'><strong>et</strong></span> <span class='ocrx_word' id='word_1_387' title='bbox 690 1662 770 1689; x_wconf 87' lang='lat' dir='ltr'><strong>tertio</strong></span> <span class='ocrx_word' id='word_1_388' title='bbox 789 1663 966 1691; x_wconf 71' lang='lat' dir='ltr'><strong>considerem</strong></span> 
     </span>
    </p>
   </div>
   <div class='ocr_carea' id='block_1_51' title="bbox 180 1706 967 1742">
    <p class='ocr_par' dir='ltr' id='par_1_51' title="bbox 180 1706 967 1742">
     <span class='ocr_line' id='line_1_51' title="bbox 180 1706 967 1742; baseline 0.006 -10"><span class='ocrx_word' id='word_1_389' title='bbox 180 1711 224 1732; x_wconf 82' lang='lat' dir='ltr'><strong>tur</strong></span> <span class='ocrx_word' id='word_1_390' title='bbox 236 1709 325 1733; x_wconf 83' lang='lat' dir='ltr'><strong>modo.</strong></span> <span class='ocrx_word' id='word_1_391' title='bbox 350 1706 419 1734; x_wconf 74' lang='lat' dir='ltr'><strong>Cum</strong></span> <span class='ocrx_word' id='word_1_392' title='bbox 433 1706 505 1733; x_wconf 90' lang='lat' dir='ltr'><strong>enim</strong></span> <span class='ocrx_word' id='word_1_393' title='bbox 520 1707 664 1742; x_wconf 85' lang='lat' dir='ltr'><strong>protulerit</strong></span> <span class='ocrx_word' id='word_1_394' title='bbox 686 1708 805 1736; x_wconf 81' lang='lat' dir='ltr'><strong>Joannes</strong></span> <span class='ocrx_word' id='word_1_395' title='bbox 824 1710 858 1736; x_wconf 91' lang='lat' dir='ltr'><strong>de</strong></span> <span class='ocrx_word' id='word_1_396' title='bbox 877 1709 967 1738; x_wconf 83' lang='lat' dir='ltr'><strong>Verbo</strong></span> 
     </span>
    </p>
   </div>
   <div class='ocr_carea' id='block_1_52' title="bbox 180 1752 967 1791">
    <p class='ocr_par' dir='ltr' id='par_1_52' title="bbox 180 1752 967 1791">
     <span class='ocr_line' id='line_1_52' title="bbox 180 1752 967 1791; baseline 0.009 -13"><span class='ocrx_word' id='word_1_397' title='bbox 180 1752 295 1787; x_wconf 81' lang='lat' dir='ltr'><strong>loquens</strong></span> <span class='ocrx_word' id='word_1_398' title='bbox 312 1762 318 1780; x_wconf 90' lang='lat'><strong>:</strong></span> <span class='ocrx_word' id='word_1_399' title='bbox 337 1753 414 1786; x_wconf 81' lang='lat' dir='ltr'><strong>Quod</strong></span> <span class='ocrx_word' id='word_1_400' title='bbox 435 1752 536 1788; x_wconf 70' lang='lat' dir='ltr'><strong>factum</strong></span> <span class='ocrx_word' id='word_1_401' title='bbox 559 1759 607 1786; x_wconf 76' lang='lat' dir='ltr'><strong>est,</strong></span> <span class='ocrx_word' id='word_1_402' title='bbox 622 1755 648 1782; x_wconf 83' lang='lat' dir='ltr'><strong>in</strong></span> <span class='ocrx_word' id='word_1_403' title='bbox 666 1755 723 1788; x_wconf 70' lang='lat' dir='ltr'><strong>ipso</strong></span> <span class='ocrx_word' id='word_1_404' title='bbox 743 1758 795 1783; x_wconf 75' lang='lat' dir='ltr'><strong>vita</strong></span> <span class='ocrx_word' id='word_1_405' title='bbox 811 1761 867 1784; x_wconf 82' lang='lat' dir='ltr'><strong>erat</strong></span> <span class='ocrx_word' id='word_1_406' title='bbox 886 1758 907 1791; x_wconf 84' lang='grc'>³,</span> <span class='ocrx_word' id='word_1_407' title='bbox 923 1765 967 1786; x_wconf 89' lang='lat' dir='ltr'><strong>os-</strong></span> 
     </span>
    </p>
   </div>
   <div class='ocr_carea' id='block_1_53' title="bbox 180 1797 966 1837">
    <p class='ocr_par' dir='ltr' id='par_1_53' title="bbox 180 1797 966 1837">
     <span class='ocr_line' id='line_1_53' title="bbox 180 1797 966 1837; baseline 0.011 -14"><span class='ocrx_word' id='word_1_408' title='bbox 180 1797 269 1825; x_wconf 86' lang='lat' dir='ltr'><strong>tendit</strong></span> <span class='ocrx_word' id='word_1_409' title='bbox 286 1797 386 1825; x_wconf 78' lang='lat' dir='ltr'><strong>iactam</strong></span> <span class='ocrx_word' id='word_1_410' title='bbox 411 1798 496 1826; x_wconf 74' lang='lat' dir='ltr'><strong>fuiSse</strong></span> <span class='ocrx_word' id='word_1_411' title='bbox 518 1798 601 1826; x_wconf 76' lang='lat' dir='ltr'><strong>vitam</strong></span> <span class='ocrx_word' id='word_1_412' title='bbox 622 1799 648 1826; x_wconf 94' lang='lat' dir='ltr'><strong>in</strong></span> <span class='ocrx_word' id='word_1_413' title='bbox 666 1799 764 1828; x_wconf 85' lang='lat' dir='ltr'><strong>Verbo.</strong></span> <span class='ocrx_word' id='word_1_414' title='bbox 787 1801 879 1837; x_wconf 82' lang='lat' dir='ltr'><strong>Neque</strong></span> <span class='ocrx_word' id='word_1_415' title='bbox 900 1811 966 1832; x_wconf 85' lang='lat' dir='ltr'><strong>vero</strong></span> 
     </span>
    </p>
   </div>
   <div class='ocr_carea' id='block_1_54' title="bbox 179 1843 967 1881">
    <p class='ocr_par' dir='ltr' id='par_1_54' title="bbox 179 1843 967 1881">
     <span class='ocr_line' id='line_1_54' title="bbox 179 1843 967 1881; baseline 0.006 -11"><span class='ocrx_word' id='word_1_416' title='bbox 179 1844 298 1871; x_wconf 78' lang='lat' dir='ltr'><strong>Vcrhnin</strong></span> <span class='ocrx_word' id='word_1_417' title='bbox 314 1844 366 1872; x_wconf 92' lang='lat' dir='ltr'><strong>hoc</strong></span> <span class='ocrx_word' id='word_1_418' title='bbox 380 1843 452 1872; x_wconf 88' lang='lat' dir='ltr'><strong>aliud</strong></span> <span class='ocrx_word' id='word_1_419' title='bbox 467 1849 509 1872; x_wconf 91' lang='lat' dir='ltr'><strong>est</strong></span> <span class='ocrx_word' id='word_1_420' title='bbox 527 1852 541 1872; x_wconf 90' lang='lat' dir='ltr'><strong>a</strong></span> <span class='ocrx_word' id='word_1_421' title='bbox 556 1844 678 1878; x_wconf 83' lang='lat' dir='ltr'><strong>Christo,</strong></span> <span class='ocrx_word' id='word_1_422' title='bbox 693 1846 764 1875; x_wconf 81' lang='lat' dir='ltr'><strong>Deus</strong></span> <span class='ocrx_word' id='word_1_423' title='bbox 779 1848 924 1881; x_wconf 72' lang='lat' dir='ltr'><strong>exsistens,</strong></span> <span class='ocrx_word' id='word_1_424' title='bbox 938 1853 967 1876; x_wconf 89' lang='lat' dir='ltr'><strong>et</strong></span> 
     </span>
    </p>
   </div>
   <div class='ocr_carea' id='block_1_55' title="bbox 180 1889 963 1927">
    <p class='ocr_par' dir='ltr' id='par_1_55' title="bbox 180 1889 963 1927">
     <span class='ocr_line' id='line_1_55' title="bbox 180 1889 963 1927; baseline 0.006 -11"><span class='ocrx_word' id='word_1_425' title='bbox 180 1889 296 1917; x_wconf 88' lang='lat' dir='ltr'><strong>Verbum</strong></span> <span class='ocrx_word' id='word_1_426' title='bbox 310 1890 379 1925; x_wconf 85' lang='lat' dir='ltr'><strong>apud</strong></span> <span class='ocrx_word' id='word_1_427' title='bbox 393 1890 510 1924; x_wconf 85' lang='lat' dir='ltr'><strong>Patrem,</strong></span> <span class='ocrx_word' id='word_1_428' title='bbox 527 1898 576 1926; x_wconf 85' lang='lat' dir='ltr'><strong>per</strong></span> <span class='ocrx_word' id='word_1_429' title='bbox 590 1892 663 1926; x_wconf 90' lang='lat' dir='ltr'><strong>quod</strong></span> <span class='ocrx_word' id='word_1_430' title='bbox 685 1891 756 1919; x_wconf 80' lang='lat' dir='ltr'><strong>facta</strong></span> <span class='ocrx_word' id='word_1_431' title='bbox 771 1898 833 1920; x_wconf 84' lang='lat' dir='ltr'><strong>sunt</strong></span> <span class='ocrx_word' id='word_1_432' title='bbox 849 1895 937 1921; x_wconf 86' lang='lat' dir='ltr'><strong>omnia</strong></span> <span class='ocrx_word' id='word_1_433' title='bbox 955 1903 963 1927; x_wconf 73' lang='grc' dir='ltr'>ς</span> 
     </span>
    </p>
   </div>
   <div class='ocr_carea' id='block_1_56' title="bbox 178 1936 965 1975">
    <p class='ocr_par' dir='ltr' id='par_1_56' title="bbox 178 1936 965 1975">
     <span class='ocr_line' id='line_1_56' title="bbox 178 1936 965 1975; baseline 0.004 -11"><span class='ocrx_word' id='word_1_434' title='bbox 178 1944 266 1972; x_wconf 87' lang='lat' dir='ltr'><strong>neque</strong></span> <span class='ocrx_word' id='word_1_435' title='bbox 284 1936 340 1963; x_wconf 82' lang='lat' dir='ltr'><strong>vita</strong></span> <span class='ocrx_word' id='word_1_436' title='bbox 356 1937 408 1964; x_wconf 87' lang='lat' dir='ltr'><strong>alia</strong></span> <span class='ocrx_word' id='word_1_437' title='bbox 432 1941 474 1965; x_wconf 86' lang='lat' dir='ltr'><strong>est</strong></span> <span class='ocrx_word' id='word_1_438' title='bbox 497 1944 512 1964; x_wconf 85' lang='lat' dir='ltr'><strong>a</strong></span> <span class='ocrx_word' id='word_1_439' title='bbox 536 1937 581 1964; x_wconf 87' lang='lat' dir='ltr'><strong>Dei</strong></span> <span class='ocrx_word' id='word_1_440' title='bbox 597 1936 679 1970; x_wconf 84' lang='lat' dir='ltr'><strong>Filio,</strong></span> <span class='ocrx_word' id='word_1_441' title='bbox 704 1938 751 1972; x_wconf 85' lang='lat' dir='ltr'><strong>qui</strong></span> <span class='ocrx_word' id='word_1_442' title='bbox 778 1939 889 1973; x_wconf 89' lang='lat' dir='ltr'><strong>inquit:</strong></span> <span class='ocrx_word' id='word_1_443' title='bbox 910 1939 965 1975; x_wconf 76' lang='lat' dir='ltr'><strong>Ego</strong></span> 
     </span>
    </p>
   </div>
   <div class='ocr_carea' id='block_1_57' title="bbox 176 1983 965 2016">
    <p class='ocr_par' dir='ltr' id='par_1_57' title="bbox 176 1983 965 2016">
     <span class='ocr_line' id='line_1_57' title="bbox 176 1983 965 2016; baseline 0.005 -7"><span class='ocrx_word' id='word_1_444' title='bbox 176 1991 234 2010; x_wconf 70' lang='lat' dir='ltr'><strong>sum</strong></span> <span class='ocrx_word' id='word_1_445' title='bbox 262 1983 322 2016; x_wconf 78' lang='lat' dir='ltr'><strong>via,</strong></span> <span class='ocrx_word' id='word_1_446' title='bbox 361 1983 458 2010; x_wconf 78' lang='lat' dir='ltr'><strong>veritas</strong></span> <span class='ocrx_word' id='word_1_447' title='bbox 491 1988 514 2010; x_wconf 80' lang='grc' dir='ltr'><strong>ει</strong></span> <span class='ocrx_word' id='word_1_448' title='bbox 547 1984 599 2010; x_wconf 77' lang='lat' dir='ltr'><strong>vita</strong></span> <span class='ocrx_word' id='word_1_449' title='bbox 631 1983 651 2009; x_wconf 66' lang='grc' dir='ltr'><strong>δ.</strong></span> <span class='ocrx_word' id='word_1_450' title='bbox 688 1983 764 2011; x_wconf 87' lang='lat' dir='ltr'><strong>Unde</strong></span> <span class='ocrx_word' id='word_1_451' title='bbox 798 1992 850 2012; x_wconf 93' lang='lat' dir='ltr'><strong>non</strong></span> <span class='ocrx_word' id='word_1_452' title='bbox 885 1993 965 2014; x_wconf 84' lang='lat' dir='ltr'><strong>secus</strong></span> 
     </span>
    </p>
   </div>
   <div class='ocr_carea' id='block_1_58' title="bbox 176 2029 964 2064">
    <p class='ocr_par' dir='ltr' id='par_1_58' title="bbox 176 2029 964 2064">
     <span class='ocr_line' id='line_1_58' title="bbox 176 2029 964 2064; baseline 0.006 -9"><span class='ocrx_word' id='word_1_453' title='bbox 176 2034 262 2064; x_wconf 80' lang='lat' dir='ltr'><strong>atque</strong></span> <span class='ocrx_word' id='word_1_454' title='bbox 296 2030 350 2056; x_wconf 84' lang='lat' dir='ltr'><strong>vita</strong></span> <span class='ocrx_word' id='word_1_455' title='bbox 388 2029 459 2057; x_wconf 78' lang='lat' dir='ltr'><strong>facta</strong></span> <span class='ocrx_word' id='word_1_456' title='bbox 493 2029 545 2057; x_wconf 73' lang='lat' dir='ltr'><strong>fuit</strong></span> <span class='ocrx_word' id='word_1_457' title='bbox 577 2030 603 2056; x_wconf 87' lang='lat' dir='ltr'><strong>in</strong></span> <span class='ocrx_word' id='word_1_458' title='bbox 634 2029 741 2063; x_wconf 77' lang='lat' dir='ltr'><strong>Verbo,</strong></span> <span class='ocrx_word' id='word_1_459' title='bbox 777 2030 817 2058; x_wconf 88' lang='lat' dir='ltr'><strong>sic</strong></span> <span class='ocrx_word' id='word_1_460' title='bbox 846 2030 964 2060; x_wconf 77' lang='lat' dir='ltr'><strong>Verbum</strong></span> 
     </span>
    </p>
   </div>
   <div class='ocr_carea' id='block_1_59' title="bbox 175 2075 964 2111">
    <p class='ocr_par' dir='ltr' id='par_1_59' title="bbox 175 2075 964 2111">
     <span class='ocr_line' id='line_1_59' title="bbox 175 2075 964 2111; baseline 0.006 -9"><span class='ocrx_word' id='word_1_461' title='bbox 175 2079 238 2102; x_wconf 83' lang='lat' dir='ltr'><strong>erat</strong></span> <span class='ocrx_word' id='word_1_462' title='bbox 264 2075 291 2102; x_wconf 86' lang='lat' dir='ltr'><strong>in</strong></span> <span class='ocrx_word' id='word_1_463' title='bbox 317 2075 462 2110; x_wconf 87' lang='lat' dir='ltr'><strong>principio.</strong></span> <span class='ocrx_word' id='word_1_464' title='bbox 482 2075 600 2105; x_wconf 85' lang='lat' dir='ltr'><strong>Proinde</strong></span> <span class='ocrx_word' id='word_1_465' title='bbox 626 2077 731 2111; x_wconf 90' lang='lat' dir='ltr'><strong>inspice</strong></span> <span class='ocrx_word' id='word_1_466' title='bbox 756 2084 789 2103; x_wconf 86' lang='lat' dir='ltr'><strong>an</strong></span> <span class='ocrx_word' id='word_1_467' title='bbox 810 2077 888 2111; x_wconf 81' lang='lat' dir='ltr'><strong>juxta</strong></span> <span class='ocrx_word' id='word_1_468' title='bbox 913 2079 964 2107; x_wconf 89' lang='lat' dir='ltr'><strong>hoc</strong></span> 
     </span>
    </p>
   </div>
   <div class='ocr_carea' id='block_1_60' title="bbox 176 2121 962 2158">
    <p class='ocr_par' dir='ltr' id='par_1_60' title="bbox 176 2121 962 2158">
     <span class='ocr_line' id='line_1_60' title="bbox 176 2121 962 2158; baseline 0.005 -10"><span class='ocrx_word' id='word_1_469' title='bbox 176 2121 228 2156; x_wconf 79' lang='grc'><strong>21,</strong></span> <span class='ocrx_word' id='word_1_470' title='bbox 241 2121 423 2156; x_wconf 80' lang='lat' dir='ltr'><strong>signiﬁcatqu</strong></span> <span class='ocrx_word' id='word_1_471' title='bbox 438 2122 574 2157; x_wconf 83' lang='lat' dir='ltr'><strong>possimus</strong></span> <span class='ocrx_word' id='word_1_472' title='bbox 597 2123 749 2158; x_wconf 76' lang='lat' dir='ltr'><strong>intelligere</strong></span> <span class='ocrx_word' id='word_1_473' title='bbox 770 2123 821 2150; x_wconf 89' lang='lat' dir='ltr'><strong>hoc</strong></span> <span class='ocrx_word' id='word_1_474' title='bbox 835 2124 936 2152; x_wconf 86' lang='lat' dir='ltr'><strong>dictum</strong></span> <span class='ocrx_word' id='word_1_475' title='bbox 955 2133 962 2153; x_wconf 86' lang='lat'><strong>:</strong></span> 
     </span>
    </p>
   </div>
   <div class='ocr_carea' id='block_1_61' title="bbox 1021 874 1804 914">
    <p class='ocr_par' dir='ltr' id='par_1_61' title="bbox 1021 874 1804 914">
     <span class='ocr_line' id='line_1_61' title="bbox 1021 874 1804 914; baseline 0.001 -10"><span class='ocrx_word' id='word_1_476' title='bbox 1021 877 1094 912; x_wconf 82' lang='grc' dir='ltr'>Πλὴν</span> <span class='ocrx_word' id='word_1_477' title='bbox 1114 877 1225 904; x_wconf 79' lang='grc' dir='ltr'>δυνατὸν</span> <span class='ocrx_word' id='word_1_478' title='bbox 1251 878 1288 910; x_wconf 83' lang='grc' dir='ltr'><strong>ὠς</strong></span> <span class='ocrx_word' id='word_1_479' title='bbox 1305 878 1335 904; x_wconf 86' lang='grc' dir='ltr'>τὸ</span> <span class='ocrx_word' id='word_1_480' title='bbox 1350 878 1394 912; x_wconf 81' lang='grc' dir='ltr'><strong>ὑφ’</strong></span> <span class='ocrx_word' id='word_1_481' title='bbox 1407 874 1447 909; x_wconf 71' lang='grc' dir='ltr'><strong>οὗ,</strong></span> <span class='ocrx_word' id='word_1_482' title='bbox 1466 879 1535 914; x_wconf 80' lang='grc' dir='ltr'>ὅπερ</span> <span class='ocrx_word' id='word_1_483' title='bbox 1549 878 1607 904; x_wconf 72' lang='grc' dir='ltr'>ἐστὶ</span> <span class='ocrx_word' id='word_1_484' title='bbox 1628 877 1764 910; x_wconf 73' lang='grc' dir='ltr'>ποιοῦν,εἶ</span> <span class='ocrx_word' id='word_1_485' title='bbox 1774 887 1804 912; x_wconf 80' lang='grc' dir='ltr'><strong>γε</strong></span> 
     </span>
    </p>
   </div>
   <div class='ocr_carea' id='block_1_62' title="bbox 1019 922 1804 959">
    <p class='ocr_par' dir='ltr' id='par_1_62' title="bbox 1019 922 1804 959">
     <span class='ocr_line' id='line_1_62' title="bbox 1019 922 1804 959; baseline 0.001 -10"><span class='ocrx_word' id='word_1_486' title='bbox 1019 922 1188 950; x_wconf 76' lang='grc' dir='ltr'>ἐνετείλατο</span> <span class='ocrx_word' id='word_1_487' title='bbox 1204 924 1221 950; x_wconf 87' lang='grc' dir='ltr'><em>ὁ</em></span> <span class='ocrx_word' id='word_1_488' title='bbox 1243 923 1326 956; x_wconf 84' lang='grc' dir='ltr'>Θεὸς,</span> <span class='ocrx_word' id='word_1_489' title='bbox 1351 924 1400 951; x_wconf 76' lang='grc' dir='ltr'>καὶ</span> <span class='ocrx_word' id='word_1_490' title='bbox 1421 923 1606 958; x_wconf 74' lang='grc' dir='ltr'><strong>ἐκτίσθησαν</strong></span> <span class='ocrx_word' id='word_1_491' title='bbox 1618 932 1624 938; x_wconf 92' lang='grc'><strong>·</strong></span> <span class='ocrx_word' id='word_1_492' title='bbox 1643 923 1804 959; x_wconf 76' lang='grc' dir='ltr'>δημιουργὸς</span> 
     </span>
    </p>
   </div>
   <div class='ocr_carea' id='block_1_63' title="bbox 1019 965 1803 1004">
    <p class='ocr_par' dir='ltr' id='par_1_63' title="bbox 1019 965 1803 1004">
     <span class='ocr_line' id='line_1_63' title="bbox 1019 965 1803 1004; baseline 0 -10"><span class='ocrx_word' id='word_1_493' title='bbox 1019 967 1074 1004; x_wconf 83' lang='grc' dir='ltr'><strong>γάρ</strong></span> <span class='ocrx_word' id='word_1_494' title='bbox 1087 977 1144 1000; x_wconf 85' lang='grc' dir='ltr'>πως</span> <span class='ocrx_word' id='word_1_495' title='bbox 1163 969 1177 994; x_wconf 89' lang='grc' dir='ltr'>ὁ</span> <span class='ocrx_word' id='word_1_496' title='bbox 1193 968 1310 1004; x_wconf 84' lang='grc' dir='ltr'>Χριστός</span> <span class='ocrx_word' id='word_1_497' title='bbox 1330 970 1413 1001; x_wconf 78' lang='grc' dir='ltr'>ἐστιν,</span> <span class='ocrx_word' id='word_1_498' title='bbox 1427 965 1449 1003; x_wconf 84' lang='grc' dir='ltr'>ᾧ</span> <span class='ocrx_word' id='word_1_499' title='bbox 1468 969 1542 1003; x_wconf 79' lang='grc' dir='ltr'>λέγει</span> <span class='ocrx_word' id='word_1_500' title='bbox 1555 970 1570 996; x_wconf 92' lang='lat'><strong>6</strong></span> <span class='ocrx_word' id='word_1_501' title='bbox 1584 969 1693 1004; x_wconf 80' lang='grc' dir='ltr'>Πατήρ·</span> <span class='ocrx_word' id='word_1_502' title='bbox 1711 969 1803 1002; x_wconf 76' lang='grc' dir='ltr'><strong>Γενη-</strong></span> 
     </span>
    </p>
   </div>
   <div class='ocr_carea' id='block_1_64' title="bbox 1020 1013 1803 1050">
    <p class='ocr_par' dir='ltr' id='par_1_64' title="bbox 1020 1013 1803 1050">
     <span class='ocr_line' id='line_1_64' title="bbox 1020 1013 1803 1050; baseline -0.001 -9"><span class='ocrx_word' id='word_1_503' title='bbox 1020 1013 1097 1048; x_wconf 79' lang='grc' dir='ltr'>θήτω</span> <span class='ocrx_word' id='word_1_504' title='bbox 1110 1014 1183 1049; x_wconf 72' lang='grc' dir='ltr'><em>φῶς,</em></span> <span class='ocrx_word' id='word_1_505' title='bbox 1202 1016 1260 1047; x_wconf 83' lang='grc' dir='ltr'>καὶ,</span> <span class='ocrx_word' id='word_1_506' title='bbox 1279 1014 1437 1049; x_wconf 78' lang='grc' dir='ltr'><strong>Γενηθήτω</strong></span> <span class='ocrx_word' id='word_1_507' title='bbox 1451 1014 1612 1049; x_wconf 80' lang='grc' dir='ltr'>στερέωμα,</span> <span class='ocrx_word' id='word_1_508' title='bbox 1635 1014 1803 1050; x_wconf 46' lang='grc' dir='ltr'>Δημιουργκ</span> 
     </span>
    </p>
   </div>
   <div class='ocr_carea' id='block_1_65' title="bbox 1019 1059 1804 1096">
    <p class='ocr_par' dir='ltr' id='par_1_65' title="bbox 1019 1059 1804 1096">
     <span class='ocr_line' id='line_1_65' title="bbox 1019 1059 1804 1096; baseline -0.001 -10"><span class='ocrx_word' id='word_1_509' title='bbox 1019 1059 1047 1086; x_wconf 79' lang='grc' dir='ltr'><strong>δὲ</strong></span> <span class='ocrx_word' id='word_1_510' title='bbox 1068 1059 1082 1086; x_wconf 84' lang='grc' dir='ltr'>ὁ</span> <span class='ocrx_word' id='word_1_511' title='bbox 1103 1060 1220 1095; x_wconf 72' lang='grc' dir='ltr'>Χριστὸς</span> <span class='ocrx_word' id='word_1_512' title='bbox 1245 1060 1283 1091; x_wconf 81' lang='grc' dir='ltr'><strong>ὼς</strong></span> <span class='ocrx_word' id='word_1_513' title='bbox 1311 1060 1383 1096; x_wconf 82' lang='grc' dir='ltr'>ἁρχὴ</span> <span class='ocrx_word' id='word_1_514' title='bbox 1399 1060 1466 1096; x_wconf 86' lang='grc'><strong>(79),</strong></span> <span class='ocrx_word' id='word_1_515' title='bbox 1493 1059 1560 1086; x_wconf 77' lang='grc' dir='ltr'>καθὸ</span> <span class='ocrx_word' id='word_1_516' title='bbox 1582 1059 1662 1094; x_wconf 75' lang='grc' dir='ltr'>σοφία</span> <span class='ocrx_word' id='word_1_517' title='bbox 1680 1060 1749 1091; x_wconf 70' lang='grc' dir='ltr'>ἐστὶ,</span> <span class='ocrx_word' id='word_1_518' title='bbox 1767 1059 1804 1094; x_wconf 77' lang='grc' dir='ltr'>τῷ</span> 
     </span>
    </p>
   </div>
   <div class='ocr_carea' id='block_1_66' title="bbox 1020 1103 1803 1141">
    <p class='ocr_par' dir='ltr' id='par_1_66' title="bbox 1020 1103 1803 1141">
     <span class='ocr_line' id='line_1_66' title="bbox 1020 1103 1803 1141; baseline -0.003 -9"><span class='ocrx_word' id='word_1_519' title='bbox 1020 1105 1100 1140; x_wconf 72' lang='grc' dir='ltr'>σοφία</span> <span class='ocrx_word' id='word_1_520' title='bbox 1115 1103 1186 1132; x_wconf 70' lang='grc' dir='ltr'>εἶναι</span> <span class='ocrx_word' id='word_1_521' title='bbox 1201 1105 1367 1140; x_wconf 81' lang='grc' dir='ltr'>καλούμενος</span> <span class='ocrx_word' id='word_1_522' title='bbox 1380 1105 1450 1141; x_wconf 81' lang='grc' dir='ltr'><strong>ἀρχή</strong></span> <span class='ocrx_word' id='word_1_523' title='bbox 1459 1113 1466 1120; x_wconf 71' lang='grc' dir='ltr'>ο</span> <span class='ocrx_word' id='word_1_524' title='bbox 1483 1106 1500 1140; x_wconf 81' lang='grc' dir='ltr'><strong>ἡ</strong></span> <span class='ocrx_word' id='word_1_525' title='bbox 1514 1104 1568 1141; x_wconf 82' lang='grc' dir='ltr'>γὰρ</span> <span class='ocrx_word' id='word_1_526' title='bbox 1581 1104 1663 1139; x_wconf 77' lang='grc' dir='ltr'>σοφία</span> <span class='ocrx_word' id='word_1_527' title='bbox 1675 1104 1751 1140; x_wconf 81' lang='grc' dir='ltr'>παρὰ</span> <span class='ocrx_word' id='word_1_528' title='bbox 1767 1103 1803 1139; x_wconf 84' lang='grc' dir='ltr'>τῷ</span> 
     </span>
    </p>
   </div>
   <div class='ocr_carea' id='block_1_67' title="bbox 1020 1150 1804 1187">
    <p class='ocr_par' dir='ltr' id='par_1_67' title="bbox 1020 1150 1804 1187">
     <span class='ocr_line' id='line_1_67' title="bbox 1020 1150 1804 1187; baseline -0.001 -9"><span class='ocrx_word' id='word_1_529' title='bbox 1020 1151 1171 1187; x_wconf 81' lang='grc' dir='ltr'>Σολομῶντί</span> <span class='ocrx_word' id='word_1_530' title='bbox 1185 1159 1281 1187; x_wconf 82' lang='grc' dir='ltr'>φησιν·</span> <span class='ocrx_word' id='word_1_531' title='bbox 1300 1151 1327 1178; x_wconf 89' lang='grc' dir='ltr'><strong>Ὀ</strong></span> <span class='ocrx_word' id='word_1_532' title='bbox 1343 1151 1415 1185; x_wconf 79' lang='grc' dir='ltr'><strong>Θεὸς</strong></span> <span class='ocrx_word' id='word_1_533' title='bbox 1429 1151 1530 1178; x_wconf 82' lang='grc' dir='ltr'>ἓκτισέ</span> <span class='ocrx_word' id='word_1_534' title='bbox 1548 1160 1587 1186; x_wconf 74' lang='grc' dir='ltr'>με</span> <span class='ocrx_word' id='word_1_535' title='bbox 1609 1151 1708 1186; x_wconf 73' lang='grc' dir='ltr'><strong>ἀρχὴν</strong></span> <span class='ocrx_word' id='word_1_536' title='bbox 1729 1150 1804 1178; x_wconf 73' lang='grc' dir='ltr'><em>ὁδῶν</em></span> 
     </span>
    </p>
   </div>
   <div class='ocr_carea' id='block_1_68' title="bbox 1019 1197 1804 1236">
    <p class='ocr_par' dir='ltr' id='par_1_68' title="bbox 1019 1197 1804 1236">
     <span class='ocr_line' id='line_1_68' title="bbox 1019 1197 1804 1236; baseline -0.003 -10"><span class='ocrx_word' id='word_1_537' title='bbox 1019 1199 1112 1226; x_wconf 82' lang='grc' dir='ltr'>αὑτοῦ</span> <span class='ocrx_word' id='word_1_538' title='bbox 1126 1200 1170 1231; x_wconf 84' lang='grc' dir='ltr'><strong>εὶς</strong></span> <span class='ocrx_word' id='word_1_539' title='bbox 1185 1199 1256 1233; x_wconf 77' lang='grc' dir='ltr'>ἔργα</span> <span class='ocrx_word' id='word_1_540' title='bbox 1271 1199 1374 1230; x_wconf 82' lang='grc' dir='ltr'>αὑτοῦ,</span> <span class='ocrx_word' id='word_1_541' title='bbox 1392 1199 1436 1226; x_wconf 85' lang='grc' dir='ltr'><strong>ἴνα</strong></span> <span class='ocrx_word' id='word_1_542' title='bbox 1451 1199 1480 1225; x_wconf 80' lang='grc' dir='ltr'>ὲν</span> <span class='ocrx_word' id='word_1_543' title='bbox 1494 1199 1563 1234; x_wconf 85' lang='grc' dir='ltr'>ἀρχῇ</span> <span class='ocrx_word' id='word_1_544' title='bbox 1620 1198 1634 1224; x_wconf 88' lang='lat'><strong>6</strong></span> <span class='ocrx_word' id='word_1_545' title='bbox 1656 1198 1752 1232; x_wconf 84' lang='grc' dir='ltr'><strong>Λόγος,</strong></span> <span class='ocrx_word' id='word_1_546' title='bbox 1777 1199 1804 1224; x_wconf 64' lang='grc' dir='ltr'><strong>ἐπ</strong></span> 
     </span>
    </p>
   </div>
   <div class='ocr_carea' id='block_1_69' title="bbox 1018 1243 1804 1280">
    <p class='ocr_par' dir='ltr' id='par_1_69' title="bbox 1018 1243 1804 1280">
     <span class='ocr_line' id='line_1_69' title="bbox 1018 1243 1804 1280; baseline -0.001 -9"><span class='ocrx_word' id='word_1_547' title='bbox 1018 1246 1052 1280; x_wconf 86' lang='grc' dir='ltr'>τῇ</span> <span class='ocrx_word' id='word_1_548' title='bbox 1069 1244 1162 1280; x_wconf 74' lang='grc' dir='ltr'>σοφίᾳ·</span> <span class='ocrx_word' id='word_1_549' title='bbox 1180 1246 1249 1272; x_wconf 80' lang='grc' dir='ltr'>κατὰ</span> <span class='ocrx_word' id='word_1_550' title='bbox 1263 1245 1312 1280; x_wconf 83' lang='grc' dir='ltr'><strong>μὲν</strong></span> <span class='ocrx_word' id='word_1_551' title='bbox 1325 1245 1373 1280; x_wconf 78' lang='grc' dir='ltr'><strong>τὴν</strong></span> <span class='ocrx_word' id='word_1_552' title='bbox 1389 1244 1517 1271; x_wconf 77' lang='grc' dir='ltr'>σύστασιν</span> <span class='ocrx_word' id='word_1_553' title='bbox 1529 1244 1580 1279; x_wconf 82' lang='grc' dir='ltr'><strong>τῆς</strong></span> <span class='ocrx_word' id='word_1_554' title='bbox 1594 1244 1657 1280; x_wconf 78' lang='grc' dir='ltr'>περὶ</span> <span class='ocrx_word' id='word_1_555' title='bbox 1672 1243 1727 1270; x_wconf 84' lang='grc' dir='ltr'>τῶν</span> <span class='ocrx_word' id='word_1_556' title='bbox 1739 1243 1804 1270; x_wconf 80' lang='grc' dir='ltr'>ὅλων</span> 
     </span>
    </p>
   </div>
   <div class='ocr_carea' id='block_1_70' title="bbox 1020 1289 1804 1326">
    <p class='ocr_par' dir='ltr' id='par_1_70' title="bbox 1020 1289 1804 1326">
     <span class='ocr_line' id='line_1_70' title="bbox 1020 1289 1804 1326; baseline 0 -10"><span class='ocrx_word' id='word_1_557' title='bbox 1020 1289 1135 1325; x_wconf 81' lang='grc' dir='ltr'>θεωρίας</span> <span class='ocrx_word' id='word_1_558' title='bbox 1148 1291 1195 1317; x_wconf 75' lang='grc' dir='ltr'><strong>καὶ</strong></span> <span class='ocrx_word' id='word_1_559' title='bbox 1211 1290 1364 1325; x_wconf 76' lang='grc' dir='ltr'>νοημάτων,</span> <span class='ocrx_word' id='word_1_560' title='bbox 1379 1289 1429 1326; x_wconf 80' lang='grc' dir='ltr'>τῆς</span> <span class='ocrx_word' id='word_1_561' title='bbox 1442 1289 1537 1324; x_wconf 79' lang='grc' dir='ltr'>σοφίας</span> <span class='ocrx_word' id='word_1_562' title='bbox 1549 1289 1708 1325; x_wconf 81' lang='grc' dir='ltr'>νοουμένης,</span> <span class='ocrx_word' id='word_1_563' title='bbox 1736 1289 1804 1316; x_wconf 73' lang='grc' dir='ltr'>κατὰ</span> 
     </span>
    </p>
   </div>
   <div class='ocr_carea' id='block_1_71' title="bbox 1019 1335 1805 1372">
    <p class='ocr_par' dir='ltr' id='par_1_71' title="bbox 1019 1335 1805 1372">
     <span class='ocr_line' id='line_1_71' title="bbox 1019 1335 1805 1372; baseline 0 -10"><span class='ocrx_word' id='word_1_564' title='bbox 1019 1336 1046 1363; x_wconf 79' lang='grc' dir='ltr'><strong>δὲ</strong></span> <span class='ocrx_word' id='word_1_565' title='bbox 1066 1336 1115 1372; x_wconf 85' lang='grc' dir='ltr'>τὴν</span> <span class='ocrx_word' id='word_1_566' title='bbox 1138 1337 1205 1372; x_wconf 76' lang='grc' dir='ltr'>πρὸς</span> <span class='ocrx_word' id='word_1_567' title='bbox 1219 1336 1252 1363; x_wconf 76' lang='grc' dir='ltr'><strong>τὰ</strong></span> <span class='ocrx_word' id='word_1_568' title='bbox 1266 1336 1363 1370; x_wconf 73' lang='grc' dir='ltr'>λογικὰ</span> <span class='ocrx_word' id='word_1_569' title='bbox 1387 1335 1528 1363; x_wconf 79' lang='grc' dir='ltr'>κοινωνίαν</span> <span class='ocrx_word' id='word_1_570' title='bbox 1554 1336 1608 1362; x_wconf 81' lang='grc' dir='ltr'><strong>τῶν</strong></span> <span class='ocrx_word' id='word_1_571' title='bbox 1636 1335 1805 1372; x_wconf 79' lang='grc' dir='ltr'>τεθεωρημέ-</span> 
     </span>
    </p>
   </div>
   <div class='ocr_carea' id='block_1_72' title="bbox 1019 1380 1804 1418">
    <p class='ocr_par' dir='ltr' id='par_1_72' title="bbox 1019 1380 1804 1418">
     <span class='ocr_line' id='line_1_72' title="bbox 1019 1380 1804 1418; baseline -0.003 -10"><span class='ocrx_word' id='word_1_572' title='bbox 1019 1390 1072 1408; x_wconf 88' lang='grc' dir='ltr'><strong>νων</strong></span> <span class='ocrx_word' id='word_1_573' title='bbox 1085 1381 1152 1418; x_wconf 76' lang='grc'><strong>(80),</strong></span> <span class='ocrx_word' id='word_1_574' title='bbox 1164 1382 1211 1409; x_wconf 75' lang='grc' dir='ltr'>τοῦ</span> <span class='ocrx_word' id='word_1_575' title='bbox 1229 1381 1316 1417; x_wconf 83' lang='grc' dir='ltr'><strong>Λόγου</strong></span> <span class='ocrx_word' id='word_1_576' title='bbox 1339 1381 1556 1417; x_wconf 77' lang='grc' dir='ltr'>λαμϐανομένου.</span> <span class='ocrx_word' id='word_1_577' title='bbox 1582 1381 1638 1408; x_wconf 79' lang='grc' dir='ltr'><strong>Καὶ</strong></span> <span class='ocrx_word' id='word_1_578' title='bbox 1650 1381 1686 1415; x_wconf 64' lang='grc' dir='ltr'>,οὐ</span> <span class='ocrx_word' id='word_1_579' title='bbox 1702 1380 1804 1416; x_wconf 82' lang='grc' dir='ltr'>θαυμα-</span> 
     </span>
    </p>
   </div>
   <div class='ocr_carea' id='block_1_73' title="bbox 1020 1426 1804 1464">
    <p class='ocr_par' dir='ltr' id='par_1_73' title="bbox 1020 1426 1804 1464">
     <span class='ocr_line' id='line_1_73' title="bbox 1020 1426 1804 1464; baseline -0.003 -9"><span class='ocrx_word' id='word_1_580' title='bbox 1020 1429 1080 1455; x_wconf 74' lang='grc' dir='ltr'>στὸν</span> <span class='ocrx_word' id='word_1_581' title='bbox 1094 1429 1129 1461; x_wconf 80' lang='grc' dir='ltr'>εἰ,</span> <span class='ocrx_word' id='word_1_582' title='bbox 1142 1429 1179 1460; x_wconf 86' lang='grc' dir='ltr'><strong>ὡς</strong></span> <span class='ocrx_word' id='word_1_583' title='bbox 1194 1429 1408 1464; x_wconf 81' lang='grc' dir='ltr'>προειρήκαμεν,</span> <span class='ocrx_word' id='word_1_584' title='bbox 1425 1427 1509 1454; x_wconf 79' lang='grc' dir='ltr'>πολλὰ</span> <span class='ocrx_word' id='word_1_585' title='bbox 1519 1426 1556 1453; x_wconf 84' lang='grc' dir='ltr'>ὣν</span> <span class='ocrx_word' id='word_1_586' title='bbox 1572 1426 1660 1461; x_wconf 75' lang='grc' dir='ltr'>ἀγαθὰ</span> <span class='ocrx_word' id='word_1_587' title='bbox 1671 1428 1686 1453; x_wconf 89' lang='lat'><strong>6</strong></span> <span class='ocrx_word' id='word_1_588' title='bbox 1700 1427 1804 1462; x_wconf 84' lang='grc' dir='ltr'>Σωτὴρ,</span> 
     </span>
    </p>
   </div>
   <div class='ocr_carea' id='block_1_74' title="bbox 1019 1473 1804 1510">
    <p class='ocr_par' dir='ltr' id='par_1_74' title="bbox 1019 1473 1804 1510">
     <span class='ocr_line' id='line_1_74' title="bbox 1019 1473 1804 1510; baseline -0.005 -8"><span class='ocrx_word' id='word_1_589' title='bbox 1019 1475 1227 1510; x_wconf 82' lang='grc' dir='ltr'>ὲνεπινοούμενα</span> <span class='ocrx_word' id='word_1_590' title='bbox 1248 1474 1304 1510; x_wconf 74' lang='grc' dir='ltr'>ἔχει</span> <span class='ocrx_word' id='word_1_591' title='bbox 1327 1474 1357 1500; x_wconf 84' lang='grc' dir='ltr'><strong>ἐν</strong></span> <span class='ocrx_word' id='word_1_592' title='bbox 1381 1473 1456 1509; x_wconf 75' lang='grc' dir='ltr'>αὑτῷ</span> <span class='ocrx_word' id='word_1_593' title='bbox 1475 1473 1582 1509; x_wconf 81' lang='grc' dir='ltr'>πρῶτα,</span> <span class='ocrx_word' id='word_1_594' title='bbox 1609 1474 1656 1500; x_wconf 81' lang='grc' dir='ltr'>καὶ</span> <span class='ocrx_word' id='word_1_595' title='bbox 1682 1473 1804 1508; x_wconf 78' lang='grc' dir='ltr'>δεύτερα,</span> 
     </span>
    </p>
   </div>
   <div class='ocr_carea' id='block_1_75' title="bbox 1020 1519 1805 1558">
    <p class='ocr_par' dir='ltr' id='par_1_75' title="bbox 1020 1519 1805 1558">
     <span class='ocr_line' id='line_1_75' title="bbox 1020 1519 1805 1558; baseline -0.005 -9"><span class='ocrx_word' id='word_1_596' title='bbox 1020 1522 1067 1549; x_wconf 72' lang='grc' dir='ltr'>καὶ</span> <span class='ocrx_word' id='word_1_597' title='bbox 1078 1522 1168 1558; x_wconf 86' lang='grc' dir='ltr'>τρίτα.</span> <span class='ocrx_word' id='word_1_598' title='bbox 1189 1522 1220 1549; x_wconf 95' lang='lat'><strong>&quot;0</strong></span> <span class='ocrx_word' id='word_1_599' title='bbox 1233 1520 1298 1556; x_wconf 81' lang='grc' dir='ltr'>γοῦν</span> <span class='ocrx_word' id='word_1_600' title='bbox 1320 1520 1446 1555; x_wconf 78' lang='grc' dir='ltr'>Ἰωάννης</span> <span class='ocrx_word' id='word_1_601' title='bbox 1467 1520 1602 1556; x_wconf 82' lang='grc' dir='ltr'>ἐπήνεγκε</span> <span class='ocrx_word' id='word_1_602' title='bbox 1615 1519 1730 1554; x_wconf 79' lang='grc' dir='ltr'>φάσκων</span> <span class='ocrx_word' id='word_1_603' title='bbox 1745 1519 1805 1554; x_wconf 73' lang='grc' dir='ltr'>περὶ</span> 
     </span>
    </p>
   </div>
   <div class='ocr_carea' id='block_1_76' title="bbox 1019 1563 1807 1602">
    <p class='ocr_par' dir='ltr' id='par_1_76' title="bbox 1019 1563 1807 1602">
     <span class='ocr_line' id='line_1_76' title="bbox 1019 1563 1807 1602; baseline -0.005 -7"><span class='ocrx_word' id='word_1_604' title='bbox 1019 1566 1066 1595; x_wconf 77' lang='grc' dir='ltr'>τοῦ</span> <span class='ocrx_word' id='word_1_605' title='bbox 1096 1568 1201 1602; x_wconf 82' lang='grc' dir='ltr'>Λόγου·</span> <span class='ocrx_word' id='word_1_606' title='bbox 1228 1568 1259 1593; x_wconf 87' lang='grc' dir='ltr'><em>Ὃ</em></span> <span class='ocrx_word' id='word_1_607' title='bbox 1282 1566 1414 1601; x_wconf 71' lang='grc' dir='ltr'>γέγονεν,</span> <span class='ocrx_word' id='word_1_608' title='bbox 1431 1565 1466 1593; x_wconf 83' lang='grc' dir='ltr'><strong>ὲν</strong></span> <span class='ocrx_word' id='word_1_609' title='bbox 1488 1565 1569 1598; x_wconf 81' lang='grc' dir='ltr'>αὐτῷ</span> <span class='ocrx_word' id='word_1_610' title='bbox 1599 1564 1654 1598; x_wconf 81' lang='grc' dir='ltr'><strong>ζωὴ</strong></span> <span class='ocrx_word' id='word_1_611' title='bbox 1681 1563 1730 1600; x_wconf 79' lang='grc' dir='ltr'><strong>ἦν.</strong></span> <span class='ocrx_word' id='word_1_612' title='bbox 1759 1565 1807 1591; x_wconf 79' lang='grc' dir='ltr'><strong>Γέ-</strong></span> 
     </span>
    </p>
   </div>
   <div class='ocr_carea' id='block_1_77' title="bbox 1018 1609 1806 1649">
    <p class='ocr_par' dir='ltr' id='par_1_77' title="bbox 1018 1609 1806 1649">
     <span class='ocr_line' id='line_1_77' title="bbox 1018 1609 1806 1649; baseline -0.008 -7"><span class='ocrx_word' id='word_1_613' title='bbox 1018 1623 1096 1649; x_wconf 85' lang='grc' dir='ltr'>γονεν</span> <span class='ocrx_word' id='word_1_614' title='bbox 1130 1612 1176 1641; x_wconf 79' lang='grc' dir='ltr'><strong>οὖν</strong></span> <span class='ocrx_word' id='word_1_615' title='bbox 1212 1614 1228 1648; x_wconf 84' lang='grc' dir='ltr'>ἡ</span> <span class='ocrx_word' id='word_1_616' title='bbox 1265 1612 1322 1648; x_wconf 75' lang='grc' dir='ltr'><strong>ζωὴ</strong></span> <span class='ocrx_word' id='word_1_617' title='bbox 1353 1614 1381 1640; x_wconf 83' lang='grc' dir='ltr'>ὲν</span> <span class='ocrx_word' id='word_1_618' title='bbox 1413 1611 1453 1647; x_wconf 81' lang='grc' dir='ltr'>τῷ</span> <span class='ocrx_word' id='word_1_619' title='bbox 1490 1612 1578 1646; x_wconf 84' lang='grc' dir='ltr'><strong>Λόγῳ.</strong></span> <span class='ocrx_word' id='word_1_620' title='bbox 1610 1611 1665 1637; x_wconf 78' lang='grc' dir='ltr'>Καὶ</span> <span class='ocrx_word' id='word_1_621' title='bbox 1696 1609 1759 1637; x_wconf 74' lang='grc' dir='ltr'>οὔτε</span> <span class='ocrx_word' id='word_1_622' title='bbox 1793 1610 1806 1636; x_wconf 87' lang='lat'><strong>6</strong></span> 
     </span>
    </p>
   </div>
   <div class='ocr_carea' id='block_1_78' title="bbox 1018 1656 1805 1695">
    <p class='ocr_par' dir='ltr' id='par_1_78' title="bbox 1018 1656 1805 1695">
     <span class='ocr_line' id='line_1_78' title="bbox 1018 1656 1805 1695; baseline -0.009 -7"><span class='ocrx_word' id='word_1_623' title='bbox 1018 1661 1104 1695; x_wconf 83' lang='grc' dir='ltr'>Λόγος</span> <span class='ocrx_word' id='word_1_624' title='bbox 1127 1659 1220 1695; x_wconf 72' lang='grc' dir='ltr'>ἕτερός</span> <span class='ocrx_word' id='word_1_625' title='bbox 1245 1660 1304 1686; x_wconf 84' lang='grc' dir='ltr'>ὲστι</span> <span class='ocrx_word' id='word_1_626' title='bbox 1326 1657 1374 1685; x_wconf 80' lang='grc' dir='ltr'>τοῦ</span> <span class='ocrx_word' id='word_1_627' title='bbox 1395 1656 1533 1693; x_wconf 81' lang='grc' dir='ltr'>Χριστοῦ,</span> <span class='ocrx_word' id='word_1_628' title='bbox 1556 1657 1570 1683; x_wconf 86' lang='lat'><strong>6</strong></span> <span class='ocrx_word' id='word_1_629' title='bbox 1608 1656 1673 1688; x_wconf 86' lang='grc' dir='ltr'>Θεὸς</span> <span class='ocrx_word' id='word_1_630' title='bbox 1705 1656 1805 1689; x_wconf 84' lang='grc' dir='ltr'>Λόγος,</span> 
     </span>
    </p>
   </div>
   <div class='ocr_carea' id='block_1_79' title="bbox 1017 1702 1804 1742">
    <p class='ocr_par' dir='ltr' id='par_1_79' title="bbox 1017 1702 1804 1742">
     <span class='ocr_line' id='line_1_79' title="bbox 1017 1702 1804 1742; baseline -0.009 -8"><span class='ocrx_word' id='word_1_631' title='bbox 1017 1708 1031 1734; x_wconf 88' lang='lat'><strong>6</strong></span> <span class='ocrx_word' id='word_1_632' title='bbox 1053 1706 1121 1742; x_wconf 73' lang='grc' dir='ltr'>πρὸς</span> <span class='ocrx_word' id='word_1_633' title='bbox 1148 1706 1193 1732; x_wconf 79' lang='grc' dir='ltr'><strong>τὸν</strong></span> <span class='ocrx_word' id='word_1_634' title='bbox 1218 1705 1326 1742; x_wconf 74' lang='grc' dir='ltr'>Πατέρα</span> <span class='ocrx_word' id='word_1_635' title='bbox 1345 1724 1353 1738; x_wconf 84' lang='grc'><strong>,</strong></span> <span class='ocrx_word' id='word_1_636' title='bbox 1384 1704 1418 1731; x_wconf 73' lang='grc' dir='ltr'><strong>δι’</strong></span> <span class='ocrx_word' id='word_1_637' title='bbox 1444 1702 1474 1730; x_wconf 79' lang='grc' dir='ltr'>οὗ</span> <span class='ocrx_word' id='word_1_638' title='bbox 1501 1703 1536 1729; x_wconf 81' lang='grc' dir='ltr'>τὰ</span> <span class='ocrx_word' id='word_1_639' title='bbox 1561 1702 1650 1729; x_wconf 79' lang='grc' dir='ltr'>πάντα</span> <span class='ocrx_word' id='word_1_640' title='bbox 1679 1702 1804 1736; x_wconf 75' lang='grc' dir='ltr'>ἐγένετο·</span> 
     </span>
    </p>
   </div>
   <div class='ocr_carea' id='block_1_80' title="bbox 1017 1748 1805 1789">
    <p class='ocr_par' dir='ltr' id='par_1_80' title="bbox 1017 1748 1805 1789">
     <span class='ocr_line' id='line_1_80' title="bbox 1017 1748 1805 1789; baseline -0.008 -9"><span class='ocrx_word' id='word_1_641' title='bbox 1017 1753 1078 1780; x_wconf 72' lang='grc' dir='ltr'>οὔτε</span> <span class='ocrx_word' id='word_1_642' title='bbox 1096 1754 1112 1788; x_wconf 80' lang='grc' dir='ltr'>ἡ</span> <span class='ocrx_word' id='word_1_643' title='bbox 1129 1753 1185 1789; x_wconf 80' lang='grc' dir='ltr'><strong>ζωὴ</strong></span> <span class='ocrx_word' id='word_1_644' title='bbox 1202 1753 1258 1788; x_wconf 83' lang='grc'><strong>(81)</strong></span> <span class='ocrx_word' id='word_1_645' title='bbox 1271 1752 1353 1787; x_wconf 76' lang='grc' dir='ltr'>ἑτέρα</span> <span class='ocrx_word' id='word_1_646' title='bbox 1371 1750 1419 1778; x_wconf 75' lang='grc' dir='ltr'>τοῦ</span> <span class='ocrx_word' id='word_1_647' title='bbox 1431 1749 1496 1777; x_wconf 85' lang='grc' dir='ltr'><strong>Υἱοῦ</strong></span> <span class='ocrx_word' id='word_1_648' title='bbox 1508 1749 1554 1776; x_wconf 83' lang='grc' dir='ltr'>τοῦ</span> <span class='ocrx_word' id='word_1_649' title='bbox 1568 1749 1646 1781; x_wconf 83' lang='grc' dir='ltr'>θεοῦ,</span> <span class='ocrx_word' id='word_1_650' title='bbox 1657 1748 1688 1780; x_wconf 72' lang='grc' dir='ltr'><strong>ὃς</strong></span> <span class='ocrx_word' id='word_1_651' title='bbox 1703 1757 1789 1784; x_wconf 74' lang='grc' dir='ltr'>φησιν</span> <span class='ocrx_word' id='word_1_652' title='bbox 1799 1756 1805 1762; x_wconf 94' lang='grc'><strong>·</strong></span> 
     </span>
    </p>
   </div>
   <div class='ocr_carea' id='block_1_81' title="bbox 1024 1794 1808 1833">
    <p class='ocr_par' dir='ltr' id='par_1_81' title="bbox 1024 1794 1808 1833">
     <span class='ocr_line' id='line_1_81' title="bbox 1024 1794 1808 1833; baseline -0.009 -6"><span class='ocrx_word' id='word_1_653' title='bbox 1024 1799 1097 1833; x_wconf 74' lang='grc' dir='ltr'><strong>Ἐγώ</strong></span> <span class='ocrx_word' id='word_1_654' title='bbox 1110 1800 1168 1833; x_wconf 75' lang='grc' dir='ltr'>ειμι</span> <span class='ocrx_word' id='word_1_655' title='bbox 1182 1800 1200 1832; x_wconf 81' lang='grc' dir='ltr'><strong>-ή</strong></span> <span class='ocrx_word' id='word_1_656' title='bbox 1216 1797 1353 1831; x_wconf 75' lang='grc' dir='ltr'><strong>όδὸς,καὶ</strong></span> <span class='ocrx_word' id='word_1_657' title='bbox 1368 1798 1386 1831; x_wconf 78' lang='grc' dir='ltr'><strong><em>ἡ</em></strong></span> <span class='ocrx_word' id='word_1_658' title='bbox 1397 1796 1533 1829; x_wconf 71' lang='grc' dir='ltr'>ἀλήθεια,</span> <span class='ocrx_word' id='word_1_659' title='bbox 1542 1796 1591 1823; x_wconf 76' lang='grc' dir='ltr'>καὶ</span> <span class='ocrx_word' id='word_1_660' title='bbox 1605 1794 1808 1830; x_wconf 72' lang='grc' dir='ltr'><strong>ήζωὴ.’Ὠσπερ</strong></span> 
     </span>
    </p>
   </div>
   <div class='ocr_carea' id='block_1_82' title="bbox 1016 1838 1808 1880">
    <p class='ocr_par' dir='ltr' id='par_1_82' title="bbox 1016 1838 1808 1880">
     <span class='ocr_line' id='line_1_82' title="bbox 1016 1838 1808 1880; baseline -0.006 -9"><span class='ocrx_word' id='word_1_661' title='bbox 1016 1843 1062 1872; x_wconf 79' lang='grc' dir='ltr'><strong>οὖν</strong></span> <span class='ocrx_word' id='word_1_662' title='bbox 1079 1845 1096 1880; x_wconf 81' lang='grc' dir='ltr'><strong>ἡ</strong></span> <span class='ocrx_word' id='word_1_663' title='bbox 1115 1843 1171 1880; x_wconf 80' lang='grc' dir='ltr'>ζωὴ</span> <span class='ocrx_word' id='word_1_664' title='bbox 1186 1843 1296 1878; x_wconf 81' lang='grc' dir='ltr'>γέγονεν</span> <span class='ocrx_word' id='word_1_665' title='bbox 1311 1843 1340 1869; x_wconf 80' lang='grc' dir='ltr'><strong>ἐν</strong></span> <span class='ocrx_word' id='word_1_666' title='bbox 1353 1842 1392 1878; x_wconf 81' lang='grc' dir='ltr'>τῷ</span> <span class='ocrx_word' id='word_1_667' title='bbox 1407 1840 1615 1877; x_wconf 75' lang='grc' dir='ltr'>Λόγῳ,οὖτωςὸ</span> <span class='ocrx_word' id='word_1_668' title='bbox 1629 1840 1716 1874; x_wconf 82' lang='grc' dir='ltr'>Λόγος</span> <span class='ocrx_word' id='word_1_669' title='bbox 1730 1838 1765 1875; x_wconf 76' lang='grc' dir='ltr'>ἦν</span> <span class='ocrx_word' id='word_1_670' title='bbox 1781 1841 1808 1866; x_wconf 81' lang='grc' dir='ltr'><strong>ἐν</strong></span> 
     </span>
    </p>
   </div>
   <div class='ocr_carea' id='block_1_83' title="bbox 1016 1886 1808 1927">
    <p class='ocr_par' dir='ltr' id='par_1_83' title="bbox 1016 1886 1808 1927">
     <span class='ocr_line' id='line_1_83' title="bbox 1016 1886 1808 1927; baseline -0.006 -10"><span class='ocrx_word' id='word_1_671' title='bbox 1016 1892 1098 1927; x_wconf 82' lang='grc' dir='ltr'>ἀρχῇ.</span> <span class='ocrx_word' id='word_1_672' title='bbox 1118 1890 1278 1924; x_wconf 83' lang='grc' dir='ltr'>Ἐπίστησον</span> <span class='ocrx_word' id='word_1_673' title='bbox 1295 1889 1324 1915; x_wconf 82' lang='grc' dir='ltr'><strong>δὲ</strong></span> <span class='ocrx_word' id='word_1_674' title='bbox 1344 1890 1368 1914; x_wconf 83' lang='grc' dir='ltr'>εἰ</span> <span class='ocrx_word' id='word_1_675' title='bbox 1393 1886 1448 1914; x_wconf 80' lang='grc' dir='ltr'>οἷόν</span> <span class='ocrx_word' id='word_1_676' title='bbox 1468 1887 1497 1914; x_wconf 80' lang='grc' dir='ltr'>τέ</span> <span class='ocrx_word' id='word_1_677' title='bbox 1515 1888 1572 1913; x_wconf 74' lang='grc' dir='ltr'>ἐστι</span> <span class='ocrx_word' id='word_1_678' title='bbox 1587 1886 1642 1922; x_wconf 73' lang='grc'><strong>(82)</strong></span> <span class='ocrx_word' id='word_1_679' title='bbox 1666 1887 1714 1913; x_wconf 71' lang='grc' dir='ltr'><strong>καὶ</strong></span> <span class='ocrx_word' id='word_1_680' title='bbox 1737 1886 1808 1913; x_wconf 69' lang='grc' dir='ltr'>κατὰ</span> 
     </span>
    </p>
   </div>
   <div class='ocr_carea' id='block_1_84' title="bbox 1016 1932 1810 1971">
    <p class='ocr_par' dir='ltr' id='par_1_84' title="bbox 1016 1932 1810 1971">
     <span class='ocr_line' id='line_1_84' title="bbox 1016 1932 1810 1971; baseline -0.004 -9"><span class='ocrx_word' id='word_1_681' title='bbox 1016 1937 1045 1963; x_wconf 80' lang='grc' dir='ltr'><strong>τὸ</strong></span> <span class='ocrx_word' id='word_1_682' title='bbox 1076 1935 1274 1971; x_wconf 79' lang='grc' dir='ltr'>σημαινόμενον</span> <span class='ocrx_word' id='word_1_683' title='bbox 1299 1934 1377 1961; x_wconf 76' lang='grc' dir='ltr'>τοῦτο</span> <span class='ocrx_word' id='word_1_684' title='bbox 1405 1932 1564 1969; x_wconf 78' lang='grc' dir='ltr'>ἐκδέχεσθαι</span> <span class='ocrx_word' id='word_1_685' title='bbox 1593 1934 1668 1968; x_wconf 81' lang='grc' dir='ltr'>ἡμᾶς</span> <span class='ocrx_word' id='word_1_686' title='bbox 1699 1933 1732 1959; x_wconf 80' lang='grc' dir='ltr'><strong>τὸ</strong></span> <span class='ocrx_word' id='word_1_687' title='bbox 1763 1933 1810 1959; x_wconf 79' lang='grc' dir='ltr'><strong><em>Ἐγ</em></strong></span> 
     </span>
    </p>
   </div>
   <div class='ocr_carea' id='block_1_85' title="bbox 1015 1979 1810 2017">
    <p class='ocr_par' dir='ltr' id='par_1_85' title="bbox 1015 1979 1810 2017">
     <span class='ocr_line' id='line_1_85' title="bbox 1015 1979 1810 2017; baseline -0.004 -9"><span class='ocrx_word' id='word_1_688' title='bbox 1015 1981 1095 2017; x_wconf 71' lang='grc' dir='ltr'><strong>ἀρχῇ</strong></span> <span class='ocrx_word' id='word_1_689' title='bbox 1116 1979 1156 2017; x_wconf 80' lang='grc' dir='ltr'><strong>ἦν</strong></span> <span class='ocrx_word' id='word_1_690' title='bbox 1178 1983 1194 2008; x_wconf 89' lang='grc' dir='ltr'><strong><em>ό</em></strong></span> <span class='ocrx_word' id='word_1_691' title='bbox 1217 1981 1326 2015; x_wconf 67' lang='grc' dir='ltr'>Λόγος,</span> <span class='ocrx_word' id='word_1_692' title='bbox 1342 1981 1385 2006; x_wconf 77' lang='grc' dir='ltr'>ἵνα</span> <span class='ocrx_word' id='word_1_693' title='bbox 1403 1979 1473 2007; x_wconf 77' lang='grc' dir='ltr'>κατὰ</span> <span class='ocrx_word' id='word_1_694' title='bbox 1489 1979 1539 2016; x_wconf 83' lang='grc' dir='ltr'>τὴν</span> <span class='ocrx_word' id='word_1_695' title='bbox 1557 1979 1653 2014; x_wconf 79' lang='grc' dir='ltr'>σοφίαν</span> <span class='ocrx_word' id='word_1_696' title='bbox 1675 1979 1725 2005; x_wconf 76' lang='grc' dir='ltr'><strong>καὶ</strong></span> <span class='ocrx_word' id='word_1_697' title='bbox 1746 1979 1810 2011; x_wconf 70' lang='grc' dir='ltr'>τοὺς</span> 
     </span>
    </p>
   </div>
   <div class='ocr_carea' id='block_1_86' title="bbox 1015 2026 1811 2062">
    <p class='ocr_par' dir='ltr' id='par_1_86' title="bbox 1015 2026 1811 2062">
     <span class='ocr_line' id='line_1_86' title="bbox 1015 2026 1811 2062; baseline -0.005 -6"><span class='ocrx_word' id='word_1_698' title='bbox 1015 2029 1116 2060; x_wconf 81' lang='grc' dir='ltr'>τύπους</span> <span class='ocrx_word' id='word_1_699' title='bbox 1132 2028 1179 2055; x_wconf 80' lang='grc' dir='ltr'>τοῦ</span> <span class='ocrx_word' id='word_1_700' title='bbox 1197 2028 1368 2062; x_wconf 73' lang='grc' dir='ltr'>συστήματος</span> <span class='ocrx_word' id='word_1_701' title='bbox 1385 2026 1440 2053; x_wconf 81' lang='grc' dir='ltr'>τῶν</span> <span class='ocrx_word' id='word_1_702' title='bbox 1456 2027 1484 2052; x_wconf 79' lang='grc' dir='ltr'>ὲν</span> <span class='ocrx_word' id='word_1_703' title='bbox 1507 2026 1583 2061; x_wconf 78' lang='grc' dir='ltr'><strong>αὐτῷ</strong></span> <span class='ocrx_word' id='word_1_704' title='bbox 1605 2026 1752 2061; x_wconf 78' lang='grc' dir='ltr'>νοημάτων</span> <span class='ocrx_word' id='word_1_705' title='bbox 1777 2026 1811 2052; x_wconf 75' lang='grc' dir='ltr'>τέι</span> 
     </span>
    </p>
   </div>
   <div class='ocr_carea' id='block_1_87' title="bbox 1015 2071 1808 2109">
    <p class='ocr_par' dir='ltr' id='par_1_87' title="bbox 1015 2071 1808 2109">
     <span class='ocr_line' id='line_1_87' title="bbox 1015 2071 1808 2109; baseline -0.003 -9"><span class='ocrx_word' id='word_1_706' title='bbox 1015 2073 1107 2100; x_wconf 78' lang='grc' dir='ltr'>πάντα</span> <span class='ocrx_word' id='word_1_707' title='bbox 1121 2073 1240 2108; x_wconf 81' lang='grc' dir='ltr'>γίνηται.</span> <span class='ocrx_word' id='word_1_708' title='bbox 1259 2071 1344 2108; x_wconf 84' lang='grc' dir='ltr'>Οἶμαι</span> <span class='ocrx_word' id='word_1_709' title='bbox 1360 2073 1425 2109; x_wconf 82' lang='grc' dir='ltr'>γὰρ,</span> <span class='ocrx_word' id='word_1_710' title='bbox 1450 2072 1545 2108; x_wconf 81' lang='grc' dir='ltr'>ὥσπερ</span> <span class='ocrx_word' id='word_1_711' title='bbox 1562 2071 1631 2098; x_wconf 78' lang='grc' dir='ltr'>κατὰ</span> <span class='ocrx_word' id='word_1_712' title='bbox 1647 2073 1712 2103; x_wconf 75' lang='grc' dir='ltr'>τοὺς</span> <span class='ocrx_word' id='word_1_713' title='bbox 1726 2072 1808 2106; x_wconf 83' lang='grc' dir='ltr'>ἁρχι-</span> 
     </span>
    </p>
   </div>
   <div class='ocr_carea' id='block_1_88' title="bbox 1016 2119 1812 2155">
    <p class='ocr_par' dir='ltr' id='par_1_88' title="bbox 1016 2119 1812 2155">
     <span class='ocr_line' id='line_1_88' title="bbox 1016 2119 1812 2155; baseline 0.001 -9"><span class='ocrx_word' id='word_1_714' title='bbox 1016 2120 1187 2152; x_wconf 84' lang='grc' dir='ltr'>τεκτονικοὺς</span> <span class='ocrx_word' id='word_1_715' title='bbox 1200 2119 1302 2152; x_wconf 75' lang='grc' dir='ltr'>τύπους</span> <span class='ocrx_word' id='word_1_716' title='bbox 1312 2120 1494 2155; x_wconf 81' lang='grc' dir='ltr'>οἰκοδομεῖται</span> <span class='ocrx_word' id='word_1_717' title='bbox 1511 2119 1527 2155; x_wconf 83' lang='grc' dir='ltr'><strong>ἣ</strong></span> <span class='ocrx_word' id='word_1_718' title='bbox 1544 2119 1716 2146; x_wconf 81' lang='grc' dir='ltr'>τεκταίνεται</span> <span class='ocrx_word' id='word_1_719' title='bbox 1734 2120 1812 2147; x_wconf 60' lang='grc' dir='ltr'>οἰκία</span> 
     </span>
    </p>
   </div>
   <div class='ocr_carea' id='block_1_89' title="bbox 177 2157 964 2204">
    <p class='ocr_par' dir='ltr' id='par_1_89' title="bbox 177 2166 964 2204">
     <span class='ocr_line' id='line_1_89' title="bbox 177 2166 964 2204; baseline 0.006 -12"><span class='ocrx_word' id='word_1_720' title='bbox 177 2167 210 2194; x_wconf 81' lang='lat' dir='ltr'><strong>In</strong></span> <span class='ocrx_word' id='word_1_721' title='bbox 229 2167 356 2202; x_wconf 78' lang='lat' dir='ltr'><strong>principia</strong></span> <span class='ocrx_word' id='word_1_722' title='bbox 369 2172 424 2194; x_wconf 80' lang='lat' dir='ltr'><strong>erat</strong></span> <span class='ocrx_word' id='word_1_723' title='bbox 445 2167 558 2194; x_wconf 82' lang='lat' dir='ltr'><strong>Verbum</strong></span> <span class='ocrx_word' id='word_1_724' title='bbox 572 2166 584 2183; x_wconf 78' lang='grc'><strong>⁸</strong></span> <span class='ocrx_word' id='word_1_725' title='bbox 597 2166 661 2202; x_wconf 82' lang='lat' dir='ltr'><strong>[hoc</strong></span> <span class='ocrx_word' id='word_1_726' title='bbox 677 2171 718 2194; x_wconf 83' lang='lat' dir='ltr'><strong>est</strong></span> <span class='ocrx_word' id='word_1_727' title='bbox 734 2168 829 2202; x_wconf 71' lang='grc' dir='ltr'>Λόγος,</span> <span class='ocrx_word' id='word_1_728' title='bbox 841 2177 901 2204; x_wconf 66' lang='lat' dir='ltr'><strong>qua:</strong></span> <span class='ocrx_word' id='word_1_729' title='bbox 918 2179 964 2198; x_wconf 85' lang='lat' dir='ltr'><strong>ra-</strong></span> 
     </span>
    </p>
   </div>
   <div class='ocr_carea' id='block_1_90' title="bbox 1044 2157 1811 2204">
    <p class='ocr_par' dir='ltr' id='par_1_90' title="bbox 1044 2165 1811 2202">
     <span class='ocr_line' id='line_1_90' title="bbox 1044 2165 1811 2202; baseline 0 -9"><span class='ocrx_word' id='word_1_730' title='bbox 1044 2167 1064 2193; x_wconf 74' lang='grc' dir='ltr'>ιὶ</span> <span class='ocrx_word' id='word_1_731' title='bbox 1080 2166 1154 2198; x_wconf 77' lang='grc' dir='ltr'>ναῦς,</span> <span class='ocrx_word' id='word_1_732' title='bbox 1170 2166 1256 2202; x_wconf 81' lang='grc' dir='ltr'>ἀρχὴν</span> <span class='ocrx_word' id='word_1_733' title='bbox 1279 2167 1327 2202; x_wconf 82' lang='grc' dir='ltr'><strong>τῆς</strong></span> <span class='ocrx_word' id='word_1_734' title='bbox 1354 2166 1441 2198; x_wconf 79' lang='grc' dir='ltr'>οἰκίας</span> <span class='ocrx_word' id='word_1_735' title='bbox 1457 2167 1504 2193; x_wconf 80' lang='grc' dir='ltr'>καὶ</span> <span class='ocrx_word' id='word_1_736' title='bbox 1520 2167 1568 2202; x_wconf 82' lang='grc' dir='ltr'><strong>τῆς</strong></span> <span class='ocrx_word' id='word_1_737' title='bbox 1593 2165 1661 2198; x_wconf 82' lang='grc' dir='ltr'>νεὼς</span> <span class='ocrx_word' id='word_1_738' title='bbox 1689 2167 1811 2202; x_wconf 75' lang='grc' dir='ltr'>ἐχόντων</span> 
     </span>
    </p>
   </div>
   <div class='ocr_carea' id='block_1_91' title="bbox 177 2213 964 2249">
    <p class='ocr_par' dir='ltr' id='par_1_91' title="bbox 177 2213 964 2249">
     <span class='ocr_line' id='line_1_91' title="bbox 177 2213 964 2249; baseline 0.005 -9"><span class='ocrx_word' id='word_1_739' title='bbox 177 2213 214 2240; x_wconf 91' lang='lat' dir='ltr'><strong>tio</strong></span> <span class='ocrx_word' id='word_1_740' title='bbox 227 2213 309 2240; x_wconf 83' lang='lat' dir='ltr'><strong>etiam</strong></span> <span class='ocrx_word' id='word_1_741' title='bbox 323 2213 448 2249; x_wconf 88' lang='lat' dir='ltr'><strong>dicitur]</strong></span> <span class='ocrx_word' id='word_1_742' title='bbox 467 2221 474 2239; x_wconf 74' lang='grc' dir='ltr'><strong>τ</strong></span> <span class='ocrx_word' id='word_1_743' title='bbox 493 2218 522 2240; x_wconf 80' lang='grc' dir='ltr'><strong>ιιι</strong></span> <span class='ocrx_word' id='word_1_744' title='bbox 538 2213 686 2240; x_wconf 86' lang='lat' dir='ltr'><strong>secundum</strong></span> <span class='ocrx_word' id='word_1_745' title='bbox 698 2213 858 2248; x_wconf 88' lang='lat' dir='ltr'><strong>sapientiam</strong></span> <span class='ocrx_word' id='word_1_746' title='bbox 877 2221 903 2243; x_wconf 93' lang='lat' dir='ltr'><strong>et</strong></span> <span class='ocrx_word' id='word_1_747' title='bbox 921 2224 964 2244; x_wconf 88' lang='lat' dir='ltr'><strong>se-</strong></span> 
     </span>
    </p>
   </div>
   <div class='ocr_carea' id='block_1_92' title="bbox 132 2258 963 2297">
    <p class='ocr_par' dir='ltr' id='par_1_92' title="bbox 132 2258 963 2297">
     <span class='ocr_line' id='line_1_92' title="bbox 132 2258 963 2297; baseline 0.004 -11"><span class='ocrx_word' id='word_1_748' title='bbox 132 2280 138 2287; x_wconf 83' lang='lat'><strong>.</strong></span> <span class='ocrx_word' id='word_1_749' title='bbox 175 2259 294 2287; x_wconf 81' lang='lat' dir='ltr'><strong>cundum</strong></span> <span class='ocrx_word' id='word_1_750' title='bbox 318 2259 418 2295; x_wconf 83' lang='lat' dir='ltr'><strong>ﬁguras</strong></span> <span class='ocrx_word' id='word_1_751' title='bbox 437 2259 605 2287; x_wconf 85' lang='lat' dir='ltr'><strong>collectionis</strong></span> <span class='ocrx_word' id='word_1_752' title='bbox 630 2258 886 2294; x_wconf 80' lang='lat' dir='ltr'><strong>intelligentiarutn,</strong></span> <span class='ocrx_word' id='word_1_753' title='bbox 902 2270 963 2297; x_wconf 67' lang='lat' dir='ltr'><strong>quae</strong></span> 
     </span>
    </p>
   </div>
   <div class='ocr_carea' id='block_1_93' title="bbox 152 2300 964 2341">
    <p class='ocr_par' dir='ltr' id='par_1_93' title="bbox 152 2300 964 2341">
     <span class='ocr_line' id='line_1_93' title="bbox 152 2300 964 2341; baseline 0.005 -9"><span class='ocrx_word' id='word_1_754' title='bbox 176 2311 239 2332; x_wconf 77' lang='lat' dir='ltr'><strong>sunt</strong></span> <span class='ocrx_word' id='word_1_755' title='bbox 255 2306 280 2333; x_wconf 91' lang='lat' dir='ltr'><strong>in</strong></span> <span class='ocrx_word' id='word_1_756' title='bbox 293 2306 362 2341; x_wconf 81' lang='lat' dir='ltr'><strong>ipsa,</strong></span> <span class='ocrx_word' id='word_1_757' title='bbox 377 2307 443 2333; x_wconf 87' lang='lat' dir='ltr'><strong>ﬁant</strong></span> <span class='ocrx_word' id='word_1_758' title='bbox 458 2305 560 2333; x_wconf 88' lang='lat' dir='ltr'><strong>omnia.</strong></span> <span class='ocrx_word' id='word_1_759' title='bbox 573 2305 676 2340; x_wconf 86' lang='lat' dir='ltr'><strong>Opinor</strong></span> <span class='ocrx_word' id='word_1_760' title='bbox 690 2306 854 2339; x_wconf 90' lang='lat' dir='ltr'><strong>enim,sicut</strong></span> <span class='ocrx_word' id='word_1_761' title='bbox 868 2308 964 2337; x_wconf 84' lang='lat' dir='ltr'><strong>domus</strong></span> 
     </span>
    </p>
   </div>
   <div class='ocr_carea' id='block_1_94' title="bbox 177 2350 962 2388">
    <p class='ocr_par' dir='ltr' id='par_1_94' title="bbox 177 2350 962 2388">
     <span class='ocr_line' id='line_1_94' title="bbox 177 2350 962 2388; baseline 0.005 -11"><span class='ocrx_word' id='word_1_762' title='bbox 177 2356 204 2377; x_wconf 87' lang='lat' dir='ltr'><strong>et</strong></span> <span class='ocrx_word' id='word_1_763' title='bbox 224 2351 301 2378; x_wconf 74' lang='lat' dir='ltr'><strong>navis</strong></span> <span class='ocrx_word' id='word_1_764' title='bbox 326 2351 477 2378; x_wconf 80' lang='lat' dir='ltr'><strong>fabricatur</strong></span> <span class='ocrx_word' id='word_1_765' title='bbox 499 2351 540 2378; x_wconf 87' lang='lat' dir='ltr'><strong>vel</strong></span> <span class='ocrx_word' id='word_1_766' title='bbox 559 2350 709 2378; x_wconf 69' lang='lat' dir='ltr'><strong>aedificatur</strong></span> <span class='ocrx_word' id='word_1_767' title='bbox 723 2351 802 2385; x_wconf 78' lang='lat' dir='ltr'><strong>juxta</strong></span> <span class='ocrx_word' id='word_1_768' title='bbox 815 2352 917 2388; x_wconf 79' lang='lat' dir='ltr'><strong>ﬁguras</strong></span> <span class='ocrx_word' id='word_1_769' title='bbox 935 2359 962 2382; x_wconf 88' lang='lat' dir='ltr'><strong>et</strong></span> 
     </span>
    </p>
   </div>
   <div class='ocr_carea' id='block_1_95' title="bbox 138 2397 961 2433">
    <p class='ocr_par' dir='ltr' id='par_1_95' title="bbox 138 2397 961 2433">
     <span class='ocr_line' id='line_1_95' title="bbox 138 2397 961 2433; baseline 0.005 -10"><span class='ocrx_word' id='word_1_770' title='bbox 138 2425 141 2427; x_wconf 42' lang='lat'><strong>,</strong></span> <span class='ocrx_word' id='word_1_771' title='bbox 180 2397 283 2425; x_wconf 81' lang='lat' dir='ltr'><strong>formas</strong></span> <span class='ocrx_word' id='word_1_772' title='bbox 307 2397 445 2424; x_wconf 81' lang='lat' dir='ltr'><strong>tuentibus</strong></span> <span class='ocrx_word' id='word_1_773' title='bbox 469 2404 562 2424; x_wconf 87' lang='lat' dir='ltr'><strong>eorum</strong></span> <span class='ocrx_word' id='word_1_774' title='bbox 587 2397 634 2432; x_wconf 84' lang='lat' dir='ltr'><strong>qui</strong></span> <span class='ocrx_word' id='word_1_775' title='bbox 658 2401 800 2425; x_wconf 67' lang='lat' dir='ltr'><strong>structura:</strong></span> <span class='ocrx_word' id='word_1_776' title='bbox 816 2400 961 2433; x_wconf 65' lang='lat' dir='ltr'><strong>praesident</strong></span> 
     </span>
    </p>
   </div>
   <div class='ocr_carea' id='block_1_96' title="bbox 231 2474 964 2512">
    <p class='ocr_par' dir='ltr' id='par_1_96' title="bbox 231 2474 964 2512">
     <span class='ocr_line' id='line_1_96' title="bbox 231 2474 964 2512; baseline 0.005 -10"><span class='ocrx_word' id='word_1_777' title='bbox 231 2477 254 2492; x_wconf 77' lang='lat'>&quot;</span> <span class='ocrx_word' id='word_1_778' title='bbox 280 2476 289 2502; x_wconf 90' lang='lat' dir='ltr'>l</span> <span class='ocrx_word' id='word_1_779' title='bbox 312 2474 480 2512; x_wconf 50' lang='grc' dir='ltr'><strong>(ἔοι-,μ’ᾼᾷ</strong></span> <span class='ocrx_word' id='word_1_780' title='bbox 518 2475 541 2490; x_wconf 88' lang='grc'>⁹⁶</span> <span class='ocrx_word' id='word_1_781' title='bbox 558 2475 636 2512; x_wconf 52' lang='lat' dir='ltr'><strong>Joan:</strong></span> <span class='ocrx_word' id='word_1_782' title='bbox 653 2483 671 2507; x_wconf 87' lang='lat' dir='ltr'><strong>I.</strong></span> <span class='ocrx_word' id='word_1_783' title='bbox 685 2476 729 2512; x_wconf 71' lang='lat' dir='ltr'><strong>i._</strong></span> <span class='ocrx_word' id='word_1_784' title='bbox 749 2477 770 2492; x_wconf 72' lang='grc'><strong>⁵⁷</strong></span> <span class='ocrx_word' id='word_1_785' title='bbox 783 2476 854 2504; x_wconf 85' lang='lat' dir='ltr'><strong>Psai.</strong></span> <span class='ocrx_word' id='word_1_786' title='bbox 878 2485 964 2506; x_wconf 77' lang='lat' dir='ltr'><strong>cxun</strong></span> 
     </span>
    </p>
   </div>
   <div class='ocr_carea' id='block_1_97' title="bbox 1044 2474 1266 2512">
    <p class='ocr_par' dir='ltr' id='par_1_97' title="bbox 1068 2476 1266 2511">
     <span class='ocr_line' id='line_1_97' title="bbox 1068 2476 1266 2511; baseline 0 -7"><span class='ocrx_word' id='word_1_787' title='bbox 1068 2478 1092 2494; x_wconf 70' lang='grc'><strong>⁸⁸</strong></span> <span class='ocrx_word' id='word_1_788' title='bbox 1112 2477 1180 2504; x_wconf 83' lang='lat' dir='ltr'><strong>Gen.</strong></span> <span class='ocrx_word' id='word_1_789' title='bbox 1197 2485 1216 2511; x_wconf 86' lang='grc' dir='ltr'><strong>ι,</strong></span> <span class='ocrx_word' id='word_1_790' title='bbox 1239 2476 1266 2504; x_wconf 75' lang='lat'><strong>3.</strong></span> 
     </span>
    </p>
   </div>
   <div class='ocr_carea' id='block_1_98' title="bbox 178 2509 872 2547">
    <p class='ocr_par' dir='ltr' id='par_1_98' title="bbox 178 2509 872 2547">
     <span class='ocr_line' id='line_1_98' title="bbox 178 2509 872 2547; baseline 0.003 -10"><span class='ocrx_word' id='word_1_791' title='bbox 178 2511 188 2526; x_wconf 79' lang='lat'>&#39;</span> <span class='ocrx_word' id='word_1_792' title='bbox 209 2511 350 2547; x_wconf 78' lang='lat' dir='ltr'><strong>Joan.t,3.</strong></span> <span class='ocrx_word' id='word_1_793' title='bbox 365 2513 392 2540; x_wconf 77' lang='grc'><strong>4.</strong></span> <span class='ocrx_word' id='word_1_794' title='bbox 420 2510 431 2526; x_wconf 90' lang='grc'><em>³</em></span> <span class='ocrx_word' id='word_1_795' title='bbox 455 2509 533 2538; x_wconf 85' lang='lat' dir='ltr'><strong>Joau.</strong></span> <span class='ocrx_word' id='word_1_796' title='bbox 552 2518 607 2542; x_wconf 79' lang='lat' dir='ltr'><strong>xw,</strong></span> <span class='ocrx_word' id='word_1_797' title='bbox 622 2510 649 2537; x_wconf 88' lang='grc'><strong>6.</strong></span> <span class='ocrx_word' id='word_1_798' title='bbox 689 2511 700 2527; x_wconf 71' lang='grc' dir='ltr'>δ</span> <span class='ocrx_word' id='word_1_799' title='bbox 715 2510 795 2539; x_wconf 80' lang='lat' dir='ltr'><strong>Joan.</strong></span> <span class='ocrx_word' id='word_1_800' title='bbox 811 2519 830 2545; x_wconf 85' lang='grc' dir='ltr'><strong>ι,</strong></span> <span class='ocrx_word' id='word_1_801' title='bbox 846 2513 872 2540; x_wconf 79' lang='lat' dir='ltr'><strong>i.</strong></span> 
     </span>
    </p>
   </div>
   <div class='ocr_carea' id='block_1_99' title="bbox 213 2555 961 2592">
    <p class='ocr_par' dir='ltr' id='par_1_99' title="bbox 213 2555 961 2592">
     <span class='ocr_line' id='line_1_99' title="bbox 213 2555 961 2592; baseline 0.003 -9"><span class='ocrx_word' id='word_1_802' title='bbox 213 2555 463 2591; x_wconf 68' lang='lat' dir='ltr'><strong>(79)Amuovprdc</strong></span> <span class='ocrx_word' id='word_1_803' title='bbox 473 2555 507 2582; x_wconf 79' lang='grc' dir='ltr'><strong>δὲ</strong></span> <span class='ocrx_word' id='word_1_804' title='bbox 531 2558 547 2592; x_wconf 74' lang='grc' dir='ltr'><em>ῥ</em></span> <span class='ocrx_word' id='word_1_805' title='bbox 575 2557 702 2591; x_wconf 73' lang='grc' dir='ltr'>Χριστὸς</span> <span class='ocrx_word' id='word_1_806' title='bbox 727 2557 767 2590; x_wconf 85' lang='grc' dir='ltr'><strong>ὡς</strong></span> <span class='ocrx_word' id='word_1_807' title='bbox 786 2557 874 2592; x_wconf 76' lang='grc' dir='ltr'>ἀρχή,</span> <span class='ocrx_word' id='word_1_808' title='bbox 907 2563 961 2586; x_wconf 84' lang='lat' dir='ltr'><strong>etc.</strong></span> 
     </span>
    </p>
   </div>
   <div class='ocr_carea' id='block_1_100' title="bbox 177 2590 962 2627">
    <p class='ocr_par' dir='ltr' id='par_1_100' title="bbox 177 2590 962 2627">
     <span class='ocr_line' id='line_1_100' title="bbox 177 2590 962 2627; baseline 0.001 -8"><span class='ocrx_word' id='word_1_809' title='bbox 177 2590 227 2619; x_wconf 82' lang='lat' dir='ltr'><strong>Hic</strong></span> <span class='ocrx_word' id='word_1_810' title='bbox 243 2591 387 2627; x_wconf 77' lang='lat' dir='ltr'><strong>Qrigeuem</strong></span> <span class='ocrx_word' id='word_1_811' title='bbox 401 2591 517 2627; x_wconf 73' lang='lat' dir='ltr'><strong>castigat</strong></span> <span class='ocrx_word' id='word_1_812' title='bbox 532 2591 658 2627; x_wconf 55' lang='lat' dir='ltr'><strong>Pctayius</strong></span> <span class='ocrx_word' id='word_1_813' title='bbox 673 2592 719 2619; x_wconf 87' lang='lat' dir='ltr'><strong>lib.</strong></span> <span class='ocrx_word' id='word_1_814' title='bbox 741 2601 748 2620; x_wconf 89' lang='grc' dir='ltr'><strong>ι</strong></span> <span class='ocrx_word' id='word_1_815' title='bbox 767 2590 810 2619; x_wconf 60' lang='grc' dir='ltr'><strong>οἱ</strong></span> <span class='ocrx_word' id='word_1_816' title='bbox 825 2590 962 2627; x_wconf 82' lang='lat' dir='ltr'><strong>Triuitate,</strong></span> 
     </span>
    </p>
   </div>
   <div class='ocr_carea' id='block_1_101' title="bbox 177 2625 861 2661">
    <p class='ocr_par' dir='ltr' id='par_1_101' title="bbox 177 2625 861 2661">
     <span class='ocr_line' id='line_1_101' title="bbox 177 2625 861 2661; baseline 0.001 -7"><span class='ocrx_word' id='word_1_817' title='bbox 177 2634 238 2661; x_wconf 83' lang='lat' dir='ltr'><strong>cap.</strong></span> <span class='ocrx_word' id='word_1_818' title='bbox 249 2626 276 2656; x_wconf 70' lang='grc'>4,</span> <span class='ocrx_word' id='word_1_819' title='bbox 291 2634 318 2661; x_wconf 68' lang='grc' dir='ltr'><strong>ιιἷ</strong></span> <span class='ocrx_word' id='word_1_820' title='bbox 336 2625 456 2657; x_wconf 73' lang='grc' dir='ltr'><strong>ι,θι1ἰι›.</strong></span> <span class='ocrx_word' id='word_1_821' title='bbox 474 2625 509 2659; x_wconf 70' lang='lat' dir='ltr'><strong>it,</strong></span> <span class='ocrx_word' id='word_1_822' title='bbox 526 2634 585 2661; x_wconf 89' lang='lat' dir='ltr'><strong>cap.</strong></span> <span class='ocrx_word' id='word_1_823' title='bbox 602 2626 628 2657; x_wconf 78' lang='grc'>5,</span> <span class='ocrx_word' id='word_1_824' title='bbox 645 2634 672 2653; x_wconf 91' lang='lat' dir='ltr'><strong>n.</strong></span> <span class='ocrx_word' id='word_1_825' title='bbox 692 2627 718 2655; x_wconf 90' lang='lat'><strong>6.</strong></span> <span class='ocrx_word' id='word_1_826' title='bbox 731 2628 861 2656; x_wconf 74' lang='lat' dir='ltr'><strong>&quot;UETIUS.</strong></span> 
     </span>
    </p>
   </div>
   <div class='ocr_carea' id='block_1_102' title="bbox 214 2660 961 2696">
    <p class='ocr_par' dir='ltr' id='par_1_102' title="bbox 214 2660 961 2696">
     <span class='ocr_line' id='line_1_102' title="bbox 214 2660 961 2696; baseline 0.003 -8"><span class='ocrx_word' id='word_1_827' title='bbox 214 2661 269 2695; x_wconf 80' lang='lat'><strong>(80)</strong></span> <span class='ocrx_word' id='word_1_828' title='bbox 285 2660 345 2688; x_wconf 76' lang='grc' dir='ltr'><em>Τῶν</em></span> <span class='ocrx_word' id='word_1_829' title='bbox 363 2660 594 2696; x_wconf 75' lang='grc' dir='ltr'><strong>τεθεωρημένών.</strong></span> <span class='ocrx_word' id='word_1_830' title='bbox 617 2662 652 2688; x_wconf 84' lang='lat' dir='ltr'><strong>ita</strong></span> <span class='ocrx_word' id='word_1_831' title='bbox 667 2668 739 2690; x_wconf 84' lang='lat' dir='ltr'><strong>recte</strong></span> <span class='ocrx_word' id='word_1_832' title='bbox 759 2663 859 2689; x_wconf 84' lang='lat' dir='ltr'><strong>habent</strong></span> <span class='ocrx_word' id='word_1_833' title='bbox 882 2663 961 2690; x_wconf 81' lang='lat' dir='ltr'><strong>codd.</strong></span> 
     </span>
    </p>
   </div>
   <div class='ocr_carea' id='block_1_103' title="bbox 176 2695 963 2729">
    <p class='ocr_par' dir='ltr' id='par_1_103' title="bbox 176 2695 963 2729">
     <span class='ocr_line' id='line_1_103' title="bbox 176 2695 963 2729; baseline 0.004 -7"><span class='ocrx_word' id='word_1_834' title='bbox 176 2696 340 2723; x_wconf 78' lang='lat' dir='ltr'><strong>Bodleiunus</strong></span> <span class='ocrx_word' id='word_1_835' title='bbox 355 2700 381 2723; x_wconf 89' lang='lat' dir='ltr'><strong>et</strong></span> <span class='ocrx_word' id='word_1_836' title='bbox 398 2695 572 2729; x_wconf 76' lang='lat' dir='ltr'><strong>thrberintls,</strong></span> <span class='ocrx_word' id='word_1_837' title='bbox 603 2696 674 2723; x_wconf 87' lang='lat' dir='ltr'><strong>male</strong></span> <span class='ocrx_word' id='word_1_838' title='bbox 695 2703 786 2724; x_wconf 87' lang='lat' dir='ltr'><strong>autem</strong></span> <span class='ocrx_word' id='word_1_839' title='bbox 808 2698 892 2725; x_wconf 81' lang='lat' dir='ltr'><strong>codex</strong></span> <span class='ocrx_word' id='word_1_840' title='bbox 911 2698 963 2725; x_wconf 62' lang='lat' dir='ltr'><strong>lte-</strong></span> 
     </span>
    </p>
   </div>
   <div class='ocr_carea' id='block_1_104' title="bbox 176 2730 963 2768">
    <p class='ocr_par' dir='ltr' id='par_1_104' title="bbox 176 2730 963 2768">
     <span class='ocr_line' id='line_1_104' title="bbox 176 2730 963 2768; baseline 0.004 -12"><span class='ocrx_word' id='word_1_841' title='bbox 176 2731 249 2768; x_wconf 55' lang='lat' dir='ltr'><strong>gius,</strong></span> <span class='ocrx_word' id='word_1_842' title='bbox 267 2730 321 2768; x_wconf 75' lang='grc' dir='ltr'><strong>τῶν</strong></span> <span class='ocrx_word' id='word_1_843' title='bbox 335 2730 558 2768; x_wconf 69' lang='grc' dir='ltr'>τεθεωρημᾴτων.</span> <span class='ocrx_word' id='word_1_844' title='bbox 570 2731 628 2768; x_wconf 60' lang='lat' dir='ltr'><strong>Mox</strong></span> <span class='ocrx_word' id='word_1_845' title='bbox 651 2731 698 2758; x_wconf 77' lang='grc' dir='ltr'>τοῦ</span> <span class='ocrx_word' id='word_1_846' title='bbox 721 2732 808 2766; x_wconf 78' lang='grc' dir='ltr'>Λόγου</span> <span class='ocrx_word' id='word_1_847' title='bbox 825 2732 963 2768; x_wconf 79' lang='grc' dir='ltr'>λαμϐανο-</span> 
     </span>
    </p>
   </div>
   <div class='ocr_carea' id='block_1_105' title="bbox 178 2765 962 2804">
    <p class='ocr_par' dir='ltr' id='par_1_105' title="bbox 178 2765 962 2804">
     <span class='ocr_line' id='line_1_105' title="bbox 178 2765 962 2804; baseline 0.005 -13"><span class='ocrx_word' id='word_1_848' title='bbox 178 2765 382 2804; x_wconf 21' lang='grc' dir='ltr'>μένουσΑιΙμιΙῙι</span> <span class='ocrx_word' id='word_1_849' title='bbox 404 2765 575 2795; x_wconf 59' lang='lat' dir='ltr'><strong>adtuleram</strong></span> <span class='ocrx_word' id='word_1_850' title='bbox 600 2766 680 2802; x_wconf 80' lang='grc' dir='ltr'>λόγου</span> <span class='ocrx_word' id='word_1_851' title='bbox 704 2765 882 2801; x_wconf 80' lang='lat' dir='ltr'><strong>notationem,</strong></span> <span class='ocrx_word' id='word_1_852' title='bbox 910 2775 962 2804; x_wconf 86' lang='lat' dir='ltr'><strong>qua</strong></span> 
     </span>
    </p>
   </div>
   <div class='ocr_carea' id='block_1_106' title="bbox 178 2801 438 2837">
    <p class='ocr_par' dir='ltr' id='par_1_106' title="bbox 178 2801 438 2837">
     <span class='ocr_line' id='line_1_106' title="bbox 178 2801 438 2837; baseline 0.012 -11"><span class='ocrx_word' id='word_1_853' title='bbox 178 2801 244 2828; x_wconf 77' lang='lat' dir='ltr'><strong>ratio</strong></span> <span class='ocrx_word' id='word_1_854' title='bbox 259 2802 438 2837; x_wconf 71' lang='lat' dir='ltr'><strong>signiﬁcetur.</strong></span> 
     </span>
    </p>
   </div>
   <div class='ocr_carea' id='block_1_107' title="bbox 1016 2211 1809 2248">
    <p class='ocr_par' dir='ltr' id='par_1_107' title="bbox 1016 2211 1809 2248">
     <span class='ocr_line' id='line_1_107' title="bbox 1016 2211 1809 2248; baseline 0 -10"><span class='ocrx_word' id='word_1_855' title='bbox 1016 2213 1079 2244; x_wconf 78' lang='grc' dir='ltr'>τοὺς</span> <span class='ocrx_word' id='word_1_856' title='bbox 1106 2213 1135 2238; x_wconf 79' lang='grc' dir='ltr'>ὲν</span> <span class='ocrx_word' id='word_1_857' title='bbox 1161 2212 1200 2247; x_wconf 84' lang='grc' dir='ltr'>τῷ</span> <span class='ocrx_word' id='word_1_858' title='bbox 1225 2212 1334 2248; x_wconf 77' lang='grc' dir='ltr'>τεχνίτῃ</span> <span class='ocrx_word' id='word_1_859' title='bbox 1362 2212 1464 2244; x_wconf 78' lang='grc' dir='ltr'>τύπους</span> <span class='ocrx_word' id='word_1_860' title='bbox 1486 2213 1532 2239; x_wconf 80' lang='grc' dir='ltr'><strong>καὶ</strong></span> <span class='ocrx_word' id='word_1_861' title='bbox 1553 2212 1657 2247; x_wconf 74' lang='grc' dir='ltr'><strong>λόγους·</strong></span> <span class='ocrx_word' id='word_1_862' title='bbox 1677 2211 1752 2239; x_wconf 68' lang='grc' dir='ltr'>οὕτω</span> <span class='ocrx_word' id='word_1_863' title='bbox 1776 2213 1809 2239; x_wconf 71' lang='grc' dir='ltr'>τὰ</span> 
     </span>
    </p>
   </div>
   <div class='ocr_carea' id='block_1_108' title="bbox 1015 2258 1810 2297">
    <p class='ocr_par' dir='ltr' id='par_1_108' title="bbox 1015 2258 1810 2297">
     <span class='ocr_line' id='line_1_108' title="bbox 1015 2258 1810 2297; baseline -0.001 -10"><span class='ocrx_word' id='word_1_864' title='bbox 1015 2260 1160 2295; x_wconf 81' lang='grc' dir='ltr'>σύμπαντα</span> <span class='ocrx_word' id='word_1_865' title='bbox 1179 2258 1319 2293; x_wconf 76' lang='grc' dir='ltr'>γεγονέναι.</span> <span class='ocrx_word' id='word_1_866' title='bbox 1348 2259 1419 2286; x_wconf 80' lang='grc' dir='ltr'>κατὰ</span> <span class='ocrx_word' id='word_1_867' title='bbox 1445 2259 1508 2291; x_wconf 71' lang='grc' dir='ltr'>τοὺς</span> <span class='ocrx_word' id='word_1_868' title='bbox 1535 2260 1564 2286; x_wconf 74' lang='grc' dir='ltr'>ἒν</span> <span class='ocrx_word' id='word_1_869' title='bbox 1588 2261 1621 2295; x_wconf 85' lang='grc' dir='ltr'>τῇ</span> <span class='ocrx_word' id='word_1_870' title='bbox 1637 2260 1721 2296; x_wconf 66' lang='grc' dir='ltr'>σοφίᾳ</span> <span class='ocrx_word' id='word_1_871' title='bbox 1739 2269 1810 2297; x_wconf 83' lang='grc' dir='ltr'>προ-</span> 
     </span>
    </p>
   </div>
   <div class='ocr_carea' id='block_1_109' title="bbox 1013 2303 1809 2340">
    <p class='ocr_par' dir='ltr' id='par_1_109' title="bbox 1013 2303 1809 2340">
     <span class='ocr_line' id='line_1_109' title="bbox 1013 2303 1809 2340; baseline 0.001 -9"><span class='ocrx_word' id='word_1_872' title='bbox 1013 2304 1200 2340; x_wconf 77' lang='grc' dir='ltr'>τρανωθέντας</span> <span class='ocrx_word' id='word_1_873' title='bbox 1213 2303 1266 2330; x_wconf 72' lang='grc' dir='ltr'>ὑπὸ</span> <span class='ocrx_word' id='word_1_874' title='bbox 1283 2303 1351 2330; x_wconf 72' lang='grc' dir='ltr'>Θεοῦ</span> <span class='ocrx_word' id='word_1_875' title='bbox 1365 2304 1419 2330; x_wconf 85' lang='grc' dir='ltr'>τῶν</span> <span class='ocrx_word' id='word_1_876' title='bbox 1431 2304 1567 2339; x_wconf 74' lang='grc' dir='ltr'>ἐσομένων</span> <span class='ocrx_word' id='word_1_877' title='bbox 1581 2304 1688 2338; x_wconf 78' lang='grc' dir='ltr'>λόγους,</span> <span class='ocrx_word' id='word_1_878' title='bbox 1703 2305 1809 2332; x_wconf 70' lang='grc' dir='ltr'>Πάντα</span> 
     </span>
    </p>
   </div>
   <div class='ocr_carea' id='block_1_110' title="bbox 1014 2350 1807 2387">
    <p class='ocr_par' dir='ltr' id='par_1_110' title="bbox 1014 2350 1807 2387">
     <span class='ocr_line' id='line_1_110' title="bbox 1014 2350 1807 2387; baseline -0.001 -9"><span class='ocrx_word' id='word_1_879' title='bbox 1014 2352 1067 2387; x_wconf 73' lang='grc' dir='ltr'>γὰρ</span> <span class='ocrx_word' id='word_1_880' title='bbox 1079 2351 1114 2377; x_wconf 83' lang='grc' dir='ltr'><strong>ἐν</strong></span> <span class='ocrx_word' id='word_1_881' title='bbox 1134 2351 1227 2384; x_wconf 61' lang='grc' dir='ltr'><em>σοφίᾳ</em></span> <span class='ocrx_word' id='word_1_882' title='bbox 1250 2350 1384 2383; x_wconf 77' lang='grc' dir='ltr'>ἐποίησε.</span> <span class='ocrx_word' id='word_1_883' title='bbox 1412 2351 1466 2377; x_wconf 76' lang='grc' dir='ltr'>Καὶ</span> <span class='ocrx_word' id='word_1_884' title='bbox 1490 2350 1614 2382; x_wconf 80' lang='grc' dir='ltr'>λεκτέον,</span> <span class='ocrx_word' id='word_1_885' title='bbox 1631 2351 1672 2377; x_wconf 86' lang='grc' dir='ltr'>ὃτι</span> <span class='ocrx_word' id='word_1_886' title='bbox 1687 2351 1807 2382; x_wconf 80' lang='grc' dir='ltr'>κτίσας.</span> 
     </span>
    </p>
   </div>
   <div class='ocr_carea' id='block_1_111' title="bbox 1013 2396 1809 2433">
    <p class='ocr_par' dir='ltr' id='par_1_111' title="bbox 1013 2396 1809 2433">
     <span class='ocr_line' id='line_1_111' title="bbox 1013 2396 1809 2433; baseline -0.004 -8"><span class='ocrx_word' id='word_1_887' title='bbox 1013 2399 1045 2426; x_wconf 73' lang='grc' dir='ltr'><strong>ἵν’</strong></span> <span class='ocrx_word' id='word_1_888' title='bbox 1061 2397 1147 2428; x_wconf 70' lang='grc' dir='ltr'>οὕτως</span> <span class='ocrx_word' id='word_1_889' title='bbox 1164 2396 1233 2422; x_wconf 78' lang='grc' dir='ltr'>εἴπω</span> <span class='ocrx_word' id='word_1_890' title='bbox 1315 2415 1322 2428; x_wconf 88' lang='grc'><strong>,</strong></span> <span class='ocrx_word' id='word_1_891' title='bbox 1339 2396 1458 2432; x_wconf 73' lang='grc' dir='ltr'>ἔμψυχον</span> <span class='ocrx_word' id='word_1_892' title='bbox 1480 2396 1574 2431; x_wconf 73' lang='grc' dir='ltr'>σοφίαν</span> <span class='ocrx_word' id='word_1_893' title='bbox 1596 2397 1610 2422; x_wconf 85' lang='grc' dir='ltr'>ὁ</span> <span class='ocrx_word' id='word_1_894' title='bbox 1633 2397 1711 2433; x_wconf 68' lang='grc' dir='ltr'>Θεὸς,</span> <span class='ocrx_word' id='word_1_895' title='bbox 1736 2397 1809 2432; x_wconf 77' lang='grc' dir='ltr'>αὐτῇ</span> 
     </span>
    </p>
   </div>
   <div class='ocr_carea' id='block_1_112' title="bbox 1323 2473 1807 2506">
    <p class='ocr_par' dir='ltr' id='par_1_112' title="bbox 1323 2473 1807 2506">
     <span class='ocr_line' id='line_1_112' title="bbox 1323 2473 1807 2506; baseline 0.002 -5"><span class='ocrx_word' id='word_1_896' title='bbox 1323 2473 1346 2489; x_wconf 75' lang='grc'><strong>³³</strong></span> <span class='ocrx_word' id='word_1_897' title='bbox 1366 2474 1432 2502; x_wconf 89' lang='lat' dir='ltr'><strong>ibid.</strong></span> <span class='ocrx_word' id='word_1_898' title='bbox 1459 2474 1486 2501; x_wconf 82' lang='lat'><strong>6.</strong></span> <span class='ocrx_word' id='word_1_899' title='bbox 1545 2474 1552 2489; x_wconf 86' lang='grc'><strong>¹</strong></span> <span class='ocrx_word' id='word_1_900' title='bbox 1575 2473 1655 2501; x_wconf 72' lang='lat' dir='ltr'><strong>Prov.</strong></span> <span class='ocrx_word' id='word_1_901' title='bbox 1679 2481 1742 2506; x_wconf 80' lang='lat' dir='ltr'><strong>\‘tll,</strong></span> <span class='ocrx_word' id='word_1_902' title='bbox 1760 2475 1807 2502; x_wconf 66' lang='lat'><strong>2‘2.</strong></span> 
     </span>
    </p>
   </div>
   <div class='ocr_carea' id='block_1_113' title="bbox 1050 2555 1806 2598">
    <p class='ocr_par' dir='ltr' id='par_1_113' title="bbox 1050 2555 1806 2598">
     <span class='ocr_line' id='line_1_113' title="bbox 1050 2555 1806 2598; baseline -0.003 -15"><span class='ocrx_word' id='word_1_903' title='bbox 1050 2557 1106 2598; x_wconf 45' lang='lat' dir='ltr'><strong>(till)</strong></span> <span class='ocrx_word' id='word_1_904' title='bbox 1123 2556 1228 2598; x_wconf 61' lang='grc' dir='ltr'>Οῦτεῄ</span> <span class='ocrx_word' id='word_1_905' title='bbox 1244 2555 1379 2598; x_wconf 41' lang='grc' dir='ltr'><strong>ζῳήηειο.</strong></span> <span class='ocrx_word' id='word_1_906' title='bbox 1396 2555 1441 2598; x_wconf 76' lang='lat' dir='ltr'><strong>Sic</strong></span> <span class='ocrx_word' id='word_1_907' title='bbox 1457 2561 1530 2598; x_wconf 82' lang='lat' dir='ltr'><strong>recte</strong></span> <span class='ocrx_word' id='word_1_908' title='bbox 1557 2556 1702 2598; x_wconf 73' lang='lat' dir='ltr'><strong>legitnr__iu</strong></span> <span class='ocrx_word' id='word_1_909' title='bbox 1720 2558 1806 2598; x_wconf 45' lang='lat' dir='ltr'><strong>codd.</strong></span> 
     </span>
    </p>
   </div>
   <div class='ocr_carea' id='block_1_114' title="bbox 1013 2591 1808 2629">
    <p class='ocr_par' dir='ltr' id='par_1_114' title="bbox 1013 2591 1808 2629">
     <span class='ocr_line' id='line_1_114' title="bbox 1013 2591 1808 2629; baseline 0.003 -11"><span class='ocrx_word' id='word_1_910' title='bbox 1013 2591 1158 2629; x_wconf 76' lang='lat' dir='ltr'><strong>Bodleiano</strong></span> <span class='ocrx_word' id='word_1_911' title='bbox 1167 2597 1194 2619; x_wconf 93' lang='lat' dir='ltr'><strong>et</strong></span> <span class='ocrx_word' id='word_1_912' title='bbox 1209 2591 1451 2629; x_wconf 68' lang='lat' dir='ltr'><strong>Barberi:_io;_ii_tale</strong></span> <span class='ocrx_word' id='word_1_913' title='bbox 1466 2597 1555 2629; x_wconf 65' lang='lat' dir='ltr'><strong>autem</strong></span> <span class='ocrx_word' id='word_1_914' title='bbox 1572 2592 1597 2629; x_wconf 86' lang='lat' dir='ltr'><strong>in</strong></span> <span class='ocrx_word' id='word_1_915' title='bbox 1610 2593 1709 2619; x_wconf 79' lang='lat' dir='ltr'><strong>codice</strong></span> <span class='ocrx_word' id='word_1_916' title='bbox 1718 2592 1808 2629; x_wconf 74' lang='lat' dir='ltr'><strong>[legio</strong></span> 
     </span>
    </p>
   </div>
   <div class='ocr_carea' id='block_1_115' title="bbox 1011 2625 1606 2661">
    <p class='ocr_par' dir='ltr' id='par_1_115' title="bbox 1011 2625 1606 2661">
     <span class='ocr_line' id='line_1_115' title="bbox 1011 2625 1606 2661; baseline -0.002 -7"><span class='ocrx_word' id='word_1_917' title='bbox 1011 2628 1086 2654; x_wconf 74' lang='lat' dir='ltr'><strong>deest</strong></span> <span class='ocrx_word' id='word_1_918' title='bbox 1099 2626 1171 2658; x_wconf 71' lang='grc' dir='ltr'>οὔτε,</span> <span class='ocrx_word' id='word_1_919' title='bbox 1188 2631 1215 2661; x_wconf 73' lang='lat' dir='ltr'><strong>et</strong></span> <span class='ocrx_word' id='word_1_920' title='bbox 1228 2634 1276 2661; x_wconf 86' lang='lat' dir='ltr'><strong>pro</strong></span> <span class='ocrx_word' id='word_1_921' title='bbox 1291 2628 1308 2660; x_wconf 84' lang='grc' dir='ltr'>ἡ</span> <span class='ocrx_word' id='word_1_922' title='bbox 1323 2626 1378 2661; x_wconf 82' lang='grc' dir='ltr'><strong>ζωή</strong></span> <span class='ocrx_word' id='word_1_923' title='bbox 1394 2626 1491 2660; x_wconf 74' lang='lat' dir='ltr'><strong>legitur</strong></span> <span class='ocrx_word' id='word_1_924' title='bbox 1506 2626 1522 2660; x_wconf 86' lang='grc' dir='ltr'><strong>ἢ</strong></span> <span class='ocrx_word' id='word_1_925' title='bbox 1540 2625 1606 2661; x_wconf 82' lang='grc' dir='ltr'><strong>ζωή.</strong></span> 
     </span>
    </p>
   </div>
   <div class='ocr_carea' id='block_1_116' title="bbox 1047 2659 1810 2696">
    <p class='ocr_par' dir='ltr' id='par_1_116' title="bbox 1047 2659 1810 2696">
     <span class='ocr_line' id='line_1_116' title="bbox 1047 2659 1810 2696; baseline 0.001 -7"><span class='ocrx_word' id='word_1_926' title='bbox 1047 2662 1103 2696; x_wconf 74' lang='lat'><strong>(82)</strong></span> <span class='ocrx_word' id='word_1_927' title='bbox 1120 2663 1155 2689; x_wconf 80' lang='lat' dir='ltr'><strong>El</strong></span> <span class='ocrx_word' id='word_1_928' title='bbox 1171 2659 1236 2688; x_wconf 64' lang='grc' dir='ltr'><strong>οἴόιλ</strong></span> <span class='ocrx_word' id='word_1_929' title='bbox 1252 2661 1285 2688; x_wconf 86' lang='grc' dir='ltr'>τέ</span> <span class='ocrx_word' id='word_1_930' title='bbox 1299 2659 1431 2689; x_wconf 58' lang='grc' dir='ltr'>ἐστιααῑ</span> <span class='ocrx_word' id='word_1_931' title='bbox 1440 2659 1571 2692; x_wconf 47' lang='lat' dir='ltr'><strong>wanted.</strong></span> <span class='ocrx_word' id='word_1_932' title='bbox 1589 2659 1640 2688; x_wconf 74' lang='lat' dir='ltr'><strong>etc.</strong></span> <span class='ocrx_word' id='word_1_933' title='bbox 1658 2662 1707 2689; x_wconf 83' lang='lat' dir='ltr'><strong>Sic.</strong></span> <span class='ocrx_word' id='word_1_934' title='bbox 1731 2669 1810 2690; x_wconf 78' lang='lat' dir='ltr'><strong>recte</strong></span> 
     </span>
    </p>
   </div>
   <div class='ocr_carea' id='block_1_117' title="bbox 1012 2696 1810 2734">
    <p class='ocr_par' dir='ltr' id='par_1_117' title="bbox 1012 2696 1810 2734">
     <span class='ocr_line' id='line_1_117' title="bbox 1012 2696 1810 2734; baseline 0.001 -10"><span class='ocrx_word' id='word_1_935' title='bbox 1012 2698 1113 2724; x_wconf 85' lang='lat' dir='ltr'><strong>habent</strong></span> <span class='ocrx_word' id='word_1_936' title='bbox 1131 2696 1388 2734; x_wconf 53' lang='lat' dir='ltr'><strong>cotid._Bodleian3!s</strong></span> <span class='ocrx_word' id='word_1_937' title='bbox 1409 2702 1447 2734; x_wconf 71' lang='lat' dir='ltr'><strong>et</strong></span> <span class='ocrx_word' id='word_1_938' title='bbox 1462 2696 1642 2734; x_wconf 67' lang='lat' dir='ltr'><strong>Barbct‘inus;</strong></span> <span class='ocrx_word' id='word_1_939' title='bbox 1670 2704 1810 2734; x_wconf 65' lang='lat' dir='ltr'><strong>corrupte</strong></span> 
     </span>
    </p>
   </div>
   <div class='ocr_carea' id='block_1_118' title="bbox 1012 2728 1784 2766">
    <p class='ocr_par' dir='ltr' id='par_1_118' title="bbox 1012 2728 1784 2766">
     <span class='ocr_line' id='line_1_118' title="bbox 1012 2728 1784 2766; baseline 0.001 -7"><span class='ocrx_word' id='word_1_940' title='bbox 1012 2737 1102 2759; x_wconf 87' lang='lat' dir='ltr'><strong>autem</strong></span> <span class='ocrx_word' id='word_1_941' title='bbox 1115 2732 1198 2759; x_wconf 71' lang='lat' dir='ltr'><strong>codex</strong></span> <span class='ocrx_word' id='word_1_942' title='bbox 1212 2731 1323 2766; x_wconf 69' lang='lat' dir='ltr'><strong>Regius,</strong></span> <span class='ocrx_word' id='word_1_943' title='bbox 1335 2728 1430 2757; x_wconf 79' lang='grc' dir='ltr'>οἷόντε</span> <span class='ocrx_word' id='word_1_944' title='bbox 1441 2732 1498 2757; x_wconf 78' lang='grc' dir='ltr'>ἐστι</span> <span class='ocrx_word' id='word_1_945' title='bbox 1514 2731 1560 2759; x_wconf 73' lang='grc' dir='ltr'>καὶ</span> <span class='ocrx_word' id='word_1_946' title='bbox 1574 2732 1645 2759; x_wconf 76' lang='grc' dir='ltr'>κατὰ</span> <span class='ocrx_word' id='word_1_947' title='bbox 1659 2732 1704 2765; x_wconf 85' lang='grc' dir='ltr'>τό,</span> <span class='ocrx_word' id='word_1_948' title='bbox 1723 2728 1784 2761; x_wconf 70' lang='lat' dir='ltr'><strong>etc.</strong></span> 
     </span>
    </p>
   </div>
   <div class='ocr_carea' id='block_1_119' title="bbox 1049 2766 1810 2802">
    <p class='ocr_par' dir='ltr' id='par_1_119' title="bbox 1049 2766 1810 2802">
     <span class='ocr_line' id='line_1_119' title="bbox 1049 2766 1810 2802; baseline 0.001 -9"><span class='ocrx_word' id='word_1_949' title='bbox 1049 2766 1105 2802; x_wconf 79' lang='lat'><strong>(85)</strong></span> <span class='ocrx_word' id='word_1_950' title='bbox 1120 2767 1249 2800; x_wconf 79' lang='grc' dir='ltr'>Κτίσας,</span> <span class='ocrx_word' id='word_1_951' title='bbox 1265 2766 1304 2792; x_wconf 77' lang='lat' dir='ltr'><strong><em>&#39;t‘r&#39;</em></strong></span> <span class='ocrx_word' id='word_1_952' title='bbox 1326 2766 1419 2799; x_wconf 77' lang='grc' dir='ltr'>οὕτως</span> <span class='ocrx_word' id='word_1_953' title='bbox 1435 2767 1518 2794; x_wconf 77' lang='grc' dir='ltr'>εἴπω.</span> <span class='ocrx_word' id='word_1_954' title='bbox 1552 2766 1589 2793; x_wconf 86' lang='lat' dir='ltr'><strong>Ita</strong></span> <span class='ocrx_word' id='word_1_955' title='bbox 1620 2773 1694 2794; x_wconf 84' lang='lat' dir='ltr'><strong>recte</strong></span> <span class='ocrx_word' id='word_1_956' title='bbox 1722 2769 1810 2796; x_wconf 80' lang='lat' dir='ltr'><strong>codd.</strong></span> 
     </span>
    </p>
   </div>
   <div class='ocr_carea' id='block_1_120' title="bbox 1018 2801 1811 2839">
    <p class='ocr_par' dir='ltr' id='par_1_120' title="bbox 1018 2801 1811 2839">
     <span class='ocr_line' id='line_1_120' title="bbox 1018 2801 1811 2839; baseline 0.001 -10"><span class='ocrx_word' id='word_1_957' title='bbox 1018 2802 1181 2831; x_wconf 75' lang='lat' dir='ltr'><strong>Darbcriuus</strong></span> <span class='ocrx_word' id='word_1_958' title='bbox 1194 2808 1221 2831; x_wconf 92' lang='lat' dir='ltr'><strong>et</strong></span> <span class='ocrx_word' id='word_1_959' title='bbox 1237 2801 1355 2836; x_wconf 74' lang='lat' dir='ltr'><strong>Regius;</strong></span> <span class='ocrx_word' id='word_1_960' title='bbox 1371 2802 1539 2839; x_wconf 61' lang='lat' dir='ltr'><strong>malea-utens</strong></span> <span class='ocrx_word' id='word_1_961' title='bbox 1554 2802 1732 2838; x_wconf 77' lang='lat' dir='ltr'><strong>Bodleianus,</strong></span> <span class='ocrx_word' id='word_1_962' title='bbox 1745 2804 1811 2839; x_wconf 75' lang='grc' dir='ltr'>κτή-</span> 
     </span>
    </p>
   </div>
  </div>
