1870 3046
91 113 128 140 57
640 108 819 142 COMMENT.
838 113 855 142 ll

940 114 983 143 ιΝ.
1005 115 1126 144 τυιιυε
1145 116 1165 144 Ι.
1685 116 1719 142 58

87 168 240 205 ἐπέτρεψεν
255 169 311 197 ἀπὸ
332 169 387 197 τῶν
409 170 439 196 ἐν
460 170 530 205 αὐτῇ
555 169 648 198 τύπων
669 172 726 203 τοῖς
751 170 810 199 οὖσι
830 181 855 200 κε

940 179 1085 208 rouceptas,
1101 173 1182 201 domo
1194 174 1309 209 navique
1322 173 1486 210 principium
1501 173 1672 202 sumentibus
1685 174 1719 202 ab

85 215 120 249 τῇ
147 214 216 250 ὕλῃ,
240 212 335 250 οἶμαι,
369 216 521 250 παρασχεῖν
550 215 599 250 τὴν
627 215 745 252 ὓπαρξιν
765 217 812 244 καὶ
827 217 877 253 τὴν

86 261 187 288 πλάσιν
204 261 251 288 καὶ
265 262 300 289 τὰ
314 261 381 297 εῐδη.
403 260 472 296 Ἐγὼ
487 261 515 288 δὲ
538 261 670 298 ὲφίστημι
696 263 720 289 εί
741 264 789 290 καὶ
803 263 877 290 ἔστιν

85 308 174 334 εἰπεῖν
197 308 285 344 ἀρχὴν
307 307 361 335 τῶν
385 307 469 334 ὅντων
496 306 565 335 εἶναι
586 308 632 335 τὸν
653 308 716 335 Υίὸν
735 309 782 336 τοῦ
809 309 876 336 Θεοῦ

85 352 199 387 λέγοντα
215 352 282 389 (84)”
299 353 372 388 Ἐγώ
383 354 442 388 ειμι
457 353 477 388 ἠ
493 354 572 389 ἀρχὴ
586 353 636 381 καὶ
650 354 683 380 τὸ
697 353 794 388 τέλος,
810 355 844 382 τὸ
857 363 878 382 a

75 398 136 440 ξκαὶ
150 399 183 426 τὸ
198 408 236 431 ω,
250 401 266 427 ό
281 399 395 434 πρῶτος
410 399 461 426 καὶ
475 401 491 427 ὁ
507 400 645 434 ἔσχατος.
668 401 827 435 Ἀναγκαῖον
848 401 877 427 δὲ

83 446 209 478 εἰδέναι,
224 446 266 472 ὅτι
280 446 310 472 οὒ
329 445 399 473 κατὰ
414 447 468 473 πᾶν
487 446 502 473 ὂ
516 447 692 482 ὀνομάζεται,
706 447 777 482 ἀρχή
803 448 875 474 ἐστιν

82 491 176 523 αὐτός.
206 492 269 523 Πῶς
298 491 364 527 γὰρ,
390 492 458 518 καθὸ
484 492 540 527 ζωή
562 493 634 526 ἐστι,
662 491 773 519 δύναται
805 490 875 518 εἶναι

81 538 154 573 ἀρχὴ
168 558 175 570 ,
205 538 267 573 ἥτις
290 538 346 574 ζωὴ
372 539 484 572 γέγονεν
511 539 541 566 ὲν
570 538 608 573 τῷ
632 538 728 574 Λόγῳ,
754 537 875 574 δηλονότι

81 583 155 619 ἀρχὴ
179 583 341 619 τυγχάνοντι
364 585 471 619 αὑτῆςς
500 585 560 611 Ἔτι
583 584 612 611 δὲ
635 585 811 620 σαφέστερον,
833 585 874 612 ὅτι

82 629 152 656 καθὸ
168 629 341 664 πρωτότοκός
358 630 431 657 ἐστιν
447 631 480 657 ὲκ
495 630 551 657 τῶν
566 629 680 666 νεκρῶν,
704 631 735 657 οὐ
763 630 873 658 δύναται

81 675 152 704 εἶναι
171 676 253 712 ἀρχή.
281 676 336 703 Καὶ
358 676 405 703 ἐὰν
424 676 562 711 ἐπιμελῶς
590 676 761 712 ἐξετάζωμεν
790 676 873 703 αὑτοῦ

81 723 175 755 πάσας
197 722 247 754 τὰς
263 723 421 758 ἐπωνυμίας
438 722 509 758 (85),
539 722 619 758 μόνον
646 723 716 750 κατὰ
745 723 775 750 τὸ
803 721 873 750 εἶναι

81 769 165 803 σοφία
185 769 257 804 ἀρχή
274 769 365 801 ἐστιν,
383 768 444 794 οὐδὲ
460 767 531 795 κατὰ
547 768 578 795 τὸ
600 767 669 796 εἶναι
696 768 775 803 λόγος
800 769 871 804 ἀρχὴ

80 815 234 851 τυγχάνων,
247 815 274 841 ετ
283 822 314 848 γε
328 814 344 841 ὁ
359 815 445 849 Λόγος
462 815 492 841 ἐν
508 815 578 850 ἀρχῇ
604 813 638 850 ἦν
651 821 657 829 ·
685 815 723 847 ὡς
737 815 824 842 εἰπεῖν
839 814 871 842 ἄν

934 220 977 247 his
989 220 1080 255 ﬁguris
1093 221 1277 248 etrationibus
1287 230 1347 256 qua:
1355 226 1419 249 sunt.
1435 222 1463 249 in
1476 221 1590 255 artiﬁce,
1600 222 1641 249 sic
1656 222 1717 249 uni-

933 271 1012 291 versa
1034 264 1104 292 facta
1127 264 1212 293 fuisse
1226 266 1304 300 juxta
1315 274 1405 294 rerum
1426 267 1577 294 futurarum
1597 267 1717 295 rationes

931 310 984 345 jam
994 315 1073 338 antea
1081 311 1157 338 aDeo
1166 312 1350 340 manifestatas
1359 313 1385 339 in
1396 313 1638 348 sapientia.0nmia
1648 313 1716 340 enim

928 357 955 383 in
976 355 1107 389 sapientia
1131 354 1223 389 fecit“.
1250 355 1451 390 Dicenduntque
1478 361 1520 384 est
1541 357 1635 390 Deum,
1656 365 1716 384 ctnn

928 402 1076 428 animatam
1091 400 1265 435 sapientiam,
1282 405 1312 428 ιιι
1324 401 1360 427 ita
1378 402 1484 436 loquar,
1498 407 1629 436 creasset,
1645 403 1716 430 illius

927 455 999 474 cura:
1015 446 1171 482 permisisse
1185 451 1214 474 ut
1227 455 1259 475 ex
1277 447 1369 483 ﬁguris
1381 452 1408 476 et
1423 449 1562 482 speciebus
1578 457 1645 483 quas
1658 450 1714 483 ipsa

927 492 1056 525 habebat,
1071 493 1179 526 opinor,
1191 492 1442 525 subsistentiam,et
1456 493 1671 528 plasniationem,
1689 499 1716 522 et

927 539 1029 566 fortnas
1049 539 1181 574 pra-heret
1196 540 1305 567 entibus
1317 544 1345 567 et
1357 540 1487 568 materias.
1505 541 1560 576 Ego
1576 542 1657 568 etiam
1674 541 1716 568 in-

925 587 1010 620 spicio
1030 594 1063 614 an
1086 587 1178 614 dicere
1202 586 1336 621 possimus
1353 585 1516 621 principium
1532 587 1633 614 entiutn
1653 595 1714 615 esse

926 632 1024 660 Filium
1039 632 1098 664 Dei,
1117 632 1252 660 dicentem
1276 638 1283 658 :
1307 630 1364 666 Ego
1388 640 1445 658 sum
1461 633 1617 667 principium
1635 637 1659 659 et
1682 631 1714 666 [i-

924 679 975 711 nis,
987 681 1009 706 Δ
1027 685 1050 706 et
1064 680 1099 711 Ω,
1112 678 1210 713 primus
1225 683 1249 705 et
1268 677 1423 704 novissimus
1436 678 1464 711 5;
1485 685 1546 705 cum
1561 678 1714 705 necessario

924 725 1006 751 etiam
1017 725 1159 752 sciendum
1172 724 1207 751 sit
1222 724 1300 751 nobis
1314 723 1400 758 ipsum
1413 731 1465 750 non
1481 731 1540 751 esse
1552 723 1711 758 principium

920 770 998 805 juxta
1011 770 1102 797 omnia
1114 769 1212 803 quibus
1226 769 1393 796 nominatur.
1404 768 1455 802 Qui
1467 768 1540 795 enim
1555 768 1612 795 tieri
1624 772 1714 803 potest

923 820 952 843 ut
969 816 1006 843 sit.
1031 815 1194 850 principiqu
1222 815 1248 842 in
1273 820 1405 850 quantutn
1429 818 1470 842 est.
1496 814 1563 847 vita,
1580 821 1641 841 cuin
1657 814 1713 840 vita

79 870 140 889 τινα
168 862 378 897 τεθαρρηκότως
403 862 589 898 πρεσϐύτερον
605 862 661 898 (86)
681 862 790 889 πάντων
816 862 855 889 τῶ

940 866 994 888 icta
1012 859 1095 887 fuerit
1118 861 1145 887 in
1172 860 1271 893 Verbo,
1285 861 1358 896 quod
1377 865 1420 887 est
1442 860 1526 895 ipsius
1538 860 1599 886 vita:
1612 859 1713 894 princi-

79 907 282 942 ὲπινοουμένων
299 907 356 938 ταῖς
372 907 532 942 ὀνομασίαις
552 907 600 933 τοῦ
623 908 797 943 πρωτοτόκου
815 908 869 935 πά-

78 961 130 988 σης
146 952 262 984 κτίσεώς
284 953 358 980 ἐστιν
375 954 391 988 ἡ
415 953 505 987 σοφία.
527 953 557 980 '0
573 953 639 985 Θεὸς
658 953 707 989 μὲν
720 951 767 980 οὖν
781 954 869 990 πάντη

76 997 107 1024 ἑν
122 999 183 1025 ὲστι
200 998 255 1033 (87)
273 998 446 1025 καὶδιπλοῦν·
463 999 477 1024 ὁ
499 998 528 1024 δὲ
550 998 646 1034 Σωτὴρ
668 999 747 1034 ἡμῶν
770 999 813 1026 διὰ
835 1000 871 1026 τὰ

76 1042 166 1069 πολλὰ
179 1062 187 1074 ,
214 1043 275 1069 ἐπεὶ
297 1042 427 1079 προέθετο
444 1043 525 1069 αὑτὸν
541 1044 554 1069 ὁ
568 1043 634 1074 Θεὸς
648 1043 804 1079 ἱλαστήριον
823 1044 870 1071 καὶ

76 1088 206 1124 ἀπαρχὴν
221 1088 311 1124 πάσης
332 1089 382 1125 τῆς
399 1089 530 1121 κτίσεως,
555 1089 640 1116 πολλὰ
656 1090 772 1124 γίνεται·
791 1090 807 1126 ἢ
824 1091 870 1118 καὶ

76 1135 147 1170 τάχα
167 1135 255 1162 πάντα
269 1135 357 1162 ταῦτα
371 1135 514 1172 καθαρίζει
530 1135 611 1162 αὑτοῦ
625 1136 641 1171 ἡ
662 1135 870 1171 ὲλευθεροῦσθαι

75 1180 214 1216 δυναμένη
235 1181 310 1208 πᾶσα
325 1181 414 1213 κτίσις
428 1181 496 1217 (88).
512 1182 567 1209 Καὶ
593 1182 637 1208 διὰ
660 1181 740 1209 τοῦτο
764 1183 869 1217 γίνεται

75 1225 132 1259 φῶς
154 1226 211 1253 τῶν
224 1219 385 1262 ἀνθρώπων,
410 1228 454 1254 ὅτε
474 1228 611 1265 ἄνθρωποι
629 1228 681 1254 ὑπὸ
699 1229 747 1263 τῆς
770 1228 869 1261 κακίας

74 1272 266 1304 σχοτισθέντες
279 1272 383 1299 δέονται
407 1273 495 1308 φωτὸς
517 1274 565 1301 τοῦ
586 1274 615 1300 ὲν
636 1275 668 1309 τῇ
688 1274 783 1310 σκοτίᾳ
804 1275 868 1309 φαί-

73 1326 176 1351 νοντος,
195 1319 243 1345 καὶ
257 1318 310 1345 ὑπὸ
333 1319 443 1352 σκοτίας
459 1320 496 1355 μὴ
517 1319 805 1355 καταλαμὸανομένου,
818 1320 868 1347 οὐκ

73 1364 122 1395 ἂν.
138 1365 164 1391 εί
184 1364 222 1400 μὴ
239 1365 396 1399 γεγόνεισαν
414 1366 442 1392 ὲν
463 1365 502 1401 τῷ
518 1365 606 1401 σκότῳ
623 1367 647 1392 οἱ
661 1366 808 1402 ἄνθρωποι,
819 1374 867 1400 γε-

71 1410 187 1445 ιόμενος
215 1409 365 1445 ἀνθρώπων
393 1411 460 1445 φῶς.
482 1411 518 1438 Τὸ
537 1411 559 1437 δ’
575 1410 666 1446 ὅμοιόν
689 1412 748 1438 ἐστι
771 1411 865 1446 νοῆσαι

72 1457 118 1484 καὶ
145 1457 195 1484 ἐπὶ
218 1457 263 1483 τοῦ
284 1455 353 1484 εἷναι
376 1457 458 1484 αὑτὸν
479 1457 651 1493 πρωτότοκον
672 1456 728 1484 τῶν
750 1457 865 1493 νεκρῶν.

73 1503 103 1529 Εἰ
117 1504 176 1539 γὰρ
192 1503 256 1530 καθ’
274 1503 401 1530 ὑπόθεσιν
426 1505 443 1540 ἡ
471 1503 540 1539 γυνὴ
570 1503 607 1540 μὴ
626 1503 768 1540 ἡπάτητο,
789 1504 835 1530 καὶ
852 1504 866 1531 ό

77 1548 166 1584 ’Λδὰμ
183 1549 221 1585 μὴ
250 1550 454 1585 παραπὲπτωκε
468 1570 475 1583 ,
495 1549 616 1581 κτισοεὶς
631 1549 660 1576 δὲ
684 1550 699 1576 ό
722 1549 866 1584 ἄνθρωπος

71 1595 117 1621 ἐπὶ
135 1595 281 1631 ἀφθαρσίᾳ
303 1596 471 1631 κεκρατήκει
501 1596 553 1631 τῆς
579 1595 744 1632 ἀφθαρσίας,
762 1595 818 1622 οὒτ’
832 1595 865 1623 ἃν

71 1642 110 1674 είς
126 1641 194 1677 χοῦν
211 1641 326 1669 θανάτου
341 1642 535 1678 καταϐεόήκει,
552 1643 606 1670 οὔτ’
620 1643 653 1670 ἂν
669 1643 803 1672 ἀπέθανεν
815 1643 866 1670 οὐκ

71 1687 155 1724 οὔσης
183 1688 322 1724 ἁμαρτίας
337 1709 344 1722 ,
369 1689 447 1725 ῆδιὰ
475 1689 524 1725 τὴν
555 1689 758 1726 φιλανθρωπίαν
783 1691 865 1718 αὑτὸν

71 1734 157 1770 ἐχρῆν
174 1735 333 1762 ἀποθανεῖν.
351 1735 444 1762 Ταῦτα
458 1735 486 1762 δὲ
500 1735 537 1772 μὴ
557 1737 683 1772 ποιήσας,
701 1737 752 1763 οὐκ
762 1737 866 1771 ἐγίνετο

74 1781 248 1817 πρωτότοκος
262 1782 294 1809 ὲκ
310 1782 365 1809 τῶν
382 1782 495 1818 νεκρῶν.
525 1782 697 1815 Ἐξεταστέον
712 1783 740 1810 δὲ
758 1784 864 1818 μήποτε

71 1828 117 1854 καὶ
135 1827 240 1863 ποιμὴν
253 1828 304 1854 οὐκ
317 1827 348 1855 ἃν
361 1828 481 1862 ἐγίνετο,
496 1827 542 1855 τοῦ
557 1828 700 1865 ἀνθρώπου
719 1829 756 1864 μὴ
776 1837 865 1864 παρα-

70 1873 277 1909 ωμὸληθέντος
303 1874 359 1905 τοῖς
391 1874 500 1909 κτήνεσι
530 1874 587 1906 τοῖς
615 1874 760 1909 ἀνοήτοις,
803 1873 865 1908 μηδ’

70 1919 251 1954 ὁμοιωθέντος
268 1918 370 1951 οῶτοῖς.
398 1919 429 1947 El
454 1919 508 1955 γὰρ
535 1919 694 1955 ἀνθρώπους
715 1920 762 1946 καὶ
778 1919 863 1955 κτήνη

70 1965 152 1997 σώζει
173 1965 188 1991 ό
202 1965 278 1997 Θεὸς,
294 1965 375 1997 σώζει
392 1965 410 1992 ἃ
424 1965 504 1998 σώζει
519 1965 616 2000 κτήνη,
633 1965 749 2000 ποιμένα
772 1965 865 1996 αὐτοῖς

70 2011 257 2047 χαρισάμενος
273 2012 329 2043 τοῖς
347 2011 384 2047 μὴ
410 2010 529 2047 χωροῦσι
553 2011 598 2038 τὸν
623 2010 746 2046 βασιλέα.
774 2011 864 2038 Βασα-

71 2057 176 2084 νιστέον
196 2054 243 2084 οὖν
261 2056 448 2092 συναγαγόντα
462 2057 512 2089 τὰς
527 2056 675 2092 ὀνομασίας
693 2055 741 2083 τοῦ
765 2055 863 2091 Ἰησοῦ,

70 2102 161 2129 ὖποῖαι
181 2101 237 2138 (89)
264 2101 354 2129 αὐτῶν
374 2101 574 2136 ἐπιγεγὸνασιν,
599 2101 649 2127 οὐκ
670 2100 704 2128 ἂν
726 2101 754 2127 ὲν
773 2108 864 2136 μακα-

70 2147 175 2183 ριότητι
192 2147 357 2183 ἀρξαμένων
381 2147 429 2174 καὶ
452 2146 600 2182 μεινάντων
627 2145 682 2173 τῶν
706 2145 792 2179 ἁγίων
819 2154 864 2180 γε-

69 2193 182 2228 νόμεναι
198 2193 234 2220 τὰ
256 2194 362 2221 τοσάδε.
385 2193 462 2228 Τάχα
482 2192 536 2229 γὰρ
554 2192 635 2226 σοφία
655 2191 736 2227 ἔμενε
759 2191 839 2227 μόνον
853 2212 861 2224 ,

69 2239 85 2272 ἧ
105 2239 154 2265 καὶ
175 2239 273 2273 Λόγος,
285 2240 302 2275 ἢ
315 2240 362 2267 καὶ
379 2239 446 2275 ζωὴ,
462 2239 571 2271 πάντως
585 2238 613 2265 δὲ
627 2238 674 2265 καὶ
688 2238 801 2274 ἀλήθεια
810 2247 816 2253 ·
830 2239 860 2265 οὐ

71 2282 123 2317 μὴν
149 2283 180 2309 δὲ
203 2284 250 2310 καὶ
273 2284 307 2311 τὰ
332 2284 397 2311 ἄλλα
412 2284 461 2311 ὅσα
475 2284 510 2310 δι’
524 2283 598 2319 ἡμᾶς
614 2282 788 2318 προσείληφε.
807 2283 862 2310 Καὶ

71 2329 204 2365 μακάριοί
218 2337 261 2363 γε,
277 2329 332 2356 ὅσοι
345 2330 466 2365 δεόμενοι
479 2329 526 2356 τοῦ
543 2328 607 2356 Υἱοῦ
623 2327 738 2355 τοιοῦτοι
746 2328 861 2363 γεγόνα-

923 909 997 943 pium
1016 908 1028 934 ξ’
1053 907 1225 935 Manifestius
1253 913 1383 943 praeterea
1408 911 1450 934 est
1472 906 1558 941 ipsum
1578 913 1632 933 tton
1653 913 1712 933 esse

922 953 1085 989 principium
1101 973 1109 986 ,
1134 958 1271 989 quatenus
1297 953 1495 988 primogenitus
1521 957 1562 980 est
1582 959 1616 979 ex
1641 959 1712 979 mor-

923 999 984 1027 tuis.
1002 999 1078 1032 Quod
1098 999 1121 1026 si
1145 998 1288 1033 diligenter
1304 999 1495 1025 examinemus
1514 998 1603 1024 omnia
1628 997 1713 1031 ipsius

920 1044 1094 1079 cognomina,
1107 1043 1194 1071 solum
1207 1043 1271 1078 quia
1282 1044 1318 1071 sit
1330 1043 1463 1078 sapientia
1479 1042 1641 1078 principium
1657 1047 1712 1075 est,

921 1097 955 1116 ne
978 1089 1142 1124 principium
1167 1090 1277 1124 quidem
1301 1089 1435 1118 exsistens
1454 1090 1481 1117 in
1511 1093 1641 1124 quantum
1670 1092 1712 1116 est

920 1136 1017 1170 Λόγος,
1034 1136 1059 1163 id
1088 1141 1131 1162 est
1163 1135 1298 1168 Verbum,
1315 1136 1358 1163 vel
1385 1137 1464 1168 ratio,
1490 1135 1710 1170 quandoquidem

919 1181 1037 1209 Verbum
1060 1181 1101 1208 vel
1119 1182 1190 1209 ratio
1209 1182 1236 1208 in
1260 1182 1395 1216 principio
1411 1185 1480 1209 erat.
1492 1181 1566 1208 Adeo
1584 1185 1613 1208 ut
1627 1181 1710 1208 auda-

919 1231 977 1254 cter
989 1227 1060 1254 ausit
1074 1227 1135 1262 quis
1153 1228 1245 1254 dicere
1257 1228 1437 1262 antiquiorem
1451 1227 1578 1255 omnibus
1589 1235 1648 1262 qua:
1663 1235 1708 1255 ex-

917 1273 1074 1309 cogitantur
1086 1273 1242 1301 nominibus
1259 1274 1433 1308 pritnogeniti
1458 1273 1547 1301 omnis
1563 1278 1709 1306 creatura,

917 1320 1080 1355 sapientiam
1105 1327 1177 1348 esse.
1206 1320 1294 1354 Atque
1313 1320 1382 1347 Deus
1404 1320 1513 1354 quidem
1529 1327 1611 1349 unum
1627 1325 1669 1347 est
1682 1325 1709 1347 et

917 1366 1030 1401 simplex
1041 1374 1049 1399 ;
1062 1365 1192 1393 Servatur
1205 1373 1270 1393 Vero
1282 1371 1376 1394 noster
1390 1371 1500 1401 propter
1515 1366 1612 1398 multa,
1623 1373 1708 1400 quatt-

916 1412 1060 1447 doquidem
1086 1412 1231 1447 proposuit
1259 1412 1334 1439 illum
1368 1413 1437 1440 Deus
1463 1411 1707 1447 propitiationem'

917 1462 944 1485 et
960 1458 1095 1492 primitias
1110 1458 1201 1485 omnis
1223 1461 1367 1490 creaturte,
1379 1457 1495 1485 edicitur
1509 1458 1591 1484 etiam
1613 1456 1708 1489 multa,

916 1502 958 1529 vel
973 1503 1054 1530 etiam
1079 1502 1197 1530 fortasse
1225 1502 1317 1529 omnia
1342 1502 1399 1530 htec
1420 1506 1516 1537 purgat
1531 1501 1615 1536 ipsius
1631 1508 1710 1529 crea-

879 1540 902 1571 C
919 1553 1064 1583 tura,quae
1080 1549 1207 1576 universa
1226 1547 1344 1576 liberare
1358 1548 1439 1575 valet.
1461 1547 1531 1575 Hinc
1551 1547 1580 1574 tit
1594 1547 1640 1575 lux
1661 1548 1710 1574 lio-

918 1595 1033 1626 mitium,
1042 1594 1151 1632 quando
1165 1594 1291 1622 homines
1304 1602 1318 1621 a
1329 1594 1396 1622 vitio
1407 1594 1543 1622 obscurati
1558 1593 1618 1620 luce
1630 1597 1709 1628 egent

919 1639 1027 1666 lucettte
1043 1640 1069 1666 in
1082 1639 1212 1673 tenebris,
1230 1645 1258 1667 et
1271 1647 1286 1667 a
1300 1639 1420 1668 tenebris
1440 1646 1492 1666 non
1512 1638 1681 1673 apprehensa
1699 1646 1707 1664 :

919 1682 964 1709 lux
989 1690 1041 1710 non
1059 1682 1178 1717 futurus,
1199 1684 1249 1711 nisi
1268 1684 1393 1711 homines
1420 1683 1558 1711 obscurati
1581 1683 1707 1710 fuissent.

919 1729 1015 1757 Simile
1047 1730 1223 1758 considerare
1244 1737 1389 1766 possumus
1411 1730 1444 1758 de
1463 1737 1497 1757 eo
1511 1729 1583 1765 quod
1609 1729 1709 1757 dicitur

917 1776 1115 1811 primogenitus
1129 1783 1161 1804 ex
1189 1777 1313 1804 mortuis.
1331 1776 1399 1804 Nam
1419 1776 1441 1804 si
1463 1783 1596 1810 ponamus
1613 1775 1710 1802 mulie-

918 1828 975 1848 rein
990 1821 1044 1855 22
1055 1822 1195 1856 deceptam
1210 1828 1263 1849 non
1278 1822 1372 1855 fuisse,
1386 1828 1436 1849 nec
1447 1821 1533 1848 Adam
1550 1820 1707 1855 deliquisse,
1754 1822 1758 1825 '

918 1866 965 1893 sed
978 1870 1101 1893 creatum
1122 1866 1259 1893 hominem
1282 1866 1316 1894 ad
1335 1866 1578 1897 immortalitatem,
1595 1865 1709 1892 immor-

919 1911 1049 1939 talitatem
1067 1911 1238 1945 obtinuisse;
1254 1918 1342 1946 neque
1358 1912 1384 1938 itt
1400 1911 1538 1946 pulverem
1554 1911 1648 1938 mortis
1662 1909 1709 1937 de-

918 1957 1070 1985 scendisset
1097 1957 1240 1990 Christus,
1266 1965 1353 1992 neque
1384 1962 1507 1985 mortuus
1533 1956 1627 1983 fuisset
1654 1962 1706 1983 non

917 2005 1064 2033 exsistente
1074 2009 1198 2040 peccato,
1215 2009 1334 2040 auterga
1355 2005 1501 2031 humanum
1517 2011 1602 2038 genus
1615 2010 1707 2030 amore

917 2052 1087 2079 moriendum
1103 2052 1140 2079 illi
1156 2051 1262 2080 fuisset.
1283 2052 1323 2079 Ac
1342 2052 1365 2079 si
1378 2051 1437 2078 hace
1454 2058 1507 2078 non
1520 2050 1641 2082 iecisset,
1654 2050 1706 2076 mi-

918 2097 989 2124 ttitne
1012 2097 1108 2125 fuisset.
1137 2097 1333 2133 primogenitus
1345 2104 1379 2124 ex
1405 2099 1529 2126 mortuis.
1552 2096 1708 2131 Disquiren-

917 2144 981 2171 dum
1000 2149 1027 2172 et
1040 2144 1115 2176 illud,
1138 2151 1201 2171 nunt
1217 2144 1288 2172 forte
1306 2144 1387 2172 etiam
1403 2144 1521 2171 hominis
1532 2148 1623 2178 pastor
1636 2142 1707 2169 futti-

918 2198 964 2217 rus
981 2198 1035 2217 non
1060 2194 1129 2222 erat,
1144 2191 1166 2217 si
1189 2195 1365 2225 comparatus
1391 2190 1472 2217 homo
1488 2189 1620 2223 jnmentis
1641 2189 1706 2216 insi—

915 2236 1050 2271 pientibus
1077 2244 1130 2263 non
1157 2236 1263 2268 fuisset,
1287 2243 1373 2271 neque
1388 2235 1485 2263 similis
1508 2235 1562 2262 illis
1580 2235 1666 2262 factus
1684 2235 1704 2261 '.

915 2282 981 2310 Nam
1003 2283 1025 2310 si
1052 2283 1175 2310 homines
1195 2283 1353 2318 etjuntcuta
1374 2287 1464 2310 servat
1490 2282 1560 2309 Deus
1577 2283 1599 2315 9,
1615 2285 1705 2308 servat

914 2336 974 2364 qua:
985 2327 1218 2362 servatjutnenta,
1231 2328 1282 2355 illis
1296 2327 1420 2355 donando
1435 2331 1571 2362 pastorem
1587 2334 1646 2363 qua;
1664 2334 1706 2354 re-

122 2383 220 2411 l‘Psal.
235 2391 292 2417 ein,
308 2384 353 2411 24.
395 2385 405 2400 °
418 2385 502 2420 Apoc.
521 2393 587 2418 χιιι,
605 2385 648 2413 t3.
687 2385 697 2401 ⁷
717 2385 796 2413 llum.
817 2393 855 2420 ιιι,

957 2386 968 2402 ⁸
983 2385 1053 2413 Psal.
1074 2393 1169 2418 XLHII,
1192 2385 1236 2418 ις,
1256 2385 1301 2413 21.
1339 2385 1350 2402 ’
1367 2384 1532 2416 Psal.xxxv,
1552 2383 1578 2411 7.

69 2436 131 2460 σας,
144 2429 180 2455 ἵν’
198 2428 286 2460 οὕτως
298 2430 387 2465 εἴπερ,
403 2434 457 2457 etc.
478 2429 544 2458 Vide
559 2438 618 2464 qua:
633 2431 666 2457 ad
688 2430 759 2457 hunc
775 2431 863 2458 locum

71 2469 169 2491 notata
183 2469 248 2490 sunt
266 2465 300 2490 ab
317 2465 504 2492 eruditissimo
517 2465 640 2499 Petario,
657 2466 704 2493 lib.
720 2474 727 2494 ι
751 2465 789 2493 De
805 2465 865 2493 Tri-

70 2499 130 2534 nit..
140 2507 204 2532 cap.
221 2499 248 2528 4.
265 2507 291 2525 n.
310 2499 337 2532 4,
353 2505 380 2526 et
397 2500 443 2534 lilii.
459 2508 496 2532 vt,
509 2507 570 2534 cap.
589 2501 616 2529 5.

104 2533 164 2569 (ει)
188 2534 293 2560 Τόπων
318 2535 380 2567 τοῖς
402 2532 517 2564 οὗσι....
540 2532 616 2562 ἐῖναι
644 2535 698 2563 τὸν
727 2536 796 2563 Υιὸν
814 2536 868 2563 τοῦ

70 2568 303 2604 Θεοῦ-λέγοντα.
319 2569 381 2597 Haec
392 2571 481 2597 omnia
497 2570 597 2597 desunt
608 2571 634 2598 in
648 2572 769 2600 editione
797 2571 869 2599 llne-

71 2605 317 2635 tii,restituuntur
336 2610 425 2632 autent
457 2612 473 2633 e
500 2606 642 2634 codicibus
667 2606 814 2634 Bodleiano
840 2612 869 2635 et

68 2639 235 2665 Barberino.

106 2674 166 2709 (85)
191 2675 247 2706 Τὰς
266 2674 447 2709 ἐπωνυμίας.
464 2675 502 2702 ita
520 2676 605 2703 codex
620 2676 793 2708 Bodleianus,
815 2676 865 2705 Ile-

69 2709 131 2746 gius
140 2714 243 2746 putem
259 2710 340 2746 habet
352 2711 483 2742 ἐπινοίας,
500 2717 582 2746 atque
595 2712 632 2738 ita
649 2711 817 2739 Barberinu:

104 2744 165 2779 (86)
180 2745 396 2779 Πρεσϐύτερον.
407 2744 560 2781 Legenduin
575 2747 680 2774 videtur
693 2746 734 2773 ὃτι
745 2746 865 2782 πρεσϐύ-

68 2786 149 2805 τιοον
152 2798 159 2805 .

184 2813 302 2854 esse;
316 2814 378 2854 ﬁgit“
391 2813 448 2854 οὖν
463 2815 561 2854 πάντῃ
575 2816 610 2843 ἕν
626 2816 702 2854 ἐστι,
722 2821 775 2844 etc.
802 2817 863 2845 Hice

69 2855 181 2885 quoque
198 2849 244 2877 lib.
261 2850 319 2878 ille
334 2850 443 2886 Trium,
461 2859 522 2886 cap.
538 2852 564 2884 4,
583 2860 609 2880 n.
631 2852 659 2886 4,
675 2856 797 2881 cottlulat
815 2854 863 2881 l'c-

915 2431 1015 2463 tavius,
1031 2431 1109 2465 quasi
1127 2431 1226 2458 divinae
1242 2430 1323 2459 Verbi
1347 2435 1452 2458 natura:
1462 2429 1629 2465 multiplices
1642 2437 1705 2464 pro-

915 2467 1045 2507 prietates
1060 2465 1170 2501 aliingat
1185 2466 1383 2507 0rigenes;_in
1397 2474 1450 2507 quo
1464 2473 1530 2507 sane
1545 2465 1634 2507 magni
1654 2465 1704 2506 viri

913 2499 1046 2536 judicium
1063 2509 1116 2527 non
1126 2499 1248 2535 sequor?
1266 2509 1327 2528 natu
1343 2503 1399 2536 haec
1406 2499 1529 2532 Christo,
1543 2505 1571 2526 ut
1584 2499 1654 2526 Deus
1669 2501 1706 2526 si-

918 2536 971 2563 tnul
985 2540 1012 2563 et
1030 2536 1120 2571 homo
1127 2541 1177 2568 est,
1192 2536 1318 2564 universa
1334 2535 1466 2571 Origenes
1485 2535 1622 2566 attribuit;
1635 2540 1661 2561 et
1676 2539 1705 2562 ut

918 2572 951 2598 ad
964 2571 1083 2598 divinatn
1101 2570 1180 2598 Verbi
1193 2576 1318 2598 naturam
1337 2570 1475 2606 pertinere
1491 2571 1637 2606 voluisset,
1658 2577 1706 2606 ve:

920 2605 1060 2634 risimilius
1085 2610 1126 2632 est
1139 2606 1195 2633 haec
1215 2614 1264 2641 pro
1289 2603 1372 2634 variis
1393 2606 1483 2640 potius
1515 2603 1704 2641 considerandi

917 2641 1000 2668 Verbi
1027 2641 1124 2672 modis.
1141 2639 1222 2674 quani
1236 2648 1285 2675 pro
1302 2639 1400 2668 divinae
1423 2641 1475 2675 ipsi
1491 2644 1595 2667 naturae
1614 2639 1704 2666 insitis

917 2676 1093 2713 qualitatibus
1108 2676 1235 2713 habenda
1246 2676 1393 2713 credidisse
1423 2677 1563 2713 ltue'rtus._
1649 2708 1662 2713 _

951 2711 1121 2773 $88)At'1t01?
1145 2711 1165 2745 ἡ
1194 2710 1427 2754 έλευθερορσθαι
1451 2710 1604 2753 δυνμμᾷη
1620 2710 1704 2749 πᾶσα

965 2754 1023 2773 (Tw.
1053 2745 1163 2773 Leuisse
1187 2746 1294 2773 Videtur
1321 2746 1473 2773 lterrartus.
1502 2754 1518 2773 η
1545 2745 1703 2773 ἐλευθερουν

915 2744 1023 2779 κτίσιξ.
1053 2744 1163 2780 Legisse
1187 2744 1303 2773 videtur’
1321 2746 1473 2778 Ferrarius,
1502 2746 1519 2780 ἠ
1545 2744 1703 2780 ἐλευθεροῦν

915 2781 1052 2817 δυναμένη
1064 2781 1154 2808 πάντα
1168 2781 1266 2817 κτίσις.
1284 2781 1321 2808 In.

952 2815 1008 2852 (δῦ)
1030 2815 1150 2843 Ὀποῖαι.
1171 2815 1207 2842 Ita
1227 2817 1310 2843 codex
1336 2816 1508 2845 Barberinus.
1527 2816 1621 2849 sicque
1638 2815 1702 2849 legit

917 2851 1075 2886 Ferrarius;
1093 2852 1177 2880 codex
1189 2851 1289 2887 lit-gius
1305 2852 1373 2879 male
1387 2853 1466 2879 habet
1481 2852 1511 2878 οὐ
1528 2852 1613 2876 ποῖαι.
