1872 3041
199 114 236 144 ιδ
930 110 1069 140 ORIGENI
1074 110 1092 138 S
1800 110 1834 138 64

200 171 258 199 h:ec
272 169 388 199 diversis
411 177 472 198 eum
490 169 643 198 nominibus
658 169 794 206 appellant
810 178 819 199 :
838 169 939 198 Jacobt

1097 176 1111 199 ς
1125 166 1298 202 Κορινθίους,
1315 168 1374 200 ὅτι,
1395 166 1522 201 Χριστὸς
1546 166 1674 202 δύναμίς
1696 167 1765 195 ἐστι
1785 169 1835 196 καὶ

200 217 261 243 dem
291 215 318 243 in
345 223 377 243 ea
400 215 591 243 benedictione
613 223 665 250 qua
685 216 713 243 in
735 216 835 244 liberos
854 223 918 244 usus
939 220 990 250 est,

197 261 295 289 Judam
310 262 449 288 nominat:
467 259 551 294 Iuda,
569 261 667 295 inquit,
690 261 837 289 laudabunt
859 267 883 290 te
895 263 991 297 fratres

200 307 238 332 tui
253 314 263 334 :
277 314 370 332 manus
381 310 434 332 tute
459 313 538 340 super
554 305 663 332 dorsum
693 306 858 333 inimieorum
873 311 989 334 tuorum.

199 351 309 378 Catulus
321 350 402 378 leonis
415 350 488 378 Juda
504 360 516 379 .-
529 359 561 378 ex
574 352 701 386 germine,
714 352 755 386 ﬁli
769 353 816 384 mi,
829 353 970 380 ascendiin
980 359 990 379 .'

197 397 347 425 recumbens
359 397 481 424 dormiin
499 403 526 425 ut
539 398 590 431 leo,
609 403 633 425 et
653 403 680 424 ut
692 398 774 426 leonis
793 399 908 427 catulus.
923 400 989 433 Quis

199 443 325 470 excitabit
338 443 413 470 illum
423 443 445 459 "
454 444 467 470 ?
479 443 612 471 Creterum
621 444 762 478 praesentis
771 452 822 473 non
833 450 875 474 est
886 451 990 482 tempo-

196 491 236 518 ris
255 490 371 526 singulis
387 491 538 523 immorari,
553 491 722 519 ostendendo
737 493 872 526 quomodo
885 500 946 528 quae
956 493 988 522 de

193 535 262 564 Juda
287 535 340 563 dici
369 536 512 569 videnlur,
543 535 655 564 Christo
686 537 876 572 conveniant;
906 543 988 573 atque

195 582 278 609 etiam
297 582 416 616 objectio
428 590 488 617 qua:
497 582 560 616 jure
574 582 669 610 inferri
681 584 899 618 posset,scilieet
909 593 916 612 :
926 584 988 612 Non

194 626 298 660 deﬁciet
311 627 430 661 princeps
445 628 476 654 de
495 627 577 661 Iuda,
593 633 616 656 et
632 629 688 656 dua:
711 630 743 656 de
762 629 906 665 femoribus
917 631 986 666 ejus,

193 672 277 699 donec
292 674 386 700 venerit
405 674 447 701 cui
465 675 606 708 repositum
631 681 669 702 est
679 675 794 707 “,alias
817 679 986 706 commodius

194 717 324 746 solvetur.
333 719 415 747 Isaias
425 720 507 748 etiam
524 722 598 749 novit
611 721 696 756 ipsum
705 723 843 751 Christum
858 725 985 759 appellari

193 764 277 792 ἔριθοι)
293 770 319 792 et
332 765 424 799 Israel,
440 767 641 795 dicenszlacob
655 769 767 796 dilectus
782 778 853 797 meus
870 771 987 798 auxilia-

193 811 241 837 bar
250 812 274 839 ei
283 811 386 840 :lsrael
401 813 497 841 electus
513 823 596 847 meus,
607 815 719 850 suscepit
735 816 809 842 illunt
818 817 908 843 anima
916 825 983 844 mea.

192 848 328 884 Judicium
348 858 401 893 25
416 859 537 894 gentibus
552 861 683 888 nuntiabit
694 870 702 888 :
715 869 766 889 non
779 864 926 896 contendet,
941 871 985 891 ne-

191 910 242 936 que
257 902 390 934 clamabit,
406 912 488 940 neque
511 906 602 933 audiet
617 906 715 941 aliquis
735 908 763 935 in
782 908 877 943 plateis
898 917 985 937 vocem

190 947 260 980 ejus.
288 947 426 975 Calamam
446 951 588 977 contritum
607 959 659 978 non
682 953 841 988 confringet,
861 959 885 982 et
901 955 984 982 linunt

190 993 324 1028 fumigans
342 1003 393 1022 non
409 996 566 1031 exstinguet,
583 998 665 1025 donec
677 999 816 1034 projecerit
829 1009 862 1028 ea:
879 1007 985 1029 conten-

190 1039 409 1075 tionejutlicium,
423 1047 447 1069 et
464 1043 491 1069 in
507 1044 611 1071 nomine
622 1044 678 1079 ejus
692 1050 779 1080 gentes
792 1047 935 1082 sperabunt
949 1048 982 1076 ".

189 1086 266 1119 Quod
278 1087 349 1114 enim
360 1087 416 1115 huic
428 1088 460 1115 de
474 1087 583 1116 Christo
593 1091 732 1125 propheta:
749 1093 883 1126 nuntient,
892 1093 982 1128 palam

189 1131 332 1161 Matthzeus
356 1134 475 1161 ostendit
495 1134 522 1161 in
545 1135 710 1171 Evangelio,
732 1143 767 1164 ex
788 1142 865 1172 parte
888 1139 982 1166 mutila

188 1179 275 1207 citans
292 1185 319 1207 et
329 1180 438 1208 dicens:
456 1181 490 1208 L't
510 1182 664 1216 impleretur
686 1185 756 1219 quod
771 1186 870 1213 dictum
882 1192 920 1214 est
936 1196 982 1222 per

187 1224 358 1259 prophetam:
374 1225 435 1253 Non
445 1228 594 1259 contendet,
606 1234 628 1255 et
641 1237 691 1257 non
702 1231 823 1258 clamabit
833 1232 866 1265 ⁸⁸,
881 1236 908 1260 et
922 1241 982 1268 qua:

188 1276 361 1303 sequuntur.
395 1271 514 1300 Vocatur
533 1274 615 1301 etiam
635 1275 717 1303 David
731 1275 868 1310 Christus,
897 1279 978 1306 veluti

187 1315 296 1349 quando
311 1315 436 1344 Ezechiel
454 1319 622 1353 proplietans
637 1320 670 1347 ad
696 1327 822 1355 pastores
839 1323 980 1359 subjungit

186 1366 222 1387 ex
236 1367 351 1394 persona
368 1361 435 1390 Dei:
459 1361 586 1391 Ezeitnbo
602 1364 687 1392 Dauid
702 1375 804 1394 servum
822 1376 917 1403 meum,
933 1371 979 1405 qui

186 1411 255 1440 reget
271 1415 314 1435 eos
329 1407 363 1437 “.
377 1407 435 1436 Non
447 1409 519 1437 enim
531 1410 615 1439 David
627 1413 780 1446 patriarcha
795 1421 924 1451 exsurget
937 1424 981 1444 re-

185 1455 281 1480 cturus
291 1459 414 1488 sanctos,
430 1455 477 1482 sed
496 1456 631 1485 Christus.
648 1458 688 1485 Aul
701 1459 758 1486 haec
773 1459 876 1495 virgam
890 1466 916 1488 et
929 1460 978 1489 llo-

1044 212 1117 239 Θεοῦ
1132 213 1235 247 σοφία.
1254 213 1326 248 Πρὸς
1337 212 1443 245 τούτοις
1456 213 1498 240 ὃτι
1511 215 1557 241 καὶ
1569 214 1705 250 ἀγιασμός
1717 215 1775 241 ἐστι
1786 215 1834 242 καὶ

1041 257 1246 294 ἀπολύτρωσις·
1265 259 1318 291 ⁸ος
1329 258 1455 294 ἐγενήθη
1471 259 1536 295 γὰρ,
1556 260 1631 295 φησὶ,
1649 261 1745 294 σοφία
1760 261 1833 295 ἡμῖν
1847 259 1849 262 ⁴

1041 303 1100 330 ἀπὸ
1131 303 1205 330 Θεοῦ
1218 323 1226 336 ,
1247 303 1425 338 δικαιοσύνη
1454 313 1486 331 τε
1513 304 1563 332 καὶ
1591 305 1754 340 ἁγιασμὸς,
1783 305 1833 332 καὶ

1040 349 1260 384 ἀπολύτρωσις,
1282 349 1362 376 Ἀλλὰ
1385 350 1432 376 κα)¹
1454 349 1584 385 ἀρχιερέα
1604 351 1690 386 μέγαν
1710 351 1833 378 διδάσκει

1040 395 1116 430 ἡμᾶς
1140 395 1222 422 αὐτὸν
1254 395 1400 431 τυγχάνειν
1425 395 1495 430 πρὸς
1525 395 1669 431 Ἐϐραίους
1700 396 1830 432 γράφων·

1042 440 1184 474 Ἔχοντες
1200 438 1258 468 οὖν
1269 440 1409 475 ἀρχιερέα
1421 441 1528 476 μέγαν,
1541 441 1743 475 διεληλυθότα
1761 441 1831 475 τοὺς

1039 485 1198 519 οὐρανοὺς,
1213 485 1338 519 Ἰησοῦν
1351 485 1405 512 τὸν
1425 486 1495 512 Υίὸν
1505 486 1558 513 τοῦ
1575 486 1660 518 Θεοῦ,
1677 486 1833 520 κρατῶμεν

1038 533 1094 568 τῆς
1114 534 1286 569 ὁμολογίας.
1305 534 1338 560 Οἱ
1355 533 1383 560 δὲ
1409 534 1548 570 προφῆται
1572 533 1648 570 παρὰ
1673 533 1762 561 ταῦτα
1785 533 1833 560 καὶ

1038 579 1142 615 ἑτέροις
1160 579 1289 615 ὀνόμασιν
1312 579 1393 606 αὑτὸν
1419 579 1561 607 καλοῦσιν·
1577 580 1592 606 ὁ
1609 580 1658 615 μὲν
1683 579 1782 606 Ἰακὼὸ
1803 581 1830 606 ἐς

1037 627 1070 662 τῇ
1085 625 1153 661 πρὸς
1165 626 1227 657 τοὺς
1239 626 1314 657 υἱοὺς
1331 625 1441 661 εὐλογία
1466 625 1576 652 Ἰούδαν
1596 626 1627 652 τὺ
1640 625 1705 662 γάρ’
1720 625 1831 659 Ἰούδα,

1037 673 1076 701 σὲ
1091 672 1271 700 αίνέσαισαν
1286 673 1314 699 al
1328 672 1455 707 ἀδελφοί
1466 679 1535 703 σου,
1552 673 1583 699 αἱ
1597 671 1696 706 χεῖρές
1707 681 1768 700 σου
1781 672 1832 698 ἐπὶ

1036 718 1132 745 νώτου
1148 717 1208 744 τῶν
1223 717 1337 753 ἐχθρῶν
1349 726 1417 745 σου.
1435 718 1572 752 Σκύμνος
1581 717 1706 751 ,λέοντος
1719 717 1830 746 Ἰούδα·

1036 765 1072 792 ἐκ
1096 765 1248 798 βλαστοῦ,
1265 765 1311 793 υἱέ
1322 774 1400 800 μου,
1417 765 1543 799 ἀνέϐης·
1568 765 1732 792 ἀναπεσὼν
1752 765 1831 792 ἐκοι-

1033 811 1134 846 μήθης
1145 812 1186 845 ὡς
1199 810 1288 845 λέων,
1304 811 1352 838 καὶ
1363 811 1403 844 ὡς
1411 811 1555 846 σκύμνος.
1568 811 1615 844 Τίς
1622 810 1832 846 ἐγερεῖιιύτόη

1037 859 1073 886 Οὺ
1091 858 1162 885 κατὰ
1177 859 1224 886 τὸν
1241 858 1405 894 ἐνεστηκότα
1421 857 1450 884 δὲ
1470 857 1564 894 καιρὸν
1585 857 1642 885 ἐστι
1663 858 1732 894 πρὸς
1756 858 1831 891 λέξιν

1036 905 1224 940 παραστῆσαι,
1250 904 1310 936 πῶς
1324 905 1358 932 τὰ
1373 905 1412 941 τῷ
1434 906 1518 942 Ἰούδᾳ
1533 905 1665 940 λεγόμενα
1681 905 1747 940 περὶ
1764 903 1832 940 Χρι-

1037 950 1100 976 στοῦ
1120 950 1205 976 ἐστιν.
1215 950 1295 977 Ἀλλὰ
1307 950 1353 977 καὶ
1364 950 1539 987 ἀνθυποφορὰ
1547 951 1666 985 εὐλόγως
1677 950 1832 985 ἐπενεχθῆ-

1035 1003 1079 1021 ναι
1093 995 1229 1031 δυναμένη
1239 1016 1246 1028 ,
1260 997 1321 1023 Οὐκ
1338 996 1474 1031 ἐκλείψει
1487 997 1588 1031 ἅρχων
1601 996 1636 1028 ἐξ
1657 995 1765 1028 Ἰούδα,
1778 995 1830 1022 καὶ

1034 1041 1200 1075 ἡγούμενος
1211 1042 1246 1068 ἐκ
1269 1041 1329 1068 τῶν
1351 1041 1456 1076 μηρῶν
1479 1041 1583 1074 αὑτοῦ,
1606 1040 1662 1074 ἕως
1685 1040 1726 1067 ἂν
1752 1041 1830 1074 ἔλθῃ

1032 1082 1057 1118 ᾧ
1073 1086 1226 1114 ἀπόκειται
1238 1086 1304 1123 (95),
1317 1087 1346 1114 ὲν
1366 1088 1455 1119 ἄλλοις
1462 1086 1653 1123 εὐκαιρότερον
1665 1086 1828 1121 λυθήσεται.

1033 1130 1095 1159 Οἵδε
1112 1132 1142 1159 δὲ
1159 1132 1205 1160 τὸν
1222 1133 1339 1168 Χριστὸν
1368 1133 1464 1160 Ἰακὼϐ
1489 1134 1537 1160 καὶ
1559 1132 1664 1168 Ἰσραὴλ
1690 1131 1828 1166 ὀνομαζό-

1034 1186 1113 1213 μενον
1134 1178 1256 1212 Ἡσαΐας,
1270 1178 1356 1214 λέγων
1364 1187 1370 1194 ·
1393 1179 1497 1206 Ἰακὼϐ
1508 1180 1524 1206 ό
1535 1178 1606 1211 παῖς
1615 1186 1685 1213 μου,
1698 1177 1827 1210 ἀντιλή-

1031 1224 1125 1258 ⁸ψιομαι
1152 1224 1256 1252 αὐτοῦ’
1284 1224 1409 1259 Ἰσραὴλ
1432 1226 1448 1252 ὁ
1467 1225 1612 1258 ἐκλεκτός
1631 1232 1701 1258 μου,
1730 1231 1828 1257 προσ-

1030 1267 1154 1301 εδέξατο
1167 1269 1262 1296 αὐτὸν
1273 1270 1292 1304 ὴ
1305 1270 1390 1305 ψυχή
1411 1279 1481 1305 μου.
1497 1270 1604 1304 Κρίσιν
1622 1268 1685 1302 τοῖς
1698 1269 1828 1296 ἔθνεσιν

1029 1313 1209 1349 ἀπαγγελεῖ·
1226 1316 1283 1342 οἰκ
1293 1315 1398 1350 ἐρίσει,
1411 1315 1483 1342 οὐδὲ
1505 1314 1618 1350 πράξει,
1638 1314 1711 1342 οὐδὲ
1731 1315 1827 1342 ἀκού-

1029 1366 1077 1385 σει
1092 1367 1136 1392 τις
1150 1359 1186 1385 ὲν
1195 1361 1259 1393 τοῖς
1272 1361 1429 1394 πλατείαις
1448 1360 1506 1395 τὴν
1518 1360 1624 1395 φωνὴν
1641 1360 1746 1387 αὑτοῦ.
1762 1359 1826 1386 Κά-

1028 1407 1127 1441 Μμον
1150 1407 1404 1443 συντετριμμένον
1422 1409 1458 1435 οὐ
1485 1407 1633 1440 κατεάξει,
1654 1407 1703 1434 καὶ
1732 1409 1827 1434 λίνον

1029 1453 1199 1486 τυφόμενον
1221 1453 1257 1480 οὐ
1278 1452 1393 1485 σϐέσει,
1407 1453 1464 1487 ἕως
1479 1453 1518 1480 ἂν
1532 1453 1644 1487 ἐκϐάλῃ
1661 1453 1695 1480 ἐκ
1715 1454 1826 1487 νίκοιις

186 1504 243 1525 rem
263 1499 382 1534 appellat
397 1500 534 1530 Christum
555 1502 638 1531 lsaias
652 1504 694 1532 his
709 1505 821 1535 verbis:
851 1506 925 1543 Ερνει

1098 1499 1209 1533 κρίσιν,
1229 1499 1278 1527 καὶ
1296 1499 1336 1532 τῷ
1351 1500 1474 1535 ὀνόματι
1492 1500 1584 1527 αὐτοῦ
1607 1500 1680 1534 ἔθνη
1699 1499 1824 1528 ἐλπιοῦ-

184 1548 229 1570 tttr
241 1545 313 1581 virga
327 1546 359 1573 de
370 1547 459 1575 radice
470 1548 554 1581 Iesse.
567 1553 589 1576 et
600 1550 651 1584 [los
665 1550 697 1577 de
712 1551 802 1578 radice
811 1553 869 1587 ejus
883 1561 975 1581 ascen-

184 1589 238 1621 det,
253 1595 276 1617 et
288 1591 429 1626 requiescet
445 1602 523 1627 super
534 1603 591 1621 eum
605 1594 722 1629 Spiritus
738 1596 855 1630 Domini,
867 1599 975 1633 spiritus

182 1636 320 1670 sapientia:
338 1642 361 1663 et
377 1637 537 1671 intellectus,
553 1640 662 1674 spiritus
680 1641 786 1669 consilii
800 1648 822 1669 et
835 1643 973 1677 fortitudi-

183 1681 235 1712 nis,
264 1682 374 1716 spiritus
398 1685 555 1718 cognitionis
581 1692 605 1714 et
619 1687 736 1721 pietatis,
754 1694 777 1716 et
790 1689 897 1724 replebit
914 1698 973 1717 eum

182 1726 293 1760 spiritus
305 1728 409 1756 timoris
425 1729 475 1757 Dei
490 1731 523 1758 δ’.
541 1731 600 1759 Jatu
617 1732 685 1768 lapis
702 1734 784 1761 etiam
797 1734 897 1762 dicitur
918 1735 973 1764 Do-

182 1769 274 1797 minus
287 1777 396 1806 noster;
413 1773 450 1801 ita
474 1774 501 1802 in
524 1775 638 1804 Psalmis
660 1785 667 1804 :
691 1777 815 1813 Lapidem
838 1787 914 1814 quem
930 1787 972 1807 re-

180 1815 354 1848 prabaverunt
375 1818 549 1853 aediﬁcantes,
573 1821 617 1848 hic
637 1821 725 1856 [actus
740 1827 777 1850 est
789 1823 816 1850 in
828 1829 905 1859 caput
920 1834 970 1852 an-

179 1861 254 1894 guli:
268 1872 284 1890 a
301 1863 413 1892 Domino
425 1866 512 1899 [actus
523 1872 560 1894 est
571 1868 625 1900 hic,
636 1873 662 1895 et
676 1873 714 1896 est
727 1870 856 1897 mirabilis
869 1872 895 1898 in
911 1880 971 1898 ocu-

179 1907 213 1935 lis
231 1911 328 1937 nostris
341 1911 375 1939 ⁴³.
394 1911 518 1941 Declarat
531 1919 619 1942 autem
634 1914 820 1949 Evangelium,
835 1921 862 1944 et
881 1916 970 1946 Lucas

179 1953 207 1981 iu
224 1954 368 1984 Actis'non
389 1957 472 1985 alium
489 1966 552 1986 esse
565 1959 695 1994 lapidem,
711 1968 794 1995 quam
810 1961 968 1996 Christum;

178 1999 352 2036 Evangelium
378 2003 489 2037 quidem
511 2004 551 2031 sic
571 2012 578 2030 :
600 2004 745 2038 Nunquam
771 2006 871 2041 legistis
887 2016 898 2035 :
913 2007 968 2034 La-

177 2046 264 2080 pidem
286 2055 362 2081 quem
391 2049 594 2082 reprobaverunt
612 2051 776 2085 a‘diﬁcanles
790 2072 798 2084 ,
816 2053 858 2079 hic
880 2053 968 2088 factus

177 2097 213 2118 est
230 2093 257 2118 in
273 2097 350 2127 caput
365 2094 476 2128 anguli?
490 2093 592 2127 Omnis,
609 2097 654 2130 qui
669 2097 793 2124 ceciderit
808 2106 887 2133 super
898 2099 968 2135 lapi-

177 2138 236 2164 dem
257 2139 343 2170 hunc,
362 2143 529 2172 conteretur;
550 2149 628 2175 super
647 2149 724 2175 quem
747 2151 806 2170 vero
827 2145 964 2179 ceciderit,

177 2186 292 2209 conteret
308 2191 366 2209 eum
388 2183 422 2210 “.
437 2183 466 2210 ln
482 2185 557 2212 Actis
575 2192 639 2212 vero
654 2186 741 2215 Lucas
758 2189 917 2217 εει-ίιιὴτιίίι
929 2195 966 2218 est

175 2228 243 2262 lapis
262 2228 307 2255 ille
320 2229 365 2264 qui
387 2229 496 2263 rejeclus
512 2236 552 2258 est
574 2239 590 2258 a
604 2232 676 2260 vobis
693 2233 884 2268 wdiﬁcantibus
895 2256 903 2268 ,
922 2238 967 2272 qui

174 2274 262 2309 factus
279 2280 315 2302 est
335 2281 413 2310 caput
428 2276 518 2311 anguli
532 2278 566 2305 “.
585 2278 652 2306 Cum
667 2279 750 2315 igitur
767 2279 883 2308 Verbum
900 2283 964 2311 illud

173 2319 246 2355 quod
270 2320 372 2349 eratin
399 2321 552 2357 principio,
581 2323 720 2358 Verbum,
747 2325 874 2360 inquam,
893 2327 964 2356 Deus

173 2367 243 2401 apud
265 2366 368 2399 Deum,
383 2375 464 2395 unum
485 2370 519 2397 sit
541 2377 573 2397 ex
594 2371 749 2399 nominibus
766 2372 904 2400 Servatori
921 2380 964 2402 at-

174 2411 293 2443 tributis,
310 2420 360 2440 nec
387 2418 477 2441 tatnen
493 2415 527 2442 ab
550 2416 609 2450 ipso
626 2417 739 2450 dictum,
755 2419 802 2445 sed
826 2425 840 2445 a
857 2419 962 2448 Joanne

172 2457 315 2492 scriptum,
339 2465 430 2492 operas
446 2459 563 2493 pretium
584 2461 665 2489 luerit
681 2462 784 2490 instare
801 2463 833 2490 iis
849 2465 904 2498 qui,
922 2470 962 2492 tot

172 2510 186 2529 a
205 2503 284 2531 nobis
310 2510 469 2532 enumerata
495 2507 604 2534 nomina
629 2510 869 2542 prtelermittentes
884 2531 891 2543 ,
909 2512 961 2540 hoc

170 2548 227 2576 uolo
246 2548 325 2576 Verbi
345 2550 476 2578 vouabulo
492 2559 540 2579 ceu
559 2554 696 2588 praecipuo
709 2561 840 2584 utuntur:
865 2565 960 2585 rursus

169 2603 263 2622 COI'IIIII
279 2596 541 2631 interpretationem,
559 2598 582 2626 si
595 2607 646 2634 qua
662 2601 724 2636 quis
738 2602 896 2637 protulerit,
914 2611 956 2631 re-

168 2640 308 2674 quirentes
320 2661 328 2674 ,
347 2647 375 2669 et
394 2643 445 2671 hoc
469 2651 552 2672 unum
570 2644 649 2673 Verbi
670 2647 828 2675 vocabulum
856 2650 958 2677 admit-

220 2723 242 2738 ⁸⁷
255 2723 322 2751 Gen.
347 2733 419 2758 sur,
439 2726 468 2757 8.
495 2728 522 2755 9.
574 2729 596 2745 ³⁸
611 2729 731 2758 ibid.i0.

788 2731 810 2747 ³³
825 2730 877 2766 lsa.
903 2731 969 2766 Cap.
987 2741 1051 2764 xm,
1069 2740 1139 2759 vers.
1157 2732 1214 2761 i-l.

1027 1552 1089 1571 σιν·
1104 1544 1146 1570 ὅτι
1162 1544 1216 1580 γὰρ
1232 1545 1246 1572 ὁ
1263 1545 1380 1580 Χριστός
1402 1545 1460 1571 ἐστι
1483 1546 1547 1581 περὶ
1563 1542 1594 1572 οὗ
1611 1545 1698 1572 ταῦτα
1713 1553 1824 1582 προφη-

1025 1587 1144 1620 τεύεται,
1159 1589 1253 1623 σαφῶς
1269 1589 1283 1616 6
1299 1588 1438 1621 Ματθαῖος
1453 1589 1528 1624 δηλοῖ
1545 1590 1574 1615 ὲν
1594 1589 1633 1624 τῷ
1661 1590 1823 1626 Εὑαγγελίῳ

1026 1635 1157 1670 μνησθεὶς
1179 1634 1233 1661 ἀπο
1256 1634 1356 1670 μέρους
1376 1635 1426 1670 τῆς
1445 1635 1608 1670 περικοπῆς,
1634 1634 1737 1662 εἰπών·
1754 1637 1824 1664 Ἵνα

1024 1679 1167 1714 πληρωθῇ
1186 1680 1217 1707 τὸ
1236 1679 1410 1715 είρημένον·
1424 1681 1485 1708 Οὐκ
1496 1679 1601 1714 ἐρίσει,
1615 1680 1688 1707 οὐδὲ
1703 1681 1822 1716 πράξει,

1023 1725 1071 1751 καὶ
1086 1724 1121 1752 τὰ
1144 1724 1218 1760 ἑξῆς.
1244 1725 1373 1752 Καλείται
1389 1726 1418 1753 δὲ
1437 1726 1485 1753 καὶ
1509 1725 1590 1753 Δαυῖδ
1604 1726 1619 1753 ὀ
1635 1727 1756 1763 Χριστὸς
1779 1729 1822 1760 ὡς

1022 1770 1092 1797 ἐπὰν
1117 1769 1246 1807 Ἰεζεκιὴλ
1255 1771 1448 1808 προφητεύσας
1461 1772 1528 1808 πρὸς
1540 1773 1603 1805 τοὺς
1615 1773 1748 1808 ποιμένας
1758 1775 1822 1801 ἐπι-

1021 1815 1093 1852 φέρῃ
1120 1817 1152 1843 ὲκ
1179 1817 1328 1853 προσώπου
1346 1817 1430 1845 Θεοῦ·
1455 1818 1632 1852 Ἀναστιὶσω
1652 1819 1744 1846 Δαυῒδ
1763 1821 1817 1847 τὸν

1020 1862 1112 1888 παῖδά
1137 1871 1207 1897 μου,
1236 1863 1270 1896 ὃς
1291 1864 1434 1898 ποιμανεῖ
1453 1865 1573 1898 αὐτούς·
1599 1865 1629 1891 οὐ
1641 1865 1695 1900 γὰρ
1708 1866 1820 1895 Aut:th

1020 1908 1194 1944 πατριάρχης
1225 1909 1407 1945 ἀναστήσεται
1435 1910 1588 1945 ποιμαίνειν
1619 1910 1724 1946 μέλλων
1751 1913 1819 1945 τοὺς

1020 1955 1124 1990 ἁγίους,
1139 1955 1207 1982 ἀλλὰ
1226 1957 1354 1992 Χριστός.
1374 1957 1434 1984 Ἐτι
1448 1957 1478 1984 δὲ
1493 1958 1507 1984 ὀ
1527 1957 1642 1990 Ἡσαΐας
1658 1957 1758 1993 ῥάϐδον
1768 1961 1820 1987 καὶ

1019 2001 1098 2033 ἄνθος
1113 2001 1241 2037 ὀνομάζει
1260 2002 1306 2029 τὸν
1328 2003 1446 2038 Χριστὸν
1470 2004 1499 2030 ὲν
1525 2003 1580 2039 τῷ·
1607 2003 1816 2037 Ἐξελεύσεται

1014 2045 1126 2079 ῥάϐδος
1137 2046 1172 2073 ἐκ
1194 2046 1250 2081 τῆς
1265 2048 1351 2082 ῥίζης
1368 2048 1486 2081 Ἰεσσαὶ,
1509 2049 1558 2076 καὶ
1573 2049 1664 2083 ἄνθος
1692 2050 1727 2077 ὲκ
1757 2051 1815 2085 τῆς

1014 2090 1098 2125 ῥίζης
1116 2092 1308 2125 ἀναϐήσεται,
1331 2093 1380 2120 καὶ
1395 2094 1640 2121 ἐπαναπαύσεται
1655 2094 1702 2121 ἐπ’
1717 2095 1815 2122 αὐτὸν

1018 2136 1137 2172 πνεῦμα
1148 2137 1202 2164 τοῦ
1215 2138 1300 2171 Θεοῦ,
1318 2138 1436 2174 πνεῦμα
1450 2140 1561 2174 σοφίας
1576 2140 1625 2167 καὶ
1643 2140 1813 2174 συνέσεως,

983 2175 1005 2202 Ῐ)
1019 2183 1137 2216 πνεῦμα
1149 2183 1271 2218 ,βουλῆς
1280 2185 1328 2212 καὶ
1344 2185 1460 2220 ἰσχύος,
1475 2185 1592 2220 πνεῦμα
1606 2185 1745 2220 γνώσεως
1762 2187 1812 2213 καὶ

1017 2229 1183 2262 εὐσεϐείας,
1205 2230 1254 2257 καὶ
1278 2230 1427 2265 ἐμπλήσει
1453 2231 1548 2258 αὐτόν
1572 2231 1690 2266 πνεῦμα
1715 2233 1812 2266 φόϐον

1019 2275 1103 2303 Θεοῦ.
1119 2276 1174 2302 Καὶ
1188 2276 1262 2308 λίθος
1277 2276 1306 2303 δὲ
1325 2277 1354 2304 ὲν
1372 2277 1428 2308 τοῖς
1445 2276 1570 2312 Ψαλμοῖς
1583 2277 1597 2303 ό
1612 2276 1714 2312 Κύριος
1729 2277 1812 2313 ἡμῶν

1016 2319 1086 2348 εἶναι
1107 2321 1216 2356 λέγεται
1233 2321 1336 2354 οὓτως·
1355 2322 1446 2350 Λίθον
1469 2322 1506 2349 ὃν
1527 2321 1757 2357 ἀπεδοκίμασαν
1783 2325 1811 2350 οἱ

1015 2366 1250 2402 οἰκοδομοῦντες,
1267 2366 1357 2401 οὗτος
1374 2369 1500 2404 ἐγενήθη
1526 2370 1569 2402 είς
1595 2369 1734 2404 κεφαλὴν
1750 2379 1808 2405 τωρ

1015 2413 1092 2446 νίας.
1109 2414 1192 2447 Παρὰ
1210 2414 1321 2448 Κυρίου
1336 2414 1454 2449 ἐγένετο
1479 2415 1567 2449 αὐτὴ,
1584 2415 1634 2443 καὶ
1655 2416 1722 2442 ἔστι
1736 2417 1809 2443 θαυ-

1011 2459 1113 2494 μαστὴ
1136 2460 1172 2486 ἐν
1195 2460 1360 2494 ὀφθαλμοῖς
1375 2461 1468 2495 ἡμῶν.
1486 2461 1566 2496 Δηλοῖ
1580 2461 1609 2488 δὲ
1628 2460 1659 2487 τδ
1681 2461 1808 2496 Εὐαγγέ-

1013 2505 1080 2537 λιον,
1101 2505 1148 2532 καὶ
1171 2506 1200 2533 ἐν
1217 2507 1278 2538 ταῖς
1300 2506 1436 2543 Πράξεσιν
1455 2507 1469 2534 ὁ
1485 2507 1602 2539 Λουκᾶς,
1619 2507 1670 2534 οὒκ
1690 2507 1771 2535 ἄλλον
1788 2509 1804 2544 ἢ

1012 2550 1058 2577 τὸν
1071 2550 1187 2585 Χριστὸν
1206 2548 1274 2578 εἶναι
1289 2551 1336 2578 τὸν
1350 2551 1422 2578 λίθον
1433 2560 1441 2568 ο
1456 2551 1487 2578 τὸ
1508 2552 1558 2587 μὲν
1577 2551 1744 2586 Εὐαγγέλιον
1759 2553 1806 2580 οὖ-

1011 2609 1079 2632 τως·
1100 2600 1249 2628 οὐδέποτε
1264 2601 1428 2636 ἁνέγνωτε’
1458 2603 1548 2636 Λίθος
1568 2602 1605 2630 ὃν
1623 2602 1804 2638 ἀπεδοκίμα-

1010 2652 1110 2683 σαν,οῐ
1123 2651 1361 2687 οἰκοδομοῦντες,
1374 2651 1463 2686 οὗτος
1472 2653 1598 2688 ἐγενήθη
1611 2655 1654 2687 εἰς
1665 2653 1804 2689 κεφαλὴν

1269 2733 1293 2768 ξο
1307 2733 1401 2760 Matth.
1432 2733 1498 2768 Cap.
1522 2741 1570 2765 stt,
1591 2741 1664 2760 vers.
1694 2733 1738 2765 i7,
1758 2733 1798 2760 l9.

165 2755 187 2773 “
210 2758 308 2786 Ezeeh.
326 2755 418 2793 xxxiv,
431 2755 476 2790 Ξῖ.
517 2764 538 2780 ⁸⁸
557 2755 615 2792 ιδιιζ
630 2755 674 2797 x1,
687 2755 744 2797 ίίὲ,
760 2765 787 2793 5.
825 2755 904 2794 ίίίές

1057 2755 1178 2800 εἰἓὰ
1192 2755 1241 2784 ’ἰι
1256 2755 1357 2797 una:
1364 2755 1570 2801 ’Ξὲι,“ῖὲἒιὶῖ”
1588 2755 1685 2796 ίίλῖι,
1695 2755 1740 2801 ἶῦζ
1756 2755 1796 2796 iii

201 2827 257 2863 (95)
275 2829 349 2863 Ἕως
363 2830 402 2858 ἂν
416 2831 488 2867 ἔλθῃ
501 2829 525 2867 ᾧ
537 2833 702 2861 ἀπόκειται.
720 2832 783 2861 ιΙωο
807 2833 903 2862 desum
919 2835 940 2862 ii:

1023 2843 1079 2863 :onc
1095 2834 1196 2868 lluctii,
1209 2835 1255 2864 sed
1269 2836 1448 2864 restituuntur
1463 2844 1477 2864 e
1500 2836 1592 2864 codice
1605 2835 1762 2866 Bodleiano.
