1872 3041
51 117 83 144 65
602 110 786 140 COMMENT.
806 109 840 138 IN
855 109 954 138 JOAN.
972 110 1094 140 'I'OMUS
1108 110 1128 139 l.
1654 113 1690 141 et;

53 173 174 209 furiae;
189 171 254 204 Πᾶς
268 172 291 199 -ὀ
305 171 411 199 πεσὼν
421 170 471 198 ἐπὶ
485 169 539 197 τὸν
550 169 638 197 λίθον
654 169 761 196 τοῦτον
773 176 848 195 συν-

932 172 986 196 ntes
1000 177 1007 194 :
1024 172 1153 203 tanquam
1176 167 1281 204 liqueat
1303 168 1368 204 quid
1385 168 1421 197 sit
1438 169 1524 197 Filius
1541 169 1604 202 Dei.
1620 169 1690 197 Ver-

54 218 259 252 θ.1ασθήσεται
272 226 279 234 ·
303 218 351 252 ἐφ’
367 217 404 244 ὃν
417 216 443 244 δ’
457 216 495 243 ἂν
514 215 606 250 πέσῃ,
629 214 772 250 λικμήσει
799 215 850 242 αὐ·

52 265 113 291 τόν.
128 264 174 290 Ἐν
189 263 219 290 δὲ
234 265 296 295 ταῖς
313 262 450 298 Πράξεσιν
460 263 475 289 ὁ
493 262 599 293 Λουκᾶς
619 261 735 297 γράψει’
755 258 850 293 Οὗτός

52 309 137 336 ἐστιν
149 310 166 336 ὁ
175 309 264 342 ,πίθος
279 310 296 335 ό
309 308 522 341 ἐξουδσνωθεὶς
538 308 589 342 ὑφ’
603 307 687 342 ὑμῶν
699 307 759 334 τῶν
769 307 848 334 οἰκο-

52 354 162 388 δόμων,
182 355 199 381 ό
211 354 376 389 γενόμενος
397 355 440 386 εις
456 352 595 387 κεφαλὴν
610 352 729 387 γωνίας.
746 352 794 378 Ἐν
819 351 849 378 δὲ

52 399 107 426 τῶν
130 399 179 426 ἐπὶ
207 399 255 425 τοῦ
278 399 405 435 Μτῆρος
425 398 601 433 τεταγμένων
622 398 772 434 ὀνομάτων,
790 397 849 425 ἀλλ’

51 445 103 479 οὐχ
123 445 171 471 ὑπ’
188 444 273 471 αὐτοῦ
289 444 446 480 λεγόμενον,
462 444 514 471 ὑπὸ
528 444 556 471 δὲ
571 444 618 471 τοῦ
641 444 765 471 Ἰωάννου
784 444 850 471 ἁνα-

52 490 261 526 τεγραμμένον,
279 489 337 516 ἔστι
355 489 403 516 καὶ
418 489 432 515 ὁ
452 489 481 515 ἐν
508 489 579 524 ἀρχῇ
603 489 689 523 Λόγος
713 489 781 524 πρὸς
803 489 849 516 τὸν

49 534 120 561 θεὸν
128 534 198 565 Θεὸς
211 533 307 568 Λόγος.
325 534 381 561 Καὶ
394 533 467 561 ἔστιν
483 533 556 567 ἄξιον
565 534 776 569 ὲπιστῆσαιτοτς
793 533 847 569 (96)

52 580 90 607 τὰ
117 579 240 606 τοσαῦτα
259 579 314 606 τῶν
337 579 546 615 ὀνομαζομένων
574 580 848 616 παραπεμπομένοις,

53 626 103 653 καὶ
118 625 209 662 τούτῳ
221 626 260 657 ὡς
274 625 405 662 ἐξαιρέτῳ
421 626 583 662 χρωμένοις,
596 627 644 653 καὶ
657 627 738 653 πάλιν
750 627 851 653 ἐπικεί-

54 681 138 706 μενον
151 672 202 707 μὲν
214 671 269 707 (97)
281 671 404 707 διήγησιν
418 671 554 707 ζητοῦσιν,
566 671 593 698 εἴ
602 680 643 704 τις
658 671 751 703 αὐτοῖς
763 680 849 708 προσ-

53 719 116 752 άγοι
132 717 214 749 αὐτὰ,
235 718 281 744 ἐπὶ
304 717 332 744 δὲ
354 717 441 753 τούτῳ
457 718 523 753 (98),
541 718 579 750 ὠς
599 718 684 752 σαφὲς
701 719 849 754 προσιεμέ-

53 772 111 796 νοις
126 763 159 790 τδ
169 763 196 790 τί
211 763 277 790 ποτέ
294 764 367 790 ἐστιν
383 765 397 790 ό
412 763 475 795 Υἱὸς
486 763 533 790 τοῦ
549 764 617 790 Θεοῦ
635 765 722 798 Λόγος
749 765 850 800 ὀνομα-

54 809 181 845 ζόμενος,
204 810 252 836 καὶ
276 809 394 845 μάλιστα
417 810 479 836 ἐπεὶ
502 810 621 846 συνεχῶς
648 810 768 846 χρῶνται
791 810 847 847 τῷ,

60 855 259 889 Έξηρεύεατο
273 856 293 890 ἠ
307 855 414 890 καρδία
421 865 481 890 μου
492 857 585 891 λόγον
595 857 720 892 ἀγαθόν,
728 858 847 893 οἰόμενοι

52 902 200 939 προφορὰν
218 902 355 938 πατρικὴν
378 902 459 929 οἱονεὶ
482 903 511 929 έν
539 896 684 936 συλλαϐαῖς
717 904 848 940 κειμένην

53 947 125 975 εἶναι
142 949 190 975 τὸν
205 949 269 975 Υἱὸν
285 948 331 974 τοῦ
354 947 434 981 Θεοῦ,
452 949 499 975 καὶ
520 949 591 976 κατὰ
603 949 682 976 τοῦτο
700 949 848 976 ὑπόστασιν

54 994 142 1029 αὐτῷ,
159 995 185 1020 ει
200 994 324 1029 ἀκριϐῶς
341 994 430 1022 αὐτῶν
444 994 657 1031 πυνθανοίμεοα,
670 995 700 1022 οὐ
721 996 846 1028 διδόασιν,

54 1040 117 1066 οὐδὲ
150 1040 246 1066 οὐσίαν
274 1039 356 1066 αὑτοῦ
385 1040 594 1076 σαφηνίζουσιν,
623 1041 728 1068 οὐδέπω
758 1042 848 1077 φαμὲν

53 1085 167 1117 τοιόνδε,
181 1085 199 1120 ἦ
212 1084 326 1117 τοιάνδε,
342 1084 397 1111 ἀλλ’
415 1085 489 1116 ὅπως
500 1085 565 1111 ποτὲ
578 1085 683 1112 οὐσίαν.
694 1085 780 1120 Λόγον
793 1086 848 1122 γὰρ

54 1129 297 1166 ἀπαγγελλόμενον
321 1130 377 1157 υἱὸν
394 1127 464 1157 εἶναι
484 1130 579 1165 νοῆσαι
601 1130 648 1158 καὶ
673 1131 714 1167 τῷ
737 1131 847 1167 τυχόντι

55 1176 131 1202 ἐστὶν
144 1176 302 1211 ἀμήχανον·
322 1175 370 1202 καὶ
386 1175 471 1209 Λόγον
479 1175 600 1203 τοιοῦτον
616 1175 706 1207 ζῶντα
723 1177 771 1203 καὶ
789 1177 848 1213 ἦτοι

52 1220 86 1246 οὺ
109 1220 316 1255 κεχωρισμένον
337 1220 384 1247 τοῦ
415 1220 531 1256 Πατρὸς,
554 1221 602 1248 καὶ
622 1222 692 1249 κατὰ
716 1222 796 1250 τοῦτο
809 1222 849 1258 τῷ

55 1266 95 1302 μὴ
107 1266 261 1300 ὑψεστάναι
274 1266 335 1293 οὐδὲ
351 1266 413 1294 Υὶὸν
432 1268 610 1302 τυγχάνοντα,
628 1268 644 1303 ἢ
664 1268 711 1295 καὶ
732 1277 848 1304 κεχωρι-

57 1311 158 1346 σμένον
172 1311 221 1337 καὶ
234 1311 412 1346 οὐσιωμένον,
428 1312 674 1346 ἀπαγγελλέτωσαν
693 1314 758 1349 ἡμῖν
783 1314 849 1342 Θεὸν

56 1356 155 1391 Λόγον.
179 1356 300 1383 Λεκτέον
315 1354 373 1389 οὖν,
392 1357 442 1389 ὅτι,
457 1357 553 1394 ὥσπερ
578 1359 641 1386 καθ’
660 1359 774 1386 ἕκαστον
795 1360 849 1387 τῶν

56 1401 268 1436 προειρημένων
281 1401 418 1437 ὀνομάτων
433 1403 486 1430 ἀπὸ
501 1404 550 1439 τῆς
567 1404 715 1440 ὀνομασίας
726 1406 849 1433 ἀναπτυ-

56 1446 135 1473 κτέον
146 1446 197 1482 τὴν
209 1447 312 1474 ἔννοιαν
324 1448 370 1474 τοῦ
383 1449 593 1485 ὀνομαζομένου,
608 1450 655 1477 καὶ
663 1451 850 1486 ἐφαρμοστέον

901 213 965 241 bum
979 218 1158 248 nuncupatus,
1174 213 1254 248 idque
1269 219 1325 242 tum
1338 215 1456 242 maxime
1469 216 1541 250 quod
1557 215 1686 243 continue

900 263 1012 286 utantur
1026 258 1077 286 hoc
1095 259 1182 286 dicto:
1202 258 1341 287 Eructaoit
1361 268 1407 287 cor
1422 269 1507 287 meum
1521 261 1628 288 uerbum
1645 261 1691 287 bo-

901 312 963 331 num
978 303 1010 336 ",
1028 304 1219 332 existimantes
1243 305 1341 332 Filium
1365 306 1412 333 Dei
1439 311 1579 340 paternam
1599 306 1691 340 prola-

902 349 1002 377 tionem
1013 356 1073 377 esse
1089 354 1216 384 tanquam
1233 350 1260 377 in
1274 350 1386 385 syllabis
1399 352 1531 386 positam;
1548 356 1575 379 et
1588 352 1690 380 idcirco

900 395 1058 431 hypostasin
1072 415 1080 428 ,
1103 396 1158 431 26
1176 400 1202 423 et
1218 395 1422 424 subsistentiam
1439 397 1477 424 illi
1492 417 1500 431 ,
1525 397 1546 425 si
1563 402 1691 425 accurate

901 441 973 476 ipsos
982 441 1190 476 interrogemus,
1202 448 1255 469 non
1270 442 1431 475 tribuentes,
1444 450 1531 477 neque
1544 444 1690 471 essentiam
1706 456 1710 470 :

900 486 959 521 eius
970 487 1161 522 cxplanantcs,
1177 487 1295 515 nomium
1310 487 1426 515 dicimus
1440 488 1520 516 talem
1533 489 1574 516 vel
1590 489 1670 516 talem
1681 509 1689 523 ,

900 533 948 560 sed
966 533 1212 568 quomodocunque
1227 533 1387 560 essentiam.
1404 533 1521 561 Verbum
1539 536 1610 562 enim
1625 543 1689 570 pro—

901 579 1053 607 nuntiatum
1070 579 1222 614 intelligere
1237 580 1279 607 vel
1293 580 1414 615 vulgaris
1431 581 1519 615 quivis
1537 585 1640 615 potest;
1661 585 1689 608 at

900 625 1057 653 renuntient
1079 625 1157 653 nobis
1173 631 1199 652 et
1223 625 1364 660 proferant
1389 625 1508 653 Verbum
1527 626 1577 653 tale
1596 633 1644 660 per
1661 633 1691 654 se

901 671 1003 704 vivere,
1017 671 1088 705 quod
1106 671 1147 698 vel
1163 679 1215 698 non
1236 671 1271 698 sit
1284 677 1440 706 separatum
1455 679 1469 698 a
1489 671 1581 704 Patre,
1597 676 1624 699 et
1639 673 1690 699 hac‘

900 716 982 743 etiam
1008 716 1114 743 ratione
1140 724 1229 751 neque
1250 717 1402 748 subsismt,
1429 724 1516 751 neque
1533 718 1570 744 sit
1585 716 1689 751 Filius;

900 762 942 789 vel
955 763 1027 796 quod
1041 762 1075 789 sit
1089 769 1256 796 separatum,
1271 767 1298 790 ct
1313 762 1491 790 substantiam
1509 763 1607 790 habeat
1620 763 1691 791 Deus

902 807 1033 835 Verbum.
1058 807 1151 842 Itaque
1170 808 1312 835 dicendum
1337 812 1379 836 est
1404 816 1457 835 non
1484 816 1562 836 secus
1578 816 1593 835 a
1613 809 1691 836 nobis

864 839 885 868 Β
900 853 958 881 ﬁeri
976 853 1085 886 debere,
1103 839 1165 881 cum
1183 853 1313 881 vocabulo
1329 853 1411 881 Verbi
1437 854 1483 882 ille
1507 858 1688 889 nuncupatur,

899 903 981 932 atque
996 898 1110 926 facitnus
1126 899 1286 934 singillatim
1309 898 1336 926 in
1356 899 1513 927 nominibus
1531 900 1667 935 prazdictis
1681 919 1689 932 ,

898 951 960 971 cum
976 951 1008 971 ex
1025 945 1195 980 proprietate
1219 944 1338 972 nominis
1354 944 1522 979 explicamus
1540 945 1690 980 intelligen-

899 994 964 1019 tiam
979 992 1017 1018 rei
1031 991 1186 1022 nominatm.
1199 997 1316 1025 cumque
1336 996 1425 1018 certas
1440 991 1558 1018 rationes
1579 992 1691 1026 adapta-

899 1044 959 1063 mus
978 1035 1011 1062 ad
1029 1035 1218 1070 explicandum
1235 1035 1371 1069 quomodo
1398 1034 1485 1063 Filius
1511 1035 1558 1062 Dei
1580 1035 1629 1063 hoe
1647 1035 1691 1063 vel

900 1081 947 1109 illo
966 1081 1074 1112 nomine
1087 1085 1269 1115 nuncupetur.
1285 1079 1350 1113 Quae
1363 1080 1436 1107 enim
1452 1086 1494 1108 est
1510 1081 1567 1108 haec
1583 1082 1688 1116 privata

900 1127 1013 1154 istorum
1031 1126 1141 1159 electio,
1156 1133 1209 1152 non
1225 1125 1352 1153 insistere
1365 1126 1390 1153 in
1405 1126 1519 1161 singulis
1534 1127 1688 1162 quibusque

899 1171 1048 1208 spectando
1072 1171 1125 1198 vim
1141 1170 1265 1198 vocabuli
1280 1189 1287 1202 ,
1315 1171 1362 1199 sed
1377 1191 1385 1204 ,
1401 1176 1430 1198 ut
1444 1172 1478 1199 ita
1496 1172 1602 1205 dicam,
1626 1180 1688 1200 cum

899 1218 1058 1253 quaesierint
1075 1217 1211 1254 quomodo
1227 1217 1338 1250 ostium,
1358 1218 1493 1252 quomodo
1510 1219 1604 1252 vitem,
1622 1226 1690 1254 qua-

901 1271 963 1290 nam
982 1263 1062 1291 etiam
1077 1263 1111 1290 de
1125 1271 1207 1291 causa
1225 1263 1375 1300 intelligere
1390 1265 1538 1293 debeamus
1553 1273 1616 1294 eum
1631 1273 1690 1295 esse

899 1308 981 1340 viam,
999 1307 1070 1335 idem
1086 1309 1174 1336 solum
1190 1318 1243 1337 non
1262 1310 1351 1338 facere
1363 1330 1372 1343 ,
1386 1318 1449 1338 cum
1463 1310 1542 1337 audis
1561 1318 1622 1338 eum
1637 1311 1689 1339 dici

900 1353 927 1380 in
944 1353 1095 1388 Scripturis
1109 1353 1251 1382 Verbum?
1269 1355 1303 1383 Ut
1317 1363 1383 1391 ergo
1395 1356 1551 1391 diligentius
1564 1364 1597 1385 ac
1612 1365 1689 1386 reve-

900 1399 1006 1427 rentius
1032 1407 1212 1436 assequamur
1236 1408 1267 1428 ea
1293 1409 1354 1436 qua:
1373 1402 1473 1430 dicturi
1491 1409 1585 1430 sumus
1611 1403 1637 1430 in
1655 1411 1688 1431 ea

901 1452 953 1480 qua
966 1445 998 1473 de
1014 1445 1114 1481 agitur,
1129 1447 1325 1482 disputatione,
1337 1447 1443 1475 scilicet
1458 1449 1593 1483 quomodo
1605 1449 1690 1477 Filius

59 1492 129 1527 μετὰ
140 1491 320 1537 Ῠὰποδείξεως,
335 1493 393 1526 πῶς
403 1495 416 1520 ὁ
429 1494 492 1526 Υιὺς
507 1494 555 1521 τοῦ
573 1495 640 1522 Θεοῦ
654 1495 733 1523 τοῦτο
745 1496 775 1523 τὺ
790 1497 849 1524 ὀνο-

932 1491 951 1518 ai
971 1491 1077 1519 dicatur
1089 1499 1150 1520 esse
1165 1492 1281 1520 Verbum
1296 1501 1311 1534 a
1328 1494 1483 1522 nominibus
1499 1494 1595 1529 ipsius,
1610 1496 1689 1524 nobis

58 1547 97 1574 μα
125 1536 196 1566 εἶναι
222 1539 341 1573 λέγεται,
363 1539 450 1572 οὕτως
463 1541 510 1567 καὶ
527 1541 573 1568 ἐπὶ
590 1540 637 1568 τοῦ
660 1541 746 1576 Λόγον
767 1543 849 1570 αὐτον

935 1536 1069 1571 principio
1083 1538 1244 1573 propositis,
1264 1539 1427 1574 incipiamus
1442 1547 1553 1568 necesse
1569 1547 1621 1569 est.
1636 1542 1691 1570 Nec

56 1585 240 1620 ὀνομάζεσθαι
258 1586 395 1621 ποιητέον.
414 1586 464 1618 Τίς
478 1586 532 1623 γὰρ
553 1588 570 1623 ἡ
592 1588 785 1624 ἀποκλήρωσις
805 1590 848 1624 ἐφ’

57 1630 117 1662 ἑνὸς
133 1631 183 1666 μὲν
200 1631 315 1658 ἑκάστου
330 1631 367 1666 μὴ
384 1631 508 1658 ἵστασθαι
524 1633 570 1659 επὶ
585 1633 635 1669 τῆς
654 1633 763 1667 λέξεως,
781 1634 849 1661 ἀλλὰ

58 1675 126 1712 φέρε
139 1676 228 1702 εἰπεῖν
245 1675 347 1711 ζητεῖν,
365 1676 423 1707 πῶς
439 1677 520 1704 αὑτὸν
532 1677 673 1706 ἐκδεκτέον
687 1679 781 1714 Θύραν,
799 1681 847 1707 καὶ

57 1722 120 1749 τίνα
135 1721 237 1757 τρόπον
248 1721 381 1757 ἄμπελον,
396 1722 456 1748 τίνα
471 1731 500 1749 τε
514 1723 603 1750 αἰτίαν
615 1722 670 1760 (99)
682 1724 752 1757 ὁδὸν,
766 1725 812 1752 ἐπὶ
823 1726 852 1753 δὲ

60 1767 142 1802 μόνον
155 1767 203 1794 τοῦ
211 1768 297 1802 Λόγον
306 1767 388 1795 αὐτὸν
400 1769 606 1805 ἀναγεγράφθαι
619 1770 649 1796 τὺ
663 1770 852 1806 παραπλήσιον

58 1813 89 1839 οὒ
107 1813 254 1848 ποιητέον;
273 1813 333 1840 Ἵνα
354 1813 443 1841 τοίνυν
471 1814 571 1850 μᾶλλον
592 1814 852 1852 δυσωπητικώτερον

61 1858 278 1894 παραδεξώμεθα
292 1858 326 1885 τὰ
339 1859 525 1895 λεχθησόμενα
541 1861 582 1893 εὶς
602 1860 637 1887 τὰ
651 1861 714 1896 περὶ
725 1861 773 1888 τοῦ
794 1861 853 1894 πῶς

60 1903 149 1938 Λόγος
170 1904 245 1930 ἐστὶν
266 1905 280 1930 ὀ
303 1904 366 1936 Υἱὸς
381 1904 428 1931 τοῦ
444 1905 523 1937 Θεοῦ,
537 1905 654 1941 ἀρκτέον
672 1906 726 1933 ἀπὸ
746 1906 801 1934 τῶν
821 1907 851 1940 ἐξ

60 1948 149 1983 ἀρχῆς
170 1949 237 1984 ἡμῖν
254 1948 440 1984 προτεθέντων
459 1950 598 1986 ὀνομάτων
620 1952 713 1978 αὐτοῦ.
734 1953 789 1979 Καὶ
809 1953 850 1980 ὅτι

61 1994 112 2030 μὲν
125 1994 199 2026 δόξει
211 1994 266 2020 τισὶ
283 1994 385 2031 σφόδρα
403 1996 604 2031 παρεκϐατικὺν
620 1995 689 2024 εἶναι
712 1998 743 2025 τὸ
762 1997 850 2025 τοιοῦ-

58 2046 115 2071 τον,
128 2039 180 2065 οὐκ
193 2039 357 2075 ἀγνοοῦμεν·
381 2040 450 2076 πλὴν
474 2042 652 2077 ὲπιστήσαντι
674 2044 723 2070 καὶ
736 2044 804 2079 πρὸς
820 2044 850 2070 τὸ

902 1581 1061 1618 ignoramus
1076 1582 1135 1611 fore
1158 1583 1264 1618 aliquos
1281 1585 1381 1619 quibus
1396 1584 1529 1618 ejusmodi
1555 1586 1688 1621 digressio

903 1627 989 1661 major
1004 1635 1086 1662 quam
1102 1636 1151 1663 pro
1168 1630 1207 1656 rei
1225 1630 1389 1658 necessitate
1409 1637 1470 1658 esse
1485 1631 1628 1659 videatur:
1647 1637 1690 1660 at-

903 1677 993 1701 tamen
1010 1673 1130 1701 animum
1154 1674 1294 1702 adhibenti
1320 1676 1359 1703 rei
1377 1676 1410 1703 de
1434 1684 1486 1711 qua
1512 1678 1610 1711 agitur,
1636 1685 1689 1706 non

901 1727 997 1755 parum
1013 1719 1079 1747 utile
1099 1719 1182 1748 fuerit
1199 1721 1345 1756 explorare
1360 1729 1457 1756 sensa,
1474 1723 1507 1750 de
1520 1724 1619 1759 quibus
1639 1732 1690 1752 no-

900 1765 972 1792 mina
993 1769 1146 1800 ponuntur,
1173 1774 1288 1801 quorum
1309 1769 1392 1796 etiam
1413 1768 1598 1796 consideratio
1617 1770 1689 1797 utilis

900 1811 953 1838 erit
966 1811 1000 1838 ad
1020 1818 1063 1838 res
1084 1819 1144 1846 qua:
1162 1813 1374 1848 subsequuntur.
1392 1815 1510 1844 Proinde
1531 1823 1592 1844 cum
1608 1815 1690 1843 semel

902 1858 927 1885 in
943 1857 1105 1892 theologiam
1122 1857 1156 1884 de
1172 1857 1318 1885 Servatore
1335 1860 1523 1892 inciderimus,
1547 1861 1689 1888 invenien-
1724 1853 1737 1863 ’

905 1908 945 1931 tes
957 1923 966 1937 ,
980 1902 1119 1938 diligentia
1138 1903 1269 1936 adhibita,
1293 1911 1353 1938 qua:
1369 1906 1401 1931 de
1421 1906 1466 1932 illo
1481 1905 1606 1933 feruntur
1620 1925 1628 1937 .
1645 1912 1690 1932 ue-

904 1949 1025 1977 cessario
1041 1956 1092 1976 non
1109 1954 1213 1977 tantum
1231 1957 1292 1977 eum
1307 1958 1338 1979 ea
1351 1959 1430 1986 parte
1444 1952 1691 1983 considerabimus,

903 2003 955 2032 qua
975 1995 1062 2029 Λόγος
1087 1995 1126 2031 [id
1146 1999 1188 2023 est
1212 1994 1330 2024 Verbum
1357 2001 1384 2024 et
1403 1996 1484 2033 ratio]
1504 1997 1620 2029 dicitur;
1644 1996 1691 2024 sed

904 2043 984 2070 etiam
999 2041 1118 2076 plenius,
1134 2045 1162 2069 et
1178 2041 1288 2070 uberius
1304 2051 1352 2078 pro
1376 2044 1447 2071 virili
1465 2048 1570 2076 nostra,
1586 2043 1690 2078 reliqua

59 2085 242 2120 προκείμενον
261 2086 395 2121 χρήσιμον
421 2086 497 2113 ἔσται
520 2087 552 2114 τὸ
570 2087 714 2123 βασανίσαι
734 2089 783 2122 τὰς
807 2090 849 2116 ὲν-

932 2087 1034 2117 ιοοὺυιιι
1052 2087 1152 2123 quibus
1168 2087 1328 2123 appellatur,
1344 2090 1532 2117 tractabimus.

59 2131 144 2164 νοιας,
161 2132 222 2159 καθ’
242 2130 280 2160 ὧν
301 2133 336 2160 τὰ
359 2134 479 2170 ὀνόματα
501 2136 600 2168 κεῖται,
627 2137 675 2163 καὶ
691 2137 806 2173 προόδου
824 2137 877 2164 τῶν
902 2136 1109 2172 ἐπιφερομένων
1128 2135 1244 2172 ὑπάρξει
1265 2136 1282 2173 ἡ
1304 2138 1468 2174 κατανόησις
1485 2137 1540 2165 τῶν
1564 2136 1694 2174 πραγμά-

59 2186 124 2205 των.
141 2178 232 2212 ’Δπαξ
252 2178 281 2206 δὲ
305 2180 345 2212 εἰς
366 2179 415 2215 τὴν
441 2180 565 2216 περὶτοῦ
590 2181 716 2217 Σωτῆρος
736 2182 874 2216 θεολογίαν
907 2181 1074 2217 ἐμπεσόντες
1089 2200 1097 2212 ,
1121 2180 1278 2214 ἀναγκαίως
1302 2182 1352 2218 ὅση
1379 2182 1494 2218 δύναμις
1515 2182 1553 2218 (1)
1576 2183 1609 2210 τὰ
1629 2181 1694 2218 περὶ

61 2225 146 2253 αὑτοῦ
166 2225 237 2261 μετὰ
260 2226 375 2263 ἐρεύνης
393 2227 587 2263 εὑρίσκοντες,
611 2228 795 2264 πληρέστερον
817 2229 898 2256 αὑτὸν
921 2228 951 2255 οὑ
980 2227 1059 2264 μόνον
1081 2224 1098 2264 ᾖ
1121 2227 1206 2261 Λόγος
1228 2227 1287 2254 ἐστὶ
1315 2229 1463 2264 νοήσομεν,
1492 2228 1560 2255 ἀλλὰ
1588 2229 1636 2255 καὶ
1659 2228 1694 2256 τὰ

60 2271 155 2299 λοιπά.

95 2319 144 2346 Ἠ.
162 2319 273 2353 Ἔλεγεν
285 2316 332 2346 οὖν
346 2319 441 2347 ἑαυτὸν
455 2317 525 2348 εἶναι
538 2320 595 2355 φῶς
618 2319 665 2347 τοῦ
681 2321 794 2357 κόσμου,
814 2323 861 2349 καὶ

95 2378 121 2395 ⁴⁶
137 2378 209 2406 Psal.
226 2385 298 2411 xuv,
313 2379 338 2406 1.

701 2459 708 2470 .
729 2443 781 2465 etc.
799 2438 852 2466 Va-

65 2475 238 2505 lentinianus,
251 2473 401 2501 Marcosios
411 2479 437 2499 et
451 2473 624 2501 Cularhasios
635 2473 772 2507 suggillat.
787 2473 853 2501 Vide

64 2510 206 2538 lrenamm.
220 2508 268 2535 lib.
283 2517 303 2541 ι,
318 2516 377 2543 cap.
391 2508 434 2541 10;
451 2508 639 2543 Epiphaninm,
655 2508 849 2540 h:eres.uxuv,

84 2552 124 2571 ua:
142 2549 186 2571 est
196 2543 402 2574 Marcosiorum,
418 2551 476 2577 cap.
492 2543 519 2574 6,
532 2548 559 2570 et
572 2543 702 2570 Ililarium
717 2543 763 2570 lib.
776 2551 791 2570 ιι
811 2543 850 2570 De

88 2579 159 2606 rinit.
192 2579 279 2612 Quam
312 2578 455 2612 impiormn
490 2578 678 2605 lizcretieorum
717 2578 849 2605 nefariam

65 2613 213 2648 doctrinam
229 2617 290 2648 post
298 2612 433 2648 prigenis
452 2617 572 2647 tempora
589 2612 727 2648 renovavit
752 2612 851 2639 Paulus

65 2647 272 2676 Samosateniis.
297 2647 474 2680 Philastrius,
493 2648 590 2674 haeres.
606 2655 681 2674 i.\tv.
707 2647 757 2674 llic
783 2655 849 2675 vero

65 2683 188 2718 Origenis
208 2684 294 2718 locus
309 2683 345 2718 iis
369 2681 555 2716 adjungendus
579 2687 622 2709 est
634 2689 713 2718 AQIIOS
742 2681 850 2718 collegit

65 2716 220 2754 Pamphilus
231 2718 257 2745 itt
277 2716 416 2754 Apologia,
428 2716 729 2754 u_t_e_oru_m_cor_irutarct
747 2717 849 2754 calum-

65 2751 136 2780 niam'
148 2753 194 2789 qui
210 2751 420 2789 perversohuic
436 2751 574 2789 _Valentini
607 2752 725 2789 dogmati
751 2751 849 2786 Orige-

65 2796 121 2815 nem
134 2786 248 2816 haesisse
266 2786 468 2820 jactabant.Ad
483 2787 540 2814 hate
570 2791 658 2814 autem
684 2787 742 2819 ejus
764 2788 847 2814 verba

63 2830 121 2851 cum
136 2832 192 2852 non
216 2823 288 2852 satis
313 2823 471 2852 attendisset
495 2821 735 2856 prastantissimus
760 2822 848 2850 aetatis

49 2445 51 2448 ‘
97 2439 155 2473 (96)
169 2439 224 2466 Καὶ
246 2438 334 2466 εστιν
349 2438 435 2470 ἄξιον
453 2437 614 2473 ἐπιστῆσαι
630 2438 692 2471 τοῖς

950 2322 996 2350 2-1.
1021 2322 1088 2350 Cum
1114 2328 1180 2357 ergo
1203 2320 1304 2348 dixerit
1326 2320 1446 2355 seipsum
1471 2320 1559 2348 lucem
1587 2321 1692 2354 mundi,

907 2443 1009 2475 postne
1019 2439 1172 2475 theologus,
1184 2440 1278 2467 eadem
1292 2439 1318 2467 in
1335 2439 1381 2467 illo
1395 2439 1570 2474 reprehendit
1587 2447 1648 2475 quae
1666 2440 1691 2468 in

906 2472 1103 2501 Valentinianis
1114 2472 1173 2508 ipse
1183 2476 1322 2510 carpebat,
1338 2475 1417 2508 quasi
1426 2472 1514 2502 'suam
1524 2495 1532 2509 ,
1549 2472 1603 2502 neti
1631 2475 1692 2502 illo-

906 2515 964 2535 rum
979 2510 1143 2536 seutentiam
1159 2510 1329 2543 protulisset.
1343 2510 1475 2537 HUE'I'IUS.

940 2543 995 2578 (97)
1014 2544 1219 2578 Ἐπικειμενον
1238 2545 1304 2576 μέν,
1317 2550 1370 2572 etc.
1401 2544 1555 2579 Legendum
1575 2544 1692 2572 fortasse

904 2579 949 2614 vel
963 2579 1005 2604 ἐπ’
1019 2578 1134 2611 ἐκείνοις
1149 2579 1208 2614 μέν,
1227 2579 1303 2614 quod
1325 2578 1477 2614 opponet’ur
1500 2579 1563 2606 huic
1589 2579 1636 2606 ἐπὶ
1664 2580 1691 2607 δι

903 2612 992 2648 τούτῳ
1005 2614 1076 2647 quod
1093 2612 1216 2648 proiirne
1230 2612 1361 2648 sequitur.

939 2647 995 2683 (98)
1017 2648 1080 2675 Ἐπὶ
1095 2647 1129 2675 δὲ
1145 2649 1249 2681 τούτῳ.
1266 2647 1311 2676 Sic
1325 2652 1400 2675 recte
1415 2647 1498 2675 habet
1513 2648 1598 2676 codex
1623 2649 1695 2677 Bod-

901 2682 1007 2711 leianus
1019 2691 1027 2714 ς
1040 2683 1110 2711 male
1125 2684 1150 2710 in
1164 2684 1283 2711 editione
1300 2683 1389 2710 Huetii
1405 2683 1450 2709 ἐπὶ
1464 2683 1493 2710 δὲ
1507 2683 1620 2711 τούτων.

948 2718 992 2753 99)
1004 2718 1073 2745 Τίνα
1080 2727 1111 2754 τε
1117 2719 1224 2745 αἰτίαν.
1232 2719 1321 2746 Codex
1332 2719 1504 2754 Bodleiauus,
1513 2718 1597 2754 τίνιᾷὲ
1607 2718 1691 2754 αἰτίᾳ.

950 2755 975 2788 1)
986 2754 1063 2787 Ὅση
1074 2753 1209 2789 δύναμις.
1220 2755 1294 2788 Apud
1305 2754 1429 2780 lluetium
1442 2753 1558 2816 legitur?
1568 2753 1691 2789 δύναμις,

955 2789 1048 2815 codice
1066 2788 1231 2816 Bodleiano.
1257 2789 1294 2816 ὡς
1315 2789 1331 2816 ἠ
1357 2787 1481 2816 δύναμις.
1510 2795 1538 2815 se
1582 2789 1691 2816 onlnin

900 2788 927 2815 in
943 2787 1048 2815 'eodiee
1066 2787 1209 2824 Bodleiano
1224 2809 1231 2821 ,
1244 2787 1294 2820 ⁷ὡς
1315 2789 1332 2824 ἠ
1357 2787 1481 2823 δύναμις,
1510 2787 1557 2816 sed
1582 2787 1653 2816 Ortini

900 2823 1042 2858 legendum
1057 2823 1107 2859 ὅση
1122 2823 1245 2859 δύναμις,
1261 2830 1289 2852 ιιι
1301 2823 1330 2851 in
1347 2828 1439 2851 nostro
1454 2827 1540 2850 textu.

1582 2796 1691 2816 Olllttlno
