1870 3046
201 96 234 123 67
931 93 962 122 Oi

1052 92 1092 121 llS
1794 101 1823 128 68

200 157 281 184 etiam
296 156 430 192 proxima,
443 160 470 183 et
482 154 580 183 simiiia
598 155 662 182 huic
673 155 743 187 voci,
757 161 817 189 quae
828 154 958 189 quibusda

1052 155 1073 180 λὰ
1088 154 1278 190 παρακείμενα
1301 155 1386 190 ταύτῃ
1405 153 1438 191 τῇ
1456 154 1588 192 ὀνομασίᾳ
1609 157 1822 191 συνεξεταστεον,

201 202 319 230 fortasse
333 210 384 229 non
410 206 513 229 tantum
529 202 651 236 proxima
672 205 700 228 et
716 200 827 233 similia,
842 201 888 227 sed
905 201 986 228 etiam

201 250 296 277 eadem
313 248 473 275 videbuntur
488 253 548 274 esse
560 267 568 279 ,
588 246 817 274 examinabimus.
836 246 930 281 itaque
943 247 986 274 lux

202 301 243 323 cst
256 294 403 326 hominum,
419 294 465 321 luet
477 298 518 321 est
529 300 604 325 vera,
620 293 664 320 lux
676 297 716 321 cst
727 291 841 328 denique
855 293 985 328 gentium.

202 341 277 374 Quod
292 342 326 369 sit
341 342 384 367 lux
401 340 552 370 liotninum,
572 338 728 374 Evangelii,
744 340 822 374 cujus
837 340 988 367 instituitur

201 395 270 414 nunc
295 394 309 413 a
334 387 411 413 nobis
433 386 643 422 interpretatio,
660 384 768 412 inltimu
793 390 927 417 testatur,
946 386 987 413 di-

199 440 283 459 cens:
305 431 381 465 Quod
401 432 499 466 factum
516 436 564 463 est,
589 434 617 458 in
644 432 699 465 ipsa
719 432 770 458 vita
791 436 847 458 erat
868 437 915 458 :et
932 434 985 459 vita

198 484 252 504 erat
266 478 313 504 lux
327 477 473 509 hominum,
493 483 516 504 et
538 476 584 503 lux
605 478 632 504 in
652 477 764 504 tenebris
784 477 861 510 lucet,
876 483 900 504 et
916 483 984 504 tene-

198 524 251 550 bru’
269 532 325 550 eam
341 532 392 550 non
409 523 635 556 oppreltcnderunt
649 523 683 549 ⁸⁷.
702 523 779 557 Quod
798 524 880 551 etiam
891 523 927 551 sit
939 523 983 551 lux

196 577 272 602 vera,
294 569 412 602 ejusdem
428 567 567 603 Evangelii
582 568 634 604 27
651 570 735 596 verba
750 569 908 601 declarant,
925 577 984 604 quae

197 624 258 642 mox
286 615 483 642 subnectuutur
499 623 505 642 :
522 612 590 641 Erat
617 614 663 641 ius:
687 622 746 641 rem
770 622 828 649 qtae
851 615 983 642 illuminat

196 669 298 688 onmem
311 660 440 687 hominem
455 660 596 687 venientem
612 660 638 687 in
653 660 779 687 mundum
792 661 824 689 ⁸⁸.
843 661 900 688 Lux
919 668 983 688 vero

195 708 314 742 gentium
333 708 366 734 ab
389 707 454 734 Isaia
472 706 632 742 appellatur,
644 706 903 741 sicutprtediximus,
917 707 982 735 illud

196 751 268 779 illius
283 753 466 779 testimonium
481 751 667 786 proferentcs:
688 752 755 778 Ecce
772 752 847 785 posui
863 757 887 779 te
901 752 929 780 in
945 753 983 779 lu-

195 805 250 824 cem
265 797 391 832 gentium,
404 802 431 823 ut
447 797 482 823 nis
497 795 569 823 salus
585 803 641 823 mea
658 795 689 823 ab
708 796 831 823 extremis
852 802 930 824 terra:
947 796 979 824 υ.

195 831 326 869 Caeterum
341 840 385 869 lux
401 841 490 869 mundi
503 842 552 869 sub
567 849 675 869 sensum
689 842 790 869 cadens
802 841 842 869 sol
857 847 908 870 est.
919 841 983 870 Post
998 831 1019 858 Β

194 888 266 915 hunc
289 895 340 915 non
362 888 525 916 inconcinne
549 889 630 916 etiam
648 888 710 915 luna
728 895 759 915 ac
783 889 900 923 denique
918 888 982 915 reli-

194 940 253 968 qua!
267 934 351 961 stellm
367 934 461 962 eodem
477 935 587 962 nomine
601 935 840 968 nuncupalntntur.
859 934 915 962 Lux
932 933 982 962 Sub

193 985 301 1006 sensum
316 979 426 1011 cadens,
442 987 502 1006 cum
515 980 570 1006 haec
584 979 648 1011 sint,
665 987 697 1006 eo
712 979 784 1013 quod
797 979 936 1006 terrestria
950 979 980 1006 il-

192 1024 336 1057 luminant,
349 1026 419 1052 dicta
436 1026 505 1060 apud
518 1024 617 1052 Mosem
631 1028 729 1060 quarto
742 1024 786 1052 die
798 1024 870 1052 facta
884 1024 979 1057 fuisse,

193 1071 265 1098 haud
278 1076 365 1098 tamen
381 1071 425 1097 lux
439 1074 503 1098 sunt
519 1078 594 1098 vera.
612 1070 648 1097 At
659 1077 725 1098 vero
741 1069 872 1098 Servator
887 1076 981 1098 noster

191 1115 351 1144 illucescens
366 1115 408 1143 his
431 1116 477 1151 qui
494 1116 608 1144 rationis
622 1119 685 1143 sunt
704 1123 829 1151 capaces,
843 1122 978 1151 praestan-

193 1162 305 1190 tissimis
334 1162 486 1189 animarum
510 1168 604 1189 eorum
629 1162 776 1196 partibus.
803 1167 832 1189 ut
859 1162 978 1196 ipsorum

191 1215 268 1236 mens
281 1208 388 1243 propria
404 1207 579 1241 aspcctabilia
595 1211 700 1240 cernat,
715 1207 893 1242 intclligibiiis
903 1215 979 1234 mliti-

190 1254 217 1281 di
231 1254 277 1280 lux
298 1257 356 1280 est:
383 1253 512 1280 nimirum
529 1253 682 1280 animarum
709 1252 822 1279 rationis
837 1252 977 1287 capacium

191 1298 219 1326 in
245 1299 296 1326 hoc
320 1299 420 1326 mundo
447 1298 567 1326 sensibili
584 1298 793 1331 exsistcntium;
812 1303 838 1325 et
863 1298 885 1325 si
912 1297 976 1333 quid

190 1349 288 1379 praeter
303 1344 360 1372 lucc
373 1343 503 1371 mundum
518 1343 650 1378 complet:
669 1350 702 1370 ex
716 1350 770 1378 quo
784 1343 914 1370 Scrvator
926 1351 977 1371 no-

190 1394 247 1417 ster
262 1397 321 1417 csse
336 1397 385 1416 nos
403 1390 490 1417 docet.
507 1389 634 1417 Fortasse
651 1390 708 1424 ipse
728 1389 802 1417 illius
818 1389 975 1424 pneceilens

188 1435 465 1470 prmatantissimaque
479 1441 542 1469 pars
557 1435 704 1469 exsistens,
721 1439 750 1461 ut
762 1435 798 1461 ita
811 1435 910 1470 dicam,
924 1434 974 1468 sol,

189 1480 234 1515 qui
249 1480 331 1508 t‘aciat
351 1482 421 1509 diem
439 1480 546 1508 Domini
568 1487 694 1516 magnum
706 1502 713 1513 ,
727 1481 804 1515 cujus
820 1480 872 1508 dici
893 1488 974 1508 causa

187 1526 222 1554 ad
235 1533 283 1554 eos
299 1527 362 1554 dicit
378 1526 423 1561 qui
440 1527 507 1554 lucis
521 1533 577 1554 sua:
592 1527 741 1562 participes
761 1531 858 1554 erant:
873 1526 974 1561 Opera-

189 1572 253 1600 mini
274 1573 336 1600 dum
351 1573 406 1600 dies
429 1577 484 1605 est;
504 1573 587 1599 ueniet
604 1580 666 1606 nox,
692 1573 797 1607 quando
824 1573 912 1600 nullus
929 1581 975 1607 po-

188 1625 243 1646 stea
259 1623 341 1653 potest
359 1619 480 1652 operari;
491 1619 609 1653 quandiu
626 1628 683 1646 sum
698 1619 725 1646 in
738 1619 846 1653 mundo,
858 1619 904 1646 lux
917 1626 974 1646 sunt

186 1665 280 1691 nrundi
295 1664 329 1691 ⁸ο.
347 1663 480 1696 Quoniam
500 1671 565 1692 vero
592 1664 732 1699 discipulis
759 1665 842 1691 etiam
866 1664 932 1692 dicit
965 1671 972 1691 :

192 1710 243 1737 Vo:
261 1711 322 1738 eatis
340 1709 387 1738 tua:
406 1711 516 1738 mutuli:
532 1716 573 1738 et:
595 1710 692 1738 Luceat
718 1710 766 1738 lus:
783 1716 866 1738 rutra
883 1717 972 1738 coram

186 1756 334 1783 hominibus
347 1756 367 1773 "
381 1765 387 1783 :
401 1764 453 1784 non
468 1763 547 1784 secus
558 1762 639 1791 atque
649 1756 739 1784 lunam
754 1760 781 1784 ct.
799 1761 871 1784 astra
883 1757 973 1785 lucere

138 1822 149 1832 .
189 1803 379 1830 existimamus
397 1809 523 1837 sponsam
543 1802 702 1836 Ecclcslam,
718 1807 745 1829 et
759 1802 906 1837 discipulos
926 1803 971 1838 qui

186 1849 325 1883 propriam
342 1849 429 1875 lucem
448 1849 547 1876 habent
560 1854 587 1875 et
601 1847 635 1875 ab
653 1848 699 1876 illo
715 1854 780 1876 vero
793 1848 850 1876 sole
865 1853 972 1876 mutua-

187 1901 252 1928 tam,
271 1900 299 1922 ul
319 1894 428 1922 luceant
444 1895 496 1923 illis
513 1895 558 1930 qtti
576 1894 645 1922 lucis
666 1895 768 1922 fontem
786 1894 811 1922 in
827 1901 855 1922 se
870 1901 973 1929 pra-pa-

184 1946 247 1967 rare
262 1948 315 1968 non
334 1945 457 1974 possunt.
474 1939 554 1967 Verbi
572 1939 672 1975 gratia,
691 1940 804 1967 Paulum
822 1940 931 1975 quidem
945 1942 972 1967 et

184 1985 295 2013 Petrum
313 1984 432 2013 dicimus
446 1986 534 2013 lucctn
560 1985 651 2012 mundi
667 1995 673 2018 ;
690 1986 814 2020 Vulgares
831 1992 906 2016 vero,
929 1983 971 2013 vel

183 2031 305 2066 ipsorum
319 2030 479 2065 discipulos,
493 2031 537 2065 qui
558 2030 744 2058 iiiuminentur
762 2031 882 2065 quidem,
900 2030 970 2058 haud

183 2083 275 2104 tamen
301 2077 453 2104 illuminare
477 2076 545 2105 alios
569 2077 694 2112 possint,
719 2077 869 2104 mundum:
893 2076 970 2112 cujus

183 2123 275 2150 Inuntli
292 2122 336 2149 iux
354 2122 430 2150 fuere
445 2122 570 2157 apostoli.
590 2122 623 2149 At
641 2130 703 2150 vero
718 2122 846 2150 Servatur
863 2122 908 2150 lux
926 2130 970 2150 ex-

1039 200 1152 233 δόξαντα
1164 201 1196 227 ἄν
1210 209 1281 228 τισιν
1298 201 1358 236 οὐχὶ
1376 202 1566 237 παρακείμενα
1590 202 1682 237 μόνον,
1699 202 1767 229 ἀλλὰ
1782 204 1822 229 καὶ

1038 246 1071 273 τὰ
1088 246 1157 273 αὐτὰ
1167 247 1320 282 τυγχάνειν.
1330 247 1408 274 Ἔστι
1426 247 1454 274 δὲ
1472 247 1502 274 τὸ
1519 248 1577 282 φῶς
1591 247 1622 275 τδ
1630 248 1766 284 ἀληθινὸν,
1780 249 1822 274 καὶ

1039 293 1096 327 φῶς
1108 292 1206 319 ὲθνῶν·
1225 293 1283 327 φῶς
1298 292 1347 328 μὲν
1365 292 1516 329 ἀνθρώπων
1528 294 1557 320 ὲν
1569 294 1601 329 τῇ
1615 293 1663 320 τοῦ
1681 294 1822 330 προκειμέ-

1038 347 1083 365 νου
1107 338 1273 373 Εὑαγγελίου
1298 339 1388 374 ἀρχῇ*
1412 339 1441 365 Ὃ
1460 339 1565 374 γέγονε
1588 339 1653 375 γὰρ,
1676 340 1770 374 φησιν,
1791 340 1822 366 ἐν

1036 383 1116 416 αὐτῷ
1133 383 1189 417 ζωὴ
1203 382 1258 418 ἦν·
1278 384 1327 411 καὶ
1343 384 1361 417 ὴ
1386 382 1441 418 (mh
1455 382 1490 419 ἦν
1506 385 1538 411 τὸ
1554 384 1616 419 φῶς
1631 384 1692 411 τῶν
1713 384 1819 419 ἀγοραί·-

1037 437 1111 462 πων,
1120 429 1174 456 ,καὶ
1187 429 1219 455 τὸ
1235 428 1298 463 φῶς
1313 430 1348 455 ἐν
1361 427 1399 462 τῇ
1412 430 1519 463 σκοτίᾳ
1530 430 1640 464 φαίνει,
1654 430 1704 456 καὶ
1720 431 1740 464 ἡ
1755 437 1822 456 σιο-

1036 475 1084 502 τία
1094 475 1165 502 αὐτὸ
1181 476 1216 501 οὐ
1229 475 1374 502 κατέλαϐε
1386 483 1393 490 ο
1408 474 1465 510 φῶς
1477 474 1505 501 δὲ
1518 475 1644 510 ἀληθινὸν
1657 477 1686 502 ὲν
1699 477 1756 507 τοῖς
1764 476 1822 510 ἑξῆς

1035 521 1084 557 τῆς
1097 521 1182 555 αὐτῆς
1194 521 1301 556 γραφῆς
1318 520 1520 556 ἐπιγέγραπται
1529 517 1820 555 ’ἾῙντὸςρῶς-τὸᾶλη-

1036 567 1130 600 θινὸν,
1146 567 1162 594 ὃ
1178 567 1291 602 φωτίζει
1309 567 1409 594 πάντα
1423 567 1579 601 ἄνθρωπον
1598 567 1765 603 ἐρχόμενον
1781 570 1821 601 εις

1034 613 1088 641 τὸν
1102 615 1233 648 κόσμον·
1248 613 1306 647 φῶς
1316 613 1345 639 δὲ
1355 613 1440 640 ἐθνῶν
1452 613 1481 640 ὲν
1496 611 1535 649 τῷ
1553 613 1662 648 Ἡσαΐᾳ,
1683 614 1722 646 ὼς
1732 615 1820 649 προεί-

1036 667 1132 694 πομεν,
1148 659 1359 694 παρατιθέμενοι
1373 659 1419 685 τό·
1439 658 1512 686 Ἰδοὺ
1527 658 1644 686 τέθεικά
1657 666 1695 685 σε
1707 660 1751 691 εις
1762 657 1821 693 φῶς

1033 706 1138 737 ἐθνῶν,
1148 705 1202 732 τοῦ
1214 704 1291 732 εἶναί
1302 713 1338 732 σε
1350 706 1394 738 εἰς
1404 705 1555 739 σωτηρίαν
1560 704 1615 738 ἕως
1626 704 1759 739 ἐσχάτου
1769 703 1820 739 τῆς

1034 749 1100 785 γῆς.
1115 749 1174 781 Φῶς
1187 749 1215 776 δὲ
1232 750 1334 785 κόσμου
1350 749 1479 785 αἰσθητὸν
1492 751 1506 776 ὁ
1516 749 1590 784 ἡλιός
1604 750 1672 781 ἐστι,
1694 749 1742 776 καὶ
1755 750 1820 784 μετά

1033 796 1128 822 τοῦτον
1147 796 1198 822 οὐκ
1219 795 1376 831 ἀπᾳδόντως
1393 795 1410 830 ἡ
1428 793 1526 830 σελήνη
1541 794 1578 830 (2)
1594 795 1643 821 καὶ
1665 795 1690 821 oi
1710 795 1820 830 ἀστέρες

1032 841 1071 876 τῷ
1091 840 1166 876 αὐτῷ
1189 841 1302 877 ὀνόματι
1320 839 1643 876 προσαγορευθήσονται·
1670 839 1740 867 ἀλλὰ
1765 841 1819 875 φῶς

1034 888 1083 923 μὲν
1094 886 1223 923 αἰσθητὸν
1235 887 1414 922 τυγχάνοντες
1433 887 1458 913 oi.
1477 887 1617 921 γεγονέναι
1636 887 1713 923 παρὰ
1729 887 1820 914 Mucii

1032 933 1173 968 λεγόμενοι
1189 934 1222 968 τῇ
1239 933 1357 968 τετάρτῃ
1373 932 1477 968 ἡμέρᾳ,
1491 932 1560 959 καθὸ
1569 932 1716 967 φωτίζουσι
1732 933 1767 960 τὰ
1778 933 1819 959 ἐπὶ

1030 977 1093 1012 γῆς,
1102 976 1153 1003 οῦκ
1165 977 1217 1003 εισι
1226 976 1283 1012 φῶς
1291 976 1426 1012 ἀληθινόψ
1439 978 1456 1003 ὁ
1465 977 1494 1004 δὲ
1504 977 1609 1014 Σωτὴρ,
1622 978 1771 1014 ἐλλάμπων
1783 979 1817 1014 (3)

1030 1025 1085 1055 τοῖς
1114 1023 1232 1057 λογικοῖς
1259 1023 1307 1049 καὶ
1328 1024 1504 1058 ἡγεμονικοῖς
1518 1043 1524 1055 ,
1550 1024 1596 1050 ἵνα
1617 1024 1708 1051 αὐτῶν
1727 1026 1741 1052 ὁ
1759 1028 1819 1059 νοῦς

1029 1069 1062 1096 τὰ
1078 1070 1130 1096 ἴδια
1143 1069 1228 1105 ὁρατὰ
1248 1069 1344 1105 β’λέπῃ,
1361 1069 1410 1095 τοῦ
1423 1068 1518 1104 νοητοῦ
1542 1070 1646 1106 κόσμου
1667 1072 1727 1098 ἐστὶ
1750 1073 1817 1108 φῶςι

1029 1116 1100 1151 λέγω
1119 1117 1147 1143 δὲ
1171 1117 1227 1142 τῶν
1241 1114 1357 1150 λογικῶν
1372 1115 1466 1151 ψυχῶν
1483 1115 1539 1143 τῶν
1561 1117 1590 1143 ἐν
1616 1117 1654 1153 τῷ
1671 1117 1818 1155 αἰσθητικῷ

1029 1162 1133 1197 κόσμῳ,
1150 1162 1197 1188 καὶ
1211 1161 1238 1187 εί
1252 1170 1279 1187 τι
1294 1162 1369 1197 παρὰ
1384 1161 1470 1188 ταῦτα
1484 1163 1638 1200 συμπληροῖ
1650 1164 1696 1190 τὸν
1707 1165 1816 1200 κόσμον,

1029 1207 1075 1241 ἀφ’
1100 1204 1130 1234 οὗ
1150 1209 1163 1233 ὁ
1183 1207 1279 1243 Σωτὴρ
1306 1206 1374 1234 εἶναι
1394 1208 1467 1243 ἡμᾶς
1486 1208 1621 1236 διδάσκει·
1639 1210 1711 1245 τάχα
1739 1212 1818 1248 μέρος

1028 1253 1110 1280 αὑτοῦ
1138 1253 1169 1279 τὸ
1189 1253 1359 1289 κυριώτατον
1379 1255 1426 1281 καὶ
1439 1255 1567 1291 διαφέρον
1587 1257 1741 1291 τυγχάνων,
1762 1260 1816 1290 καὶ,

1027 1299 1065 1331 ὡς
1079 1299 1152 1326 ἔστιν
1168 1300 1266 1331 εἰπεῖν,
1282 1299 1358 1335 ἥλιος
1385 1301 1493 1336 ἡμέρας
1509 1301 1632 1337 μεγάλης
1653 1303 1758 1339 Κυρίου
1782 1304 1815 1339 (4)

1028 1346 1159 1382 ποιητής-
1180 1345 1379 1382 δι’ἣνηπὴμέραν
1400 1346 1466 1382 φησὶ
1479 1348 1536 1379 τοῖς
1559 1348 1606 1374 τοῦ
1624 1349 1713 1383 φωτὸς
1734 1350 1814 1377 αὑτοῦ

1028 1392 1287 1428 μεταλαμϐάνουσιν·
1306 1391 1479 1427 Ἐρτὰζεσθε
1494 1393 1549 1426 ἕως
1558 1393 1596 1429 (5)
1605 1394 1701 1428 ἡμέρα
1713 1395 1814 1423 ἐστίν·

1025 1438 1141 1473 ἄρχεται
1152 1439 1219 1470 νὺξ,
1227 1439 1276 1466 ὅτε
1285 1439 1386 1466 οὐκέτι
1396 1439 1496 1473 οὐδεὶς
1505 1440 1627 1467 δύναται
1634 1441 1814 1476 ἐργάζεσθαι·

1027 1484 1099 1511 ὅταν
1115 1484 1150 1510 ἐν
1161 1485 1202 1517 τῷ
1212 1485 1315 1519 κόσμῳ
1325 1482 1358 1517 ὦ,
1371 1486 1434 1520 φῶς
1449 1487 1506 1520 εἰμι
1522 1485 1575 1514 τοῦ
1591 1487 1719 1522 κόσμου.
1741 1489 1815 1516 Ἐπεὶ

1027 1530 1055 1556 δὲ
1071 1530 1117 1556 καὶ
1130 1531 1186 1561 τοῖς
1203 1530 1334 1565 μαθηταῖς
1346 1539 1427 1566 φησιν
1437 1540 1443 1546 ·
1466 1531 1559 1566 Ὑμεῖς
1571 1533 1641 1560 ἐστε
1651 1534 1684 1560 τὸ
1692 1534 1756 1569 φῶς
1765 1536 1815 1563 τοῦ

1026 1576 1154 1609 κόσμου·
1171 1575 1233 1602 καίθ
1251 1577 1402 1610 Λαμψάτω
1421 1577 1454 1603 τὸ
1468 1577 1531 1612 φῶς
1547 1578 1631 1612 ὑμῶν
1646 1580 1816 1615 ἔμπροσθεν

1024 1621 1086 1647 τῶν
1105 1620 1268 1654 ἀνθρώπων
1278 1629 1284 1636 ·
1300 1621 1331 1647 τὸ
1346 1621 1370 1648 δ’
1383 1622 1515 1657 ἀνάλογον
1531 1624 1629 1661 σελήνῃ
1641 1626 1688 1652 καὶ
1703 1626 1814 1663 ἄστροις

1026 1666 1255 1701 ὑπολαμϐάνομεν
1270 1665 1340 1693 εἶναι
1362 1669 1426 1702 περὶ
1448 1668 1497 1703 τὴν
1512 1669 1621 1706 νύμφην
1642 1671 1814 1708 Ἐκκλησίαν,

1025 1713 1071 1738 καὶ
1085 1712 1148 1743 τοὺς
1171 1712 1293 1747 μαθητὰς
1318 1711 1430 1747 ἔχοντας
1451 1714 1548 1740 οἰκεῖον
1569 1715 1637 1749 φῶς,
1656 1716 1673 1751 ἢ
1696 1717 1752 1744 ἀπὸ
1769 1717 1814 1744 τοῦ

1024 1757 1151 1792 ἀληθινοῦ
1166 1757 1241 1792 ἡλίου
1259 1757 1416 1793 ἐπίκτητον,
1431 1759 1474 1785 ἴνα
1487 1760 1625 1793 φωτίσωσι
1651 1762 1689 1797 μὴ
1707 1762 1816 1798 δεδυνη-

1026 1803 1123 1838 μένους
1140 1803 1232 1839 πηγὴν
1246 1805 1275 1830 ὲν
1296 1805 1389 1835 αὐτοῖς
1410 1806 1612 1833 κατασκευάσαι
1630 1808 1731 1843 φωτός.
1753 1807 1814 1836 Οἴον

1024 1847 1129 1874 Παῦλον
1148 1849 1197 1883 μὲν
1217 1848 1266 1875 καὶ
1292 1848 1395 1884 Πέτρον
1413 1849 1471 1884 φῶς
1493 1850 1610 1887 ἐροῦμεν
1626 1852 1673 1879 τοῦ
1692 1853 1812 1890 κόσμου·

1023 1894 1085 1925 τοὺς
1099 1894 1127 1920 δὲ
1146 1894 1278 1929 τυχόντας
1299 1895 1354 1921 τῶν
1372 1897 1437 1930 παρ’
1460 1896 1552 1928 αὐτοῖς
1573 1897 1813 1935 μαθητευομένων,

1024 1939 1225 1974 φωτιζομὲνους
1240 1941 1300 1976 μὲν,
1318 1940 1348 1967 οὐ
1366 1941 1419 1977 μὴν
1433 1941 1560 1976 φωτίζειν
1574 1942 1684 1980 ἑτέρους
1694 1944 1814 1981 δυναμέ-

1022 1993 1094 2018 νους,
1109 1986 1153 2012 τὸν
1167 1986 1279 2022 κόσμον,
1294 1984 1325 2014 οὗ
1339 1987 1441 2022 κόσμου
1455 1989 1512 2023 φῶς
1522 1990 1546 2016 ol
1564 1989 1709 2018 ἀπόστολοι
1731 1990 1813 2027 ἦσαν.

1028 2031 1056 2058 '0
1069 2031 1097 2058 δὲ
1107 2032 1201 2068 Σωτὴρ
1212 2032 1270 2067 φῶς
1278 2031 1315 2059 ὢν
1330 2032 1377 2060 τοῦ
1392 2035 1495 2070 κόσμου
1511 2035 1624 2070 φωτίζει
1638 2036 1668 2063 οὐ
1684 2037 1812 2072 σώματα,

1022 2077 1089 2104 ἀλλὰ
1100 2078 1239 2114 ἀσωμάτῳ
1258 2079 1370 2114 δυνάμει
1387 2079 1432 2107 τὸν
1458 2080 1603 2116 ἀσώματον
1620 2081 1693 2115 νοῦν,
1717 2084 1763 2111 Eva.
1778 2085 1815 2116 ὡς

1022 2124 1074 2150 ὑπὸ
1089 2124 1166 2158 ἡλίου
1193 2124 1307 2156 ἕκαστος
1325 2126 1402 2161 ἡμῶν
1426 2127 1610 2163 φωτιζόμενος
1624 2129 1671 2156 καὶ
1688 2129 1725 2157 τὰ
1746 2130 1815 2158 ἄλλα

182 2168 282 2196 sistens
295 2167 399 2199 mundi,
415 2175 468 2195 non
485 2176 609 2204 corpora,
628 2169 674 2195 sed
690 2167 876 2202 incorporeum
890 2175 962 2196 men-

1052 2170 1117 2205 νηθῇ
1136 2170 1243 2205 βλέπειν
1269 2172 1361 2206 νοητά.
1383 2172 1488 2208 Ὥσπερ
1510 2173 1538 2200 δὲ
1555 2173 1630 2210 ἡλίου
1646 2177 1815 2210 φωτίζοντος

181 2219 237 2242 tem
257 2215 415 2249 incorporea
437 2215 557 2249 potentia
581 2214 731 2247 illuminat,
750 2218 780 2242 ut
805 2220 932 2250 tanquam
951 2222 965 2241 a

180 2261 238 2289 solo
262 2261 430 2288 iiiutninatus
447 2262 634 2296 unusquisque
653 2266 775 2288 nostrum
798 2261 889 2288 videre
915 2261 965 2288 alia

180 2307 261 2334 etiam
281 2307 458 2342 intelligibilia
476 2307 609 2342 possit.Ut
620 2311 709 2334 autem
722 2306 779 2334 sole
794 2306 966 2333 illucescente

180 2354 221 2381 vis
238 2354 280 2380 illa
297 2354 367 2381 luna:
391 2359 418 2381 et
434 2354 574 2381 stellarum
600 2353 768 2380 illuminandi
790 2351 964 2383 obscuratur,

179 2399 219 2425 sic
233 2399 259 2426 hi
273 2398 318 2433 qui
334 2406 349 2426 a
364 2399 473 2426 Christo
490 2398 671 2432 illustrantur,
687 2398 791 2432 quique
806 2396 965 2431 splendores

179 2444 250 2472 illius
268 2450 460 2480 perceperunt,
484 2445 584 2472 nullam
606 2452 717 2475 operam
736 2443 891 2470 desiderant
913 2442 963 2469 ali-

1021 2214 1192 2250 ἀμαυροῦται
1206 2216 1236 2242 τὸ
1247 2215 1376 2244 δύνασθαι
1393 2219 1521 2252 φωτίζειν
1543 2220 1657 2256 σελήνην
1668 2223 1717 2248 καὶ
1732 2223 1814 2250 ἀστέ-

1022 2269 1079 2296 ρας,
1096 2260 1181 2292 οὕτως
1192 2262 1215 2287 οἱ
1229 2261 1426 2298 ἐλλαμπόμενοι
1437 2264 1489 2290 ὑπὸ
1502 2265 1619 2300 Χριστοῦ
1636 2268 1684 2294 καὶ
1697 2268 1751 2300 τὰς
1766 2269 1814 2295 αὖ·

1019 2307 1070 2341 γὰς
1087 2306 1168 2334 αὐτοῦ
1187 2310 1387 2344 κεχωρηκότες.
1405 2310 1481 2337 οὐδέν
1497 2319 1578 2338 τινων
1592 2313 1813 2350 διακονουμένων

1018 2353 1173 2380 ἀποστόλων
1197 2355 1243 2381 καὶ
1265 2356 1411 2391 προφητῶν
1439 2357 1552 2389 δέονται,
1576 2357 1727 2394 τολμητέον
1757 2361 1813 2395 γὰρ

1018 2398 1107 2432 λέγειν
1128 2399 1177 2434 τὴν
1202 2399 1340 2435 ἀλήθειαν,
1362 2401 1422 2427 οὐδὲ
1445 2402 1578 2436 ἀγγέλων,
1597 2404 1748 2440 προσθήσω
1773 2407 1811 2438 δὲ,

1017 2444 1057 2471 ὅτι
1072 2445 1131 2472 οὐδὲ
1145 2446 1198 2473 τῶν
1216 2447 1378 2482 κρειττόνων
1396 2447 1536 2484 δυνάμεων
1548 2449 1623 2485 αὑτῴ
1639 2450 1678 2486 τῷ
1698 2460 1811 2486 πρωτο-

211 2527 233 2543 "
245 2525 323 2554 Joan.
341 2534 361 2561 ι,
379 2527 407 2558 5,
427 2527 454 2554 4.
491 2527 514 2543 “
528 2527 606 2556 Joan.
622 2529 680 2561 t,9.
717 2529 740 2545 ‘9
758 2528 807 2556 lsa.
825 2536 897 2562 xciv,
912 2530 938 2557 6.

1052 2539 1091 2558 an.
1113 2538 1149 2564 Ix,
1169 2532 1196 2565 4,
1213 2532 1239 2560 5.
1278 2532 1298 2548 "
1315 2532 1409 2560 Matth.
1424 2542 1450 2565 ν,
1468 2534 1510 2562 Η.

211 2608 249 2644 (2)
274 2609 303 2636 Ἠ
322 2610 450 2643 σελήνη.
469 2610 547 2637 Deest
564 2610 633 2643 apud
650 2609 794 2643 liuctium,
811 2611 857 2639 sed
874 2615 961 2639 exstat

176 2643 202 2669 in
224 2643 303 2671 could.
321 2644 465 2672 Bodleiano
479 2650 506 2671 et
523 2644 683 2673 Barbaritto.

211 2679 248 2713 (ὅ)
269 2678 342 2714 Ὀνδὲ
354 2679 468 2714 Σωτὴρ,
482 2679 655 2713 ἐλλάμπων,
667 2686 719 2710 etc.
728 2680 890 2708 Persuasum
914 2680 964 2708 fuit

177 2711 284 2748 Origeni
300 2713 388 2741 Patris
405 2711 457 2741 uin
474 2715 507 2741 ad
522 2711 564 2741 res
575 2711 670 2743 omnes
693 2721 811 2747 creatas,
838 2714 897 2743 Filii
927 2717 961 2743 ad

175 2755 218 2784 {es
237 2749 349 2776 rationis
365 2753 514 2784 compote}.
541 2748 659 2784 Spiritus
675 2751 762 2778 sancti
785 2752 818 2778 ad
850 2757 960 2779 sanctos

170 2782 468 2821 duntaxatpcrtinei'e.
485 2782 573 2812 Verba
587 2786 670 2821 ipsius
683 2793 699 2813 e
712 2784 758 2813 lib.
778 2794 785 2813 l
815 2786 884 2820 Περὶ
908 2787 961 2819 ἀρ-

172 2819 237 2853 χῶν
251 2817 536 2856 profcvtlustiuianus
553 2821 580 2849 in
597 2817 683 2850 ’calce
701 2821 822 2857 epistolae
835 2817 881 2858 ,εἶά
905 2817 962 2849 Μο-

1018 2620 1090 2654 nam.
1103 2612 1412 2654 Q't‘tamphremﬂcriter
1437 2623 1453 2654 a_
1468 2615 1629 2654 _Thcqphilu
1654 2620 1810 2654 castigatus

1017 2653 1058 2675 est
1073 2647 1098 2674 in
1116 2647 1240 2687 Prisc/tuli
1258 2657 1277 2677 ι.
1295 2647 1349 2687 Nos
1370 2655 1433 2677 vero
1447 2651 1473 2678 id
1489 2651 1515 2679 in
1538 2647 1711 2687 O'rigenianie
1727 2647 1810 2683 accu-

1016 2688 1074 2709 rale
1089 2685 1290 2717 perpendimus.
1308 2682 1438 2712 "UETIUS.

1052 2718 1091 2758 (It)
1116 2719 1238 2758 Κυρίου.
1257 2718 1348 2758 t_J_odd_._
1367 2719 1528 2758 Botileianps
1552 2726 1581 2750 et
1609 2721 1807 2758 Barberinus,

1014 2753 1133 2790 Kupioy;
1159 2754 1241 2790 editio
1261 2753 1372 2790 iiuelii,
1385 2755 1512 2790 Χριστοῦ.

1021 2822 1028 2830 .
1050 2789 1088 2823 (5)
1101 2787 1184 2822 Ἕως.
1203 2789 1284 2816 iidem
1304 2789 1397 2824 codd.,
1411 2787 1500 2826 recte,
1512 2791 1582 2826 Eois;
1599 2793 1684 2822 editio
1697 2793 1807 2829 Huctii,

1013 2831 1061 2855 ως.
