1870 3046
66 103 99 131 69
608 99 786 130 COMMENT.
808 99 841 126 IN
860 98 955 127 JOAN.
975 98 1094 127 TOMUS
1111 98 1132 126 1.
1662 94 1696 121 70

64 161 184 197 γεννήτῳ
205 159 421 197 μαθητευόμενοι
447 159 525 195 φωτί.
555 160 617 192 Τοῖς
627 159 656 186 δὲ
676 159 713 195 μὴ
734 158 850 194 χωροῦσι

949 165 1022 184 orum
1038 155 1286 183 administrantium
1311 155 1493 191 apostolorum
1510 155 1552 183 vel
1578 155 1696 190 prophe—

64 206 112 238 τὰς
136 204 252 242 ἡλιακὰς
267 205 387 241 Χριστοῦ
407 205 520 237 ἀκτῖνας
536 205 560 232 ol
577 204 649 239 ἀγιοι
668 204 854 235 διακονοῦντες

65 251 216 288 παρέχουσι
234 251 375 287 φωτισμὸν
390 251 480 286 πολλῷ
495 250 543 278 τοῦ
559 251 761 287 προειρημένου
776 250 855 277 ἐλάτ-

64 306 138 330 τονα,
160 298 239 334 μόγις
257 298 304 325 καὶ
328 297 422 324 τοῦτον
439 298 538 334 χωρεῖν
557 297 725 332 δυναμένοις,
744 296 791 323 καὶ
808 296 853 322 ὑπ’

65 345 148 372 αὖτοῦ
161 345 263 381 πληρου
268 343 367 380 μένοις.
373 345 450 371 Ἔστι
460 344 488 371 δὲ
496 344 510 371 ὁ
521 343 636 380 Χριστὸς
648 343 706 378 φῶς
713 343 853 378 τυγχάνων

65 390 179 425 κόσμου,
189 390 245 424 φῶς
252 389 378 425 ἀληθινὴν
386 390 454 425 πρὸς
459 389 660 425 ἁντιδιαστολὴν
668 387 808 423 αἰσθητοῦ,
815 388 854 414 οὐ.

64 434 139 467 δενδς
149 434 278 471 αἰσθητοῦ
292 435 368 468 ὄντος
378 434 505 471 ἀληθινοῦ
516 435 631 471 (ὕ),ἀλλ“
640 436 711 470 οὐχὶ,
728 436 789 462 ἐπεὶ
805 435 855 462 οὐκ

65 480 192 516 ἀληθινὸν
205 481 236 507 τὸ
249 480 377 516 αἰσθητὸν
385 481 539 516 (7),ψεῦδος
551 481 715 516 τὸαὶσθητόν
724 490 730 496 ·
743 481 855 508 δύναται

64 525 118 560 γὰρ
125 525 272 559 ἀναλογίαν
279 525 351 561 ἔχειν
358 526 388 552 τὸ
394 525 521 561 αἰσθητὸν
530 526 598 562 πρὸς
605 527 635 553 τὸ
641 527 746 562 νοητὸν,
761 527 791 553 οὐ
800 527 854 562 μὴν

63 570 94 597 τὸ
108 570 205 605 ψεῦδος
223 571 307 605 ὑγιῶς
320 572 420 604 παντὸς
433 572 644 608 κατηγορεῖσθαι
659 572 705 599 τοῦ
721 573 771 599 οὐκ
788 573 854 608 ἀλη-

64 615 150 643 θινοῦ.
164 616 242 652 Ζητῶ
258 616 286 643 δὲ
304 618 328 643 εί
338 618 436 644 ταυτόν
449 619 507 644 ἐστι
520 618 550 644 τὸ
564 617 622 653 φῶς
634 618 680 645 τοῦ
697 619 799 654 κόσμου
816 619 855 655 τῷ

64 662 134 696 φωτὶ
151 662 204 689 τῶν
217 662 380 698 ἀνθρώπων,
396 662 443 690 καὶ
467 663 587 700 ἡγοῦμαι
606 664 717 691 πλείονα
740 665 854 701 δύναμιν

66 709 252 744 παρίστασθαι
263 709 308 736 τοῦ
320 710 419 744 φωτὸς,
439 710 483 737 ὅτε
499 710 556 745 φῶς
572 711 619 738 τοῦ
643 713 746 747 κόσμου
769 720 855 748 προσ-

63 754 239 790 αγορεύεται,
257 755 330 791 ἢπερ
343 755 402 790 φῶς
417 755 471 783 τῶν
484 755 646 792 ἀνθρώπων·
659 757 672 783 ὁ
686 756 740 792 γὰρ
754 756 855 792 κόσμος

64 799 136 826 κατὰ
151 801 216 836 μίαν
230 800 355 837 ἐκδοχὴν,
372 802 403 827 οὐ
420 801 499 836 μόνον
518 802 667 838 ἄνθρωποι.
683 803 738 829 Καὶ
763 810 853 838 παρα-

64 844 160 880 στήσει
174 844 205 870 τὺ
220 845 310 871 πλεῖον
320 844 336 880 ἢ
352 845 445 880 ἕτερον
456 844 525 872 εἶναι
538 846 584 873 τὸν
592 846 694 882 κόσμον
705 846 780 882 παρὰ
790 848 853 879 τοὺς

63 889 225 927 ἀνθρώπους
233 892 247 918 ὁ
255 889 360 923 Παῦλος
374 891 442 927 πρὸς
452 891 612 929 Κορινθίους
623 883 746 929 προτέρᾳ
755 893 852 928 λέγων·

63 936 196 970 Θέατρον
207 934 391 972 ἐγενήθημεν
402 937 442 969 τῷ
460 938 562 972 κόσμῳ
583 938 631 964 καὶ
650 939 790 973 ἀγγέλοις
805 939 855 966 καὶ

62 981 242 1016 ἀνθρώποις.
261 981 421 1018 Ἐπίστησον
435 982 463 1009 δὲ
473 983 580 1010 είκατά
597 983 662 1018 μίαν
678 984 791 1019 ἐκδοχὴν
808 984 855 1011 κό-

64 1035 133 1062 σμος
148 1028 223 1054 ἐστὶν
236 1029 252 1064 ὴ
269 1027 479 1065 ὲλευθερουμένη
495 1029 584 1060 κτίσις
598 1029 652 1055 ἀπὸ
665 1029 714 1064 τῆς
733 1030 855 1062 δουλείας

63 1074 113 1108 τῆς
129 1073 234 1108 φθορᾶς
245 1074 285 1105 είς
300 1074 349 1109 τὴν
361 1074 515 1109 ἐλευθερίαν
528 1075 577 1110 τῆς
591 1075 670 1111 δόξης
683 1075 738 1102 τῶν
752 1076 855 1103 τέκνων

62 1118 108 1145 τοῦ
136 1118 216 1152 Θεοῦ,
235 1117 269 1156 ἦς
285 1120 301 1155 ἡ
316 1120 521 1156 ἀποκαραδοκία
541 1121 590 1156 τὴν
608 1121 778 1157 ἀποκάλυψιν
801 1121 855 1149 τῶν

63 1163 130 1190 νίὦν
143 1164 191 1191 τοῦ
205 1164 271 1191 Θεοῦ
284 1166 472 1201 ἀπεκδέχεται.
490 1166 650 1202 Ἐπίστησον
661 1167 699 1201 δὲ,
717 1167 855 1203 προσεθή-

64 1218 167 1245 καμεν,
183 1210 227 1237 διὰ
243 1211 274 1237 τὺ
290 1212 472 1247 παρακεῖσθαι
488 1213 520 1239 τὸ
542 1213 691 1248 δυνάμενον
710 1213 741 1239 τό
751 1220 759 1228 ο
781 1213 856 1249 Ἐγὼ

63 1256 128 1290 ,πῶς
144 1257 203 1291 ειμι
218 1256 272 1284 τυῦ
284 1258 410 1292 κόσμου,
427 1258 650 1291 συνεξετάζεσθαι
666 1259 713 1285 ἐπὶ
725 1258 780 1285 τῶν
801 1267 853 1294 μα-

64 1300 157 1338 Θητῶν
174 1303 227 1329 ὑπὸ
248 1303 337 1338 Ἰησοῦ
359 1303 520 1339 λεγόμενοντ
544 1304 635 1339 Tyra-Ec
650 1305 721 1332 ἐστε
738 1305 772 1332 τὸ
792 1305 856 1340 φῶς

63 1349 117 1375 τοῦ
149 1349 276 1383 κόσμου.
300 1349 361 1376 Εἰσὶ
381 1350 436 1386 γὰρ
458 1350 697 1385 ὑπολαμϐάνοντες
728 1351 855 1386 μείζονας

63 1395 136 1423 εἶναι
152 1397 215 1428 τοὺς
229 1397 391 1433 ἀνθρώπους
403 1399 466 1430 τοὺς
477 1398 516 1435 τῷ
528 1398 615 1434 Ἰησοῦ
631 1399 750 1434 γνησίως
765 1408 855 1435 μεμα-

64 1442 252 1478 θητευμένους
275 1443 329 1470 τῶν
355 1443 441 1471 ἄλλων
462 1445 629 1480 κτισμάτων,
654 1447 677 1473 οἱ
698 1446 747 1482 μὲν
775 1445 855 1481 φύσει

62 1488 205 1520 τοιούτους
221 1490 421 1525 γεγενημένους
439 1490 487 1526 (8),
506 1492 530 1517 οἱ
551 1491 579 1517 δὲ
604 1492 650 1519 καὶ
675 1492 705 1519 ὲν
726 1492 798 1528 λόγῳ
817 1491 856 1528 τῷ

62 1535 137 1562 κατὰ.
153 1535 200 1562 τὸν
223 1535 412 1572 χαλεπώτερον
425 1536 535 1571 ἀγῶνα.
563 1537 677 1570 Πλείους
697 1538 752 1574 γὰρ
769 1539 793 1565 οἱ
808 1538 858 1565 πό-

62 1589 115 1614 νοι,
137 1582 187 1608 καὶ
202 1582 355 1618 ἐπισφαλὴς
369 1584 385 1618 ή
401 1582 457 1618 ζωὴ
478 1582 533 1610 τῶν
549 1583 580 1610 ὲν
600 1585 682 1620 σαρκὶ
699 1585 746 1611 καὶ
761 1583 858 1620 αἵματι

63 1627 144 1664 παρὰ
156 1628 220 1660 τοὺς
230 1629 259 1655 ἐν
274 1628 386 1664 αἰθερίῳ
399 1627 519 1664 σώματι·
534 1629 584 1656 οὐκ
597 1629 629 1656 ἂν
646 1628 700 1656 τῶν
712 1630 741 1656 ἐν
752 1629 858 1666 οὐρανῷ

63 1675 220 1710 φωπήρων
234 1674 264 1701 ἐν
282 1673 320 1710 τῷ
331 1675 475 1701 ἀναλασεῐν
497 1674 531 1701 τὰ
547 1675 630 1710 γήϊνα
656 1674 770 1710 σώματα
783 1676 859 1702 ἀκιν-

63 1721 154 1754 δύνως
167 1721 215 1748 καὶ
225 1721 334 1754 πάντως
346 1721 545 1757 ἀναμαρτήτως
557 1721 739 1748 διανυσάντων
753 1721 801 1757 τὴν
815 1722 860 1748 ὲν-

63 1766 157 1794 ταῦθα
171 1767 254 1803 ζωήν.
271 1767 302 1794 Οί
317 1767 346 1794 δὲ
362 1767 401 1803 τῷ
421 1767 492 1802 λόγῳ
511 1767 597 1801 τούτῳ
610 1767 807 1803 παριστάμενοι
824 1767 860 1794 τὰ

66 1813 187 1848 μέγιστα
204 1812 269 1849 περὶ
288 1812 449 1849 ἀνθρώπων,
467 1813 700 1848 ἀποφαινομέναις
712 1813 858 1849 χρήσονται

64 1858 159 1893 λέξεσι
169 1857 223 1885 τῶν
230 1857 356 1894 Γραφῶν,
365 1859 395 1884 τὸ
402 1858 639 1895 ἀνυπέρθετοντῆς
648 1859 813 1894 ἐπαγγελίας
820 1859 858 1895 (9)

63 1905 106 1931 ὅτι
123 1904 173 1930 τὸν
193 1903 337 1940 ἄνθρωπον
354 1904 449 1939 φθάνει
467 1903 649 1939 φασκούσαις,
674 1905 704 1932 οὐ
730 1905 782 1941 μὴν
793 1913 860 1932 τοιυή

64 1951 111 1978 τὸν
134 1950 216 1978 τοῦτο
231 1951 278 1978 καὶ
297 1951 421 1987 περὶτῆς
443 1945 569 1983 κτίσέεθὼς,
595 1952 622 1987 ἢ,
643 1952 680 1983 ὡς
697 1951 857 1987 ἐδεξάμεθα,

64 1994 174 2032 κόσμου
190 1996 500 2032 ἀπαγγελλούσαις(10)·
513 1997 543 2023 τὸ
554 1996 608 2033 γὰρ
620 1997 648 2023 δέ
657 2005 664 2012 ·
682 1997 730 2031 Ὡς
743 1998 800 2033 ἐγὼ
810 1999 858 2026 καὶ

64 2043 107 2070 σὺ
114 2043 154 2071 ἓν
159 2043 263 2078 ἐσμεν,
272 2043 323 2069 ἵνα
329 2043 376 2070 καὶ
383 2042 466 2070 αὐτοὶ
474 2043 509 2070 ἐν
514 2043 585 2078 ἡμῖν
592 2043 627 2070 ἒν
631 2040 696 2075 ὦσι,
706 2044 859 2071 καί-Ὅπου

64 2090 124 2125 εὶμὶ
144 2089 214 2124 ἐγὼ,
227 2089 293 2116 ἐκεῖ
302 2090 350 2116 καὶ
363 2091 380 2116 ό
391 2088 530 2122 διάκονος
542 2091 559 2117 ὁ
574 2089 645 2124 ἐμὸς
655 2090 750 2123 ἐσται,
766 2090 860 2125 σαφῶς

66 2137 134 2173 περὶ
145 2136 299 2172 ἀνθρώπιον
311 2136 517 2172 ἀναγέγραπται
527 2146 533 2152 ·
551 2137 615 2173 περὶ
626 2137 654 2163 δὲ
668 2137 718 2172 τῆς
734 2137 858 2169 κτίσεως,

908 208 1007 235 tarum,
1025 210 1057 230 ac
1072 210 1106 230 ne
1123 203 1280 238 angelorum
1298 203 1408 236 quidem
1422 211 1430 229 :
1454 202 1606 230 audendum
1621 201 1695 228 enim

906 254 947 275 est
968 249 1111 275 veritatem
1126 249 1233 275 dicere:
1253 248 1368 283 proinde
1384 248 1491 280 addam,
1517 255 1605 283 neque
1624 254 1695 281 pra:-

905 294 1134 321 stantissimarnm
1160 295 1290 321 virtutum
1312 301 1360 321 eos
1383 293 1504 327 indigere
1518 313 1525 325 ,
1541 300 1610 327 quos
1637 293 1695 327 ipsa

906 339 1067 375 primigenia
1083 339 1137 374 28
1152 339 1197 366 lux
1210 340 1358 367 edocuerit.
1374 339 1459 367 Porro
1474 339 1506 366 iis
1521 340 1567 374 qui
1583 338 1695 366 minime

906 386 1009 414 solarcs
1038 385 1140 413 Christi
1169 386 1259 413 radios
1287 393 1385 420 capere
1402 386 1492 412 valent
1506 405 1513 418 ,
1534 385 1622 413 sancti
1642 383 1694 418 ipsi

907 432 1092 460 ministrantes
1111 431 1199 459 lucem
1218 432 1349 466 praebent,
1365 433 1413 460 sed
1423 439 1454 459 ea
1471 439 1552 466 quam
1569 430 1694 466 przedixi-
1709 439 1713 466 ε

907 487 967 506 mus
980 478 1056 513 longe
1070 475 1238 509 inferiorém,
1251 485 1313 505 cum
1328 478 1371 504 vix
1385 477 1486 512 alioqui
1501 477 1571 504 hanc
1582 483 1693 512 parvam

907 526 957 560 ipsi
983 532 1083 560 capere
1099 525 1279 552 valeantmox
1302 524 1336 552 ab
1359 523 1417 558 ipsa
1443 523 1525 558 pleni.
1540 523 1587 550 Est
1603 526 1694 550 autem

906 571 1030 599 Christus
1047 572 1091 598 lux
1108 571 1219 598 mundi:
1239 575 1280 598 est
1295 575 1322 598 et
1337 570 1382 597 lux
1399 577 1475 602 vera,
1498 569 1533 596 ad
1553 567 1611 602 ejus
1627 568 1695 596 lucis

906 617 1085 645 dilierentiam
1102 625 1162 652 qua:
1185 625 1266 644 sensu
1285 615 1448 651 percipitur;
1464 622 1524 642 cum
1543 614 1610 641 nihil
1624 613 1694 648 quod

906 671 987 690 sensu
1003 663 1171 698 percipiatur
1188 662 1224 689 sit
1243 670 1355 695 verum;
1372 667 1421 688 nec
1438 665 1527 687 tamen
1546 660 1607 693 quia
1622 661 1695 694 quod

907 715 987 735 sensu
1005 708 1154 743 percipitur
1168 715 1221 735 non
1234 711 1275 735 est
1291 715 1397 738 verum,
1414 706 1516 733 idcirco
1530 705 1627 732 falsum
1641 710 1695 738 est,

907 762 968 781 nam
981 759 1071 789 potest
1082 754 1312 789 comparationem
1327 754 1583 788 proportionemque
1594 751 1696 779 habere

907 801 978 836 quod
995 807 1076 828 sensu
1093 800 1239 835 percipitur
1253 799 1286 826 ad
1301 799 1365 827 illud
1379 799 1451 834 quod
1467 799 1558 826 animo
1573 798 1696 826 cernitur

909 848 1068 882 rationeque
1093 846 1334 881 comprehenditur
1349 865 1357 879 ,
1373 853 1434 873 cum
1450 845 1559 873 interim
1574 852 1639 872 sane
1653 851 1697 871 re-

908 899 1003 929 cteque
1019 894 1052 921 de
1068 894 1140 922 omni
1161 901 1214 920 non
1242 900 1306 919 vero
1326 900 1379 920 non
1403 892 1565 927 praedicetur
1586 891 1695 919 falsum.

908 940 1005 974 Quaero
1021 944 1111 967 autem
1128 947 1162 966 an
1182 939 1251 966 idem
1266 938 1301 966 sit
1322 938 1366 965 lux
1391 938 1484 965 mundi
1507 944 1534 966 et
1549 938 1591 965 lux
1609 937 1697 965 homi-

909 994 984 1014 num.
1002 985 1041 1012 Ac
1057 992 1145 1012 meum
1159 985 1267 1019 quidem
1283 984 1414 1020 judicium
1430 989 1471 1012 est
1483 984 1613 1019 majorem
1633 989 1697 1012 tunc

909 1033 979 1060 lucis
995 1033 1047 1058 vim
1062 1031 1188 1059 exhiberi
1206 1039 1268 1058 cum
1283 1031 1434 1066 appellatur
1447 1031 1493 1057 lux
1508 1031 1600 1058 mundi
1616 1037 1696 1064 quam

909 1078 1019 1113 quando
1041 1077 1086 1104 lux
1107 1076 1268 1104 hominum:
1294 1084 1356 1103 nam
1375 1076 1493 1104 mundus
1515 1076 1591 1110 juxta
1614 1084 1696 1103 unum

909 1131 1017 1152 sensum
1028 1143 1036 1156 ,
1053 1130 1105 1150 non
1121 1127 1225 1149 tantum
1245 1122 1379 1150 homines.
1397 1121 1431 1149 Et
1446 1121 1544 1150 Paulus
1559 1122 1584 1149 in
1608 1122 1698 1157 priore

910 1169 943 1196 ad
967 1168 1125 1196 Corinthios
1147 1167 1269 1202 Epistola
1297 1166 1384 1201 majus
1401 1167 1529 1202 quiddam
1551 1175 1611 1196 esse
1626 1187 1634 1201 ,
1655 1168 1698 1195 vel

909 1215 990 1243 etiam
1004 1215 1140 1242 diversum
1154 1214 1188 1241 ab
1201 1213 1355 1241 hominibus
1365 1214 1493 1241 mundum
1506 1214 1578 1242 hunc
1587 1214 1697 1246 astruit.

909 1262 1018 1290 dicens:
1041 1260 1181 1287 Theatrum
1196 1260 1260 1294 [acti
1277 1268 1367 1287 sumus
1385 1260 1492 1293 mundo,
1507 1265 1531 1287 et
1546 1261 1656 1295 angelis.
1673 1267 1697 1289 at

909 1307 1056 1335 hominibus
1070 1306 1104 1334 ".
1121 1306 1241 1334 Proinde
1264 1306 1379 1333 observa
1394 1313 1427 1332 an
1441 1305 1519 1340 juxta
1538 1314 1621 1334 unum
1635 1314 1698 1334 sen-

909 1361 968 1381 sum
982 1352 1098 1380 mundus
1115 1352 1151 1380 sit
1165 1357 1291 1379 creatura
1306 1351 1350 1379 illa
1365 1359 1425 1386 qua:
1439 1352 1582 1380 liberanda
1598 1352 1699 1381 dicitur

910 1402 943 1427 ab
957 1400 1083 1427 interitus
1099 1399 1234 1427 servitute
1258 1399 1285 1426 in
1305 1398 1456 1427 libertatem
1472 1399 1566 1435 gloria:
1580 1399 1697 1428 ﬁliorum

909 1446 958 1474 Dei
973 1447 1006 1480 ’³,
1020 1446 1097 1481 cujus
1116 1445 1262 1473 vehemens
1274 1445 1442 1473 desiderium
1460 1446 1650 1474 ret-elationem
1667 1447 1698 1474 ti.

909 1492 1006 1520 liorum
1019 1491 1067 1519 Dei
1080 1491 1267 1526 exspectat”.
1282 1491 1402 1519 Observa
1418 1496 1518 1525 autem,
1532 1493 1697 1524 addidimus.

908 1539 979 1573 quod
997 1538 1024 1565 in
1042 1538 1160 1565 medium
1187 1538 1316 1572 producta
1335 1537 1437 1565 fuerint
1460 1544 1492 1565 ea
1513 1538 1613 1565 verba:
1641 1537 1698 1573 Ego

908 1591 966 1612 sum
983 1583 1031 1611 lux
1046 1585 1136 1611 mundi
1152 1584 1187 1617 ",
1203 1591 1261 1618 qua:
1277 1588 1394 1619 possunt
1408 1584 1491 1611 etiam
1508 1585 1541 1612 de
1557 1584 1698 1618 discipulis

909 1629 1036 1665 intelligi,
1057 1636 1120 1657 cum
1134 1631 1174 1657 eis
1189 1637 1297 1664 quoque
1316 1629 1397 1658 Jesus
1420 1630 1519 1657 dixerit
1534 1639 1540 1657 :
1571 1630 1619 1657 Vos
1634 1631 1697 1658 uti:

909 1677 956 1704 huc
968 1677 1059 1704 mundi
1071 1677 1106 1703 ⁵⁸.
1128 1676 1269 1711 Siquidem
1287 1681 1351 1704 sunt
1370 1677 1415 1711 qui
1439 1677 1615 1711 suspicantur
1629 1684 1700 1711 prte-

910 1722 1059 1750 stantiores
1079 1722 1140 1749 aliis
1159 1723 1293 1750 creaturis
1307 1730 1354 1749 eos
1371 1729 1431 1750 esse
1455 1722 1581 1750 homines
1595 1723 1642 1758 qui
1664 1723 1699 1750 ah

910 1768 969 1802 ipso
994 1766 1058 1795 Jesu
1074 1768 1181 1796 sincere
1205 1769 1293 1796 edocti
1310 1767 1422 1796 fuerint.
1442 1768 1564 1802 Quorum
1576 1768 1620 1796 alii
1636 1769 1699 1803 qui.

910 1812 970 1840 dem
986 1813 1035 1840 hos
1049 1813 1174 1840 homines
1187 1819 1295 1844 natura,
1317 1813 1362 1840 alii
1389 1820 1453 1840 vero
1471 1813 1575 1841 ratione
1597 1820 1656 1848 quae
1671 1814 1699 1841 in

910 1859 1018 1887 actione
1027 1859 1168 1886 difiiciliori
1183 1865 1318 1892 versatur,
1328 1860 1396 1887 tales
1409 1861 1541 1887 exsistere
1553 1860 1697 1892 aﬂirmant;

910 1906 1027 1940 majores
1041 1906 1113 1933 enim
1129 1905 1237 1932 labores
1254 1905 1413 1940 majoraque
1429 1906 1489 1932 vita:
1505 1905 1638 1940 pericula,
1651 1906 1698 1940 qui

910 1958 994 1979 carne
1016 1959 1048 1979 ac
1075 1951 1205 1986 sanguine
1231 1955 1379 1982 constant,
1407 1951 1528 1983 habere,
1554 1959 1635 1986 quam
1654 1952 1699 1986 qui

910 1999 1031 2026 aethereo
1046 2005 1171 2032 corpore.
1199 1997 1264 2024 Nam
1282 2005 1369 2031 neque
1391 1997 1492 2024 lumina
1508 1997 1631 2025 ctelestia
1658 1998 1699 2025 dio

911 2049 976 2072 cunt
996 2051 1111 2079 corpora
1137 2049 1244 2071 terrena
1268 2043 1290 2071 si
1315 2043 1521 2077 suscepissent,
1539 2050 1554 2069 a
1570 2043 1699 2078 periculis

911 2091 1023 2118 omnino
1041 2094 1068 2117 et
1090 2097 1105 2116 a
1130 2090 1266 2124 peccando
1286 2090 1416 2117 immunia
1439 2093 1602 2125 prmsentem
1618 2089 1699 2116 vitam

913 2140 1095 2163 trausactura.
1113 2135 1162 2162 Cui
1182 2134 1264 2162 etiam
1281 2136 1379 2163 rationi
1401 2137 1446 2171 qui
1465 2136 1559 2162 lavent
1574 2135 1699 2170 Scriptus

65 2183 108 2210 ὅτι
132 2181 322 2219 ἐλευθεροῦται
343 2182 396 2209 ἀπὸ
419 2183 468 2218 τῆς
489 2182 610 2215 δουλείας
631 2183 680 2218 τῆς
702 2182 804 2217 φθορᾶς
819 2183 850 2208 εἰς

949 2188 1004 2208 rum
1027 2182 1208 2215 quarumdam
1234 2181 1398 2209 testimoniis
1416 2180 1623 2208 enuntiantibus
1642 2188 1700 2208 ma-

66 2229 118 2264 τὴν
138 2227 297 2264 ἐλευθερίαν
308 2228 358 2262 τῆς
373 2227 452 2263 δόξης
469 2227 524 2254 τῶν
538 2227 640 2254 τέκνων
656 2226 703 2254 τοῦ
716 2227 794 2260 Θεοῦ,
812 2227 859 2254 καὶ

66 2274 285 2311 προσθήσουσιν,
308 2273 349 2300 ὅτι
371 2274 441 2309 οὐχὶ,
465 2274 489 2300 εἰ
514 2273 712 2310 ἐλευθεροῦται,
738 2273 788 2309 ἤδη
812 2273 859 2300 καὶ

67 2320 198 2348 κοινωνεῖ
214 2320 263 2356 τῆς
278 2320 356 2356 δόξης
370 2320 424 2346 τῶν
445 2320 546 2347 τέκνων
567 2320 612 2347 τοῦ
629 2319 707 2346 Θεοῦ.
721 2320 780 2346 Οὐκ
793 2321 861 2346 ἀπο-

68 2367 244 2402 σιωπήσουσι
263 2365 292 2392 δὲ
308 2362 380 2392 οὗτοι
399 2365 446 2392 καὶ
467 2366 497 2392 τὸ
517 2365 562 2392 τὸν
579 2365 750 2401 πρωτότοκον
770 2364 862 2400 πάσης

68 2413 188 2444 κτίσεως
210 2411 254 2438 διὰ
267 2411 316 2447 τὴν
332 2412 400 2448 πρὸς
415 2411 460 2438 τὸν
474 2410 616 2447 ἄνθρωπον
629 2410 699 2446 ὑπὲρ
721 2410 809 2437 πάντα
823 2418 862 2437 τι-

912 2225 984 2253 ιίιηιι
997 2227 1030 2254 de
1046 2227 1211 2259 hominibus.
1224 2226 1527 2261 super-venientiamque
1542 2227 1702 2261 promissio-

912 2272 955 2299 nis
972 2273 1005 2299 ad
1023 2273 1161 2301 hominem
1184 2273 1321 2308 pertinere
1341 2272 1503 2304 dicentibus,
1524 2272 1600 2299 usuri
1626 2277 1700 2304 sunt.

914 2325 975 2345 cum
991 2323 1079 2346 tamen
1098 2319 1149 2346 hoc
1172 2319 1259 2353 ipsmn
1279 2319 1311 2345 de
1324 2323 1461 2351 creatura,
1476 2316 1530 2349 vel,
1547 2321 1576 2343 ut
1597 2317 1702 2348 intelle-

914 2364 1015 2395 ximus,
1031 2363 1063 2390 de
1078 2365 1180 2391 mundo
1211 2362 1369 2390 testimonia
1387 2361 1445 2389 hare
1460 2369 1513 2389 non
1529 2362 1699 2396 promittant.

915 2408 983 2435 lllud
1015 2409 1087 2436 enim
1111 2409 1157 2436 ’τε
1194 2407 1227 2435 Ut
1252 2415 1324 2442 ego,
1356 2411 1383 2435 ct
1415 2413 1443 2434 tu
1475 2415 1558 2434 unum
1588 2414 1700 2440 suntm,

124 2481 148 2497 "
164 2478 250 2507 lCor.
267 2485 303 2511 ιν,
316 2478 344 2506 9.
383 2477 406 2495 ⁵³
424 2477 504 2507 Rom.
521 2484 570 2510 vlt,
586 2475 629 2504 l9.
667 2475 690 2491 ⁸⁸
707 2475 771 2503 ibid.
786 2475 831 2502 2|.
869 2475 892 2491 ⁸⁵
906 2474 984 2502 Joan.
997 2483 1056 2508 vui,
1071 2474 1115 2502 12.
1167 2473 1191 2490 '“
1204 2473 1303 2505 Matth.
1313 2481 1343 2509 ν,
1356 2474 1401 2502 M.
1442 2475 1465 2490 "
1477 2473 1557 2502 Joan.
1572 2481 1638 2506 xvn,
1654 2473 1700 2503 2i.

105 2551 148 2589 (6)
164 2549 296 2589 οὐδενὸς
309 2546 453 2589 αἰσθητοῦ
563 2544 718 2589 ἀληθινοῦ.
738 2543 809 2589 ‘llrec
815 2551 859 2589 [ex

68 2579 292 2616 adbi'escentiori
307 2579 454 2610 Academia
470 2583 627 2617 deprompta
639 2584 712 2608 sunt.
738 2579 799 2607 Vid.
815 2579 861 2606 Ci-

69 2632 131 2651 cer.
145 2621 273 2649 Academ.
286 2627 324 2646 tv.
338 2618 468 2645 "UE'I'IUS.

99 2649 143 2693 (γὶ)
162 2654 330 2693 Ἀλυζόρχὶ,
343 2652 407 2693 ensi
423 2653 479 2680 οὐκ
496 2651 641 2693 deneget:
657 2650 689 2693 τρ
706 2649 860 2683 αἰσθητὸν,

69 2686 128 2722 ate.
153 2686 423 2726 Ἀληθινόνίιιιίμβε,
451 2692 477 2726 et
499 2687 549 2714 οὐκ
572 2686 862 2726 ἀληθινόν-οῃριξηυιι-

70 2720 118 2758 Idi
127 2720 329 2760 ἀντιφὶιτικῶςξ
344 2720 480 2760 ’Ᾰληοινόν
497 2727 588 2760 autem
603 2720 630 2749 et
648 2721 760 2755 ψεῦδος,
785 2720 863 2760 ἐναν-

167 2755 269 2789 Eorum
281 2755 346 2786 vero
354 2755 413 2792 quae
427 2756 608 2795 ἀντιφατικῶς
624 2760 795 2795 opponuntur
823 2755 862 2781 ai-

72 2789 211 2828 terit'trum
223 2802 316 2822 verum
332 2789 386 2827 est;
399 2801 458 2827 qua:
472 2789 608 2823 ἐναντίως,
623 2789 676 2818 non
692 2791 765 2828 item.
787 2789 823 2816 Ιι).

108 2824 152 2862 (Si
165 2833 197 2860 Ol
208 2831 268 2867 μὲν
285 2824 385 2865 φύσει
398 2824 551 2860 τοιούτους
565 2825 790 2862 γεγενημένους.
823 2824 861 2852 Ea

913 2549 972 2571 erat
987 2543 1240 2572 Valcntinianorum
1263 2543 1385 2571 doctrina
1398 2561 1406 2574 ,
1431 2542 1477 2576 qui
1498 2545 1553 2568 tres
1578 2540 1700 2575 diversa;

914 2580 1054 2607 hominum
1070 2584 1182 2607 naturas
1197 2579 1344 2613 ﬁngebant.
1360 2577 1398 2604 In.

949 2614 986 2650 (9)
1004 2614 1037 2641 Τὸ
1049 2609 1251 2648 ἀνυπέρθετοὶ·
1265 2611 1318 2647 τῆς
1331 2611 1525 2650 ἐπαγγελίας.
1546 2610 1612 2650 hlale
1635 2609 1701 2637 Fer-

915 2646 1021 2682 rarius,
1047 2646 1505 2685 superuenientiam‘promissionis;
1534 2646 1577 2673 vix
1611 2649 1699 2685 tamen

915 2684 1010 2713 Latine
1027 2685 1140 2713 reddere
1156 2684 1245 2719 possis
1260 2693 1266 2711 :
1283 2683 1348 2710 illud
1357 2683 1430 2719 enim
1447 2687 1489 2719 est
1500 2689 1553 2716 quo
1566 2683 1701 2715 promissa

916 2720 1016 2748 habent
1027 2725 1057 2747 ut
1071 2717 1182 2747 minime
1197 2718 1299 2746 ilillerri
1313 2718 1434 2753 possint.
1447 2717 1486 2744 In.

914 2790 929 2818 λ
951 2755 1007 2799 ςΙΟ)
1028 2750 1471 2791 Ἀπαγγελλούσαις.ἰ²ειτπὶυ5
1484 2751 1547 2787 legit
1567 2750 1700 2785 ἐπαγγελ-

931 2799 1033 2818 ausam.

931 2799 1033 2822 ουσαις.
