1870 3046
200 92 230 120 7|
937 91 1100 120 ORICENIS
1777 93 1807 120 τὶ

199 151 254 186 29
267 155 294 178 tu
306 156 329 178 et
343 150 392 185 ipsi
400 151 426 177 in
440 150 512 177 nobis
528 149 599 182 sint;
612 154 640 178 et
654 149 697 177 '9:
713 149 763 177 Ubi
776 158 822 185 ego
837 158 908 182 sunt,
923 151 952 177 ill

1037 151 1088 186 μὴν
1103 150 1244 187 ἄνθρωπον
1262 151 1310 186 μὲν
1325 150 1475 185 γεγονέναι,
1491 150 1520 176 οὐ
1537 150 1590 186 μὴν
1605 148 1673 181 ζῶόν
1686 157 1711 175 τι
1721 149 1770 176 τῶν
1783 149 1807 175 ὲν

199 199 245 224 erit
259 202 283 224 et
297 197 415 224 minister
429 205 509 228 meus,
531 201 624 231 aperte
639 196 671 223 de
683 196 838 223 hominibus
853 196 984 231 scriptum

199 247 256 276 est;
272 243 305 270 de
321 248 444 270 creatura
463 249 536 273 vero,
561 241 632 276 quod
650 241 783 268 liberatur
797 242 830 268 ab
857 241 984 269 interitus

198 289 371 323 corruptione
398 287 424 314 in
448 288 602 314 libertatem
629 286 722 322 gloria:
746 286 863 314 ﬁliorum
888 287 935 314 Dei
948 287 982 319 ",

198 334 276 360 etiam
292 333 399 365 addent,
417 340 469 360 non
490 333 512 360 si
537 333 677 365 liberatur,
697 333 753 367 jam
770 333 852 360 etiam
873 333 984 368 partici-

197 388 255 414 pem
273 387 333 407 esse
351 380 467 407 ﬁliorum
489 379 536 406 Dei
552 379 655 414 gloriae.
678 379 736 406 Non
759 379 877 406 silebunt
892 384 982 406 autem

195 425 276 452 eliam
301 424 359 458 isti,
376 425 587 460 primogenitum
605 424 694 451 omnis
718 429 865 456 creaturae,
888 432 937 459 pro
951 431 983 451 eo

195 471 299 498 honore
313 478 366 505 quo
379 470 516 497 hominem
532 475 631 504 praeter
649 474 745 497 castora
759 470 981 504 prosequebatur,

195 517 332 544 hominem
348 516 463 548 factum,
478 523 530 543 non
544 516 642 542 animal
656 516 763 550 aliquod
775 516 895 543 cceleste.
910 515 981 548 Quin

194 564 277 590 ctiam
302 569 399 590 rursus
424 562 526 590 addunt
544 562 698 589 ministratur
714 567 742 589 et
768 570 874 590 servam
889 561 982 596 cogni-

196 609 277 636 tionis
292 608 355 636 Jesu
370 608 486 639 stellam.
504 616 563 642 qua:
585 608 611 635 in
626 608 730 636 oriente
746 608 880 643 apparuit,
902 615 980 635 crea-

195 659 249 681 tam
267 655 349 682 l'uisse
365 654 405 681 vel
421 654 536 682 similem
563 654 675 690 reliquis
697 655 789 686 astris,
809 654 850 681 vel
864 653 981 681 fortasse

193 701 276 728 etiam
291 700 509 735 przestantiorem
524 720 531 732 ,
557 701 657 735 quippe
682 708 743 735 qua:
763 700 884 727 onmium
911 707 981 734 pra:-

193 747 389 774 stantissimum
409 747 572 780 designaret.
592 747 668 780 Quod
685 746 707 773 si
729 746 905 780 gloriationes
918 753 981 772 san-

193 795 296 818 ctorum
309 795 372 817 sunt
388 790 413 817 in
429 790 633 824 alllictionihns,
649 790 693 825 qni
705 791 792 817 sciunt
813 791 979 825 afﬂictioncm

1035 197 1152 232 οὐρανῷ.
1174 196 1254 223 Ἀλλὰ
1266 196 1313 223 καὶ
1329 196 1464 232 δεύτερον,
1481 195 1527 222 καὶ
1549 195 1683 227 διάκονον,
1703 195 1745 221 καὶ
1757 194 1799 221 δοῦ

1035 243 1080 270 λον
1093 243 1143 278 τῆς
1157 242 1284 277 γνώσεως
1307 241 1393 277 Ἰησοῦ
1408 241 1454 268 τὸν
1474 242 1503 267 ὲν
1522 242 1554 276 τῇ
1572 241 1687 276 ἀνατολῇ
1704 240 1810 274 φανέντα

1034 289 1138 324 ἀστέρα
1152 287 1409 323 δεδημιουργῆσθαι,
1428 287 1487 322 ἤτοι
1507 287 1599 321 ὅμοιον
1614 285 1679 313 ὄντα
1692 287 1744 317 τοῖς
1761 286 1811 312 λοι-

1035 336 1095 365 ποῖς
1109 334 1228 369 ἄστροις,
1245 333 1262 368 ἢ
1276 333 1346 368 τάχα
1359 333 1405 359 καὶ
1420 332 1573 368 κρείττονα,
1592 332 1645 367 lit-ce
1653 331 1698 358 τοῦ
1712 331 1808 358 πάντων

1033 379 1206 415 διαφέροντος
1221 379 1364 414 γενόμενον
1376 380 1498 414 σημεῖον.
1509 378 1564 405 Καὶ
1574 379 1598 404 εὶ
1610 377 1644 404 τὰ
1656 378 1809 413 καυχήματα

1032 426 1086 453 τῶν
1101 426 1185 460 ἁγίων
1197 426 1271 452 ἐστὶν
1285 426 1315 451 ὲν
1328 425 1459 460 θλίψεσιν,
1475 424 1606 455 εἰδότων,
1623 424 1667 450 ὅτι
1682 425 1700 458 ὴ
1714 425 1808 458 θλίψις

1032 471 1190 504 ὑπομονὴν
1210 469 1423 504 κατεργάζεται,
1437 471 1456 504 ἡ
1479 469 1514 496 δὲ
1526 469 1663 503 ὑπομονὴ
1676 469 1805 504 δοκιμὴν,

1032 515 1051 549 ἡ
1068 514 1101 541 δὲ
1113 514 1219 549 δοκιμὴ
1233 513 1352 546 ἐλπίδα,
1365 515 1384 548 ὴ
1397 513 1431 539 δὲ
1448 513 1536 546 ἐλπὶς
1560 514 1595 540 οὐ
1615 514 1806 548 καταισχύνει·

1031 560 1093 588 οὕτε
1108 560 1255 596 ὑπομονὴν,
1269 560 1330 587 οὔτε
1348 559 1472 595 δοκιμὴν,
1490 559 1551 586 οὔτε
1563 559 1658 586 ἐλπίδα
1679 559 1731 592 ἔξει
1745 560 1760 593 ἡ
1775 559 1808 594 μὴ

1030 608 1196 644 τεθλιμμένη
1213 607 1300 638 κτίσις
1315 607 1364 642 τὴν
1380 607 1450 642 ἴσην,
1467 605 1534 632 ἀλλὰ
1552 605 1647 640 ἑτέραν
1657 613 1663 620 ·
1684 605 1759 632 Ἐπεὶ
1775 605 1807 638 τῇ

1028 655 1201 689 ματαιότητι
1215 654 1234 688 ἡ
1256 653 1355 686 κτίσις
1372 651 1504 686 ὑπετάγη
1524 652 1580 686 οὺχ
1602 651 1723 683 ἑκοῦσα,
1735 651 1808 678 ἀλλὰ

1030 700 1078 727 διὰ
1093 700 1146 726 τὸν
1159 698 1350 730 ὑποτάξαντα
1371 698 1416 724 ἐπ’
1435 696 1544 724 ἐλπίδι.
1567 697 1595 722 '0
1608 696 1635 722 δὲ
1654 696 1690 732 μὴ
1707 696 1807 731 τολμῶν

1031 745 1065 772 τὰ
1082 743 1233 781 τηλικαῦτα
1246 744 1284 779 τῷ
1301 743 1436 779 ἀνθρώπῳ
1454 741 1697 778 κατακεχαρισθαι,
1719 742 1807 769 ἄλλοσε

1029 791 1158 826 χωρήσας
1169 790 1208 825 τῷ
1223 789 1355 825 θελήματι
1366 789 1432 825 (Η),
1450 789 1531 824 φήσει
1546 790 1577 823 τῇ
1595 788 1750 824 ματαιότητι
1762 788 1807 823 τὴν

192 844 287 869 parere
301 837 466 871 patientiam,
478 837 632 871 patientiam
643 844 702 863 vero
714 836 905 870 probationem.
918 844 953 869 νη

1037 836 1117 863 (τίσιν
1133 836 1269 862 ὑποτασσο
1273 835 1356 871 μένην
1368 833 1504 862 θλίϐεσθαι
1515 833 1614 870 μᾶλλον
1624 833 1806 865 στενάζουσαν,

192 881 320 908 bationem
336 890 395 908 vero
411 890 493 915 spem,
511 890 581 916 spem
595 889 682 908 autent
698 890 750 909 non
761 881 919 916 confundere
932 881 976 915 “;

192 934 280 960 neque
295 927 466 961 patientiam,
484 935 572 961 neque
593 927 780 962 probationem
796 927 907 954 habebit
925 935 976 954 non

192 971 290 1000 aﬂlicta
307 978 432 1000 creatura
449 973 591 1007 mqualem,
610 971 657 1000 sed
678 974 832 1006 diversam,
852 974 978 1007 quoniam

190 1017 301 1043 vanitati
316 1022 436 1044 creatura
452 1018 568 1051 subjecta
584 1023 621 1044 est
635 1025 687 1044 non
703 1016 800 1049 volens,
819 1016 864 1043 sed
873 1022 978 1050 propter

189 1070 247 1088 eum
261 1063 306 1096 qui
317 1063 425 1097 subjecit
448 1062 522 1089 illam
539 1063 586 1090 sub
604 1071 648 1097 spe
660 1063 692 1089 “.
707 1063 841 1090 Craterum
860 1062 904 1097 qui
920 1070 975 1090 non

189 1107 216 1135 in
232 1108 350 1135 animum
363 1109 467 1135 inducit
479 1116 557 1135 suum
577 1108 638 1135 talia
657 1108 759 1135 homini
773 1107 907 1136 beneﬁcia
920 1108 977 1135 col-

189 1153 243 1181 lata
258 1154 352 1186 fuisse,
365 1154 417 1181 alio
427 1154 566 1181 voluntate
583 1154 709 1186 tendens,
730 1155 803 1181 dicet
819 1158 975 1182 creaturam

189 1207 250 1234 qrue
262 1200 375 1228 vanitati
387 1201 527 1235 suspirans
542 1201 674 1236 subiacet,
693 1200 773 1236 ειἰὶιὶςί
790 1201 875 1235 magis
893 1207 974 1235 quam

189 1246 239 1274 hos
253 1247 298 1281 qui
312 1246 452 1281 suspirant
468 1247 493 1273 in
509 1247 560 1274 hoc
578 1247 757 1274 tabernaculo
773 1255 780 1274 :
801 1247 902 1281 quippe
914 1254 976 1281 qua:

190 1297 310 1326 tempore
329 1291 539 1327 quamplurimo,
562 1292 645 1327 idque
657 1300 718 1320 cum
736 1292 973 1327 multiplicatione,

188 1337 291 1364 serviat
319 1337 430 1364 humani
458 1337 618 1365 certaminis
640 1337 764 1364 vanitati.
788 1337 879 1370 Quare
900 1337 972 1364 enim

188 1383 283 1411 nolens
298 1384 348 1411 hoc
365 1384 439 1416 facit,
457 1384 508 1410 nisi
524 1383 595 1418 quod
612 1383 725 1410 vanitati
741 1383 890 1417 subjectam
914 1390 974 1410 esse

189 1433 217 1455 et
236 1436 289 1456 non
318 1429 420 1456 habere
436 1429 601 1464 praecipuum
627 1429 688 1456 vitm
710 1432 810 1456 statum
828 1429 863 1456 sit
879 1433 972 1456 contra

186 1474 245 1509 ejus
260 1479 384 1501 naturam
394 1474 405 1501 ι
417 1482 498 1509 quem
511 1474 621 1509 quidem
637 1479 748 1508 statum,
759 1473 823 1509 quia
841 1475 867 1501 in
880 1475 970 1502 nmmli

1028 881 1044 918 ἢ
1060 882 1082 908 οἱ
1097 881 1172 913 ὄντες
1182 882 1210 908 ὲν
1220 881 1258 916 τῷ
1270 882 1363 916 σκήνει
1377 879 1560 912 στενάζουσιν,
1577 880 1623 906 ἆτε
1633 880 1680 906 καὶ
1690 879 1807 906 πλεῖστον

1027 927 1089 954 ὅσον
1101 927 1195 963 χρόνον
1209 927 1256 953 καὶ
1271 925 1484 953 πολλαπλασίονα
1499 925 1544 952 τοῦ
1558 925 1727 961 ἀνθρωπίνου
1739 926 1807 959 ἀγῶ-

1026 981 1071 1004 νος
1097 974 1130 1008 τῇ
1163 972 1321 1008 ματαιότητι
1346 968 1535 1000 δουλεύουσαν.
1570 972 1618 999 Διὰ
1641 972 1667 998 τι
1688 972 1741 1008 γὰρ
1761 973 1808 1007 οὐχ

1027 1017 1126 1044 ἑκοῦσα
1142 1017 1219 1044 τοῦτο
1236 1018 1316 1048 ποιεῖ,
1331 1016 1347 1052 ἦ
1362 1017 1403 1043 ὅτι
1420 1017 1494 1052 παρὰ
1509 1016 1588 1051 φύσιν
1605 1017 1678 1043 ἐστὶν
1692 1018 1758 1052 αὐτῇ
1777 1019 1806 1052 τῇ

1028 1064 1186 1100 ματαιότητι
1201 1062 1393 1098 ὑποτετάχθαι,
1417 1063 1463 1089 καὶ
1486 1062 1522 1098 μὴ
1537 1063 1586 1098 τὴν
1604 1063 1807 1099 προηγουμένην

1026 1111 1097 1147 ἔχειν
1118 1111 1169 1146 τῆς
1188 1111 1260 1146 ζωῆς
1283 1110 1466 1142 κατάστασιν;
1488 1110 1521 1144 ἢν
1540 1109 1709 1144 ἀπολήψεται
1736 1110 1807 1136 ὲλευ-

1026 1157 1175 1193 θερουμένη
1190 1158 1218 1183 ἐν
1233 1157 1265 1192 τῇ
1280 1156 1326 1182 τοῦ
1341 1158 1444 1192 κόσμου
1461 1156 1557 1191 φθορᾷ,
1574 1155 1621 1182 καὶ
1631 1154 1680 1190 τῆς
1695 1154 1748 1181 τῶν
1759 1163 1807 1181 σω-

1027 1204 1119 1240 μάτων
1137 1202 1316 1239 ματαιότητος
1332 1202 1514 1237 ἀπολυομένη.
1539 1201 1608 1227 Ἀλλ’
1623 1201 1686 1227 ἐπεὶ
1700 1200 1806 1227 πλείονα

1025 1251 1072 1277 καὶ
1093 1249 1123 1276 οὐ
1146 1249 1218 1276 κατὰ
1243 1249 1274 1275 τὸ
1301 1248 1478 1284 προκείμενον
1506 1247 1651 1283 πρόϐλημα
1681 1247 1807 1282 δοκοῦμεν

1025 1295 1174 1332 εἰρηκέναι,
1198 1293 1433 1329 ἐπανελευσόμεθα
1451 1294 1497 1320 ἐπὶ
1520 1293 1551 1319 τὸ
1575 1292 1605 1325 ἐξ
1627 1293 1724 1328 ἀρχῆς,
1745 1293 1806 1319 ὑπο-

1025 1342 1221 1378 μιμνήσκοντες
1239 1340 1282 1367 διὰ
1299 1340 1325 1366 τι
1343 1340 1400 1375 φῶς
1415 1340 1461 1366 τοῦ
1479 1340 1581 1376 κόσμου
1595 1340 1609 1366 ὁ
1623 1339 1717 1374 Σωτὴρ
1732 1338 1806 1373 λὲγε-

1023 1396 1076 1419 ται,
1103 1387 1150 1414 καὶ
1173 1386 1231 1421 φῶς
1254 1385 1389 1420 ἀληθινὸν,
1414 1385 1461 1411 καὶ
1488 1384 1545 1419 φῶς
1569 1383 1623 1410 τῶν
1646 1383 1806 1419 ἀνθρώπων.

1029 1431 1196 1458 Ἀποδέδοται
1213 1430 1262 1465 μὲν
1277 1430 1341 1464 γὰρ,
1361 1430 1402 1456 ὅτι
1418 1429 1462 1456 διὰ
1476 1429 1507 1456 τὸ
1522 1429 1578 1464 φῶς
1595 1428 1641 1455 τοῦ
1662 1429 1765 1464 κόσμου
1780 1430 1808 1455 τὸ

1022 1477 1149 1512 αἰσθητὸν
1171 1476 1278 1510 λέγεται
1294 1475 1350 1510 φῶς
1366 1475 1502 1510 ἀληθινὸν,
1519 1475 1566 1502 καὶ
1581 1475 1621 1501 ὅτι
1637 1475 1696 1510 ἦτοι
1711 1475 1808 1501 ταυτιν

187 1519 297 1547 interitu
313 1524 341 1546 et
356 1520 381 1546 in
396 1519 508 1547 interitu
526 1520 652 1547 vanitatis
667 1527 810 1554 corporum
836 1519 953 1546 liberatu

1038 1531 1078 1549 στι
1095 1523 1125 1548 τὸ
1144 1522 1201 1556 φῶς
1216 1521 1263 1548 τοῦ
1281 1521 1382 1556 κόσμου
1398 1520 1437 1555 τῷ
1456 1521 1524 1555 φωτὶ
1537 1520 1592 1547 τῶν
1609 1520 1775 1556 ἀνθρώπων,
1792 1521 1807 1555 ἦ

185 1568 214 1591 et
237 1564 368 1597 solvitur,
394 1569 533 1598 receptura
553 1569 604 1592 est.
618 1565 717 1593 Verum
730 1564 869 1591 enimvero
899 1571 968 1598 quo-

186 1609 257 1636 niam
273 1609 350 1644 plnra
366 1617 446 1644 quam
463 1616 523 1644 quze
537 1609 702 1636 conveniant
716 1609 860 1644 propositas
876 1610 968 1644 dispu-

185 1655 411 1682 tationividetnur
424 1655 748 1687 disseruissc,rcdeamus
767 1654 837 1682 unde
846 1655 967 1689 digressa

185 1706 246 1728 erat
259 1701 358 1733 oratio,
382 1701 512 1728 memoria
535 1704 688 1735 repetentes
700 1708 753 1734 qua
767 1700 800 1727 de
814 1707 894 1728 causa
910 1705 965 1727 tum

183 1748 231 1775 lux
249 1748 352 1779 mundi,
379 1751 434 1773 tum
453 1747 497 1774 lux
516 1754 589 1780 vera,
604 1751 659 1774 tum
675 1747 792 1782 denique
814 1746 860 1774 lux
877 1746 966 1774 homi-

183 1800 249 1819 num
266 1793 398 1819 Servalor
423 1792 540 1819 dicatur.
570 1791 741 1827 Explicatum
757 1797 797 1820 est
817 1799 883 1826 ergo
903 1799 965 1818 eum

182 1837 268 1865 lucem
289 1845 380 1865 veram
393 1837 521 1872 appellari
538 1857 546 1870 ,
569 1843 678 1872 propter
692 1838 778 1865 lucem
794 1837 888 1864 mundi
904 1844 966 1864 sen-

180 1884 300 1916 sibilcm;
318 1883 357 1910 vel
375 1885 446 1919 quod
463 1884 533 1912 idem
557 1884 593 1911 sit
611 1891 672 1911 esse
692 1884 779 1911 lucem
802 1883 910 1916 mutuli,
937 1887 966 1910 et

1022 1567 1176 1602 ἐπιδέχεται
1197 1566 1318 1598 ἐξέτασιν
1339 1566 1377 1598 ὡς
1399 1566 1506 1592 ταυτόν.
1528 1566 1696 1600 Ἀναγκαίως
1718 1566 1746 1592 δὲ
1766 1566 1809 1592 διὰ

1020 1613 1083 1644 τοὺς
1099 1611 1179 1647 μηδὲν
1195 1611 1368 1646 ὲξειληιρότας
1382 1612 1413 1638 ἐκ
1435 1611 1483 1638 τοῦ
1503 1611 1587 1646 Λόγον
1606 1610 1675 1639 εἶναι
1691 1612 1739 1639 τὸν
1754 1614 1810 1639 Σω-

1020 1657 1091 1692 τῆρα
1116 1657 1201 1683 ταῦτα
1227 1657 1391 1692 ἢρεύνηται.
1418 1657 1461 1683 ἵνα
1491 1657 1648 1692 πειθώμεθα
1670 1658 1709 1693 μὴ
1737 1658 1808 1685 κατὰ

1021 1703 1209 1738 ἀποκλήρωσιν
1234 1702 1357 1729 ἵστασθαι
1381 1703 1429 1737 μὲν
1448 1703 1494 1728 ἐπὶ
1518 1703 1567 1738 τῆς
1583 1703 1678 1737 Λόγος
1691 1704 1809 1735 ἐννοίας,

1019 1749 1067 1775 καὶ
1082 1749 1216 1784 προσήκοι
1234 1748 1272 1784 τῷ
1287 1749 1370 1784 χωρίς
1390 1748 1444 1783 (12)
1474 1748 1648 1784 μεταλήψεως
1664 1749 1714 1784 τῆς
1731 1749 1810 1776 δυνα-

1021 1794 1104 1830 μένης
1120 1794 1383 1830 μεταλαμϐάνεσθαι,
1398 1795 1509 1828 ἀνάγειν
1531 1795 1558 1821 δὲ
1581 1795 1628 1825 καὶ
1644 1795 1810 1831 ἀλληγορείν

1018 1839 1077 1874 τὴν,
1099 1839 1162 1873 φῶς
1178 1839 1230 1866 τοῦ
1255 1839 1380 1873 κόσμου,
1403 1839 1505 1875 φωνὴν,
1523 1840 1569 1866 καὶ
1589 1840 1623 1866 τὰ
1646 1840 1729 1877 λοιπὰ
1753 1841 1810 1867 τῶν

1019 1883 1123 1910 πολλῶν
1137 1883 1155 1910 ἃ.
1172 1883 1355 1919 παρεθέμεθα.

180 1930 268 1958 lucem
295 1930 449 1964 hominum,
479 1931 521 1958 vel
543 1931 569 1957 in
597 1931 809 1966 disputationem
830 1930 920 1961 cadat,
943 1929 980 1956 sit
999 1937 1083 1957 necne
1103 1930 1183 1957 Idem.
1211 1929 1275 1963 Qua:
1292 1931 1446 1958 necessario
1461 1931 1536 1958 nobis
1553 1931 1715 1967 investigata
1743 1938 1811 1960 sunt

178 1981 289 2012 propter
311 1983 358 2004 eos
374 1977 418 2012 qui
436 1977 503 2004 nihil
530 1978 709 2004 commentati
729 1982 804 2010 sunt,
834 1984 918 2011 quare
945 1977 1073 2004 Servatur
1094 1977 1229 2005 diceretttr
1245 1978 1362 2005 Verbum
1387 1986 1396 2005 :
1427 1986 1480 2012 quo
1501 1986 1659 2014 persuasum
1688 1981 1811 2007 habere-

178 2032 239 2051 mus
255 2031 305 2051 nos
318 2031 370 2050 non
397 2031 429 2051 ex
456 2024 635 2059 prmiiuitione
656 2029 730 2050 stare
745 2023 846 2050 debere
873 2023 899 2050 in
923 2023 1005 2050 solius
1023 2023 1148 2050 vocabuli
1175 2024 1264 2058 hujus,
1286 2022 1410 2057 Verbum,
1432 2025 1485 2060 30
1512 2025 1712 2061 intelligentia,
1744 2035 1810 2054 cum

179 2069 268 2096 minus
293 2070 329 2097 sit
348 2070 447 2097 decens
474 2075 504 2097 ut
530 2070 579 2097 hoc
595 2070 754 2097 vocabulum
783 2077 831 2104 per
855 2069 1060 2096 translationem
1083 2077 1135 2095 non
1154 2072 1321 2103 exponalnr,
1340 2076 1400 2095 cum
1429 2069 1573 2103 anagogice
1593 2075 1672 2103 atque
1700 2071 1812 2107 allego-

179 2114 235 2142 rice
251 2122 417 2150 exponamus
439 2116 503 2143 illnd
527 2113 617 2142 [umen
634 2115 742 2149 mundi,
766 2120 847 2150 atque
867 2115 950 2142 multa
964 2115 1016 2142 alia
1030 2123 1089 2150 qua:
1104 2116 1129 2142 in
1147 2116 1261 2142 medium
1277 2115 1445 2150 protulimus.

212 2162 258 2191 25.
276 2162 311 2190 Ut
328 2168 419 2191 autem
435 2171 467 2191 eo
484 2163 557 2198 quod
581 2163 711 2190 illumtnet
728 2163 898 2198 illustrelque
914 2163 961 2190 ho-
979 2167 999 2194 D

178 2208 281 2235 minum
294 2214 410 2241 mentes,
424 2210 465 2236 vel
478 2208 630 2243 generatim
646 2209 766 2236 omnium
778 2209 824 2244 qui
848 2208 961 2236 rationis

176 2258 239 2280 sunt
251 2261 377 2288 capaces,
391 2255 435 2282 lux
454 2259 495 2281 est
510 2255 661 2287 hominum,
676 2259 704 2282 et
724 2254 768 2281 lux
784 2262 857 2288 vera,
873 2258 899 2281 et
914 2254 958 2281 lux

175 2300 267 2327 mundi
282 2309 289 2326 ε
304 2301 345 2327 sic
362 2307 394 2327 co
408 2300 479 2334 quod
495 2304 593 2327 auctor
609 2300 644 2327 sit
665 2301 754 2327 omnis
781 2300 958 2328 mortalitatis

175 2345 342 2379 deponenda:
356 2345 589 2379 ingencramlique
609 2352 668 2372 eam
683 2352 764 2380 quam
783 2345 892 2380 proprie
908 2352 957 2371 vo-

174 2398 271 2418 camus
287 2391 380 2421 vitam,
393 2391 598 2425 resurgentibus
610 2398 644 2418 ex
661 2390 776 2417 mortuis
789 2390 821 2417 iis
834 2389 879 2424 qui
894 2397 954 2417 eum

173 2437 281 2464 sincere
295 2436 459 2470 receperint,
474 2437 624 2471 appellatur
638 2436 814 2465 resurrectio.
839 2436 895 2463 lloc
907 2443 955 2462 att-

174 2486 227 2507 tem
241 2489 293 2507 non
312 2481 390 2508 modo
412 2482 436 2508 in
449 2483 590 2515 pnesenlia
604 2483 630 2510 in
647 2482 689 2510 his
705 2487 836 2516 operatur
850 2481 894 2516 qui
908 2488 954 2507 va-

173 2525 227 2552 lent
243 2526 333 2552 dicere
348 2535 354 2552 :
373 2525 523 2561 Conselmlti
531 2535 621 2554 sumus
634 2535 693 2554 cum
702 2526 806 2554 Chrin
815 2534 860 2561 per
868 2526 954 2560 bapti-

170 2578 254 2596 smum
268 2571 299 2603 “,
312 2578 427 2606 cumque
438 2579 470 2599 eo
484 2572 562 2599 simul
576 2573 792 2604 resurreximus;
806 2570 853 2598 sed
868 2570 951 2597 etiam

205 2627 229 2642 "
244 2625 321 2654 Joan.
339 2635 387 2660 xu,
407 2628 451 2654 26.
488 2628 511 2643 "
525 2628 603 2656 Ront.
622 2636 681 2660 vm,
701 2628 747 2655 2|.
776 2628 798 2643 ⁶⁰
816 2627 895 2654 Rom.
910 2633 937 2659 v,
951 2626 1014 2654 5-5.

207 2687 261 2723 (ll)
293 2688 564 2723 Κατακεχίιρίσθιιι,
587 2688 700 2715 ἄλλοσε
730 2687 891 2723 χωρήσας-
913 2686 953 2719 τῷ

170 2722 321 2755 θελήματι.
337 2724 373 2749 Ita
392 2721 464 2751 recte
480 2725 550 2750 Itum:
569 2724 654 2749 locum
678 2721 756 2749 sanat
769 2724 854 2750 codex
878 2721 951 2749 Bod-

171 2756 292 2790 leianns;
313 2758 381 2785 tnale
395 2759 420 2784 in
440 2758 560 2785 editione
586 2756 675 2783 lluetii
702 2757 798 2792 legitur
829 2764 951 2791 καταχα-

169 2791 303 2824 ρίσθαι....
316 2794 444 2828 χωρήσας
455 2792 494 2828 τῷ
508 2792 690 2828 προσλήματι,

1049 2162 1094 2190 25,
1113 2163 1217 2197 Ὥσπερ
1229 2162 1257 2189 δὲ
1271 2161 1345 2198 παρὰ
1360 2162 1390 2189 τὺ
1405 2161 1531 2197 φωτίζειν
1547 2164 1594 2190 καὶ
1610 2164 1813 2200 καταλάμπειν

1010 2209 1046 2235 ’τὰ
1065 2209 1217 2244 ἡγεμονικὶ
1241 2208 1296 2235 τῶν
1320 2207 1485 2243 ἀνθρώπων,
1509 2209 1525 2244 ἦ
1549 2209 1723 2243 ἁπαξαπλῶς
1754 2214 1812 2239 τῶν

1009 2254 1137 2288 λογικῶν,
1158 2253 1215 2289 φῶς
1236 2254 1309 2280 ἐστιν
1330 2253 1490 2289 ἀνθρώπων,
1514 2254 1560 2280 καὶ
1581 2254 1639 2288 φῶς
1660 2256 1811 2291 ἀληθινὸν,

1008 2300 1055 2326 καὶ
1071 2299 1128 2333 φῶς
1144 2299 1190 2326 τοῦ
1205 2300 1322 2334 κόσμου’
1338 2298 1423 2331 οὕτως
1433 2300 1463 2326 ὲκ
1482 2299 1527 2326 τοῦ
1543 2300 1586 2327 διὰ
1607 2300 1654 2327 τοῦ
1676 2301 1811 2337 ἐνεργεῖ-

1008 2344 1070 2370 σθαι
1086 2344 1135 2379 τὴν
1152 2343 1280 2370 ἀπόθεσιν
1297 2343 1385 2378 πάσης
1399 2343 1570 2378 νεκρότητος,
1584 2344 1632 2370 καὶ
1644 2344 1813 2379 ἐμφύεσθαι

1009 2389 1058 2424 τὴν
1075 2388 1176 2424 κυρίως
1193 2388 1365 2424 καλουμένην
1386 2387 1457 2423 ζωὴν
1478 2389 1510 2414 ὲκ
1527 2388 1631 2423 νεκρῶν
1646 2389 1811 2424 ἀνισταμέ-

1009 2443 1061 2461 νων
1085 2435 1139 2460 τῶν
1159 2434 1240 2460 αὑτὸν
1268 2434 1387 2469 γνησίως
1411 2434 1617 2470 κεχωρηκότων,
1632 2434 1766 2462 καλεῖται
1795 2437 1812 2471 ἡ

1008 2480 1164 2511 ἀνάστασις.
1191 2479 1276 2506 Τοῦτο
1299 2480 1326 2506 δὲ
1350 2480 1379 2506 οὐ
1406 2480 1485 2514 μόνον
1515 2480 1561 2506 ἐπὶ
1584 2479 1631 2506 τοῦ
1661 2481 1811 2516 παρόντος

1007 2525 1112 2561 ἐνεργεῖ
1137 2527 1193 2558 τοῖς
1217 2526 1374 2561 δυναμένοις
1389 2525 1494 2560 λέγειν·
1522 2525 1749 2561 Συνετὰφημεν
1769 2527 1812 2559 τῷ

1006 2571 1122 2605 Χριστῷ
1140 2571 1189 2598 διὰ
1213 2572 1265 2598 τοῦ
1286 2571 1505 2605 βαπτίσματος,
1527 2571 1573 2598 καὶ
1592 2572 1812 2608 συνανέστημεν

1053 2627 1075 2642 ⁶¹
1087 2627 1168 2656 Rom.
1185 2636 1243 2661 vm,
1259 2628 1304 2656 20.
1325 2629 1347 2644 ⁸·
1367 2629 1446 2657 Rom.
1460 2637 1500 2664 TI,
1511 2631 1539 2659 ὁ.

1043 2690 1099 2726 (12)
1114 2690 1168 2717 Καὶ
1182 2689 1331 2726 προσήκοι
1344 2689 1384 2722 τῷ
1398 2689 1560 2726 χωρίςε-ειρ.
1575 2688 1665 2726 Locus
1689 2690 1812 2718 hiulcus

1005 2728 1033 2751 et
1049 2724 1204 2759 corruptus,
1221 2726 1263 2752 eui
1277 2725 1379 2757 absque
1395 2724 1552 2750 melioribus
1568 2725 1718 2753 codicihtb'
1747 2734 1813 2754 me.

1006 2760 1122 2788 dicinam
1140 2760 1228 2788 facere
1242 2759 1310 2788 velle
1329 2759 1505 2787 temerarium
1518 2762 1570 2787 est.
