1870 3046
78 96 117 127 ’Π

77 156 266 193 ἁνακέκραται
287 155 327 192 τῷ
348 155 417 192 ἁγίῳ
440 155 581 192 Πνεύματι
606 157 623 192 ἡ
648 157 764 184 ἑκάστου
790 157 874 198 ψυχὴ,
891 161 913 190 Α

77 204 126 231 καὶ
144 204 255 239 γέγονεν
280 203 394 235 ἕκαστος
412 202 468 229 τῶν
493 203 654 239 σωζομένων
675 204 869 240 πνευματικός.

79 251 185 285 Ὠσπερ
194 247 241 277 οὖν
254 250 308 276 εἰσί
319 259 392 283 τινες
409 251 615 286 ποιμαινόμενοι
632 251 685 278 ὑπὸ
697 250 815 286 Χριστοῦ
828 249 873 277 διὰ

76 295 108 322 τδ
122 295 198 330 σφῶν
220 296 321 329 αὐτῶν,
345 295 383 329 ὼς
402 297 616 333 προειρήκαμεν,
646 297 733 332 πρᾶον
755 296 804 333 μὲν
825 296 873 323 καὶ

76 342 218 374 εὐσταθὲς,
231 341 401 378 ἀλογώτερον
413 342 451 369 δέ’
466 342 538 370 οὓτω
560 343 606 370 καὶ
627 342 832 379 βασιλευόμενοι
846 343 871 369 οἱ

75 388 148 415 κατὰ
160 387 342 424 λογικώτερον
359 388 502 424 προσιέναι
522 390 555 424 τῇ
580 389 797 425 θεοσεϐείᾳ(Ξ5)’
824 389 872 415 καὶ

75 434 295 470 βασιλευομένων
325 434 473 471 διαφοραὶ,
500 435 561 471 ἤτοι
594 435 796 471 μυστικώτερον
826 436 873 462 καὶ

73 481 297 518 ἀποῤῥητότερον
317 481 365 508 καὶ
387 481 620 518 θεοπρεπέστερον
643 481 862 518 βασιλευομένων

73 528 91 564 ἢ
106 528 313 565 ὑποδεέστερον.
325 529 379 556 Καὶ
394 528 498 564 εἴποιμ’
515 529 547 556 ἂν
562 529 626 561 τοὺς
644 529 694 565 μὲν
705 528 874 564 τεθεωρηκό-

73 583 123 606 τας
141 574 177 601 τὰ
195 574 248 607 ἔξω
269 574 414 610 σωμάτων,
437 574 594 611 καλούμενα
614 575 689 611 παρὰ
709 575 749 611 τῷ
771 574 871 610 Παύλῳ

73 620 188 656 ἀόρατα
208 623 254 648 καὶ
265 622 302 658 μὴ
313 621 476 657 βλεπόμενα,
486 622 537 655 ἔξω
547 622 648 655 παντὸς
659 621 787 658 αἰσθητοῦ
800 621 871 657 λόγῳ

73 667 284 702 γεγενημένους,
298 667 523 703 βασιλευομένους
535 668 588 694 ὑπὸ
599 668 650 703 τῆς
662 667 871 704 προηγουμένης

73 713 183 747 φύσεως
195 713 242 739 τοῦ
253 713 433 747 Μονογενοῦς·
446 713 510 746 τοὺς
523 713 551 740 δὲ
565 714 646 750 μέχρι
663 713 709 740 τοῦ
732 715 796 750 περὶ
816 714 870 741 τῶν

73 759 212 795 αἰσθητῶν
220 759 300 793 λόγου
308 758 473 794 ὲφθακότας,
483 759 530 785 καὶ
540 759 584 786 διὰ
595 759 698 786 τούτων
709 759 870 792 δοξάζοντας

72 805 118 832 τὸν
130 805 301 839 πεποιηκότα
313 805 360 832 καὶ
371 805 470 837 αὐτοὺς
481 805 534 832 ὑπὸ
541 805 620 840 λόγου
632 805 868 841 βασιλευομένους,

73 851 126 878 ὑπὸ
150 850 198 878 τοῦ
225 851 347 887 Χριστοῦ
375 850 573 886 βασιλεύεσθαι.
598 851 699 887 Μηδεὶς
729 852 758 878 δὲ
787 860 870 888 προσ-

72 896 199 923 κοπτέτω
219 894 412 931 διακρινόντων
424 896 504 931 ἡμῶν
519 896 575 932 (24)
587 896 638 928 τὰς
655 897 683 923 ἐν
702 896 741 932 τῷ
761 897 870 933 Σωτῆρι

71 943 207 975 ἐπινοίας,
222 942 343 978 οἰόμενος
364 942 411 969 καὶ
423 944 456 978 τῇ
469 942 549 978 οὐσίᾳ
567 943 665 970 ταυτὸν
682 944 756 979 ἡμᾶς
769 944 866 970 ποιεῖν.

888 837 907 864 Β

629 97 807 127 ΕΟΜΜΕΝΤ.
829 98 862 125 IN
882 97 978 125 JOAN.
998 96 1116 126 TOMUS
1133 97 1154 126 l.

1679 101 1711 128 78

930 163 1084 185 servantur.
1106 157 1141 185 Ut
1164 157 1248 193 igitur
1273 157 1379 193 aliqttos
1406 165 1517 186 eernere
1546 164 1588 186 est
1616 161 1714 194 quibus

924 202 1051 231 Christus
1061 208 1102 231 est
1116 209 1218 239 pastor.
1229 204 1285 231 siett
1291 204 1309 231 ti
1323 205 1509 239 priediximus,
1517 210 1628 241 propter
1638 214 1713 234 suam

924 249 1043 284 ipsorum
1061 251 1295 278 mansuetudinem
1309 256 1335 278 et
1348 251 1505 279 firmitatem
1523 260 1584 287 quae
1601 252 1670 279 inest
1687 253 1713 280 in

924 295 1076 324 irrationali
1103 301 1179 331 parte
1205 297 1320 331 animm,
1344 298 1384 325 sic
1406 299 1487 326 etiam
1502 299 1608 334 aliquos
1624 299 1716 326 videas

924 343 1023 378 quibus
1039 350 1087 370 rex
1100 343 1135 370 sit
1156 343 1213 377 ipse
1230 342 1354 371 Christus
1369 344 1405 371 ob
1422 352 1481 372 eam
1498 346 1596 373 animm
1610 352 1714 381 partem

924 397 983 424 quin
998 389 1113 416 rationis
1133 389 1219 424 magis
1235 393 1278 416 est
1299 397 1396 425 capax,
1420 398 1469 426 per
1485 398 1565 425 quam
1582 393 1715 421 accedunt

923 437 956 463 ad
972 436 1019 464 Dei
1037 435 1150 463 cultum.
1175 435 1293 469 Quorum
1317 436 1426 470 quidem
1445 443 1534 470 regem
1557 437 1713 466 habentium

923 485 986 509 sunt
1001 481 1170 514 diﬂ'erentim,
1187 486 1317 517 regnante
1337 482 1363 508 in
1391 482 1446 510 illis
1461 490 1536 518 rege,
1560 483 1602 512 vel
1629 485 1716 520 magis

922 528 1071 556 secundum
1082 528 1226 564 mysticam
1242 532 1270 555 et
1284 535 1414 555 arcanam
1428 528 1572 563 rationem,
1588 530 1716 558 arcanius

922 581 952 600 ac
971 573 1101 607 divinius,
1120 574 1163 601 vel
1176 573 1376 608 imperfectius.
1392 573 1431 602 Ex
1452 582 1507 609 quo
1527 575 1642 604 dixerim
1665 585 1716 612 ego

923 620 950 647 iu
965 621 1017 648 illis
1032 621 1076 655 qui
1098 628 1219 655 eousque
1243 621 1349 647 ratione
1373 627 1576 656 pervenerunt,
1594 627 1624 651 ut
1646 631 1714 651 ροη-

923 667 1043 702 templati
1071 667 1174 694 fuerint
1199 673 1230 693 ea
1257 673 1317 700 qum
1331 674 1464 699 corporea
1480 675 1531 695 non
1558 674 1631 700 sunt,
1657 674 1714 696 eta

921 712 1005 739 Paulo
1015 712 1039 728 '"
1050 716 1182 739 vocantur
1196 710 1350 744 invisibilia,
1362 716 1390 740 et
1406 719 1466 747 qua
1481 713 1568 741 oculis
1581 721 1634 741 non
1649 722 1713 741 cer-

922 763 1034 790 nuntttr,
1050 757 1224 792 praecipuam
1240 757 1377 793 Unigoniti
1394 766 1509 794 regnare
1524 765 1668 792 naturam;
1687 760 1714 787 in

923 803 955 830 iis
969 811 1036 830 vero
1047 803 1092 838 qui
1108 804 1242 831 rationem
1254 806 1337 831 etiam
1352 805 1503 840 attigerunt
1518 814 1608 833 rerum
1620 813 1714 833 earum

924 857 984 884 qua:
1002 856 1085 876 sensu
1103 850 1207 884 percipi
1232 855 1355 885 possunt,
1370 855 1398 879 et
1419 858 1451 878 ex
1469 851 1544 879 hisce
1562 853 1643 880 rebus
1658 852 1716 888 glo—

925 896 1033 924 rilicant
1047 904 1110 923 eum
1124 897 1171 931 qui
1189 896 1254 924 fecit
1269 902 1297 924 nt
1307 898 1389 925 etiam
1406 898 1456 933 ipsi
1470 899 1521 927 sub
1536 907 1620 934 regno
1633 900 1717 928 ratio-

924 943 966 970 nis
980 942 1045 975 sint,
1058 942 1294 977 ipsntnChristnm
1310 951 1435 978 regnare.
1449 943 1544 980 Neque
1556 953 1623 973 vero
1631 945 1716 974 oﬂ‘en-

71 992 156 1020 datur
170 991 252 1023 ullus,
268 990 460 1026 separantibus
477 991 566 1024 nobis,
582 999 642 1026 qure
655 996 717 1019 sttnt
733 992 759 1019 in
772 992 928 1024 Servatore,
941 991 1166 1026 signiﬁcationes,
1185 993 1255 1020 idem
1269 994 1430 1023 existimans
1448 994 1531 1023 etiam
1549 995 1578 1023 in
1588 995 1716 1026 substan-

71 1039 108 1066 tia
128 1038 218 1073 ipsius
233 1045 283 1065 nos
293 1036 393 1066 facere.
735 1065 742 1073 ,

104 1085 153 1113 31.
170 1085 245 1112 Πάνυ
268 1084 297 1112 δὲ
319 1084 367 1112 καὶ
390 1085 446 1117 τοῖς
468 1084 595 1120 τυχοῦσιν
611 1084 667 1121 (25)
689 1086 784 1122 σαφὲς,
812 1086 870 1118 πῶς

70 1132 131 1158 im.
148 1131 309 1164 διδάσκαλος
325 1132 372 1159 καὶ
395 1131 563 1168 σαφηνιστὴς
584 1132 639 1159 τῶν
665 1133 705 1164 είς
729 1132 870 1160 εὐσέϐειαν

71 1178 130 1214 (26)
147 1178 340 1206 συντεινόντων
356 1179 370 1205 ό
392 1178 495 1214 Κύριος
520 1177 610 1214 ἡμῶν,
626 1178 673 1206 καὶ
688 1176 788 1214 Κύριος
808 1177 869 1204 δού-

69 1223 125 1251 λων
148 1223 204 1250 τῶν
229 1223 364 1258 ἐχόντων
384 1224 504 1259 πνεῦμα
531 1224 672 1258 δουλείας
700 1225 744 1256 είς
764 1225 869 1259 φόϐον,

68 1269 294 1306 προκοπτόντων,
317 1269 365 1297 καὶ
380 1270 427 1297 ἐπὶ
441 1270 491 1306 τὴν
508 1270 605 1305 σοφίαν
623 1270 803 1303 σπευδόντων,
821 1271 868 1298 καὶ

67 1316 176 1351 ταύτης
193 1316 360 1352 ἀξιουμένων
372 1324 379 1331 ·
409 1316 491 1343 Ἐπεὶ
516 1317 532 1343 ὀ
553 1315 664 1350 δοῦλος
689 1317 746 1344 οὐκ
758 1314 821 1344 οἵδε
838 1317 868 1344 τί

67 1362 154 1390 θέλει
170 1364 187 1390 ό
203 1363 305 1397 κύριος
317 1362 421 1395 αὐτοῦ,
444 1362 475 1389 οὐ
500 1362 575 1398 μένει
598 1362 710 1399 κύριος,
727 1363 868 1399 γινόμενος

45 1423 51 1431 κ
67 1409 164 1436 αὐτῶν
177 1409 264 1444 φίλος,
283 1409 331 1436 καὶ
343 1408 425 1441 αὐτὸς
438 1408 517 1436 τοῦτο
532 1408 661 1443 διδάσκει,
683 1409 751 1436 ὃπου
766 1409 815 1445 μὲν
829 1408 869 1436 ἔτι

960 1084 1013 1121 33
1029 1084 1075 1113 5|.
1097 1084 1147 1112 Vel
1170 1085 1329 1121 vulgaribus
1352 1094 1417 1115 vero
1441 1088 1593 1124 quibusque
1616 1092 1714 1119 admo-

924 1130 988 1158 dum
1008 1131 1089 1158 etiarn
1109 1131 1213 1166 patebit
1229 1133 1367 1166 quomodo
1396 1132 1527 1161 Dominus
1551 1140 1644 1163 noster
1659 1144 1715 1163 tna-

923 1176 1008 1211 gister
1021 1175 1057 1203 sit
1072 1180 1100 1203 et
1121 1175 1283 1211 explanator
1298 1177 1342 1205 his
1355 1177 1401 1212 qui
1417 1179 1590 1207 contendunt
1606 1182 1640 1209 ad
1656 1182 1714 1217 pie-

923 1226 1017 1255 tatem,
1035 1228 1068 1249 ac
1082 1221 1215 1250 Dominus
1238 1229 1380 1250 servorum
1401 1223 1509 1252 illorum
1530 1226 1576 1261 qui
1588 1227 1713 1262 spiritum

922 1266 1055 1294 servitutis
1070 1265 1163 1293 habent
1180 1266 1215 1293 ad
1227 1267 1347 1294 timorem
1356 1267 1398 1300 ";
1415 1268 1462 1303 qui
1478 1268 1501 1296 si
1515 1269 1670 1305 proﬁciant,
1685 1278 1714 1300 et

923 1312 956 1340 ad
971 1312 1134 1348 sapientiam
1150 1320 1257 1341 summo
1270 1313 1362 1341 studio
1371 1316 1549 1349 contendant,
1564 1317 1647 1344 etiam
1662 1318 1714 1345 hae

923 1357 995 1393 digni
1019 1357 1164 1389 habentur,
1193 1358 1318 1392 quoniam
1344 1367 1432 1386 servus
1454 1361 1627 1396 ueuit,quid
1651 1365 1712 1390 velit

922 1404 1045 1431 dominus
1072 1404 1199 1438 ipsius”,
1226 1411 1276 1432 nec
1301 1405 1418 1440 amplius
1448 1410 1540 1433 autem
1569 1415 1713 1442 permanat

66 1456 161 1482 δοῦλοι
178 1455 300 1491 ὑπῆρχον
316 1455 341 1481 οἱ
362 1454 542 1491 ἀκροώμενοι,
557 1454 668 1490 φάσκων
680 1463 686 1470 ·
706 1455 800 1490 Ὑμεῖς
813 1463 865 1490 φω-

954 1450 1062 1482 ιιιιίιιυε,
1076 1449 1164 1478 factus
1176 1450 1284 1477 illorutn
1294 1450 1409 1483 amicus,
1421 1451 1448 1479 id
1461 1452 1533 1487 quod
1546 1453 1604 1488 ipse
1619 1453 1711 1485 docet.

66 1501 151 1529 νεῖτέ
167 1510 207 1535 με
221 1503 237 1528 ὁ
249 1501 444 1534 διδάσκαλος,
465 1500 515 1528 καὶ
531 1502 548 1528 ό
560 1501 678 1535 Κύριος,
700 1500 750 1528 καὶ
769 1500 869 1535 καλῶς

66 1547 196 1582 λέγετε,
221 1547 280 1582 εὶμί
296 1546 370 1582 γάρ·
400 1547 465 1573 ὅπου
491 1545 536 1573 δέ’
563 1547 668 1573 οὐκέτι
691 1547 769 1581 ὑμᾶς
792 1546 869 1582 λέγω

66 1593 217 1626 δούλους,
244 1592 289 1620 ὅτι
313 1593 329 1619 ό
352 1591 463 1625 δοῦλος
485 1592 541 1619 οὐκ
563 1590 626 1619 οἵδε
648 1592 678 1619 τί
698 1593 731 1619 τὸ
755 1591 870 1627 θέλημα

68 1638 125 1665 τοῦ
140 1637 248 1672 κυρίου
262 1637 371 1664 αὐτοῦ·
385 1638 454 1665 ἀλλ’
469 1637 526 1673 ἐγὼ
548 1637 627 1672 ὑμᾶς
650 1638 759 1672 φίλους
779 1637 868 1673 λέγω,

65 1682 108 1708 ὅτι
121 1682 363 1717 attagenam/mare
371 1684 435 1718 μετ’
448 1683 521 1718 ἐμοῦ
546 1683 581 1710 ὲν
592 1683 668 1710 πᾶσι
693 1683 755 1717 τοῖς
769 1690 869 1718 πειρα-

64 1728 162 1762 σμοῖς
173 1737 242 1763 μου.
269 1729 300 1755 Oi
316 1726 362 1755 οὖν
379 1728 450 1755 κατὰ
463 1728 545 1763 φόϐον
562 1728 692 1764 βιοῦντες,
710 1729 739 1756 ὃν
758 1729 869 1756 ἀπαιτεῖ

64 1774 122 1800 ἀπὸ
140 1773 198 1800 τῶν
214 1774 244 1800 οὐ
260 1773 349 1800 καλῶν
368 1773 469 1801 δούλων
485 1775 499 1801 ό
518 1773 594 1806 Θεὸς,
612 1774 650 1805 ὡς
668 1775 825 1811 ἀνέγνωμεν
839 1775 868 1802 ἐν

63 1818 104 1853 τῷ
121 1818 256 1854 Μαλαχίᾳ
265 1826 272 1833 ·
288 1819 324 1846 Εί
342 1818 450 1852 Κύριός
461 1820 519 1854 ειμι
531 1818 598 1853 ἐγὼ,
620 1819 680 1846 ποῦ
693 1819 778 1846 ἐστιν
790 1821 806 1847 ὁ
818 1820 869 1854 φό-

63 1866 118 1899 ϐος
131 1874 197 1900 μου
205 1873 214 1898 ;
228 1865 316 1892 δοῦλοι
328 1866 491 1901 τυγχάνουσι
504 1865 607 1902 Κυρίου
620 1865 666 1893 τοῦ
680 1866 806 1903 Σωτῆρος
819 1867 868 1894 αὺ-

62 1911 121 1937 τῶν
136 1911 222 1938 καλου
227 1911 318 1947 μένου.

99 1958 149 1985 52.
178 1957 260 1984 Ἀλλὰ
281 1957 325 1984 διὰ
348 1956 452 1984 τούτων
475 1957 583 1985 πάντων
598 1958 628 1985 οὺ
647 1958 741 1992 σαφῶς
757 1958 773 1994 ἡ
787 1958 867 1992 εὐγέ-

61 2013 125 2031 νεια
153 2004 320 2039 παρίσταται
341 2003 388 2030 τοῦ
407 2003 472 2030 Υἱοῦ
485 2012 492 2019 ³
507 2004 552 2031 ὅτε
575 2004 604 2031 δὲ
618 2004 664 2031 τό-
681 2005 746 2038 Υἱός
761 2013 821 2039 μου
842 2001 872 2031 εἴ

61 2051 117 2082 σὺ,
134 2050 197 2085 ἐγὼ
220 2049 353 2085 σήμερον
364 2050 533 2085 γεγέννηκά
551 2059 598 2082 σε,
614 2050 723 2084 λέγεται
737 2050 804 2087 πρὸς
818 2050 868 2077 αὒ-

60 2098 110 2125 τὸν
132 2097 189 2124 ὑπὸ
203 2096 250 2123 τοῦ
267 2095 345 2128 Θεοῦ,
372 2093 394 2130 ᾧ
409 2096 452 2123 ἀεί
464 2097 522 2123 ἐστι
536 2097 566 2123 τὸ
591 2097 727 2133 σήμερον·
754 2096 804 2123 οὐκ
826 2095 865 2122 ἔνι

921 1502 982 1522 cum
998 1495 1089 1523 adhuc
1106 1496 1176 1522 servi
1192 1500 1272 1524 erant
1284 1495 1370 1531 ipsius
1386 1496 1544 1531 auditores,
1561 1498 1656 1527 dicens
1666 1499 1688 1515 "
1702 1507 1711 1527 :

924 1540 978 1568 Vox
995 1541 1094 1568 vocatis
1106 1549 1147 1568 me
1159 1541 1317 1576 Magistrum
1338 1550 1370 1570 ac
1383 1541 1537 1577 Dominum,
1553 1548 1579 1572 et
1591 1544 1654 1572 bene
1668 1547 1712 1572 di-

920 1585 989 1617 citis,
1010 1593 1068 1612 sum
1091 1585 1205 1618 etenim;
1227 1585 1292 1613 alibi
1316 1593 1381 1613 vero
1400 1585 1559 1622 :Post/tac,
1582 1597 1635 1616 non
1652 1590 1712 1617 dico

920 1639 963 1658 eos
980 1639 1079 1664 servos,
1094 1632 1157 1666 quin
1175 1640 1265 1659 servus
1287 1634 1369 1660 nescit
1388 1642 1447 1668 qua:
1469 1635 1503 1661 ait
1517 1629 1642 1662 uoluntas
1662 1637 1712 1664 ila-

919 1678 986 1705 mini
1002 1678 1044 1705 sui
1060 1679 1126 1705 :aed
1144 1678 1204 1706 dico
1224 1687 1268 1706 vos
1279 1680 1380 1707 amicos
1391 1680 1425 1713 ",
1442 1681 1571 1716 quoniam
1586 1690 1711 1716 perman-

920 1723 990 1751 εὶιιίι
1024 1732 1124 1751 mecum
1151 1724 1178 1751 in
1207 1725 1330 1752 omnibus
1355 1726 1577 1754 tribulationibus
1605 1728 1708 1756 meis".

920 1769 969 1803 Qui
985 1777 1049 1805 ergo
1065 1770 1091 1797 in
1106 1770 1207 1798 timore
1219 1770 1323 1803 vivunt,
1342 1779 1422 1805 quem
1436 1772 1522 1807 exigit
1535 1772 1606 1800 Deus
1623 1781 1637 1800 a
1652 1781 1707 1800 sur-

920 1814 962 1842 vis
977 1822 1031 1842 non
1050 1815 1138 1846 bonis,
1156 1820 1186 1843 ut
1203 1816 1319 1851 legimus
1345 1817 1372 1844 in
1398 1816 1533 1846 Malachia
1545 1818 1569 1835 ⁷⁸
1583 1827 1590 1846 :
1604 1818 1634 1846 Si
1657 1821 1712 1846 Do-

919 1860 1006 1887 minus
1023 1868 1069 1896 ego
1091 1869 1160 1893 sum,
1174 1861 1218 1888 ubi
1233 1866 1270 1888 est
1288 1862 1366 1889 timor
1384 1863 1478 1889 meua?
1494 1864 1566 1891 servi
1581 1869 1645 1892 sunt
1660 1865 1712 1892 Du-

920 1906 986 1933 ntini
1002 1907 1047 1941 qui
1066 1906 1174 1934 illorum
1189 1912 1303 1934 vocatur
1315 1907 1459 1936 Servatur.
1616 1933 1618 1936 .

953 1952 999 1980 52.
1019 1953 1147 1981 Attamen
1165 1961 1215 1980 nec
1228 1954 1270 1981 bis
1284 1953 1410 1982 omnibus
1424 1955 1567 1983 manifeste
1588 1956 1650 1983 Filii
1663 1964 1711 1983 ιιο-

919 1997 1012 2025 bilitas
1033 1998 1200 2032 declaratur,
1224 2000 1272 2027 sed
1295 2005 1351 2027 tum
1378 2008 1441 2028 cum
1459 2009 1466 2028 :
1481 1999 1572 2029 Filius
1593 2011 1665 2030 metu
1683 2012 1709 2029 ea

919 2047 958 2076 tu,
980 2052 1028 2079 ego
1049 2044 1127 2071 hodie
1149 2046 1228 2080 genui
1244 2050 1268 2073 te
1281 2045 1314 2078 ".
1333 2046 1434 2074 dicitur
1460 2048 1493 2074 ad
1516 2047 1592 2075 illum
1611 2056 1626 2075 a
1642 2047 1708 2080 Deo,

919 2091 962 2117 cui
979 2098 1088 2125 semper
1104 2096 1146 2118 est
1162 2091 1253 2123 hodie,
1269 2099 1358 2127 neque
1373 2093 1445 2120 enim
1461 2098 1504 2121 est
1518 2101 1631 2128 vespera
1649 2093 1708 2126 θυι,

60 2144 120 2180 γὰρ
136 2142 247 2179 ἑσπέρα
262 2127 343 2175 Θεοῦ,
358 2127 413 2177 ἐγὼ
429 2143 457 2169 δὲ
472 2142 601 2178 ἠγοῦμαι,
618 2127 671 2169 ότι.
684 2142 743 2169 οὐδὲ
765 2142 865 2178 πρωῒα,

956 2143 1009 2171 que
1028 2144 1119 2169 tuane,
1138 2145 1198 2164 meo
1217 2137 1326 2172 quidem
1346 2138 1461 2174 judicio,
1478 2140 1525 2167 sed
1541 2127 1658 2175 tempus,
1679 2146 1710 2168 ut

60 2189 122 2216 ἀλλ’
138 2190 155 2216 ὁ
171 2188 417 2225 συμπαρεκτείνων
439 2189 472 2225 τῇ
487 2189 612 2225 ἀγενήτῳ
627 2189 674 2216 καὶ
688 2189 766 2224 ἀϊδίῳ
781 2187 864 2215 αὑτοῦ

61 2236 137 2271 ζωῇ,
158 2235 193 2262 ἵν’
217 2233 303 2266 οὕτως
318 2234 396 2267 εἴπω,
421 2234 517 2270 χρόνος
533 2234 624 2270 ἡμέρα
639 2234 714 2261 ἐστὶν
729 2234 803 2270 αὐτῷ
819 2234 867 2270 σή-

61 2289 166 2318 μερον,
195 2281 224 2307 ὲν
289 2281 450 2316 γεγέννηται
476 2281 491 2307 ό
515 2280 595 2312 Υίός·
620 2280 708 2316 ἀρχῆς
732 2279 867 2315 γενέσεως

58 2326 152 2354 αὐτοῦ
173 2325 260 2357 οὕτως
276 2326 324 2361 οὺχ
337 2325 545 2362 εὑρισκομένης,
559 2325 597 2358 ὡς
612 2325 672 2352 οὐδὲ
687 2325 737 2360 τῆς
748 2325 866 2361 ἡμέρας.

97 2373 151 2400 33.
175 2371 344 2407 Προσοετέον
357 2373 413 2404 τοῖς
428 2372 583 2408 εἰρημένοις
604 2372 661 2404 πῶς
685 2373 758 2398 ἐστιν
771 2373 785 2398 ό
799 2371 865 2404 ,Υἱὸς

58 2418 186 2454 ἀληθινὴ
207 2417 338 2452 ἄμπελος.
360 2416 445 2446 Τοῦτο
460 2417 489 2443 δὲ
503 2416 581 2452 δῆλον
601 2416 677 2443 ἔσται
694 2417 749 2448 τοῖς
767 2416 865 2442 συνιεῖ-

59 2473 104 2492 σιν
125 2464 216 2497 ἀξίως
230 2464 340 2499 χάριτος
356 2463 528 2499 προφητικῆς
542 2463 586 2490 τό·
607 2461 693 2496 Οἴνος
713 2462 866 2497 εὐφραίνει

57 2510 198 2545 καρδίαν
209 2508 376 2543 ἀνθρώπου.
401 2509 433 2536 El
445 2508 499 2544 γὰρ
512 2509 529 2544 ὴ
543 2508 639 2544 καρδία
652 2508 683 2535 τὸ
698 2507 866 2543 διανοητικόν

57 2559 135 2590 ἐστι,
157 2556 192 2583 τὸ
207 2556 237 2583 δὲ
261 2555 405 2592 εὐφραῖνον
421 2555 488 2582 αὐτὸ
510 2556 525 2582 ὁ
539 2554 729 2590 ποτιμώτατός
751 2555 809 2581 ἐστι
823 2552 866 2580 λό-

916 2181 952 2209 ita
972 2183 1072 2214 dicam,
1097 2183 1179 2210 simul
1204 2191 1234 2210 se
1255 2185 1406 2212 extendens
1420 2193 1482 2213 cum
1497 2186 1542 2213 illa
1559 2187 1645 2221 ipsius
1661 2187 1704 2214 itt-

916 2227 1006 2262 genita
1021 2233 1050 2255 et
1064 2230 1230 2264 sempiterna
1245 2230 1298 2256 vita
1317 2230 1367 2265 ipsi
1382 2231 1441 2258 dies
1453 2238 1496 2259 est.
1509 2232 1601 2265 hodie,
1613 2232 1639 2259 in
1654 2240 1707 2268 qua

916 2273 1026 2308 genitus
1036 2278 1078 2302 est
1095 2274 1200 2309 Filius;
1220 2275 1260 2303 sic
1282 2284 1335 2303 non
1352 2276 1464 2305 invento
1488 2278 1604 2313 originis
1622 2278 1709 2314 ipsius

915 2318 1062 2354 principio,
1079 2320 1150 2348 sicut
1167 2328 1256 2356 neque
1270 2321 1334 2351 diei.

954 2367 999 2394 35.
1020 2366 1134 2401 insuper
1165 2367 1322 2395 addendum
1351 2373 1393 2397 est
1421 2369 1465 2397 his
1490 2378 1550 2405 qua:
1577 2371 1707 2403 diximus,

919 2413 1054 2447 quomodo
1075 2412 1160 2441 Filius
1185 2414 1223 2441 sit
1238 2415 1301 2442 vitis
1329 2424 1392 2444 vera
1406 2415 1438 2444 ⁸ο.
1454 2417 1493 2444 Ac
1509 2417 1630 2451 profecto
1656 2418 1705 2446 Ιιοι⁴

918 2459 1091 2495 perspicuum
1116 2460 1170 2487 erit
1184 2461 1219 2488 iis
1236 2461 1294 2496 qui,
1313 2467 1341 2488 ut
1357 2462 1467 2498 dignutn
1487 2468 1529 2490 est
1545 2464 1703 2499 prophetica

919 2506 1018 2542 gratia,
1033 2506 1189 2542 intelligunt
1203 2507 1268 2534 illud
1280 2508 1302 2523 ⁸¹
1319 2515 1327 2534 :
1346 2507 1446 2535 Vinum
1470 2509 1589 2543 laetiﬁcat
1601 2518 1646 2536 cor
1661 2510 1707 2536 Ito<

921 2552 1014 2579 minis.
1029 2551 1097 2579 Nam
1112 2552 1134 2580 si
1147 2560 1195 2580 cor
1209 2557 1251 2581 est
1277 2553 1446 2590 intelligendi
1463 2555 1588 2589 facultas,
1607 2556 1707 2590 ipsam-

95 2624 122 2640 ’³
135 2622 248 2650 Coloss.
265 2630 285 2655 t,
295 2622 338 2661 lii.
376 2623 400 2661 ξς
412 2622 490 2661 item.
502 2630 567 2661 _vttt1
578 2622 638 2661 15ΞΔ
661 2622 685 2661 ξ⁸
694 2621 773 2649 Joan.
784 2631 828 2661 xv,
846 2623 865 2649 ίε

960 2622 1037 2661 ,1.οθιι.
1048 2623 1162 2661 ιιιιιᾼδ.
1200 2623 1224 2640 ⁷⁸
1236 2623 1315 2652 Joan.
1327 2633 1372 2658 xv,
1384 2625 1428 2653 15.
1466 2626 1489 2642 ⁷⁷
1503 2625 1570 2654 Luc.
1581 2634 1650 2661 χιιι,
1660 2627 1705 2656 28.

56 2659 81 2675 ⁷⁸
94 2666 167 2693 cap.
181 2666 203 2690 ι,
224 2665 297 2685 vers.
311 2658 339 2685 6.
377 2658 400 2674 "
414 2658 483 2685 Psal.
503 2657 536 2691 ιι,
551 2658 579 2685 7.
618 2657 640 2673 ³ο
657 2657 736 2684 Joau.
756 2666 801 2690 xv,
819 2659 841 2684 Ι.

954 2658 990 2685 al.
1013 2666 1072 2691 cm,
1090 2658 1134 2685 15.

94 2726 272 2765 (251L050:
295 2727 320 2754 οἳ
334 2727 404 2755 κατά
425 2727 606 2764 λογικώτερον
635 2727 793 2763 προσίενται
828 2730 861 2765 τῇ

56 2763 394 2834 ῠεῗὶῗῗεέῗακρινόντων
405 2798 497 2832 ἡμῶν.
517 2798 646 2834 Ιιιιινοειο
669 2799 750 2826 habet
775 2800 860 2827 codex

56 2833 253 2866 Bodleiunus;
281 2833 350 2862 male
374 2841 439 2861 vero
457 2834 526 2869 apud
555 2833 682 2862 Huelittm
710 2834 807 2870 legitur
833 2834 860 2861 in

917 2734 996 2766 textu
1007 2729 1154 2766 διακρίνων
1166 2730 1254 2766 ἡμῶν.

951 2764 1008 2801 (25)
1023 2764 1239 2803 Τυκοῦο-ιιτξξιε
1249 2771 1323 2803 recte
1338 2767 1418 2793 habet
1428 2767 1514 2794 codex
1532 2767 1705 2803 Bodleianus,

916 2800 1191 2837 tualuﬂautenreditio
1207 2801 1295 2828 Huetii
1310 2803 1335 2828 itt
1356 2806 1430 2828 textu
1449 2803 1599 2837 τυγχάνων.

950 2834 1006 2871 (26)
1024 2835 1198 2864 Εὐσέϐειαν.
1213 2837 1293 2865 Deest
1304 2837 1329 2864 in
1345 2843 1419 2864 textu
1434 2834 1534 2868 Huetii.
