1872 3041
170 128 206 157 83
897 127 1059 156 ORIGENIS
1767 128 1802 155 δι

168 185 230 218 itus,
245 184 307 220 quia
325 189 404 213 natus
423 185 458 213 sit
479 193 511 213 ex
530 184 651 220 Virgine,
667 190 694 213 et
708 185 744 213 ob
768 185 899 221 reliquam
916 187 949 214 vi-

1029 186 1054 213 m?)
1068 184 1195 221 οὐρανοῦ,
1222 185 1256 212 τὰ
1282 186 1400 220 στοιχεῖα
1418 186 1519 217 ἐκεῖνα,
1547 185 1590 212 ἵνα
1612 184 1645 211 δι’
1663 184 1754 212 αὐτῶν
1768 187 1803 211 τὰ

168 236 224 257 tant
250 230 451 258 admirabiliter
468 234 643 264 transactam,
668 231 704 257 ita
731 231 804 258 inter
831 238 954 260 mortuos

167 285 222 305 non
237 277 365 305 derelicta
381 282 421 304 est
444 277 532 304 anima
557 277 617 311 ejus
629 277 654 304 in
673 276 819 310 infernum,
835 285 868 305 eo
883 279 954 313 quod

166 323 222 350 illic
238 323 312 350 solus
325 323 407 351 fuerit
426 323 506 352 liiicr.
528 322 616 358 Atque
631 324 704 351 hunc
727 324 836 359 quidem
852 324 879 351 itt
900 333 954 352 mo-

165 369 229 395 dnttt
255 369 360 403 primus
386 374 428 396 est
447 374 475 397 et
495 369 617 397 ultimus.
637 370 715 404 Quod
738 371 760 398 si
779 374 842 398 sttnt
857 370 955 398 littera:

166 412 222 446 Dei,
236 419 266 442 ut
280 420 355 443 certe
373 421 446 446 sunt,
459 424 527 451 qttas
541 416 626 444 sancti
642 417 761 451 legentes
777 424 809 444 ea
819 423 849 444 se
860 416 955 444 dicunt

162 461 263 494 legere,
282 468 342 495 qua:
358 461 412 489 sint
429 462 455 489 in
471 462 572 490 tabulis
589 463 664 494 coeli,
677 463 812 490 elementa
837 463 894 495 illa,
906 471 955 498 per

163 513 224 540 quae
254 506 367 542 legenda
386 513 448 535 sunt
472 508 605 541 cmleSIia,
622 509 746 537 notiones
758 515 832 541 sunt,
851 510 876 536 itt
899 509 955 545 36

164 551 285 580 tninutas
310 558 404 588 partes
430 553 539 591 divisae,
565 562 662 589 nempe
687 556 713 582 itt
737 555 760 581 Α
784 559 811 581 ct
831 562 891 590 quae
909 563 954 582 se-

164 602 297 632 quuntur,
326 607 412 634 usque
433 600 465 627 ad
486 600 517 632 Ω,
534 601 605 635 quod
634 605 677 628 cst
695 600 780 628 Filius
800 601 858 628 Dei.
882 600 953 627 Rur-

164 652 212 672 sus
238 644 310 672 idem
336 646 498 681 principium
522 651 564 674 cst
587 652 615 674 et
633 647 710 679 linis;
735 647 782 674 sed
804 648 952 674 secundutn

162 691 381 726 signiﬁcationes
404 700 457 720 non
475 698 518 721 est
533 693 614 720 idem.
633 693 699 720 Nam
718 693 883 729 principittttt
898 699 953 726 est,

163 742 299 770 quatenus
312 738 446 772 sapientia
464 743 515 770 est,
531 744 561 765 ιιι
576 739 602 766 in
622 738 779 767 Proverbiis
797 739 953 766 didicimus.

164 783 302 818 Scriptum
319 789 362 811 est
379 792 444 819 ergo
459 785 481 801 "
497 797 502 812 :
519 785 590 812 Deus
609 786 706 812 creavit
730 793 771 812 me
793 785 953 820 principium

162 830 264 855 rinmm
279 838 388 856 mantnt
404 831 439 857 ad
452 839 530 866 opem
546 831 613 864 ejus.
624 829 765 864 Quatenus
780 834 870 857 autem
887 829 953 857 Ver-

164 876 226 901 Ιιιιιιι
253 880 305 908 est,
335 883 388 903 non
415 880 459 903 est
483 876 659 910 principium,
677 875 740 910 quia
773 877 801 903 in
824 875 954 910 principio

166 926 224 948 erat
255 921 375 949 Verbum.
398 921 482 956 Igitur
505 921 719 956 significationes
733 920 791 953 ejus
814 921 953 947 continent

163 968 340 1003 principium,
353 974 380 996 et
395 970 545 996 scentulum
561 969 700 1004 quiddatn,
713 973 740 996 et
755 969 875 1000 tertium,
887 975 953 1002 prae-

1003 231 1117 266 οὺράνια
1142 230 1312 266 ἀναγνωσθῇ,
1330 231 1359 257 αἱ
1382 230 1481 257 ἔννοιαι
1497 230 1688 265 τυγχάνουσιν,
1717 238 1805 256 κατα-

1003 278 1235 314 κερματιζόμεναι
1249 279 1289 310 είς
1310 278 1393 312 ἄλφα,
1408 278 1454 304 καὶ
1471 277 1505 304 τὰ
1519 278 1592 313 ἑξῆς,
1609 277 1690 313 μέχρι
1703 278 1752 303 τοῦ
1769 287 1802 309 ω,

1002 324 1049 351 τοῦ
1066 323 1132 350 Υίοῦ
1146 324 1194 350 τοῦ
1217 324 1294 351 Θεοῦ.
1323 324 1406 351 Πάλιν
1422 324 1451 351 δὲ
1471 323 1544 359 ἀρχὴ
1567 323 1613 350 καὶ
1629 323 1706 355 τέλος
1721 324 1735 350 ὁ
1751 323 1804 350 αὺ-

1006 371 1051 402 τδς
1079 370 1136 397 ἀλλ’
1151 370 1181 397 οὐ
1197 370 1269 397 κατὰ
1280 370 1331 402 τὰς
1351 370 1473 402 ἐπινοίας
1493 371 1508 396 ὸ
1522 369 1613 402 αὐτός.
1634 369 1719 406 Ἀρχὴ
1735 369 1803 405 γὰρ,

1006 415 1043 447 ὡς
1061 416 1089 442 ὲν
1113 417 1173 447 ταῖς
1193 416 1365 450 Παροιμίαις
1391 415 1603 452 μεμαθήκαμεν,
1631 416 1700 442 καθὸ
1723 415 1804 450 σοφία

1006 461 1144 497 τυγχάνει,
1175 461 1248 488 ἐστί·
1273 461 1426 498 γέγραπται
1452 461 1535 496 γοῦν
1555 462 1583 488 '0
1609 461 1681 495 Θεὸς
1699 462 1804 489 ἐκτιοέ

1004 516 1043 542 με
1065 507 1165 542 ἀρχὴν
1189 507 1268 534 ὁδῶν
1281 508 1374 535 αὑτοῦ
1397 509 1442 542 εις
1460 508 1532 543 ἔργα
1547 508 1650 535 αὐτοῦ.
1682 508 1760 535 Kueh
1774 508 1803 535 δὲ

1007 553 1084 588 λόγος
1097 554 1180 586 ἐστὶν,
1198 553 1248 580 οὑκ
1255 553 1328 580 ἔστιν
1337 554 1407 590 ἀρχή
1417 562 1424 568 ·
1431 552 1547 589 ὲνὰρχῇ
1559 556 1612 589 γὰρ
1623 551 1662 588 ἦν
1670 553 1686 578 ὁ
1692 554 1801 588 Λόγος.

1008 599 1113 627 Οὐκοῦν
1127 601 1154 627 αἱ
1179 600 1296 627 ἐπίνοιαι
1314 599 1396 626 αὑτοῦ
1410 599 1518 634 ἔχουσιν
1532 599 1630 634 ἀρχὴν,
1648 599 1695 625 καὶ
1709 599 1803 625 δεύτε-

1008 647 1054 683 ρόν
1068 655 1094 673 τι
1111 646 1187 681 παρὰ
1202 646 1251 682 τὴν
1266 645 1364 681 ἀρχὴν,
1381 645 1428 672 καὶ
1444 645 1545 680 τρίτον,
1560 645 1607 672 καὶ
1620 644 1706 676 οὕτως
1719 644 1802 680 μέχρι

1007 692 1099 724 τέλους
1111 700 1117 707 ·
1138 692 1204 719 ὡσεὶ
1220 691 1328 726 ἔλεγεν⁶
1357 692 1440 727 Ἀρχή
1459 692 1528 727 εἰμι.
1546 691 1613 718 καθὸ
1628 690 1708 726 σοφία
1723 691 1800 726 εἰμί·

1006 738 1130 774 δεύτερον
1146 738 1185 771 δὲ,
1211 739 1235 765 εί
1249 738 1321 765 οὕτω
1343 737 1429 773 τύχοι,
1452 737 1520 764 καθὸ
1536 737 1650 773 ἀόρατός
1666 738 1736 773 εἰμι,
1753 737 1802 764 καὶ

1006 784 1096 820 τρίτον
1110 784 1178 810 καθὸ
1193 783 1248 819 ζωή
1261 792 1268 799 ·
1284 784 1344 810 ἐπεὶ
1358 783 1373 810 ὃ
1388 783 1522 819 τέγει-εν,
1540 784 1574 810 ἐν
1584 783 1664 816 αὐτῷ
1679 783 1735 817 ζωὴ
1750 782 1801 818 ἦν.

1006 831 1060 857 Καὶ
1078 829 1104 856 εἶ
1117 839 1160 862 τις
1177 830 1268 861 ἱκανὸς
1295 830 1448 865 βασανίζων
1463 829 1509 856 τὸν
1522 829 1585 857 νοῦν
1608 830 1661 856 τῶν
1684 830 1802 865 Γραφῶν

1006 878 1082 913 ὁρᾷν,
1100 876 1170 912 τάχα
1187 877 1298 912 εὑρήσει
1314 875 1400 902 πολλὰ
1413 877 1462 912 τῆς
1478 875 1581 910 τάξεως
1595 877 1642 903 καὶ
1663 876 1693 902 τὸ
1709 876 1802 908 τέλοςο

1005 923 1055 948 οὐκ
1071 919 1149 958 οἶμαι
1171 921 1225 958 γὰρ
1243 922 1267 947 εί
1285 921 1384 949 πάντα.
1400 921 1570 956 Σαφέστερον
1594 921 1616 947 δ’
1631 922 1647 956 ὴ
1664 921 1737 956 ἀρχῆ
1755 921 1802 948 καὶ

1005 968 1082 999 τέλος
1106 967 1180 994 δοκεῖ
1203 968 1272 994 κατὰ
1287 968 1337 1003 τὴν
1363 968 1509 1003 συνήθειαν
1535 967 1573 998 ὠς
1593 967 1640 993 ἐπὶ
1660 967 1802 1003 ἡνωμένον

162 1018 206 1039 ter
222 1014 394 1048 principium,
409 1019 435 1041 et
458 1015 498 1042 sic
514 1022 600 1049 usque
615 1015 648 1041 ad
664 1015 743 1041 finem
761 1023 768 1041 :
790 1019 917 1048 tanquam
931 1013 949 1040 si

1029 1014 1147 1048 ἔγεσοαι·
1170 1011 1225 1041 οἷον
1251 1015 1322 1050 ἀρχὴ
1339 1014 1428 1046 οἰκίας
1452 1015 1466 1041 ὁ
1479 1014 1612 1050 θεμέλιος.
1628 1013 1675 1041 καὶ
1687 1013 1765 1046 τέλος
1783 1015 1799 1048 ἡ

162 1059 266 1086 diceret
281 1069 287 1086 :
303 1059 469 1094 Principium
485 1068 556 1092 sunt,
568 1065 705 1095 quatenus
720 1060 856 1095 sapientia
873 1067 952 1093 sum;

163 1105 312 1132 secundum
340 1111 442 1138 autent,
457 1106 478 1133 si
506 1107 578 1133 forte
603 1106 642 1133 sic
658 1106 830 1140 contingeret
844 1105 908 1136 dici,
926 1105 952 1132 itt

161 1156 292 1184 quantum
307 1160 366 1179 sunt
380 1153 537 1183 invisibilis.
553 1152 673 1186 tertium,
694 1152 719 1179 in
737 1157 867 1186 quantuni
880 1151 952 1183 vita;

161 1198 290 1231 quoniam
303 1199 373 1232 quod
386 1199 486 1232 factum
499 1204 546 1230 at,
559 1199 587 1224 in
599 1199 654 1232 ipso
665 1198 718 1225 vita
732 1202 788 1225 erat
799 1197 831 1224 ".
845 1197 921 1231 Quod
932 1198 955 1225 si

161 1243 223 1277 quis
236 1244 439 1279 Scripturarnm
457 1252 566 1272 sensum
583 1244 763 1279 investigatis,
782 1244 898 1271 idenens
915 1249 957 1272 est

162 1297 224 1316 eum
234 1290 354 1324 assequi,
362 1290 385 1317 is
393 1291 501 1325 quidem
513 1291 628 1318 fortasse
637 1289 753 1317 inveniet
762 1289 889 1324 pleraque
898 1298 957 1325 qua:

164 1335 198 1363 ad
211 1335 334 1363 ordinent
345 1337 497 1371 pertineant
509 1341 592 1371 atqtte
605 1337 685 1364 linem
697 1337 796 1371 ipsum,
808 1337 901 1364 nescio
913 1344 959 1364 au-

163 1387 218 1409 tent
242 1390 276 1409 an
297 1383 398 1410 omnia.
416 1383 544 1418 Aperlius
557 1387 646 1410 autent
660 1383 822 1418 principium
838 1391 870 1410 ac
885 1382 957 1416 linis,

161 1429 312 1457 secundum
321 1436 492 1457 contmunent
504 1429 632 1464 loquendi
641 1429 875 1461 consuetudinem,
884 1429 916 1457 de
929 1437 958 1457 re

162 1475 293 1502 continua
303 1479 329 1502 ct
339 1475 412 1502 unita
424 1475 476 1503 dici
487 1476 630 1503 videnlur:
641 1481 671 1503 ut
684 1475 782 1503 donius
792 1475 955 1510 principium

161 1527 206 1548 est
221 1522 425 1548 fundamentum
442 1527 470 1550 et
484 1522 547 1549 linis
563 1522 711 1557 fastigium.
731 1521 764 1549 Et
777 1529 844 1549 sane
855 1530 958 1549 summa

1006 1060 1135 1095 στεφάνη.
1153 1060 1208 1086 Καὶ
1224 1059 1409 1095 ἐφαρμοστέον
1425 1068 1468 1094 γε,
1485 1059 1528 1086 διὰ
1544 1060 1574 1086 τὸ
1587 1059 1802 1094 ἁκρογωνιαῖον

1005 1106 1073 1134 εἶναι
1090 1107 1178 1134 ,1ιοον
1199 1107 1254 1134 τὸν
1269 1106 1410 1140 Χριστὸν,
1426 1106 1466 1142 τῷ
1484 1106 1617 1142 ήνωμένῳ
1643 1106 1726 1132 παντὶ
1748 1105 1801 1132 σώ-

1008 1163 1073 1190 ματι
1088 1154 1142 1180 τῶν
1160 1153 1322 1189 σωζομένων
1336 1153 1366 1179 τὸ
1391 1153 1565 1188 παράδειγμα
1580 1153 1626 1179 τοι
1644 1152 1735 1179 πάντα
1748 1151 1802 1188 γὰρ

1007 1200 1055 1226 καὶ
1070 1199 1098 1225 ὲν
1112 1199 1179 1225 πᾶσι
1202 1199 1319 1234 Χριστὸς
1333 1199 1347 1225 ὸ
1361 1198 1518 1234 μονογενὴς,
1533 1198 1570 1229 ὡς
1586 1198 1634 1232 μὲν
1647 1197 1720 1233 ἀρχὴ
1738 1198 1768 1224 ὲν
1781 1193 1803 1231 ᾧ

1008 1244 1152 1280 ἀνείληφεν
1176 1244 1321 1280 ἀνθρώπῳ,
1344 1244 1382 1276 ὡς
1403 1244 1431 1271 δὲ
1452 1244 1527 1276 τέλος
1542 1244 1572 1270 ὲν
1595 1243 1634 1279 τῷ
1655 1243 1804 1280 τελευταίῳ

1007 1290 1062 1317 τῶν
1076 1291 1162 1325 ἁγίων
1189 1290 1308 1325 δηλονότι
1324 1290 1475 1325 τυγχάνων,
1498 1290 1544 1316 καὶ
1559 1290 1587 1316 ἐν
1610 1290 1666 1321 τοῖς
1684 1288 1802 1324 μεταξύ·

1009 1338 1024 1373 ἦ
1040 1337 1077 1369 ὡς
1094 1338 1141 1373 μὲν
1157 1337 1228 1373 ἁρχὴ
1250 1337 1278 1363 ὲν
1299 1337 1399 1372 Ἀδάμ·
1424 1337 1462 1368 ὼς
1473 1337 1502 1364 δὲ
1522 1336 1598 1368 τέλος
1614 1337 1643 1362 ὲν
1657 1337 1692 1371 τῇ
1709 1336 1804 1371 ἐπιδη-

1011 1384 1070 1419 μία,
1101 1384 1171 1410 κατὰ
1198 1384 1230 1410 τὸ
1256 1383 1418 1420 εὶρημένον⁶
1447 1383 1479 1410 '0
1502 1383 1633 1417 ἔσχατος
1654 1382 1741 1417 Ἀδὰμ
1761 1383 1804 1416 εις

1010 1431 1128 1466 πνεῦμα
1141 1430 1311 1461 ζωοποιοῦν.
1341 1430 1415 1465 Πλὴν
1438 1429 1517 1456 τοῦτο
1538 1430 1570 1456 τὸ
1587 1429 1667 1465 ῥητὸν
1681 1428 1804 1464 ἐφαρμό-

1010 1484 1050 1503 σει
1066 1477 1114 1503 καὶ
1127 1478 1160 1512 τῇ
1176 1476 1302 1503 ἀποδόσει
1317 1475 1364 1503 τοῦ
1381 1476 1497 1511 πρῶτος
1513 1476 1559 1502 καὶ
1572 1476 1712 1510 ἔσχατος.

161 1567 285 1601 angulari
297 1567 384 1600 lapide
401 1567 548 1595 exsistente
561 1567 666 1595 Christo
678 1567 712 1600 ³⁵,
722 1568 769 1595 ιοιί
787 1568 892 1602 corpori
906 1569 982 1595 uttito
993 1576 1085 1596 eorum
1095 1569 1141 1604 qui
1153 1574 1307 1602 servantur,
1319 1568 1502 1604 adaptandum
1514 1572 1556 1596 est
1566 1567 1721 1603 exemplum
1732 1567 1800 1596 hoc:

161 1615 254 1642 omnia
281 1615 353 1643 enim
374 1620 401 1642 et
421 1615 447 1641 in
463 1615 590 1642 omnibus
602 1615 625 1630 "
639 1620 681 1642 est
706 1614 834 1642 Christus
862 1615 1028 1650 unigenitus,
1053 1617 1098 1651 qui
1127 1621 1155 1643 ut
1183 1616 1345 1651 principium
1365 1616 1392 1643 in
1409 1623 1442 1643 eo
1458 1620 1499 1643 est
1517 1615 1626 1642 homine
1655 1621 1738 1649 quem
1760 1622 1801 1642 es-

162 1663 281 1697 rutnpsit
294 1671 302 1690 ι
317 1667 346 1690 ιιι
369 1662 432 1690 linis
460 1667 549 1690 autem
569 1663 595 1689 itt
620 1663 726 1696 ultimo,
753 1668 910 1691 sanctorum
942 1663 1058 1695 scilicet,
1079 1663 1160 1691 etiam
1188 1664 1214 1691 in
1235 1665 1278 1692 his
1306 1664 1352 1698 qtti
1366 1668 1429 1691 sunt
1446 1665 1471 1690 in
1486 1663 1585 1692 medio.
1602 1662 1649 1690 Est
1660 1662 1757 1695 etiam,
1773 1668 1801 1689 ut
1829 1691 1834 1696 .

162 1710 327 1746 principium
343 1711 463 1746 quidem.
478 1711 504 1738 in
525 1711 628 1744 Adam;
652 1715 682 1738 ut
702 1710 764 1738 ﬁnis
779 1715 880 1744 autem,
901 1711 927 1738 in
944 1711 1062 1739 adventu
1088 1720 1150 1743 suo,
1165 1712 1241 1747 juxta
1261 1712 1356 1739 illud"
1371 1721 1378 1738 :
1394 1710 1510 1738 Ultimus
1531 1711 1617 1737 Adam
1637 1710 1667 1737 in
1681 1711 1802 1744 spiritum

162 1758 350 1793 viviﬁcantem.
365 1757 558 1786 Verumtamen
572 1759 624 1786 hoe
638 1758 738 1786 dictum
757 1764 891 1794 congruat
909 1758 992 1787 etiam
1013 1759 1190 1794 explicationi
1211 1759 1308 1786 ltarntn
1333 1766 1439 1792 vocunt,
1456 1759 1555 1793 primus
1569 1757 1724 1785 etnltimtu.

198 1804 243 1832 55.
263 1804 397 1832 Gtt-terunt
422 1805 443 1832 si
470 1805 708 1832 observat-erimus
720 1813 781 1840 quae
798 1806 925 1840 superius
942 1815 949 1833 :

1046 1806 1092 1834 3'5.
1108 1807 1284 1842 Τηρήσαντες
1300 1806 1392 1841 μέντοι
1403 1805 1438 1832 τὰ
1452 1805 1585 1841 εἰρημένα
1602 1804 1666 1840 περὶ
1685 1803 1804 1838 πρώτου

163 1851 242 1879 nobis
258 1851 331 1879 dicta
347 1851 423 1879 fuere
440 1852 473 1878 de
496 1852 640 1879 voeabulis
655 1853 735 1886 primi
749 1857 777 1880 et
793 1853 891 1887 ultimi,
909 1854 955 1882 ubi

162 1904 220 1925 tutu
232 1898 265 1925 ad
281 1898 386 1933 species
404 1898 590 1932 rationalium,
607 1903 662 1925 tum
679 1900 714 1926 ad
728 1899 848 1926 FiliiDei
864 1900 952 1927 diver-

163 1952 210 1972 sas
229 1944 426 1980 appellationes
437 1949 465 1972 et
485 1944 701 1980 significationes
711 1946 866 1974 orationem
880 1951 955 1974 retu-

162 1990 254 2022 limus,
273 1990 404 2018 habemus
424 1990 506 2018 etiam
520 1989 705 2017 diﬂ‘ercntiam
721 1991 815 2026 primi,
832 1996 860 2019 et
881 1992 957 2026 prin-

163 2037 239 2071 cipii,
255 2041 284 2064 et
299 2037 399 2069 ultimi,
413 2042 441 2064 et
457 2036 530 2070 linis,
546 2035 612 2070 quin
625 2035 707 2062 etiam
719 2036 788 2071 ejus,
806 2037 880 2071 quod
896 2044 957 2064 esse

163 2083 267 2111 dicitur
283 2083 306 2109 Δ
317 2087 344 2110 et
355 2084 376 2109 Ω
390 2091 397 2109 :
415 2083 463 2110 sed
481 2090 570 2117 neque
586 2083 733 2110 obscurum
749 2088 801 2117 est,
818 2084 956 2118 quomodo

164 2129 292 2156 Christus
308 2129 416 2156 dicatur
430 2129 528 2161 vivens,
541 2133 569 2156 et
584 2135 716 2163 mortuus,
732 2130 787 2156 imo
804 2134 866 2164 post
886 2130 957 2157 hanc

163 2181 260 2202 vocent
285 2178 414 2206 mortuus,
440 2174 528 2201 vivens
553 2174 582 2202 in
609 2175 710 2202 saecula
753 2174 910 2201 rwculorum
921 2174 956 2201 ’⁸.

166 2221 301 2254 Quoniam
317 2221 389 2248 enim
405 2227 457 2248 nou
471 2220 635 2255 iuvabantur
659 2229 674 2247 a
692 2221 855 2255 praecedenti
871 2220 957 2256 ipsius

165 2269 233 2300 vita,
250 2272 362 2301 peccato
377 2266 500 2299 obnoxii,
517 2266 660 2293 descendit
676 2266 733 2300 ipse
750 2265 783 2293 ad
801 2266 956 2294 mortalita-

167 2320 222 2341 tem
249 2318 387 2346 ttostratn;
408 2319 438 2340 ut
461 2321 510 2341 nos
532 2313 618 2347 ipsius
637 2313 701 2340 Jesu
725 2318 838 2347 peccato
856 2313 957 2340 mortui

167 2360 408 2388 tuortilicationetn
445 2359 671 2387 circumferentes
681 2359 716 2391 ",
739 2359 834 2387 ordine
860 2367 958 2394 capere

168 2407 307 2442 possimus
329 2413 401 2438 eam,
431 2413 490 2439 qua:
520 2410 583 2439 post
607 2405 846 2432 mortificationem
874 2406 958 2439 ipsius

167 2453 282 2486 exstitit,
300 2451 383 2479 vitam
401 2451 428 2477 in
443 2450 543 2478 saecula
553 2451 726 2478 smculorunt.
744 2450 811 2478 Nam
823 2451 869 2486 qui
885 2459 958 2478 sent-

1008 1854 1055 1880 καὶ
1066 1852 1209 1887 ἐσχάτου,
1233 1852 1279 1879 καὶ
1294 1853 1358 1888 περὶ
1373 1852 1460 1887 ἀρχῆς
1483 1852 1530 1879 καὶ
1543 1851 1647 1883 τέλους,
1669 1851 1738 1877 ὅπου
1755 1850 1804 1886 μὲν

1007 1900 1048 1930 εἰς
1062 1899 1120 1935 εἴδη
1133 1899 1249 1933 λογικῶν
1272 1899 1474 1934 ἀνηνέγκαμεν,
1485 1899 1552 1925 ὅπου
1569 1898 1597 1924 δὲ
1609 1899 1648 1929 εἰς
1659 1897 1803 1933 διαφόρους

1008 1945 1128 1976 ἐπινοίας
1145 1944 1194 1971 τοῦ
1210 1944 1275 1970 Υἱοῦ
1291 1944 1338 1971 τοῦ
1359 1944 1438 1977 θεοῦ,
1455 1945 1501 1971 τὸν
1521 1944 1610 1978 λόγον.
1637 1944 1683 1970 καὶ
1705 1943 1803 1978 ἔχομεν

1007 1990 1056 2025 τὴν
1078 1990 1210 2026 διαφορὰν
1227 1989 1337 2026 πρώτου
1357 1990 1403 2017 καὶ
1429 1990 1526 2025 ἀρχῆς,
1548 1990 1597 2016 καὶ
1620 1989 1735 2024 ἐσχάτου
1757 1989 1804 2015 καὶ

1008 2036 1111 2067 τέλους,
1129 2035 1169 2062 ἔτι
1183 2035 1213 2062 δὲ
1230 2036 1278 2062 καὶ
1291 2035 1338 2062 τοῦ
1358 2044 1376 2061 α
1393 2035 1500 2062 καὶτοῦ
1515 2044 1547 2061 ω.
1568 2034 1624 2061 Οὐκ
1642 2034 1738 2069 ἄδηλον
1757 2034 1802 2060 οὺ-

1007 2080 1036 2107 δὲ
1052 2080 1082 2106 τὸ
1096 2080 1151 2111 ζῶν
1172 2080 1218 2107 καὶ
1235 2081 1352 2115 νεκρὸς,
1371 2081 1417 2107 καὶ
1432 2080 1501 2115 μετὰ
1515 2080 1546 2106 τδ
1564 2078 1746 2113 νεκρός,ζῶν
1762 2080 1804 2111 εὶς

1008 2127 1078 2160 τοὺς
1097 2127 1207 2160 ιιὶῶνας
1219 2127 1278 2154 τῶν
1290 2127 1414 2154 αἰώνων.
1442 2127 1518 2154 Ἐπεὶ
1531 2127 1585 2162 γὰρ
1598 2126 1648 2152 οὐκ
1660 2125 1804 2161 ὡφελήμε-

1009 2173 1043 2200 θα
1059 2173 1113 2200 ἀπὸ
1126 2174 1174 2209 τῆς
1191 2174 1399 2210 προηγουμένης
1419 2174 1491 2208 ζωῆς
1505 2172 1599 2206 αὐτοῦ,
1615 2173 1757 2207 γενόμενοι
1775 2173 1803 2199 ἐν

1009 2220 1141 2255 ἁμαρτίᾳ,
1155 2220 1257 2256 κατέϐη
1272 2220 1318 2247 ἐπὶ
1331 2219 1381 2255 τὴν
1399 2219 1548 2255 νεκρύτητα
1561 2219 1650 2254 ἡμῶν,
1668 2219 1722 2249 ἵνα,
1737 2219 1803 2245 ἀπο-

1011 2265 1136 2298 θανόντος
1150 2266 1231 2293 αὺτοῦ
1244 2268 1277 2301 τῇ
1292 2266 1424 2302 ἁμαρτίᾳ,
1441 2266 1490 2301 τὴν
1501 2265 1634 2300 νέκρωσιν
1651 2264 1699 2291 τοῦ
1715 2264 1802 2300 Ἰησοῦ

1011 2313 1040 2339 ἐν
1055 2312 1094 2347 τῷ
1112 2313 1217 2348 σώματι
1233 2312 1288 2345 (56)
1305 2312 1509 2348 περιφέροντες,
1533 2311 1583 2346 τὴν
1597 2311 1665 2346 μετὰ
1688 2310 1738 2346 τὴν
1759 2318 1802 2338 νε-

1011 2358 1129 2394 κρότητα
1146 2358 1218 2393 ζωὴν
1230 2358 1312 2384 αὑτοῦ
1327 2359 1366 2390 εις
1378 2359 1441 2389 τοὺς
1454 2358 1554 2389 αἰῶνας
1569 2357 1623 2383 τῶν
1636 2356 1742 2383 αἰώνων
1757 2356 1803 2383 τά·

1010 2405 1050 2438 ξει
1073 2404 1196 2440 χωρῆσαι
1219 2404 1394 2439 δυνηθῶμεν
1421 2405 1446 2430 oi.
1462 2400 1517 2440 γᾶρ
1541 2404 1591 2439 τὴν
1606 2403 1740 2437 νέκρωσιν
1756 2403 1802 2429 τοῦ

1017 2450 1104 2486 Ἰησοῦ
1120 2451 1149 2477 ὲν
1171 2450 1210 2486 τῷ
1229 2450 1334 2485 σώματι
1353 2450 1469 2477 πάντοτε
1484 2449 1676 2486 περιφέροντες
1691 2449 1739 2477 καὶ
1754 2449 1802 2485 τὴν

167 2505 217 2532 per
237 2496 301 2524 Jesu
324 2495 563 2524 mortiﬁcationem
587 2496 613 2523 itt
637 2503 686 2524 suo
705 2504 820 2531 corpore
835 2497 949 2525 circum-

1029 2496 1080 2532 :uip/
1091 2496 1138 2523 τοῦ
1162 2496 1249 2532 Ἰησοῦ
1267 2496 1373 2530 ἕξουσιν
1389 2497 1418 2523 ὲν
1431 2497 1488 2527 τοῖς
1509 2496 1631 2532 σώμασιν
1641 2496 1732 2522 αὐτῶν
1749 2504 1800 2531 φα-

167 2545 270 2576 f--runt,
294 2544 376 2571 etiam
405 2545 492 2579 ipsam
504 2543 567 2570 Jesu
584 2543 666 2570 vitam
689 2543 806 2570 habituri
826 2543 879 2579 37
895 2548 958 2571 sunt

168 2592 194 2617 in
210 2589 370 2625 corporibus
384 2589 503 2624 ipsorum
518 2588 592 2616 clare
610 2594 795 2624 apparentem.

202 2636 248 2663 36.
265 2635 298 2663 Et
308 2635 366 2662 hazc
375 2634 485 2669 quidem
501 2635 559 2670 ipse
571 2634 605 2662 de
626 2634 714 2670 seipso
728 2635 843 2663 inlibris
857 2635 954 2663 Testa-

169 2682 256 2709 menli
269 2680 336 2709 Novi
353 2681 516 2709 enuntiavit.
537 2681 614 2716 Apud
632 2681 730 2709 Isaiam
744 2687 836 2709 autem
851 2682 860 2697 ‘
877 2688 956 2708 suum

213 2754 238 2771 "
253 2753 331 2781 Prov.
348 2762 407 2786 vtn,
421 2754 464 2782 22.
521 2754 544 2770 ⁹¹⁸
556 2754 633 2782 Joan.
650 2763 673 2785 ι,
689 2755 714 2784 5.
727 2755 753 2782 4.

180 2790 223 2819 17,
239 2789 280 2816 l8.
320 2790 341 2805 "
357 2790 378 2817 11
390 2790 452 2817 Cor.
469 2799 504 2823 tv,
522 2790 563 2818 l0.
604 2791 611 2806 ¹
627 2798 686 2824 cap.
703 2797 773 2820 xttx.
788 2797 858 2815 vers.
874 2790 900 2817 Ξ.
918 2790 944 2816 5.

810 2754 833 2769 ’⁸
845 2754 945 2788 Ephes.
960 2761 989 2785 tt,
1002 2754 1046 2781 ‘20.

1013 2552 1041 2570 νε
1045 2552 1092 2583 pou
1097 2544 1190 2579 μένην.

1048 2635 1092 2662 36.
1113 2634 1167 2660 Καὶ
1182 2635 1268 2662 ταῦτα
1285 2635 1334 2670 μὲν
1347 2635 1402 2661 ἀπὸ
1417 2635 1469 2661 τῶν
1483 2635 1532 2670 τῆς
1544 2635 1648 2669 Καινῆς
1664 2635 1801 2671 Διαθήκης

1013 2680 1121 2715 βιϐλίων
1144 2680 1253 2715 ἐλέγετο
1268 2681 1314 2707 ὑπ’
1333 2681 1414 2708 αὑτοῦ
1441 2681 1504 2716 περὶ
1529 2681 1642 2707 ἑαυτοῦ’
1660 2682 1689 2707 ὲν
1713 2681 1742 2708 δὲ
1764 2681 1802 2717 τῷ

1102 2754 1125 2768 ⁸⁸
1139 2753 1147 2779 Ι
1163 2753 1224 2780 Cor.
1242 2761 1284 2785 xv,
1301 2754 1335 2781 28
1402 2753 1423 2768 ’⁷
1441 2753 1504 2780 ibid.
1534 2754 1576 2781 45.
1622 2754 1645 2770 ’⁵
1660 2752 1743 2788 Apoc.
1771 2759 1793 2788 ι,

216 2868 271 2898 (36)
289 2867 338 2894 Ἐγ
353 2867 389 2900 τῷ
404 2867 522 2902 migrari.
545 2868 621 2895 Deest
637 2868 663 2893 in
680 2867 770 2894 codice
786 2866 938 2897 Bodleiano,
957 2873 1043 2901 neque
1059 2867 1191 2894 redditum
1206 2872 1244 2894 est
1259 2866 1291 2892 ab
1305 2866 1451 2902 interprete
1468 2867 1599 2895 Ferrario.
