1870 3046
126 87 163 114 85

671 86 841 114 (ῚΟΜΜἏΝΤ
871 86 904 113 ΙΝ
924 85 1021 115 JOAN.
1043 87 1160 115 TOMUS
1180 87 1199 114 Ι.

1723 91 1767 115 ὃιιπ

130 146 232 183 Ἡσαΐᾳ
249 146 368 182 ἔφασκεν
381 145 434 174 ὑπῦ
451 147 497 174 106
512 147 618 183 Πατρὸς
635 148 772 174 τεθεῖσθαι
789 147 871 174 αὑτοῦ
889 157 894 164 ν

983 147 1056 182 psius
1070 155 1100 174 os
1114 155 1128 173 a
1141 147 1221 174 Patre
1232 147 1349 181 positum
1363 154 1424 174 esse
1439 146 1506 174 dixit
1518 166 1525 178 ,
1538 145 1619 173 veluti
1638 145 1767 181 gladium»

123 193 215 229 στόμα
230 194 268 225 ('0;
284 194 421 230 μάχαιραν
440 195 540 227 ὀξεῖαν,
558 195 605 221 καὶ
621 194 773 231 κεκρύφθαι
791 195 843 221 ὑπὸ
868 195 894 221 τ’)

983 197 1093 224 uentum,
1109 196 1136 219 et
1151 200 1181 219 se
1192 193 1382 220 absconditum
1398 191 1481 219 fuisse
1489 192 1538 220 sub
1550 191 1646 219 umbra
1661 199 1758 219 uiantis

124 241 230 276 σκέπην
247 241 295 275 τῆς
309 241 400 276 χειρὸς
424 241 518 273 αὑτοῦ,
537 241 608 276 βέλει
630 241 750 277 ὲκλεκτῷ
770 241 916 276 ὡμοιωμέ-

120 294 180 318 νος,
198 287 246 314 καὶ
268 288 298 313 ὲν
318 289 351 323 τῇ
370 287 494 323 φαρέτρα
513 287 560 313 τοῦ
584 287 691 324 Πατρὸς
716 288 915 323 κεκρυμμένος.

119 331 216 364 δοῦλος
228 332 277 359 τοῦ
297 332 365 360 Θεοῦ
390 333 445 360 τῶν
468 333 537 361 ὅλων
557 334 602 359 ὑπ’
621 333 703 360 αὑτοῦ
733 333 915 368 καλούμενος,

119 377 172 404 καὶ
201 378 323 414 Ἰσραὴλ,
349 379 396 405 καὶ
424 378 483 413 φῶς
511 379 606 405 ὲθνῶν.
633 379 763 414 Μάχαιρα
795 379 844 414 μὲν
869 377 916 415 οὖν

117 421 198 455 ὀξεῖά
214 423 273 450 ἐστι
296 424 327 450 τὸ
349 424 436 459 στόμα
451 423 498 450 τοῦ
519 423 584 451 Υἱοῦ
604 423 652 450 τοῦ
670 424 750 457 Θεοῦ,
772 425 834 451 ἐπεὶ¹
851 424 916 452 Ζῶν

116 469 263 504 τυτχᾰνει
284 471 301 497 ὀ
318 470 408 504 λόγος
433 469 485 496 τοῦ
511 470 603 502 Θεοῦ,
628 470 676 497 καὶ
701 470 843 505 ἐνεργὴς,
865 471 915 498 καὶ

116 515 286 549 τομώτερος
302 514 378 548 ὑπὲρ
397 514 501 543 πᾶσαν
513 516 663 551 μάχαιραν
688 517 842 551 δίστομον,
863 517 913 544 καὶ

116 559 329 595 διικνούμενος
346 561 415 596 ἄχρι
428 562 575 597 μερισμοῦ
594 562 699 598 ψυχῆς
718 563 766 590 καὶ
783 563 913 598 πνεύμα-

115 612 190 639 τος,
213 606 313 641 ἁρμῶν
335 616 367 634 τε
387 608 436 635 καὶ
457 607 589 642 μυελῶν,
610 608 660 635 καὶ
681 609 809 643 κριτικὸς
827 609 912 637 ἐνθυ-

113 651 243 686 μήσεων
261 653 310 679 καὶ
324 653 448 680 ἐννοιῶν
462 653 586 688 καρδίας
595 662 601 669 ·
620 654 707 686 ἄλλως
721 663 750 680 τε
767 654 813 681 καὶ
827 654 912 682 ἐλθὼν

115 697 171 723 οὐκ
187 698 297 733 εἰρήνην
320 699 366 725 ἐπὶ
381 700 431 735 τὴν
452 700 515 735 γῆν,
537 701 675 727 τουτέστιν
698 700 744 727 ἐπὶ
760 701 794 727 τὰ
819 709 912 736 σωμα-

114 743 184 769 τικὰ
205 744 252 770 καὶ
267 743 383 780 αἰσθητὰ
408 745 508 780 βαλεῖν,
529 745 597 772 ἀλλὰ
621 746 768 782 μάχαιραν,
785 747 832 774 καὶ
852 747 910 774 δια-

114 788 229 816 κόπτων
244 789 303 825 τὴν,
321 790 354 816 ῐν¹
366 790 453 823 οὕτως
470 792 548 824 εἴπω,
565 791 699 828 ὲπιϐλαϐῆ
714 793 804 827 φιλίαν
821 793 910 828 ψυχῆς

114 834 168 860 καὶ
198 833 335 870 σώματος,
364 836 396 862 ἵν’
419 837 436 871 ἡ
461 835 545 871 ψυχὴ,
576 836 731 863 ὲπιδιδοῠσα
761 838 846 872 αὐτὴν
873 837 911 874 τῷ

113 880 326 916 στρατευομένῳ
349 881 420 908 κατὰ
443 882 493 917 τῆς
510 883 610 918 σαρκὸς
627 883 772 919 πνεύματι,
794 884 910 920 φιλιωθῇ

110 925 158 961 τῷ
172 926 414 963 Θεῷ-μάχαιραν,
431 927 447 962 ἢ
464 928 501 959 ὡς
516 928 653 964 μάχαιραν
671 929 759 962 ὀξεῖαν
776 930 847 957 κατὰ
866 931 911 957 τὸν

110 972 286 1007 προφητικὸν
301 973 379 1007 λόγον
400 973 462 1008 ἔσχε
481 974 511 1000 τὸ
528 973 622 1009 στόμα.
645 975 724 1001 Ἀλλὰ
741 976 788 1002 καὶ
804 976 910 1011 βλέπων

108 1017 261 1050 τοσούτους
285 1018 471 1054 τετρωμένους
486 1020 519 1054 τῇ
547 1019 608 1055 θείᾳ
633 1020 738 1057 ἀγάπῃ,
753 1020 853 1056 ὁμοίως
875 1024 908 1058 τῇ

109 1062 285 1099 ὁμολογούσῃ
309 1063 386 1089 τοῦτο
412 1063 575 1090 πεπονθέναι
597 1065 626 1090 ἐν
654 1063 694 1099 τῷ
711 1064 831 1099 ᾊσματι
854 1065 908 1091 τῶν

110 1108 248 1143 ᾀσμάτων
260 1107 305 1134 διὰ
326 1107 415 1140 τοῦτο,
435 1108 492 1141 ὅτι,
520 1108 686 1143 τετρωμὲνη
710 1108 831 1146 ἀγάπης
852 1110 907 1145 (57)

109 1153 183 1188 ἐγὼ,
201 1153 230 1180 τὸ
246 1153 354 1189 τρῶσαν
371 1153 446 1189 βέλος
461 1153 511 1185 τὰς
526 1152 580 1181 τῶν
593 1154 728 1182 τοσούτων
742 1156 783 1186 εἰς
797 1155 908 1191 ἀγάπην

107 1198 185 1225 Θεοῦ
209 1199 297 1234 ψυχὰς
321 1199 372 1226 οὐκ
394 1199 458 1227 ἄλλο
482 1208 508 1226 τι
532 1200 643 1236 εὑρήσει
668 1200 684 1236 ἢ
703 1199 749 1227 τὸν
777 1201 905 1229 εἰπόνταο

108 1245 227 1278 Ἕθηκέ
237 1253 277 1279 με
292 1245 332 1278 ὡς
344 1245 439 1278 βέλος
453 1245 605 1273 ἐκλεκτόν.

149 1289 194 1316 57.
217 1289 278 1316 'E1t
294 1289 323 1316 δὲ
339 1291 392 1322 πᾶς
411 1291 426 1317 ό
443 1291 544 1322 συνιεὶς
569 1290 628 1322 πῶς
649 1291 705 1323 τοῖς
721 1291 907 1328 μαθητευομέ·

107 1343 170 1366 νοις
181 1335 197 1361 ὸ
221 1335 325 1370 Ἰησοῦς
338 1337 485 1372 γεγένηται
498 1337 547 1372 οὐχ
560 1338 598 1369 ὡς
614 1338 629 1364 ὸ
644 1339 831 1374 ἀνακεεμενος,
848 1339 905 1366 ἀλλ’

107 1379 154 1411 ὡς
171 1380 186 1406 ὁ
196 1379 337 1413 διακονῶν,
354 1382 460 1418 μορφὴν
477 1382 569 1409 δούλου
582 1383 597 1409 ὁ
608 1383 672 1415 Υἱὸς
689 1383 735 1411 τοῦ
751 1384 818 1411 Θεοῦ
836 1385 906 1421 ὑπερ

107 1425 273 1462 ἐλευθερίας
301 1427 355 1454 τῶν
378 1428 580 1456 δουλευσάντων
605 1431 637 1465 τῇ
659 1431 782 1467 ἁμαρτία
803 1431 904 1465 λαϐὼν,

105 1472 164 1500 οὐκ
179 1473 308 1509 ἀγνοήσει
327 1474 387 1502 τίνα
402 1474 503 1510 τρόπον
516 1475 530 1501 ὁ
543 1475 639 1512 Πατήρ
655 1485 721 1511 φησι
740 1477 808 1514 πρὸς
823 1479 904 1506 αὑτὸν

105 1519 158 1546 τόο
179 1520 291 1554 Δοῦλός
305 1530 364 1556 μου
385 1520 414 1549 εἷ
429 1522 486 1549 σύ·
505 1522 551 1549 καὶ
569 1523 627 1559 μετ’
641 1523 734 1558 ὀλίγα·
752 1523 835 1558 Μέγα
852 1526 904 1552 σοί

104 1566 178 1593 ἐστι
207 1566 295 1594 τοῦτο
319 1567 468 1602 κληθῆναί
484 1576 522 1595 σε
543 1569 634 1596 παῖδά
655 1579 726 1604 μου.
748 1570 903 1607 Τολμητέον

104 1612 166 1648 γὰρ
187 1613 273 1640 εἰπεῖν
290 1613 410 1646 πλείονα,
425 1614 473 1640 καὶ
488 1614 638 1650 θειοτέραν,
655 1615 703 1643 καὶ
717 1615 825 1652 ἀληθῶς
843 1617 903 1643 κατ’

105 1658 203 1686 εἰκόνα
226 1659 273 1686 τοῦ
297 1660 403 1696 Πατρὸς
427 1661 478 1697 τὴν
505 1661 662 1697 ἀγαθότητα
685 1663 828 1697 φαίνεσθαι
855 1663 902 1691 106

106 1704 246 1740 Χριστοῦ,
273 1706 318 1732 ὅτε
353 1706 477 1733 Ἑαυτὸν
508 1707 712 1741 ἐταπείνωσε,
742 1710 902 1744 γενόμενος

103 1749 245 1783 ὑπήκοος
255 1751 343 1786 μέχρι
359 1751 498 1784 θανάτου,
521 1752 649 1780 θανάτου
667 1753 702 1780 δὲ
719 1755 862 1788 σταυροῦ,
884 1756 900 1791 ἢ

103 1796 131 1822 si.
150 1796 300 1832 ἁρπαγμὸν
315 1798 436 1833 ἡγήσατο
448 1797 479 1825 τὸ
496 1796 566 1826 εἶναι
581 1799 626 1826 ῐσα
644 1799 712 1835 Θεῷ,
727 1800 774 1826 καὶ
788 1800 826 1836 μὴ
841 1800 902 1836 βου-

103 1841 201 1877 ληθεὶς
221 1842 268 1869 ἐπὶ
280 1843 313 1878 τῇ
329 1843 375 1869 τοῦ
391 1843 495 1879 κόσμου
513 1845 635 1880 σωτηρίᾳ
652 1845 778 1879 γενέσθαι
796 1846 899 1879 δοῦλος.

104 1889 158 1915 Διὰ
181 1888 272 1920 10610.
293 1889 397 1922 διδάξαι
423 1891 510 1926 ἡμᾶς·
532 1890 691 1926 βουλόμενος
715 1892 786 1927 μέγα
814 1892 900 1927 δῶρον

105 1936 254 1971 εἰληφέναι
269 1937 323 1964 ἀπὸ
338 1936 384 1964 τοῦ
401 1937 506 1973 Πατρὸς
527 1937 566 1973 τῷ
588 1937 674 1970 οὕτως
691 1938 744 1974 (58)
761 1938 900 1966 δεδουλευ-

103 1982 200 2013 κέναι,
220 1981 302 2017 φησί·
326 1983 381 2009 Καὶ
402 1984 419 2009 ό
440 1983 513 2016 Θεός
533 1992 593 2018 μου
615 1983 701 2010 ἔσται
721 1993 772 2019 μοι
789 1985 897 2019 ἰσχύς·

103 2028 155 2055 καὶ
175 2026 242 2055 εἶπέ
254 2037 305 2063 μοι
315 2036 322 2043 ·
342 2029 424 2064 Μέγα
441 2029 492 2055 σοί
507 2029 573 2055 ἐστι
588 2029 676 2056 τοῦτο
692 2031 843 2064 κληθῆναί
861 2039 898 2058 σε

102 2073 199 2101 παῖδά
228 2083 298 2108 μου.
324 2073 370 2110 Μὴ
400 2075 545 2110 γενόμενος
569 2074 624 2110 γὰρ
651 2074 763 2107 δοῦλος,
788 2076 838 2103 οὐκ
864 2077 897 2104 ἂν

102 2120 204 2155 ἔστησε
220 2119 269 2151 τὰς
286 2119 372 2154 φυλὰς
386 2120 433 2146 τοῦ
455 2119 551 2146 Ἰακὼϐ
567 2119 633 2155 (59),
648 2120 709 2146 οὐδὲ
723 2120 771 2156 τὴν
786 2121 897 2149 διασπο-

104 2167 157 2203 ρὰν
176 2166 223 2193 τοῦ
242 2165 349 2202 Ἰσραὴλ
374 2166 551 2211 ἐπέστρεψεν,
571 2166 627 2193 ἀλλ’
643 2166 702 2193 οὐδὲ
721 2167 841 2202 ἐγεγόνει
862 2169 895 2197 ἂν
912 2181 935 2211 D

101 2214 144 2245 είς
165 2213 223 2247 φῶς
242 2212 327 2239 ἐθνῶν
341 2212 389 2239 106
403 2210 471 2240 εἶναι
485 2213 526 2244 εἰς
549 2213 687 2249 σωτηρίαν
707 2213 759 2245 ἓως
779 2215 893 2251 ἐσχάτου

100 2259 153 2294 τῆς
164 2258 225 2293 γῆς.
243 2259 295 2285 Καὶ
309 2258 417 2294 μέτριόν
429 2266 460 2293 γε
476 2258 507 2285 τὺ
521 2259 613 2286 δοῦλον
626 2259 707 2287 αὑτὸν
718 2261 853 2294 γενέσθαι,
869 2263 894 2289 εί

101 2304 152 2332 καὶ
167 2304 238 2339 μέγα
252 2303 304 2330 ὑπὸ
321 2303 367 2330 τοῦ
383 2303 490 2340 Πατρός
511 2302 580 2331 εἶναι
595 2304 674 2331 τοῦτο
688 2305 808 2340 λέγεται,
830 2315 894 2342 συγ-

100 2350 195 2386 κρίσει
217 2349 309 2386 ἀρνίου
333 2349 437 2376 ἀκάκου
461 2349 508 2376 γαὶ
531 2348 634 2385 ἀμνοῦ·
660 2349 698 2382 ὡς
719 2349 774 2387 γὰρ
800 2352 893 2387 ἀρνίον

99 2396 206 2423 ἄκακον
230 2395 375 2430 γεγένηται
399 2394 533 2430 ἀγόμενον
552 2394 600 2422 106
626 2395 737 2423 θύεσθαι
757 2398 771 2424 ό
795 2398 893 2433 Ἀμνὺς

98 2441 148 2468 τοῦ
173 2440 252 2472 Θεοῦ,
278 2440 322 2467 ἴνα
347 2441 400 2477 ἄρῃ
425 2440 473 2476 τὴν
504 2441 640 2477 ἁμαρτίαν
665 2442 713 2469 τοῦ
738 2443 852 2479 κόσμου,
875 2445 890 2471 ό

99 2488 169 2515 πᾶσι
192 2486 240 2514 τοῦ
265 2486 344 2521 λόγου
363 2487 490 2523 χορηγὸς,
504 2487 656 2522 ὡμοιωθεὶς
673 2488 752 2524 ἀμνῷ
775 2488 890 2517 ἐνώπιον

97 2533 148 2560 106
162 2533 298 2568 κείροντος
313 2532 422 2568 ἀφώνῳ.
436 2533 511 2565 ὃπως
530 2532 569 2569 τῷ
587 2533 694 2570 θανάτῳ
706 2535 789 2562 αὑτοῦ
809 2537 890 2572 ἡμεῖς

98 2580 201 2611 πάντες
213 2578 404 2614 καθαρθῶμεν,
422 2578 605 2615 ἀναδιδομένῳ
622 2581 721 2616 τρόπον
742 2584 887 2620 φαρμάκου

925 830 947 858 Β

917 1503 939 1531 C

972 239 1067 272 ipsius,
1083 239 1264 266 assimilatum
1280 239 1389 266 interim
1415 239 1521 274 sagitta
1541 238 1646 270 electa),
1676 242 1704 265 et
1729 237 1756 264 in

971 285 1060 312 Patris
1078 285 1206 320 pharetra
1219 285 1405 312 absconditum
1423 293 1550 314 :servum
1576 284 1622 312 Dei
1644 284 1756 312 univer-

969 338 1062 357 sorum
1077 330 1112 357 ab
1128 331 1185 364 ipso
1198 335 1335 363 vocatum,
1353 336 1380 358 et
1395 331 1532 362 lsraelem,
1547 336 1574 358 et
1587 332 1675 358 lucem
1691 338 1757 364 gen-

970 376 1048 405 tium.
1063 376 1177 404 Gladius
1192 377 1283 411 itaque
1298 383 1394 404 acutus
1406 382 1447 405 est
1470 385 1502 405 (is
1526 377 1586 404 Filii
1611 378 1667 410 Dei,
1688 385 1756 412 quo-

970 422 1042 449 niam
1057 423 1130 450 vivus
1144 428 1181 450 est
1199 431 1283 450 sermo
1301 422 1359 455 Dei,
1383 428 1406 450 et
1423 424 1523 458 elﬁcax,
1539 428 1563 450 et
1578 423 1758 457 penetrumior

967 469 1058 503 quouis
1070 468 1159 503 gladio
1174 469 1296 504 utrinque
1313 469 1454 501 incidente,
1467 474 1490 496 et
1503 469 1653 504 pertingens
1671 477 1753 503 usque

967 515 1001 541 ad
1014 514 1168 541 divisionem
1185 515 1282 541 anima:
1297 515 1377 541 simul
1398 523 1430 541 at:
1443 515 1561 549 spiritus.
1582 523 1748 550 compagum-

966 567 1016 594 que
1028 564 1052 586 et
1068 559 1257 592 medullarum,
1269 564 1293 586 et
1308 560 1439 587 discretor
1453 560 1652 594 cogitationum,
1667 565 1690 587 et
1704 567 1751 586 no-

967 605 1068 632 tionum
1092 605 1179 633 cordi;
1195 606 1216 638 ';
1241 606 1392 640 praesertim
1424 613 1485 633 cum
1514 605 1627 637 venerit,
1645 613 1698 632 non
1725 611 1754 632 ut

966 653 1053 678 mittat
1069 659 1162 686 pacem
1179 661 1262 688 super
1276 658 1376 680 terram
1389 653 1410 684 ³,
1426 653 1477 680 hoc
1492 656 1533 679 est
1554 651 1581 679 in
1601 659 1645 679 res
1659 659 1753 686 corpu.

966 705 1026 725 reas
1047 702 1075 724 et
1098 698 1260 731 sensibiles,
1288 698 1334 726 sed
1353 698 1483 733 gladium,
1509 701 1536 725 et
1556 702 1586 725 ut
1615 698 1752 725 discindat

965 747 1157 780 perniciosam,
1191 752 1220 774 ut
1245 748 1280 775 ita
1296 749 1401 782 loquar,
1420 748 1541 782 corporis
1561 746 1709 774 amicitiam
1725 751 1750 773 ct

964 793 1072 825 animm,
1087 801 1141 828 quo
1156 794 1245 820 anima
1261 793 1424 829 permittens
1437 794 1556 829 seipsatn
1569 792 1688 828 spiritui,
1703 793 1749 827 qni

963 839 1062 867 militat
1073 840 1203 867 adversus
1217 847 1340 872 carnem,
1354 839 1505 867 amicitiam
1518 847 1580 866 cum
1595 838 1650 865 Deo
1666 838 1750 871 ineat;

961 885 1090 920 gladium,
1105 885 1147 913 vel
1167 890 1295 920 tanquam
1323 886 1442 921 gladium
1467 891 1576 913 acutum
1599 884 1694 912 habuit
1717 892 1750 912 os

958 931 1033 966 juxta
1048 931 1237 966 propheticum
1247 939 1411 958 sermonem.
1425 931 1496 964 Quin
1508 931 1589 959 etiam
1602 931 1750 966 inspiciens

960 977 1059 1011 aliquis
1077 982 1116 1005 tot
1134 978 1226 1005 divino
1239 985 1334 1005 amore
1348 979 1496 1010 sauciatos,
1515 985 1566 1005 non
1579 985 1659 1005 secus
1669 982 1749 1012 atque

960 1027 1019 1051 erat
1031 1024 1086 1056 illa,
1100 1031 1161 1057 qua:
1175 1024 1201 1050 in
1218 1023 1332 1051 Cantico
1345 1023 1514 1050 canticorum
1528 1031 1556 1050 se
1570 1024 1623 1050 hoc
1640 1029 1749 1057 passam

959 1065 1104 1100 fatebatur,
1118 1067 1244 1102 inquiens
1258 1076 1265 1094 :
1281 1068 1378 1094 Amore
1390 1067 1529 1096 vulnerata
1549 1076 1596 1103 ego
1611 1077 1668 1095 sum
1680 1068 1707 1100 ⁸;
1726 1069 1749 1095 is

958 1111 1080 1146 proiecto
1093 1119 1145 1139 non
1165 1112 1247 1139 aliam
1273 1112 1434 1140 inventurus
1464 1117 1507 1140 est
1534 1113 1663 1148 sagittam
1693 1118 1747 1140 tam

958 1156 1104 1184 multormn
1129 1157 1233 1185 animas
1253 1165 1346 1185 amore
1373 1157 1420 1185 Dei
1447 1158 1646 1191 vulnerantem,
1664 1166 1746 1194 quam

957 1211 1018 1231 cum
1037 1204 1084 1240 qui
1096 1205 1163 1232 dicit
1181 1205 1192 1221 ⁸
1206 1213 1213 1231 :
1236 1203 1332 1232 Posuit
1346 1213 1385 1233 me
1400 1205 1467 1232 sicut
1481 1206 1605 1242 sagittam
1626 1206 1745 1233 electam.

992 1295 1036 1322 57.
1068 1294 1108 1322 Ad
1127 1295 1185 1323 haec
1202 1296 1328 1330 quisquis
1345 1296 1509 1323 intellexerit
1530 1303 1646 1330 quonam
1667 1300 1747 1330 pacto

956 1341 1034 1369 Jesus
1051 1341 1138 1369 factus
1151 1342 1186 1368 sit
1200 1342 1342 1376 discipulis
1363 1349 1416 1369 non
1431 1346 1559 1377 tanquam
1573 1343 1744 1372 recumbens.

957 1388 1004 1414 sed
1037 1392 1167 1422 tanquam
1179 1379 1358 1419 \ministrans,
1385 1388 1485 1423 quippe
1509 1389 1633 1422 quicum
1662 1387 1745 1414 Filius

957 1433 1004 1462 Dei
1019 1439 1102 1466 esset,
1121 1441 1170 1468 pro
1185 1433 1336 1461 liheraudis
1352 1434 1386 1461 iis
1396 1433 1440 1468 qui
1453 1439 1565 1468 peccato
1576 1433 1743 1463 serviebant.

957 1478 1071 1505 formam
1098 1478 1169 1505 servi
1192 1479 1356 1513 sumpserit,
1380 1486 1432 1505 nnn
1455 1479 1590 1514 ignorabit
1610 1478 1744 1513 quomodo

955 1524 989 1551 ad
1015 1524 1102 1559 ipsum
1129 1523 1210 1552 Pater
1236 1525 1332 1552 dicat:
1352 1525 1447 1552 Seruus
1471 1533 1543 1551 meus
1568 1533 1595 1550 es
1622 1530 1649 1550 tu
1669 1523 1690 1554 “.
1711 1531 1744 1550 ac

955 1577 1018 1597 mox
1036 1578 1042 1597 :
1057 1569 1184 1605 Magnum
1205 1570 1253 1597 tibi
1268 1574 1318 1601 est.
1343 1576 1371 1597 ut
1399 1570 1496 1598 voceris
1523 1578 1611 1597 seruus
1633 1577 1705 1596 meus
1721 1570 1741 1596 ⁷.

959 1615 1026 1643 Nam
1045 1615 1124 1643 nobis
1139 1616 1290 1643 audendum
1306 1619 1348 1643 est
1365 1616 1468 1650 dicere,
1483 1615 1612 1650 majorem
1626 1615 1742 1643 divinio-

953 1668 1081 1696 remque,
1108 1664 1188 1696 atque
1216 1667 1280 1688 vere
1296 1660 1446 1689 secundum
1471 1660 1616 1695 imaginem
1641 1660 1740 1691 Patris.

952 1706 1054 1734 Christi
1071 1706 1220 1734 bonitatem
1239 1714 1375 1742 apparere
1387 1726 1395 1739 ,
1409 1707 1519 1741 quando
1529 1707 1651 1734 humilem
1673 1714 1741 1740 pra--

953 1753 1009 1779 buit
1025 1753 1202 1787 semetipsum,
1222 1753 1309 1787 factus
1329 1752 1450 1779 obediens
1471 1761 1551 1787 usque
1569 1752 1603 1778 ad
1618 1757 1741 1784 mortem,

952 1803 1060 1825 mortem
1072 1803 1159 1825 autem
1175 1799 1261 1825 crucis
1276 1798 1297 1830 ⁸,
1310 1805 1403 1832 quam,
1418 1798 1440 1825 si
1456 1798 1576 1832 rapinam
1591 1798 1739 1824 arbitratus

951 1853 1011 1872 esse
1026 1851 1055 1872 se
1069 1844 1201 1879 aequalem
1219 1845 1273 1872 Deo
1289 1845 1310 1877 ’,
1329 1845 1460 1872 noluisset
1479 1852 1526 1878 pro
1543 1845 1634 1871 mundi
1653 1844 1742 1871 salute

951 1890 1009 1917 ﬁeri
1035 1897 1140 1918 servus.
1167 1889 1208 1917 0h
1231 1897 1291 1917 eam
1321 1897 1430 1917 causam
1450 1889 1543 1916 volens
1566 1897 1615 1916 nos
1640 1889 1740 1917 docete

950 1943 1077 1972 magnum
1104 1936 1205 1963 donum
1228 1943 1258 1963 se
1283 1935 1393 1962 aPatrc
1422 1935 1572 1969 accepisse.
1599 1935 1670 1969 quod
1698 1935 1738 1962 Sil:

949 1982 1085 2014 servierit,
1109 1981 1231 2016 inquitlo
1249 1989 1256 2008 :
1277 1980 1310 2008 Et
1336 1981 1406 2007 Deus
1427 1989 1500 2007 meus
1526 1980 1583 2016 38
1607 1981 1655 2007 erit
1674 1980 1738 2008 mihi

949 2029 1077 2063 fortitudo
1091 2036 1148 2055 mea
1160 2035 1170 2054 :
1182 2027 1221 2055 Et.
1238 2028 1305 2055 dixit
1323 2028 1386 2054 milii
1400 2026 1547 2062 :Magnum
1563 2027 1610 2054 tibi
1628 2032 1664 2054 est
1678 2046 1686 2059 ,
1708 2032 1737 2054 ut

948 2075 1045 2103 voceris
1067 2082 1157 2102 βενυιιδ
1171 2082 1262 2101 meus:
1275 2082 1337 2101 nam
1356 2081 1451 2102 servus
1478 2081 1530 2101 non
1557 2073 1646 2100 Γιιειιις
1657 2093 1666 2105 ,
1682 2080 1737 2100 11011

947 2121 1095 2149 excitasset
1110 2120 1205 2153 Jacob,
1221 2128 1308 2155 neque
1320 2120 1518 2155 dispersionem
1531 2119 1615 2147 isracl
1626 2126 1738 2147 conver-

948 2169 1028 2197 tisset
1043 2177 1050 2196 :
1068 2168 1115 2196 sed
1134 2175 1222 2204 neque
1238 2168 1344 2195 futurus
1358 2171 1416 2194 erat
1441 2167 1467 2194 in
1493 2167 1581 2194 lucem
1604 2163 1735 2201 ge‘utium.

948 2219 978 2242 ut
1002 2222 1088 2250 usque
1113 2215 1147 2241 ad
1171 2218 1324 2241 extremum
1345 2218 1424 2240 terra:
1439 2211 1513 2239 salus
1528 2217 1612 2239 esset.
1641 2212 1675 2239 Et
1693 2220 1736 2239 res

947 2261 1057 2296 quidem
1081 2268 1135 2288 non
1153 2267 1238 2295 usque
1257 2259 1326 2286 adeo
1346 2265 1442 2293 magna
1466 2261 1517 2291 est,
1545 2259 1616 2293 quod
1639 2265 1736 2285 servus

948 2306 1005 2341 ipse
1020 2305 1101 2333 fuerit
1111 2304 1341 2340 factus,quamvis
1352 2311 1366 2330 a
1381 2303 1462 2330 Patre
1475 2303 1526 2330 hoc
1538 2311 1664 2338 magnum
1674 2311 1736 2330 esse

947 2353 1064 2385 dicatur,
1081 2352 1104 2379 si
1125 2351 1285 2380 conferatur
1304 2357 1367 2378 cum
1384 2349 1501 2385 agneilo,
1524 2353 1552 2376 et
1567 2356 1639 2384 agno
1654 2349 1734 2376 inno-

946 2403 1026 2427 cente
1041 2407 1048 2426 :
1065 2402 1095 2426 ut
1107 2398 1179 2426 enim
1194 2396 1317 2432 agnellus
1341 2396 1492 2429 innocens,
1512 2395 1559 2431 qui
1576 2394 1685 2423 ducitur
1706 2400 1735 2422 ut

944 2445 1117 2474 sacriﬁcetur
1130 2445 1165 2477 “,
1176 2444 1265 2473 iactus
1277 2448 1319 2472 est
1333 2443 1378 2471 ille
1390 2443 1484 2479 Agnus
1503 2442 1561 2476 Dei,
1581 2447 1611 2470 ut
1627 2441 1734 2470 auferat

943 2494 1086 2528 peccatum
1108 2491 1212 2523 mundi,
1228 2495 1255 2518 et
1268 2491 1313 2526 qui
1325 2490 1453 2518 omnibus
1465 2496 1618 2517 sermonem
1634 2496 1733 2523 suppe-

944 2539 1022 2571 ditat,
1032 2539 1114 2566 ctiam
1130 2537 1299 2565 assimilatas
1314 2541 1356 2564 est
1371 2535 1477 2571 agnello
1488 2535 1548 2563 sine
1560 2542 1625 2562 voce
1639 2543 1730 2562 coraln

945 2585 1086 2618 tondente,
1103 2588 1133 2612 ut
1150 2587 1238 2611 morte
1263 2582 1349 2618 ipsius
1366 2589 1460 2609 omnes
1478 2589 1527 2609 nos
1543 2580 1732 2616 puriﬁcemur,

133 2651 144 2666 ¹
164 2649 246 2676 Ilebr.
267 2655 303 2684 iv.
320 2647 366 2675 12.
400 2647 410 2663 ³
426 2647 621 2684 Μιιιιιιηιῶι.
659 2648 755 2675 ‘Cant.
769 2649 837 2680 ",5.
872 2652 882 2667 ⁸

983 2651 1069 2684 .ιτ,2.
1108 2650 1180 2678 ‘lsa.
1196 2657 1270 2683 XLIX,
1285 2649 1312 2676 5.
1349 2649 1359 2663 ⁷
1376 2648 1441 2676 ibid.
1458 2648 1485 2675 6.
1524 2648 1535 2664 ⁸
1548 2647 1647 2684 Philip.
1661 2649 1729 2682 ",8.

97 2685 108 2701 '
121 2685 188 2713 ibid.
202 2684 229 2711 6.
269 2683 291 2699 ¹⁰
306 2685 357 2710 lsa.
375 2690 448 2715 xux,
469 2683 497 2716 5,
517 2682 543 2710 6.
583 2683 603 2698 ¹¹
618 2684 669 2710 lsa.
686 2691 744 2716 un,
758 2684 784 2712 7.

135 2742 192 2777 (57)
211 2739 348 2775 Ἀτάκης.
361 2739 408 2769 Sic
421 2741 507 2770 codex
518 2741 700 2777 Bodleianus;
723 2743 836 2772 lluctius
855 2743 881 2770 in

100 2781 174 2805 textu
189 2776 293 2811 ἀγάπῃ.

940 2742 1041 2776 iluetii,
1053 2742 1084 2769 τδ
1094 2742 1190 2774 οὓτως.
1323 2767 1327 2769 .

975 2778 1032 2813 (59)
1052 2777 1161 2813 Ἰακώϐῗ
1170 2782 1244 2813 recte
1253 2776 1436 2813 Vlrabetcodex
1456 2775 1635 2809 Bodleianus;
1656 2776 1727 2802 male

137 2812 194 2847 (58)
214 2805 379 2846 'ro'bsmg.
410 2811 450 2840 ita
473 2811 558 2846 codd.
580 2819 660 2845 mss.;
687 2813 770 2841 editio
794 2819 884 2841 autem

983 2805 1030 2841 cui
1045 2813 1128 2842 editio
1140 2812 1230 2841 Huetii
1251 2811 1370 2847 Ἰσραήλ.
