1872 3041
242 127 275 154 Ui
965 122 1125 150 ORIGENIS
1829 119 1856 146 92

244 180 459 208 sanctificatione
491 179 682 208 sanctiﬁcatur
711 184 739 207 et
772 179 817 207 illa
847 179 1031 215 redemptione

1090 180 1167 212 Θεοῦ,
1183 179 1358 215 ὃικαιεσιξνη
1374 187 1416 210 τε,
1438 179 1486 205 καὶ
1507 178 1664 212 ἁγιασμιίς,
1687 175 1737 204 καί
1757 177 1854 204 ἀπολύ-

247 226 398 253 redimitur.
424 225 544 252 Observa
558 230 649 253 autem
665 234 699 252 an
716 224 876 260 particulam
891 226 964 252 nobis
981 227 1031 252 mi-

247 271 319 298 nime
345 271 445 298 frustra
474 271 610 298 addiderit
629 271 784 306 Apostolus,
809 271 902 298 dicens
921 271 942 287 ²⁷
958 280 965 298 :
979 271 1031 303 Qui

247 316 331 350 {actus
344 320 380 343 est
393 317 466 343 nobis
481 317 611 350 sapientia
624 326 640 344 ιι
653 316 717 348 Deo,
730 322 753 343 et
767 317 886 351 justitia,
898 322 922 344 et
937 318 1033 344 sancti-

246 362 347 396 ﬁcatio,
363 367 388 390 et
405 363 560 397 redemptio.
576 363 726 398 Itidemque
739 365 852 390 observa
873 363 1031 397 Apostolum

247 415 300 436 non
331 410 364 436 ab
392 417 421 437 re
445 410 510 437 alibi
541 409 644 438 dixisse
668 410 792 437 absolute
812 410 959 440 Christum,
985 406 1050 436 Dei"

244 455 419 489 sapientiam,
432 460 459 483 et
479 456 524 483 Dei
541 456 702 491 potentiam,
721 461 854 490 quatenus
869 456 986 490 potentia
1006 460 1033 483 et

244 499 380 534 sapientia
396 505 447 533 cst,
473 501 579 528 etiamsi
593 508 642 527 nos
654 500 886 528 existimassemus
900 508 961 528 eum
979 508 1031 527 nou

244 551 306 572 esse
321 545 470 579 potentiam
482 545 540 578 Dei,
551 553 640 580 neqtte
653 546 812 580 sapientiam
826 546 851 572 iu
862 546 1031 577 universum,

245 591 293 617 sed
310 591 398 618 nobis.
428 591 503 618 Nunc
522 596 611 618 autem
636 591 728 619 Jesum
746 591 869 619 scribens
886 591 1032 626 Apostolus

246 637 409 671 Sapientiam
431 643 491 664 esse
520 645 553 664 ac
567 638 734 671 potentiam,
753 637 896 672 aliquoties
916 637 1033 664 vocabu-

247 682 301 708 lum
320 684 393 709 nobis
406 683 489 715 addit,
509 683 652 718 aliquoties
667 692 719 710 non
734 684 818 715 addit,
835 683 957 710 absolute
971 691 1031 710 eum

247 728 422 762 sapientiam,
435 734 462 756 et
477 730 624 763 potentiam
646 731 780 762 scribens,
793 738 854 757 cum
870 730 939 756 ident
963 730 1034 757 inte-

247 774 298 800 rim
317 782 369 801 non
387 774 468 801 faciat
478 795 485 806 ,
497 774 622 802 scribens
636 783 697 802 eum
715 783 775 803 esse
789 775 1032 803 sanctiﬁcationem

245 825 272 846 et
300 820 525 854 redemptionem.
562 820 695 854 Quocirca
720 821 791 853 vide,
823 823 948 856 quoniam
985 822 1030 856 qui

246 865 408 898 sanctiﬁcat,
428 869 453 892 et
477 867 522 901 qui
547 867 751 901 sanctiﬁcantur
769 875 802 894 ea;
823 876 876 894 uno
894 875 982 894 omnes
998 867 1032 900 ’⁸,

247 918 281 937 au
297 911 392 945 ipsius,
407 912 452 946 qui
469 917 511 939 est
524 916 616 940 nostra
632 913 816 940 sanctiﬁcatio
827 933 835 944 ,
852 912 1033 940 sanctiﬁcatio

246 956 284 982 sit
311 955 412 988 I‘ater;
436 957 666 991 quemadmodum
693 957 776 992 ipsius
790 957 903 990 Christi,
923 957 968 991 qui
992 962 1034 985 est

248 1006 373 1029 nostrum
388 1008 471 1036 caput
483 1022 491 1035 ,
507 1007 589 1038 caput
602 1008 645 1029 est
656 1002 745 1029 Pater.
765 1002 811 1029 Est
825 1007 915 1029 autem
929 1002 1033 1030 redem-

1082 234 1189 260 τρωσις
1199 233 1205 240 ·
1221 225 1267 252 καὶ
1279 225 1303 251 εί
1322 225 1359 261 μὴ
1372 226 1400 251 ὲν
1417 224 1506 255 ἀλλοις
1526 225 1590 259 περὶ
1605 224 1652 250 τοῦ
1668 224 1789 260 Χριστοῦ
1805 225 1855 250 ubi

1083 273 1164 307 σοφία
1185 272 1260 299 ἐστὶν
1288 271 1496 306 ἀπολελυμένως
1521 270 1638 304 ἐλέγετο,
1663 270 1712 297 καὶ
1736 270 1804 297 καθὸ
1823 271 1855 297 δύ-

1082 327 1176 354 ναμις,
1197 318 1238 344 ὅτι
1269 318 1386 352 Χριστὸς
1410 316 1476 343 Θεοῦ
1499 316 1612 352 δύναμίς
1635 318 1711 349 ἐστι,
1737 317 1787 344 καὶ
1804 317 1856 344 Θεοῦ

1083 365 1180 398 σοφία,
1201 364 1251 391 κᾶν
1276 364 1462 399 ὕπενοήσαμεν
1484 363 1521 398 μὴ
1546 362 1672 396 καθάπαξ
1698 363 1782 390 αὑτὸν
1803 361 1857 390 εἶναι

1083 409 1188 444 σοφίαν,
1205 409 1272 445 μηδὲ
1293 409 1407 444 δύναμιν
1427 408 1505 442 Θεοῦ,
1520 409 1588 435 ἀλλὰ
1607 409 1684 444 ἡμῖν.
1701 409 1759 436 Νῦν
1780 410 1807 436 δὲ
1824 411 1858 436 ἐπὶ

1084 455 1133 490 μὲν
1153 455 1202 490 τῆς
1224 455 1318 490 σοφίας
1340 455 1386 482 καὶ
1411 454 1551 490 δυνάμεως
1577 455 1645 490 πρὸς
1661 454 1701 490 τῷ
1726 455 1799 489 ἡμῖν
1823 456 1858 482 nl

1082 500 1113 526 τὸ
1136 500 1268 527 ἀπόλυτον
1296 501 1522 537 ἀναγέγραπται,
1548 500 1594 527 ἐπὶ
1617 501 1645 528 δὲ
1662 500 1710 528 τοῦ
1737 501 1858 536 ἁγνισμοῦ

1083 546 1131 572 καὶ
1152 546 1201 581 τῆς
1216 546 1430 583 ἀπολυτρώσεως
1446 547 1462 582 ή
1482 547 1551 583 αὐτὴ
1574 547 1712 582 ἀπόφασις
1729 548 1781 574 οὐκ
1800 547 1856 583 είρη-

1082 599 1137 618 ται.
1160 591 1260 628 Διόπερ
1283 593 1342 628 δρα,
1370 593 1434 620 ἐπεὶ
1456 595 1473 620 ό
1498 592 1623 628 ἁγιάζων
1640 594 1690 620 καὶ
1711 595 1740 620 οἱ
1761 593 1859 628 ἁγιαζό-

1080 646 1166 673 μενοι
1186 638 1222 670 ἐξ
1246 639 1318 670 ἑνὸς
1344 638 1471 673 πάντες,
1496 640 1521 666 εί
1549 639 1632 666 αὑτοῦ
1663 638 1711 666 τοῦ
1740 640 1860 675 ἡμετέρου

1083 684 1219 720 ἀγιασμοῦ
1237 685 1370 720 ἀγιασμός
1386 686 1459 712 ἐστιν
1475 686 1488 712 ὁ
1504 686 1617 722 Πατήρ’
1636 685 1732 721 ὥσπερ
1756 685 1862 721 Χριστοῦ

1083 731 1160 762 δντος
1181 731 1318 766 ἡμετέρας
1340 731 1476 767 κεφαλῆς,
1496 733 1509 759 ὁ
1526 732 1621 768 Πατὴρ
1637 731 1720 759 αὑτοῦ
1748 732 1806 758 ἐστι
1825 740 1861 758 κε-

1085 776 1165 812 φαλή.
1185 777 1384 813 ’Δπολύτρωσις
1405 778 1433 804 δὲ
1450 778 1528 814 ἡμῶν
1542 779 1557 804 ὁ
1571 778 1690 813 Χριστὸς
1710 777 1767 804 τῶν
1781 778 1822 804 διὰ
1841 778 1863 804 τὸ

1085 822 1312 858 ᾐχμαλωτεῦσθαι
1342 823 1557 859 ἀπολυτρώσεως
1583 824 1764 860 δεδεημένων.
1789 825 1863 851 Αὑτοῦ

1086 867 1114 894 δὲ
1136 867 1185 903 τὴν
1211 868 1398 904 ἀπολύτρωσιν
1419 869 1450 895 οὐ
1473 868 1557 904 ζητῶ,
1582 869 1634 896 τοῦ
1658 870 1863 905 πεπειραμένοι]

1086 913 1162 940 κατὰ
1175 913 1273 941 πάντα
1287 915 1351 941 καθ’
1369 915 1526 949 ὁμοιότητα
1548 916 1639 950 χωρὶς
1653 916 1811 950 ἁμαρτίας,
1830 917 1863 943 ιιιιῖ

1088 959 1222 995 μηδέποτε
1238 960 1290 987 ὑπὸ
1311 961 1364 988 τῶν
1385 961 1489 997 ἐχθρῶν
1511 963 1550 993 είς
1566 962 1757 998 αἰχμαλωσίαν
1779 971 1863 998 κεκρα‹

1086 1012 1120 1039 τη
1125 1004 1217 1039 μένου.

246 1050 303 1084 ptio
314 1055 405 1077 nostra
417 1049 552 1084 Christus,
565 1057 598 1078 eo
609 1050 681 1084 quod
693 1050 720 1077 in
733 1050 916 1083 captivitatem
929 1049 1038 1078 abducti
1054 1059 1122 1086 opus
1136 1052 1280 1081 habuimus
1297 1053 1488 1088 redemptione.
1502 1052 1556 1082 Nec
1569 1054 1653 1089 ipsius
1664 1055 1863 1090 redemptionem

246 1105 347 1132 quiero.
361 1099 405 1133 qui
417 1103 531 1125 tentatus
542 1102 580 1125 ett
594 1106 642 1133 per
655 1098 744 1125 omnia
760 1099 840 1133 juxta
857 1098 1061 1126 similitudinem
1075 1100 1172 1136 absque
1185 1107 1291 1135 peccato
1307 1102 1343 1135 ",
1364 1102 1410 1130 sed
1427 1109 1563 1136 nunquam
1582 1103 1617 1129 ab
1639 1102 1768 1130 hostibus
1793 1103 1863 1130 factu:

245 1145 379 1179 captivus.

282 1190 328 1217 40.
341 1190 408 1218 Cum
427 1191 512 1218 semel
532 1195 625 1218 autem
644 1191 850 1218 distinxerimus
863 1190 934 1218 inter
946 1198 1035 1218 vocu—

247 1237 301 1264 lani
314 1237 388 1263 nobis
400 1241 428 1263 et
445 1236 568 1264 voculam
581 1236 749 1271 simpliciter,
766 1236 888 1264 dicentes
900 1244 954 1263 non
969 1237 1036 1264 situ-

247 1281 357 1316 pliciter
374 1281 621 1309 sanctilicatioucm
636 1286 664 1308 et
679 1281 894 1316 redemptionem
918 1281 1001 1309 scribi
1019 1289 1036 1309 a

248 1327 333 1354 Paulo
356 1335 418 1355 esse
444 1327 596 1360 Christum,
612 1327 659 1355 sed
674 1335 736 1354 cum
755 1327 941 1355 additamenta
962 1328 1036 1355 nobis

248 1373 334 1408 (cum
356 1373 478 1407 potentia
507 1379 535 1400 et
559 1372 692 1408 sapientia
719 1373 836 1405 dicatur,
854 1376 882 1399 et.
905 1379 967 1399 cum
989 1372 1038 1399 ad—

250 1419 401 1445 ditameuto
413 1418 465 1454 41
485 1420 570 1452 nobis,
581 1422 609 1446 et
625 1418 785 1453 simpliciter
799 1418 858 1446 sine
874 1418 969 1445 vocula
988 1426 1037 1445 no-

251 1463 315 1498 ιιι),
332 1471 385 1490 non
406 1464 498 1491 sinere
515 1463 647 1491 debemus
663 1464 860 1498 inexploratum
883 1470 1036 1491 sermonem

251 1510 285 1537 de
296 1509 410 1543 jttstitia.
427 1509 460 1537 Et
475 1511 546 1546 quod
560 1510 669 1544 quidem
684 1509 790 1544 iustitia
814 1509 893 1537 nobis
909 1509 945 1536 sit
955 1508 1036 1537 Chri-

252 1561 307 1588 tus,
321 1556 495 1592 perspicuum
512 1561 554 1584 est
567 1563 601 1583 ex
616 1564 648 1584 eo
665 1565 673 1584 :
689 1556 741 1589 Qui
759 1557 844 1590 facta:
856 1561 892 1583 est
907 1556 980 1583 nobis
991 1564 1036 1583 δα·
1051 1545 1073 1575 c

249 1602 350 1637 pientiu
362 1611 378 1630 a
396 1602 460 1635 Deo,
473 1607 498 1629 et
513 1602 634 1637 justitia,
654 1607 677 1630 et
692 1603 879 1637 sanctiﬁcatio,
895 1606 919 1629 et
939 1602 1038 1628 redem-

252 1649 307 1682 ptio
328 1648 361 1675 ".
387 1648 463 1681 Quod
487 1649 509 1676 si
534 1656 586 1676 non
613 1649 768 1676 invenimus
793 1648 880 1682 ipsum
901 1648 1038 1681 justitiam

251 1694 415 1729 simpliciter
429 1694 494 1727 dici,
510 1695 737 1729 quemadmodum
752 1694 914 1729 simpliciter
929 1695 1038 1729 sapien-

253 1740 303 1771 tia,
321 1744 348 1767 et
371 1740 490 1774 potentia
515 1740 563 1767 Dei
591 1740 701 1772 dicitur,
725 1740 915 1774 inquirendum
943 1744 985 1767 est
1003 1747 1039 1767 an

253 1786 306 1820 ipsi
322 1785 441 1820 Christo,
455 1786 680 1820 quemadmodum
695 1785 878 1814 sanctiﬁcatio
891 1790 933 1813 est
946 1785 1039 1819 Pater,

254 1832 293 1859 ita
311 1832 392 1859 etiam
417 1831 521 1866 justitia
538 1833 571 1860 sit
588 1832 679 1860 Pater.
702 1832 794 1868 Neque
812 1832 884 1860 enim
906 1832 1040 1867 injustitia

252 1881 298 1905 est
318 1877 386 1912 apud
405 1877 487 1905 Deum
506 1878 540 1910 ³¹,
559 1882 586 1905 et
598 1877 688 1912 justus
709 1882 737 1905 et
758 1882 869 1905 sanctus
889 1881 930 1904 est
947 1877 1039 1904 Domi-

254 1930 325 1956 nus,
349 1928 377 1950 ct
395 1922 421 1949 in
446 1923 554 1958 iustitia
579 1923 681 1958 judicia
698 1923 757 1957 ejus
774 1922 808 1949 “.
830 1921 924 1949 Justus
937 1925 1038 1956 .autem

253 1977 316 1997 cum
328 1969 454 2004 sit,justc
468 1969 560 1996 omnia
579 1969 729 2003 dispensat.
747 1967 824 2001 Quod
837 1972 926 1994 autem
944 1967 1041 1994 attinet

254 2016 290 2043 ad
306 2016 331 2042 id
347 2016 417 2050 quod
434 2015 554 2042 hmretici
570 2015 674 2048 dicunt,
698 2015 834 2041 diversum
860 2012 966 2040 scilicet
981 2019 1042 2039 esse

254 2061 356 2095 justum
373 2069 387 2088 a
405 2061 484 2093 bono,
508 2062 556 2088 sed
575 2062 646 2095 quod
668 2061 717 2095 ipsi
742 2068 794 2087 non
812 2059 970 2092 explanant.
984 2059 1041 2085 exi-

256 2106 399 2133 stimantes
419 2105 519 2140 justum
547 2106 656 2141 quidem
682 2112 743 2132 esse
768 2104 860 2131 tnuudi
888 2103 1039 2138 Opificem,

256 2151 358 2178 Christi
373 2156 463 2179 autem
483 2151 590 2179 Patrem
604 2152 702 2179 bonum
717 2170 725 2182 ,
741 2158 798 2177 mea
827 2150 960 2177 sententia
970 2169 978 2182 ,
995 2158 1042 2177 ac-

256 2202 351 2225 curate
371 2197 558 2224 examinatum
580 2201 671 2232 posset
686 2196 738 2223 dici
755 2196 788 2222 de
803 2195 883 2222 Patre
906 2200 933 2222 et
950 2195 1019 2222 Filio
1031 2214 1040 2228 ,

257 2243 326 2272 Filio
341 2245 450 2279 quidem
461 2243 735 2277 exsistentejustitia,
748 2242 792 2276 qui
807 2243 909 2276 accepit
923 2246 1041 2276 potesta-

258 2295 312 2317 tem
341 2290 456 2317 faciendi
483 2289 615 2324 judicium
633 2308 640 2320 ,
668 2286 904 2322 quoni«tnt_Filitts
928 2288 1042 2314 hominis

256 2340 293 2362 est
304 2336 373 2367 ",et
388 2335 515 2366 iudicabit
529 2337 617 2361 orbant
629 2339 757 2360 terrarum
772 2333 913 2368 injuslitia
933 2333 972 2366 u‘;
991 2333 1042 2360 Pa-

257 2387 300 2409 trc
316 2388 379 2408 \‘ero
391 2383 449 2414 (eos
465 2382 510 2415 qui
521 2382 547 2407 in
557 2380 615 2407 Filii
631 2380 737 2414 justitia
754 2380 852 2406 eruditi
870 2380 969 2406 fuerint
981 2385 1041 2414 post

257 2428 358 2456 Christi
376 2436 487 2463 regnum
504 2428 637 2455 beneficio
653 2426 796 2461 alliciente)
805 2426 866 2453 boni
882 2427 1041 2454 vocabulum

259 2474 388 2509 operibus
410 2479 554 2501 ostensum
565 2493 573 2506 ,
589 2473 696 2507 quando
712 2473 793 2500 fuerit
821 2471 890 2499 Deus
906 2473 995 2498 omnia
1015 2472 1041 2499 in

259 2520 384 2547 omnibus
404 2519 439 2547 ".
456 2519 541 2554 Cujus
561 2519 683 2545 fortassis
707 2518 812 2552 jttslltizt
843 2518 972 2544 Set-valor
1002 2518 1044 2544 iu—

259 2565 341 2593 atruit
353 2565 455 2598 omnia,
471 2565 636 2600 temporibus
651 2565 763 2597 idoneis,
779 2569 806 2591 et
822 2564 938 2594 ratione,
959 2568 985 2590 et
1000 2571 1045 2590 or-

1121 1191 1165 1218 M).
1188 1191 1280 1224 Ἅπαξ
1306 1191 1336 1218 δὲ
1366 1191 1561 1218 διασταλέντων
1583 1190 1630 1217 τοῦ
1657 1191 1741 1225 ἡμῖν,
1764 1192 1811 1218 καὶ
1832 1190 1863 1217 rei

1086 1237 1190 1271 ἁπλῶς
1200 1246 1207 1252 ·
1221 1237 1292 1272 ἡμῖν
1308 1237 1368 1272 μὲν,
1381 1238 1428 1264 καὶ
1442 1238 1491 1272 οὐχ
1507 1236 1601 1269 ἁπλῶς
1616 1237 1663 1264 τοῦ
1680 1237 1820 1273 ἀγιασμοῦ
1833 1236 1863 1263 καὶ

1087 1282 1137 1318 τῆς
1149 1281 1373 1318 ἀπολυτρώσεως·
1383 1283 1430 1309 καὶ
1440 1282 1512 1316 ἡμῖν
1521 1282 1548 1308 δὲ
1560 1282 1607 1308 καὶ
1620 1282 1714 1314 ἁπλῶς
1725 1283 1777 1318 τῆς
1786 1282 1863 1316 σοφία

1088 1329 1135 1356 καὶ
1148 1329 1196 1364 τῆς
1212 1328 1362 1363 δυνάμεως,
1382 1329 1431 1354 οὐκ
1449 1327 1626 1360 ἀνεξέταστον
1641 1327 1737 1354 ἐατέον
1753 1328 1802 1354 τὸν
1818 1336 1863 1363 περ

1088 1373 1139 1408 τῆς
1153 1373 1324 1409 δικαιοσύνης
1339 1373 1426 1408 λόγον.
1441 1373 1495 1400 Καὶ
1509 1373 1551 1399 ὃτι
1565 1372 1614 1408 μὲν
1634 1373 1700 1408 ἡμῖν
1723 1372 1863 1399 δικαιοσύη

1090 1419 1217 1455 Χριστὸς,
1243 1418 1322 1452 δῆλον
1336 1419 1369 1444 ὲκ
1379 1417 1441 1444 τοῦσ
1460 1419 1509 1450 Ὃς
1535 1417 1661 1452 ἐγενήθη
1691 1418 1790 1451 σοφία
1813 1416 1863 1451 furit

1089 1465 1149 1492 ἀπὸ
1162 1465 1246 1495 Θεοῦ,
1262 1465 1438 1498 δικαιοσύνη
1451 1472 1493 1496 τε,
1506 1463 1554 1490 καί
1568 1463 1728 1498 ἁγιασμὸς,
1744 1464 1796 1490 καὶ
1815 1464 1863 1490 ἀπε

1087 1512 1245 1546 λύτρωσις·
1264 1511 1310 1537 ἐὰν
1318 1511 1345 1537 δὲ
1356 1510 1392 1546 μὴ
1400 1510 1570 1546 εὑρίσκωμεν
1579 1509 1671 1541 ἁπλῶς
1686 1509 1770 1536 αὑτὸν
1784 1509 1863 1536 δικαία

1089 1558 1171 1594 σύνην
1181 1579 1188 1591 ,
1208 1558 1301 1593 ὥσπερ
1318 1557 1410 1588 ἁπλῶς
1428 1557 1523 1591 σοφίαν
1536 1556 1583 1582 καὶ
1600 1555 1715 1591 δύναμιν
1732 1555 1804 1582 Θεοῦ
1815 1576 1822 1587 ,
1837 1555 1863 1589 βα

1089 1604 1228 1631 σανιστέον
1240 1605 1264 1631 εί
1279 1604 1325 1630 καὶ
1340 1602 1414 1638 αὐτῷ
1428 1602 1466 1638 τῷ
1480 1601 1589 1638 Χριστῷ
1600 1621 1608 1633 ,
1623 1601 1720 1637 ὥσπερ
1745 1600 1863 1636 ἀγιασμὲ

1088 1651 1102 1677 ὁ
1119 1650 1223 1686 Πατὴρ,
1240 1650 1311 1677 οὕτω
1323 1650 1369 1676 καὶ
1383 1649 1538 1684 δικαιοσύνη
1551 1649 1565 1675 ὁ
1579 1648 1683 1683 Πατήρ.
1693 1648 1750 1674 Καὶ
1765 1649 1824 1684 γὰρ
1837 1648 1863 1674 οὐ

1089 1696 1181 1724 ἀδικία
1198 1696 1274 1732 παρά
1284 1696 1322 1732 τῷ
1338 1695 1408 1732 Θεῷ,
1421 1696 1468 1723 καὶ
1484 1695 1586 1726 δίκαιος
1607 1695 1655 1722 καὶ
1673 1695 1748 1726 ὅσιος
1770 1695 1863 1729 Κύριος

1089 1743 1136 1770 καὶ
1152 1743 1180 1769 ὲν
1191 1742 1347 1777 δικαιοσύνῃ
1363 1742 1399 1769 τὰ
1412 1742 1532 1777 κρίματα
1546 1740 1629 1767 αὐτοῦ
1639 1749 1646 1756 ·
1658 1740 1767 1773 δίκαιος
1788 1741 1817 1768 δὲ
1838 1741 1863 1767 (in

1089 1786 1201 1818 δικαίως
1224 1785 1258 1812 τὰ
1284 1786 1373 1812 πάντα
1399 1786 1496 1813 διέπει.
1517 1785 1555 1812 Τὸ
1575 1785 1604 1812 δὲ
1623 1785 1637 1811 ὃ
1653 1783 1689 1821 ἦν
1703 1785 1737 1812 ἂν
1750 1787 1820 1817 τοὺς
1835 1787 1863 1813 ἀι

1089 1831 1143 1858 τῶν
1160 1831 1215 1866 (46)
1229 1831 1360 1866 αἱρέσεων
1377 1833 1417 1863 εἰς
1437 1831 1468 1858 τὸ
1489 1831 1581 1867 ἕτερον
1603 1832 1690 1858 εἰπεῖν
1713 1831 1760 1858 ’τὸν
1785 1832 1863 1858 δίκαιε

1090 1875 1135 1902 τοῦ
1147 1876 1259 1910 ἀγαθοῦ,
1279 1876 1316 1911 μὴ
1327 1876 1464 1911 τρανῐυθὲν
1474 1876 1502 1902 δὲ
1515 1877 1580 1912 παρ’
1598 1876 1700 1909 αὐτοῖς,
1716 1877 1838 1912 οἰηθεῖσι
1848 1877 1863 1909 6t

1091 1930 1166 1948 καιον
1185 1921 1233 1956 μὲν
1245 1919 1313 1948 εἶναι
1327 1921 1373 1959 τὸν
1389 1921 1567 1957 δημιουργὸν,
1591 1921 1692 1955 ἀγαθὸν
1715 1922 1746 1948 δὲ
1770 1923 1821 1949 τὸν
1844 1931 1863 1949 τη

1090 1967 1209 2002 Χριστοῦ
1220 1967 1340 2003 Πατέρα,
1358 1965 1433 2002 οἶμαι
1448 1968 1506 2002 μετ’
1523 1966 1674 1999 ἐξετάσεως
1691 1967 1748 2003 (47)
1763 1968 1863 2004 ἀκριὸᾱ

1092 2012 1253 2048 βασανισθὲν
1269 2012 1398 2039 δύνασθαι
1413 2013 1539 2047 λέγεσθαι
1567 2014 1612 2039 ἐπὶ
1638 2013 1686 2040 τοῦ
1705 2014 1823 2050 Ila-cpe;
1843 2022 1863 2040 κε

1091 2058 1137 2084 τοῦ
1152 2058 1232 2084 Υῑοῦ·
1248 2058 1294 2085 τοῦ
1313 2059 1361 2094 μὲν
1376 2058 1439 2085 Υίοῦ
1454 2059 1632 2094 τυγχάνοντος
1646 2059 1846 2096 δικαιοσύνης,
1862 2070 1863 2084 ι

1092 2104 1186 2132 ἐλαϐεν
1199 2105 1322 2138 ἐξουσίαν
1336 2106 1424 2141 κρίσιν
1442 2108 1527 2132 ποιεῖν
1537 2126 1544 2138 ,
1563 2106 1623 2132 ’Ότι
1643 2106 1711 2140 Υιὸς
1727 2107 1863 2142 tit-011mm

1092 2151 1168 2184 ἐστὶ,
1183 2151 1233 2178 καὶ
1243 2151 1340 2186 κρινεῖ
1352 2152 1409 2186 τὴν
1427 2152 1607 2187 οἰκουμένην
1628 2152 1664 2180 ἐν
1684 2153 1863 2187 δικαιοσύνῃ

1092 2195 1139 2221 τοῦ
1154 2195 1182 2221 δὲ
1196 2195 1302 2232 Πατρὸς
1317 2196 1381 2228 τοὺς
1391 2197 1420 2223 ὲν
1439 2199 1471 2233 τῇ
1487 2197 1645 2234 δικαιοσύνῃ
1664 2197 1714 2224 τοῦ
1736 2199 1809 2226 Υίοῦ
1832 2207 1863 2226 πα

1092 2240 1234 2273 δευθέντας
1252 2242 1321 2277 μετά
1332 2242 1380 2278 τὴν
1388 2243 1505 2279 Χριστοῦ
1518 2243 1654 2278 βασιλείαν
1664 2244 1863 2280 εὐεργετοῦντς

1092 2286 1141 2321 τὴν
1174 2287 1286 2322 ἀγαθὸς
1306 2289 1490 2324 προσηγορίαν
1504 2289 1594 2325 ἔργοις
1607 2290 1755 2323 δείξοντος,
1768 2292 1839 2318 ὅταν
1854 2301 1863 2326 1

1094 2340 1172 2366 νηται
1187 2333 1200 2358 ὁ
1214 2333 1279 2364 Θεὸς
1293 2333 1327 2359 τὰ
1342 2334 1430 2360 πάντα
1441 2335 1473 2366 ἐν
1486 2335 1562 2360 πᾶσι.
1582 2334 1638 2360 Καὶ
1653 2335 1727 2370 τάχα
1749 2337 1787 2372 τῇ
1813 2336 1863 2363 αὐτ

1094 2377 1250 2415 δικαιοσύνῃ
1271 2379 1284 2404 ὁ
1302 2379 1396 2415 Σωτὴρ
1413 2379 1567 2416 εὐτρεπίζει
1587 2380 1620 2407 τὰ
1651 2381 1761 2413 πάντα,
1789 2389 1863 2417 καιρι

1095 2423 1267 2459 ἐπιτηδείοις,
1283 2425 1329 2450 καὶ
1340 2425 1421 2461 λόγῳ,
1443 2426 1490 2452 καὶ
1510 2426 1596 2459 τάξει,
1611 2426 1659 2453 καὶ
1676 2427 1817 2454 κολάσεσι
1830 2447 1838 2459 ,
1853 2436 1863 2453 ι

1095 2471 1162 2503 τοῖς,
1177 2470 1210 2496 ἵν’
1226 2469 1312 2501 οὕτως
1331 2470 1415 2503 εἴπω,
1436 2473 1629 2506 πνευματικοῖς
1648 2472 1735 2499 αὑτοῦ
1759 2473 1863 2508 ἱατρικι

1098 2515 1180 2551 βοηθὴ
1186 2523 1262 2550 μασι,
1276 2515 1343 2551 πρὸς
1355 2516 1384 2542 τὸ
1397 2516 1521 2552 χωρῆσαι
1532 2518 1577 2543 ἐπὶ
1585 2518 1656 2544 τέλει
1668 2518 1720 2553 τὴν
1733 2518 1863 2552 ἁγαοότη

1097 2561 1143 2588 τοῦ
1159 2561 1275 2596 Πατρὸς,
1288 2562 1383 2597 ἥντινα
1407 2563 1505 2598 νοήσας
1521 2563 1590 2598 πρὸς
1610 2563 1656 2590 τὸν
1680 2564 1835 2599 Μονογενῆ
1859 2563 1863 2588 i

295 2646 317 2662 ’ν
333 2646 340 2673 Ι
357 2646 421 2673 Cor.
438 2654 456 2676 ι,
470 2645 515 2678 50,
552 2646 576 2662 ¹⁸
591 2646 671 2673 ilehr.
688 2654 717 2679 ιι,
737 2646 778 2672 ll.
817 2645 838 2660 '°
856 2644 935 2679 Ilehr.
953 2651 989 2676 Iv,
1007 2643 1041 2670 lii

1091 2643 1123 2670 οι
1139 2644 1201 2671 Cor.
1216 2650 1235 2675 ι,
1254 2641 1298 2671 50.
1336 2644 1358 2660 ³¹
1370 2643 1450 2672 Joau.
1466 2645 1570 2677 vu,18.
1608 2645 1630 2660 ³²
1647 2645 1736 2679 Apoc.
1754 2652 1820 2676 xvi,
1833 2644 1859 2672 5.

260 2681 283 2698 ³³
299 2681 376 2708 Joau.
392 2689 417 2714 v,
429 2681 475 2709 27.
515 2681 537 2698 "
554 2681 623 2708 Psal.
641 2689 720 2712 xcvu.
734 2681 761 2708 9.
799 2680 821 2695 ³⁵
836 2680 844 2707 1
857 2678 921 2707 Cor.
943 2687 987 2711 xv,
1004 2679 1048 2705 26.

296 2749 352 2784 (46)
373 2749 408 2776 Τὸ
420 2750 454 2777 δὲ
465 2750 481 2778 ὃ
498 2749 537 2785 ἦν
548 2751 587 2778 ἂν
599 2751 680 2784 τούς,
695 2755 747 2777 etc.
760 2748 915 2784 Legendum
932 2747 1048 2774 fortasse

255 2785 287 2811 τὸ
301 2785 333 2820 δὲ
349 2785 462 2820 κινῇσαν
478 2787 551 2818 τοὺς,
568 2791 620 2812 etc.

295 2819 351 2854 (47)
372 2815 457 2855 Οηιαι
471 2815 721 2854 ιιετ“’ἓξετάσεως.
735 2819 813 2847 Deest
832 2815 908 2853 οἶμαι
924 2817 949 2845 in
967 2821 1041 2845 textu

1103 2746 1201 2781 Itur-lii,
1221 2746 1268 2773 sed
1282 2746 1346 2774 illud
1366 2750 1562 2781 repraesentant
1583 2745 1699 2773 codices
1728 2745 1863 2775 Bodleian

1101 2786 1128 2809 ct
1141 2780 1314 2808 Darbcriuus.
