1870 3046
27 139 58 168 93
557 137 736 167 COMMENT.
756 138 790 166 IN
809 137 904 166 ιοειΝ.
926 137 1047 167 TOMUS
1065 138 1083 166 I.
1614 141 1651 170 95

28 205 109 230 γοντα,
122 195 290 223 Διδάσκαλε
305 195 413 232 ἀγαθὼ
431 195 509 231 φησὶ,
524 196 560 224 Tt.
567 205 606 232 με
624 197 723 233 λέγεις
736 197 793 232 ἀγα

880 197 924 225 ine
936 217 943 230 ,
959 201 986 224 et
1002 197 1190 232 punitioulbus
1203 216 1212 231 ,
1230 200 1258 226 et
1273 197 1460 234 spiritualibus
1472 218 1479 231 ,
1501 203 1530 225 ut
1555 199 1591 227 ita
1606 199 1648 228 lo-

28 244 89 274 θόν;
105 242 207 276 οὐδεὶς
226 242 338 278 ἀγαθὸς
352 243 379 270 ει
392 242 436 278 μὴ
453 240 507 277 εἷς,
531 245 548 271 ὁ
574 243 646 277 Θεὸς
663 245 680 270 ὁ
694 243 805 278 Πατήρ.

26 290 58 316 Τὸ
70 289 90 315 δ’
104 290 193 325 ὅμοιον
207 290 236 316 ἐν
250 290 353 325 ἑτέροις
370 289 521 325 ἐδείξαμεν,
543 291 590 317 καὶ
610 291 656 317 ἐπὶ
672 290 719 317 τοῦ
748 290 808 326 μεί-

26 335 84 368 ζονά
97 344 154 362 τινα
163 333 232 362 εἶναι
243 335 290 362 τοῦ
302 335 480 371 δημιουργοῦ,
489 336 654 372 δημιουργὸν
664 336 714 372 μὲν
727 337 808 364 ὲκλα-

25 382 108 413 δόντες
118 381 163 408 τὸν
173 381 302 417 Χριστὸν,
317 381 428 417 μείζονα
451 382 479 409 δὲ
501 383 596 410 τούτου
617 383 662 410 τὸν
685 385 807 421 Πατέρα.

30 426 98 453 Ἐπεὶ
112 426 142 462 δὴ
158 428 173 454 ὁ
186 427 220 454 τὰ
238 427 358 455 τοσαῦτα
373 428 516 464 τυγχάνων
530 449 536 460 ,
557 429 571 455 ὁ
587 430 776 466 παράκλητος,
794 432 808 458 ὁ

24 473 136 508 ιλασμὸς,
153 473 184 500 τὸ
197 474 364 510 ἱλαστήριον,
383 475 565 511 συμπαθήσας
578 478 638 508 ταῖς
655 476 809 508 ἀσθενείαις

23 519 104 554 ἡμῶν,
115 519 153 555 τῷ
176 521 358 556 πεπειρᾶσθαι
384 521 454 548 κατὰ
479 522 569 548 πάντα
592 522 626 549 τὰ
650 521 808 559 ἀνθρώπινα

23 565 79 591 καθ’
95 565 240 602 ὁμοιότητα
252 566 337 601 χωρὶς
346 566 499 602 ἁμαρτίας,
519 567 606 602 μέγας
622 568 697 594 ἐστὶν
715 568 808 604 ἀρχιε-

23 611 90 645 ρεὺς,
100 611 148 646 οὺχ
160 611 231 647 ὑπὲρ
242 611 393 648 ἀνθρώπιον
416 612 505 647 μόνων
515 632 522 644 ,
550 612 618 639 ἀλλὰ
636 613 684 640 καὶ
707 614 808 646 παντὸς

22 655 123 690 λογικοῦ
137 676 144 689 ,
169 656 219 693 τὴν
235 657 308 691 ἅπαξ
331 657 428 685 θυσίαν
456 659 683 695 προσενεχθεῖσαν
712 660 807 687 ἑαυτὸν

21 702 182 736 ἀνενεγκώνο
204 702 298 738 Χωρὶς
314 703 369 739 γὰρ
389 703 466 731 Θεοῦ
486 703 564 738 ὑπὲρ
589 705 703 738 παντὸς
725 705 809 741 ἐγεύ-

21 755 90 774 σατο
112 747 241 775 θανάτου
258 747 344 784 (ὅπερ
359 748 388 775 ἔν
408 757 463 776 τισι
480 749 568 776 κεῖται
590 749 646 786 (48)
666 751 725 782 τοῖς
739 750 808 786 πρὸς

24 792 160 829 Ἐϐραίους
174 794 379 830 ἀντιγράφοις),
397 795 495 829 χάριτι
508 795 583 822 Θεοῦ
592 804 600 811 ο
615 795 670 822 εἴτε
681 795 709 822 δὲ
723 796 808 832 χωρὶς

21 839 81 866 Θεοῦ
97 840 166 877 ὑπὲρ
180 841 281 873 παντὸς
293 841 423 876 ἐγεύσατο
443 841 558 869 θανάτου
570 862 578 875 ,
591 842 621 868 οὺ
641 842 720 878 μόνον
734 842 805 878 ὑπὲρ

21 884 163 920 Ξνθρώπων
177 885 322 918 ἀπέθανεν,
338 885 407 912 ἀλλὰ
423 886 471 913 καὶ
483 887 555 922 ὑπὲρ
568 887 622 914 τῶν
640 876 742 915 λοιπῶν
762 876 806 915 λό-
820 876 844 904 Β

21 931 112 964 γιιιῶν·
130 931 186 958 εἴτε
202 932 294 968 χάριτι
307 931 375 959 Θεοῦ
392 932 524 967 ἐγεύσατο
542 932 590 960 τοῦ
612 934 682 969 ὑπὲρ
704 934 805 968 παντὸς

21 976 135 1010 ὶανάτου,
150 978 222 1014 ὑπὲρ
233 978 342 1006 πάντων
358 979 444 1015 χωρὶς
460 979 528 1007 Θεοῦ
554 980 674 1008 ἀπέθανε
684 988 691 996 ”
714 981 806 1017 χάριτι

21 1023 63 1058 γὰρ
76 1023 143 1050 Θεοῦ
156 1024 228 1060 ὑπὲρ
241 1024 342 1057 παντὸς
365 1025 497 1060 ἐγεύσατο
520 1025 653 1053 θανάτου’
680 1026 727 1053 καὶ
750 1026 806 1063 γὰρ

21 1069 108 1096 ἱτοπον
125 1070 198 1105 ὑπὲρ
208 1070 387 1107 ἀνθρωπίνων
409 1072 460 1107 μὲν
475 1071 556 1100 αὐτὸν
578 1072 693 1107 φάσκειν
713 1073 805 1109 ἁμαρ-

21 1115 138 1148 τημάτων
163 1115 311 1149 γεγεῦσθαι
338 1116 394 1151 (49)
420 1116 535 1144 θανάτου
549 1136 557 1149 ,
579 1117 630 1144 οὐκ
651 1117 692 1144 ἔτι
714 1118 806 1145 δὲκαὶ

21 1159 79 1195 ὖπὲρ
92 1159 174 1187 ἄλλου
187 1161 260 1193 τινὸς
271 1162 347 1198 παρὰ
359 1162 405 1189 τὸν
418 1162 562 1198 ἄνθρωπον
576 1164 605 1190 ὲν
624 1164 806 1200 ἁμαρτήμασι

21 1213 107 1242 ζεγενη
111 1207 194 1242 μένου
203 1215 210 1222 ⁸
220 1204 276 1234 οἷον
286 1208 357 1244 ὑπὲρ
368 1208 476 1244 ἄστρων
482 1208 549 1244 (50)·
561 1209 622 1236 οὐδὲ
633 1209 688 1236 τῶν
698 1210 806 1246 ἄστρων

21 1251 117 1284 τάντως
133 1252 265 1289 καθαρῶν
278 1253 361 1280 ὄντων
375 1253 492 1281 ἐνώπιον
507 1254 554 1281 τοῦ
569 1255 647 1287 Θεοῦ,
670 1255 708 1287 ὠς
722 1256 753 1282 ὲν
766 1255 806 1291 τῷ

21 1294 73 1320 ¹1ὼ6
87 1296 250 1332 ἀνέγνωμεν
262 1305 269 1312 ·
293 1298 408 1332 Ἀστρα
424 1298 458 1325 δὲ
481 1300 518 1326 οὐ
544 1299 659 1334 καθαρὰ
676 1300 806 1328 ἐνώπιον

21 1341 110 1375 κὺτοῦ,
124 1343 151 1368 ει
175 1342 213 1378 μὴ
231 1343 285 1379 ἄρα
302 1343 487 1379 ὑπερϐολικῶς
513 1344 593 1372 τοῦτο
608 1346 726 1382 εἴρηται.
755 1347 805 1375 Διὰ

21 1387 84 1414 οῦτο
100 1389 191 1424 μέγας
204 1390 278 1417 ἐστὶν
290 1390 445 1427 ἀρχιερεὺς,
461 1391 611 1428 ἐπειδήπερ
634 1393 722 1421 πάντα
738 1394 806 1421 ἀπο-

21 1433 154 1470 ιαθίστησι
166 1436 202 1470 τῇ
214 1435 260 1462 τοῦ
274 1436 380 1472 Πατρὸς
394 1436 527 1473 βασιλείᾳ,
552 1438 703 1474 οἰκονομῶν
725 1439 759 1466 τὰ
775 1441 804 1468 ὲν

21 1480 112 1516 κάστῳ
127 1480 187 1509 τῶν
205 1482 327 1517 γενητῶν
350 1482 446 1518 ἐλλιπῆ
465 1484 717 1520 ἀναπληρωθῆναι,
734 1486 804 1522 πρὸς

21 1525 34 1551 ὺ
43 1526 173 1583 χωρῆσαι
186 1526 265 1583 δόξαν
277 1529 426 1583 πατρικήνὶ
439 1527 523 1562 οὗτος
537 1531 552 1556 ὁ
567 1531 713 1567 ἀρχιερεὺς
732 1532 803 1559 κατά
815 1553 837 1583 c

22 1580 63 1598 ινα
77 1572 182 1609 ἑτέραν
193 1573 268 1609 παρὰ
282 1573 317 1600 τὰ
329 1574 461 1610 εἰρημένα
476 1575 597 1602 ἐπίνοιαν
621 1576 720 1609 Ἰούδας
744 1578 802 1605 ὀνο-

21 1618 132 1652 άζεται,
151 1620 198 1646 ἵνα
212 1620 236 1646 oi
248 1622 276 1647 ἐν
287 1621 401 1656 κρυπτῷ
422 1621 544 1649 Ἰουδαῖοι
561 1623 598 1658 μὴ
610 1623 664 1650 ἀπὸ
677 1623 723 1650 τοῦ
735 1624 800 1651 Υίοῦ

21 1664 105 1692 [ακὼϐ
127 1666 218 1693 Ἰούδα
232 1666 353 1693 Ἰουδαῖοι
368 1668 584 1703 χρηματίζωσιν,
597 1669 664 1696 ἀλλὰ
674 1670 728 1696 ἀπὸ
739 1670 802 1697 τού-

21 1719 57 1744 w,
72 1713 153 1745 ὅντες
170 1713 255 1739 αὐτοῦ
270 1713 391 1748 ἀδελφοὶ,
407 1713 455 1740 καὶ
471 1714 610 1746 αἰνοῦντες
621 1715 712 1748 αὑτὸν,
728 1717 802 1744 ἀντι-

21 1757 208 1794 ιμὸανόμενοι
219 1760 268 1796 τῆς
280 1760 437 1797 ἐλευθερίας
448 1781 455 1793 ,
469 1761 502 1797 ἣν
526 1762 730 1799 ἐλευθεροῦνται
753 1765 800 1791 ὑπ’

21 1803 93 1836 ὗτοῦ,
111 1805 264 1841 ῥυσθέντες
279 1806 333 1834 ἀπὸ
345 1807 399 1833 τῶν
414 1806 519 1842 ἐχθρῶν
535 1808 631 1841 αὐτοῦ,
646 1808 696 1841 τὰς
707 1811 802 1845 χεῖρας

21 1849 80 1876 ἱστοῦ
94 1850 137 1886 τῷ
154 1850 235 1886 νώτῳ
248 1852 337 1878 αὐτῶν
352 1852 536 1886 ἐπιτιθέντος,
551 1855 598 1880 καὶ
618 1855 802 1889 ὑποτάξαντος

21 1896 107 1928 ὒτούς.
129 1897 216 1924 Ἀλλὰ
231 1898 278 1924 καὶ
294 1898 441 1934 τιτερνίσας
450 1899 500 1935 τὴν
515 1899 706 1936 ἀντικειμένην
724 1902 800 1938 ἐνέρ-

21 1951 83 1976 ῖιαν,
103 1944 194 1980 μόνος
205 1953 234 1970 τε
247 1943 318 1980 ὁρῶν
332 1944 378 1971 τὸν
390 1945 509 1981 Πατέρα,
524 1946 571 1973 καὶ
587 1947 631 1973 ὅτε
658 1948 801 1984 ἄνθρωπος

21 1989 162 2026 εγένηται,
188 1990 285 2017 Ἰακώϐ
298 1992 357 2018 ἐστι
369 1992 417 2018 καὶ
434 1992 557 2028 Ἰσραὴλ,
581 1994 628 2028 ἀφ’
638 1990 686 2026 οὗ,
706 1995 800 2032 ὥσπερ

21 2036 132 2072 ινόμεθα
151 2036 224 2072 φῶς,
242 2038 330 2072 φωτὸς
351 2038 427 2071 ὄντος
440 2039 487 2066 τοῦ
505 2040 623 2075 κόσμου,
644 2041 730 2074 οὓτως
746 2043 798 2069 Ἰα-

21 2082 63 2115 b6,
77 2084 258 2119 καλουμένου
278 2083 385 2118 Ἰακὼϐ,
403 2085 449 2112 καὶ
464 2086 582 2122 Ἰσραὴλ,
599 2087 800 2124 ὀνομαζομένου

21 2130 121 2167 σραήλ.

858 250 938 278 quar.
957 243 1067 271 auxiliis
1083 243 1140 271 suis
1165 243 1373 271 medicinalibus
1391 245 1424 271 ad
1440 245 1601 279 capiendum
1619 247 1646 273 in

859 289 912 317 line
930 289 1020 317 Patris
1033 290 1193 317 bonitatem.
1209 289 1292 324 Cujus
1308 290 1362 317 vim
1377 291 1461 324 probe
1476 296 1571 319 tenens
1585 292 1650 319 Ser—

858 341 939 363 vator
953 335 993 363 illi
1019 336 1064 371 qui
1089 335 1141 363 sibi
1157 334 1303 371 Unigenito
1317 336 1426 363 dicebat
1443 335 1476 367 ‘°,
1498 335 1649 372 Prmceptor

859 382 936 413 bone,
955 380 1011 409 Cur
1041 389 1094 414 me,
1116 382 1216 417 inquit,
1230 381 1347 416 appellas
1367 381 1461 408 bonum
1474 382 1487 410 Ρ
1501 380 1586 408 Nemo
1601 383 1648 409 bo-

858 436 908 455 nus
923 428 976 455 nisi
994 436 1073 462 unus,
1088 435 1187 463 nempe
1211 427 1258 455 ille
1283 427 1364 460 Deus,
1380 427 1425 455 ille
1446 427 1537 455 Pater.
1553 427 1649 455 Simile

857 481 924 501 vero
940 474 1022 507 etiam
1047 474 1073 501 in
1098 473 1160 501 aliis
1177 473 1362 506 ostendimus,
1380 477 1435 507 tum
1451 481 1516 501 vero
1530 474 1649 502 maxime

858 519 886 547 in
901 520 953 547 hoc
970 519 1043 555 quod
1067 519 1162 546 dicttnt
1181 518 1312 553 majorem
1337 526 1398 547 esse
1421 518 1538 553 aliquem
1555 520 1647 547 mundi

858 565 980 600 Opifice,
1006 572 1053 600 per
1067 565 1159 592 mundi
1186 565 1318 600 Opilicem
1342 564 1554 598 interpretantes
1567 564 1648 592 Chri-

857 615 928 639 stutn
943 630 952 644 ,
973 617 1023 646 per
1048 611 1100 638 hoc
1115 617 1181 638 vero
1194 610 1327 644 majorem
1349 609 1472 637 Patrem.
1500 608 1550 637 Hic
1559 605 1648 644 igitur

857 657 903 692 qui
923 661 962 684 tot
983 656 1139 684 nominibus
1165 660 1348 691 nuncupatur,
1366 655 1534 688 advocatus,
1550 655 1646 690 propi-

859 703 955 736 tiatio,
983 702 1204 738 propitiatorium
1219 722 1227 735 ,
1252 708 1413 736 compassus
1439 701 1648 729 infirmitatibus

858 749 970 781 nostris,
987 753 1107 777 tentatus
1118 749 1145 776 in
1163 748 1291 776 omnibus
1311 747 1438 776 humanis
1458 747 1535 781 juxta
1550 747 1649 775 simili-

858 797 978 824 tudinem
995 797 1053 824 sine
1068 800 1181 831 peccato
1196 795 1230 828 ",
1254 802 1370 830 magnus
1386 800 1428 823 est
1439 795 1576 828 Pontifex,
1593 803 1647 823 non

858 842 940 870 modo
950 849 1004 877 pro
1018 842 1184 874 hominibus,
1203 841 1250 869 sed
1266 842 1347 868 etiam
1364 848 1412 876 pro
1427 842 1500 869 omni
1514 841 1588 876 quod
1603 849 1647 869 ra-

858 889 941 916 tionis
963 893 1003 916 est
1028 896 1125 923 capax,
1151 887 1268 915 hostiam
1284 887 1369 915 semel
1389 888 1509 915 oblatam
1524 888 1647 924 scipsum

856 933 973 961 oﬂ‘erens
995 943 1002 961 :
1019 933 1084 962 Sine
1106 933 1161 960 Deo
1184 932 1269 965 enim,
1290 932 1332 960 vel
1352 940 1399 968 per
1412 935 1526 968 gratiam
1542 933 1591 961 Dei
1607 933 1648 969 (ut.

856 980 884 1008 in
899 979 1062 1016 quibusdam
1086 979 1290 1014 exemplaribus
1312 979 1441 1014 Epistola:
1462 979 1496 1007 ad
1514 979 1644 1009 Hebralos

856 1025 990 1062 ponitur),
1005 1033 1052 1060 pro
1067 1026 1137 1052 omni
1148 1025 1381 1060 guttavitmortem
1391 1025 1413 1041 ³⁸
1430 1033 1438 1051 :
1454 1025 1501 1052 sed
1514 1025 1572 1053 sive
1588 1026 1648 1054 sine

857 1072 913 1100 Deo
929 1079 980 1107 pro
1005 1071 1078 1098 omni
1105 1071 1226 1106 gustavit
1242 1077 1356 1098 mortem
1370 1090 1378 1102 ,
1404 1070 1458 1106 42
1480 1078 1532 1098 ιιοη
1558 1070 1646 1098 solum

856 1125 905 1153 pro
924 1116 1081 1145 hominibus
1102 1120 1226 1143 mortuus
1249 1121 1301 1148 εει,
1322 1123 1417 1143 verum
1433 1117 1514 1143 etiam
1529 1123 1579 1152 pro
1594 1124 1648 1143 ca:-

857 1164 924 1193 teris
941 1163 1058 1191 rationis
1072 1162 1218 1197 capacibus
1237 1172 1243 1190 :
1260 1162 1318 1189 sive
1332 1169 1381 1197 per
1403 1162 1519 1197 gratiam
1534 1163 1580 1190 Dei
1597 1170 1648 1197 pro

855 1210 931 1239 omni
946 1209 1065 1245 gustavit
1078 1213 1204 1241 mortem,
1224 1215 1273 1244 pro
1289 1207 1415 1235 omnibus
1429 1209 1489 1236 sine
1506 1209 1559 1236 Deo
1571 1216 1646 1236 mor-

857 1262 920 1285 tuus
935 1261 998 1284 est:
1014 1263 1063 1290 per
1077 1255 1194 1290 gratiam
1212 1263 1330 1290 namque
1357 1255 1403 1282 Dei
1428 1262 1478 1289 pro
1499 1255 1574 1282 omni
1599 1263 1648 1289 gu-

856 1302 943 1331 stavit
956 1306 1073 1330 mortem
1088 1301 1210 1328 :etenim
1237 1301 1383 1329 absurdum
1402 1307 1444 1329 est
1461 1309 1510 1336 pro
1527 1302 1647 1336 peccatis

854 1347 967 1383 quidem
989 1347 1116 1375 humanis
1131 1347 1224 1374 dicere
1237 1354 1298 1375 eum
1313 1353 1428 1375 mortem
1440 1351 1572 1382 gustasse.
1591 1357 1645 1377 non

856 1395 893 1422 ita
911 1401 976 1421 vero
998 1400 1048 1429 pro
1070 1393 1284 1428 quibuscunquc
1311 1393 1392 1420 etiam
1411 1392 1472 1420 aliis
1485 1393 1531 1427 qui
1548 1397 1646 1428 praeter

855 1440 992 1468 hominem
1008 1440 1034 1466 in
1049 1439 1168 1474 peccatis
1180 1439 1367 1472 essent,verhi
1382 1439 1469 1474 gratia
1484 1447 1533 1474 pro
1551 1440 1644 1470 astris.

854 1486 983 1514 nimirum
1010 1491 1098 1520 neque
1123 1485 1205 1512 astris
1231 1484 1346 1512 omnino
1369 1491 1462 1512 coram
1493 1484 1547 1512 Deo
1569 1485 1646 1519 puris

860 1532 1069 1565 exsistentibus,
1079 1531 1164 1560 veluti
1177 1531 1290 1566 legimus
1305 1531 1375 1567 apud
1390 1531 1442 1559 Job
1454 1531 1496 1559 ":
1513 1532 1589 1559 Aura
1600 1541 1646 1558 au-

854 1585 906 1607 tem
928 1587 979 1607 non
999 1584 1059 1606 sum
1083 1579 1182 1606 munda
1201 1578 1228 1605 in
1244 1583 1383 1613 conspectu
1405 1579 1481 1613 ejus,
1503 1578 1557 1605 nisi
1576 1578 1646 1606 forte

855 1626 906 1654 hoc
926 1625 1101 1661 hyperbolice
1120 1624 1223 1652 dictum
1238 1629 1292 1652 est.
1309 1623 1350 1652 0b
1372 1631 1432 1652 eam
1447 1631 1561 1651 causam
1587 1632 1646 1651 ma-

855 1680 924 1707 gnus
940 1676 982 1699 est
999 1670 1136 1702 Pontifex,
1150 1669 1279 1704 quoniam
1295 1677 1379 1704 regno
1392 1669 1483 1697 Patris
1493 1669 1584 1697 omnia
1600 1677 1644 1697 re-

854 1718 952 1751 stituit,
971 1717 1073 1745 faciens
1087 1724 1119 1743 ea
1132 1715 1229 1751 repleri
1251 1723 1311 1750 qua:
1336 1717 1362 1743 in
1386 1723 1550 1751 unoquoque
1571 1723 1645 1744 mor-

857 1764 949 1791 talium
973 1763 1081 1794 desunt,
1097 1766 1126 1788 ut
1139 1761 1248 1796 capiant
1266 1766 1407 1797 paternam
1425 1762 1552 1797 gloriam.
1569 1762 1644 1789 Sane

854 1810 898 1837 hic
915 1816 1028 1843 magnus
1048 1807 1172 1834 Pontifex
1186 1806 1263 1841 juxta
1294 1807 1376 1834 aliam
1396 1808 1643 1836 considerationem

852 1855 937 1883 ludas
952 1858 1075 1886 vocatur,
1091 1857 1120 1880 ut
1133 1853 1179 1887 qui
1193 1853 1220 1879 in
1236 1852 1343 1880 occulto
1357 1857 1421 1880 sunt
1435 1852 1521 1880 Judtei
1538 1852 1572 1886 ‘°,
1589 1861 1642 1880 non

853 1909 868 1928 a
884 1899 954 1928 Juda
969 1899 1054 1928 Jacob
1067 1899 1123 1926 tilio
1140 1898 1327 1931 nominentur,
1341 1899 1388 1926 sed
1400 1898 1435 1925 ab
1448 1898 1510 1931 hoc,
1525 1898 1644 1926 existen-

853 1952 894 1975 tes
909 1947 994 1982 ipsius
1013 1946 1115 1973 fratres
1127 1964 1134 1978 ,
1158 1950 1186 1973 et
1200 1944 1343 1972 laudantes
1358 1952 1421 1972 cttm
1436 1944 1469 1978 “,
1488 1944 1642 1979 adipiscen-

854 1997 895 2020 tes
920 1993 1085 2023 libertatem,
1107 1998 1160 2025 qua
1182 1990 1333 2018 liberantur
1348 1990 1382 2018 ab
1404 1992 1475 2024 ipso,
1489 1996 1516 2019 et
1531 1991 1642 2019 liberati

853 2040 889 2067 ab
905 2038 1030 2067 hostibus
1042 2037 1110 2069 suis.
1136 2037 1195 2071 ipso
1210 2036 1316 2064 scilicet
1331 2045 1429 2065 manus
1452 2045 1517 2066 suas
1540 2039 1567 2065 in
1582 2038 1642 2065 illo-

854 2093 914 2114 rum
927 2086 1034 2113 dorsum
1047 2085 1201 2119 imponeutc
1216 2089 1244 2111 et
1257 2084 1420 2119 subjicicute
1434 2085 1642 2120 ipsos.Prmter-

855 2141 887 2162 ea
903 2140 965 2160 cum
992 2129 1209 2166 supplantaverit
1225 2131 1360 2158 actionem
1375 2132 1539 2166 Oppositum,
1552 2137 1579 2160 ct
1596 2139 1641 2160 so-

21 2185 34 2204 s
48 2177 148 2205 videat
164 2177 276 2204 Patrem
296 2177 388 2212 (etiam
404 2179 514 2213 quando
528 2179 609 2207 homo
625 2179 713 2209 factus
724 2182 789 2217 est),
807 2181 891 2210 Jacob
906 2182 948 2207 est
971 2182 1000 2206 et
1024 2177 1120 2210 lsrael,
1141 2185 1156 2205 a
1178 2184 1231 2212 quo
1245 2182 1340 2204 vocato
1354 2176 1437 2206 Jacob
1451 2183 1478 2205 et
1493 2177 1588 2211 lsrael,
1605 2178 1641 2206 ita

21 2232 129 2252 reamur
145 2224 233 2253 etiam
248 2232 298 2252 nos
313 2224 399 2253 Iacob
411 2230 437 2252 et
450 2225 544 2258 lsrael,
560 2231 590 2253 ut
603 2228 637 2254 ab
655 2227 723 2262 ipso,
741 2230 788 2263 qui
801 2234 843 2257 est
858 2228 904 2255 lux
921 2226 1025 2258 mundi,
1038 2225 1082 2252 lux
1100 2225 1182 2252 etiam
1199 2231 1396 2259 nuncupamur.

24 2272 70 2298 41.
98 2272 186 2299 Ἐπεὶ
199 2271 227 2298 δὲ
243 2272 453 2308 παραλαμσάνει
469 2273 518 2308 τὴν
536 2273 674 2309 βασιλείαν
688 2275 742 2302 ἀπὺ
754 2276 793 2311 βα-

888 2275 933 2302 ιΗ.
949 2273 1085 2307 Quoniam
1096 2276 1187 2298 autem
1201 2271 1300 2305 accipit
1312 2278 1425 2306 regnum
1441 2277 1455 2298 a
1474 2279 1548 2306 rege,
1559 2277 1641 2306 quem

21 2318 102 2351 λέως,
116 2318 150 2345 ὃν
167 2319 277 2349 ἑαυτοῖς
293 2318 471 2345 ἐϐασίλευσαν
489 2320 513 2346 οἱ
531 2320 585 2346 υἱοὶ
609 2321 718 2357 Ἰσραὴλ
730 2342 737 2354 ,
751 2324 799 2349 καὶ

35 2364 81 2391 διὰ
95 2363 151 2391 τοῦ
165 2363 237 2390 Θεοῦ
249 2363 380 2399 ἄρξαντες
396 2364 486 2395 αὐτὸν,
501 2364 548 2392 καὶ
564 2365 601 2401 μὴ
615 2367 798 2402 γνωρίσαντες

21 2409 27 2434 i
44 2409 120 2445 Θεῷ,
134 2408 277 2444 πολέμους
292 2417 324 2436 τε
335 2408 382 2435 τοῦ
396 2409 499 2445 Κυρίου
516 2409 642 2445 πολεμῶν
658 2412 798 2447 ἑτοιμάςει

21 2458 103 2492 >ήνην
118 2456 166 2491 τῷ
186 2455 238 2491 υἱῷ
247 2455 330 2482 αὑτοῦ
347 2455 413 2491 λαῷ,
430 2456 501 2492 τάχα
515 2457 544 2483 δὲ
556 2457 600 2484 διὰ
619 2457 698 2484 τοῦτο
718 2459 799 2486 Δαυῖδ

21 2501 237 2538 νοσαγορεύεται
248 2510 255 2516 ·
273 2502 320 2529 καὶ
337 2503 405 2538 μετὰ
413 2502 500 2530 ταῦτα
511 2503 618 2539 ῥάϐδος,
632 2505 690 2536 τοῖς
706 2505 799 2541 δεομέ-

852 2321 903 2348 sibi
920 2320 1100 2355 praafecerant
1116 2318 1163 2346 filii
1179 2318 1272 2350 lsrael,
1285 2318 1386 2352 cuique
1412 2318 1570 2352 imperium,
1586 2317 1641 2345 Deo

852 2367 1010 2401 neutiquam
1026 2369 1174 2396 annttcnte,
1193 2364 1362 2391 tradiderant
1376 2384 1382 2396 ,
1399 2371 1487 2398 neque
1505 2364 1558 2390 Deo
1572 2371 1640 2390 con-

852 2414 1029 2445 ciliaverant;
1055 2415 1082 2438 et
1106 2411 1234 2444 quoniam
1256 2410 1326 2437 bella
1351 2403 1456 2437 Domini
1471 2417 1570 2444 gerens
1584 2410 1641 2438 filio

852 2467 901 2487 suo
916 2460 1024 2493 (nempe
1040 2456 1150 2492 populo)
1165 2463 1257 2490 pacem
1272 2461 1422 2491 comparat,
1436 2456 1562 2484 fortassis
1570 2457 1642 2484 hanc

851 2506 886 2533 ob
911 2512 1021 2532 causam
1037 2503 1122 2531 David
1145 2507 1259 2531 vocatur
1275 2512 1282 2530 :
1301 2503 1398 2531 deinde
1414 2503 1490 2539 virga
1507 2503 1529 2520 “
1558 2504 1642 2531 nimi-

21 2561 41 2575 "
55 2560 245 2597 MitllIlLX‘lX,
260 2558 304 2590 ἰθ,
318 2559 362 2597 17.
400 2560 422 2576 ³⁷
437 2560 520 2588 Hebr.
536 2569 574 2594 tv,
587 2562 632 2590 15.
659 2562 682 2578 ³⁸
701 2561 782 2590 Hebr.

902 2563 924 2578 "
937 2563 1003 2597 Cap.
1016 2570 1080 2596 xxv,
1096 2570 1167 2591 vers.
1182 2562 1210 2590 5.
1248 2562 1271 2577 ⁸⁸
1286 2561 1362 2589 Rom.
1376 2568 1407 2594 ιι,
1420 2560 1466 2589 29.
1499 2562 1520 2577 ⁸¹
1539 2560 1637 2589 Cenes.

23 2605 60 2627 rx,
77 2595 108 2622 8.
154 2594 182 2610 δ’
198 2594 251 2622 lsa.
265 2602 303 2626 ιι,
321 2595 347 2622 l.

21 2643 78 2675 [58)
98 2643 204 2675 Ὅπερ
215 2640 252 2667 ἓν
263 2648 323 2668 τισι
339 2641 505 2678 nteit/aufem.
522 2642 620 2678 [μεεεῆ
634 2643 713 2678 ὅπερ.
732 2643 793 2671 Ori-

21 2686 68 2704 nes
84 2678 166 2704 infra
183 2681 252 2703 tom.
264 2684 360 2704 xxvut.
381 2685 408 2703 n.
426 2677 470 2707 1⁸5,
482 2677 508 2704 in
524 2677 658 2708 latumst.
671 2677 716 2710 49,
731 2678 795 2708 50.:

21 2714 37 2739 :3.
55 2713 261 2749 συγχρῄσεται
279 2711 327 2746 τῷ,
348 2712 421 2749 ξπως
440 2712 542 2749 χάριτι,
559 2712 587 2748 ἢ,
617 2713 702 2749 χωρὶς
727 2713 795 2741 Θεοῦ

21 2750 53 2784 sp
72 2746 194 2784 παῦξιὺς
205 2746 333 2784 γεύσεται
350 2746 794 2784 Saverrio.Posterioremﬁquoque

21 2782 54 2810 ne
71 2783 237 2810 lectionem
257 2783 381 2818 sequitur
393 2783 556 2810 Ambrosius
573 2782 619 2810 lib.
637 2791 655 2809 ll
669 2783 708 2810 De
729 2782 791 2818 ﬁde,

25 2818 220 2847 Gratianum.
239 2825 299 2851 cap.
318 2817 344 2844 4.
359 2817 496 2845 Immerito
520 2817 602 2850 igitur
627 2818 794 2848 Nestorianis

21 2857 33 2881 ’ἰ
52 2855 147 2889 hujus
162 2852 392 2889 depravatiopem
412 2853 506 2880 tribuit
520 2853 631 2880 Graecus
649 2853 692 2880 ille
712 2854 792 2881 schn-

21 2896 79 2917 διεδ
94 2887 193 2924 quem
216 2887 307 2915 laudat
324 2887 404 2922 Beza,
423 2893 513 2923 utpote
544 2897 604 2924 quae
627 2889 682 2924 jam
713 2889 792 2925 longe

845 2649 908 2672 ante
920 2643 1077 2671 Nestorium
1089 2647 1221 2672 exstaret.
1235 2643 1366 2671 Hae-rtus.

882 2679 1134 2720 (4?)I‘ET_8170’0AGL.
1157 2678 1202 2720 Sic
1228 2680 1312 2720 codex
1343 2678 1637 2720 Bodleiannsmlflditio

846 2713 935 2742 Huetii
950 2733 958 2746 ,
978 2713 1138 2749 γεύσασθαι.
1174 2713 1235 2740 Mox
1259 2714 1330 2741 idem
1359 2714 1445 2741 codex
1467 2713 1633 2749 Bodleianus

845 2755 921 2777 recte
937 2749 1017 2785 habet
1029 2749 1105 2785 παρὰ
1114 2749 1160 2776 τὸν
1179 2748 1332 2785 ἄνθρωπον,
1354 2749 1423 2776 male
1442 2749 1524 2776 editio
1544 2748 1635 2778 Huetii

844 2785 920 2820 παρὰ
931 2784 986 2820 τῶν
1001 2784 1163 2820 ἀνθρώπων.

879 2817 935 2855 (50)
950 2817 1020 2846 olor
1035 2817 1111 2854 ὑπὲρ
1129 2819 1259 2855 ἄστρων,
1270 2819 1297 2845 1η
1325 2818 1494 2853 Origenimn's
1519 2819 1633 2853 qumslio

843 2855 875 2883 dc
894 2854 981 2883 murta
998 2863 1011 2882 a
1028 2855 1139 2883 Christo
1155 2863 1203 2888 pro
1221 2854 1356 2881 sideribus
1373 2854 1445 2880 nhim
1473 2854 1629 2880 ventilatur.
