1870 3046
47 155 99 182 I05

599 148 777 180 COMMENT.
800 149 830 177 IN
850 147 949 176 .IOAN.
969 144 1089 175 Τοιιιιδ
1105 143 1137 174 II.

1621 144 1673 173 ιοιι

43 200 159 236 ἐγενήθη
179 200 247 236 πρὸς
267 201 355 236 Ὠσηὲ,
371 200 417 226 καὶ
444 200 458 225 6
478 198 556 233 λόγος
577 199 650 225 ἐστιν
664 200 678 224 6
691 197 831 232 γενόμενος

921 194 1009 221 :citate
1019 193 1091 219 "-33.
1109 202 1118 218 ι
1137 191 1276 226 Quomodo
1285 199 1350 226 ergo
1362 199 1452 220 sermo
1464 193 1570 221 Domini
1585 193 1673 221 factus

45 245 112 280 πρὸς
135 245 248 271 Ἡσαΐαν
277 244 332 270 υἱὸν
353 245 452 279 Ἀμώς,
474 244 521 271 καὶ
541 243 621 270 πάλιν
640 245 655 269 6
672 243 751 277 λόγος
769 243 837 278 7:96;

50 289 186 325 Ἰερεμίαν
204 290 268 324 περὶ
290 289 341 324 τῆς
362 289 502 325 ἀϐροχίας,
521 289 729 324 ὲπισκοπητέον,
746 289 778 315 ἵν’
800 288 838 319 ὡς

44 336 245 370 παρακείμενον
259 334 402 370 εὑρεθῆναι
416 335 516 370 δυνηθῇ
531 334 589 366 πῶς
600 335 614 361 6
628 335 713 369 Λόγος
728 332 762 370 ἦν
771 334 837 370 πρὸς

43 381 88 407 τὸν
107 382 186 408 Θεόν.
208 381 237 408 '0
252 381 302 416 μὲν
315 379 363 408 οὖν
386 381 469 413 πολὺς
492 381 674 417 ἁπλούστερον
691 381 838 416 ὲκλὴψεται

43 427 76 453 τὲ
93 427 160 462 περὶ
176 427 229 453 τῶν
247 427 394 462 προφητῶν
414 427 557 463 εἰρημένα,
572 427 610 459 ὡς
626 428 705 462 λόγου
723 427 836 463 Κυρίου,

42 473 58 507 ἢ
83 472 131 499 τοῦ
151 472 231 507 λόγου
247 473 392 508 γενομένου
413 473 480 509 πρὸς
497 473 604 505 αὐτούς.
621 474 734 510 Μήποτε
754 473 782 501 δὲ
800 473 837 505 ὣς

43 527 135 554 φαμεν
153 519 228 546 τόνδε
248 519 309 546 τινὰ
323 518 391 554 πρὸς
411 518 486 546 τόνδε
505 520 638 554 γίνεσθαι,
659 519 745 552 οὕτως
765 519 837 546 ὸνῦν

43 562 254 599 θεολογούμενος
270 563 334 595 Υῐδς
348 564 433 598 Λόγος
447 564 564 600 ἐγενήθη
581 564 650 600 πρὸς
670 563 759 600 Ὠσηὲ,
772 564 838 591 ἀπο-

43 609 153 641 σταλεὶς
169 609 221 635 ὑπὸ
243 608 290 636 τοῦ
305 609 411 644 Πατρός
432 609 499 646 πρὸς
520 610 610 636 αὐτόν·
628 610 697 636 κατὰ
715 610 763 645 μὲν
787 610 837 646 τὴν

43 653 167 691 ἱστορίαν
181 655 246 691 πρὴς
266 655 311 682 τὸν
328 656 386 682 υίδν
400 656 446 683 τοῦ
462 656 560 692 Βεηρεὶ
583 657 726 692 προφήτην
746 656 835 692 Ὠσηὲ,

45 701 116 728 κατὰ
134 701 162 728 δὲ
177 702 306 736 μυστικὸν
324 702 402 736 λόγον
421 702 489 738 πρὸς
509 702 553 728 τὸν
567 701 723 737 Σωζόμενον
740 702 837 738 (Ὠσηὲ

43 746 96 782 γὰρ
120 747 301 783 ἑρμηνεύεται
322 747 488 783 σωζόμενος
504 746 580 785 [75])
600 748 657 775 υἱὸν
677 749 785 784 Βεηρεὶ,
808 748 837 780 ὃς

42 791 225 828 ἑρμηνεύεται
247 793 378 828 φρέατα·
400 793 493 829 πηγῆς
515 794 569 830 γὰρ
591 795 623 821 ἐκ
650 793 747 829 βάθους
773 794 838 820 ἀνα.-

41 837 254 874 6λυσταινούσης
272 839 368 873 σοφίας
384 838 462 872 Θεοῦ,
473 839 588 871 ἕκαστος
603 839 657 866 τῶν
675 838 837 874 σωζομένων

42 884 220 919 υῑὺςγίνεται.
233 885 286 911 Καὶ
293 884 369 911 οὐδὲν
380 883 429 910 θαυ
434 885 535 919 μαστὸν
547 884 633 916 οὕτως
643 885 700 911 υἱὸν
711 884 836 920 φρεάτων

41 928 110 956 εἶναι
126 930 174 956 τὸν
195 931 272 963 ἆγιον
288 930 342 956 ἀπὸ
360 930 414 957 τῶν
434 930 686 966 ἀνδραγαθημάτων
702 929 835 965 πολλαχοῦ

41 975 97 1002 υἱὸν
112 974 325 1011 ὀνομαζόμενον,
344 975 420 1011 παρὰ
435 975 484 1010 μὲν
501 975 532 1002 τὸ
546 975 664 1011 λάμπειν
692 975 776 1003 αὑτοῦ
803 975 837 1001 τὰ

40 1022 109 1057 ἔργα
131 1023 286 1058 ἔμπροσθεν
314 1022 367 1049 τῶν
388 1022 549 1058 ἀνθρώπων,
582 1022 686 1056 φωτός·
713 1022 788 1057 παρὰ
809 1021 837 1047 δὲ

40 1067 70 1093 τὸ
86 1067 162 1102 ἔχειν
189 1068 239 1102 τὴν
263 1068 375 1103 εἰρήνην
404 1067 452 1094 τοῦ
480 1067 547 1094 Θεοῦ
571 1067 621 1103 τὴν
650 1067 837 1102 ὑπερέχουσαν

42 1113 134 1140 πάντα.
149 1113 222 1146 νοῦν,
240 1114 361 1149 εἰρήνης·
384 1113 424 1140 ἔτι
438 1113 466 1140 δὲ
485 1113 528 1140 διὰ
543 1112 592 1149 τὴν
608 1113 662 1140 ἀπὸ
676 1114 725 1149 τῆς
742 1113 838 1147 σοφίας

39 1158 187 1193 ὠφέλειαν,
207 1159 302 1186 τέκνον
326 1160 433 1193 σοφίας·
460 1169 469 1185 t
504 1159 666 1194 Ἐδικαιώοη
693 1158 758 1193 γὰρ,
783 1167 837 1195 φη-

40 1203 94 1234 σὶν,
120 1204 141 1239 ἡ
163 1204 245 1239 σοφία
267 1204 320 1231 ἀπὸ
338 1205 392 1232 τῶν
408 1205 510 1231 τέκνων
531 1205 626 1240 αὐτῆς.
648 1215 657 1231 ι
677 1205 770 1237 Οῦτως
791 1203 838 1232 οὖν

40 1251 54 1276 6
77 1250 171 1276 πάντα
190 1250 306 1285 ὲρευνῶν
327 1250 391 1286 θείῳ
413 1250 551 1286 Πνεύματι
570 1251 616 1278 καὶ
642 1251 677 1278 τὰ
696 1250 764 1287 βάθη
789 1249 837 1277 τοῦ

40 1297 119 1329 Θεοῦ,
139 1297 210 1324 ὥστε
226 1296 449 1332 ἀποφθέγξασθαι
462 1297 559 1325 αὐτόν’
578 1307 588 1323 ί
607 1298 638 1324 Ὢ
655 1297 736 1333 βάθος
756 1297 838 1324 πλού-

40 1348 87 1370 του
109 1343 160 1370 καὶ
181 1343 276 1377 σοφίας
302 1342 349 1370 καὶ
370 1343 497 1378 γνώσεως
510 1343 597 1370 Θεοῦί
618 1353 626 1369 ι
643 1343 754 1370 δύναται
770 1342 838 1371 εἶναι

41 1389 170 1425 φρεάτων
200 1388 268 1421 υίὸς,
288 1389 357 1425 πρὸς
385 1389 414 1416 ὃν
439 1390 454 1416 6
480 1389 557 1424 λόγος
586 1389 689 1425 Κυρίου
721 1390 837 1423 γίνεται.

45 1435 165 1470 Ὁμοίως
180 1435 258 1470 λόγος
274 1436 321 1462 καὶ
344 1435 412 1471 πρὸς
434 1435 547 1462 Ἡσαΐαν
573 1435 681 1470 ἔρχεται
705 1435 838 1462 διδάσκων

40 1480 74 1507 τὰ
94 1481 124 1507 ὲν
145 1480 275 1515 ἐσχάταις
299 1480 416 1516 ἡμέραις
437 1481 648 1516 ἀπαντησόμενα
669 1481 702 1516 τῇ
724 1479 839 1516 Ἰουδαίᾳ

42 1526 88 1553 καὶ
116 1526 316 1562 Ἰερουσαλήμ·
340 1526 471 1558 ὡσαύτως
491 1527 520 1553 δὲ
543 1526 590 1554 καὶ
610 1526 677 1562 πρὸς
703 1527 837 1563 Ἰερεμίαν

41 1573 106 1609 Θείῳ
122 1573 304 1609 μετεωρισμῴ
320 1573 473 1610 ἐπαρθέντα
483 1582 490 1589 ·
512 1573 704 1609 (ἑρμηνεύεται
724 1574 778 1610 γὰρ
787 1583 838 1609 με-

42 1619 206 1654 τεωρισμῶς
220 1619 280 1646 ’1αὼ
292 1617 375 1656 [74].)
396 1620 475 1646 Ἀλλὰ
487 1619 556 1656 7:96;
578 1620 627 1655 μὲν
646 1620 709 1652 τοὺς
731 1620 839 1656 ἀνθρώ-

41 1674 120 1696 πους,
136 1665 271 1702 πρότερον
286 1665 316 1692 οὐ
331 1665 486 1702 χωροῦντας
498 1665 546 1701 τὴν
560 1664 608 1692 τοῦ
623 1664 688 1692 Υίοῢ
703 1665 751 1692 τοῦ
771 1665 838 1692 Θεοῦ

41 1711 130 1745 Λόγου
163 1712 341 1747 τυγχάνοντος
367 1711 513 1747 ἐπιδημίαν
527 1731 534 1744 ,
563 1712 577 1738 6
602 1712 687 1746 Λόγος
715 1712 837 1746 γίνεται·

41 1756 110 1792 πρὸς
125 1756 155 1783 δὲ
172 1756 218 1784 τὸν
237 1757 304 1784 Θεὸν
320 1758 351 1784 οὺ
371 1757 494 1792 γίνεται,
515 1757 553 1789 ὡς
575 1757 706 1793 πρότερον
729 1757 780 1784 οὐκ
801 1757 839 1784 ὢν

42 1806 110 1840 πρὸς
123 1805 216 1832 αὐτόν·
233 1807 308 1842 παρὰ
332 1806 360 1833 δὲ
382 1806 413 1833 τὸ
432 1807 475 1833 ἀεὶ
490 1808 609 1834 συνεῖναι
629 1806 668 1842 τῷ
682 1807 779 1842 [Ia-:91,
794 1807 838 1834 λέ-

41 1860 120 1885 γεται
133 1860 139 1868 ·
156 1862 165 1878 ε
186 1852 241 1879 Καὶ
259 1854 273 1879 6
296 1852 381 1887 Λόγος
396 1850 430 1888 ἦν
454 1852 522 1889 πρὸς
538 1852 583 1880 τὸν
604 1853 669 1880 Θεόν
682 1861 688 1868 ·
712 1862 720 1879 ι
738 1854 768 1880 οὑ
784 1853 838 1888 γὰρ

41 1899 151 1932 ἐγένετο
162 1898 229 1935 πρὸς
240 1899 286 1926 τὸν
297 1899 372 1931 Θεὸν,
383 1900 429 1927 καὶ
441 1900 538 1926 ταυτὸν
562 1900 638 1936 ῥῆμα
659 1899 690 1927 τὸ
702 1909 711 1925 t
724 1897 757 1935 ἦν
770 1909 779 1925 )
791 1899 837 1927 τοῦ

42 1943 130 1976 Λόγου
147 1944 355 1978 κατηγορεῖται,
377 1944 418 1970 ὅτι
437 1943 466 1970 ὲν
490 1945 560 1979 ἀρχῇ
575 1942 609 1979 ἦν
630 1944 677 1971 καὶ
696 1944 740 1971 ὅτε
770 1943 839 1980 προς

41 1988 85 2014 τὸν
97 1988 166 2015 Θεὸν
180 1987 215 2024 ἦν
227 2010 234 2021 ,
252 1987 313 2016 οὔτε
333 1989 382 2025 τῆς
395 1989 482 2026 ἀρχῆς
501 1990 684 2025 χωριζόμενος
695 2011 702 2022 ,
715 1991 775 2017 οὗτε
791 1991 838 2018 τοῦ

42 2033 150 2070 Πατρὸς
165 2034 391 2070 ἀπολειπόμενος·
413 2036 459 2063 καὶ
481 2037 561 2063 πάλιν
578 2035 639 2063 οὕτε
664 2036 717 2064 ἀπὸ
731 2036 776 2064 τοῦ
799 2038 835 2073 μὴ

41 2077 109 2106 εἷναι
133 2081 164 2106 ὲν
185 2081 257 2117 ἀρχῇ
280 2081 421 2115 γινόμενος
435 2083 464 2108 ὲν
485 2082 570 2117 ἀρχῇ,
586 2081 648 2108 οὔτε
667 2082 722 2109 ἀπὸ
736 2082 782 2108 τοῦ
801 2082 838 2118 μὴ

42 2127 186 2162 τυγχάνειν
202 2125 270 2162 7:96;
284 2127 330 2154 τὸν
342 2127 408 2154 Θεὸν
421 2128 466 2154 ἐπὶ
481 2128 521 2163 τῷ
535 2126 602 2164 πρὸς
624 2128 669 2155 τὸν
686 2128 752 2155 Θεὸν
768 2126 837 2155 εἶναι

41 2171 183 2206 γινόμενος
195 2180 203 2187 ·
218 2172 272 2207 πρὸ
286 2171 340 2207 γὰρ
354 2173 455 2204 παντὸς
473 2173 567 2208 χρόνου
597 2174 643 2200 καὶ
666 2173 764 2206 αίῶνος
780 2183 789 2200 t
808 2175 837 2200 ὲν

887 245 929 267 est
948 239 981 266 ad
994 239 1092 266 Oscam
1110 242 1137 265 et
1154 245 1245 266 sermo
1265 239 1300 265 ad
1324 237 1421 266 Isaiam
1439 239 1522 266 ﬁlium
1535 240 1630 271 Amos,
1647 245 1674 266 et

889 292 985 312 rursus
1006 284 1040 311 ad
1062 282 1207 310 Jeremiam
1225 284 1259 310 de
1284 283 1420 318 siccitate,
1444 285 1674 313 considerandum

887 336 940 363 est,
958 330 1054 361 utsic,
1078 329 1225 356 collatione
1248 329 1335 363 facta,
1356 330 1470 358 inveniri
1497 332 1581 366 possit
1605 340 1675 366 qum

888 385 950 404 nam
977 381 1057 412 pacto
1084 376 1180 403 Sermo
1212 375 1256 402 ille
1282 381 1341 403 erat
1367 378 1437 412 apud
1467 377 1562 405 Deum.
1589 379 1676 413 Atque

888 422 1012 457 equidem
1040 421 1135 457 vulgus
1157 421 1308 455 simplicius
1338 427 1456 457 exponet.
1481 423 1676 458 prophetat-um

888 468 970 499 dicta,
997 467 1080 493 veluti
1109 473 1235 493 sermone
1254 466 1373 499 Domini,
1395 467 1435 494 rei
1453 475 1579 495 sermone
1602 467 1677 496 facto

889 513 921 540 ad
939 513 1021 548 ipsos.
1041 513 1080 539 'l‘tt
1101 520 1166 541 vero
1190 513 1261 546 \‘ide,
1285 521 1319 540 uc
1343 513 1412 541 forte
1426 519 1454 540 ut
1473 515 1588 542 dicimus
1604 515 1677 542 Ituuu

888 559 920 585 ad
943 559 1014 586 Intne
1035 559 1103 590 ﬁeri,
1130 559 1170 586 sic
1192 559 1276 586 etiam
1298 566 1370 586 nunc
1393 567 1407 586 τι
1429 560 1506 587 nobis
1523 561 1676 596 theologica

887 605 1079 632 consideratus
1097 605 1193 638 Filius,
1213 612 1303 633 sermo
1328 605 1415 633 factus
1439 606 1476 632 sit
1501 606 1534 633 ad
1559 606 1676 638 Oscam.

889 650 988 677 missus
1006 650 1038 677 ad
1055 650 1142 685 ipsum
1159 658 1174 677 ιι
1191 650 1272 678 Patre
1288 660 1294 677 :
1310 651 1382 685 quod
1401 651 1434 678 ad
1452 651 1595 679 historiam
1613 653 1676 686 quis

888 697 948 724 dein
975 697 1084 729 attinet,
1108 698 1140 723 ad
1168 699 1326 731 prophetam
1355 696 1453 724 Oscam
1480 697 1563 724 ﬁlium
1588 698 1677 730 Beeri.

888 745 1019 775 quantum
1047 748 1111 767 vero
1136 741 1169 767 ad
1197 742 1339 776 mysticam
1358 742 1505 774 rationem,
1524 743 1557 770 ad
1577 742 1673 770 Serva-

890 789 944 811 tum
963 786 1054 820 (sonat
1075 785 1147 812 enim
1165 785 1259 818 Oseas,
1278 786 1300 814 si
1326 787 1526 822 interpreteris,
1549 791 1678 822 servulus)

889 831 974 858 ﬁlium
991 831 1080 863 Beeri,
1097 839 1156 865 qua:
1174 840 1224 859 vox
1241 837 1333 867 puteos
1351 838 1431 861 sonat
1449 841 1456 861 :
1473 833 1590 861 cﬁieitur
1602 835 1678 862 'ettIm

854 873 875 901 Β
893 876 1009 911 quilibet
1028 884 1122 904 eorum
1137 879 1181 912 qui
1200 883 1355 911 servantur,
1366 880 1439 914 putei
1458 880 1539 912 ﬁlius,
1554 881 1618 915 quia
1634 888 1679 907 sa-

888 921 988 957 pientia
1006 922 1054 949 Dei
1074 930 1106 950 ex
1121 923 1257 957 profundo
1281 925 1408 952 scaturit.
1425 925 1480 952 Nec
1498 926 1596 952 mirum
1612 934 1678 954 sane

887 972 929 994 est
943 973 1084 1002 puteorum
1103 969 1189 996 [ilium
1204 969 1245 997 sic
1258 977 1318 998 esse
1333 975 1470 1003 sanctum,
1488 971 1532 1006 qtti
1551 980 1583 999 ex
1608 976 1678 999 stre-

888 1020 940 1040 nue
963 1012 1043 1041 faelis
1068 1014 1230 1050 frequenter
1257 1015 1328 1043 ﬁlius
1356 1017 1515 1044 nominatur
1540 1026 1548 1044 ι
1576 1017 1679 1045 idcirco

887 1060 996 1094 quidem
1010 1060 1074 1094 quia
1087 1060 1286 1096 Iuceantopera
1296 1061 1357 1095 ejus
1368 1070 1462 1090 coram
1475 1063 1632 1090 hominibus
1645 1064 1678 1095 ".

889 1104 961 1131 ﬁlius
985 1104 1053 1132 lucis
1075 1110 1248 1140 nuncupatus
1269 1116 1276 1134 :
1294 1107 1358 1142 quia
1377 1115 1443 1136 vero
1465 1108 1562 1135 hath
1585 1116 1678 1143 pacem

889 1149 948 1182 Dei,
966 1157 1176 1186 exsuperantem
1195 1159 1305 1180 omnem
1321 1153 1528 1189 intelligentiam
1546 1155 1584 1186 ",
1608 1155 1679 1182 ﬁlius

893 1197 991 1231 pacis:
1010 1201 1091 1232 atque
1106 1198 1188 1225 ctiam
1205 1202 1317 1234 propter
1331 1199 1471 1233 sapientia:
1487 1199 1633 1226 utilitatem
1649 1201 1678 1226 ti-

889 1242 941 1271 Iins
955 1243 1113 1278 sapientite:
1127 1252 1137 1268 ι
1149 1242 1300 1270 Justificata
1314 1248 1355 1271 est
1365 1245 1448 1275 enim.
1462 1245 1559 1279 inquit,
1572 1246 1679 1280 sapien-

890 1289 925 1316 tia
936 1296 951 1316 ο
962 1289 1024 1316 ﬁliis
1033 1289 1091 1316 suis
1108 1289 1140 1316 “.
1156 1299 1166 1315 ι
1184 1289 1263 1316 Iquc
1274 1289 1355 1324 igitur
1366 1291 1392 1317 in
1408 1291 1516 1318 modum
1535 1291 1579 1318 ille
1595 1292 1679 1319 etiant

889 1334 934 1369 qui
959 1333 1016 1370 49
1040 1335 1130 1362 divino
1162 1334 1261 1369 Spiritu
1286 1336 1377 1362 omnia
1393 1335 1525 1370 profunda
1547 1335 1593 1363 Dei
1619 1345 1679 1372 per-

889 1386 1038 1412 serutatur,
1062 1385 1091 1408 ut
1109 1381 1196 1416 eloqui
1210 1381 1296 1416 possit
1312 1389 1318 1408 :
1336 1381 1376 1409 «Ο
1388 1381 1554 1415 profunditas
1570 1383 1679 1410 divitia—

891 1432 1000 1459 rutn,et
1009 1426 1159 1461 sapientiae,
1173 1432 1198 1454 et
1214 1427 1378 1462 cognitionis
1390 1427 1436 1456 Dei
1453 1429 1486 1461 τ’,
1499 1438 1508 1454 ι
1520 1433 1607 1463 potest
1617 1437 1679 1458 esse

890 1477 1033 1508 puteorum
1060 1473 1143 1505 ﬁlius,
1167 1473 1200 1500 ad
1224 1481 1303 1508 quem
1326 1481 1416 1501 sermo
1431 1475 1477 1502 ﬁat
1498 1475 1614 1503 Domini.
1632 1476 1678 1504 Sic

891 1525 981 1546 sermo
997 1518 1079 1546 etiatn
1095 1519 1128 1546 ad
1145 1518 1240 1546 Isaiam
1254 1519 1328 1545 venit
1341 1519 1441 1546 docens
1456 1527 1515 1554 qua
1533 1521 1558 1548 itt
1576 1522 1679 1549 ultimis

892 1565 988 1594 diebus
1000 1570 1129 1592 eventura
1147 1570 1225 1591 erant
1240 1570 1297 1591 tum
1311 1565 1422 1598 Judaeae,
1439 1570 1494 1593 tum
1507 1566 1656 1595 Jerusalem
1670 1576 1678 1595 :

891 1609 986 1637 eodem
1009 1610 1089 1637 modo
1107 1615 1135 1637 et
1151 1610 1182 1637 ad
1205 1608 1351 1637 .Icrcmiam
1374 1611 1464 1639 divina
1490 1612 1608 1640 elatione
1624 1613 1678 1640 ela-

892 1661 945 1682 tum
977 1655 1049 1691 (nam
1081 1655 1276 1691 interpretatur
1292 1656 1371 1684 elatio
1394 1657 1464 1693 Jao).
1489 1658 1542 1686 Sed
1568 1659 1602 1686 ad
1629 1659 1679 1686 Ιιο-

891 1702 978 1728 tnines
998 1702 1124 1736 quidem,
1149 1702 1194 1736 qui
1218 1702 1293 1736 prius
1322 1709 1437 1738 capaces
1452 1712 1506 1732 non
1529 1711 1610 1732 erant
1631 1708 1678 1733 ad-

891 1765 987 1786 ventus
1003 1758 1063 1786 Filii
1093 1758 1151 1791 Dei,
1178 1759 1223 1793 qui
1245 1764 1287 1787 est
1314 1760 1420 1792 Sermo.
1448 1761 1479 1788 ﬁt
1507 1769 1616 1796 sermo;
1646 1765 1679 1791 ad

891 1805 972 1832 Deum
988 1812 1051 1832 vero
1074 1812 1126 1832 non
1143 1806 1182 1840 ﬁt,
1205 1807 1282 1841 quasi
1295 1807 1340 1841 qui
1359 1812 1438 1834 antea
1459 1814 1512 1835 non
1532 1810 1678 1837 exs’steret

890 1851 960 1886 apud
975 1851 1074 1885 ipsum,
1089 1852 1137 1878 sed
1149 1859 1181 1878 eo
1195 1852 1267 1886 quod
1282 1852 1317 1878 sit
1329 1859 1438 1887 semper
1451 1860 1513 1880 eum
1529 1853 1620 1887 Patre,
1636 1856 1678 1882 tli-

889 1896 961 1922 citur
978 1903 984 1921 :
1003 1905 1012 1921 ι
1031 1895 1064 1923 Ει
1079 1895 1176 1923 Sermo
1192 1900 1253 1922 erat
1268 1897 1338 1930 apud
1352 1896 1434 1923 Deum
1451 1896 1489 1930 7';
1511 1906 1520 1922 ι
1536 1906 1589 1925 non
1605 1899 1677 1927 enitn

889 1941 977 1969 factus
990 1947 1031 1969 est
1044 1943 1115 1977 apttd
1133 1943 1228 1976 Deum,
1241 1947 1268 1969 et
1293 1943 1362 1968 idetn
1380 1943 1491 1970 verbum
1511 1952 1520 1969 ‹
1539 1948 1599 1971 erat
1614 1954 1624 1971 ι
1646 1946 1678 1972 de

889 1987 1020 2016 Sermone
1044 1988 1216 2023 prmdieatur,
1240 1988 1367 2023 quoniam
1395 1988 1421 2015 in
1458 1989 1593 2024 principio
1618 1997 1677 2018 erat

889 2034 969 2061 etiam
984 2037 1039 2060 tum
1052 2041 1113 2061 cum
1126 2034 1196 2069 apud
1214 2034 1298 2061 Deutn
1314 2038 1383 2067 erat,
1401 2041 1488 2069 neque
1514 2042 1529 2062 a
1543 2036 1678 2072 principio

889 2082 1041 2113 separatus,
1060 2086 1147 2113 neque
1172 2079 1280 2106 Patrem
1304 2079 1434 2106 deserens
1454 2087 1460 2105 :
1476 2085 1505 2107 et
1520 2088 1614 2108 rursus
1633 2089 1678 2109 ne—

889 2132 943 2159 que
955 2132 988 2152 eo
1001 2124 1073 2160 quod
1093 2133 1145 2152 non
1162 2124 1198 2151 sit
1213 2125 1239 2151 itt
1255 2125 1388 2160 principio
1413 2125 1512 2159 factus,
1531 2126 1558 2153 in
1572 2127 1676 2161 princi-

890 2169 947 2205 pio,
964 2177 1051 2205 neque
1074 2177 1106 2197 eo
1131 2170 1202 2205 quod
1220 2178 1271 2198 non
1287 2170 1323 2197 sit
1345 2170 1415 2204 apud
1432 2170 1528 2204 Deum,
1545 2172 1633 2199 Iactus
1649 2178 1678 2199 ut

42 2218 112 2252 ἀρχῇ
127 2215 163 2252 ἦν
185 2219 200 2244 ὀ
219 2217 315 2252 Λόγος,
332 2218 378 2244 καὶ
393 2219 407 2244 ὁ
423 2218 510 2253 Λόγος
525 2217 560 2254 ἦν
582 2219 650 2254 πρὸς
667 2219 713 2246 τὸν
729 2219 804 2246 Θεόν.
826 2229 831 2245 ι

921 2221 961 2244 set
977 2217 1046 2252 apud
1061 2217 1142 2244 Deutn
1161 2225 1168 2243 :
1183 2222 1245 2244 ante
1265 2224 1346 2243 omne
1362 2217 1433 2244 enim
1455 2221 1561 2252 tempus
1584 2222 1612 2245 et
1627 2225 1677 2246 sae.

47 2262 124 2289 Ἐπεὶ
141 2263 232 2290 τοίνυν
245 2263 285 2294 είς
300 2262 407 2299 εὕρεσιν
423 2264 479 2295 τοῦ,
498 2274 507 2289 ι
526 2265 580 2290 Καὶ
596 2266 609 2290 6
621 2264 706 2298 Λόγος
720 2262 754 2300 ἦν
768 2264 836 2301 πρὸς

41 2309 86 2335 τὸν
96 2309 175 2342 θεὸν,
197 2319 205 2335 ι
220 2308 394 2344 παρεθέμεθα
410 2309 496 2342 λέξεις
510 2310 692 2345 προψητικὰς,
710 2310 767 2342 πῶς
779 2309 836 2344 ἐγέ-

42 2363 101 2381 νετο
116 2355 188 2391 πρὸς
209 2355 297 2391 Ὠσηὲ,
312 2356 359 2382 καὶ
379 2356 491 2382 Ἡσαΐαν
503 2376 509 2387 ,
527 2356 573 2382 καὶ
591 2356 734 2391 Ἰερεμίαν,
766 2365 836 2392 παρ-

42 2401 219 2436 ετηρήσαμέν
233 2409 263 2427 τε
273 2401 302 2427 οὺ
313 2401 361 2436 τὴν
372 2401 506 2436 τυχοῦσαν
523 2401 725 2438 διαφορὰφτοῦ,
747 2411 756 2427 ι
775 2403 836 2436 ἐγε-

41 2446 110 2482 νήθη
125 2456 136 2472 ι
148 2446 194 2472 καὶ
220 2455 229 2472 t
245 2446 353 2480 ἐγένετο
365 2456 374 2472 ι
395 2447 463 2481 πρὸς
484 2445 513 2473 τι
525 2457 533 2472 t
545 2445 590 2482 ἦν,
602 2457 610 2472 ι
634 2447 834 2482 προσθήσομεν,

75 2505 138 2521 ⁷¹οτ⁸
153 2505 254 2535 .Icrcm.
272 2513 325 2538 xw,
338 2506 364 2533 I.
403 2506 425 2522 °°
436 2506 530 2533 Matth.
547 2514 573 2538 ν,
589 2506 631 2533 Iﬁ.

77 2564 135 2598 (ῗὸ)
163 2564 251 2598 Ὠσηὲ
265 2565 320 2599 γὰρ
335 2565 526 2598 ἑρμηνεύεται
545 2563 714 2599 Σωζόμενος,
729 2569 784 2592 etc.
812 2565 832 2590 Λ

41 2603 112 2640 γε»,
126 2602 249 2632 servavit,
267 2602 296 2626 tit
309 2603 396 2642 vum,
408 2600 488 2631 Osse,
510 2600 580 2634 quod
606 2600 833 2633 signiﬁcationem

43 2646 161 2672 activam
176 2646 294 2678 postulat
305 2647 393 2680 potius
406 2654 489 2680 quam
503 2645 649 2679 passivam.
671 2645 752 2671 BEOI’tI
770 2652 833 2671 vero

42 2686 93 2711 est.
110 2684 194 2713 ’Ἶιῠη
215 2689 228 2707 a
243 2679 312 2712 -πκι,
328 2679 431 2715 puteus.
456 2679 731 2714 ’Λναϐλυστανούσης,
762 2681 832 2713 quod

42 2716 179 2750 sequitur,
203 2722 306 2743 rectum
329 2722 380 2743 est.
404 2716 533 2751 Hesychq
552 2715 764 2742 ἀναϐλυστάνειν
786 2715 833 2740 καὶ

42 2750 202 2779 ἀναϐλύσαι.
219 2751 304 2783 Quam
319 2751 444 2786 Ilcsyrhii
460 2750 556 2777 vocent
572 2750 708 2777 immerito
723 2758 834 2784 suspec-

43 2791 96 2811 tam
116 2787 197 2813 habet
214 2786 378 2820 Szephanus.
399 2786 529 2813 Ilum-nus.

77 2821 136 2851 (74)
165 2819 369 2856 Ἐρμηνεύεῖαι
389 2822 443 2856 γὰρ
464 2819 743 2856 μετεωρισμὸςᾷἸαὼ.
770 2819 830 2846 ΙΙέιιυ

43 2857 174 2887 [ιιοιἸινίῖ]
192 2854 276 2885 sunt.
294 2863 321 2883 et
340 2854 564 2883 Fet-rai'ii'tameu
591 2854 622 2881 ac
652 2854 767 2881 Periouii
785 2862 829 2881 ca-

43 2896 116 2923 ptum
133 2891 270 2927 fugerunt.
284 2891 414 2918 JEREMIAS
428 2895 577 2921 ese-inuam
593 2899 606 2917 a
623 2895 678 2920 ET“)
691 2890 791 2922 etiam.
805 2894 830 2916 el

202 2939 338 2968 ΡΑτιιοι..
362 2939 418 2968 (in.
446 2937 527 2967 XIV.

890 2262 991 2294 culum,
1014 2271 1024 2288 t
1050 2262 1076 2289 in
1095 2262 1228 2297 principio
1245 2267 1306 2288 erat
1325 2261 1433 2294 Sermo,
1453 2266 1482 2289 et
1508 2262 1604 2290 Sermo
1619 2269 1677 2290 erat

890 2309 959 2342 apud
978 2308 1073 2335 Deum.
1094 2316 1103 2334 ι
1123 2308 1255 2342 Quoniam
1275 2307 1355 2342 igitur
1367 2312 1397 2334 ut.
1414 2307 1599 2335 inveniremus
1616 2316 1676 2336 sen-

889 2362 948 2381 sum
963 2355 1105 2381 verborum
1124 2354 1239 2386 illorum,
1267 2363 1276 2379 ι
1295 2358 1324 2380 et
1345 2353 1442 2380 Sermo
1466 2353 1508 2381 ille
1523 2358 1583 2381 erat
1606 2355 1676 2392 apud

891 2400 983 2433 Deum,
1003 2410 1012 2426 ι
1034 2401 1208 2436 apposuimus
1234 2400 1317 2427 verba
1341 2399 1516 2435 prophetica,
1540 2401 1675 2435 quomodo

890 2446 979 2474 factus
997 2447 1033 2474 sit
1059 2454 1150 2474 sermo
1163 2447 1196 2473 ad
1227 2446 1335 2479 Oscam,
1364 2450 1392 2473 ot.
1420 2446 1529 2479 Isaiam,
1559 2450 1586 2473 et
1597 2445 1674 2473 lere-

669 2507 692 2523 "°
710 2506 806 2540 Philip.
819 2515 828 2533 ι

937 2507 960 2522 ’ί
977 2506 1073 2534 Matth.
1087 2515 1126 2540 ιι,
1144 2506 1186 2534 I9.
1226 2507 1248 2522 "
1263 2505 1342 2534 Rom.
1360 2514 1397 2539 ιι,
1410 2506 1455 2533 35.
1493 2506 1630 2538 "Joan.t,
1647 2505 1673 2533 I.

886 2569 957 2599 rm,
975 2565 1045 2599 quod
1077 2564 1218 2591 Samaritae
1247 2571 1295 2598 per
1325 2564 1428 2595 Ἰαὸαί,
1458 2563 1590 2591 Eusebius
1626 2571 1675 2599 per

892 2596 1189 2630 ’leutb,"l‘lieodorettts
1216 2596 1264 2633 per
1283 2598 1356 2630 ‘A‘t‘d,
1377 2600 1464 2626 Gt‘teci
1488 2604 1592 2626 veteres
1626 2596 1675 2633 per

892 2633 952 2660 Ἰσιώ
978 2635 1301 2669 ειμι-ἰηιριιειιιιηιῖοιιιιιι
1331 2635 1394 2661 illud
1422 2634 1554 2669 Apollinis
1588 2633 1672 2662 Clarii

885 2670 955 2702 apud
975 2669 1139 2696 Macrobiuut
1155 2678 1162 2696 ι
1178 2668 1291 2696 Saturn.
1308 2677 1315 2695 :

921 2713 1029 2748 Φράζεο
1042 2713 1100 2740 τῶν
1118 2714 1239 2741 πάντων
1255 2715 1371 2741 ὕπατον
1391 2715 1460 2742 θεὸν
1473 2714 1567 2749 ἔμμεν·
1583 2714 1656 2776 I‘Ialbt

1595 2758 1621 2776 ο.

887 2807 952 2833 Vnde
971 2814 1067 2833 novatn
1087 2807 1150 2833 odit.
1175 2806 1256 2840 Oper.
1277 2806 1305 2832 S.
1323 2805 1488 2841 Hieronymi,
1506 2811 1571 2833 tom.
1595 2804 1631 2838 II,
1647 2811 1674 2838 ρ.

885 2843 934 2873 ut.
949 2856 981 2861 —-
994 2841 1122 2870 editionis
1152 2847 1252 2870 ιιυοιιιι
1279 2848 1342 2869 tom.
1362 2841 1398 2875 II,
1419 2842 1472 2868 cui.
1490 2842 1553 2874 833,
1574 2846 1630 2868 not.
1649 2844 1674 2866 ε.

885 2874 962 2905 Enn.
983 2876 1066 2904 I‘ntt.

1498 2933 1516 2962 lt
