1870 3046
65 37 118 64 113

625 38 803 67 (ΣΟΧΙΜΕΝΤ.
824 39 857 66 IN
875 39 971 67 JOAN.
993 38 1113 67 TOMUS
1134 39 1165 66 II.

1647 43 1698 68 II-I

63 95 168 130 χρυσὸν
195 96 241 122 καὶ
270 96 408 132 ἄργυρον,
434 96 530 132 τέχνης
559 98 782 135 ἑμμελετήματα.

963 100 1018 127 rias
1035 99 1085 131 eis,
1100 106 1159 134 quae
1179 99 1236 134 ipsa
1254 98 1392 126 distribuit
1416 99 1485 127 Deus
1508 104 1568 126 tuus
1594 102 1699 129 cunctis

62 140 183 167 λευταῐοι
214 141 242 167 δέ
271 142 340 168 εἰσιν
370 143 393 168 οι
426 143 581 178 λεγομένοις
613 146 662 179 μὲν
696 145 766 177 θεοῖς
791 147 858 172 ἀνα-

61 185 204 221 κείμενοι,
222 187 347 222 οὐδαμῶς
371 188 398 214 δὲ
420 186 480 216 οὖσι
516 189 596 222 θεοῖς.
621 190 699 218 Οὕτω
722 191 811 218 τοίνυν
834 192 857 218 οἱ

63 233 114 266 ιαέν
129 241 202 264 τινες
219 233 378 268 μετέχουσιν
392 235 473 261 αὐτοῦ
488 235 534 261 τοῦ
551 236 580 262 ὲν
603 237 673 273 ἀρχῇ
690 238 792 272 Λόγου,
811 238 858 264 καὶ

63 277 131 310 πρὸς
143 276 189 304 τὸν
203 278 268 304 Θεὸν
284 279 382 313 Λόγου,
399 281 446 306 καὶ
456 280 523 307 Θεοῦ
539 282 624 316 Λόγου
636 303 643 314 ,
654 283 749 319 ὥσπερ
767 284 855 319 Ὠσηὲ,

61 321 109 346 καὶ
132 321 257 354 Ίίσαῖας,
274 323 319 350 καὶ
333 325 484 360 Ἱερεμίας.
506 327 552 353 καὶ
565 327 592 353 ετ
609 337 651 360 τις
664 329 758 364 ἔτερος
771 330 858 356 τοιοῦ-

58 374 106 392 τον
120 367 217 394 ἑαυτὸν
233 369 420 405 παρέστησεν,
436 373 475 403 ὡς
495 372 540 399 τὸν
558 373 635 407 λόγον
656 375 759 410 Κυρίου
776 376 792 411 ἢ
811 376 856 402 τδν

58 411 141 446 λόγον
157 413 283 446 γενέσθαι
300 415 368 450 πρὸς
384 416 464 443 αὐτόν
476 425 483 432 ·
496 417 585 453 ἕτεροι
607 419 636 446 δὲ
649 420 674 446 οἱ
691 420 773 456 μηδὲν
787 422 855 448 εξόό-

56 465 104 489 τες
123 458 148 484 ει
167 457 205 493 μὴ
227 458 331 494 Ἰησοῦν
348 461 482 496 Χριστὸν,
501 464 548 490 καὶ
567 464 661 491 τοῦτον
680 466 856 503 ἐσταυρωμέ-

56 511 115 548 νον,
127 503 176 529 τὸν
191 505 336 540 γενόμενον
354 506 442 542 σάρκα
462 508 557 543 Λόγον,
574 510 604 537 τὸ
621 512 675 538 πᾶν
695 513 855 548 νομίσαντες

56 546 131 575 εἶναι
156 549 203 576 τοῦ
227 551 327 585 Λόγου,
342 552 458 587 Χριστὸν
475 555 545 582 κατὰ
570 557 659 592 σάρκα
678 546 758 594 μόνον
773 559 855 594 γινώ-

59 602 171 621 σκουσι.
190 596 315 624 Τοιοῦτον
329 598 357 625 δέ
373 601 431 626 ἐστι
447 600 477 627 τδ
489 601 588 637 πλῆθος
605 603 659 629 τῶν
679 607 854 633 πεπιστευκέ-

59 648 104 666 ναι
119 641 317 676 νομιζομένων.
334 645 389 670 Καὶ
399 645 486 681 τρίτοι
502 646 591 680 λόγοις
605 649 748 685 μετέχουσί
762 660 788 677 τι
805 651 852 677 τοῦ

54 686 147 720 Λόγου
171 686 209 718 ὡς
233 688 321 715 πάντα
342 690 505 726 ὑπερέχουσι
518 692 607 728 λόγον,
633 696 850 731 προπεσχήχασι.

53 732 112 758 Καὶ
126 733 232 768 μήποτε
249 731 321 760 οὗτοι
342 736 410 763 εἰσιν
434 737 458 763 οι
483 739 675 775 μετερχόμενοι
701 741 749 773 τὰς
777 742 852 768 εὺδον

54 778 197 813 κιμούσας
209 780 254 806 καὶ
268 780 448 817 διαφερούσας
461 785 489 811 ὲν
505 773 648 821 φιλὸέοέριᾳ
672 787 736 822 παρ’
752 787 851 824 ’Ἐλλη-
867 773 889 803 Β

52 831 98 850 σιν
113 823 246 859 αἱρέσεις.
271 825 401 864 Τέταρτοι
417 828 446 855 δὲ
463 831 539 865 παρᾶ
554 831 669 863 τούτους
690 832 745 868 (85)
759 834 784 859 οἱ
801 842 850 860 πε-

52 870 239 915 πιστευκότες
252 871 341 906 λόγοις
352 873 440 910 πάντη
455 874 610 911 διεφθορόσι
620 877 666 904 καὶ
683 878 784 911 ἀθέοις,
801 879 850 915 τὴν

50 914 162 950 ἐναργῆ
177 916 224 942 καὶ
239 917 331 952 σχεδὸν
345 918 477 955 αἰσθητὴν
490 921 621 956 Πρόνοιαν
633 923 784 959 ἀναιροῦσι,
803 914 849 952 καὶ

49 959 118 986 ἄλλο
137 969 164 987 τι
178 961 254 993 τέλος
269 963 343 998 παρὰ
360 964 390 990 τὸ
408 965 488 992 καλὸν
506 967 725 1003 ἀποδεχομένοις.
747 970 778 996 EI
801 972 849 998 καὶ

49 1006 186 1052 ἐδόξαμεν
207 1007 236 1034 δὲ
250 1009 499 1046 παρεκϐεϐηκέναι,
520 1010 597 1048 οἶμαι
615 1014 637 1040 δ’
656 1014 696 1041 ὅτι
717 1024 850 1052 παρακει-

53 1051 149 1085 μένως
172 1053 241 1088 ὑπὲρ
271 1054 317 1080 τοῦ
342 1055 436 1090 σαφῶς
459 1056 522 1084 ἰδεῖν
548 1058 670 1095 τέσσαρα
699 1061 850 1096 πράγματα

51 1097 128 1123 κατὰ
137 1098 167 1123 τὸ
175 1099 241 1130 Θεὸς
251 1099 346 1135 ὄνομα,
358 1102 404 1127 καὶ
415 1101 534 1138 τέσσαρα
544 1104 615 1131 κατὰ
622 1105 653 1131 τὸ
663 1105 758 1139 Λόγος,
770 1107 848 1134 τοῦτο

49 1144 244 1188 ἱῑεποιήκαμεν
254 1154 261 1160 ·
272 1144 306 1181 ἦν
317 1146 370 1182 γὰρ
380 1147 464 1180 όΘεδς
475 1149 522 1175 καὶ
530 1150 605 1182 Θεὸς,
618 1149 677 1178 εἶτα
690 1152 745 1178 θεοὶ
756 1153 846 1188 διχῶς,

48 1185 91 1214 ὤν
116 1189 163 1214 τοῦ
180 1190 333 1225 κρείττονος
348 1192 488 1228 τάγματος
513 1195 569 1229 (86)
591 1196 734 1233 ὑπερέχειν
757 1185 812 1233 (εἱ)
834 1199 847 1225 6

46 1234 120 1265 θεὸς
145 1234 231 1269 Λόγος
254 1237 455 1273 ὑπερεχόμενος
471 1240 523 1266 ὑπὸ
546 1242 593 1267 τοῦ
612 1242 666 1269 τῶν
680 1243 749 1270 ὅλων
766 1244 845 1273 Θεοῦ.

47 1280 107 1327 Καὶ
118 1281 205 1327 Δπάλιν
219 1280 253 1318 ἦν
265 1284 279 1310 6
295 1284 391 1318 Λόγος,
405 1286 474 1320 τάχα
489 1286 518 1313 δὲ
529 1287 576 1314 καὶ
584 1288 680 1323 Λόγος,
692 1290 792 1325 ὁμοίως
808 1292 847 1327 τῷ

46 1326 62 1351 ὁ
77 1325 147 1356 Θεὸς
162 1327 208 1352 καὶ
223 1327 306 1360 Θεός·
323 1329 370 1355 καὶ
392 1329 415 1355 οἱ
431 1330 504 1364 λόγοι
524 1332 620 1368 διχῶς,
639 1334 734 1361 οἰκεῖοι
751 1345 780 1362 τε
800 1325 846 1363 ἀνλ

46 1369 184 1405 Θρὼπινοι
196 1372 219 1398 οἱ
236 1373 286 1407 μὲν
299 1373 338 1409 τῷ
358 1374 461 1410 Πατρὶ,
479 1376 586 1411 μερίδες
609 1378 684 1411 ὄντες
699 1380 781 1407 αὑτοῦ
798 1382 845 1409 καὶ

43 1415 157 1472 totam;
175 1419 388 1472 πρρακείμενοι,
406 1421 453 1453 οὓς
473 1422 520 1448 νῦν
545 1424 710 1461 σαφέστερον
730 1427 744 1453 6
767 1427 845 1462 λόγος
859 1445 880 1472 c

44 1462 116 1497 ἡμῖν
134 1463 298 1500 παρίστησιν
310 1485 317 1497 ,
333 1466 357 1492 oi
375 1467 420 1492 ἐπὶ
432 1467 478 1493 τὸν
491 1468 606 1505 Σωτῆρα
620 1471 781 1506 φθάσαντες,
798 1475 845 1502 καὶ

41 1507 74 1532 τιι
95 1508 156 1534 πᾶν
164 1509 192 1535 ἐν
209 1509 282 1544 αὐτῷ
295 1510 416 1543 indura;
426 1520 432 1527 '
447 1513 493 1539 καὶ
503 1514 588 1550 τρίτοι
600 1516 624 1541 oi.
639 1519 843 1554 προειρημένοι,

42 1552 125 1589 ἥλιον
149 1554 195 1580 καὶ
222 1554 354 1591 σελήνην,
377 1557 423 1584 καὶ
440 1558 557 1594 ἀστέρας
579 1552 734 1596 νομίζοντες
747 1552 843 1599 Ὀεοὺς,

43 1599 93 1624 καὶ
119 1600 149 1625 ἐν
171 1600 263 1632 αὐτοῖς
288 1602 436 1638 ῐπτάμενοι.
458 1605 518 1631 Ἐπὶ
540 1607 606 1632 πᾶσι
629 1607 675 1641 δὲ,
691 1609 738 1635 καὶ
765 1610 794 1636 ἐν
809 1611 843 1646 τῇ

43 1645 124 1670 κὶτω
139 1644 214 1681 χώρᾳ
242 1647 265 1672 οἱ
282 1649 338 1679 τοῖς
354 1649 467 1685 ἀψύχοις
479 1652 525 1677 καὶ
542 1654 648 1688 νεκροῖς
664 1654 783 1686 εἰδώλοις
795 1644 843 1682 ἐκζ

44 1690 183 1737 κείμενοι.
199 1693 234 1719 Τὸ
249 1693 277 1719 δὲ
289 1694 419 1730 ἀνάλογον
433 1697 481 1723 καὶ
495 1698 540 1724 ἐπὶ
554 1699 607 1725 τῶν
618 1700 688 1726 κατὰ
698 1701 744 1728 τὸν
755 1702 841 1737 Λόγον

44 1735 228 1770 εὑρίσκομεν
239 1738 264 1764 οι
276 1738 325 1773 μὲν
340 1739 396 1775 γὰρ,
410 1741 483 1776 αὐτῷ
494 1742 532 1777 τῷ
548 1742 627 1778 Λόγῳ
641 1735 839 1781 κεκόσμηνται·

40 1781 66 1806 οἱ
80 1780 111 1807 δὲ
129 1784 323 1818 παρακειμένῳ
337 1786 389 1811 τινὶ
399 1786 482 1821 αὐτῷ,
495 1787 541 1814 καὶ
551 1787 672 1816 δοκοῦντι
683 1789 751 1818 εἶναι
766 1793 840 1828 αὐτῷ

41 1826 83 1874 τίῖι
95 1828 198 1874 πρώτῳ
208 1828 297 1874 Λόγῳ,
315 1831 339 1856 οἰ
351 1831 433 1866 μηδὲν
444 1832 552 1865 ειδότες,
565 1835 589 1860 εἰ
607 1835 644 1871 μὴ
657 1836 759 1871 Ἰησοῦν
773 1826 840 1874 Χριζ

42 1871 119 1904 στὸν,
135 1873 182 1898 καὶ
196 1873 289 1900 τοῦτον
306 1875 520 1912 ἐςταυρωμένον,
538 1879 561 1904 οἱ
577 1879 622 1906 τὸν
638 1880 723 1915 Λόγον
746 1871 836 1917 σάριια

38 1917 180 1963 όρῶντες·
195 1919 240 1945 καὶ
255 1920 350 1955 τρίτοι,
361 1921 409 1954 οὓς
425 1923 478 1959 πρὸ
493 1922 608 1959 βραχέος
629 1925 788 1963 εἰρήκαμεν,
803 1928 836 1956 Τι

39 1962 69 1988 δὲ
85 1962 130 1990 δεῖ
142 1963 231 1998 λέγειν
246 1967 311 2002 περὶ
330 1967 384 1994 τῶν
409 1969 593 2004 νομιζομένων
622 1971 671 2006 μὲν
701 1962 733 1999 ἐν
757 1974 836 2010 Λόγῳ

38 2010 203 2045 τυγχάνειν.
228 2013 465 2042 ἀποπεπτωκότων
491 2016 519 2043 δὲ
539 2016 570 2043 οὐ
588 2017 669 2052 μόνον
685 2020 768 2046 αὐτοῦ
785 2021 832 2048 τοῦ

909 146 1044 180 gentibus.
1075 155 1084 171 ι
1111 145 1194 172 Vobis
1216 149 1306 172 autem
1331 152 1383 172 non
1406 145 1446 172 sic
1471 144 1543 172 dedit
1569 145 1698 174 Domitius

910 192 981 219 Deus
995 197 1067 219 tuus.
1082 191 1134 219 Sed
1146 191 1191 226 qui
1210 191 1349 218 distribuit
1373 191 1479 219 cunctis
1505 192 1632 226 gentibus
1651 200 1695 221 so-

909 239 972 272 lem,
992 243 1019 266 et
1047 239 1149 269 lunam.
1170 241 1197 264 et.
1218 245 1300 265 omne
1322 237 1383 265 ρωιί
1409 244 1601 266 ornamentum
1616 240 1696 273 Deus,

908 292 968 311 cum
993 284 1031 310 sic
1054 291 1106 310 non
1134 283 1237 310 dederit
1264 283 1374 310 I'sraeli?
1399 283 1513 311 Scilicet
1530 290 1558 312 ut
1575 285 1628 319 qui-
1643 293 1696 313 non

908 334 1019 364 possttttl
1034 329 1066 356 ad
1082 328 1278 363 intelligibilem
1295 336 1436 357 recurrere
1456 336 1590 364 naturam,
1615 331 1697 359 rebus

908 375 1049 409 corporeis
1076 382 1108 402 ac
1130 374 1179 401 sub
1204 382 1313 401 sensum
1337 375 1499 403 cadentibus
1524 377 1696 405 divinitatem

907 428 966 449 csse
989 422 1131 456 suspicati,
1150 420 1190 448 vel
1217 421 1340 447 lubenter
1356 421 1383 448 in
1406 423 1447 450 his
1472 423 1612 457 sisterent,
1643 432 1695 452 non

907 468 1022 502 prolapsi
1033 469 1065 494 ad
1082 468 1151 495 idola
1161 474 1187 496 et
1195 469 1336 496 tlmtnonia.
1347 469 1429 495 Deum
1439 469 1522 503 igitur
1530 469 1574 497 alii
1586 471 1695 504 quidem

907 514 990 541 Deum
1007 514 1195 542 universorum
1216 515 1330 546 habent;
1354 515 1399 550 qui
1421 522 1486 542 vero
1508 515 1556 542 hos
1572 516 1695 550 proxime

906 564 1066 595 sequuntur,
1090 561 1116 588 in
1137 561 1273 589 Christum
1302 562 1348 589 Dei
1375 561 1459 596 ipsius
1486 562 1585 588 Filium
1613 563 1693 590 delixi

905 611 978 634 sunt.
994 606 1078 634 Terlii
1094 614 1158 635 vero
1181 613 1243 635 sunt
1258 608 1303 643 qui
1326 607 1423 638 solem,
1447 607 1537 633 lttnatn
1560 616 1696 642 omneque

905 652 1166 680 cmliornantentum
1189 653 1267 689 [deos
1287 652 1429 688 habentes]
1452 660 1465 678 a
1484 652 1539 679 Deo
1555 653 1694 687 aberrant,

905 703 1089 726 verumtamen
1125 707 1219 726 errore
1255 699 1334 734 longe
1373 698 1537 734 prmrcllcnti
1565 704 1695 734 pratstan-

905 745 1027 779 tioreque
1059 753 1141 780 quam
1180 753 1275 773 eorum
1308 745 1353 779 qui
1390 749 1491 772 vocant
1519 745 1584 772 deos
1611 753 1694 779 Opera

900 796 1033 815 manuum
1062 789 1220 822 hominum,
1249 797 1345 816 aurum
1378 794 1406 816 et
1430 795 1592 824 argentum,
1627 791 1694 816 :Lrlis

902 835 1126 870 excogitationes.
1160 836 1195 862 At
1222 835 1343 862 omnium
1371 835 1459 862 ultimi
1488 841 1549 863 sunt
1577 837 1623 871 qui
1651 837 1693 864 di-

902 880 955 908 cati
983 886 1047 908 sunt
1072 880 1115 909 Itis
1142 881 1188 916 qtti
1223 881 1257 908 dii
1284 881 1393 916 quidem
1421 882 1566 914 dicuntur,
1607 883 1692 908 haud-

901 934 1036 962 quaquam
1077 934 1141 954 vero
1189 931 1263 954 sunt.
1313 927 1445 954 Similiter
1489 928 1571 961 igitur
1610 927 1691 962 aliqui

901 972 953 1007 53
970 973 1132 1007 participant
1146 973 1254 1008 quidem
1268 973 1351 1008 ipsius
1366 973 1463 1006 Λόγου,
1483 973 1521 1009 [Μ
1540 979 1593 1006 est,
1607 974 1692 1000 ratiu—

902 1019 953 1051 nis,
971 1018 1027 1045 sive
1041 1017 1207 1054 Sermonis],
1227 1019 1273 1054 qui
1299 1023 1341 1046 est
1367 1019 1392 1046 in
1417 1019 1563 1054 principio,
1581 1020 1627 1054 qui
1649 1025 1691 1047 est

900 1065 971 1099 apud
995 1065 1089 1096 Deum,
1114 1065 1158 1099 qtti
1181 1069 1224 1092 est
1247 1064 1330 1098 Deus,
1355 1065 1428 1091 velut
1449 1064 1545 1098 Oseas,
1565 1070 1591 1092 et
1610 1065 1687 1092 Jere-

900 1111 979 1142 tnias,
997 1115 1024 1138 et
1038 1110 1133 1144 Isaias,
1150 1116 1178 1138 et
1193 1111 1215 1138 si
1232 1110 1294 1145 quis
1314 1110 1384 1138 alius
1408 1111 1487 1137 talem
1511 1111 1630 1146 seipsum
1643 1119 1690 1138 ex-

900 1157 998 1190 hibuit.
1012 1162 1042 1185 ut
1057 1165 1148 1185 sermo
1166 1157 1284 1190 Domini,
1308 1157 1349 1184 vel
1365 1164 1454 1185 sermo
1480 1158 1514 1185 ad
1539 1166 1569 1185 se
1594 1159 1688 1191 Iierel;

899 1202 944 1229 alii
959 1211 1035 1235 vero,
1054 1203 1100 1238 qui
1119 1203 1298 1237 nihilscittnl,
1323 1203 1477 1231 uisiJesttm
1496 1204 1644 1237 Christum,
1661 1209 1689 1232 et

899 1248 970 1275 hunc
986 1248 1145 1275 crucifixum
1156 1249 1189 1281 ⁷⁸,
1203 1253 1310 1275 tantum
1327 1249 1474 1276 secundum
1486 1256 1594 1277 carnem
1607 1257 1687 1284 agno-

898 1297 977 1320 scunt
988 1293 1127 1320 Christum
1143 1294 1178 1326 ⁷³,
1197 1294 1388 1321 existimantes
1402 1301 1432 1321 se
1447 1293 1547 1321 habere
1569 1294 1688 1328 amplius

897 1338 964 1365 nihil
978 1339 1011 1366 de
1023 1337 1169 1372 Sertnone,
1185 1340 1239 1367 nisi
1255 1339 1325 1374 quod
1341 1346 1406 1366 caro
1420 1340 1509 1367 Iactus
1523 1345 1561 1367 est
1574 1348 1581 1373 ;
1598 1339 1687 1374 cujus-

897 1384 968 1411 modi
988 1388 1031 1411 est
1051 1385 1198 1413 multitudo
1222 1392 1315 1413 eorum
1338 1384 1384 1419 qui
1408 1385 1522 1412 credere
1544 1389 1684 1419 putantur.

895 1428 955 1457 1am
972 1431 1046 1458 tertii
1064 1438 1094 1458 se
1112 1432 1288 1459 sermonibus
1310 1431 1506 1466 aliquantulum
1522 1430 1598 1457 illum
1620 1430 1686 1458 Ser-

897 1483 1004 1503 monem
1022 1477 1251 1512 participantibus
1263 1478 1461 1512 applicuerunt.
1477 1477 1590 1511 perinde
1607 1476 1684 1510 quasi

897 1522 1086 1549 sermonesilli
1100 1530 1208 1550 onmem
1221 1530 1373 1550 sermonem
1388 1523 1553 1557 prmcellant.
1565 1522 1597 1548 Et
1614 1521 1685 1548 forte

897 1567 925 1594 hi
942 1572 1005 1594 sunt
1020 1569 1065 1603 qui
1082 1569 1228 1603 praeclaras
1248 1570 1273 1596 in
1294 1569 1463 1604 philosophia
1477 1572 1504 1595 et
1522 1572 1684 1602 prmstantes

897 1617 986 1640 sectas
998 1613 1069 1648 apud
1084 1614 1199 1649 gentiles
1214 1618 1356 1642 exercent.
1377 1615 1481 1647 Quarto
1499 1622 1563 1641 vero
1578 1614 1637 1642 loco
1649 1615 1683 1640 ab

895 1659 936 1686 Itis
948 1660 1108 1687 ntttnerandi
1121 1666 1185 1688 sunt
1197 1660 1234 1688 illi
1250 1661 1294 1696 qui
1308 1661 1479 1689 sermonibus
1496 1668 1607 1696 prorsus
1622 1668 1684 1688 eor-

896 1705 981 1738 rnptis
993 1709 1021 1732 et
1035 1705 1126 1740 impiis
1142 1707 1327 1739 crediderunt,
1345 1707 1499 1734 evidentem
1515 1714 1547 1734 ac
1562 1706 1617 1733 fere
1629 1707 1680 1733 sub

893 1756 1002 1776 sensum
1017 1750 1157 1778 cadentem
1171 1751 1204 1778 dc
1221 1752 1308 1779 medio
1326 1752 1452 1780 tollentes
1469 1752 1679 1783 Providentiam,

893 1795 1032 1829 aliumque
1060 1796 1140 1824 ﬁnem
1167 1798 1310 1832 quemdam
1339 1804 1437 1832 pratter
1462 1798 1562 1826 bonum
1593 1798 1679 1824 Itone-

892 1846 998 1867 stumt'e
1017 1842 1210 1875 approbantes.
1233 1843 1310 1876 Quod
1332 1844 1354 1871 si
1378 1844 1481 1879 digredi
1501 1843 1550 1870 visi
1569 1851 1678 1875 sumus,

891 1887 1032 1914 commode
1048 1893 1135 1914 tatneu
1154 1888 1180 1915 id
1196 1888 1292 1916 fecisse
1305 1897 1396 1916 remur
1407 1894 1433 1916 el
1449 1889 1583 1923 apposite,
1598 1889 1678 1915 nimi-

891 1939 949 1959 rum
969 1935 1040 1967 quud
1060 1934 1092 1960 ad
1119 1934 1164 1962 Dei
1188 1942 1284 1962 nomen
1307 1936 1418 1967 attinet,
1446 1941 1491 1961 res
1515 1940 1632 1968 quatuor
1651 1935 1676 1960 iu

889 1985 921 2004 eo
938 1978 1097 2013 inspeetttri,
1111 1985 1138 2006 ct
1153 1980 1264 2007 totidem
1283 1980 1309 2007 in
1323 1980 1433 2007 nomine
1446 1979 1542 2013 Λόγος,
1559 1978 1616 2015 [qui
1635 1984 1677 2005 est

888 2025 966 2056 ratio,
988 2025 1044 2052 sive
1058 2026 1170 2063 sermo.]
1184 2027 1247 2054 Erat
1257 2027 1329 2054 enim
1342 2025 1411 2054 Deus
1430 2027 1503 2061 [cum
1512 2025 1633 2060 articulo]
1649 2030 1676 2051 et

40 2056 139 2088 καλοῦ,
156 2057 224 2084 ἀλλὰ
236 2060 350 2087 καὶτῶν
369 2062 472 2096 ἱχνέων,
491 2063 538 2089 καὶ
550 2064 717 2099 μετεχόντων
735 2067 778 2093 αὐτ

936 2079 957 2098 IS
972 2070 1042 2106 [sine
1055 2056 1192 2108 artieule,]
1209 2071 1308 2099 deinde
1329 2073 1365 2099 dii
1379 2071 1531 2106 dupliciter.
1553 2070 1673 2103 Quorum

40 2102 185 2130 meliorem
210 2105 332 2132 ordinem
355 2106 425 2133 Deus
450 2105 566 2134 Verbum
592 2114 722 2142 superat,
746 2118 760 2136 a
791 2112 844 2140 Deo
862 2122 951 2142 rerum
967 2116 1087 2143 mnnium
1111 2117 1170 2152 ipse
1183 2102 1340 2152 superatus.
1361 2117 1393 2144 Et
1410 2125 1502 2144 rursus
1519 2122 1579 2144 erat
1597 2117 1674 2144 όΛό-

38 2158 97 2182 τος,
114 2149 238 2178 fortassis
249 2156 339 2179 autem
360 2156 387 2179 el
401 2153 495 2188 Λόγος,
513 2156 606 2182 eodem
625 2158 703 2184 modo
720 2166 774 2192 quo

935 2167 939 2189 ι
955 2162 1030 2195 Θεός.
1060 2165 1208 2191 Verborum
1229 2166 1310 2192 etiam
1327 2165 1379 2191 duo
1395 2169 1458 2191 sunt
1476 2172 1587 2198 genera,
1606 2172 1673 2198 quo-

40 2204 99 2222 rum
117 2196 234 2223 humana
255 2198 363 2232 propria
382 2204 444 2226 sunt
458 2199 508 2226 alia
523 2201 630 2236 quidem
645 2202 744 2237 Patris,
765 2207 837 2240 quod
855 2207 915 2242 ejus
938 2214 1028 2243 partes
1043 2209 1110 2242 sint,
1127 2215 1153 2237 et
1174 2211 1215 2238 his
1237 2210 1368 2243 ﬁnitima,
1383 2217 1441 2243 quae
1469 2196 1540 2237 nunc
1561 2196 1672 2238 verbum

38 2245 163 2279 apertius
184 2251 210 2273 et
233 2246 339 2281 planius
362 2248 440 2275 nobis
461 2249 601 2283 explanat,
625 2258 686 2284 qua:
706 2252 739 2279 ad
764 2252 938 2282 Servatorc'n
962 2262 1165 2292 pervenerunt.
1192 2262 1219 2284 et
1242 2257 1315 2284 omni
1333 2264 1366 2283 ex
1388 2262 1464 2291 parte
1481 2257 1507 2283 in
1526 2264 1559 2283 ro
1576 2258 1672 2286 astite-

38 2295 113 2318 runt.
139 2291 179 2319 Ac
201 2293 278 2320 tertia
303 2298 381 2327 sunt,
404 2302 463 2328 qua:
487 2300 549 2322 ante
571 2299 854 2333 commemoravimus,
875 2301 959 2328 solem
978 2309 1010 2329 ae
1029 2303 1159 2329 lunamet
1175 2303 1267 2329 stellas
1282 2303 1346 2330 deos
1359 2310 1419 2330 esse
1442 2303 1623 2331 eristimantia
1644 2310 1671 2331 et

38 2336 64 2361 iu
79 2337 121 2363 eis
139 2337 280 2365 Increntia.
297 2338 350 2366 Sed
369 2343 467 2373 prmter
489 2340 546 2367 hate
567 2343 674 2374 omnia,
695 2348 758 2370 sunt
777 2345 860 2372 etiam
877 2347 903 2373 in
921 2348 980 2375 loco
998 2348 1135 2380 inferiore,
1154 2357 1213 2383 qua:
1227 2349 1344 2375 inanima
1363 2354 1389 2375 et
1404 2354 1510 2375 mortua
1534 2348 1603 2376 idola
1625 2357 1670 2376 re-

37 2387 180 2409 netantur.
205 2382 310 2410 Similia
334 2391 441 2418 quoque
460 2384 492 2412 de
517 2386 550 2412 iis
573 2394 632 2420 qua:
651 2388 683 2414 ad
707 2387 821 2416 Verbum
846 2393 983 2425 pertinent
1007 2382 1186 2429 reperimus:
1215 2394 1267 2421 alia
1290 2394 1362 2421 enim
1382 2394 1440 2428 ipso
1461 2393 1548 2421 Verho
1572 2401 1668 2422 ornata

37 2432 119 2476 sum,-
139 2428 192 2455 alia
215 2429 307 2464 aliqtto
328 2430 352 2476 ei
380 2432 468 2458 vicino
506 2440 538 2459 ae
558 2433 694 2468 Ilttitimo,
723 2437 794 2470 quod
819 2438 934 2472 primunt
964 2440 1078 2469 Verbum
1103 2450 1164 2470 esse
1187 2443 1304 2473 videtur,
1332 2449 1391 2476 quae
1408 2441 1472 2468 nihil
1499 2441 1590 2469 sciunt
1616 2443 1667 2471 nisi

71 2475 95 2491 ⁷⁸
112 2474 198 2501 Ιαιὶτ.
215 2483 244 2506 ιι,
263 2476 290 2502 2.
327 2475 350 2492 ⁷⁸
367 2476 385 2503 Il
399 2476 461 2504 Cor.
476 2485 501 2509 ν,
520 2479 563 2506 16.

148 2519 286 2561 [ἐταρτρι
299 2521 333 2548 δὲ
349 2522 428 2561 παρὰ
442 2524 579 2561 τούτους,
602 2529 654 2552 etc.
675 2526 810 2561 Epicurei.

81 2555 128 2594 8(5)
148 2553 204 2581 Ὧν
223 2556 275 2583 τοῦ
299 2553 468 2594 κρείτέονος
483 2553 647 2594 aint-time,
669 2553 721 2588 etc.
742 2553 828 2590 Totus

36 2589 81 2617 ille
103 2590 190 2630 Iocus,
212 2589 345 2630 usquzLad
363 2589 440 2630 οὗτος
452 2592 485 2630 ἦν
503 2589 729 2630 ἐν’ὰρχῇ’,ἰιιιειιι
747 2589 825 2624 uncis

37 2625 232 2663 etmclusimus,
248 2627 272 2652 in
291 2625 450 2663 Ferrariana
463 2625 699 2663 interpretii-liene
718 2631 823 2658 deside-

38 2661 162 2691 rabatur,
180 2667 260 2694 quem
281 2669 328 2688 nos
342 2669 357 2688 e
373 2661 674 2694 l’erionimta,‘mutatis
687 2666 821 2693 duntaxat

38 2695 189 2725 nonnullis,
210 2696 405 2733 sttpplevitttus.
430 2697 499 2724 Idem
522 2706 628 2733 quoque
651 2700 678 2726 itt
698 2705 755 2726 toto
773 2702 822 2729 huc

36 2737 118 2762 opere
137 2737 151 2768 ι)
173 2730 250 2757 nobis
277 2732 376 2768 laetum
399 2738 457 2768 est,
484 2730 696 2768 quotiescunque
725 2735 820 2762 Ferru-

39 2771 114 2792 nana
142 2764 330 2798 interpretatio
360 2764 516 2800 deliriehai,
535 2769 604 2801 quod
627 2764 819 2806 neununtpnnn

879 2530 1036 2570 contingere
1060 2532 1280 2570 observavimus,
1303 2541 1365 2561 cum
1391 2542 1468 2562 error
1490 2536 1587 2570 aliquis
1618 2544 1665 2564 oc~

878 2566 973 2604 currit,
990 2566 1062 2604 velut
1081 2567 1105 2593 in
1128 2567 1161 2593 iis
1177 2575 1235 2601 quae
1257 2576 1428 2602 sequuntur:
1449 2566 1546 2604 nempe
1564 2571 1661 2598 Filium

876 2599 949 2626 Patri
968 2600 1122 2628 inferiorem
1144 2599 1241 2636 posuit,
1261 2599 1309 2636 pro
1328 2612 1403 2631 more
1417 2613 1477 2636 suo,
1501 2599 1529 2632 tit
1552 2606 1578 2632 in
1600 2607 1662 2633 0r:-

875 2635 1198 2674 peitinuishprobavimus.
1216 2635 1280 2674 Quae
1305 2639 1416 2674 suhjteit
1434 2635 1522 2666 autem
1544 2641 1576 2667 de
1601 2649 1661 2667 Ver-

875 2669 969 2710 borum
986 2670 1155 2710 ditleruntiis,
1174 2670 1259 2699 [utilia
1275 2681 1341 2700 sane
1355 2669 1432 2706 Sunt,
1448 2683 1481 2703 ne
1504 2675 1568 2710 quid
1586 2675 1662 2709 pejus

875 2704 973 2731 dit-am.
995 2705 1124 2733 “manus.

912 2740 967 2774 (s7,
995 2740 1167 2775 ἰ’περέβιν.
1185 2741 1254 2777 Lege
1274 2741 1414 2779 ὑπερέχει.
