1870 3046
179 56 232 85 Ηῐι

910 52 988 81 OlilG
995 51 1072 79 ENiS

1764 53 1814 80 “6

178 114 270 143 Jesum
283 114 439 147 Christnm,‘
450 119 475 142 et
493 115 564 142 hunc
586 112 746 141 cruciﬁxum
765 113 797 145 ⁸ο,
815 113 965 146 eademque
987 109 1104 138 Verbum
1120 118 1228 139 canem
1245 112 1344 140 vident.
1360 112 1449 140 Tertia
1467 113 1559 146 etiam,
1576 120 1636 148 quae
1652 112 1734 148 paulo
1753 119 1814 140 ante

179 162 311 190 diximus.
327 161 398 196 Quid
416 168 481 189 vero
497 161 594 187 attinet
608 160 640 188 de
658 160 691 187 iis
711 160 813 191 dicere,
832 157 918 194 quiin
934 155 1022 183 Verbo
1035 163 1095 183 esse
1109 157 1312 190 existimantur,
1333 159 1379 186 seti
1400 166 1451 186 non
1469 158 1557 187 solum
1576 158 1609 186 ab
1625 159 1750 193 honesto,
1770 167 1813 188 vc-

180 219 240 240 rnm
256 211 337 238 etiam
354 210 388 237 ab
401 209 459 244 ejus
476 209 607 244 vestigiis,
627 213 708 242 atque
721 207 753 234 iis
764 206 809 240 qui
826 206 884 241 ejus
898 208 962 232 Stllll
977 203 1132 240 participes,
1148 206 1330 233 aberrarunt?

217 257 273 293 54
289 257 315 285 4.
337 257 388 284 llic
409 260 466 284 erat
489 257 516 283 in
540 255 670 291 principio
697 254 767 289 apud
791 253 885 281 Deum.
907 251 953 279 Tri

1077 272 1084 279 .
1102 250 1194 286 Οὗτος
1211 251 1250 289 ἦν
1264 254 1300 280 ἐν
1319 252 1398 287 ἀρχῇ
1415 253 1490 287 πρὸς
1510 255 1563 281 τὸν
1582 255 1665 281 Hadr.
1690 253 1740 280 Διά
1764 253 1815 280 τῶν

180 307 232 333 bus
247 304 383 340 praedictis
402 302 644 338 propositionibus,
664 306 719 328 tres
735 300 845 328 ordines
857 306 906 326 nos
923 299 970 326 do-

181 358 246 378 cens
271 349 449 384 evangelista,
466 349 517 376 tria
533 348 558 374 in
577 355 659 374 unum
681 346 831 377 connectit,
850 345 943 372 dicens
960 352 968 371 :

184 407 194 423 ι
207 396 256 424 llic
271 401 331 423 erat
350 396 376 422 in
390 394 523 430 principio
539 394 608 429 apud
626 393 719 421 Deum.
735 403 743 419 I
763 392 790 419 ln
806 392 894 427 prima
907 399 970 426 pro-

182 443 317 478 positione
342 441 487 469 didicimus
508 441 535 468 in
559 448 614 475 quo
635 445 694 468 erat
720 439 817 474 Λόγος,
843 438 969 465 videlicet

181 489 253 522 quod
268 489 293 515 in
310 487 446 523 principio
460 495 468 515 :
481 491 508 514 et
525 487 595 521 apud
606 493 686 521 quem
700 485 744 514 bic
759 490 828 518 erat,
843 484 971 512 videlicet

181 534 253 570 quod
268 534 338 568 apud
355 533 437 560 Deum
451 541 459 566 ;
475 537 503 560 et
515 533 641 567 quisnam
655 532 740 567 Λόγος
758 537 827 564 crat,
845 531 971 558 videlicet

181 580 252 615 quod
271 581 350 607 Deus.
366 579 506 615 Tanquam
520 587 586 614 ergo
596 579 786 607 demonstrans
799 578 970 610 Sermonem,

181 634 261 662 quem
279 630 343 654 ante
359 626 465 653 dixerat
481 626 563 653 Deutn
581 633 629 660 per
644 625 802 660 particulam
819 634 829 650 ι
847 625 903 657 bic,
921 634 929 650 ι
945 629 971 652 et

182 674 209 700 in
225 677 349 708 quartam
366 672 576 708 propositionem
591 679 760 708 congregans
783 672 848 699 illud
862 672 897 704 5‘,
913 681 921 697 ι
942 672 969 698 ln

181 717 316 752 principio
336 721 395 745 erat
417 717 534 748 Sermo,
550 720 577 743 et
597 715 693 743 Sermo
709 721 769 743 erat,
787 715 857 751 apud
874 716 969 748 Deam,

181 769 209 794 et
226 765 295 791 Deus
311 769 369 791 erat
383 763 427 790 ilie
435 763 556 795 Sermo,1
570 762 658 797 inquit
673 771 679 789 :
696 771 705 787 ι
722 761 770 789 llic
789 763 884 789 eratin
898 762 972 796 prin-

183 809 254 844 cipio
270 809 340 844 apud
359 809 453 836 Deum.
473 817 482 834 ι
499 807 591 836 Potest
614 813 704 836 tamen
719 808 845 842 principii
871 815 970 834 nomen

183 855 254 882 sumi
274 854 355 882 etiam
373 855 406 881 de
422 853 557 888 principio
581 854 685 886 mutuli,
703 853 907 881 addiscentibus
924 859 972 879 no-

182 900 225 927 bis
238 907 287 934 per
297 900 354 927 haec
368 900 450 932 dicta,
466 900 707 931 Sermonemiillum
718 900 898 934 antiquiorem
912 905 972 925 esse

183 946 264 974 t‘ebus
281 953 295 972 a
313 945 447 980 principio
465 945 554 973 laetis.
572 944 640 972 Nam
657 946 679 972 si
701 954 710 970 ι
724 945 749 972 in
764 945 896 980 principio
910 944 971 971 fecit

183 991 256 1019 Deus
269 992 367 1019 carlum
387 996 414 1018 ct
429 996 528 1019 terram
543 991 577 1023 ⁸³,
600 1000 609 1017 ›
628 991 732 1018 clarum
747 995 789 1017 est
811 990 836 1017 id
851 991 921 1024 quod
943 990 970 1016 in

183 1037 316 1071 principio
329 1043 399 1070 erat,
421 1037 559 1072 antiquius
570 1044 630 1064 esse
646 1043 679 1064 eo
694 1037 766 1071 quod
794 1036 819 1062 in
837 1036 972 1070 principio

182 1083 283 1112 factum
313 1088 374 1110 est:
390 1090 441 1111 nec
457 1084 543 1110 solutn
563 1083 734 1110 ﬁrmamento
757 1087 784 1110 et
811 1082 897 1114 arida,
925 1082 971 1109 sed

182 1129 252 1156 caelo
262 1132 288 1156 et
304 1133 376 1156 terra
397 1129 494 1157 Sermo
509 1129 554 1157 ille
570 1133 612 1156 est
626 1129 770 1163 antiquior.
789 1127 870 1155 Forte
880 1133 970 1155 autent

183 1182 234 1204 non
252 1175 369 1202 absurde
379 1175 440 1209 quis
452 1175 571 1210 inquirat
583 1183 669 1210 quare
682 1183 733 1202 non
744 1175 779 1202 sit
793 1174 892 1201 dictum
906 1181 929 1198 ιι
944 1173 970 1199 1η

183 1220 318 1255 principio
329 1225 389 1248 erat
400 1221 495 1248 Sermo
511 1221 558 1248 Dei
571 1229 577 1254 ;
601 1225 628 1248 et
657 1221 753 1248 Sermo
766 1219 811 1247 Dei
826 1225 886 1246 erat
900 1218 971 1254 apud

183 1265 269 1294 Deum
280 1274 287 1298 ;
298 1270 324 1292 et
334 1265 405 1293 Deus
414 1271 474 1293 erat
487 1266 532 1293 ille
549 1266 648 1293 Sermo
665 1265 740 1292 Dei.»
756 1265 808 1292 Sed
824 1265 972 1300 consequi-

184 1315 229 1337 tur
242 1314 270 1337 ut
285 1311 330 1346 qui
346 1311 444 1346 quaerit
464 1320 513 1340 cur
534 1313 642 1340 tandem
659 1319 712 1339 n0n
728 1312 861 1346 scriptum
878 1312 924 1344 sit,
944 1311 970 1339 In

183 1355 319 1394 principio
334 1363 392 1385 erat
410 1358 506 1386 Sermo
520 1358 578 1392 Dei,
596 1363 623 1385 et
635 1366 694 1393 qua:
706 1363 865 1392 sequuntur,
882 1358 972 1393 plures

183 1404 307 1434 enttntiet
325 1414 384 1434 esse
396 1404 555 1437 Sermones,
572 1409 598 1431 et
613 1404 729 1432 fortasse
742 1404 840 1431 diversi
854 1405 970 1439 generis.

182 1451 232 1481 Vel
248 1459 317 1479 unus
330 1453 437 1486 quidem
453 1450 560 1479 eritDei
572 1449 678 1482 Sermo,
688 1449 767 1483 alter,
784 1455 813 1477 ut
826 1451 861 1477 ita
871 1451 970 1483 dicam,

185 1497 343 1532 angelorum
365 1497 472 1530 Sermo,
492 1498 563 1526 alius
585 1497 648 1526 item
667 1497 822 1530 hominum,
844 1502 868 1524 et
889 1497 925 1524 ita
944 1498 970 1525 in

184 1544 292 1571 caeteris
306 1543 494 1572 Sermonibus.
513 1544 589 1577 Quod
608 1545 629 1571 si
642 1543 903 1571 vocabulum'Set-nta
921 1545 972 1571 boc

185 1589 266 1618 modo
278 1597 307 1617 se
327 1590 448 1623 habebit,
470 1591 540 1617 idem
553 1591 678 1619 fortassis
695 1591 860 1618 censendmn
871 1592 924 1618 erit
939 1592 971 1618 de
985 1601 1008 1632 ρ

185 1635 318 1670 sapientia
334 1640 361 1663 et
373 1637 406 1663 de
417 1636 532 1670 justitia.
553 1636 706 1665 Absurdum
723 1643 764 1666 est
776 1643 864 1666 antem
883 1639 973 1666 dicere

187 1681 280 1715 plures
294 1682 369 1709 vocis
382 1682 461 1717 bujus
479 1682 573 1710 Sermo
590 1688 728 1719 compotes
747 1684 816 1717 ﬁeri,
835 1689 862 1711 et
883 1684 972 1719 lmjns,

188 1727 336 1761 sapientia;
352 1733 380 1756 et
401 1728 483 1763 illius,
500 1728 618 1763 justitia.
639 1730 838 1758 Convincemur
858 1731 938 1758 etiam
958 1739 973 1758 a

187 1773 312 1806 veritate,
330 1774 441 1801 ntinime
452 1782 468 1801 a
480 1775 557 1802 nobis
575 1776 658 1810 quaeri
671 1781 798 1811 oportere
813 1777 903 1811 plures
916 1785 974 1804 ser-

188 1827 293 1852 mones,
315 1824 342 1848 et
360 1821 518 1855 sapientias,
537 1827 564 1850 et
578 1822 712 1857 justitias,
732 1831 793 1857 qua:
814 1824 922 1859 proprie
935 1824 974 1852 sie

187 1865 370 1894 nominentur.
378 1866 444 1894 Nam
453 1869 638 1903 unusquisque
646 1870 820 1898 conﬁteretur
827 1878 906 1898 unam
915 1878 975 1898 esse

188 1911 342 1946 veritatem,
366 1921 417 1942 nec
433 1915 545 1942 auderet
570 1915 668 1951 aliquis
689 1916 791 1948 dicere,
810 1916 891 1943 aliam
915 1924 974 1944 esse

189 1959 237 1987 Dei
251 1960 404 1993 veritatem,
423 1960 504 1988 aliam
520 1961 690 1996 angelorum,
704 1962 784 1990 aliam
809 1962 949 1989 bomimnn
966 1971 973 1994 ;

188 2014 250 2033 eum
268 2006 296 2034 in
313 2011 410 2035 natura
421 2007 525 2034 entium
543 2015 595 2034 una
610 2009 647 2036 sit
658 2009 691 2036 de
708 2016 870 2043 unaquaque
889 2015 918 2035 re
930 2016 974 2035 ve-

188 2052 266 2079 ritas.
274 2052 351 2087 Quod
366 2053 387 2080 si
397 2053 498 2081 veritas
513 2058 554 2081 est
571 2062 637 2087 una,
651 2055 821 2089 perspicuum
835 2059 877 2081 est
893 2054 975 2080 etiam

189 2097 364 2130 sapientiam,
381 2105 441 2133 qua:
453 2099 623 2126 conﬁrmatio
639 2104 668 2126 et
682 2098 877 2126 demonstratio
892 2099 975 2133 ipsius

190 2147 234 2170 est
253 2143 391 2175 veritatis,
417 2145 514 2172 merito
538 2144 652 2179 intelligi
678 2152 758 2172 unam
781 2151 841 2172 esse
856 2154 863 2173 :
877 2145 976 2180 quippe

188 2196 251 2216 tum
263 2195 296 2217 ne
306 2195 338 2216 ea
356 2190 463 2224 quidem
478 2198 538 2225 qua:
557 2190 707 2225 appellatur
717 2190 860 2225 sapientia,
877 2198 973 2218 nomen

189 2242 268 2262 suum
286 2239 359 2263 recte
372 2236 439 2264 tueri
458 2241 551 2270 queat,
566 2236 588 2262 si
612 2243 665 2263 non
680 2237 751 2264 adsit
770 2237 882 2265 veritas.
897 2237 974 2270 Quod

190 2281 213 2308 si
233 2281 333 2309 veritas
357 2290 421 2315 una,
442 2286 470 2309 et
488 2281 621 2316 sapientia
639 2290 692 2309 una
714 2287 774 2317 est,
798 2291 866 2311 unus
892 2285 971 2312 etiam
989 2279 1012 2307 Β

189 2327 286 2356 Sermo
301 2329 337 2356 sit
348 2332 467 2364 oportet,
481 2328 645 2357 annuntians
656 2330 808 2364 veritatem,
820 2335 847 2359 et
867 2332 974 2366 sapien-

191 2375 255 2402 tiam
271 2383 362 2402 rerum
378 2383 473 2403 carum
489 2383 548 2409 quae
574 2376 713 2411 simplices
728 2382 791 2404 sunt
810 2382 837 2404 et
861 2383 973 2413 apertae,

188 2421 222 2447 ad
238 2421 291 2456 55
310 2428 357 2449 eos
377 2421 422 2455 qui
439 2425 502 2448 sunt
518 2428 644 2455 capaces.
660 2422 715 2448 Nec.
729 2423 780 2450 boc
792 2423 907 2450 dicimus
926 2432 973 2450 ne-

189 2473 284 2501 gantes
297 2475 357 2495 esse
371 2467 514 2494 veritatem
531 2472 557 2494 et
572 2469 747 2503 sapientiam,
761 2474 787 2496 et
810 2469 971 2498 Sermonem

189 2513 249 2546 Dei,
266 2514 313 2541 sed
329 2513 502 2540 ostendentes
526 2513 669 2542 utilitatem
690 2514 725 2541 ob
749 2522 830 2548 quam
852 2523 970 2549 evange—

191 2558 251 2586 lista
269 2557 376 2584 reticttit
389 2557 436 2584 Dei
452 2558 623 2590 vocabulum,
641 2566 693 2585 non
707 2558 844 2585 scribens:
856 2559 881 2585 In
896 2559 971 2593 prin-

189 2602 260 2636 ripio
281 2606 341 2629 erat
360 2601 456 2628 Sermo
474 2602 530 2628 Dei.
548 2602 620 2628 Idem
643 2607 733 2630 autem
752 2603 870 2631 Joannes
889 2605 970 2631 etiam

187 2654 248 2675 eum
263 2646 398 2674 atlditione
416 2656 426 2672 ι
442 2647 486 2674 Dei
503 2657 512 2672 ι
532 2648 723 2675 uominatemn
743 2649 769 2675 in
786 2649 963 2684 Apocalypsi,

221 2713 245 2731 δ’)
260 2713 268 2740 l
284 2713 344 2741 Cor.
365 2722 393 2746 ll,
406 2714 433 2740 ‘2.
472 2715 491 2730 ⁰¹
504 2715 580 2742 Joan.
596 2723 615 2747 ι,
638 2716 662 2747 l,
680 2715 707 2742 2.
743 2717 764 2731 ⁸⁸
779 2716 846 2743 Gen.
859 2725 877 2749 t,
893 2718 917 2743 l.

1021 300 1228 335 προειρημένων
1243 300 1326 336 τριῶν
1342 299 1500 334 προτάσεων
1523 300 1651 335 τάγματα
1668 301 1732 335 τρία
1749 300 1815 326 διδ-ί-

1021 344 1069 377 ξας
1085 345 1159 380 ἡμᾶς
1180 345 1195 371 ό
1211 345 1405 381 εὐαγγελιστὴς
1430 344 1678 379 συγκεφαλαιοῦται
1700 344 1735 371 τὰ
1751 345 1815 380 τρία

1020 391 1061 422 εἰς
1075 390 1114 423 ἓν,
1129 390 1215 425 λέγων
1225 391 1264 417 τό·
1281 400 1290 417 ε
1305 387 1389 423 Οὗτος
1400 389 1433 427 ἦν
1448 392 1476 418 ἐν
1487 392 1557 427 ἀρχῇ
1570 391 1640 426 πρὸς
1653 391 1698 417 τὸν
1712 391 1791 417 Θεόν.
1806 401 1814 415 ι

1021 436 1132 473 Πρῶτον
1145 437 1173 464 δὲ
1186 437 1241 464 τῶν
1253 437 1336 473 τριῶν
1354 437 1555 474 μεμαθήκαμεν
1569 437 1599 463 ὲν
1615 436 1668 463 τίνι
1680 434 1714 472 ἦν
1732 437 1746 463 ὁ
1762 436 1814 463 Λό-

1021 491 1085 517 γος,
1098 483 1139 510 ὅτι
1150 484 1179 510 ἐν
1195 484 1265 520 ἀρχῇ
1281 492 1288 500 ο
1306 484 1353 511 καὶ
1369 483 1436 519 πρὸς
1453 483 1514 510 τίνα
1527 480 1605 514 οὗτος
1620 480 1669 518 ἦν,
1687 483 1730 509 ὅτι
1748 484 1816 518 πρὸς

1021 529 1066 555 τὸν
1080 529 1146 556 Θεόν
1157 538 1163 544 ·
1186 530 1233 556 καὶ
1254 530 1295 562 τίς
1316 531 1330 557 6
1355 530 1440 565 Λόγος
1454 527 1502 567 ἦν,
1517 529 1557 556 ὅτι
1571 529 1648 561 Θεός.
1665 529 1756 555 Οίονεὶ
1772 526 1817 555 οὖν

1021 575 1128 607 δεικνὺς
1135 576 1180 602 τὸν
1189 576 1387 612 προειρημένον
1395 576 1463 603 Θεὸν
1469 576 1557 609 Λόγον
1563 575 1607 602 διὰ
1625 575 1673 602 τοῦ
1683 585 1692 601 ι
1702 573 1794 607 οὗτος,
1806 585 1814 599 ›

1022 623 1068 649 καὶ
1082 622 1205 657 συνάγων
1216 623 1255 654 εἰς
1268 622 1400 658 τετάρτην
1414 621 1545 658 πρότασιν
1555 621 1585 647 τό
1595 630 1624 648 τε
1633 629 1641 638 ’
1655 631 1664 646 ι
1686 621 1733 648 Ἐν
1746 622 1817 656 ἀρχῇ

1022 667 1055 704 ἦν
1071 670 1085 695 ό
1097 668 1196 703 Λόγος,
1214 679 1223 695 ›
1243 669 1290 695 καὶ
1306 668 1350 694 τό·
1369 678 1378 693 ι
1405 668 1434 694 '0
1448 668 1534 702 Λόγος
1545 665 1578 702 ἦν
1594 667 1663 703 πρὸς
1677 667 1724 694 τὸν
1739 667 1816 696 Θεὸν,

1022 715 1069 741 καὶ
1086 714 1152 746 Θεὸς
1166 712 1199 750 ἦν
1213 715 1227 740 6
1241 714 1342 748 Λόγος,
1361 723 1370 739 ›
1391 713 1472 747 φησίν
1483 721 1490 727 ·
1515 721 1524 738 ι
1542 709 1625 743 υῦτος
1642 709 1676 747 ἦν
1699 712 1730 738 ὲν
1745 711 1816 746 ἀργῇ

1023 760 1093 796 πρὸς
1101 760 1146 787 τὸν
1154 759 1229 786 Θεόν.
1247 770 1256 784 ι
1267 759 1382 786 Δύναται
1393 759 1482 794 μέντοι
1491 767 1522 793 γε
1534 759 1564 785 τὸ
1572 758 1621 793 τῆς
1632 758 1721 794 ἀρχῆς
1732 758 1817 792 όνομι

1022 806 1206 842 λαμϐάνεσθαι
1223 806 1269 832 καὶ
1280 806 1326 832 ἐπὶ
1340 806 1388 841 τῆς
1400 805 1447 831 τοῦ
1471 805 1574 840 κόσμου
1595 804 1693 839 ἀρχῆς,
1712 803 1817 839 μανθα-

1023 851 1121 878 νόντων
1134 851 1212 886 ἡμῶν
1228 851 1272 878 διὰ
1288 851 1341 878 τῶν
1357 850 1512 885 λεγομένων
1522 871 1530 883 ,
1543 851 1585 877 ὅτι
1600 850 1791 886 πρεσϐύτερος
1806 852 1819 876 ό

1023 898 1109 932 Λόγος
1120 897 1174 924 τῶν
1191 898 1317 933 ἀπαρχῆς
1328 897 1481 933 γενομένων
1492 895 1535 932 ἧν.
1559 897 1590 923 ΕΞ
1605 896 1659 931 γὰρ
1676 905 1685 922 ι
1703 897 1733 922 ἐν
1747 897 1818 932 ἀρχῇ

1024 945 1151 980 ἐποίησεν
1167 945 1181 971 ὁ
1197 945 1263 977 Θεὸς
1281 945 1325 972 τον
1338 945 1451 981 οὐρανόν
1474 945 1521 971 καὶ
1538 945 1587 980 τὴν
1607 944 1658 979 γῆν
1670 965 1677 975 ,
1698 955 1707 969 ι
1726 945 1757 970 τὸ
1780 944 1819 974 δὲ,

1023 992 1051 1017 ἐν
1074 991 1144 1027 ἀρχῇ
1165 989 1214 1027 ἧν,
1227 991 1320 1026 σαφῶς
1338 990 1524 1026 πρεσϐύτερόν
1549 991 1607 1016 ἐστι
1632 990 1680 1016 τοῦ
1697 991 1726 1016 ἐν
1746 991 1818 1025 ἀρχῇ

1024 1039 1207 1073 πεποιημένου
1228 1038 1258 1064 οὐ
1283 1037 1362 1073 μόνον
1375 1037 1566 1073 στερεώμςιτος
1579 1037 1626 1064 καὶ
1638 1037 1737 1072 ξηρᾶς,
1752 1037 1820 1063 am

1022 1083 1136 1120 οὐρανοῦ
1154 1085 1201 1110 καὶ
1215 1084 1265 1119 γῆς
1281 1083 1466 1119 πρεσϐύτερός
1474 1084 1547 1109 εστιν
1561 1084 1575 1109 ὁ
1586 1083 1682 1116 Λόγος.
1699 1083 1778 1116 Τάχα
1792 1083 1818 1109 δὲ

1026 1131 1075 1157 οὐκ
1085 1130 1193 1161 ἀτόπως
1203 1139 1244 1162 τις
1257 1130 1373 1165 ζητήσαι
1391 1129 1423 1156 ἂν
1436 1129 1480 1155 διὰ
1491 1129 1517 1155 τί
1532 1129 1582 1155 οὐκ
1594 1129 1701 1164 εἴρηται
1715 1136 1722 1142 '
1741 1139 1749 1153 ι
1777 1129 1818 1154 Ἐν

1023 1179 1093 1214 ἀρχῇ
1106 1176 1138 1213 ἦν
1152 1178 1166 1204 ὁ
1178 1177 1264 1211 Λόγος
1278 1176 1325 1202 τοῦ
1341 1175 1423 1202 Θεοῦ’
1442 1176 1488 1202 καὶ
1505 1176 1518 1201 6
1535 1175 1621 1209 Λόγος
1635 1174 1682 1201 τοῦ
1701 1175 1771 1201 Θεοῦ
1788 1174 1821 1210 ἦν

1023 1224 1090 1260 πρὸς
1104 1223 1148 1250 τὸν
1161 1223 1226 1249 Θεόν
1237 1232 1243 1238 ³
1261 1223 1308 1249 καὶ
1320 1222 1386 1262 Εξεὸς
1399 1220 1432 1256 ἦν
1446 1223 1460 1247 6
1476 1221 1561 1255 Λόγος
1572 1220 1619 1247 τοῦ
1634 1221 1730 1247 Θεοῦ.)
1742 1222 1819 1248 ’Λιιί-

1023 1269 1116 1296 λουθεν
1127 1269 1156 1296 δέ
1173 1269 1230 1295 ἐστι
1241 1268 1285 1295 τον
1302 1267 1434 1303 ζητοῦντα
1450 1267 1476 1293 τί
1490 1267 1589 1301 δήποτε
1604 1267 1633 1293 οὐ
1649 1267 1819 1302 γέγραπται,

1027 1326 1035 1341 ι
1047 1315 1091 1341 Ἐν
1105 1315 1175 1352 ἀρχῇ
1188 1312 1221 1349 ἦν
1232 1315 1246 1340 6
1258 1314 1343 1348 Λόγος
1359 1313 1405 1339 τοῦ
1416 1312 1495 1345 Θεοῦ,
1508 1322 1517 1338 ›
1530 1313 1577 1339 καὶ
1593 1312 1626 1339 τὰ
1640 1312 1715 1347 ἑξῆς,
1730 1313 1821 1339 πλείο-

1023 1370 1071 1393 νας
1087 1360 1284 1395 ἀποφαίνεσθαι
1308 1360 1418 1395 λόγους,
1437 1359 1483 1386 καὶ
1497 1359 1568 1394 τάχα
1585 1360 1766 1395 ἑτερογενεῖς.
1785 1360 1819 1386 Ἦ

1022 1408 1036 1434 ὁ
1053 1408 1101 1443 μέν
1111 1417 1153 1440 τις
1164 1408 1209 1434 τοῦ
1222 1406 1290 1434 Θεοῦ
1304 1407 1400 1440 Λόγος¹
1412 1406 1504 1441 ἕτερος
1519 1405 1556 1438 δὲ,
1571 1405 1636 1441 φέρε
1649 1406 1749 1437 εἰπεῖν,
1769 1407 1818 1439 ἀγ-

1023 1455 1109 1489 γέλων
1127 1455 1211 1488 Λόγος
1224 1474 1231 1485 ,
1248 1453 1295 1480 καὶ
1311 1453 1390 1484 ἄλλος
1406 1451 1556 1488 ἀνθρώπων
1567 1471 1574 1483 ,
1597 1452 1644 1478 καὶ
1668 1451 1757 1483 οὕτως
1775 1453 1821 1478 ἐπὶ

1023 1501 1076 1527 τῶν
1089 1500 1189 1527 λοιπῶν
1201 1500 1298 1533 λόγων.
1317 1499 1348 1525 Εἰ
1364 1499 1392 1525 δὲ
1403 1499 1508 1533 Λόγος,
1525 1497 1594 1532 τάχα
1611 1498 1658 1523 καὶ
1678 1498 1762 1532 σοφία
1775 1499 1820 1524 καὶ

1023 1545 1191 1580 δικαιοσύνη.
1208 1545 1323 1570 ’Λτοπον
1334 1544 1362 1570 δὲ
1374 1543 1499 1574 πλείονας
1513 1543 1626 1577 φάσκειν
1637 1543 1698 1575 τῆς,
1711 1543 1819 1577 Λόγος.

1025 1591 1211 1626 προσηγορίας
1225 1590 1327 1626 κυρίως
1341 1590 1495 1624 τυγχάνειν,
1512 1589 1558 1615 καὶ
1575 1590 1607 1624 τῇ
1624 1588 1707 1624 σοφίᾳ.
1723 1589 1773 1615 καὶ
1788 1592 1823 1623 τῇ

1024 1636 1180 1672 δικαιοσύνῃ
1195 1636 1261 1672 (88).
1278 1636 1332 1662 Καὶ
1348 1635 1560 1671 πληχθησόμεθα
1577 1635 1645 1670 πρὸς
1659 1635 1689 1660 τὸ
1711 1634 1750 1670 μὴ
1767 1635 1822 1661 δεῖ·-Ι

1025 1684 1115 1716 ζητεῖν
1133 1683 1258 1715 πὶείονας
1283 1682 1379 1717 λόγους
1394 1682 1440 1709 καὶ
1458 1681 1614 1716 σοφίαςκαὶ
1629 1681 1822 1713 δικαιοσύνας,

1025 1730 1127 1766 κυρίως
1140 1728 1226 1761 οὕτως
1240 1729 1438 1764 ὀνομαζόμενα,
1452 1728 1506 1755 ἀπὸ
1529 1728 1578 1763 τῆς
1602 1727 1741 1762 ἀληθεξας.
1764 1728 1823 1759 Ili;

1024 1777 1078 1812 γὰρ
1093 1776 1216 1803 ὁστισοῦν
1229 1776 1394 1811 ὁμολογήσαι
1404 1775 1436 1801 ἂν
1454 1775 1518 1810 μίαν
1532 1772 1599 1801 εἶναι
1618 1774 1667 1810 τὴν
1677 1774 1823 1809 ἀλήθειαν.

1026 1823 1063 1849 Οὐ
1078 1823 1131 1859 γὰρ
1148 1824 1195 1849 καὶ
1218 1823 1260 1849 ἐπ’
1278 1822 1363 1858 αὐτῆς
1378 1821 1513 1857 τολμήσαι
1539 1830 1581 1852 τις
1606 1820 1697 1855 λέγειν
1723 1821 1825 1856 ἑτέραν

1025 1870 1095 1898 εἶναι
1119 1871 1167 1906 τὴν
1184 1870 1231 1897 τοῦ
1248 1870 1315 1897 Θεοῦ
1339 1869 1485 1906 ἀλήθειαν,
1504 1869 1551 1896 καὶ
1578 1868 1675 1904 ἑτέραν
1693 1868 1744 1903 τὴν
1769 1869 1825 1895 τῶν

1026 1918 1160 1953 ἀγγέλων,
1179 1918 1228 1945 καὶ
1244 1917 1327 1953 ἄλλην
1344 1916 1392 1951 τὴν
1409 1915 1462 1942 τῶν
1479 1915 1648 1951 ὰνθρώπιυψ
1668 1916 1698 1941 ὲν
1713 1915 1774 1951 γὰρ
1789 1918 1824 1951 τῇ

1026 1965 1105 1999 φύσει
1117 1963 1169 1991 τῶν
1184 1963 1278 1996 ὅντων,
1298 1962 1345 1998 μία
1362 1963 1378 1997 ὴ
1397 1962 1462 1997 περὶ
1476 1961 1590 1989 ἑκάστου
1607 1961 1734 1996 ἀλήθεια.
1747 1962 1781 1988 Εἰ
1796 1962 1825 1988 δὲ

1025 2010 1137 2046 ἀλήθεια
1157 2010 1215 2045 μία,
1230 2008 1350 2045 δηλονότι
1361 2008 1434 2043 καὶὴ
1451 2007 1608 2042 κατασκευὴ
1624 2007 1712 2042 αὐτῆς
1737 2007 1788 2034 καὶ
1809 2009 1826 2041 ἡ

1026 2055 1160 2088 ἀπόδειξις
1175 2055 1255 2090 σοφία
1268 2054 1450 2090 τυγχάνουσα,
1469 2053 1518 2089 μία
1534 2054 1651 2088 εὐλόγως
1666 2053 1700 2080 ἂν
1721 2055 1827 2086 νοοῖτο,

1027 2102 1117 2136 πάσης
1139 2101 1187 2136 τῆς
1210 2100 1390 2136 νομιζομένης
1403 2099 1517 2134 σοφίας,
1546 2099 1576 2126 οὐ
1600 2098 1763 2135 κρατούσης
1776 2100 1827 2134 τῆς

1025 2147 1154 2182 ἀληθείας
1165 2167 1172 2178 ,
1193 2147 1253 2173 οὐδὲ
1270 2146 1365 2181 σοφίας
1381 2146 1414 2173 ἂν
1430 2145 1515 2180 ὑγιῶς
1535 2145 1774 2181 χρηματιζούσης.
1794 2146 1827 2172 ΕΞ

1025 2193 1047 2220 δ’
1064 2193 1176 2228 ἀλήθεια
1193 2192 1250 2228 μία,
1266 2192 1314 2219 καὶ
1335 2192 1414 2226 σοφία
1439 2192 1503 2227 μία,
1522 2193 1569 2219 καὶ
1583 2191 1670 2226 Λόγος
1697 2192 1711 2217 ὸ
1730 2193 1827 2226 ἀπαγ-

1026 2239 1129 2273 γέλλων
1140 2238 1188 2274 τὴν
1210 2238 1338 2274 ἀλήθειαν
1352 2238 1399 2264 καὶ
1412 2237 1461 2273 τὴν
1477 2237 1571 2272 σοφίαν
1593 2237 1688 2264 ἁπλῶν
1701 2239 1754 2265 καὶ
1772 2247 1827 2272 φα-

1026 2284 1112 2320 νερῶν
1128 2286 1168 2316 είς
1180 2284 1242 2315 τοὺς
1265 2284 1451 2319 χωρητικοὺς,
1480 2280 1520 2315 εἷς
1542 2283 1575 2310 ἂν
1596 2283 1742 2318 τυγχάνοι.
1768 2285 1827 2311 Καὶ

1025 2331 1085 2366 οὐχὶ
1099 2330 1185 2357 ταῦτά
1205 2338 1294 2364 φαμεν
1311 2328 1472 2364 ἀρνούμενοι
1491 2328 1539 2364 τὴν
1557 2329 1688 2363 ἀλήθειαν
1704 2330 1758 2356 καὶ
1773 2330 1828 2366 τὴν

1026 2376 1121 2411 σοφίαν
1135 2376 1182 2402 καὶ
1194 2375 1239 2402 τὸν
1249 2376 1336 2410 Λόγον
1352 2373 1421 2402 εἶναι
1432 2375 1477 2401 τοῦ
1492 2374 1570 2406 Θεοῦ,
1582 2374 1652 2401 ἀλλὰ
1662 2375 1827 2409 δεικνύντες

1024 2422 1054 2448 τὸ
1065 2422 1198 2457 χρήσιμον
1211 2421 1258 2448 τοῦ
1287 2421 1471 2456 σεσιωπῆσθαι
1490 2420 1536 2446 τοῦ
1548 2419 1626 2452 Θεοῦ,
1640 2421 1689 2447 καὶ
1704 2421 1747 2457 μὴ
1760 2423 1828 2450 ἀνα.

1030 2465 1198 2500 γεγράφθαι·
1216 2474 1225 2490 ι
1248 2466 1293 2492 Ἐν
1307 2466 1377 2501 ἀρχῇ
1395 2464 1428 2501 ἦν
1445 2467 1459 2493 6
1480 2466 1566 2500 Λόγος
1585 2467 1632 2493 τοῦ
1653 2467 1739 2496 Θεοῦ.
1770 2480 1778 2496 ι
1803 2471 1831 2495 '(t

1030 2510 1110 2540 αὐτος
1129 2510 1157 2536 δὲ
1175 2510 1302 2545 Ἰωάννης
1324 2511 1354 2537 ἐν
1376 2512 1407 2546 τῇ
1423 2511 1607 2546 Ἀποκαλύψει
1621 2513 1668 2540 καὶ
1688 2515 1763 2548 μετὰ
1778 2517 1832 2548 τῆς

1025 2558 1183 2594 προσθήκης
1191 2557 1271 2584 αὑτὸν
1286 2557 1413 2592 ὀνομάζει
1425 2558 1476 2592 τῆς
1491 2566 1500 2582 ε
1516 2557 1609 2589 Θεοῦ,ι
1621 2557 1710 2592 λέγων
1720 2567 1727 2572 ι
1744 2569 1754 2584 ι
1769 2557 1829 2583 Καὶ

1025 2603 1094 2630 εἶδον
1108 2603 1221 2638 οὐρανὸν
1238 2602 1407 2638 ἀνεῳγμένον
1418 2622 1425 2635 ,
1450 2602 1505 2628 ἰδοὺ
1521 2602 1602 2633 ἵππος
1620 2603 1733 2635 λευκδς,
1749 2604 1800 2629 καὶ
1810 2604 1826 2629 ὁ

1026 2650 1176 2684 καθήμενος
1189 2649 1232 2675 ἐπ’
1247 2649 1328 2676 αὐτὸν
1343 2647 1509 2684 καλούμενος
1522 2648 1620 2680 Πιστὸς
1640 2649 1689 2675 καὶ
1709 2649 1824 2683 1&1th-

223 2770 281 2807 (ὃὸ)
299 2772 352 2801 Καὶ
365 2770 398 2807 τῇ
416 2773 506 2808 (νσέίᾳ
523 2772 571 2800 καὶ
584 2772 618 2807 τῇ
634 2773 822 2807 δικαιοσύνῃ.
842 2773 920 2809 Logi},
941 2783 961 2801 κ‹

1080 2773 1156 2809 σοφία
1173 2773 1276 2809 (supple
1291 2771 1494 2809 προσηγορίας),
1509 2772 1558 2800 xz".
1568 2772 1627 2808 τῆς,
1645 2773 1818 2809 Summ-327;.
