1872 3041
48 71 101 97 H7

611 70 788 98 COMMENT.
807 70 840 96 IN
860 71 954 98 JOAN.
977 71 1097 99 TOMUS
1118 73 1148 98 ll.

1643 78 1691 105 HS

46 128 109 160 νδς,
134 127 180 154 καὶ
199 127 230 154 ἐν
255 128 416 163 δικαιοσύνῃ
441 129 527 164 κρίνει
550 130 596 156 καὶ
617 131 739 166 πολεμεῖ.
768 132 799 157 Οἱ

909 131 996 159 dicens
1010 132 1032 146 ⁵³
1050 140 1056 158 :
1076 140 1085 156 ι
1108 129 1138 158 Et
1157 131 1211 158 vidi
1224 130 1323 158 cmlum
1339 136 1471 167 apertum,
1488 138 1511 160 et
1525 142 1589 161 cere
1606 143 1692 171 equus

44 173 189 208 ὀρθαλμοὶ
201 173 290 200 αὐτοῦ
302 175 339 206 ὡς
355 175 418 209 φλὸξ
433 176 534 210 πυρός·
551 177 596 202 καὶ
611 177 657 203 ἐπὶ
672 177 720 212 τὴν
732 178 852 213 κεφαλὴν

45 219 134 246 αὐτοῦ
155 221 318 255 διαδήματα
342 220 425 247 πολλὰ
437 240 443 252 ,
463 221 532 256 ἔχων
550 221 635 257 ὄνομα
649 223 850 258 γεγραμμένον,

43 265 58 291 ὃ
74 265 169 297 οὐδεὶς
186 264 259 292 οἶδεν
278 267 303 292 εἰ
318 266 356 302 μὴ
371 266 465 299 αὐτὸς,
482 268 528 293 καὶ
542 267 772 303 περιϐεϐλημένος
791 270 852 304 ἱμά-

42 320 103 338 τιον
123 314 344 349 ἐρραντιπμένον
361 314 474 349 αἵματι,
495 314 542 340 καὶ
568 314 698 350 ἐκέκλητο
721 315 751 341 τὸ
767 316 852 351 ὄνομα

42 358 133 384 αὑτοῦ
149 359 242 393 Λόγος
267 359 315 386 τοῦ
335 359 412 386 Θεοῦ.
432 360 487 386 Καὶ
507 359 540 386 τὰ
555 360 748 396 στρατεύματα
768 361 850 388 αὑτοῦ

41 405 72 429 ὲν
89 403 133 438 τῷ
153 404 268 440 οὐρανῷ
293 405 435 439 ἠκολούθει
462 405 536 441 αὑτῷ
559 407 601 441 ἐφ’
619 407 711 438 ἵπποις
734 407 848 440 λευκοῖς,

41 450 243 485 ἐνδεδυμένοις
259 451 315 486 (89)
329 451 455 485 βύσσινον
471 452 606 487 καθαρὸν,
621 453 667 479 καὶ
684 453 716 479 ἐκ
727 453 774 480 τοῦ
792 454 850 481 στό-

41 503 135 530 ματος
146 496 233 522 αὑτοῦ
246 497 425 533 ἐκπορεύεται
442 498 564 532 ῥομφαία
581 498 665 532 ὀξεῖα,
679 499 721 526 ἵνα
735 500 763 526 ὲν
780 501 848 536 αὐτῇ

40 541 160 578 πατάξῃ
188 543 222 569 τὰ
254 543 339 578 ἔθνη,
367 543 414 569 καὶ
440 543 523 576 αὐτὸς
550 546 679 579 ποιμανεῖ
700 545 798 577 αὐτοὺς
820 546 849 572 ἐν

39 587 141 622 ράὃόῳ
158 588 270 624 σιδηρᾷ,
289 590 335 616 καὶ
350 589 431 622 αὐτὸς
449 591 530 617 πατεῖ
546 591 595 626 τὴν
612 591 691 626 mm
705 591 751 618 τοῦ
776 591 848 618 οἴνου

38 633 92 667 τῆς
109 632 203 668 ὀργῆς
219 633 267 660 τοῦ
289 635 376 670 θυμοῦ
394 635 448 671 (90)
465 635 512 663 τοῦ
540 635 607 662 Θεοῦ
623 636 670 663 τοῦ
694 638 848 673 παντοκρά-

37 687 144 714 τορος,
175 680 223 706 καὶ
249 680 306 715 ἔχει
330 681 375 707 ἐπὶ
395 681 425 708 τὺ
449 682 556 717 ἱμάτιον
569 683 615 709 καὶ
633 683 678 710 ἐπὶ
701 684 747 710 τὸν
762 685 848 720 μηρὸν

36 724 130 750 αὑτοῦ
155 725 245 760 ὄνομα
270 727 484 762 γεγραμμένον·
507 728 535 754 '0
551 728 680 761 Βασιλεὺς
704 730 846 764 βασιλέοιν,

37 770 90 796 καὶ
106 769 217 804 Κύριος
234 771 347 807 κυρίων.
370 781 379 797 ι
405 773 574 807 ’Λναγκαίως
590 774 619 800 δὲ
643 776 690 801 καὶ
706 775 847 809 ἀπολύτως

36 816 156 850 εἴρηται
179 816 226 843 καὶ
260 818 366 852 Λόγος,
388 819 434 844 καὶ
459 819 528 854 μετὰ
562 820 722 857 προσθήκης
753 807 849 857 Λόγος·
866 807 885 834 Β

36 861 96 888 τοῦ
113 862 206 890 Θεοῦ.
223 859 273 889 Ὧν
289 865 314 890 ει
333 864 362 890 τὸ
377 864 469 900 ἕτερον
483 865 652 902 σεσιώπητο,
675 867 802 902 ἀφορμὰς
816 868 848 895 ἂν

35 908 158 943 εἴχομεν
176 909 224 936 τοῦ
246 910 448 945 παραδέξασθαι
466 913 540 947 (9i),
565 914 613 940 καὶ
630 915 777 942 ἀποπεσεῖν
798 917 848 952 τῆς

35 955 107 990 mp}.
129 955 183 990 τῆς
201 956 300 990 Λόγου
316 957 454 993 ἀληθείας.
477 959 508 985 Εἰ
528 959 582 996 γὰρ
601 961 696 995 Λόγος
717 962 765 996 μὲν
784 962 847 989 ἀνα-

39 1000 207 1036 ίὲγραπτο,
226 1003 322 1036 Λόγος
344 1004 372 1030 δὲ
404 1004 478 1031 Θεοῦ
506 1006 543 1041 μὴ
567 1006 674 1042 εἴρητο,
694 1008 725 1034 οὐ
753 1009 846 1042 σαςῶς

35 1046 254 1082 ἑμανθάνομεν,
284 1048 326 1074 ὃτι
343 1046 419 1081 οὗτος
442 1051 457 1076 ὁ
482 1051 586 1085 Λόγος,
604 1052 689 1086 Λόγος
713 1052 760 1079 τοῦ
778 1054 846 1080 θεοῦ

35 1092 109 1119 ἐστι.
135 1093 224 1119 Πάλιν
241 1094 266 1119 τ’
285 1092 319 1121 αὖ
341 1096 365 1121 ει
376 1096 471 1130 Λόγος
490 1096 540 1131 μὲν
552 1096 604 1124 τοῦ
620 1098 694 1125 Θεοῦ
710 1108 846 1135 προσηγο-

35 1137 149 1173 ρεύετο,
164 1140 264 1174 Λόγος
272 1140 300 1166 δὲ
312 1141 453 1171 ἀπολύτως
470 1143 520 1169 οὐκ
540 1143 642 1179 εἴρητο,
665 1145 716 1171 κᾶν
732 1145 846 1178 πολλοὺς

35 1182 146 1217 Λόγους
165 1184 387 1218 ὰναπλάσσοντες
404 1187 474 1214 κατὰ
491 1188 540 1224 τὴν
564 1189 632 1224 πρὸς
653 1190 768 1218 ἕκαστον
790 1191 844 1218 τῶν

32 1229 161 1262 λογικῶν
178 1230 291 1264 σχέσιν,
310 1232 398 1268 μάτην
409 1233 441 1260 ἃν
457 1234 573 1267 πολλοὺς
590 1235 693 1271 κυρίως
715 1237 844 1272 ὀνομαζο-

33 1274 142 1308 μένους
167 1276 387 1312 παρεδεξάμεθα.
412 1279 510 1311 Καλῶς
534 1281 625 1315 μέντοι
641 1290 673 1314 γε
686 1282 844 1318 διαγράφων

33 1320 68 1346 τὰ
95 1321 167 1357 περὶ
188 1321 236 1348 τοῦ
253 1323 341 1356 Λόγου
362 1324 409 1350 τοῦ
431 1325 499 1352 Θεοῦ
523 1327 552 1352 ἐν
572 1328 604 1362 τῇ
622 1327 803 1362 ’Λποκαλυψει
829 1329 844 1355 ὀ

38 1365 225 1399 Ἀπὸστολος,
242 1368 288 1394 καὶ
301 1369 316 1394 ὁ
330 1369 524 1406 εὐαγγελιοτὴς
534 1392 541 1404 ,
557 1371 607 1407 ἤδη
629 1372 657 1399 δὲ
671 1373 718 1399 καὶ
736 1373 779 1401 διὰ
793 1375 843 1410 τῆς

37 1411 266 1446 ’Δποκαλύψεως
295 1415 342 1441 καὶ
364 1417 516 1452 προφήτης,
547 1418 613 1453 φησὶ
638 1419 684 1446 τὸν
710 1419 756 1446 τοῦ
774 1420 842 1446 Θεοῦ

31 1458 127 1492 Λόγον
145 1458 304 1493 ἑωρακέναι
321 1461 349 1487 ὲν
366 1461 497 1496 ἀνεῳγότι
513 1462 552 1497 τῷ
570 1463 687 1498 οὐρανῷ,
706 1464 748 1498 ἐφ’
766 1465 842 1501 ἵππῳ
856 1474 876 1502 (ς

31 1503 128 1538 λευκῷ
150 1504 313 1539 ὀχούμενον.
338 1506 368 1532 Τί
382 1507 410 1533 δὲ
434 1507 580 1534 αἰνίττεται
598 1509 628 1535 τὸ
643 1510 779 1545 ἀνεῷχθαι
796 1512 841 1538 τὸν

31 1550 172 1585 οὐρανὸν,
191 1551 239 1577 καὶ
254 1552 268 1577 ὀ
285 1551 380 1584 λευκὸς
395 1554 494 1586 ἵππος,
510 1555 557 1581 καὶ
576 1555 604 1581 τὸ
618 1555 661 1582 ἐπ’
676 1556 758 1583 αὑτοῦ
775 1558 841 1584 καθ-

33 1595 151 1627 ἑζεσοαι
179 1596 228 1622 τὸν
251 1597 418 1634 καλούμενον
440 1599 488 1626 τοῦ
512 1601 580 1627 Θεοῦ
599 1601 702 1636 Λόγον,
723 1603 791 1638 πρὸς
809 1604 841 1630 τὸ

33 1639 107 1668 εἶναι
125 1641 200 1668 Θεοῦ
219 1642 305 1676 Λόγον
329 1645 375 1670 καὶ
402 1646 496 1672 πιστὸν
520 1647 566 1673 καὶ
584 1647 728 1683 ἀληθινὸν,
749 1649 796 1675 καὶ
811 1650 839 1676 ὲν

31 1687 201 1724 δικαιοσύνῃ
217 1690 361 1724 κρινοῦντα
369 1691 435 1726 (91‘)
445 1693 490 1719 κα)¹
505 1694 672 1729 πολεμοῦντα
683 1695 837 1730 λεγόμενον,

33 1734 239 1768 κατανοητέον,
254 1735 298 1762 ἴνα
312 1735 352 1762 ἔτι
364 1737 462 1771 μᾶλλον
477 1739 704 1775 προϐιϐασθῶμεν
713 1740 750 1775 τῷ
759 1741 839 1767 ἐκλα-

31 1778 93 1806 ὃεῖν
129 1779 166 1806 τὰ
185 1781 252 1815 περὶ
275 1781 322 1807 τοῦ
349 1783 435 1817 Λόγου
451 1783 497 1810 τοῦ
521 1784 600 1811 Θεοῦ.
628 1785 789 1812 Κεκλεῖσθαι
809 1787 838 1813 δὲ

31 1825 163 1860 ἠγοῦμαι
190 1825 237 1852 τὸν
249 1826 362 1861 οὐρανὸν
383 1829 439 1860 τοῖς
457 1829 586 1862 ἀσεϐέσι,
610 1831 656 1857 καὶ
675 1831 724 1867 τὴν
746 1832 838 1859 εἰκόνα

30 1870 80 1896 τοῦ
99 1870 202 1906 χοϊκοῦ
222 1871 351 1907 φέρουσιν
362 1893 370 1904 ,
386 1874 521 1910 ἀνεῷχθαι
537 1875 566 1901 δὲ
584 1877 639 1908 τοῖς
660 1877 774 1910 δικαίοις
790 1879 837 1905 καὶ

29 1916 264 1951 κεκοσμημένοις
287 1919 320 1953 τῇ
338 1917 385 1945 τοῦ
411 1919 576 1955 ἐπουρανίου
596 1921 651 1957 (92)
664 1922 748 1949 εἰκόνι
760 1930 766 1937 '
782 1925 837 1956 τοῖς

33 1963 85 1997 μὲν
100 1963 161 1999 γὰρ
172 1983 180 1995 ,
209 1963 257 1991 ἇτε
283 1966 358 1992 κάτω
373 1967 536 2002 τυγχάνουσι
549 1988 557 2000 ,
583 1969 632 1995 καὶ
652 1970 682 1996 ἐν
697 1970 779 2005 σαρκὶ
796 1970 836 1997 ἔτι

31 2009 214 2045 ὑπάρχουσιν
231 2010 442 2039 ἀποκέκλεισται
460 2012 495 2039 τὰ
510 2013 670 2049 κρείττονα,
693 2015 723 2041 οὐ
740 2016 837 2041 συνιεῖ-

33 2063 76 2081 σιν
90 2055 168 2082 αὐτὰ
179 2075 188 2087 ,
203 2055 264 2083 οὐδὲ
275 2056 306 2082 τὸ
321 2057 418 2089 κάλλος
430 2058 520 2085 αὐτῶν
532 2058 691 2094 δυναμένοις
700 2079 707 2092 ,
724 2060 785 2086 ἐπεὶ
798 2059 835 2096 μὴ

32 2101 201 2136 βούλονται,
227 2103 377 2135 κατανοεῖν,
401 2104 604 2138 συγκύπτοντες
628 2105 701 2140 (95),
727 2105 775 2132 καὶ
798 2105 834 2141 μὴ

905 176 994 208 albus,
1009 181 1035 202 et
1050 176 1095 210 qui
1113 176 1223 203 sedebat
1237 184 1318 211 super
1335 185 1396 204 curti
1416 179 1563 206 vocabatur
1579 179 1691 214 Fidelis,

903 227 930 248 et
950 221 1048 253 Verax,
1063 225 1090 248 et
1107 221 1133 248 in
1144 221 1248 255 justilia
1264 222 1369 256 indicat
1384 227 1412 250 et
1426 229 1538 260 pugnat.
1554 224 1630 252 Oculi
1645 235 1691 254 au-

904 274 956 296 tem
976 267 1046 301 ejus,
1058 267 1128 294 sicut
1142 267 1248 294 llanmia
1261 268 1331 302 ignis
1348 276 1354 293 :
1371 273 1399 296 ct
1414 269 1440 296 in
1457 270 1544 304 capite
1558 270 1616 304 ejus
1630 273 1690 299 dia-

903 314 1010 341 demata
1028 313 1121 345 multa,
1139 312 1242 340 habens
1256 321 1354 341 nomen
1367 315 1508 350 scriptum,
1524 318 1596 351 quod
1612 326 1690 346 uerno

903 359 977 387 novit
988 358 1038 386 nisi
1054 359 1121 394 ipse,
1137 363 1164 386 et
1175 358 1284 386 indutus
1295 363 1353 386 erat
1368 365 1442 387 veste
1453 360 1535 388 tincta
1548 364 1690 397 sanguine.

903 404 935 432 Et
948 409 1062 433 vocatur
1085 411 1183 432 nomen
1205 404 1274 440 ejus,
1301 405 1397 433 Sermo
1413 405 1472 440 Dei.
1489 407 1522 434 Et.
1542 409 1689 442 exercitus.

902 451 947 485 qui
964 455 1026 478 sunt
1041 450 1067 477 in
1091 451 1170 483 cmlo,
1191 450 1376 485 sequebantur
1390 458 1451 478 cum
1473 452 1499 479 in
1515 453 1592 487 equis
1608 454 1688 488 albis,

902 498 992 524 vestiti
1006 497 1120 534 byssino
1132 498 1204 532 albo,
1219 501 1245 524 et
1266 505 1344 532 puro,
1363 502 1391 525 et
1410 506 1442 526 ex
1458 506 1505 526 ore
1520 498 1580 536 ejus
1596 509 1689 536 proce-

901 543 940 570 dit
955 544 1059 578 gladius
1080 549 1187 575 acutus,
1209 548 1237 570 ut
1258 551 1290 571 eo
1311 545 1445 578 percutiat
1466 550 1570 583 gentes,
1588 552 1615 574 et
1633 548 1689 582 ipse

901 593 976 623 reget
991 596 1038 616 eos
1054 590 1128 624 virga
1152 590 1253 622 ferrea,
1273 594 1301 616 et
1318 589 1375 624 ipse
1390 589 1477 617 caleat
1494 591 1615 618 torcular
1633 592 1688 620 vini

901 633 946 661 irae
957 634 1054 662 furoris
1069 635 1115 662 Dei
1128 634 1370 669 omnipotentis,et
1384 634 1464 662 habet
1476 635 1502 662 in
1515 637 1689 670 vestimento,

900 684 926 707 et
958 680 985 707 in
1007 679 1112 708 feruore
1133 688 1181 708 suo
1200 688 1297 707 nomen
1323 683 1478 717 scriptum:
1498 682 1554 710 ltex
1583 691 1688 717 regum,

899 731 925 753 et
942 727 1073 754 Dominus
1091 726 1302 754 dominantium.
1320 737 1328 753 ι
1349 728 1402 755 Sed
1423 729 1577 756 necessario
1598 735 1625 756 ct
1643 731 1687 756 ab.

899 772 988 799 solute
1013 773 1102 806 posuit
1126 771 1246 799 Joannes
1267 773 1428 800 vocabulum
1453 773 1545 801 Sermo
1558 795 1565 806 ,
1585 779 1611 802 ct
1628 783 1689 802 (‘tltll

900 818 1151 852 adjectioneetiam,
1167 817 1260 845 Sermo
1274 817 1332 845 Dei.
1345 817 1412 845 Nam
1424 818 1445 846 si
1461 819 1576 847 alterum
1590 823 1688 848 tacuis-

900 869 951 896 set,
965 864 1136 891 occasionem
1154 864 1272 891 habituri
1289 871 1400 891 eramus
1417 870 1518 898 prwter
1530 874 1688 901 germanam

899 910 1063 937 sententiam
1098 910 1277 944 intelligendi,
1305 914 1332 937 cl
1355 911 1501 938 aberrandi
1527 920 1542 939 a
1573 913 1687 940 veritate

900 956 980 990 hujus
996 956 1121 983 vocabuli
1147 955 1259 983 Sermo.-
1276 964 1308 983 ac
1332 958 1356 984 si
1378 957 1502 985 absolute
1531 959 1686 993 scripsisset

897 1001 1025 1033 Joannes,
1049 1000 1212 1032 Sermonem,
1226 1009 1277 1029 nee
1291 1001 1406 1030 dixisset
1428 1005 1509 1030 etiam
1529 1012 1590 1031 cum
1614 1006 1684 1039 adjc~

898 1048 997 1079 ctione,
1020 1046 1171 1074 Sermonem
1196 1047 1263 1081 Dei,
1294 1055 1347 1074 non
1378 1048 1569 1076 didicissemus
1595 1056 1687 1084 aperte

898 1093 969 1119 hunc
997 1092 1155 1120 Sermonem
1180 1101 1241 1121 esse
1270 1093 1429 1122 Sermonem
1457 1093 1517 1122 Dei.
1546 1095 1648 1123 Rursus
1664 1097 1686 1123 si

897 1137 1049 1164 Sermonem
1074 1136 1122 1163 Dei
1144 1137 1275 1170 dixisset,
1302 1145 1352 1165 nec
1373 1139 1496 1166 absolute
1515 1139 1684 1174 Sermonem,

896 1184 975 1210 etiam
990 1183 1090 1210 multos
1099 1183 1244 1211 Sermones
1254 1184 1470 1219 tingentcsjuxta
1481 1185 1639 1213 relationem
1652 1189 1685 1213 ad

896 1237 1115 1264 unumquemque
1130 1237 1224 1256 eorum
1241 1230 1285 1265 qui
1301 1238 1428 1258 δοιιιιοιιο
1441 1239 1472 1258 ac
1484 1232 1589 1259 ratione
1604 1237 1684 1259 utun-

896 1279 949 1308 tur,
969 1276 1069 1302 frustra
1083 1275 1182 1302 multos
1196 1276 1305 1310 proprie
1325 1276 1365 1303 sie
1380 1276 1535 1304 nominatos
1553 1277 1684 1306 admisis-

895 1327 996 1349 semus.
1014 1321 1108 1356 Itaque
1131 1326 1205 1348 recte
1223 1321 1362 1356 apostolus
1382 1326 1409 1348 et
1428 1321 1606 1356 evangelista,
1627 1322 1684 1357 jant

894 1374 959 1394 vero
972 1367 1054 1394 etiam
1076 1371 1188 1402 propter
1209 1367 1390 1402 Apocalypsin
1407 1369 1551 1402 propheta,
1580 1369 1683 1395 descri-

894 1413 961 1440 bens
983 1413 1008 1440 in
1026 1413 1188 1448 Apocalypsi
1212 1412 1371 1440 Sermonem
1391 1414 1449 1446 Dei,
1466 1421 1496 1440 se
1511 1414 1556 1440 Dei
1574 1413 1682 1441 Sermo-

894 1467 954 1486 nem
973 1459 1072 1486 vidisse
1086 1459 1182 1493 inquit,
1198 1463 1294 1493 aperto
1309 1459 1388 1492 ccelo,
1403 1467 1474 1494 equo
1489 1459 1553 1486 albo
1564 1465 1682 1488 vectum.

894 1505 963 1538 Quid
986 1512 1051 1532 vero
1075 1505 1169 1532 innuat
1191 1505 1251 1531 cmli
1274 1505 1390 1539 aper-tio,
1408 1511 1434 1534 et
1448 1513 1534 1540 equus
1547 1506 1639 1538 albus,
1657 1512 1682 1533 et

893 1559 975 1586 super
990 1551 1077 1585 ipsum
1097 1551 1183 1578 sessio
1202 1551 1273 1578 illius
1290 1552 1335 1585 qui
1357 1551 1453 1578 Sermo
1478 1551 1523 1578 Dei
1547 1557 1681 1584 vocatur,

892 1597 937 1631 qui
955 1597 1048 1629 etiam,
1061 1602 1243 1631 praeterquam
1257 1602 1298 1624 est
1316 1596 1413 1624 Sermo
1436 1597 1495 1630 Dei,
1511 1598 1597 1624 lidelis
1614 1598 1681 1625 diei-

894 1648 947 1674 tur,
967 1646 995 1671 ct
1014 1650 1106 1677 verax,
1128 1648 1155 1671 et
1188 1644 1214 1670 iu
1236 1643 1344 1677 justitia
1366 1644 1494 1679 judicans
1518 1649 1544 1670 et
1566 1643 1680 1676 bellaus,

892 1689 1122 1716 considerandum
1136 1693 1194 1721 est,
1211 1694 1241 1716 ut
1257 1696 1291 1716 eo
1307 1690 1392 1724 magis
1408 1689 1595 1724 proﬁciamus,
1615 1696 1680 1717 cum

892 1732 1108 1760 intellexerimus
1133 1740 1192 1767 qua:
1213 1734 1246 1760 ad
1271 1733 1316 1760 Dei
1345 1734 1504 1761 Sermonem
1531 1734 1679 1768 pertinent.

890 1777 1007 1805 Proinde
1019 1779 1136 1806 arbitror
1148 1786 1198 1814 ego
1216 1779 1306 1813 impiis
1321 1784 1348 1806 et
1363 1783 1519 1807 terrestrem
1534 1780 1678 1815 imaginem

890 1823 1058 1859 gerentibus,
1073 1824 1171 1851 caelum
1183 1831 1244 1852 esse
1263 1825 1397 1857 clausum,
1419 1829 1543 1860 apertum
1555 1832 1620 1852 vero
1633 1825 1679 1860 ju—

889 1869 950 1901 stis,
966 1868 1020 1904 56
1044 1873 1071 1896 et
1090 1869 1132 1897 his
1153 1870 1198 1904 qui
1218 1870 1340 1905 insigniti
1357 1870 1457 1897 fuerint
1472 1871 1676 1905 snpercwlestis

889 1916 1018 1951 imagine.
1035 1915 1169 1942 Nimirum
1188 1916 1278 1951 impiis
1295 1917 1403 1951 quidem
1426 1917 1500 1944 humi
1525 1917 1677 1945 etiamnum

889 1963 1054 1996 repentibus,
1074 1967 1102 1990 et
1127 1963 1154 1989 in
1168 1970 1250 1990 carne
1263 1963 1469 1994 exsistenlibus,
1484 1964 1675 1998 praestantiora

888 2013 952 2036 sunt
965 2008 1070 2041 clausa,
1086 2009 1148 2043 quia
1173 2017 1228 2036 non
1256 2009 1409 2044 intelligant
1433 2017 1482 2042 ea,
1501 2017 1551 2036 nec
1571 2010 1677 2045 possint

887 2061 980 2082 eorum
993 2054 1222 2089 pulchritudinem
1235 2056 1309 2091 (quia
1321 2055 1427 2091 nolunt)
1437 2055 1582 2090 dispicere,
1597 2057 1675 2090 proni

888 2108 938 2128 nec
957 2101 1064 2136 erigere
1080 2109 1110 2129 se
1125 2107 1266 2135 conantes,
1283 2110 1344 2130 eum
1359 2102 1426 2138 justi
1446 2108 1474 2130 et
1495 2102 1674 2136 excellentes,

31 2147 207 2179 ἐπιδιδόντες
219 2147 317 2180 αὐτοὺς
334 2149 374 2180 εἰς
388 2149 417 2175 τὸ
431 2150 598 2178 ἀνακύπτειν
608 2159 614 2165 ·
630 2152 686 2182 τοῖς
702 2150 731 2177 δὲ
742 2151 799 2185 διας

909 2147 951 2173 uia
965 2146 1010 2181 jus
1024 2147 1140 2174 civitatis
1160 2147 1186 2174 iu
1202 2148 1279 2176 cmlis
1293 2148 1412 2175 habeant
1423 2147 1457 2180 ",
1472 2149 1595 2176 cwleslia
1611 2156 1676 2176 con-

32 2200 151 2227 ρουσιν,
177 2192 227 2219 ἅτε
249 2193 280 2219 τὸ
293 2193 443 2230 πολίτευμα
468 2194 574 2230 ἔχουσιν
595 2197 625 2223 ὲν
640 2195 781 2232 οὐρανοῖς,
799 2196 834 2224 τὰ

30 2238 155 2273 οὐράνια
172 2239 206 2273 τῇ
219 2238 304 2266 κλειδὶ
316 2240 362 2267 τοῦ
374 2241 456 2268 Δαυῒδ
469 2241 573 2276 ἀνέῳγε
584 2242 769 2277 θεωρούμενα,
786 2242 833 2270 τοῦ

32 2282 109 2309 θείου
126 2283 217 2317 Λόγου
235 2284 388 2319 ἀνοίγοντος
403 2286 484 2318 αὐτὰ,
501 2287 548 2312 καὶ
567 2285 760 2321 σαφηνίζοντος
770 2307 777 2319 ,
791 2287 835 2314 διὰ

31 2328 82 2355 τοῦ
95 2329 223 2364 ὀχεῖσθαι
236 2330 322 2366 ἵππῳ,
335 2332 436 2365 φωναῖς
451 2331 485 2359 τὰ
496 2332 682 2367 σημαινόμενα
695 2332 833 2367 ἀπαγγελ-

32 2375 167 2407 λούειειις⁸
181 2375 286 2411 λευκῷ,
312 2377 356 2404 διὰ
367 2378 398 2404 τὸ
413 2378 527 2413 φανερὸν
544 2378 591 2404 καὶ
614 2378 644 2404 τὸ
659 2378 769 2411 λευκὸν,
785 2379 833 2405 καὶ

33 2422 172 2455 φωτεινὸν
186 2422 236 2457 τῆς
251 2421 388 2457 γνώσεως.
404 2424 555 2456 Καθέζεται
569 2425 598 2452 δὲ
612 2425 658 2452 ἐτι).
676 2425 721 2451 τὸν
736 2425 832 2452 λευκὸν

34 2467 124 2494 ἵππον
145 2468 160 2494 ὁ
181 2468 349 2504 καλούμενος
362 2470 477 2504 Πιστὸς,
502 2470 643 2506 ἱδρυμένος
659 2470 831 2507 βεῢαιότερον

487 2527 510 2543 ⁸⁵
525 2527 640 2563 Philipp.
658 2535 701 2560 ιιι,
719 2528 766 2556 20.

71 2583 131 2621 (Sil)
158 2582 397 2621 Ἐζδοδυμένοις.
408 2584 482 2621 Lege
497 2585 675 2621 ἐνδεδυμένοι.

73 2619 132 2653 (90)
156 2619 213 2646 Τοῦ
230 2619 337 2654 θυμοῦ.
354 2619 525 2646 Desiderulnr
544 2621 568 2646 in
591 2619 708 2647 editione
728 2620 827 2654 Huetii,

34 2654 83 2682 sed
98 2654 242 2688 suppletur
253 2662 268 2681 c
286 2654 365 2680 codd.
382 2654 527 2682 Bodleiano
541 2659 567 2681 et
582 2655 740 2684 Barberino.

72 2689 130 2723 (9|)
149 2689 394 2723 ΙΙαριιδέξασθαι,
414 2694 466 2717 etc.
488 2689 565 2716 Nullo
584 2697 665 2717 sensu
689 2691 746 2717 lure
768 2691 830 2717 red-

35 2724 165 2752 didi-runt
186 2724 335 2751 Ferrarius
354 2729 382 2760 et
404 2724 555 2752 Perionins.
579 2725 673 2760 Legas,
694 2726 828 2760 παρεκδὲ-

36 2759 151 2792 52:01:,
180 2760 314 2794 prorlivis
345 2759 398 2786 erit
426 2759 626 2792 interpretatio.
653 2760 826 2795 Παρεκδέξα-

38 2794 97 2821 σθαι
114 2801 204 2824 autctn
220 2800 261 2823 est
278 2799 376 2829 prwtcr
391 2803 542 2829 gerimmnm
556 2794 710 2822 sententiam
727 2796 827 2822 intelli-

71 2526 95 2542 ⁸³
110 2526 199 2560 Apoc.
221 2533 279 2558 nx,
300 2526 331 2553 Η
350 2530 376 2554 et
390 2534 448 2562 seq.

890 2191 1064 2227 templentur,
1079 2192 1186 2220 Davidis
1197 2194 1265 2221 clavi
1277 2198 1384 2228 aperta,
1397 2201 1493 2228 nempe
1508 2195 1600 2222 divino
1611 2194 1676 2222 Scr-

888 2246 969 2266 mone
982 2239 1121 2274 aperiente
1135 2247 1166 2267 ea
1186 2245 1214 2267 et
1233 2240 1436 2274 maniiestante,
1453 2249 1485 2268 eo
1501 2241 1572 2275 quod
1594 2240 1674 2267 veha-

890 2292 934 2314 tur
950 2295 1030 2322 eqno,
1049 2288 1100 2315 hoc
1122 2292 1163 2314 est
1180 2287 1291 2314 vocibus
1316 2287 1469 2322 significata
1492 2285 1673 2313 renuntianti-

887 2333 956 2364 bus;
969 2333 1041 2366 albo,
1057 2338 1169 2368 propter
1182 2334 1401 2368 perspicuam,et
1416 2332 1569 2364 candidam,
1590 2335 1616 2358 et
1632 2331 1672 2358 Ιιι-

887 2379 975 2407 cidam
986 2380 1177 2414 cognitionem.
1188 2379 1366 2406 Sedetautcm
1376 2386 1457 2413 super
1466 2385 1565 2413 equum
1580 2377 1672 2404 album

887 2425 930 2452 ille
946 2425 991 2460 qui
1016 2430 1127 2452 vocatur
1141 2425 1238 2457 ﬁdelis,
1253 2425 1357 2452 ﬁrmius
1371 2429 1408 2458 et,
1424 2428 1452 2451 ut
1467 2424 1503 2451 ita
1515 2424 1612 2456 dicam,
1630 2429 1671 2450 re-

886 2471 972 2507 galius
992 2471 1113 2499 insidens
1133 2472 1160 2498 in
1182 2472 1305 2505 vocibus,
1326 2479 1387 2507 qum
1406 2471 1523 2499 subverti
1540 2478 1594 2498 non
1607 2478 1670 2506 pos—

884 2593 943 2618 qere
955 2589 978 2611 el
995 2584 1136 2617 explicare.
1155 2584 1284 2612 llumlus.

917 2619 983 2654 (91⁸)
1006 2619 1178 2653 Κρινοῦντα.
1193 2620 1271 2649 Forte
1291 2619 1460 2655 κρίνοντα,ιιι
1476 2624 1610 2654 congruat
1623 2627 1673 2647 su—

883 2655 993 2691 periori
1006 2660 1033 2681 et
1047 2655 1230 2691 inferioribus
1240 2655 1491 2691 κρίνειηκρίνοντα,
1504 2660 1559 2691 (ειοἐ
1587 2656 1666 2682 linit.

919 2690 975 2724 (92)
988 2689 1194 2723 Ἐποιιοιινίου.
1204 2689 1333 2724 Siccodd.
1346 2689 1503 2717 Duilio-ianus
1511 2696 1536 2715 et
1545 2689 1667 2717 Barberi.

883 2723 933 2751 nus
947 2732 953 2754 ;
965 2725 1034 2751 male
1045 2731 1107 2751 vero
1118 2724 1200 2751 editio
1216 2723 1304 2750 lluctii
1319 2725 1344 2750 in
1355 2730 1426 2750 textu
1439 2724 1654 2759 Ιιαὺάιὲπαρνίου

918 2760 974 2794 (95)
996 2759 1232 2793 Συγκὺπτοιτιτες.
1251 2759 1286 2785 Ita
1303 2761 1385 2785 codex
1406 2758 1588 2792 Budleianusj
1614 2759 1649 2787 lic

880 2795 938 2830 gius
954 2802 1016 2822 vero
1030 2800 1055 2822 et
1071 2794 1242 2827 Barbcrinus,
1257 2794 1449 2828 ὲγκύπτοντες.
