1870 3046
72 69 113 98 191

615 69 793 99 COMMENT.
815 71 848 98 IN
867 70 963 99 JOAN.
985 70 1101 99 TOMUS
1121 70 1152 98 ll.

1642 75 1695 102 l3!

66 129 245 164 οπλισὰμενος
258 128 272 155 ὁ
289 128 376 162 Λόγος
404 126 472 154 κατᾶ
490 126 536 153 τοῦ
550 126 663 162 ψεύδους
681 128 775 155 ἀναλοῖ
788 129 834 155 αὐτ

934 137 987 162 um,
1001 129 1065 156 illttd
1080 128 1209 156 interficit
1224 128 1322 163 spirittt
1341 129 1396 156 oris
1412 129 1464 163 sui,
1477 134 1502 158 et
1514 130 1628 158 ili-struit
1645 142 1693 168 ap-

65 176 103 211 τῷ
125 175 260 210 πνεύματι
277 174 323 201 τοῦ
338 174 473 209 στόματος
498 173 592 204 αὐτοῦ,
607 174 653 200 καὶ
671 176 804 210 καταργεῖ
819 177 852 210 τῇ

65 222 207 257 ἐπιφανείᾳ
224 221 273 256 τῆς
290 221 440 256 παρουσίας
457 220 551 247 αὐτοῦ.
568 220 621 247 Καὶ
634 221 685 255 ὅρα
700 222 724 248 εἱ
743 221 854 249 δύναται

65 269 132 297 κατὰ
159 268 188 297 τὸ
208 267 303 303 νοητὸν
324 266 410 293 ταῦτα
436 267 488 293 ὑπὸ
512 267 559 293 τοῦ
586 267 747 293 ’Λποστόλου
772 268 800 295 ἐν
820 269 852 303 τῇ

65 315 131 351 πρὸς
145 312 349 345 Θεσσαλονικεῖς
377 313 560 348 παρίστασθαι
581 313 734 348 Ἐπιστολῇ.
754 313 786 340 Τί
799 314 853 349 γάρ

64 361 120 386 ἐστι
138 360 166 386 τὸ
182 359 366 394 ἀναλούμενον
377 358 415 393 τῷ
431 357 565 393 πνεύματι
577 357 624 384 τοῦ
639 359 772 393 στόματος
786 358 852 394 Χρι-

63 405 143 438 στοῦ,
167 404 285 440 Χριστοῦ
317 404 500 439 τυγχάνοντος
528 403 616 437 Λόγου
651 404 698 430 καὶ
724 403 853 438 ἀληθείας

61 451 108 478 καὶ
125 451 230 485 σοφίας,
246 450 262 486 ἢ
280 450 311 476 τδ
329 449 443 485 ψεῦδος;
462 449 518 476 Καὶ
537 449 564 475 τί
581 449 611 475 τὸ
629 449 852 484 καταργούμενον

59 497 93 531 τῇ
118 495 262 531 ἐπιφανείᾳ
289 495 338 530 τῆς
365 495 516 530 παρουσίας
536 494 665 530 Χριστοῦ,
694 494 789 529 σοφίας
806 494 851 521 καὶ

61 540 148 575 Λόγου
171 538 360 574 νοουμένου,ἢ
387 540 441 565 πᾶν
465 538 495 565 τὸ
523 538 758 573 ἐπαγγελλόμενον
781 537 851 565 εἶναι

60 586 152 620 σοφία,
183 585 317 620 τυγχάνον
343 585 372 611 δὲ
399 584 428 611 ἓν
457 584 570 617 τούτων,
591 582 629 612 ὧν
645 584 739 617 ὁθεὺς
765 584 849 621 δράσ-

60 640 136 658 σεται
150 630 213 662 τοὺς
233 631 270 666 μὴ
282 630 362 662 ὄντας
378 631 410 665 τῇ
427 629 540 665 ἀληθινῇ
557 630 638 665 σοφίᾳ
654 631 752 664 σοφοὺς
766 629 806 665 (Ξ)
822 630 850 656 ἐν

57 679 92 713 τῇ
118 677 270 713 πανουργίᾳ
294 677 401 709 atatim;
421 676 482 703 Ὀτι
505 677 519 702 6
542 676 669 712 Ἰωάννης
691 676 850 712 θαυμασιώ-

56 732 127 750 τατα
152 725 180 749 ἐν
204 724 259 754 τοῖς
280 722 344 758 περὶ
366 722 413 749 τοῦ
434 722 581 757 ὀχουμένου
603 721 641 757 τῷ
662 722 751 757 λευκῷ
773 723 849 758 ἵππῳ

56 769 144 802 Λόγου
161 767 226 803 φησὶ
239 767 286 794 καὶ
300 767 340 794 τό’
360 776 369 792 ι
390 767 421 794 οι
435 766 568 802 ὀφθαλμοὶ
585 767 614 793 δέ
634 766 716 793 αὑτοῦ
732 767 770 798 ὡς
783 767 849 802 φλὸξ

56 814 153 849 πυρός.
173 823 182 839 ι
204 813 248 845 Ὠς
262 812 316 848 γὰρ
329 813 345 848 ἡ
366 812 431 847 φλὸξ
445 812 531 848 πυρὸς
545 812 575 839 τὸ
586 812 711 848 λαμπρὸν
726 813 785 848 ἅμα
800 813 847 839 καὶ

55 859 232 894 φωτιστικὸν,
252 858 292 885 ἐτι
310 858 338 885 δὲ
358 858 406 885 ml.
427 858 550 894 πυρῶδες
565 858 633 894 ἔχει,
652 859 699 885 καὶ
714 858 846 885 ἀναλωτι-

53 905 105 932 κον
129 905 182 932 τῶν
213 904 404 940 ὐλικωτέρωνο
427 904 514 936 οὕτως
540 905 575 937 οἱ,
597 903 630 930 ἶν’
651 903 738 937 οὕτως
764 905 844 938 εἴπω,

51 951 188 986 ὀφθαλμοὶ
199 950 245 977 τοῦ
259 950 345 985 Λόγου
360 948 400 982 οἷς
426 950 530 985 βλέπει,
555 951 601 977 καὶ
618 951 672 982 πᾶς
687 951 701 976 ὁ
724 951 846 986 μετέχων

51 996 136 1023 αὑτοῦ
146 1016 154 1029 ,
178 996 245 1031 πρὸς
258 995 296 1031 τῷ
310 995 355 1022 διὰ
373 995 427 1023 τῶν
448 996 659 1032 ἐνυπαρχουσῶν
681 996 756 1031 αὐτῷ
772 997 846 1023 ἀντι-

50 1041 240 1077 λαμϐάνεσθαι
255 1041 309 1067 τῶν
324 1041 438 1076 νοητῶν,
460 1040 588 1068 ὰναλοῦσι
613 1041 660 1068 καὶ
685 1042 845 1076 ἀφανίζουσι

49 1088 86 1114 τὰ
101 1086 254 1122 ὑλικὼτερα
268 1087 314 1113 καὶ
328 1086 470 1123 παχύτερα
486 1086 540 1113 τῶν
559 1087 716 1123 νοημάτων·
736 1088 845 1115 πάντων

49 1134 81 1164 δὲ
111 1134 160 1169 τὴν
186 1133 329 1169 ἰσχνότητα
354 1133 401 1160 καὶ
433 1133 586 1169 λεπτότητα
616 1134 770 1169 ἐκπέφευγε
795 1134 844 1170 τῆς

50 1179 181 1215 ἀληθείας
197 1179 232 1206 τὰ
256 1179 433 1206 όπωσποτοῦν
458 1179 622 1215 ψευδόμενα.
645 1180 720 1206 Πάνυ
745 1180 773 1206 δέ
800 1188 844 1206 τε-

47 1224 196 1260 ταγμένως
220 1223 289 1259 μετὰ
321 1223 368 1250 τὸν
387 1224 426 1259 (5)
459 1225 488 1250 ἐν
521 1224 677 1260 δικαιοσύνῃ
701 1224 839 1260 κρίνοντα,

49 1272 98 1297 καὶ
134 1270 203 1297 κατὰ
230 1270 260 1297 τὸ
286 1271 315 1297 ἐν
342 1270 500 1306 δικαιοσύνῃ
529 1270 632 1306 κρίνειν
662 1270 842 1305 πολεμοῦντα,

47 1317 115 1352 ἑξῆς
133 1317 162 1343 δέ
183 1317 213 1343 τὸ
227 1317 265 1352 (4)
282 1317 409 1353 πολεμεῖν
436 1317 604 1352 φωτίζοντα,
628 1317 791 1352 ἐπιφέρεται
812 1317 843 1344 τὸ

47 1364 98 1390 ἐπὶ
129 1362 178 1398 τὴν
206 1362 326 1398 κεφαλὴν
355 1361 425 1389 εἶναι
452 1363 534 1389 αὐτοῦ
565 1362 651 1389 πολλὰ
677 1363 841 1397 διαδήματα.

49 1410 82 1436 Εἰ
98 1409 148 1444 μὲν
163 1408 216 1444 γὰρ
227 1409 255 1434 ἐν
269 1406 303 1444 ἦν
315 1409 360 1435 καὶ
373 1408 509 1444 μονοειδὲς
522 1408 553 1434 τὸ
567 1408 674 1443 ψεῦδος,
686 1405 783 1435 καοόὖ
796 1409 842 1436 τὸν

47 1455 185 1489 στέφανον
209 1454 366 1489 ἡττωμένου
394 1453 546 1489 ἐλάμϐανεν
574 1455 588 1480 6
607 1455 721 1489 νικήσας
746 1454 842 1485 πιστὸς

45 1501 96 1527 καὶ
114 1499 241 1536 ἀληθινὸς
257 1499 355 1534 Λόγος,
370 1500 417 1526 καὶ
431 1500 459 1526 ἒν
472 1499 590 1535 διάδημα
611 1499 784 1535 περικεῖσθαι
800 1500 843 1526 εὐ-
857 1491 878 1520 C

43 1547 135 1581 λόγως
163 1545 359 1581 ἀναγέγραπττο
382 1547 396 1572 6
422 1546 610 1582 ἐπικρατήσας
636 1546 690 1572 τῶν
716 1545 844 1572 ἐναντίων

44 1592 117 1620 Θεοῦ
141 1592 237 1627 Λόγος·
255 1592 314 1619 νυνὶ
331 1591 359 1618 δὲ
380 1591 484 1618 πολλῶν
506 1592 590 1618 όντων
603 1592 657 1618 τῶν
675 1592 843 1626 ἐπαγγελλο-

46 1639 139 1675 μένων
153 1639 205 1673 τὴν
225 1638 355 1673 ἀλήθειαν
374 1637 490 1672 ψευδῶν,
507 1638 567 1664 καθ’
581 1635 619 1665 ὧν
639 1639 845 1674 στρατευσάμε-

43 1693 91 1716 νος
105 1685 120 1711 ὁ
138 1684 225 1718 Λόγος
245 1684 436 1718 στεφανοῦται,
457 1684 542 1711 πολλὰ
558 1685 688 1720 γινόμενα
707 1685 742 1711 τὰ
757 1685 845 1720 διαδή-

44 1739 121 1766 ματα
135 1731 170 1765 τῇ
185 1729 291 1765 κεφαλῇ
303 1729 350 1756 τοῦ
364 1731 453 1756 πάντα
472 1730 633 1764 νικήσαντος
649 1731 843 1766 περικείμενα,

44 1776 95 1802 καὶ
107 1775 229 1810 ἑκάστης
241 1775 269 1801 δὲ
279 1774 508 1809 ἀποπατησάσης
519 1775 659 1810 ἐνεργείας
671 1775 708 1810 (5)
721 1776 842 1810 κρατῶν,

43 1821 134 1848 πολλὰ
154 1821 310 1856 διαδήματα
322 1820 361 1855 τῷ
380 1821 458 1856 νικᾷν
476 1821 656 1857 περιτίθεται.
678 1821 756 1857 Ἑξῆς
775 1821 843 1856 μετὰ

40 1868 76 1895 τὰ
83 1868 244 1902 διαδὴματα
258 1867 466 1902 ἀναγέγραπται
475 1867 547 1902 ἔχειν
558 1867 643 1902 ὄνομα
651 1867 844 1903 γεγραμμένον

39 1914 55 1940 6
73 1913 165 1944 οὐδεὶς
179 1910 260 1944 οἶδεν,
275 1913 299 1939 εἰ
317 1913 353 1948 μὴ
365 1912 455 1944 αὐτός·
474 1910 550 1944 οὗτος
565 1912 619 1948 γὰρ
633 1914 647 1940 ὁ
663 1913 784 1948 ἔμψυχος
793 1913 845 1939 A6—

38 1968 90 1994 γος
115 1958 263 1986 ἐπίσταταί
288 1967 348 1985 τινα
374 1958 463 1993 μόνος,
478 1958 522 1985 διὰ
543 1959 574 1984 τὸ
595 1958 788 1994 ὑποδεέστερον
815 1960 844 1985 ἐν

37 2008 97 2037 τοῖς
109 2005 174 2040 ἑξῆς
187 2005 312 2039 γενητοῖς
321 2004 369 2040 τῆς
381 2003 489 2038 φύσεως
504 2003 599 2034 αὐτοῦ,
609 2003 715 2035 οὐδενός
727 2003 816 2039 χωροῠ
823 2012 844 2029 v-

37 2061 85 2084 τος
105 2051 199 2078 πάντα
213 2049 231 2076 ἃ
245 2050 348 2080 ἐκεῖνος
364 2048 570 2084 καταλαμϐάνει
588 2049 711 2084 θεωρεῖν.
723 2050 800 2084 Τάχα
813 2048 840 2075 δὲ

36 2096 87 2123 καὶ
112 2096 140 2121 οἱ
165 2094 325 2130 μετέχοντες
353 2094 457 2120 ἐκείνου
481 2093 527 2119 τοῦ
551 2093 638 2127 Λόγου
664 2093 739 2129 μόνοι
768 2093 844 2128 παρὰ

905 175 1040 210 paritione
1060 175 1211 209 pmsentia:
1232 183 1287 203 sua:
1299 176 1332 203 ‘9.
1350 177 1382 203 Et
1395 177 1457 204 vide
1474 184 1506 204 an
1523 177 1580 204 lure
1595 187 1693 206 εει-ειη-

905 221 967 247 dum
982 220 1132 254 spiritalem
1147 228 1256 247 sensum
1271 221 1436 249 subinnuere
1453 222 1570 250 voluerit
1580 225 1693 258 Aposto-

906 266 946 293 lus
958 266 984 292 in
1001 266 1120 299 Epistola
1143 267 1175 293 ad
1189 267 1458 297 'l‘bessalonicenscs.
1483 268 1552 302 Quid
1567 271 1638 298 enim
1650 278 1692 298 est

904 313 975 347 quod
990 312 1086 346 spiritu
1100 313 1157 340 oris
1170 313 1272 340 Chriin
1289 314 1464 345 interﬁcitur.
1485 323 1545 342 cum
1567 316 1692 344 Christus

904 357 938 384 sit
964 357 1071 390 Sermo,
1088 358 1189 385 veritas
1201 363 1227 384 et
1245 359 1394 393 sapientia,
1424 362 1474 388 nisi
1499 362 1693 389 mendacium?

904 403 936 430 Et
949 404 1012 438 quid
1028 408 1067 431 est
1085 404 1149 431 illud
1171 405 1242 439 quod
1257 406 1408 433 desuuitur
1431 408 1600 442 apparitione
1620 417 1691 443 prze-

904 450 997 477 senlize
1008 450 1120 483 Christi,
1133 451 1178 485 qui
1191 451 1324 485 sapientia
1334 458 1361 479 et
1370 453 1464 479 Sermo
1474 454 1689 486 considerantur.

903 497 956 524 nisi
978 497 1004 524 id
1018 504 1099 524 omne
1116 499 1188 532 qttod
1205 498 1349 532 profitetur
1375 505 1405 525 se
1430 505 1489 525 esse
1516 500 1690 533 sapientiam,

903 550 984 569 unum
1010 550 1075 570 vero
1087 548 1130 570 est
1145 551 1177 569 ex
1197 543 1261 576 illis,
1280 544 1379 578 quibus
1409 545 1616 578 comprehendit
1643 553 1691 572 eos

902 587 947 622 qtti
977 595 1030 615 non
1052 593 1115 615 sunt
1138 590 1276 623 sapientes
1292 596 1358 615 vera
1376 589 1524 623 sapientia,
1541 590 1567 616 in
1582 590 1692 618 \‘afritie

901 633 1043 668 ipsorum?
1059 633 1151 667 Quare
1167 634 1236 661 mire
1250 640 1281 660 ac
1290 641 1372 668 supra
1386 634 1494 661 modum
1511 635 1544 661 de
1558 634 1690 662 Sermone

902 678 1039 706 disserens
1051 679 1180 711 Joannes,
1203 680 1248 714 qui
1266 687 1338 714 equo
1352 680 1413 707 albo
1425 680 1584 710 rebcbatur,
1603 680 1690 714 inquit

901 725 983 751 etiarn
994 724 1174 753 illuduOt‘uli
1186 732 1274 753 alitem
1284 726 1341 760 ejus
1353 727 1426 753 velut
1442 725 1547 752 timuiita
1562 727 1687 761 ignis”.t

902 768 938 796 Ut
955 769 1026 796 enim
1045 769 1153 798 flamma
1170 771 1255 804 clara,
1273 772 1377 805 pariter
1397 777 1423 799 et
1440 772 1540 803 lucida,
1552 772 1608 807 jam
1626 780 1690 799 vero

864 811 884 838 Β
899 814 980 841 etiam
998 815 1075 851 ignea
1099 821 1143 844 est
1167 821 1193 844 et
1215 817 1403 852 consumptrix
1427 818 1627 850 materialium,
1650 819 1690 845 sie

900 861 983 893 oculi,
1002 866 1031 888 ut
1047 863 1084 889 ita
1101 863 1203 896 dicam,
1217 864 1368 897 Sermonis,
1382 864 1481 899 quibus
1496 870 1523 891 et
1536 864 1593 899 ipse
1604 865 1689 897 videt,

899 912 927 935 et
944 909 1066 943 quisquis
1081 909 1152 936 illius
1168 909 1249 937 fuerit
1265 910 1411 946 particeps,
1423 916 1602 946 prteterquatu
1616 912 1689 946 quod

899 955 1054 989 percipiunt
1069 955 1251 990 intelligibilia
1268 963 1316 991 per
1330 964 1361 983 ea
1383 964 1443 991 qua:
1461 957 1487 984 in
1504 957 1564 991 ipso
1581 957 1687 988 insunt,

899 1000 1048 1028 conficiunt
1069 1007 1095 1028 et
1111 1001 1297 1030 detnolinutur
1311 1008 1460 1038 conceptus
1476 1004 1640 1036 crassiores,
1662 1009 1690 1032 et

900 1047 985 1081 magis
1001 1048 1158 1076 tnatet'ialcs
1172 1068 1180 1081 ,
1198 1049 1325 1075 omnibus
1352 1049 1598 1084 quontodocunque
1613 1049 1689 1077 falsis

898 1092 1079 1127 gracilitatem
1110 1098 1137 1120 et
1163 1094 1323 1121 tenuitatem
1356 1095 1479 1122 veritatis
1512 1095 1689 1129 fugientibus.

898 1138 983 1165 Valde
1000 1143 1090 1166 autem
1106 1139 1231 1167 ordinate
1244 1145 1389 1175 postquam
1406 1140 1512 1167 induxit
1529 1141 1688 1168 Sermonem

895 1184 1065 1218 judicantem
1084 1185 1228 1219 iniustitia:
1247 1186 1280 1219 ",
1298 1192 1326 1213 et
1345 1191 1374 1213 ut
1396 1186 1501 1221 judicct
1531 1187 1556 1214 in
1581 1187 1688 1221 justitia

898 1229 997 1257 bellum
1015 1235 1164 1264 gerentem,
1190 1231 1244 1267 58
1263 1237 1345 1266 atque
1368 1232 1465 1260 deinde
1492 1239 1553 1268 post
1576 1234 1687 1266 bellum,

898 1276 1106 1311 illuminantetn,
1126 1278 1191 1305 illud
1218 1279 1404 1314 subjungitur,
1434 1279 1460 1307 in
1490 1281 1574 1314 ipsius
1600 1281 1689 1316 capite

897 1322 982 1350 multa
994 1331 1056 1351 esse
1072 1323 1224 1351 diademata
1238 1325 1270 1352 ”.
1289 1324 1355 1351 Nam
1371 1325 1393 1352 si
1414 1333 1495 1353 unum
1509 1331 1536 1353 et
1554 1327 1688 1354 uniforme

896 1375 971 1398 esset
985 1370 1155 1398 mendacium
1169 1371 1203 1398 de
1216 1379 1270 1406 quo
1289 1377 1426 1406 brostrato
1441 1380 1568 1399 coronam
1583 1374 1689 1408 accipe-

896 1421 938 1444 ret
953 1417 1052 1449 vietor,
1068 1416 1153 1444 fidelis
1166 1424 1288 1448 etverax
1301 1417 1477 1450 Seruto,jure
1485 1418 1567 1444 etiam
1578 1419 1686 1450 Sermo,

896 1463 941 1497 qui
955 1467 1111 1497 superasset
1125 1463 1176 1490 Deo
1192 1468 1383 1497 repugnantes,
1399 1463 1517 1498 scriptus
1528 1463 1619 1490 fuisset
1635 1473 1688 1491 uno

897 1509 1050 1536 diademate
1062 1509 1219 1544 insignitus.
1243 1509 1322 1536 Nune
1349 1514 1438 1536 autem
1456 1510 1539 1536 multa
1557 1518 1618 1536 cum
1634 1510 1687 1536 sint

897 1555 1039 1581 mendacia
1058 1563 1118 1590 qua:
1135 1555 1297 1590 proﬁtentur
1311 1556 1466 1587 veritatem.
1481 1556 1611 1583 adversus
1626 1565 1687 1590 qua:

896 1600 997 1626 bellum
1017 1608 1115 1635 gerens
1134 1600 1179 1628 ille
1205 1601 1301 1628 Sermo
1327 1606 1487 1634 coronatur,
1517 1601 1598 1628 multa
1624 1607 1688 1629 sunt

896 1645 977 1672 etiam
998 1647 1150 1674 diademata
1175 1646 1257 1681 capiti
1285 1652 1385 1674 cuneta
1414 1647 1526 1674 victoris
1548 1648 1684 1682 imposita.

896 1691 967 1725 Quin
982 1692 1064 1720 etiam
1081 1701 1302 1728 unamquamque
1315 1694 1449 1720 actionem
1468 1694 1686 1728 rcbellemsupe-

896 1744 971 1770 rans,
987 1737 1079 1765 tnultis
1092 1739 1199 1764 coronis
1214 1739 1249 1765 ob
1269 1738 1410 1765 victoriam
1429 1739 1604 1772 multiplicem
1622 1740 1688 1767 insi-

896 1782 998 1817 gnitur.
1017 1782 1114 1811 Dictus
1132 1784 1213 1811 etiam
1228 1790 1286 1818 post
1304 1785 1456 1812 diademata
1469 1786 1549 1820 capiti
1561 1786 1687 1819 imposita

896 1835 993 1855 nomen
1003 1827 1104 1854 habere
1114 1829 1257 1862 scriptum,
1267 1829 1339 1863 qttod
1350 1837 1430 1856 nctno
1440 1830 1512 1856 novit
1523 1830 1571 1857 nisi
1583 1830 1640 1864 ipse
1652 1830 1686 1863 ";

896 1873 969 1900 novit
984 1874 1056 1900 cnitn
1067 1874 1141 1901 solus
1154 1874 1277 1908 qumdam
1292 1875 1428 1902 auintatus
1445 1875 1488 1902 bic
1503 1875 1609 1907 Seruio,
1626 1885 1686 1902 cum

896 1919 988 1947 nullus
1001 1920 1104 1947 intueri
1118 1920 1205 1954 possit
1221 1927 1253 1947 ea
1269 1929 1329 1954 qum
1343 1920 1388 1947 ille
1410 1921 1629 1955 cuntprclteudit,
1655 1929 1687 1948 eo

897 1966 969 2000 quod
985 1973 1028 1993 res
1040 1973 1100 2000 qua:
1115 1967 1242 1994 continue
1261 1973 1428 2001 generantur
1442 1967 1519 2002 longe
1541 1967 1687 1996 inferiores

895 2013 949 2039 sint
966 2018 1060 2039 natura
1076 2013 1167 2046 ipsius.
1184 2014 1276 2049 Atque
1292 2014 1376 2041 etiam
1393 2013 1521 2041 fortassis
1535 2014 1585 2041 soli
1604 2015 1688 2049 parti-

895 2058 969 2092 cipes
984 2058 1055 2086 illius
1070 2057 1212 2087 Sermonis
1227 2060 1349 2094 qua-dam
1364 2064 1464 2087 norunt
1478 2068 1538 2094 qua:
1551 2065 1614 2086 sunt
1624 2060 1686 2087 abs-

894 2100 1003 2127 condita
1029 2109 1082 2128 non
1106 2101 1334 2136 participantibus
1360 2101 1446 2129 illum.
1480 2101 1565 2129 Porro
1592 2102 1688 2128 Sermo

34 2143 104 2173 τοὺς
117 2140 159 2176 μὴ
175 2139 339 2175 μετέχοντας
352 2139 425 2166 ἴσασι
439 2140 475 2175 (li)
485 2139 519 2178 τὰ
532 2139 569 2175 μὴ
583 2139 624 2170 εἰς
637 2140 758 2167 ἐκείνους
771 2139 834 2173 φυά-

934 2150 940 2170 t
958 2143 1003 2170 Dei
1023 2152 1075 2171 non
1091 2145 1180 2171 uttdus
1195 2153 1208 2171 ιι
1224 2144 1328 2171 Joanne
1342 2145 1466 2171 cernitur
1485 2145 1519 2178 “,
1537 2146 1599 2172 dum
1617 2153 1688 2180 equo

34 2196 132 2215 νοντα.
153 2187 192 2213 οὐ
216 2185 320 2221 γυμνὸς
343 2185 372 2212 δὲ
397 2185 436 2220 τῷ
459 2185 571 2221 Ἰωάννῃ
592 2186 690 2220 ὁρᾶται
707 2185 746 2220 τῷ
764 2185 841 2220 ἵππῳ

32 2234 192 2270 ὀχούμενος
208 2233 222 2258 6
235 2232 284 2259 τοῦ
298 2232 365 2258 Θεοῦ
380 2232 479 2266 Λόγος’
498 2232 694 2268 περιϐέϐληται
708 2232 763 2268 γὰρ
776 2232 840 2267 ἱμά-

32 2290 96 2308 τιον
123 2278 303 2316 ἐρῤαμμένον
330 2278 437 2313 αῖματι,
456 2278 572 2314 ἐπείπερ
599 2278 660 2313 ἴχνη
686 2278 840 2313 περίκειται

32 2328 48 2353 6
65 2326 222 2361 γενόμενος
239 2325 323 2359 Λόγος
339 2324 418 2360 σὰρξ,
433 2325 480 2351 καὶ
502 2325 546 2352 διὰ
561 2325 591 2351 τὸ
605 2325 746 2359 γεγονέναι
772 2323 840 2359 σὰρξ

31 2372 202 2404 ἁποθακὼν,
221 2371 260 2403 ὡς
278 2370 446 2406 προχυοῆναι
464 2371 545 2398 αὐτοῦ
569 2371 616 2397 καὶ
639 2369 708 2406 αἷμα
730 2371 775 2397 ἐπὶ
789 2370 839 2406 τὴν

31 2419 104 2454 γῆν,
122 2417 256 2450 νύξαντος
275 2417 322 2443 τοῦ
340 2417 509 2452 στρατιώτου
532 2417 581 2452 τὴν
601 2417 720 2452 πλευρὰν
737 2417 818 2443 αὑτοῦ
831 2424 838 2432 ·

31 2466 152 2492 ἐκείνου
163 2463 211 2490 τοῦ
224 2464 336 2497 πάθους,
346 2464 416 2499 τάχα
424 2464 478 2500 γὰρ
487 2464 539 2490 κᾶν
552 2463 625 2495 ὅπως
637 2463 702 2489 ποτέ
713 2464 741 2490 ἐν
750 2464 782 2498 τῇ
794 2463 840 2489 τοῦ

32 2513 132 2546 Λόγου
152 2510 307 2546 ὑψηλοτάτη
321 2511 369 2537 καὶ
379 2510 504 2545 ἁνωτάτῃ
516 2509 617 2545 Οεωρίᾳ
631 2509 784 2544 γενώμεθα,
795 2509 842 2535 καὶ

31 2559 90 2594 τῆς
102 2556 238 2592 ἀληθείας
253 2557 284 2583 οὐ
299 2556 388 2592 πάντη
402 2555 602 2591 ἐπιλησόμεθα,
621 2556 670 2591 τῆς
688 2557 717 2582 ἐν
735 2554 841 2590 σώματι

73 2605 100 2621 ⁸³
120 2605 142 2631 Il
157 2603 255 2631 Thess.
278 2610 310 2630 tt.
347 2603 370 2618 ’°
385 2603 468 2637 Apoc.
488 2610 545 2628 six.
569 2602 612 2628 1'2.
652 2602 672 2618 ’“
689 2602 753 2628 ibid.
777 2602 819 2628 li.

74 2651 118 2686 (ἓ)
155 2650 225 2682 Τοὺς
251 2649 299 2686 μὴ
330 2648 420 2686 ὄντας
445 2648 483 2686 τῇ
510 2647 642 2686 eo,on
669 2651 761 2682 σοφίᾳ
789 2657 843 2686 ονο-

31 2684 134 2726 gout.
161 2686 224 2726 ibet:
241 2685 342 2726 desunt
354 2685 380 2711 in
395 2685 516 2711 eJitiuue
535 2684 637 2716 “ttelit,
654 2685 699 2710 sed
716 2684 844 2718 supplen-

35 2719 83 2749 iur
103 2730 121 2747 ιι
140 2721 238 2748 codice
254 2719 410 2746 Bodleiano.

24 2766 28 2776 ι
73 2757 117 2791 (3)
145 2755 228 2782 Μετὰ
241 2755 377 2791 τότ-,μμ
392 2753 435 2791 _l_ta
451 2754 531 2791 codd.
554 2753 712 2791 Bodleianns
731 2758 758 2780 et
775 2753 842 2780 Bar-

34 2789 181 2822 brr-itus;
203 2789 272 2816 male
288 2789 373 2816 editio
391 2789 495 2822 lluetii,
510 2790 581 2815 κατὰ
595 2789 651 2819 τόν,
664 2794 718 2815 etc.

76 2827 123 2863 (ἦ)
153 2825 244 2861 Ἑξῆς
257 2824 290 2851 δὲ
306 2824 350 2858 τό,
367 2828 418 2852 etr.
435 2825 589 2859 Lugendum
608 2825 724 2857 videtur,
740 2823 801 2859 ἑξῆς
814 2823 842 2849 δὲ

857 2601 881 2618 ⁰¹
899 2599 962 2627 ibid.
977 2599 1019 2626 i2.

896 2185 958 2212 albo
966 2186 1083 2219 rebitur,
1097 2187 1143 2214 sed
1154 2187 1343 2214 circumdatus
1355 2192 1430 2214 veste
1441 2188 1575 2221 sanguine
1591 2188 1686 2219 tincta,

894 2231 1117 2265 quandoquidem
1144 2231 1269 2266 vestigiis
1290 2235 1318 2258 el.
1345 2232 1418 2258 notis
1445 2231 1629 2258 circtttndultts
1646 2236 1688 2258 ost

896 2276 991 2303 Sermo
1007 2276 1095 2304 factus
1109 2284 1185 2310 caro,
1201 2282 1228 2304 et
1244 2277 1345 2305 idcirco
1360 2278 1442 2304 etiam
1460 2283 1584 2304 mortuus
1596 2297 1603 2310 ,
1624 2278 1686 2311 quia

894 2329 960 2350 caro
986 2324 1082 2355 factus,
1109 2323 1145 2348 ita
1169 2327 1197 2349 ut
1215 2323 1374 2357 sanguinem
1394 2330 1477 2357 super
1492 2327 1592 2350 terrain
1608 2330 1687 2349 suum

894 2369 1054 2403 profuderit,
1065 2368 1150 2395 utilite
1161 2368 1230 2395 latus
1239 2369 1298 2403 ejus
1305 2373 1450 2404 puugente.
1461 2368 1597 2395 Passionis
1614 2377 1688 2394 natu-

894 2423 947 2450 que
967 2415 1048 2447 illius,
1059 2419 1086 2442 et
1103 2415 1238 2447 veritatis,
1251 2420 1278 2442 et
1291 2415 1407 2442 instituti
1433 2415 1494 2441 vita:
1507 2422 1586 2449 quam
1602 2414 1688 2442 tenuit

895 2462 920 2488 in
938 2469 1054 2496 corpore
1066 2467 1170 2493 nostro,
1187 2461 1260 2488 nulla
1281 2469 1331 2488 nos
1352 2469 1471 2496 unquam
1489 2462 1594 2488 tenebit
1618 2462 1687 2489 obli-

896 2507 948 2539 vio,
962 2508 1044 2534 etiam
1062 2507 1083 2534 si
1095 2507 1209 2534 fortasse
1221 2507 1466 2542 quomodocunque
1481 2508 1687 2542 pervencrimus

895 2554 928 2579 ad
945 2553 1105 2579 altissimam
1123 2560 1327 2588 superttamque
1349 2554 1434 2588 ipsius
1450 2553 1589 2581 Sermonis
1602 2558 1629 2580 et
1641 2553 1686 2580 Fi-

1059 2599 1082 2615 9’
1097 2598 1164 2627 ibid.
1201 2600 1224 2616 ⁸*
1235 2600 1300 2627 ibid.
1316 2600 1359 2628 15.

896 2647 947 2682 τῷ,
964 2651 1018 2674 etc.

935 2683 972 2717 (ὅ)
989 2682 1170 2717 Ἐνεργ-είας.
1191 2681 1335 2709 εἰςεόοιΙιΙ.
1358 2681 1521 2709 Bodleiauus
1543 2685 1569 2708 et
1590 2679 1686 2707 Barbco

898 2718 989 2748 riuus;
1010 2716 1172 2752 tnale'editto
1188 2716 1288 2750 lluetii,
1303 2718 1455 2752 ἐναργείας.
1510 2751 1524 2752 η
1563 2749 1566 2751 ἓ

933 2754 972 2787 (ti)
997 2754 1104 2779 Ἰσίισι.
1132 2751 1170 2778 lla
1199 2758 1272 2779 recte
1296 2751 1375 2778 habet
1399 2754 1484 2778 codex
1509 2751 1685 2782 Bodlciuuus;

899 2789 968 2816 male
990 2796 1052 2816 γει-ο
1065 2787 1164 2823 Regius
1179 2793 1205 2816 et
1218 2787 1393 2822 Barbcriuus,
1412 2787 1479 2813 ἰᾶσι.
