1870 3046
71 183 126 212 129

623 181 801 210 (ΣΟΜΜΕΝΤ.
820 183 851 209 IN
870 181 965 210 JUAN.
984 181 1101 209 TOMUS
1121 181 1150 209 Il.

1649 181 1698 212 150

67 254 126 272 των
144 244 197 271 τῶν
215 244 268 270 ὑπὸ
284 243 327 269 τοῦ
345 243 449 278 Πατρὸς
468 242 511 269 διὰ
527 243 644 278 Χριστοῦ
663 243 859 277 γεγενημένων.

942 248 965 266 ts
982 249 1041 274 ane
1060 248 1073 266 a
1093 239 1171 266 Patre
1189 247 1236 274 per
1251 240 1388 267 Christum
1406 241 1514 268 condita
1530 245 1609 274 sunt,
1630 249 1694 276 pra»

68 292 128 318 Καὶ
147 291 218 326 τάχα
238 289 306 325 αὕτη
327 290 400 316 ἐστὶν
421 291 436 324 ὴ
457 289 533 316 αἰτία
552 290 606 324 (18)
622 289 666 316 τοῦ
682 289 719 324 μὴ
742 290 788 315 καὶ
813 287 858 313 τὸν

71 339 134 364 υἱον
174 335 352 372 χρηματίζειν
367 335 413 361 τοῦ
431 335 498 360 θεοῦ
512 355 518 366 ,
536 335 615 370 μόνου
630 335 676 360 τοῦ
695 334 862 369 Μονογενοῦς

67 382 153 417 φύσει
179 381 243 408 Υίοῦ
264 381 382 416 ἀρχῆθεν
400 380 590 416 τυγχάνοντος,
607 378 637 408 οὗ
654 380 765 416 χρῄζειν
790 380 862 407 ἔοικε

65 426 100 452 τὸ
117 427 197 460 ἅγιον
211 425 332 460 Πνεῦμα,
348 425 535 457 διακονοῦντος
549 426 630 452 αὐτοῦ
644 428 677 461 τῇ
692 426 838 453 ὑποστάσει
854 445 861 456 ,

65 474 99 498 οὺ
127 473 208 508 μόνον
223 473 263 504 εἰς
280 472 309 499 τὸ
323 470 403 506 εἶναι,
431 472 498 499 ἀλλὰ
528 473 574 498 καὶ
596 473 676 506 σοφὸν
699 471 768 499 εἶναι
783 492 790 504 ,
815 473 862 498 καὶ

66 518 192 552 λογικξν,
212 519 258 545 καὶ
275 519 389 550 δίκαιον,
416 519 462 546 καὶ
489 519 542 545 πᾶν
561 519 701 546 ὁτιποτοῦν
728 520 781 555 χρὴ
797 519 862 546 αὐτὸ

68 565 144 590 νοεῖν
156 565 317 598 τυγχάνειν,
343 563 413 590 κατὰ
434 565 551 599 μετοχὴν
579 565 632 591 τῶν
654 565 861 601 προειρημένων

66 609 138 643 ἡμῖν
149 608 266 644 Χριστοῦ
281 609 416 636 ἐπινοιῶν.
424 607 506 644 Οἶμαι
516 610 543 635 δὲ
556 610 586 636 τὸ
597 610 672 645 ἅγιον
682 611 793 646 Πνεῦμα
802 611 860 646 τὴν,

70 653 107 679 ἵν’
119 652 207 685 οὕτως
217 654 295 685 εἴπω,
305 653 369 688 ὓλην
382 653 435 680 τῶν
449 654 503 680 ἀπὸ
520 654 587 681 Θεοῦ
602 656 778 690 χαρισμάτων
792 665 862 691 παρ-

67 699 147 733 έχειν
179 700 233 730 τοῖς
252 698 285 725 δι’
301 699 366 725 αὐτὸ
390 700 436 726 καὶ
461 699 510 735 τὴν
529 700 643 735 μετοχὴν
657 700 738 727 αὐτοῦ
755 710 862 736 χρημα-

66 745 193 776 τίζουσιν
212 744 309 778 ἁγίοις,
333 745 382 780 τῆς
402 745 550 780 εἰρημένης
573 746 638 781 ὕλης
656 746 709 774 τῶν
726 747 862 782 χαρισμά-

66 799 126 816 των
146 790 344 826 ἐνεργουμένης
363 791 411 826 μὲν
426 791 481 817 ἀπὸ
496 791 543 817 τοῦ
557 791 634 823 Θεοῦ,
650 792 861 827 διακονουμένης

65 838 99 864 δὲ
116 837 170 864 ὑπὸ
185 837 231 864 τοῦ
256 836 385 872 Χριστοῦ,
412 836 571 871 ὑφεστώσης
590 837 618 863 δὲ
635 837 705 864 κατὰ
730 837 761 863 τὸ
785 837 861 872 ἅγιον

67 883 197 918 Πνεῦμα.
222 883 276 910 Καὶ
303 884 372 909 κινεῖ
396 891 428 918 με
454 884 494 914 είς
521 883 550 909 τὸ
572 883 649 909 ταῦθ’
671 883 757 915 οὕτως
789 883 861 919 ἔχειν

912 287 1072 312 stantiorcnt
1093 294 1164 318 esse,
1182 291 1209 312 ut
1224 287 1296 319 pium
1311 291 1338 313 et
1361 294 1453 314 verum
1480 288 1652 316 concedimus
1673 293 1700 315 et

912 333 1104 368 appt'olmntus.
1121 333 1208 367 Atque
1223 333 1280 359 lucc
1298 333 1412 360 forsitan
1427 342 1507 361 causa
1524 339 1565 361 est
1579 342 1627 361 cur
1644 335 1700 369 ipse

914 380 960 407 Dt-i
977 387 1029 406 non
1048 378 1155 405 dicatur
1170 386 1229 406 esse
1250 379 1349 412 Filius;
1366 380 1436 414 quod
1452 380 1525 407 solus
1542 380 1700 414 Unigenitns

912 434 925 451 a
948 425 1081 460 principio
1097 430 1192 450 natura
1214 423 1299 451 Filius
1316 425 1366 458 sit,
1389 433 1442 460 qtto
1460 426 1580 460 indigere
1596 428 1700 454 "detur

913 471 1031 505 Spiritus
1049 476 1171 502 sanctus,
1188 470 1361 498 ministrante
1384 472 1466 506 ipsius
1483 472 1630 507 hypostasi,
1646 480 1699 500 nou

912 518 998 544 solmu
1015 522 1043 543 ιιι
1070 517 1116 550 sit,
1136 517 1183 544 sed
1203 521 1231 544 ut
1247 517 1354 551 sapiens
1369 517 1422 550 sit,
1438 523 1465 545 et
1484 519 1598 546 rationis
1617 520 1700 554 parti-

913 570 984 596 ceps.
999 567 1025 590 et
1039 563 1093 598 62
1108 562 1197 597 justus
1208 585 1214 595 ,
1232 568 1258 590 et
1276 570 1355 590 omne
1375 563 1401 590 id
1416 563 1487 597 quod
1503 571 1563 591 eum
1584 572 1644 592 esse
1659 565 1701 592 itt-

914 608 1086 642 telligendum
1105 613 1158 640 est,
1173 617 1206 635 ex
1222 608 1323 636 Christi
1346 609 1497 642 nationum,
1515 617 1575 644 qua:
1591 619 1606 638 ιι
1621 611 1701 638 uoltis

912 655 991 689 paulo
1007 660 1069 681 ante
1085 660 1303 682 commemorata:
1319 660 1393 688 sunt,
1410 656 1629 690 participationt‘.
1645 656 1700 691 Ego

912 704 1001 726 autem
1028 699 1152 727 existimo
1179 699 1310 734 Spirittttn
1331 706 1455 728 sanetum
1468 721 1474 731 ,
1495 706 1524 727 ιιι
1540 701 1576 727 ita
1593 702 1699 734 dicam,

913 745 1053 772 materiam
1068 745 1219 779 gratiarum
1234 754 1294 780 qua:
1310 753 1324 773 a
1342 745 1397 773 DI‘O
1411 746 1623 781 proﬁciscuntur
1637 755 1702 782 snp-

913 791 1035 825 peditare
1052 790 1087 817 iis
1109 790 1155 824 qui
1173 798 1221 825 per
1238 791 1324 826 ipsum
1353 790 1465 825 ejusque
1481 792 1701 819 communionem

913 835 998 862 sancti
1016 840 1088 867 sunt,
1104 836 1167 862 dunt
1182 837 1305 869 materia,
1321 844 1402 871 qttattt
1419 836 1474 863 tlixi
1492 836 1701 869 charisntatum,

913 887 927 906 a
947 879 1000 907 Deo
1013 879 1121 914 quidem
1138 885 1276 915 operatur,
1298 889 1312 908 a
1331 879 1438 909 Christo
1459 886 1548 909 autem
1563 882 1702 909 ministra-

66 929 218 955 ὑπολαϐεῖν
236 928 350 960 Παῦλος,
368 929 432 963 περὶ
448 929 624 963 χαρισμάτων
639 928 711 955 οὕτω
724 937 775 955 που
792 929 859 964 γρά-

943 933 965 956 ι·,
980 932 1030 959 per
1045 925 1174 960 Spiritum
1187 932 1250 954 vero
1264 931 1387 954 sanctum
1410 928 1530 955 exsistit.
1549 928 1625 961 Quod
1642 929 1702 964 qui-

65 983 146 1009 φωνε
166 984 175 1000 ί
195 975 345 1010 Διαιρέσεις
373 974 400 999 δὲ
425 974 603 1009 χαρισμάτων
626 975 697 1007 εἰσὶ,
714 974 744 1001 τὺ
759 975 781 1001 δ’
795 974 861 1001 αὐτὸ

65 1020 184 1055 Πνεῦμα
194 1028 200 1034 ⁸
214 1020 261 1046 καὶ
277 1019 422 1055 διαιρέσεις
445 1019 585 1045 διακονιῶν
603 1020 666 1051 εἰσι,
690 1020 738 1046 καὶ
752 1021 766 1047 ὁ
781 1020 861 1052 αὐτὸς

66 1066 191 1101 Κύριος.-
208 1066 254 1092 καὶ
270 1065 419 1101 διαιρέσεις
431 1065 624 1101 ἐνεργημάτων
641 1067 702 1098 εἰσὶ,
725 1067 771 1093 καὶ
785 1067 799 1092 ὁ
813 1067 861 1093 αὐ-

64 1112 116 1143 τός
132 1113 190 1137 ἐστι
207 1111 282 1144 Θεὸς,
299 1112 314 1137 ὁ
327 1111 444 1147 ἐνεργῶν
457 1112 492 1138 τὰ
505 1112 593 1139 πάντα
607 1113 636 1138 ἐν
651 1113 742 1138 πᾶσιν.
760 1123 768 1138 ι
786 1114 861 1148 Ἔχει

65 1158 99 1184 δὲ
118 1157 290 1192 suntan
303 1157 358 1193 (l9)
374 1157 418 1184 διὰ
428 1166 457 1183 τε
473 1157 518 1184 τό·
533 1167 542 1183 ε
562 1158 653 1185 Πάντα
666 1157 698 1184 δι’
711 1158 792 1185 αὑτοῦ
801 1159 862 1193 ἐγέ-

67 1211 144 1234 νετο,
159 1212 168 1227 ι
181 1202 226 1228 καὶ
235 1201 391 1229 ἀκολουθεῖν
400 1202 429 1228 τὸ
442 1202 564 1238 Πνεῦμα,
581 1204 694 1238 γενητὸν
707 1204 746 1236 ὃν,
759 1203 802 1230 διὰ
815 1204 861 1230 τοῦ

66 1247 159 1282 Λόγον
173 1247 322 1281 γεγονέναι,
338 1246 396 1279 πῶς
408 1248 488 1274 οἱονεὶ
499 1249 665 1283 προτιμᾶται
680 1248 727 1275 τοῦ
742 1248 860 1284 Χριστοῦ

66 1293 98 1320 ἓν
118 1301 173 1319 τισι
202 1293 332 1328 Γραφαῖς,
357 1293 386 1319 ἐν
416 1293 465 1328 μὲν
488 1293 526 1328 τῷ
556 1294 653 1329 Ἡσαΐᾳ
669 1294 862 1329 ὁμολογοῦντος

66 1338 192 1373 Χριστοῦ
213 1338 261 1373 οὐχ
278 1338 330 1364 ὑπὸ
355 1338 402 1364 τοῦ
430 1339 536 1374 Πατρος
564 1339 733 1367 ἀπεστάλθαι
761 1341 859 1376 μόνου,

65 1384 140 1411 ἀλλὰ
153 1384 197 1410 καὶ
210 1384 262 1410 ὑπὸ
279 1383 325 1410 τοῦ
340 1384 418 1418 ἁγίου
430 1385 587 1420 Πνεῦμα-τος
608 1385 685 1422 (φησὶ
703 1387 766 1422 γάρ·
783 1397 792 1413 ι
807 1387 862 1414 Καὶ

64 1430 117 1456 νῦν
130 1430 231 1466 Κύριος
242 1429 383 1456 ἀπέστειλέ
395 1439 438 1466 με,
447 1431 493 1457 καὶ
505 1431 534 1457 τὸ
544 1431 653 1467 Πνεῦμα
664 1433 745 1459 αὐτοῦ
755 1433 786 1468 ι)”
798 1434 825 1460 ὲν
833 1434 861 1460 δὲ

64 1476 107 1512 τῷ
126 1476 284 1511 Εὐαγγελίῳ
299 1476 395 1510 ἄφεσιν
413 1477 462 1512 μὲν
488 1478 723 1513 ἐπαγγελλομένου
749 1480 795 1505 ἐπὶ
810 1479 861 1514 τῆς

64 1524 109 1555 εἰς
125 1522 206 1549 αὐτὸν
220 1522 369 1558 ἁμαρτίας,
384 1523 601 1559 ἀποφαινομένου
616 1524 643 1550 δὲ
659 1525 724 1560 περὶ
749 1525 799 1560 τῆς
820 1526 861 1558 εἰς

64 1569 98 1595 τὸ
115 1569 193 1603 ἇγιον
211 1569 323 1604 Πνεῦμα
339 1569 522 1605 βλασφημίας,
537 1570 574 1602 ὡς
588 1570 618 1596 οὐ
637 1570 717 1606 μόνον
731 1572 760 1597 ὲν
773 1571 859 1607 τούτῳ

65 1614 108 1649 τῷ
127 1614 206 1640 αἰῶνι
231 1614 268 1650 μὴ
295 1615 427 1650 ἐσομένης
455 1615 506 1650 τῆς
529 1615 653 1649 ἀφέσεως
678 1615 717 1651 τῷ
739 1617 778 1648 εἰς
795 1617 861 1644 αὐτὸ

66 1660 296 1695 δυσᾳημήσαντι,
319 1660 376 1686 ἀλλ’
389 1660 449 1686 οὐδὲ
467 1661 496 1687 ὲν
511 1661 550 1696 τῷ
570 1660 703 1696 μέλλοντι.
726 1663 782 1689 Καὶ
807 1663 861 1698 μήθ

67 1716 136 1733 ποτε
151 1707 182 1732 οὐ
205 1706 313 1738 πάντως
335 1706 378 1733 διὰ
392 1706 422 1732 τὺ
435 1706 596 1742 τιμιώτερον
614 1705 683 1734 εἶναι
699 1708 729 1735 τὸ
750 1709 861 1745 Πνεῦμα

65 1752 99 1778 τὸ
113 1753 191 1787 ἅγιον
201 1752 248 1778 τοῦ
266 1753 395 1788 Χριστοῦ,
413 1753 442 1779 οὐ
456 1753 559 1787 γίνεται
579 1754 674 1788 ἄφεσις
691 1754 729 1789 τῷ
744 1755 782 1787 είς
796 1756 862 1781 αὐτὸ

66 1799 126 1834 (21))
145 1798 327 1834 ἡμαρτηκότι,
350 1798 418 1824 ἀλλὰ
441 1798 484 1824 διὰ
507 1798 537 1824 τὸ
559 1799 676 1834 Χριστοῦ
698 1799 746 1834 μὲν
774 1799 862 1826 πάντα

68 1844 199 1878 μετέχειν
226 1843 261 1870 τὰ
282 1843 396 1878 λογικὰ,
419 1840 459 1876 οἷς
481 1843 580 1870 δίδοται
604 1845 752 1881 συγγνώμη
780 1854 863 1880 μετα-

66 1889 247 1924 δαλλομένοις
274 1889 328 1915 ἀπὸ
348 1889 402 1915 τῶν
424 1889 641 1924 ἁμαρτημάτων,
665 1890 712 1916 τοῦ
738 1890 766 1917 δὲ
783 1891 861 1925 ἁγίου

66 1935 232 1970 Ιινεύματος
253 1935 315 1966 τοὺς
336 1934 566 1970 κατηξιωμέιους,
598 1935 732 1971 μηδεμιᾶς
752 1935 862 1971 εῡλογον

67 1979 139 2007 εἶναι
161 1981 327 2016 συγγνώμης
340 1983 430 2016 τυχεῖν
445 1981 513 2016 μετὰ
532 1982 697 2018 τηλικαύτης
712 1984 758 2010 καὶ
770 1983 862 2011 τοιαύ-

66 2035 119 2062 της
140 2026 295 2061 συμπνοίας
315 2028 371 2059 τοῖς
392 2027 431 2059 εἰς
453 2027 484 2053 τὸ
508 2028 593 2054 κακὸν
614 2028 653 2054 ἔτι
679 2029 861 2057 ἁποπίπτουσι

67 2073 116 2099 καὶ
131 2072 347 2106 ἑκτρεπομένοις
361 2072 416 2107 (21)
436 2072 484 2103 τὰς
501 2072 547 2098 τοῦ
561 2073 759 2109 ἐνυπάρχοντος
777 2074 862 2100 Πνεύ-

65 2126 157 2154 ματος
182 2117 356 2152 συμϐουλίας.
384 2119 415 2144 Et
439 2117 468 2145 δὲ
492 2118 561 2145 κατὰ
582 2118 627 2146 τὸν
649 2119 762 2146 Ἡσαῖαν
781 2121 862 2156 φησὶν

64 2165 79 2191 δ
106 2164 214 2200 Κύριος
238 2163 317 2199 ἡμῶν
337 2163 391 2190 ὑπὸ
413 2163 460 2190 τοῦ
485 2164 593 2200 Πατρὸς
622 2165 791 2193 ἀπεστάλθαι
815 2166 863 2193 καὶ

62 2210 114 2237 τοῦ
148 2209 309 2244 Πνεύματος
331 2208 434 2243 αὐτοῦ,
470 2210 527 2237 ἐστι
559 2211 607 2238 καὶ
642 2211 759 2239 ἐνταῦθα
799 2213 862 2249 περὶ

913 971 972 998 dem
997 976 1025 998 ut
1041 972 1075 998 ita
1092 979 1152 998 esse
1168 976 1269 1005 putent.
1294 973 1359 999 facit
1375 973 1473 1000 Paulus
1489 993 1496 1006 ,
1513 973 1559 1008 qui
1583 974 1701 1008 quodam

912 1015 974 1043 loco
990 1015 999 1031 ³
1015 1016 1156 1051 tle-gratiis
1170 1018 1264 1044 scribit
1279 1018 1322 1045 his
1337 1019 1445 1046 vctbis:
1463 1028 1471 1044 ε
1488 1019 1641 1047 Divisiones
1653 1027 1702 1046 au-

914 1064 966 1086 tem
980 1061 1128 1094 gratiarum
1147 1065 1222 1093 sunt,
1239 1061 1309 1088 idem
1328 1067 1418 1089 autent
1436 1063 1574 1097 Spiritus:
1593 1068 1621 1092 et
1632 1064 1704 1092 divi-

912 1107 1004 1133 siones
1019 1107 1248 1135 ministrationum
1265 1113 1338 1142 sunt,
1356 1109 1428 1136 idem
1446 1115 1535 1137 autem
1556 1110 1701 1144 Dominus;

913 1159 938 1180 et
955 1153 1103 1180 divisiones
1118 1153 1304 1188 operationtnu
1322 1159 1399 1188 sunt,
1420 1154 1489 1181 ident
1509 1159 1599 1182 autent
1619 1154 1701 1189 Deus,

913 1198 960 1233 qtti
977 1203 1104 1232 operatur
1121 1200 1405 1230 omniainotttnibus.»
1417 1199 1502 1227 liabet
1518 1204 1609 1227 autem
1619 1201 1701 1227 dubi-

914 1245 1056 1277 tatiouctn,
1066 1246 1136 1280 quod
1153 1255 1162 1271 ι
1175 1247 1268 1273 omnia
1286 1254 1332 1280 per
1344 1246 1430 1281 ipsum
1445 1246 1513 1273 facta
1527 1256 1536 1272 ι
1551 1248 1616 1279 sint.
1627 1252 1653 1274 et
1669 1254 1702 1273 ex

912 1297 945 1317 eo
959 1295 1088 1325 sequatur
1099 1311 1106 1323 ,
1123 1296 1151 1318 ut
1166 1291 1283 1326 Spiritus
1300 1297 1421 1323 sanctus,
1439 1292 1483 1326 qui
1499 1291 1585 1318 factus
1599 1297 1649 1324 est,
1668 1291 1701 1318 ab

914 1337 972 1371 ipso
1000 1337 1088 1365 factus
1104 1338 1166 1366 sit:
1188 1339 1323 1372 quotnodo
1350 1338 1459 1365 Christo
1487 1338 1513 1365 in
1540 1339 1702 1373 quihusdam

913 1383 1065 1417 Scripturis
1080 1389 1273 1419 anteponatur,
1292 1391 1353 1411 cum
1373 1383 1498 1413 Christus
1517 1383 1574 1418 ipse
1594 1384 1619 1411 in
1633 1383 1702 1411 Isaia

912 1427 1021 1463 quidem
1038 1436 1067 1456 se
1083 1437 1136 1456 tton
1154 1430 1241 1457 solum
1259 1437 1273 1456 a
1289 1430 1386 1461 Patre.
1403 1430 1450 1456 sed
1467 1429 1550 1456 etiam
1565 1437 1579 1456 ει
1598 1429 1702 1464 Spiritu

914 1479 1010 1502 saneto
1021 1476 1133 1503 missum
1149 1483 1209 1503 esse
1224 1475 1358 1508 fateatur;
1374 1475 1410 1502 ait
1426 1475 1498 1502 enint
1511 1475 1541 1503 δι
1561 1485 1570 1501 ‹
1585 1475 1616 1503 Ει
1631 1483 1703 1503 nunc

913 1520 1044 1548 Dominus
1056 1520 1131 1548 misit
1144 1529 1197 1554 me,
1210 1521 1323 1556 ejusque
1337 1520 1472 1556 Spiritus;
1491 1530 1501 1547 ι
1516 1521 1542 1548 in
1556 1521 1703 1556 Evangelio

914 1573 1002 1594 atttem
1028 1568 1216 1595 remissionem
1235 1568 1376 1602 promittat
1398 1568 1425 1595 in
1453 1573 1566 1603 peccato
1585 1570 1656 1603 qttod
1675 1569 1702 1595 itt

913 1614 1000 1649 ipsum
1014 1614 1208 1648 committitur;
1228 1613 1384 1649 pronuntiet
1403 1621 1467 1641 vero
1483 1615 1516 1642 de
1535 1615 1702 1649 blastthetnia

913 1660 939 1687 itt
952 1665 1076 1687 sanctum
1092 1660 1235 1694 Spiritum,
1249 1669 1304 1688 non
1320 1660 1378 1689 fore
1394 1665 1423 1688 ut
1442 1666 1531 1695 pateat
1549 1669 1601 1689 tton
1614 1662 1702 1688 solum

913 1706 939 1733 in
957 1706 1009 1734 hoc
1027 1706 1137 1739 sateulo,
1152 1708 1198 1734 sed
1216 1707 1296 1734 etiam
1319 1707 1345 1734 itt
1360 1707 1450 1734 futuro
1464 1707 1497 1734 ad
1522 1707 1581 1740 ejus
1596 1708 1702 1735 veniam

912 1756 940 1779 et
954 1752 1147 1780 remissionem
1165 1752 1276 1780 auditus
1291 1753 1314 1780 ei
1332 1753 1377 1788 qui
1399 1754 1424 1780 itt
1442 1754 1515 1780 illum
1532 1753 1704 1789 blasphema-

912 1797 992 1825 verit.
1012 1797 1045 1824 Et
1063 1798 1182 1824 fortasse
1197 1806 1249 1826 non
1265 1805 1408 1833 propterea
1425 1799 1450 1826 ei
1466 1800 1510 1834 qui
1528 1799 1554 1826 itt
1571 1799 1702 1834 Spiritum

912 1847 1034 1870 sanctum
1049 1844 1211 1878 peccaverit,
1229 1852 1281 1871 non
1295 1844 1455 1879 ignoscitur,
1466 1844 1536 1880 quod
1551 1844 1608 1879 ipse
1621 1844 1703 1871 Chri-

913 1895 956 1916 sto
982 1889 1018 1916 sit
1043 1889 1200 1916 honoratior
1226 1890 1307 1924 eique
1334 1894 1536 1924 anteponatur,
1564 1890 1611 1916 setl
1630 1889 1702 1924 quod

914 1935 1005 1964 omnia
1022 1935 1047 1962 itt
1064 1934 1162 1970 quibus
1176 1939 1218 1962 est
1233 1935 1312 1967 ratio,
1328 1934 1436 1962 Christo
1451 1935 1625 1970 participant,
1643 1935 1703 1969 qni-

913 1982 984 2015 bus,
1002 1990 1064 2010 cum
1087 1989 1102 2009 a
1122 1982 1244 2017 peccatis
1264 1981 1419 2013 discedunt,
1442 1982 1521 2008 venia
1535 1981 1635 2008 datur:
1655 1988 1702 2007 eos

914 2033 1004 2055 autem
1020 2029 1066 2063 qui
1087 2033 1182 2056 sancto
1199 2028 1301 2063 Spiritu
1323 2027 1398 2062 digiti
1419 2027 1533 2062 indicati
1558 2031 1632 2059 sunt,
1649 2033 1702 2053 non

914 2082 1126 2103 consentaneum
1152 2077 1187 2104 sit
1203 2075 1312 2102 veniam
1329 2074 1460 2110 consequi
1475 2094 1483 2108 ,
1503 2080 1564 2101 cum
1584 2077 1658 2099 tanto
1674 2078 1703 2100 et

915 2119 960 2146 tali
980 2119 1120 2152 instinctu,
1141 2126 1179 2152 et,
1193 2125 1223 2146 ut
1240 2119 1275 2146 ita
1291 2119 1389 2150 dicant,
1409 2118 1588 2153 inspiratione
1604 2117 1630 2144 itt
1642 2123 1700 2143 ma-

914 2165 969 2192 lunt
984 2166 1081 2193 iterum
1101 2166 1264 2198 relahentes,
1283 2170 1310 2193 et
1327 2165 1440 2192 consilia
1460 2164 1580 2199 Spiritus
1595 2163 1702 2193 sancti.

914 2212 960 2247 qui
987 2213 1012 2240 itt
1033 2213 1073 2240 eis
1099 2213 1178 2245 inest,
1199 2216 1366 2248 respuenles.
1389 2211 1466 2244 Quod
1487 2210 1509 2238 si
1525 2211 1550 2237 id
1574 2209 1645 2244 quod
1660 2214 1703 2235 est

63 2256 114 2283 τοῦ
141 2256 355 2287 ἀποστείλαντος
379 2256 423 2282 τὸν
446 2257 563 2292 Χριστὸν
587 2257 744 2293 Πνεύματος
768 2258 859 2286 ἀπολο

940 2259 987 2294 and
1003 2258 1098 2286 Isaiam
1112 2259 1253 2294 scriptum,
1271 2258 1309 2285 ait
1324 2256 1454 2285 Servator
1467 2261 1561 2283 uoster
1574 2263 1603 2282 se
1618 2263 1633 2282 a
1649 2254 1701 2281 Pa-

64 2303 228 2340 γήσασοαι,
256 2303 307 2338 οὐχ
332 2302 370 2334 ὡς
398 2302 477 2337 φύσει
504 2303 696 2339 διαφέροντος,
724 2304 792 2331 ἀλλὰ
819 2305 863 2332 διὰ

63 2350 117 2385 τὴν
136 2348 288 2384 γενομένην
312 2349 468 2384 οἰκονομίαν
489 2349 540 2384 τῆς
557 2349 790 2386 ἐνανορωπήσεως
815 2351 862 2378 τοῦ

65 2395 136 2423 Υἱοῦ
155 2395 204 2421 τοῦ
221 2394 288 2421 Θεοῦ
305 2414 312 2427 ,
343 2395 540 2427 ὲλαττωῠέντος
565 2395 630 2432 παρ’
647 2395 714 2423 αὐτὸ
736 2397 784 2423 τοῦ
806 2397 862 2424 Σω-

65 2441 164 2477 τῆρος.
195 2440 227 2467 Εἰ
246 2440 274 2466 δὲ
302 2441 330 2467 ἐν
354 2439 441 2476 τούτῳ
458 2441 512 2476 (‘22)
535 2442 700 2477 προσκόπτει
716 2442 755 2478 τῷ
773 2442 862 2477 λέγειν

66 2486 245 2521 ἠλαττῶσοαι
270 2486 344 2522 παρὰ
367 2486 398 2512 τὸ
425 2487 502 2521 ἅγιον
531 2487 644 2523 Πνεῦμα
673 2488 718 2515 τὸν
749 2488 862 2524 Σωτῆρα

105 2560 138 2586 ⁸1
153 2560 218 2587 Cor.
235 2566 284 2593 xtl,
298 2559 314 2586 ι
329 2559 356 2586 6.
394 2558 405 2574 ⁸
419 2558 471 2585 Isa.
488 2566 578 2592 xuttt,
599 2558 641 2586 l6.

106 2630 236 2668 (18)Kgl
255 2630 335 2668 τρίχα
360 2629 547 2668 ιιιξτη-ὲστὶν
567 2628 726 2668 gitimam,
755 2627 858 2656 Siniilis

69 2663 130 2696 fcr‘e
144 2663 186 2693 est
202 2663 349 2700 Basiliiep.
366 2666 411 2696 43,
436 2665 550 2700 Grcgor.
567 2663 681 2699 Nysseni
697 2663 744 2700 lih.
765 2671 771 2690 I
796 2672 859 2700 conf

70 2709 114 2730 ira
136 2698 481 2735 Eunomimn,'Epiphanii
495 2698 686 2735 ini/inrorato,
713 2698 857 2735 Augustini

71 2739 123 2766 lih.
142 2744 178 2764 xv
191 2735 230 2762 De
251 2733 397 2766 Triuit..rcl
410 2735 456 2767 ‘26,
476 2741 503 2763 et
518 2734 564 2761 lib.
578 2742 603 2760 ut
617 2733 717 2760 Contra
735 2733 859 2760 Maximi-

71 2781 148 2804 num,
168 2778 228 2803 cap.
247 2771 289 2800 14.
308 2771 476 2805 aliorumque
490 2769 672 2800 ratiocinatio,
684 2776 744 2805 cum
761 2768 859 2795 Filium

73 2808 181 2835 idcirco
201 2806 298 2833 Filium
315 2806 366 2833 dici
390 2804 498 2833 etesse
523 2805 625 2837 volunt,
653 2804 725 2838 quod
748 2811 780 2830 ex
805 2812 860 2830 uno

73 2843 202 2874 oriatur;
221 2841 352 2875 Spiritum
378 2846 502 2867 sanctum
519 2847 577 2875 nee
592 2839 645 2866 tlici
671 2838 780 2871 Filium,
809 2846 860 2867 uec

74 2885 148 2905 esse.
161 2876 232 2911 quod
245 2874 376 2910 'proretlat
391 2884 423 2902 ex
441 2876 553 2902 duobus.
571 2874 700 2911 “manus.

112 2908 273 2947 (19)”Ε¹χὲι
298 2911 332 2937 δὲ
357 2911 554 2946 ἐπαπόίηισιν,
575 2915 627 2938 CIC.
657 2909 721 2937 Vide
744 2908 772 2937 S.
789 2909 860 2937 Tho-

919 2309 959 2332 tre
973 2305 1086 2333 missum
1105 2313 1177 2339 esse,
1194 2310 1220 2333 et
1235 2306 1268 2333 ab
1289 2306 1374 2341 ipsius
1398 2303 1512 2338 Spiritu,
1532 2301 1702 2336 responden-

916 2351 980 2378 dum
1005 2357 1047 2379 est
1071 2351 1152 2379 etiam
1170 2353 1220 2380 hoc
1243 2352 1302 2379 loco
1320 2351 1431 2378 missum
1447 2356 1507 2376 esse
1525 2347 1664 2375 Christum
1687 2354 1702 2372 a

917 2396 1032 2432 Spiritu,
1047 2405 1101 2425 non
1117 2399 1188 2433 quod
1213 2403 1309 2425 natura
1330 2397 1446 2428 dim-rat,
1463 2395 1510 2423 sed
1533 2400 1642 2430 propter
1657 2393 1702 2420 Fi-

917 2442 945 2470 lii
965 2442 1012 2470 Dei
1028 2445 1228 2471 conservatoris
1245 2444 1329 2471 nostri
1345 2463 1351 2475 ,
1367 2443 1413 2478 qui
1440 2450 1469 2470 se
1486 2441 1556 2469 infra
1572 2447 1633 2467 cum
1650 2437 1705 2466 mi-

917 2489 995 2524 nuit,
1024 2490 1051 2518 in
1085 2491 1253 2519 humanitate
1281 2491 1434 2522 sumenda,
1461 2487 1700 2524 dispensationem.

911 2636 981 2656 tttam
1000 2635 1026 2661 p.
1042 2635 1062 2659 ι,
1081 2626 1167 2662 (1.43,
1184 2635 1208 2660 a.
1229 2627 1255 2655 8.

947 2659 1005 2698 (20}
1018 2659 1108 2690 Codex
1123 2663 1286 2690 Budlcianns
1302 2666 1376 2689 recte
1388 2662 1427 2692 εἰς
1447 2660 1530 2687 αὐτός
1547 2660 1632 2688 codex
1649 2659 1703 2687 Re-

911 2699 955 2733 gitt
965 2709 981 2726 ί,
1000 2699 1040 2729 εἰς
1052 2697 1143 2729 αὑτὸν,
1158 2699 1236 2724 male.

948 2733 1005 2768 (ξι)
1025 2734 1089 2767 Τοῖς
1102 2735 1145 2766 εὶς
1159 2733 1192 2759 τὸ
1208 2733 1304 2760 κακὸν
1314 2733 1357 2759 ἔτι
1375 2730 1643 2768 ἀποπίπτοιισιμκαὶ
1656 2729 1703 2768 by

911 2765 1114 2804 τρέπομένοὶς.
1131 2765 1284 2804 Legendqu
1302 2769 1418 2804 videtur,
1431 2767 1494 2798 τοὺς
1512 2766 1551 2797 εἰς
1571 2765 1600 2792 τὸ
1619 2765 1704 2793 κακὸν

915 2802 1173 2842 ἔτιλᾲποπίπτοντας
1188 2803 1234 2842 καὶ
1254 2802 1480 2842 ἐκτρεπομένους.
1496 2836 1520 2842 Η
1595 2836 1601 2842 _
1676 2833 1683 2842 '

952 2840 1008 2875 (ἳῖ)
1022 2841 1054 2867 Εἰ
1069 2839 1103 2866 δὲ
1119 2840 1153 2866 ἐν
1167 2839 1271 2872 τούτῳ,
1291 2836 1344 2866 etc.
1361 2836 1431 2872 Lege
1446 2837 1476 2863 Ei
1494 2836 1522 2863 δέ
1539 2845 1580 2868 τις
1593 2836 1622 2862 ὲν
1638 2836 1701 2861 τοῦ·

914 2884 962 2902 τω.
