1872 3041
224 102 272 129 Ιίῦ

946 99 1105 129 ORIGENIS

1799 105 1842 131 HI

219 167 259 189 est
281 161 425 197 rationem]
444 166 468 188 et
491 160 590 187 lFilium
611 159 659 187 Dei
683 159 710 188 in
723 160 858 196 principio
871 162 999 189 exsisten-

1091 172 1108 195 ς,
1124 163 1269 199 μετέχοντα
1293 162 1401 198 λογικὸν
1424 163 1522 195 εἰπεῖν,
1539 162 1610 190 ὥστε
1636 163 1684 190 καὶ
1709 163 1841 199 ἀποφήνα-

223 213 276 235 tent
296 207 426 235 rationem
451 207 520 241 apud
545 207 638 237 Deum.
651 211 678 233 et
693 207 826 234 rationent
841 208 933 241 Deum,
949 208 1003 235 for-

220 254 301 281 tassis
320 261 380 280 eum
396 253 493 284 solum,
509 253 556 287 qui
572 252 651 286 hujus
663 253 803 287 particeps
818 254 863 286 sil,
879 255 903 281 itt
917 262 1001 289 quan-

220 306 275 326 tum
293 303 333 325 est
356 299 427 330 talis,
443 297 559 324 rationis
580 305 710 332 capacem
725 298 816 325 dicere
832 300 980 334 poterimus
994 308 1001 326 :

219 346 285 372 adeo
301 350 327 371 ut
343 344 517 371 enuntiemus
537 343 624 370 solum
643 348 766 371 sanctum
790 345 902 371 rationis
919 352 1002 378 capa-

219 400 274 418 retu
288 399 357 419 esse.
374 392 490 418 Rursum
504 391 527 417 si
543 389 759 417 intellexerimus
784 390 881 417 iactant
899 391 924 417 in
940 390 1003 418 Ser—

218 446 296 464 tnottc
311 437 403 469 vitam,
417 437 493 470 juxta
509 444 570 463 eum
587 438 632 471 qui
656 437 722 464 dicit
733 437 754 453 ³¹
771 445 778 463 :
797 446 806 462 ι
822 437 875 470 Ego
890 444 950 463 sum
964 436 1003 462 vi-

217 487 254 515 ta,
268 493 276 508 ι
293 483 391 509 dicturi
406 490 499 508 smnus
517 482 651 508 nentinettt
667 486 743 508 extra
756 481 855 508 Christi
871 481 949 508 fidem
965 481 1002 507 ri-

217 536 289 561 vere,
303 529 348 556 sed
367 536 463 555 omnes
478 531 598 554 mortuos
617 535 689 559 esse,
703 528 746 562 qtti
763 527 816 554 Dco
831 534 883 553 non
898 526 1001 558 vivant,

215 581 241 602 et
254 575 325 610 quod
347 575 437 601 vivere
460 574 578 608 ipsorum
594 574 629 600 sil.
643 574 734 600 vivere
752 578 872 608 peccato,
887 576 912 598 et
926 572 1002 598 idcir-

216 628 257 653 co,
272 625 300 647 ιιι.
316 620 351 646 ita
365 620 464 651 dicant,
481 619 572 646 virere
587 620 706 654 ipsorum
729 620 763 646 ad
785 623 899 645 mortem
919 619 1002 652 perti-

216 671 288 693 neat.
311 666 415 700 Inspice
433 673 498 692 νει-ο
521 673 554 692 an
574 674 626 692 non
647 666 697 692 huc
721 666 880 699 frequenter
902 671 1001 698 propo-

217 717 282 738 ttant
295 711 391 738 divinae
407 711 567 745 Scriptum,
585 711 684 738 alicubi
703 711 852 738 Servatore
871 709 978 736 dicente
993 715 1000 733 :

219 767 226 783 t
248 759 344 785 t’lttnon
369 757 469 792 legistis
488 757 559 792 qttud
583 757 684 784 dictum
708 760 748 782 cst
777 755 802 782 in
829 755 895 783 rubo
917 763 923 780 :
946 754 1001 788 Ego

218 804 288 830 Deus
303 803 454 834 Abraham,
467 808 494 830 et
512 803 580 830 Deus
595 803 681 835 lsaac,
696 807 722 829 et
740 802 810 829 Deus
826 800 930 828 Jacob?
943 800 1000 827 Non

215 854 256 877 est
267 849 338 877 Deus
354 854 534 881 mortuorum,
549 849 597 875 sed
620 848 769 874 viventium
782 847 813 879 ³³,
828 857 838 873 ι
852 852 878 874 et
895 857 900 874 :
918 856 926 872 ι
939 846 997 873 Non

1055 209 1116 235 σθαι
1130 208 1172 241 ἂν,
1186 209 1226 235 ὅτι
1243 209 1322 244 μόνος
1337 209 1352 234 ὁ
1370 208 1445 242 ἅγιος
1461 208 1578 242 λογικός.
1593 209 1678 234 Πάλιν
1701 209 1749 235 ἐὰν
1763 209 1841 235 συνῶ-

1055 263 1104 289 μεν
1123 255 1172 290 τὴν
1188 254 1336 289 γενομένην
1349 256 1378 281 ὲν
1396 255 1434 290 τῷ
1449 255 1529 289 Λόγῳ
1544 254 1627 290 ζωὴν,
1649 255 1697 281 τὸν
1720 256 1843 282 είπόντα·

1057 309 1066 324 ι
1089 300 1159 334 Ἐγώ
1178 301 1236 335 εἰμι
1253 301 1269 335 ἡ
1287 300 1354 335 ζωὴ,
1377 309 1386 325 ι
1409 299 1524 336 ἐροῦμεν
1541 301 1642 336 μηδένα
1658 300 1712 327 τῶν
1731 300 1784 334 ἔξω
1800 301 1845 336 τῆς
1863 321 1865 326 η

1053 346 1170 378 πίστεως
1186 345 1304 381 Χριστοῦ
1320 346 1380 380 ζῇν,
1395 346 1499 378 πάντας
1513 345 1584 373 εἶναι
1601 348 1716 382 νεκροὺς
1730 348 1794 378 τοὺς
1812 348 1845 382 μὴ

1053 391 1158 423 ζῶντας
1172 391 1241 426 Θεῷ,
1254 392 1283 418 τό
1298 400 1327 418 τε
1350 392 1400 427 ζῇν
1419 392 1507 418 αὐτῶν
1526 392 1576 427 ζῇν
1600 390 1668 419 εἶναι
1691 393 1741 427 τῆς
1760 394 1845 428 ἁμαρσ

1052 437 1113 468 τίας
1128 437 1194 472 (55),
1211 437 1257 464 καὶ
1277 437 1320 463 διὰ
1336 437 1425 468 τοῦτο,
1446 437 1479 463 ἵν’
1496 437 1581 469 οὓτως
1604 438 1684 470 εἴπω,
1699 439 1749 473 ζῇν
1764 438 1844 465 θανά-

1053 490 1098 508 του
1115 483 1267 517 τυγχάνειν.
1286 483 1448 518 Ἐπίστησον
1463 483 1491 509 δὲ
1514 484 1537 509 εί
1560 483 1597 519 μὴ
1615 483 1696 510 τοῦτο
1712 484 1845 518 πολλαχοῦ

1053 529 1216 563 παριστᾶσιν
1230 529 1258 554 αἱ
1270 528 1339 555 θεῖαι
1354 529 1461 564 Γραφαὶ
1474 530 1504 555 τὸ
1514 530 1581 556 ὅπου
1596 530 1645 564 μὲν
1660 529 1707 556 τοῦ
1722 531 1845 566 Σωτῆρος

1053 572 1218 607 φάσκοντος·
1233 583 1242 599 ι
1253 574 1288 600 Ἥ
1300 574 1348 600 οὐκ
1365 574 1499 608 ἀνέγνωτε
1520 575 1550 601 τὸ
1569 574 1651 610 ῥηθὲν
1667 576 1714 601 ἐπὶ
1735 575 1785 610 τῆς
1799 576 1844 609 βὰν

1052 626 1114 644 του·
1133 618 1203 652 Ἐγὼ
1219 619 1285 650 Θεὸς
1302 619 1437 655 Ἀϐραὰμ,
1452 622 1499 647 καὶ
1519 621 1584 652 Θεὸς
1601 620 1708 650 Ἰσαὰκ.
1724 622 1770 647 καὶ
1783 622 1845 652 Θεὸς

1060 662 1172 696 Ίακώ6;
1189 664 1245 690 Οὐκ
1259 664 1316 691 ἔστι
1331 664 1397 697 Θεὸς
1411 666 1526 701 νεκρῶν,
1542 666 1609 692 ἁλλὰ
1621 665 1742 697 ζώντων,
1757 677 1766 691 ι
1784 668 1842 692 καί·

1057 718 1065 734 ι
1086 709 1122 735 Οὐ
1145 709 1353 745 δικαιωθήσεται
1377 711 1544 738 κατενώπιόν
1568 720 1616 738 σου
1637 713 1692 743 πᾶς
1707 712 1771 744 ζῶν.
1791 722 1800 738 ι
1817 714 1846 738 ΤΞ

1052 754 1080 780 δὲ
1103 755 1166 790 περὶ
1190 755 1272 782 αὑτοῦ
1294 756 1384 790 λέγειν
1401 757 1440 783 δεῖ
1457 757 1503 784 τοῦ
1521 757 1587 783 Θεοῦ
1607 757 1624 792 ἢ
1641 757 1688 784 τοῦ
1706 758 1845 793 Enni-396;;

1059 800 1086 826 Ἀ
1092 800 1270 835 μφιὸἀλλεται
1284 801 1338 838 γὰρ
1352 802 1483 837 ὁποτέρου
1494 801 1563 829 εἶναι
1573 804 1590 838 ἡ
1602 803 1720 836 λέγουσα
1741 804 1770 829 ἐν
1793 805 1846 834 toi;

1052 848 1205 882 προφήταις
1221 849 1312 883 φωνή’
1333 857 1342 874 ι
1361 848 1404 875 Ζῶ
1421 847 1486 882 ἐγὼ,
1505 848 1579 883 λέγει
1595 849 1708 884 Κύριος.
1731 859 1740 873 ι

215 896 408 930 iustiﬁcabitttr
423 895 448 922 itt
465 899 611 929 conspectu
627 899 674 921 tuo
685 894 776 921 omnis
787 894 882 920 vivens
896 893 929 919 ³³.
948 903 957 919 ι
974 893 1106 921 Caeterum
1120 894 1184 928 quid
1197 893 1289 921 dicere
1307 902 1375 929 optts
1389 900 1431 922 est
1443 896 1476 921 de
1488 894 1545 928 ipso
1557 894 1611 921 Deo
1627 895 1668 922 vel
1684 894 1850 922 Servatote?

216 942 369 976 Ambigitur
384 941 456 968 enim
474 941 560 968 utrius
576 941 611 967 sit
627 947 677 967 vox
698 939 742 967 illa
757 947 817 974 quia
829 939 899 973 apud
913 939 1058 974 prophetas
1073 939 1140 966 dicit
1155 948 1162 965 ε
1178 948 1188 965 ι
1205 938 1273 967 Vivo
1287 947 1349 975 ego,
1362 941 1426 967 dicit
1441 940 1570 967 Dominus
1582 940 1614 967 ".
1634 949 1643 966 ι

250 989 304 1024 7o
323 988 367 1015 ll.
386 989 424 1015 Ae
453 988 587 1023 principio
614 988 723 1022 quidem
747 987 890 1014 videamus
914 986 999 1013 illud:

216 1044 225 1060 ‹
241 1034 298 1061 Νυιι
310 1039 349 1061 est
363 1034 433 1061 Deus
447 1038 626 1066 mortuorum,
639 1034 685 1060 sed
697 1033 845 1060 viventium
854 1032 888 1065 ³⁸,
902 1041 911 1057 ι
928 1032 1000 1066 quod

214 1082 326 1115 perinde
349 1082 424 1108 valet
448 1085 529 1116 atque
555 1080 620 1108 illud
636 1089 642 1107 :
657 1080 715 1108 Non
751 1085 793 1108 est
826 1084 999 1115 peccatorum

214 1128 294 1159 Dens.
312 1127 358 1154 sed
372 1131 529 1153 sanctorum
553 1127 633 1154 Deus.
651 1124 774 1162 Magnum
796 1126 867 1153 enim
881 1125 1000 1160 patriar-

213 1174 324 1200 cltarutn
350 1181 460 1205 munus,
477 1173 560 1200 Deum
581 1173 639 1200 vice
663 1173 706 1199 sui
735 1172 856 1199 nominis
888 1170 998 1198 illorttm

215 1218 446 1246 nontenciaturam
473 1218 636 1252 applicuisse
657 1225 712 1244 sum
731 1217 851 1252 propria:
875 1215 996 1251 appella-

215 1264 280 1290 tioni
299 1263 363 1295 Dei;
382 1263 612 1297 quemadmodum
630 1263 712 1290 etiam
736 1262 836 1290 I‘attlus
850 1261 973 1296 inquit"
991 1269 998 1286 :

217 1318 225 1334 I
242 1308 356 1342 Propter
375 1308 446 1343 quod
472 1315 523 1335 tton
554 1307 690 1334 erubescit
713 1306 784 1334 Detts
810 1307 900 1334 vocari
930 1306 1000 1333 Deus

215 1355 342 1387 ipsorum.
355 1362 365 1379 ι
382 1353 473 1387 itaque
490 1353 560 1380 Deus
571 1356 614 1379 est
635 1357 742 1386 patrum
761 1355 788 1379 et
803 1352 924 1379 omniunt
936 1359 1000 1379 san-

213 1404 335 1431 etot-uin;
355 1406 406 1425 ttec
428 1397 492 1424 alibi
516 1398 646 1432 scriptum
682 1398 813 1432 reperias,
832 1396 916 1424 Deum
940 1404 1001 1425 esse

215 1444 329 1478 alicujus
352 1445 498 1479 impiorum
517 1443 611 1470 Deum.
630 1443 658 1470 Si
675 1451 741 1478 ergo
756 1443 827 1470 Dens
841 1447 999 1471 sanctorum

214 1495 264 1522 cst,
282 1495 311 1518 et
327 1491 396 1517 Deus
410 1489 559 1516 viventium
577 1496 637 1516 esse
651 1489 760 1522 dicitur,
775 1489 866 1516 sancti
878 1493 943 1515 sunt
958 1489 999 1516 vi-

215 1541 308 1564 rentes
324 1541 352 1564 ct
375 1536 497 1563 viventes
519 1535 618 1568 sancti,
631 1535 729 1570 quippe
740 1543 803 1562 cum
817 1540 929 1562 sanctus
943 1542 999 1562 non

214 1583 249 1610 sit
266 1587 344 1610 extra
370 1582 501 1614 viventes,
528 1589 578 1609 nec
602 1582 701 1616 aliquis
722 1582 777 1616 jam
790 1582 826 1608 sit
842 1581 935 1608 virens
953 1582 1000 1616 qui

213 1636 276 1655 cum
292 1628 350 1663 ipsa
364 1627 418 1655 vita
438 1635 491 1655 non
510 1630 593 1655 etiam
608 1629 660 1656 hoc
673 1629 771 1656 habeat
784 1634 814 1656 ιιι
828 1629 864 1656 sit
877 1634 997 1657 sanctus.

1022 991 1042 1018 Β

1092 986 1136 1013 Η.
1152 987 1208 1013 Καὶ
1220 987 1327 1023 πρῶτον
1342 996 1374 1021 γε
1387 987 1485 1023 ἴδωμεν
1497 988 1537 1014 τό·
1555 996 1564 1013 t
1584 987 1640 1014 οὐκ
1654 987 1714 1014 ἐστι
1729 988 1798 1019 Θεὸς
1811 997 1851 1014 νε-

1053 1031 1137 1068 κρῶν,
1152 1032 1220 1059 ἀλλὰ
1236 1033 1354 1066 ζώντων,
1373 1043 1382 1058 t
1398 1033 1454 1060 ίσον
1467 1033 1614 1069 δυνάμενον
1630 1033 1686 1068 τῷ·
1703 1035 1762 1060 υῦκ
1778 1034 1851 1060 ἐστιν

1053 1078 1232 1114 ἁμαρτωλῶν,
1260 1078 1328 1106 ἀλλὰ
1349 1079 1432 1113 ἁγίων
1454 1079 1529 1111 Θεός.
1551 1079 1664 1114 Μεγὰλη
1684 1080 1740 1114 γὰρ
1763 1080 1852 1116 δωρεὰ

1053 1125 1109 1156 τοῖς
1123 1125 1316 1160 πατριάρχαις,
1330 1124 1360 1151 τὸ
1375 1125 1421 1150 τὸν
1443 1125 1510 1151 Θεὸν
1529 1125 1588 1151 ἀντὶ
1610 1125 1745 1160 ὀνόματος
1769 1134 1851 1161 προτ-

1053 1169 1120 1204 άψαι
1133 1169 1182 1205 τὴν
1193 1169 1304 1196 ἐκείνων
1318 1169 1464 1205 ὀνομασίαν
1475 1171 1509 1206 τῇ
1519 1170 1584 1202 Θεὸς
1601 1170 1654 1205 ίδίᾳ
1666 1170 1752 1197 αὑτοῦ
1768 1180 1850 1206 προσ-

1053 1215 1153 1251 ηγορίᾳ
1162 1223 1169 1230 ·
1188 1215 1259 1242 καθὰ
1273 1216 1320 1242 καὶ
1335 1216 1349 1242 ὁ
1359 1215 1464 1246 Παῦλός
1479 1223 1545 1250 φησι
1557 1224 1563 1231 ·
1577 1225 1586 1241 t
1600 1216 1646 1242 Διὸ
1660 1217 1712 1243 οὐκ
1723 1218 1851 1252 ὲπαισχί-

1054 1269 1128 1287 νεται
1139 1261 1226 1292 ὀΘεὸς
1238 1260 1304 1292 Θεὸς
1318 1260 1458 1287 καλεῖσθαι
1473 1261 1572 1288 αὐτῶν.
1580 1270 1589 1286 ι
1598 1261 1705 1288 Οὐκοῦν
1717 1262 1784 1294 Θεός
1796 1263 1851 1288 ἐστι

1054 1306 1108 1332 τῶν
1119 1306 1244 1342 πατέρων
1261 1306 1308 1333 καὶ
1326 1306 1434 1332 πάντων
1451 1305 1505 1332 τῶν
1516 1306 1599 1340 ἁγίων
1608 1315 1615 1321 ·
1631 1307 1679 1333 καὶ
1692 1307 1744 1333 οὐκ
1756 1307 1790 1334 ἂν
1803 1316 1852 1333 πω

1053 1352 1296 1388 ἀναγεγραμμένον
1309 1351 1461 1387 εὑρίσκοιτο
1469 1352 1515 1379 τὸν
1526 1351 1591 1378 Θεὸν
1600 1350 1669 1378 εἶναι
1679 1353 1726 1379 τὸν
1739 1353 1809 1379 Θεόν
1820 1362 1853 1379 τῖ’

1054 1406 1099 1429 νος
1110 1397 1164 1425 τῶν
1177 1397 1293 1424 ἀσεϐῶν.
1305 1398 1336 1424 Εἰ
1349 1397 1438 1424 τοίνυν
1447 1398 1461 1423 ό
1473 1397 1540 1429 Θεὸς
1551 1397 1636 1431 ἁγίων
1650 1398 1709 1424 ἐστὶ
1725 1398 1774 1424 καὶ
1789 1398 1851 1428 Θεὸς

1054 1443 1162 1476 ζώντων
1186 1441 1255 1470 εἶναι
1276 1443 1395 1478 λέγεται,
1417 1443 1442 1469 οἱ
1465 1442 1536 1477 ἅγιοι
1554 1442 1655 1475 ζῶντές
1676 1445 1741 1475 εἰσι,
1759 1444 1807 1470 καὶ
1830 1446 1850 1469 οἱ

1055 1489 1155 1522 ζῶντες
1169 1490 1252 1524 ἆγιοι,
1265 1489 1326 1516 οὕτε
1341 1490 1419 1523 ἁγίου
1433 1490 1508 1520 δντος
1521 1489 1573 1521 ἔξω
1583 1489 1638 1515 τῶν
1655 1489 1776 1522 ζώντων,
1793 1490 1849 1516 οὔτε

1055 1536 1155 1568 ζῶντος
1164 1535 1378 1571 χρηματίζοντος
1395 1535 1485 1570 μόνον,
1497 1535 1543 1562 καὶ
1556 1535 1615 1570 οὐχὶ
1630 1536 1690 1570 μετ’
1705 1535 1790 1562 αὑτοῦ
1807 1536 1849 1562 τοὺ

1055 1581 1104 1617 ζῇν
1200 1582 1307 1617 ἔχοντος
1329 1581 1376 1608 καὶ
1391 1581 1422 1607 τὸ
1445 1581 1521 1615 ἅγιον
1537 1581 1618 1608 αὑτὸν
1641 1582 1799 1616 τυγχάνειν.
1818 1582 1849 1607 Tit

1054 1628 1244 1664 παραπλήσιον
1263 1628 1292 1654 δέ
1306 1629 1363 1654 ἐστι
1378 1628 1425 1654 καὶ
1441 1628 1487 1653 ἐπὶ
1502 1627 1561 1654 τοῦ·
1583 1636 1592 1652 t
1613 1628 1800 1663 Εὐαρεστήσω
1815 1627 1851 1660 τῷ

214 1673 285 1700 idem
308 1673 364 1700 fere
379 1673 414 1700 de
432 1680 464 1700 eo
480 1673 654 1700 sentiendum
670 1678 712 1700 est
727 1674 798 1708 quod
814 1674 852 1700 ait
863 1673 884 1690 ⁸⁷
904 1683 910 1700 :
927 1683 935 1699 ι
951 1674 999 1702 Hi-

1091 1674 1147 1710 ιρίῳ
1164 1674 1192 1700 ἐν
1209 1673 1285 1710 χώρᾳ
1299 1673 1417 1706 ζώντων,
1440 1683 1448 1698 ι
1467 1673 1544 1700 ἰδεῖν·
1559 1673 1597 1704 ὡς
1613 1673 1637 1699 εί
1655 1673 1749 1707 ἔλεγεν
1765 1675 1795 1698 ὲν
1809 1674 1849 1699 τά-

215 1719 309 1745 lariter
332 1718 448 1746 aﬂ‘ectus
468 1727 515 1746 ero
536 1727 600 1754 erga
623 1719 764 1746 Dominum
784 1720 810 1746 itt
831 1721 940 1754 regione
962 1721 1000 1748 vi-

215 1764 354 1796 ventium;
375 1773 383 1789 ι
402 1764 514 1798 perinde
538 1772 571 1791 ac
596 1765 619 1792 si
637 1765 748 1792 dixisset
766 1765 793 1792 in
814 1766 911 1793 ordine
937 1774 1000 1793 san-

214 1815 330 1842 ctorum,
346 1809 388 1836 vel
403 1810 428 1836 itt
442 1810 502 1837 loco
515 1815 685 1843 sanctorum,
700 1818 797 1846 nempe
810 1812 894 1838 animi
908 1812 1001 1839 ltilari-

214 1859 268 1882 tate
283 1855 401 1889 proprie.
419 1855 459 1883 vel
477 1856 504 1882 iu
525 1856 630 1888 ordine,
648 1857 690 1884 vel
716 1857 742 1884 itt
770 1857 829 1884 loco
844 1862 1001 1885 sanctorum

212 1900 372 1931 exsistente,
386 1905 412 1927 et
435 1901 547 1935 perinde
573 1903 649 1936 quasi
675 1902 766 1928 nullus
791 1909 851 1929 eam
873 1902 951 1936 plene
965 1902 1002 1928 sit

213 1953 400 1980 possessurus,
416 1947 461 1980 qui
478 1946 518 1973 vel
536 1947 568 1973 ad
583 1948 706 1974 ordinetur
720 1951 889 1980 sanctorum,
911 1947 952 1974 vel
968 1948 1000 1974 ad

213 1990 302 2018 locum
317 1997 471 2018 sanctorum
488 2000 541 2018 non
566 1993 734 2026 pervenerit,
748 1993 781 2019 ad
797 1999 877 2026 quem
891 1993 1002 2020 accedat

213 2041 319 2070 oportet
338 2037 460 2070 quisquis
481 2036 531 2063 hac
553 2037 579 2063 itt
603 2038 658 2064 vita
695 2037 848 2071 perceperit
876 2038 1000 2064 umbram

214 2082 295 2108 veluti
317 2087 344 2108 et
365 2082 510 2116 imaginem
532 2089 603 2110 verte
624 2082 782 2110 hilaritatis.
796 2082 866 2115 Quin
881 2074 945 2109 illud
955 2083 999 2111 ³⁸ς

217 2137 226 2152 ι
240 2127 298 2154 Non
318 2127 513 2162 justiﬁeabitur
524 2135 615 2155 coram
635 2129 690 2156 Deo
709 2128 799 2156 omnis
811 2129 915 2161 vivens,
930 2138 939 2154 ι
957 2129 1001 2156 de-

213 2174 300 2201 clarat
316 2175 464 2207 neminem,
477 2175 676 2208 quantumlibet
695 2176 814 2208 beatum,
830 2176 852 2203 si
868 2183 928 2203 cum
947 2176 1000 2203 Deo

214 2227 244 2247 ae
264 2221 370 2254 justitia
397 2221 481 2255 ipsitts
504 2221 672 2254 conteratur,
689 2221 846 2255 justiﬁcari,
873 2222 953 2250 veluti
977 2224 998 2250 si

214 2266 266 2294 tale
276 2267 406 2301 quiddam
421 2267 506 2294 altero
518 2268 643 2302 exemplo
658 2268 810 2295 diceremus
822 2279 827 2295 :
837 2267 896 2295 Non
910 2268 1000 2302 splen-

212 2313 287 2339 debit
311 2313 421 2340 lucerna
444 2313 498 2340 ulla
518 2321 611 2341 coram
630 2314 702 2346 sole;
718 2314 872 2349 splendebit
889 2315 998 2348 quidem

213 2358 301 2385 munis
315 2359 435 2392 lucerna,
449 2361 495 2386 sed
510 2364 565 2386 ttttn
588 2367 648 2387 cum
667 2360 806 2387 radiorum
823 2360 889 2388 solis
908 2360 1000 2395 splen-

213 2401 280 2427 dore
294 2409 347 2428 uett
361 2402 525 2429 illustratur.
540 2402 740 2430 Justilicahitur
754 2404 835 2431 etiatn
853 2405 942 2432 ontnis
961 2404 1001 2431 vi-

215 2453 288 2477 \CIIS,
305 2450 332 2472 at
349 2453 413 2473 vero
437 2454 490 2473 non
506 2455 597 2474 corant
617 2447 672 2475 Deo
685 2447 894 2482 jnstilicabitur,
913 2457 1000 2484 quatt-

213 2490 246 2516 do
262 2498 322 2517 Clllll
338 2491 390 2517 illis
402 2498 575 2526 cotnparatttr
592 2494 637 2527 qui
661 2494 768 2521 inlerne
779 2494 914 2526 habitant,
935 2495 997 2529 qui-

211 2543 265 2571 que
279 2536 399 2563 tenebris
414 2536 582 2570 detinentur,
597 2538 666 2572 apud
681 2547 749 2574 quos
773 2539 876 2567 lucebit
888 2540 997 2567 illorutn

213 2580 269 2607 lux.
291 2579 324 2607 Et.
349 2581 410 2608 vide
441 2589 504 2609 ttutn
532 2582 582 2610 hac
610 2585 713 2611 ratione
737 2584 940 2619 intelligendum
964 2585 999 2612 sit

248 2648 268 2664 “
283 2647 362 2680 Joan.
378 2657 416 2678 rt.
428 2648 472 2675 (ὶὸ.
512 2650 533 2665 ³¹
548 2649 630 2676 Marc.
646 2658 693 2682 χιι,
705 2650 750 2682 ‘26,
765 2651 810 2679 27,

213 2690 250 2715 χι,
265 2684 305 2711 l6.
344 2684 365 2702 ⁸⁷
382 2685 452 2712 l’sal.
471 2692 543 2716 cxrv,
557 2686 583 2711 9.

247 2741 303 2776 (55)
321 2741 543 2780 Γῆςᾼιὶμαρλτίας.
555 2741 652 2780 _Codex
670 2741 839 2776 Bodleiattus,
854 2745 886 2780 τῇ
908 2745 1000 2780 ἁμαρ-

214 2775 267 2810 τίᾳ,
286 2782 312 2803 et
328 2777 363 2802 ita
378 2777 440 2811 legit
455 2777 605 2803 Ferrarius.

247 2811 302 2846 (56)
318 2811 385 2838 Μετ’
399 2812 491 2838 αὑτοῦ
506 2812 558 2838 τοῦ
579 2811 639 2846 ζῇν.
663 2814 708 2841 Sic
723 2814 805 2841 codex
821 2814 998 2846 Botlleianus;

622 2685 644 2700 ³⁸
663 2685 733 2713 Psal.
748 2694 828 2718 cxut,
845 2687 872 2714 2.

1015 2340 1038 2369 D

849 2652 871 2668 ³³
890 2651 960 2679 Psal.
977 2658 1062 2683 CXLII,
1079 2651 1107 2678 2.

1053 1719 1093 1752 ξει
1104 1720 1199 1753 ἁγίων,
1209 1720 1225 1754 ἢ
1235 1721 1263 1746 ἐν
1274 1719 1313 1754 τῷ
1322 1720 1397 1754 τόπῳ
1411 1719 1464 1746 τῶν
1477 1719 1562 1753 ἁγίων
1572 1719 1619 1754 τῆς
1636 1719 1740 1754 κυρίως
1755 1719 1848 1754 551p:-

1054 1764 1187 1800 στήσεως,
1204 1765 1263 1800 ἦτοι
1279 1766 1308 1793 ὲν
1323 1766 1355 1800 τῇ
1371 1765 1446 1797 τάξει
1460 1765 1514 1791 τῶν
1532 1764 1628 1798 ἁγίων,
1644 1765 1660 1799 ἢ
1681 1765 1711 1790 ὲν
1724 1765 1763 1799 τῷ
1775 1765 1849 1798 τόπῳ

1051 1809 1105 1836 τῶν
1123 1810 1208 1844 ἁγίων
1227 1810 1413 1846 τυγχανούσης
1423 1819 1429 1825 ·
1447 1810 1552 1836 οὐδέπω
1567 1810 1660 1845 ἄκρως
1673 1810 1847 1845 εὐαρεστεῖν)-

1052 1864 1096 1887 τος
1109 1855 1155 1882 τοῦ
1173 1855 1209 1890 μὴ
1224 1856 1264 1887 εἰς
1279 1855 1330 1891 τὴν
1344 1855 1420 1888 τάξιν
1441 1855 1496 1881 τῶν
1511 1855 1596 1888 ἁγίων
1616 1855 1819 1890 κεχωρηκότας.
1832 1855 1847 1889 ἦ

1051 1901 1098 1928 τοῦ
1117 1902 1154 1937 μὴ
1167 1902 1206 1933 είς
1218 1902 1263 1928 τὸν
1281 1902 1361 1928 τόπον
1376 1901 1429 1927 τῶν
1446 1901 1529 1935 ἁγίων
1542 1901 1745 1936 γεγενημένου·
1763 1902 1803 1932 εἰς
1821 1901 1847 1926 in

1052 1948 1174 1982 χωρῆσαι
1189 1947 1278 1982 δεήσει
1301 1948 1388 1974 πάντα
1407 1947 1451 1973 τὸν
1477 1947 1559 1973 οἱονεὶ
1583 1946 1662 1973 σκιὰν
1688 1947 1737 1973 καὶ
1758 1946 1848 1973 εἰκόνα

1052 1992 1101 2027 τῆς
1125 1992 1330 2028 εὐαρεστήσεως
1355 1992 1403 2027 τῆς
1426 1991 1554 2027 ἀληθινῆς
1581 1992 1609 2018 ὲν
1634 1991 1674 2027 τῷ
1693 1992 1744 2028 βίῳ
1762 1992 1849 2026 τούτῳ

1052 2037 1296 2073 προσανειληφότα.
1321 2037 1376 2063 Καὶ
1401 2037 1446 2063 τό·
1466 2047 1474 2062 t
1497 2038 1534 2063 Οὐ
1561 2037 1793 2072 δικαιωθήσεσθαι
1820 2038 1847 2064 δὲ

1052 2083 1112 2110 κατ’
1135 2082 1250 2109 ἐνώπιον
1278 2082 1324 2109 τοῦ
1349 2082 1416 2109 Θεοῦ
1442 2082 1532 2109 πάντα
1555 2082 1654 2114 ζῶντα,
1677 2092 1687 2108 ι
1705 2083 1790 2118 δηλοῖ,
1809 2084 1849 2109 ὅτι

1052 2129 1089 2160 ὡς
1101 2129 1156 2164 (57)
1170 2128 1238 2164 πρὸς
1251 2129 1316 2155 Θεὸν
1330 2129 1377 2154 καὶ
1391 2128 1439 2164 τὴν
1453 2129 1481 2155 ὲν
1492 2128 1566 2163 αὐτῴ
1575 2128 1751 2164 δικαιοσύνην
1761 2129 1849 2159 οὐδεὶς

1051 2175 1260 2211 δικαιωθήσεται
1276 2175 1330 2202 τῶν
1342 2176 1411 2202 πάνυ
1430 2175 1583 2211 μακαρίων,
1598 2175 1636 2206 ὠς
1647 2176 1672 2201 εί
1690 2176 1740 2202 καὶ
1757 2175 1848 2209 ἐλέγο-

1054 2229 1104 2255 μεν
1119 2221 1166 2246 ἐπὶ
1182 2221 1274 2256 ἐτέρου
1292 2220 1514 2256 παραδείγματος
1534 2220 1654 2247 τοιοῦτον
1665 2229 1672 2235 ι
1689 2221 1728 2247 Οὐ
1754 2223 1849 2255 φωτιεῖ

1052 2267 1105 2298 πᾶς
1116 2267 1210 2302 λύχνος
1226 2266 1340 2295 ἐνώπιον
1362 2267 1437 2303 ἡλίου
1447 2277 1453 2283 ·
1481 2268 1577 2302 φωτιεῐ
1594 2266 1643 2302 μὲν
1655 2267 1711 2302 γὰρ
1726 2268 1780 2299 πᾶς
1803 2267 1849 2294 λύ-

1054 2322 1125 2348 χνος,
1140 2313 1196 2340 ἁλλ’
1211 2314 1275 2340 ὅταν
1292 2314 1329 2349 μὴ
1343 2313 1546 2349 καταυγὰζηται
1561 2313 1614 2340 ὑπὸ
1628 2313 1717 2348 ήλίου.
1733 2315 1850 2340 Δικαιω-

1051 2359 1163 2394 ϐήσεται
1176 2359 1204 2386 δὲ
1221 2360 1267 2386 καὶ
1284 2361 1338 2392 πᾶς
1358 2359 1422 2392 ζῶν,
1433 2360 1490 2387 ἁλλ’
1504 2360 1554 2387 οὐκ
1568 2359 1684 2387 ἐνώπιον
1701 2361 1749 2388 τοῦ
1762 2361 1831 2387 Θεοῦ
1841 2369 1847 2374 ⁸

1050 2405 1094 2431 ὅτε
1107 2406 1163 2437 τοῖς
1177 2405 1252 2432 κάτω
1272 2406 1455 2441 συγκρίνεται,
1473 2406 1520 2432 καὶ
1537 2405 1590 2431 ὑπὸ
1608 2405 1656 2432 τοῦ
1675 2406 1790 2437 σκότους
1805 2414 1850 2432 κε-

1051 2449 1242 2486 κρατημένοις,
1269 2449 1387 2486 παρόἷς
1408 2450 1509 2485 λάμψει
1534 2450 1623 2477 αὐτῶν
1644 2451 1676 2477 τὸ
1703 2451 1772 2486 φῶς.
1795 2452 1849 2478 Καὶ

1050 2495 1101 2530 ὅρα
1115 2496 1139 2521 εἰ
1155 2495 1224 2521 κατὰ
1238 2495 1317 2522 τοῦτο
1333 2496 1379 2522 καὶ
1400 2496 1430 2522 τὸ
1453 2495 1482 2521 ἐν
1496 2494 1535 2530 τῷ
1546 2495 1708 2531 Εὑαγγελίῳ
1723 2496 1846 2531 νοητέον-

1054 2550 1062 2565 ι
1077 2540 1218 2576 Λαμψάτω
1228 2541 1258 2567 τὸ
1273 2541 1331 2575 φῶς
1342 2541 1418 2576 ὑμῶν
1430 2541 1583 2577 ἔμπροσθεν
1595 2541 1650 2567 τῶν
1664 2541 1828 2578 ἀνθρώπων·
1836 2551 1844 2564 ›

1053 2586 1083 2612 οὐ
1095 2586 1164 2622 γάρ·
1179 2586 1320 2621 Λαμψὰτω
1329 2586 1358 2613 τὸ
1374 2587 1430 2621 φῶς
1444 2587 1520 2622 ὑμῶν
1531 2586 1686 2622 ἔμπροσθεν
1699 2587 1746 2613 τοῦ
1762 2586 1831 2612 Θεοῦ
1840 2594 1846 2601 ·

1152 2652 1174 2668 ³⁸
1190 2651 1269 2679 Nunt.
1284 2661 1338 2684 xtv.
1350 2653 1395 2680 9.8.
1433 2653 1455 2669 ³⁸
1470 2653 1552 2680 Marc.
1572 2659 1619 2684 xtl,
1635 2652 1682 2680 27.
1727 2653 1750 2669 "
1764 2653 1846 2680 llebr.

1056 2741 1156 2775 Regius
1169 2747 1196 2777 et
1213 2741 1384 2777 Barberintts,
1402 2742 1471 2777 μετὰ
1490 2741 1536 2768 τοῦ
1549 2740 1608 2776 ζῇν.

1091 2777 1147 2811 (57)
1169 2776 1225 2808 Ὧς.
1257 2775 1302 2803 Sic
1317 2775 1593 2809 eodex‘lixnlleiauus;
1622 2775 1727 2811 Regius
1742 2784 1770 2806 cl
1785 2779 1833 2807 Βελ-

1057 2812 1177 2844 bet-inus,
1191 2810 1267 2842 ὡσεί,
1281 2816 1332 2838 etc.
