1872 3041
40 116 81 142 1:5
581 114 759 143 (ΞΟΜΜΕΝΤ.
779 114 811 142 ΙΝ

903 115 928 143 Ἰ.
950 115 1069 143 TOMUS
1088 115 1118 142 ll.
1603 120 1651 147 Mf;

34 173 100 200 τοῦτο
113 172 164 208 γάρ
181 173 205 199 εξ
222 171 382 204 ἐνετέλλετο,
402 171 532 199 ἀδύνατον
547 172 581 199 ἂν
598 172 682 199 ὲδίδοσ
694 172 811 208 ἐντολὴν,

907 181 950 199 am
969 172 1034 200 illud
1058 173 1128 207 quod
1145 176 1186 200 est
1209 173 1235 199 iu
1252 172 1398 208 Evangelia
1411 173 1433 191 ³³
1447 182 1454 203 ;
1470 183 1478 200 ι
1495 173 1594 201 Lueeat
1609 175 1652 202 lux

34 221 89 246 ὡσεὶ
103 221 146 246 καὶ
166 220 223 247 τοῖς
236 219 340 254 λύχνοις
360 218 493 253 ἐμψύχοις
511 216 586 244 οὖσιν
604 218 714 253 ὲντολὴν
727 219 810 245 ἐδίδου

37 266 59 292 τὸ
71 265 167 301 λάμψαι
182 265 213 291 τὸ
240 265 297 298 φῶς
319 264 409 291 αὐτῶν
425 263 580 299 ἔμπροσθεν
596 264 642 290 τοῦ
659 264 745 299 ἡλίου.
756 264 811 299 Οὐχ

35 312 53 337 ci
67 311 183 345 τυχόντες
196 308 243 336 οὖν
259 310 332 345 μόνοι
349 309 401 336 τῶν
418 309 527 341 ζώντων
542 310 573 336 οὺ
585 309 811 344 δικαιωθήσονται

36 355 186 382 κατενώπιον
211 355 258 382 τοῦ
281 355 359 387 Θεοῦ,
383 355 452 382 ἀλλὰ
466 355 512 381 καὶ
530 355 554 382 οἱ
573 355 611 386 ὡς
628 357 656 382 ὲν
672 355 739 387 ζῶσι
758 355 812 381 τῶν

34 402 165 428 ἐλαττόνων
181 401 353 437 διαφέροντες
363 410 369 416 ·
392 401 409 436 ἦ
427 402 496 436 ὅπερ
514 401 624 436 μᾶλλον,
639 402 698 436 ἅμα
711 403 726 436 ὴ
743 401 811 428 πάν-

33 457 77 473 των
98 448 149 473 τῶν
174 447 282 479 ζώντων
303 441 476 482 δικαιοσύνης,
485 447 516 473 οὑ
538 447 748 482 δικαιωθήσεται
775 447 813 478 ὼς

35 495 91 528 πρὸς
102 494 148 528 τὴν
161 493 210 520 τοῦ
221 493 288 519 Θεοῦ
301 493 484 528 δικαιοσύνην,
499 493 538 525 ὡς
554 494 578 519 ει
594 493 641 519 καὶ
655 493 713 528 ἅμα
725 493 814 519 πάντα

34 540 60 565 τὰ
73 540 115 566 ἐπὶ
126 540 176 574 γῆς
188 539 333 576 νυκτερινὰ
356 540 517 574 συναγαγίον
543 539 621 574 φῶτα
643 539 760 574 ἔφασκον
776 539 812 574 μὴ

33 585 145 611 δύνασθαι
165 584 252 612 ταῦτα
277 584 404 619 φωτίζειν
429 584 466 615 ὡς
492 584 560 619 πρὸς
586 584 635 616 τὰς
654 584 748 610 τούτου
767 584 813 610 τοῦ

34 629 96 663 ἡλίου
109 630 203 663 αὐγάς.
228 630 295 656 Κατ’
309 629 478 656 ὲπανάϐασιν
493 629 521 655 δὲ
541 630 574 655 ὲκ
592 629 647 655 τῶν
662 629 814 664 εἰρημένων

34 675 128 710 νοητέον
140 675 186 702 καὶ
200 675 231 701 τό
241 684 248 690 ’
268 684 277 699 ι
295 674 337 701 Ζῶ
352 674 418 709 ἐγὼ,
434 674 510 709 λέγει
520 674 631 710 Κύριος.
652 683 662 700 ι
678 675 753 709 Τάχα
766 675 813 700 τοῦ

34 721 122 755 κδρίως
135 721 194 756 ζῇν,
211 721 328 756 μάλιστα
339 721 372 747 ἐκ
389 721 441 747 τῶν
455 721 608 756 εἰρημένων
620 720 742 756 περὶτοῦ
754 720 813 756 ζῇν,

34 767 97 802 παρὰ
108 767 178 802 μόνῳ
191 768 372 802 τυγχάνοντος
382 767 421 802 τῷ
432 767 502 802 Θεῷ.
517 767 572 794 Καὶ
581 768 632 803 ὅρα
646 768 670 793 εἰ
681 766 726 793 διὰ
735 766 815 793 τοῦτο

33 812 129 838 δύναται
139 814 152 839 6
166 812 327 844 Ἀπόστολος
342 813 398 847 (58)
409 813 459 848 τὴν
468 814 508 844 εἰς
517 812 670 848 ὑπερϐολὴν
678 812 815 847 ὑπεροχὴν

859 223 957 246 vestra
973 226 1064 246 coram
1083 219 1256 251 hominibus;
1270 229 1279 244 ι
1297 227 1350 247 non
1365 221 1437 248 enim
1454 221 1540 248 dixit:
1555 221 1655 248 Lueeat

867 266 910 291 lux
926 270 1015 292 vestra
1040 273 1133 292 corant
1155 265 1220 298 Deo,
1235 266 1335 301 alioqtti
1361 272 1525 303 prmceptum
1543 269 1656 296 daturus

866 308 1045 343 impossibile,
1067 309 1089 336 si
1114 309 1164 337 ltoc
1184 311 1368 344 pra-cepisset,
1383 312 1494 346 perinde
1519 321 1552 340 ac
1570 313 1591 340 si
1613 313 1655 340 lu-

866 355 957 382 cernis
979 355 1107 382 animalis
1129 356 1317 390 praecepisset,
1335 357 1373 384 uti
1395 356 1439 384 lus
1470 358 1591 393 ipsorum
1609 366 1656 386 eo-

867 408 924 427 ratn
937 401 994 428 sole
1009 401 1123 427 luceret.
1139 399 1320 434 Quamobrem
1342 410 1394 429 non
1411 404 1490 430 tnodo
1505 403 1599 439 vulgus
1615 405 1655 430 vi-

866 447 986 473 ventium
1019 454 1072 473 non
1096 446 1291 480 justiticabitur
1320 455 1411 475 coram
1437 449 1501 481 Deo,
1532 451 1579 477 sed
1606 458 1654 477 nec

866 491 948 518 etiam
966 491 994 518 hi
1011 491 1057 526 qui
1080 499 1128 518 ceu
1152 491 1223 518 inter
1249 491 1368 519 viventes
1393 492 1566 522 inferim'ibus
1589 503 1657 529 prte—

867 541 959 569 slant;
982 536 1108 571 quodque
1133 536 1218 572 magis
1241 537 1324 564 etiam
1346 543 1398 569 ρει,
1416 539 1536 565 omnium
1561 540 1655 566 viven-

868 581 935 608 tium
954 581 980 608 in
1006 589 1091 608 unum
1107 581 1223 609 collecta
1237 581 1354 615 justitia,
1373 584 1577 617 comparatione
1594 585 1655 618 Dei,

868 635 921 654 non
939 626 1146 661 jnstilicabitur,
1162 626 1273 661 perinde
1288 634 1320 653 ac
1333 626 1356 654 si
1373 627 1522 656 luminibus
1535 637 1595 664 qua:
1608 637 1652 657 su-

868 680 917 706 per
937 677 1037 699 lerram
1053 678 1115 699 sunt
1136 672 1279 699 nocturnis
1296 671 1322 698 in
1345 680 1429 699 uuutn
1445 673 1568 701 collectis
1586 675 1657 701 dicen

869 726 924 746 rem
941 726 1001 754 ego,
1020 719 1078 746 ﬁeri
1104 725 1156 745 non
1174 726 1264 753 posse,
1283 720 1321 746 uti
1343 719 1518 754 splendorem
1534 719 1658 753 afferant,

868 765 920 800 71
939 765 1113 800 splendorum
1130 765 1209 800 hujus
1227 765 1292 792 solis
1311 766 1529 800 comparatione.
1548 766 1600 793 Per
1614 775 1658 794 re-

869 811 1028 845 petitionem
1051 818 1117 838 vero
1140 819 1234 838 eorutn
1259 819 1320 845 qua:
1332 811 1464 843 diximus,
1481 813 1658 840 consideran-

33 859 118 892 νοήσας
134 858 183 892 τῆς
202 858 276 893 ζωῆς
292 858 339 885 τοῦ
358 858 438 890 θεοῦ,
463 859 511 884 καὶ
524 858 607 890 ἀξίως
630 857 698 884 Θεοῦ
719 858 811 889 συνιεὶς

907 864 932 883 ιιι
946 857 1027 884 etiam
1037 856 1103 883 illud
1119 861 1178 884 est:
1194 865 1203 882 ι
1221 857 1288 885 Vivo
1302 863 1365 890 ego,
1378 857 1445 885 dicit
1461 857 1594 886 Dominus
1606 858 1657 891 “,-

32 905 69 929 τοι
87 914 95 929 ι
110 904 152 930 Ζῶ
162 904 228 938 ἐγὼ,
244 905 318 938 λέγει
335 903 447 939 Κύριος,
466 913 475 929 ›
498 903 638 938 εέρηκέναι
655 903 720 938 περὶ
734 902 814 934 Θεοῦ,

35 959 42 975 ι
54 950 148 984 ὀμόνος
159 950 229 985 ἔχων
239 950 400 981 ἀθανασίαν,
413 959 422 975 ι
433 949 538 981 οὐδενὸς
545 949 599 975 τῶν
611 948 687 984 παρὰ
693 949 738 975 τὸν
749 948 815 975 Θεὸν

32 995 125 1026 ζώντων
139 995 248 1031 ἔχοντος
258 996 308 1031 τὴν
322 995 456 1031 ἄτρεπτον
471 995 559 1030 πάντη
574 996 621 1021 καὶ
637 994 815 1021 ἀναλλοίωτον

32 1040 101 1075 ζωήν.
118 1041 170 1067 Καὶ
185 1042 212 1068 τί
232 1041 394 1077 διστάζομεν
410 1041 475 1077 περὶ
493 1040 548 1067 τῶν
563 1040 674 1074 λοιπῶν,
690 1041 735 1067 ὅτε
755 1040 815 1067 οὐδὲ

31 1079 157 1121 alipta-16;
174 1086 238 1122 ἔσχε
254 1087 302 1122 τὴν
320 1087 366 1114 τοῦ
383 1087 489 1122 Πατρὸς
506 1085 670 1119 άθανασίαν;
686 1085 817 1120 ἐγεύσατο

33 1130 77 1167 γὰρ
89 1132 157 1167 ὑπὲρ
166 1133 268 1164 παντὸς
279 1132 405 1160 θανάτου.

868 909 930 929 cum
952 903 1092 937 proprium
1109 903 1212 935 vivere,
1229 902 1364 937 praicipue
1378 910 1412 930 ex
1428 903 1470 931 his
1486 912 1546 938 qua:
1561 905 1595 932 de
1616 905 1658 932 vi-

868 949 956 976 vendo
977 948 1168 980 disseruimus,
1185 955 1268 983 penes
1283 949 1370 976 soltttn
1383 949 1419 976 sit
1435 949 1529 977 Deum.
1547 950 1580 977 Et
1596 951 1658 979 vide

869 1001 933 1021 num
949 994 984 1021 ob
1001 994 1053 1021 hoc
1070 994 1155 1029 possit
1168 994 1314 1029 Apostolus
1331 995 1357 1022 iu
1383 996 1549 1031 hyperbolen
1573 1005 1659 1033 usque

869 1040 1041 1067 considerata
1057 1040 1104 1066 Dei
1121 1040 1183 1067 vitae
1203 1041 1378 1074 excellentia,
1395 1048 1432 1076 et,
1448 1047 1477 1070 ut
1492 1043 1602 1077 dignum
1616 1048 1659 1070 est

871 1085 937 1118 Deo,
956 1084 1108 1120 intelligens
1124 1084 1188 1112 illud
1203 1094 1210 1112 :
1225 1095 1234 1111 ι
1248 1085 1315 1114 Vivo
1333 1095 1393 1121 ego,
1411 1088 1477 1116 dicit
1490 1089 1632 1121 Dominus,
1647 1099 1656 1115 ι

869 1130 902 1158 de
915 1130 970 1157 Deo
988 1130 1093 1158 dixisse
1103 1130 1124 1146 “
1141 1138 1148 1157 :
1168 1131 1237 1164 «Qui
1260 1132 1333 1161 solus
1359 1133 1442 1161 habet
1466 1133 1657 1161 immortalita-

33 1184 88 1211 tem,
104 1189 112 1205 ι
132 1180 205 1207 nullo
224 1184 324 1215 prteter
340 1181 425 1208 Deum
444 1180 605 1212 viventium,
623 1179 821 1207 immutabilem
835 1178 1090 1213 inalterabilemqne
1104 1178 1274 1206 divinitatem
1291 1180 1417 1209 habente.
1437 1181 1470 1208 Et
1486 1182 1550 1216 quid
1569 1182 1657 1209 ambi-

33 1225 109 1257 gimus
125 1225 158 1253 de
173 1226 290 1259 ceteris,
310 1226 419 1260 quando
433 1234 467 1254 ne
478 1226 605 1254 Christus
618 1225 727 1260 quidem
741 1224 831 1253 Patris
846 1224 971 1253 habuerit
987 1224 1243 1252 immortalitatem?
1263 1233 1325 1253 nam
1340 1234 1390 1261 pro
1407 1234 1570 1263 quocunque
1583 1236 1656 1256 mor—

33 1276 76 1297 tem
91 1272 205 1305 gustavit
216 1272 250 1299 ".
279 1272 284 1275 ⁷

61 1317 129 1352 Ἅμα
139 1317 167 1344 δὲ
183 1318 357 1351 ἐξετάζοντες
370 1319 404 1346 τὰ
418 1318 539 1355 περὶτοῦ
550 1318 600 1354 ζῇν
612 1319 660 1346 τοῦ
671 1317 751 1351 Θεοῦ,
763 1318 810 1346 καῖ

33 1363 101 1398 ζωῆς,
119 1364 178 1398 ἣτις
185 1364 262 1390 ἐστὶν
271 1365 286 1391 6
298 1365 426 1400 Χριστὸς,
444 1365 491 1392 καὶ
502 1364 611 1397 ζώντων
626 1365 655 1391 ὲν
669 1364 747 1400 χώρᾳ
760 1365 813 1401 ἰδίᾳ

905 1317 948 1344 12.
969 1317 1037 1344 Cum
1053 1323 1119 1344 vero
1141 1316 1311 1351 iuquiramus
1324 1317 1358 1345 de
1374 1317 1418 1345 his
1438 1325 1499 1352 qua:
1516 1319 1548 1346 ad
1573 1319 1656 1347 Deum

867 1363 1003 1391 viventem
1026 1362 1173 1398 pertinent,
1198 1367 1225 1389 et
1249 1363 1282 1390 de
1302 1363 1357 1390 vita
1380 1371 1441 1398 qua:
1460 1368 1504 1391 est
1519 1363 1656 1398 Christus,

33 1410 213 1444 τυγχανόντων,
231 1411 280 1437 καὶ
298 1410 407 1443 ζώντων
419 1411 450 1437 οὐ
472 1411 671 1447 δικαιουμένων
696 1411 811 1438 ἐνώπιον

903 1416 954 1444 que
971 1408 1126 1436 viventibus
1137 1408 1184 1443 qui
1200 1412 1264 1436 sunt
1280 1409 1306 1436 iu
1321 1416 1371 1437 sua
1388 1410 1511 1445 regione,
1525 1416 1608 1445 atque
1623 1411 1656 1438 de

33 1453 69 1479 τοῦ
81 1454 153 1487 θεοῦ,
173 1455 332 1487 ἀκολούθως
347 1456 452 1488 τούτοις
467 1455 681 1491 παρατιθέμενοι
695 1456 735 1482 τό·
753 1465 762 1481 ί
785 1456 813 1482 Ὁ

35 1500 100 1532 μόνος
117 1501 184 1536 ἔχων
203 1502 365 1534 ἀθανασίαν,
388 1512 397 1528 ι
418 1502 452 1528 τὰ
465 1502 651 1537 ὐπονοοὺμενα
669 1510 815 1538 συμπαρα-

34 1545 157 1581 ληψόμεϐα
175 1548 242 1583 περὶ.
256 1547 304 1574 τοῦ
317 1549 370 1574 πᾶν
393 1548 535 1575 ὀτιποτοῦν
549 1547 657 1582 λογικὸν
671 1547 708 1583 μὴ
722 1548 816 1574 οὺσιωο

34 1591 77 1622 δὼς
91 1591 167 1626 ἔχειν,
192 1593 232 1625 ὡς
249 1592 401 1628 ἀχώριστον
417 1593 601 1629 συμϐεϐηκὸς,
615 1593 665 1629 τὴν
681 1593 815 1629 μακαριό-

34 1645 99 1671 τητα.
119 1638 180 1665 Ἐὰν
190 1638 247 1674 γὰρ
262 1638 414 1674 ἀχώριστον
428 1639 478 1674 ἔχῃ
495 1639 545 1674 τὴν
565 1639 754 1674 μακαριότητα
769 1639 816 1665 καὶ

35 1683 74 1717 τὴν
86 1683 292 1718 προηγουμένην
302 1683 384 1718 ζωὴν,
394 1684 452 1716 πῶς
464 1684 505 1710 ἔτι
515 1684 591 1711 ἔσται
603 1684 703 1720 ἀληθὲς
710 1685 740 1710 τὸ
752 1684 816 1720 περὶ

35 1727 71 1754 τοῦ
85 1729 147 1756 Θεοῦ
159 1730 366 1765 λεγόμενον-ιὈ
378 1730 457 1765 μόνος
469 1731 524 1766 (59)
536 1730 605 1766 ἔχων
619 1730 784 1763 ἁθανασίαν;
803 1740 812 1756 ι

92 1774 209 1809 μέντοιγε
223 1775 334 1805 εἰδέναι,
346 1775 386 1802 ὅτι
401 1776 465 1802 τινὰ
479 1777 493 1802 6
511 1775 606 1811 Σωτὴρ
625 1776 674 1811 οὺχ
685 1775 760 1810 αὑτῷ
778 1774 815 1802 εἴ·

35 1829 68 1845 »αι
78 1821 138 1856 (60),
153 1821 210 1847 ἀλλ’
225 1822 342 1856 ἑτέροις,
356 1822 417 1848 τινὰ
431 1822 459 1848 δὲ
477 1821 552 1857 αὑτῷ
567 1822 615 1849 καὶ
634 1822 747 1857 ἑτέροις·
767 1822 815 1856 ζη-

34 1867 114 1900 τητέον
127 1868 154 1894 δὲ
167 1868 195 1894 εἰ
205 1875 269 1894 τινα
285 1867 375 1902 ἑαυτῷ
394 1867 440 1894 καὶ
456 1867 554 1894 οὐδενί.
572 1867 669 1902 Σαφῶς
688 1866 738 1902 μὲν
761 1866 816 1902 γὰρ

35 1912 122 1948 ἑτέροις
134 1914 192 1941 ἐστὶ
213 1913 328 1949 ποιμὴν,
343 1914 393 1949 οὐχ
412 1914 450 1946 ὡς
462 1915 487 1941 οἱ
500 1914 576 1950 παρὰ
588 1912 741 1949 ἀνθρώποις
755 1921 810 1940 ποι-

37 1959 102 1991 μένες
114 1960 204 1996 ὁνησιν
218 1962 253 1987 ἐκ
267 1960 315 1987 τοῦ
326 1960 480 1995 ποιμαίνειν
497 1961 537 1992 εἰς
551 1960 648 1987 ἑαυτὸν
658 1959 815 1995 λαμϐάνων,

35 2005 54 2029 εἰ
65 2005 97 2040 μὴ
107 2006 158 2041 ἄρα
175 2007 226 2042 τὴν
246 2007 302 2033 τῶν
316 2007 537 2042 ποιμαινομένων
555 2007 691 2041 ὠφέλειαν
710 2006 753 2033 διὰ
774 2015 817 2041 φι-

35 2048 189 2085 λανθρωπίαν
206 2052 276 2079 ἰδίαν
288 2050 358 2079 εἶναι
373 2052 519 2087 λογίσαιτο⁹
530 2052 598 2079 ἀλλὰ
609 2053 656 2079 καὶ
671 2052 730 2084 όδός
743 2053 816 2078 ἐστιν

867 1454 1020 1482 viventibus
1033 1454 1116 1481 etiam
1135 1454 1178 1482 his
1191 1454 1237 1488 qui
1256 1462 1349 1482 coram
1367 1454 1423 1482 Deo
1435 1463 1487 1483 non
1501 1455 1658 1489 iustiﬁcati-

867 1504 919 1533 tttr,
936 1503 1136 1534 consequenter
1153 1499 1196 1526 his
1218 1504 1386 1534 apponentes
1403 1509 1410 1527 :
1427 1509 1436 1526 ι
1449 1500 1500 1534 Qui
1517 1501 1591 1529 solus
1609 1501 1659 1528 ha-

866 1546 911 1572 bet
936 1545 1169 1573 immortalitatem
1182 1545 1216 1578 ⁵³,
1232 1554 1242 1571 ›
1263 1546 1366 1580 pariter
1382 1547 1464 1574 etiam
1489 1555 1658 1575 assumemus

865 1599 926 1626 quze
947 1591 1200 1628 subintelliguntur,
1218 1600 1314 1628 nempe
1330 1593 1402 1628 quod
1424 1601 1506 1621 omne
1526 1594 1656 1628 quidquid

866 1638 966 1666 dixeris
991 1639 1108 1666 rationis
1132 1646 1233 1674 capax,
1248 1646 1302 1666 non
1316 1639 1418 1666 habeat
1438 1639 1658 1667 substantialitcr

866 1682 926 1717 (ceu
951 1683 1134 1718 inseparabile
1158 1683 1297 1719 accidens)
1317 1683 1528 1712 beatitudinem.
1552 1684 1619 1712 Nam
1633 1686 1656 1712 si

867 1728 1076 1762 inseparabilem
1103 1729 1202 1757 habeat
1224 1729 1473 1758 beatitudinemvet
1493 1731 1656 1765 praecipuam

866 1772 960 1805 vitam,
985 1775 1121 1807 quomodo
1144 1781 1240 1801 verum
1257 1774 1314 1801 erit
1330 1774 1397 1802 illud
1412 1775 1484 1809 quod
1497 1776 1531 1803 de
1545 1776 1602 1803 Deo
1615 1776 1657 1803 di-

866 1818 938 1845 citur
954 1827 962 1845 :
979 1827 989 1844 ι
1001 1819 1052 1852 Qui
1073 1819 1147 1846 solus
1163 1820 1245 1847 habet
1269 1820 1544 1848 immortalitatem?»
1562 1821 1658 1849 Scien-

866 1863 931 1890 dum
947 1868 988 1892 est
1002 1868 1124 1891 attamen
1141 1864 1318 1892 Servatorem
1330 1872 1383 1892 non
1400 1873 1462 1892 esse
1474 1865 1527 1892 sibi
1541 1866 1592 1900 ipsi
1608 1865 1659 1892 ali-

865 1918 929 1945 qua,
949 1911 995 1939 sed
1010 1911 1088 1944 aliis;
1104 1911 1194 1945 aliqua
1215 1918 1280 1938 vero
1300 1915 1327 1938 et
1339 1911 1390 1946 ipsi
1405 1916 1433 1937 et
1454 1911 1525 1938 aliis.
1545 1912 1657 1946 Insuper

867 1956 1040 1990 quaarendum
1064 1960 1107 1984 est
1129 1963 1165 1983 an
1184 1956 1276 1990 aliqua
1297 1956 1355 1991 ipse
1375 1956 1548 1991 habeatque:
1568 1956 1657 1984 nullus

867 2001 945 2029 alius.
960 2001 1084 2037 Namque
1106 2001 1195 2036 palatn
1215 2001 1276 2029 aliis
1288 2006 1332 2030 est
1355 2006 1448 2036 pastor
1463 2010 1471 2029 :
1487 2010 1539 2029 non
1554 2002 1625 2030 sicut
1639 2003 1656 2029 ii

867 2048 912 2082 qui
933 2049 1003 2083 apud
1026 2048 1151 2076 homines
1173 2053 1296 2084 pastores
1322 2054 1395 2081 sunt,
1414 2048 1559 2076 utilitatem
1581 2050 1614 2077 ad
1629 2057 1658 2077 se

36 2084 122 2133 étérlit;
146 2099 260 2134 ὁμοίως,
285 2100 332 2126 καὶ¹
355 2084 436 2136 θύρα,
465 2100 689 2135 ὁμολογουμένως
715 2100 744 2126 δὲ
770 2101 811 2127 καλ

903 2084 979 2122 ιιιὲιιε
1004 2102 1037 2122 eo
1060 2095 1132 2129 quod
1156 2100 1261 2130 pascat,
1282 2095 1334 2122 nisi
1357 2095 1427 2122 [orte
1439 2103 1534 2122 eorum
1548 2096 1594 2129 qui
1610 2104 1658 2130 pa-

37 2144 126 2177 ρἀὃοςσ
138 2146 228 2181 ἑαυτῷ
241 2146 272 2172 δὲ
290 2146 337 2172 καὶ
352 2146 455 2182 ἑτέροις
473 2146 563 2180 σοφία,
579 2146 649 2181 τάχα
664 2146 693 2172 δὲ
709 2146 755 2172 καὶ
767 2146 811 2172 λό-

36 2196 81 2220 γος.
101 2191 231 2226 Ζητητέον
249 2191 278 2217 δὲ
294 2191 318 2217 εἰ
335 2193 506 2227 συστήματος
532 2192 716 2229 θεωρημάτων
737 2193 812 2224 ὄντος

35 2232 58 2256 ἐν
81 2234 157 2270 αὐτῷ,
180 2235 252 2262 καθὸ
269 2235 349 2269 σοφία
377 2236 460 2268 ἐστὶν,
488 2236 545 2262 ἐστι
570 2236 631 2263 τινὰ
646 2236 812 2272 θεωρήματα

36 2278 148 2315 ὰχὼρητα
163 2281 294 2317 τῇ”λοιπῇ
315 2282 380 2317 παρ’
395 2282 476 2309 αὑτὸν
497 2284 612 2318 γεννητῇ
630 2282 719 2317 φύσει,
734 2283 813 2310 ἇτινα

35 2322 92 2350 οἶδεν
106 2327 202 2362 ἑαυτῷ,
222 2328 278 2353 Καὶ
293 2327 344 2353 οὐκ
363 2327 542 2359 ἀνεξέταστον
554 2327 633 2361 λόγον
651 2327 743 2354 ἐατέον
767 2327 812 2354 διὰ

36 2370 74 2404 τὴν
81 2372 192 2407 περὶτοῦ
207 2372 288 2407 ἁγίου
303 2372 461 2408 Πνεύματος
471 2372 623 2400 εὐλάϐειαν·
640 2373 681 2399 ὅτι
694 2372 743 2408 μὲν
757 2372 811 2408 γὰρ

36 2416 138 2443 καὶαὺτδ
150 2417 223 2453 αὐτῷ
242 2417 437 2453 μαθητεύεται,
455 2418 548 2452 σαφῶς
563 2418 618 2453 (61)
633 2419 665 2444 ὲκ
673 2418 720 2444 τοῦ
734 2418 812 2453 λεγο-

37 2459 103 2493 μένου
123 2463 185 2498 περ).
207 2463 386 2499 παρακλήτου
412 2464 460 2490 καὶ
475 2464 554 2498 ἁγίου
577 2464 746 2500 ΙΙνεύματος,
772 2465 812 2492 ὄτι

37 2515 44 2529 ι
61 2507 104 2534 Ἐκ
114 2509 159 2534 τοῦ
174 2509 242 2544 ἐμοῦ
258 2509 382 2544 λήψεται,
399 2510 446 2536 καὶ
459 2510 604 2545 ἀναγγελεῖ
618 2511 692 2545 ὑμῖν.
709 2521 718 2536 ι
734 2511 766 2537 Εἰ
785 2511 813 2537 δὲ

38 2551 240 2589 μαθητευόμενον
259 2554 315 2590 (62)
339 2555 426 2582 πάντα
443 2557 536 2591 χωρεῖ,
557 2555 575 2582 ἃ.
591 2557 749 2589 ὲνατενίζων
774 2557 813 2592 τῷ

65 2629 84 2645 ³⁹
94 2629 184 2660 Matth.
197 2640 225 2666 v,
242 2633 286 2661 16.
323 2632 348 2650 ⁸ο
361 2633 440 2661 Num.
461 2642 517 2668 xtv,
529 2635 575 2662 '28.
613 2635 634 2651 “
650 2635 657 2662 I
671 2635 742 2663 Tim.
754 2643 792 2669 νι,
809 2635 853 2664 16,

65 2693 313 2736 (ᾗδλᾎπόστοτζος
331 2700 408 2736 deest
429 2701 455 2727 iu
475 2701 594 2729 editione
605 2701 747 2735 lluctiana,
762 2703 809 2730 sed

39 2733 172 2764 rrstllniltlr
187 2740 203 2759 e
217 2733 314 2760 codice
331 2735 488 2764 Bodleiano.

67 2763 118 2807 (59)
133 2767 406 2807 (itidett‘llodieianus
421 2775 449 2798 et
468 2763 637 2799 rBarbcrinus
654 2777 727 2800 recte
740 2772 754 2798 6
769 2771 812 2807 μό-

104 2801 170 2829 male
192 2803 276 2831 editio
301 2802 434 2834 lluetiana
457 2806 483 2834 in
507 2811 581 2835 textu
608 2807 689 2836 habet
707 2808 738 2834 οὺ
762 2801 811 2843 ,λά-

867 2145 980 2167 scantur
1007 2141 1164 2173 utilitatem,
1190 2141 1369 2176 benignitatis
1394 2148 1487 2173 causa,
1516 2142 1656 2176 propriam

867 2193 928 2214 esse
957 2191 1075 2221 reputet.
1100 2187 1170 2220 Quin
1192 2187 1274 2214 etiam
1305 2187 1349 2214 via
1366 2191 1418 2219 est,
1443 2187 1505 2215 aliis
1530 2180 1658 2215 similiter

867 2232 951 2259 etiam
977 2233 1090 2265 ostium,
1103 2232 1160 2267 jam
1176 2233 1259 2259 etiam
1283 2232 1310 2258 iu
1331 2232 1457 2260 confesso
1472 2239 1514 2260 est
1527 2234 1600 2268 quod
1622 2234 1658 2262 sit

867 2279 950 2306 etiam
974 2279 1070 2314 virga;
1093 2279 1145 2306 sibi
1165 2286 1229 2306 vero
1249 2278 1299 2313 ipsi
1315 2283 1342 2305 et
1356 2278 1417 2306 aliis
1433 2279 1586 2313 sapientia;
1601 2279 1657 2307 for-

868 2325 948 2352 tassis
964 2325 1045 2353 etiam
1067 2325 1146 2359 λόγος
1169 2324 1207 2360 [id
1231 2329 1274 2352 est
1298 2324 1390 2360 ratio].
1410 2325 1591 2358 Quaerendum
1615 2329 1658 2352 est

867 2371 978 2406 insuper
991 2379 1054 2398 num
1073 2379 1107 2399 ex
1121 2379 1152 2399 ea
1168 2371 1342 2398 multitudine
1365 2371 1583 2405 speculationum
1597 2379 1657 2406 qua:

866 2422 928 2444 sunt
942 2417 968 2444 in
985 2418 1055 2452 ipso,
1072 2417 1098 2444 itt
1122 2421 1254 2452 quantutn
1272 2417 1404 2452 sapientia
1421 2421 1473 2451 est,
1487 2417 1542 2444 sint
1558 2417 1656 2452 aliqua:

867 2463 1068 2498 speculationes
1084 2463 1155 2498 apud
1173 2463 1272 2498 ipsum,
1288 2470 1356 2497 quas
1373 2462 1477 2498 reliqua
1496 2467 1594 2490 natura
1606 2470 1655 2497 ge-

868 2514 962 2536 nerata
989 2510 1130 2545 percipere
1169 2515 1289 2544 nequeat
1324 2517 1494 2544 quarumque
1523 2509 1582 2537 sibi
1605 2509 1655 2544 ipsi

867 2557 1012 2584 scientiam
1033 2561 1166 2585 reservet.
1187 2556 1242 2583 Nec
1270 2556 1464 2584 inexaminata
1478 2555 1654 2591 relinquenda

894 2636 916 2652 ⁸⁸
930 2635 1011 2664 llebr.
1026 2644 1056 2669 tt,
1070 2636 1097 2664 9.
1132 2635 1174 2662 ⁸⁸1
1189 2635 1258 2663 Tim.
1272 2643 1309 2670 vr,
1327 2635 1370 2663 l6.

900 2702 956 2739 (ϐυ)
969 2704 1063 2731 Εἶναι.
1081 2703 1236 2739 Legendum
1251 2704 1357 2731 videtur
1369 2704 1438 2731 ἐστι.

900 2739 956 2773 (Gl)
973 2739 1087 2773 Σαφῶς.
1108 2739 1177 2773 Lege
1194 2739 1288 2773 σαφές.

901 2774 956 2808 (62)
971 2775 1005 2800 Ei
1018 2773 1052 2800 δὲ
1072 2775 1325 2809 μαθητευόμενον,
1345 2779 1398 2801 etc.
1427 2773 1494 2807 Quia
1511 2774 1653 2801 scicnnam

866 2815 1020 2843 cmteraqne
1044 2810 1134 2836 ontuia
1159 2810 1241 2837 habet
1264 2809 1382 2843 Spiritus
1406 2814 1517 2836 sanctus
1542 2818 1555 2835 ιι
1570 2809 1651 2841 Filio,

867 2849 996 2879 tanquam
1013 2853 1027 2872 a
1042 2844 1223 2879 prooessionis
1235 2844 1378 2880 principio,
1394 2849 1529 2879 utcunque
1549 2845 1652 2872 ration:-
