1872 3041
194 123 244 150 159

915 120 1077 148 Oli-[GEle
1770 121 1816 147 “30

193 187 248 214 quo
263 181 354 210 vadal,
371 178 432 212 quia
452 176 569 203 tenebrae
583 181 790 202 exuet-avertunt
812 175 898 209 ipsius

1105 176 1127 201 ἰν
1145 175 1272 210 ἐμφαίνει
1287 175 1337 209 τὴν
1356 172 1458 208 ψεκτὴν
1482 173 1596 208 πρᾶξιν·
1614 173 1661 200 καὶ
1684 173 1714 199 τὸ
1734 176 1815 209 μισεῖν

196 227 248 256 los.
266 234 274 250 ι
293 224 424 257 siquidem
447 230 493 256 per
509 222 722 248 ambulationem
749 222 774 247 in
801 223 921 248 tenefu-is
938 223 979 248 in~

194 272 266 297 dicat
299 270 435 296 actionem
466 267 684 301 vituperabilem.
709 268 779 300 Quia
807 260 891 294 etiam
917 268 979 294 odio

195 315 320 349 prosequi
345 313 457 339 fratrem
481 320 572 343 suurn,
598 320 688 338 nonne
715 312 805 346 lapsus
825 317 866 339 est
891 314 924 339 ab
947 321 978 340 ea

193 367 253 393 quze
277 358 383 392 proprie
409 363 520 384 vocatur
543 357 688 383 scientia?
714 358 789 389 Quod
816 362 906 384 autem
931 358 977 392 qui

194 406 299 438 ignorat
316 404 416 434 divina,
432 407 543 437 propter
557 403 643 436 ipsum
667 403 792 436 ignorare
809 403 834 429 in
858 404 978 430 tenebris

192 449 321 479 ambulet,
341 449 428 483 inquit
444 449 527 475 David
541 448 582 475 ’δίε
613 457 621 473 1
642 447 698 474 Non
716 453 911 482 cognoverunt.
932 456 977 475 ne-

191 503 246 528 que
275 495 478 526 intellexerunt,
503 494 528 520 in
548 494 667 520 tenebris
695 493 846 520 ambulant.
872 503 880 518 ι
910 493 977 520 Illud

192 548 256 566 vero
273 540 399 568 observa.
413 547 446 565 an
464 539 565 564 idcirco
577 539 736 566 dicatur“:
754 547 763 565 ι
783 539 851 565 Deus
864 539 906 565 lux
924 544 977 570 est,

191 590 217 611 et
233 585 351 612 tenebrat
366 585 392 610 in
411 591 444 611 eo
459 592 491 611 ne
506 592 564 610 urire
579 584 688 618 quidem
708 589 781 616 Stltll,
809 595 817 610 ι
841 592 892 611 non
914 585 976 619 quia

193 638 252 657 unze
264 631 318 656 sint
332 629 459 660 tenebrm.
475 630 521 656 sed
537 629 576 656 vel
592 635 701 664 propter
721 638 805 664 genus
818 630 916 664 duplex
938 635 979 657 te—

193 676 350 705 nebrarum,
371 677 410 701 vel
427 675 508 702 etiam
524 683 584 709 quia
600 683 767 710 unaquaeque
779 677 886 711 species
904 681 978 703 tene-

193 721 304 746 brarum
328 721 426 746 multas
448 721 544 747 haheat
570 729 669 754 pravas
690 723 822 754 actiones,
847 728 873 749 et
895 723 977 749 multa

193 766 259 791 t'alsa
275 766 410 801 dogmata,
429 766 519 800 plures
537 772 600 793 sunt
619 768 746 799 tenebrm.
768 776 883 802 quarum
906 768 977 795 nulla

193 812 218 838 in
235 812 289 839 Deo
305 818 356 839 est.
376 813 468 846 Neque
491 813 563 839 enim
587 813 688 840 dictum
714 813 809 840 fuisset
830 814 863 840 de
885 817 979 840 sancto

1030 221 1058 247 δὲ
1071 221 1115 248 τὸν
1127 221 1240 255 ἀδελφὸν
1253 220 1347 251 αὑτοῦ,
1358 220 1388 246 οὐ
1400 221 1448 255 τῆς
1462 219 1561 254 κυρίως
1571 219 1739 255 καλουμένης
1753 221 1816 253 γνὼ-

1030 268 1100 299 σεώς
1111 268 1183 293 ἐστιν
1199 267 1372 302 ἀπόπτωμας
1389 267 1448 292 "Ott
1459 266 1486 292 δὲ
1502 267 1549 293 καὶ
1563 267 1577 292 ὁ
1591 266 1697 300 ἀγνοῶν
1713 267 1746 292 τὰ
1762 267 1818 293 Gaia

1031 313 1090 338 κατ’
1108 311 1173 338 αὐτὸ
1186 312 1215 338 τὸ
1233 313 1340 346 ἀγνοεῖν
1362 312 1393 338 ἐν
1408 312 1498 338 σκότει
1514 311 1716 346 διαπορεύεται,
1740 313 1817 344 graia

1029 360 1043 385 ό
1059 359 1156 385 Δαυῖό’
1181 367 1190 384 1
1218 359 1275 385 Οὐκ
1298 358 1430 392 ἔγνωσαν,
1450 358 1509 385 οὐδὲ
1533 358 1664 392 συνῆκαν,
1687 359 1715 383 ὲν
1733 358 1818 384 σκότει

1029 403 1243 438 διαπορεύονται.
1266 413 1275 428 ι
1299 403 1461 437 Ἐπίστησον
1477 402 1504 428 δὲ
1523 402 1577 437 τῷ·
1605 412 1614 428 1
1638 403 1667 429 ’0
1682 403 1748 434 Θεὸς
1764 403 1818 437 φῶς

1030 451 1098 481 ἐστι,
1115 450 1161 476 καὶ
1176 449 1270 476 σκοτία
1283 450 1311 475 ἐν
1328 448 1403 483 αὐτῷ
1414 449 1463 475 οὑκ
1482 449 1555 475 ἐστιν
1573 449 1698 483 οὐδεμία,
1716 459 1725 474 ι
1741 449 1764 475 εἰ
1784 449 1818 484 μὴ

1029 495 1074 521 διὰ
1091 494 1168 521 τοῦτο
1186 494 1292 528 λέγεται
1315 493 1354 528 τῷ
1376 492 1446 520 εἶναι
1474 493 1511 528 μὴ
1535 493 1599 527 μίαν
1626 493 1746 524 σκοτίαν,
1763 493 1818 519 ἀὶζλε

1029 542 1088 576 ἤτοι
1105 541 1149 567 διὰ
1165 541 1196 567 τὸ
1216 540 1324 575 γενικδν
1343 540 1399 570 δύο,
1421 540 1437 574 ἢ
1455 540 1502 566 καὶ
1522 539 1565 565 διὰ
1579 539 1610 565 τὸ
1625 538 1687 565 καθ’
1707 539 1825 571 ἕκαστον,

1028 587 1083 613 τῶν
1115 586 1204 613 [δικῶν
1234 587 1334 618 πολλὰς
1354 584 1425 612 εἶναι
1451 585 1566 621 πράξεις
1594 585 1746 621 μοχθηρὰς,
1774 586 1817 612 καὶ

1030 632 1114 659 πολλὰ
1133 633 1255 667 δόγματα
1268 632 1363 667 ψευδῆ,
1377 631 1472 658 πολλαί
1488 633 1540 658 εἱσι
1555 632 1672 662 σκοτιαι,
1690 628 1727 658 ὧν
1747 631 1817 657 οὐδε-

1031 677 1080 713 μία
1093 679 1122 704 ὲν
1139 678 1177 712 τῷ
1189 678 1248 712 Θεῷ
1265 679 1348 708 ἐστιν,
1364 677 1414 703 οὐκ
1426 677 1459 703 ἂν
1472 676 1612 711 λεχθέντος
1626 676 1672 702 ἐπὶ
1684 676 1732 702 τοῦ
1743 677 1817 710 ἁγίου

1029 723 1043 748 ὅ
1059 731 1140 758 φησιν
1163 723 1176 748 ὁ
1198 723 1303 758 Σωτὴρ,
1329 723 1376 749 τό·
1403 732 1412 747 1
1437 722 1531 757 Ὑμεῖς
1557 723 1618 747 ἐστε
1641 722 1671 748 τὺ
1694 722 1751 756 φῶς
1775 722 1818 748 τοῦ

1031 769 1144 804 κόσμου,
1174 779 1182 795 ι
1201 770 1241 795 ὅτι
1264 769 1322 804 φῶς
1342 769 1400 795 ἐστι
1427 768 1473 794 τοῦ
1501 768 1603 802 κόσμου
1628 768 1643 793 ὁ
1666 768 1754 802 ἆγιος,
1776 769 1819 794 καὶ

1031 814 1126 840 σκοτία
1143 815 1193 841 οὐκ
1207 814 1279 840 ἔστιν
1295 815 1324 840 ὲν
1339 813 1414 848 αὺτῷ
1427 814 1548 848 οὐδεμία.

191 859 262 892 quod
278 858 315 884 ait
331 859 455 885 Salvator
473 859 516 886 ‘3:
536 869 545 884 1
563 859 616 886 Vos
634 860 699 887 estis
722 860 767 887 lux
792 860 896 892 mundi,
915 869 923 885 ι
944 861 1070 894 quoniam
1086 860 1129 887 lux
1151 861 1242 887 mundi
1268 865 1309 888 est
1327 867 1448 892 sanctus,
1466 870 1475 885 1
1493 864 1519 887 et
1531 860 1650 887 tenebrze
1669 860 1696 886 in
1713 867 1746 886 co
1769 868 1819 886 non

191 910 254 932 sunt
273 905 333 931 ulla:
346 905 378 932 3".
398 915 406 931 ι

227 951 272 978 2|.
291 952 407 979 Proinde
423 958 525 986 quan-et
540 953 639 987 aliquis
653 961 661 979 :
676 953 704 979 Si
720 953 752 979 de
766 952 846 979 Patre
861 960 902 986 pos

1105 952 1181 984 τὴσει
1192 951 1221 978 δέ
1239 960 1295 982 τις·
1315 951 1346 977 Ei
1366 952 1412 977 ἐπὶ
1430 951 1476 977 τοῦ
1497 950 1603 986 Πατρός
1628 949 1758 976 τέτακται
1774 948 1818 974 τόο

191 1003 233 1025 est
252 999 324 1033 quod
353 999 471 1025 tenebrat
493 999 572 1026 nulla:
586 1000 639 1026 sint
660 999 686 1025 in
705 1007 748 1031 eo,
772 1000 907 1034 quomodo
928 1006 976 1025 cen

193 1051 247 1070 rem
261 1044 390 1070 eximiam
407 1048 434 1071 et
448 1045 610 1078 przcripuam
628 1044 682 1079 79
707 1045 758 1072 hoc
779 1045 804 1070 in
830 1045 888 1079 ipso
903 1044 977 1070 dicc-

194 1098 252 1116 ntus
269 1097 341 1121 esse,
359 1097 419 1116 cum
435 1091 468 1115 de
485 1090 630 1116 Servatore
652 1097 759 1124 quoque
780 1090 885 1117 dicatur
905 1090 976 1124 quod

191 1134 303 1160 omnino
318 1135 352 1161 sit
365 1135 545 1168 impeccabilis
557 1134 588 1167 ⁸³,
606 1135 642 1161 ita
655 1138 684 1160 ut
699 1142 760 1161 cum
777 1134 899 1161 dicamus
915 1141 975 1160 esse

192 1178 278 1205 lucem
295 1179 320 1205 in
341 1188 391 1212 qua
417 1181 497 1205 lllllltl!
519 1180 574 1206 sint
602 1180 739 1207 tenebrat?
762 1181 800 1207 Ex
823 1186 898 1214 parte
923 1179 974 1206 ita-

191 1229 244 1256 que
267 1221 447 1248 dilferentiam
475 1221 502 1247 in
522 1222 708 1256 superioribus
730 1223 908 1249 ostendimus.
931 1223 977 1249 At-

192 1274 244 1300 que
262 1267 411 1293 etiamnum
429 1266 482 1293 illis
499 1267 630 1293 audacius
644 1267 786 1298 addemus,
800 1267 822 1294 si
838 1266 978 1294 Christum

192 1319 246 1338 non
274 1317 468 1345 agnoscentem
490 1317 631 1346 peccatum
653 1312 718 1339 fecit
737 1312 818 1338 Pater
838 1320 885 1346 pro
902 1312 980 1339 nobis

192 1361 344 1390 peccaturo,
359 1357 381 1383 si
395 1356 470 1389 fecit,
483 1359 605 1391 inquam,
623 1358 693 1384 Deus
715 1357 759 1384 ille
777 1357 915 1384 Christum
931 1365 980 1392 pro

193 1403 270 1429 nobis
286 1408 437 1437 peccatum,
454 1404 506 1430 diei
523 1412 578 1431 non
598 1412 677 1438 posse
694 1405 728 1431 de
747 1411 791 1436 eo,
813 1414 823 1430 1
847 1404 979 1432 Tenebrae

193 1448 219 1473 in
237 1455 269 1474 eo
283 1455 335 1474 non
352 1453 414 1474 sunt
429 1449 490 1475 ulla:
507 1448 541 1474 “.
561 1459 569 1474 ι
592 1449 722 1482 Quamvis
734 1449 805 1476 enim
824 1457 833 1474 1
859 1449 886 1475 in
904 1449 980 1475 sitni-

192 1493 333 1519 litudinetn
348 1494 441 1521 carnis
462 1494 565 1528 peccati
585 1494 641 1529 (85)
663 1494 714 1530 [de
736 1499 848 1528 peccato
866 1494 981 1520 damna-

193 1539 231 1564 vit
256 1537 335 1566 Jesus
356 1545 507 1574 peceatum,
534 1550 543 1566 ι
567 1541 637 1575 quod
659 1540 867 1567 similitudinem
889 1540 980 1567 cernis

193 1587 295 1620 peccati
313 1588 456 1622 assumpsit
470 1587 517 1624 ⁸⁷,]
540 1588 611 1615 haud
631 1593 720 1615 tamen
742 1587 854 1614 omnino
874 1587 933 1614 lucc
946 1586 980 1613 de

1030 995 1127 1022 Σκοτία
1142 996 1191 1021 οὐκ
1207 995 1279 1021 ἔστιν
1294 996 1322 1022 ἐν
1335 995 1410 1029 αὐτῷ
1425 995 1547 1029 οὐδεμία,
1567 994 1625 1026 πῶς
1638 994 1668 1020 τὺ
1683 994 1820 1029 ἐξαίρετον

1029 1041 1143 1077 ἐροῦμεν
1154 1039 1222 1067 εἷναι
1233 1042 1261 1067 ἐν
1271 1040 1355 1076 αὐτῷ,
1366 1041 1454 1075 πάντη
1463 1041 1654 1075 ἀναμάρτητον
1662 1040 1710 1066 καὶ
1719 1039 1763 1065 τὸν
1771 1040 1821 1065 Σω-

1028 1087 1100 1122 τῆρα
1108 1087 1241 1118 νοοῦντες,
1253 1087 1322 1113 ὥστε
1335 1087 1382 1113 καὶ
1393 1096 1425 1113 πε
1431 1088 1456 1122 ρὶ
1469 1086 1550 1113 αὑτοῦ
1559 1086 1592 1112 ἂν
1601 1087 1698 1117 εἰπεῖν,
1711 1086 1751 1112 ὅτι
1766 1086 1821 1119 φῶς

1030 1132 1098 1163 ἐστι,
1107 1132 1153 1159 καὶ
1161 1131 1254 1158 σκοτία
1261 1132 1310 1158 οὐκ
1317 1132 1389 1158 ἔστιν
1396 1133 1424 1158 ὲν
1433 1131 1507 1166 αὐτῷ
1515 1131 1637 1165 οὐδεμία;
1646 1131 1675 1157 ’Λ
1680 1131 1713 1157 πὸ
1723 1131 1820 1166 μέρους

1031 1178 1080 1212 μὲν
1092 1176 1139 1204 οὖν
1151 1179 1180 1205 ἐν
1192 1179 1247 1209 τοῖς
1259 1178 1388 1213 ἀνωτέρω
1395 1178 1444 1213 τὴν
1452 1178 1583 1212 διαφορὰν
1594 1178 1821 1212 παρεστήσαμεν·

1029 1223 1226 1258 τολμηρότερόν
1242 1231 1272 1250 τε
1291 1223 1331 1250 ἐτι
1348 1224 1465 1254 ἐκείνοις
1487 1223 1534 1249 καὶ
1549 1223 1596 1249 νῦν
1621 1222 1820 1257 προσθήσομεν,

1031 1268 1081 1299 ὅτι,
1097 1269 1120 1294 εἰ
1136 1268 1181 1295 τὸν
1197 1269 1234 1303 μὴ
1251 1269 1349 1302 γνόντα
1373 1269 1511 1304 ἁμαρτίαν
1534 1269 1604 1304 ὑπὲρ
1627 1269 1707 1304 ἡμῶν
1736 1269 1821 1304 ἁμαρ-

1031 1313 1091 1339 τίαν
1103 1313 1214 1348 ἐποίησε
1237 1313 1282 1340 τὸν
1304 1314 1433 1348 Χριστὸν,
1447 1315 1472 1340 εἰ
1496 1313 1623 1348 ἐποίησεν
1648 1313 1729 1340 αὐτὸν
1755 1314 1823 1348 ὑπὲρ

1032 1358 1109 1393 ἡμῶν
1120 1359 1255 1394 ἁμαρτίαν
1267 1360 1280 1386 ὁ
1294 1359 1371 1391 Θεὸς,
1389 1359 1440 1385 οὐκ
1456 1358 1489 1385 ἂν
1502 1359 1608 1385 δύναιτο
1619 1358 1747 1393 λέγεσθαι
1760 1358 1823 1393 περὶ

1032 1403 1113 1430 αὑτοῦ
1125 1413 1132 1419 ⁸
1147 1413 1156 1429 1
1178 1405 1276 1431 Σκοτία
1294 1405 1322 1431 ὲν
1342 1404 1415 1439 αὑτῴ
1444 1405 1494 1430 οὐκ
1510 1404 1582 1430 ἔστιν
1596 1404 1720 1439 οὐδεμία.
1740 1415 1748 1429 ι
1762 1405 1821 1431 Κᾶν

1031 1451 1086 1486 γὰρ
1103 1460 1112 1476 1
1134 1451 1162 1477 ὲν
1174 1451 1325 1485 ὁμοιώματι
1340 1450 1440 1486 σαρκὸς
1455 1451 1592 1486 ἁμαρτίας
1608 1450 1672 1486 περὶ
1687 1450 1822 1486 ἁμαρτίας

1032 1496 1199 1531 κατακρίνας
1213 1497 1334 1533 τυγχάνῃ
1349 1506 1358 1522 ι
1374 1497 1388 1522 ὁ
1406 1496 1509 1532 Ἰησοῦς
1529 1506 1537 1522 1
1550 1496 1599 1531 τὴν
1611 1497 1750 1531 ἁμαρτίαν
1763 1506 1770 1521 ι
1785 1497 1823 1530 τῲ

1030 1543 1060 1569 τὸ
1075 1543 1202 1578 ὁμοίωμα
1210 1543 1259 1578 τῆς
1271 1543 1372 1578 σαρκὸς
1384 1542 1521 1578 ἁμαρτίας
1531 1542 1718 1576 ἀνειληφέναι,
1733 1543 1823 1568 οὐκέτι

1031 1589 1086 1621 ἕξει
1101 1589 1190 1624 πάντη
1208 1590 1293 1623 ὑγιῶς
1314 1589 1448 1624 λεγόμενα
1466 1590 1530 1624 περὶ
1548 1588 1642 1620 αὑτοῦ,
1666 1589 1708 1615 ὅτι
1731 1589 1824 1614 σκοτία

192 1641 225 1659 co
244 1637 317 1659 recte
340 1634 476 1666 (ιίιοιιιιιτ,
497 1633 602 1661 scilicet
617 1633 689 1668 quod
705 1633 784 1660 nulla:
803 1633 902 1659 tenebr:

1105 1635 1149 1670 ιτῷ
1162 1623 1212 1662 οὒκ
1226 1635 1299 1662 ἔστιν
1311 1623 1434 1670 οὐδεμία.
1446 1623 1641 1670 Προσθὴσομεν
1653 1634 1675 1660 δ’
1690 1635 1732 1660 ὅτι
1745 1635 1823 1664 αὐτὸς

192 1679 247 1704 siut
268 1679 292 1705 iu
306 1687 348 1706 co.
370 1679 507 1706 Addemus
529 1684 618 1706 autem
643 1686 704 1705 eum
728 1679 902 1706 inﬁrmitates
930 1686 979 1705 Ilo-

191 1730 264 1752 stras
279 1730 302 1752 et
322 1727 430 1753 morbos
441 1726 632 1760 assumpsisse,
645 1730 670 1752 et
693 1725 789 1752 animm
803 1725 979 1752 inﬁrmitates

191 1777 216 1797 ct
232 1772 341 1798 morbos
355 1772 453 1799 occulti
470 1772 560 1799 cordis
578 1772 662 1798 nostri
677 1771 804 1803 hominis,
821 1778 889 1805 quas
902 1770 978 1798 inlir—

193 1818 301 1845 tnitates
317 1818 479 1853 morbosque
497 1819 559 1852 quia
577 1827 590 1845 a
608 1818 684 1845 nobis
709 1818 861 1849 sustulerit,
879 1817 979 1844 dicitur

191 1863 260 1897 apud
271 1862 431 1891 Zachariam
447 1865 567 1891 aaitnant
587 1865 758 1899 pertristem,
776 1863 979 1897 perturbatatn-

192 1917 246 1943 que
274 1909 375 1937 habere
399 1915 480 1945 atque
505 1911 628 1938 vestibus
649 1910 767 1936 sordidis
793 1909 903 1936 indutus
926 1908 949 1924 ⁵⁸
969 1917 977 1941 ;

189 1954 290 1988 quibus
305 1955 434 1988 quoniam
450 1957 591 1982 exnemlus
603 1959 671 1985 erat.
690 1954 818 1981 dicuntur
832 1961 893 1980 esse
914 1961 978 1987 pec-

190 2004 263 2026 cata.
277 1999 423 2034 Suhjungil
435 2008 500 2035 ergo
517 2001 612 2027 colem
629 2001 655 2026 in
674 2000 734 2027 loco
754 2000 776 2015 ³⁵
791 2008 796 2026 :
817 2009 825 2024 1
841 1999 910 2026 Ecce
929 2006 979 2033 ego

189 2044 289 2071 abstuli
310 2050 423 2078 peccata
439 2049 483 2071 tua
499 2051 507 2076 ;
527 2055 536 2070 ι
555 2052 588 2072 eo
597 2045 670 2072 enim
686 2045 757 2078 quod
775 2045 832 2078 ipse
846 2044 980 2078 receperit

190 2091 217 2116 in
239 2089 356 2123 seipsum
373 2089 464 2124 populi
483 2090 652 2116 credentium
672 2095 795 2124 peccata,
821 2089 980 2123 frequenter

191 2135 300 2169 inquit:
328 2144 337 2160 1
358 2134 448 2169 Longe
473 2143 487 2161 a
512 2135 601 2162 salute
626 2143 685 2162 mea
709 2135 790 2162 verba
816 2135 977 2162 delictorum

191 2188 314 2207 nieorum
338 2181 381 2212 ’°;
414 2191 423 2206 ι
453 2186 529 2208 e121
557 2180 595 2207 Tu
619 2181 768 2214 cognovisti
795 2180 978 2214 insipientiam

192 2235 290 2259 nteant,
307 2233 334 2255 et
348 2228 446 2255 delicta
463 2235 523 2254 mea
538 2236 553 2254 ιι
574 2233 601 2254 le
617 2235 669 2254 non
685 2232 749 2253 sunt
766 2227 977 2255 abscondita".v

190 2273 245 2300 Nec
258 2281 320 2300 vero
334 2274 488 2308 suspicetur
506 2281 554 2299 nos
572 2272 716 2307 quisquam
732 2273 788 2300 Inec
800 2273 903 2307 dicere,
922 2274 974 2300 mi-

190 2327 241 2345 nus
258 2319 300 2352 pie
316 2318 454 2346 Christum
474 2317 521 2344 Dei
545 2316 677 2344 colentes.
702 2316 769 2343 Nam
794 2325 846 2351 qua
871 2317 976 2344 ratione

190 2364 265 2391 solus
281 2363 364 2390 Pater
388 2363 470 2390 habet
490 2361 735 2394 immortalitatem,
758 2363 822 2397 quia
847 2363 976 2390 Dominus

190 2414 284 2436 noster
310 2408 458 2445 [ouuiium
489 2414 611 2434 nostrum
638 2407 770 2443 nomine]
797 2413 911 2435 mortem
941 2409 976 2434 ob

188 2463 312 2482 amorem
323 2463 386 2490 erga
403 2461 487 2488 genus
501 2454 648 2481 humanum
665 2453 817 2488 pertulerit,
831 2454 881 2480 hac
894 2453 975 2482 Pater

189 2501 265 2529 solus
290 2501 370 2528 habet
391 2500 463 2527 utin
487 2500 546 2534 ipso
567 2499 646 2527 nulla:
670 2501 725 2528 sint
752 2501 890 2528 tenebrae:
913 2508 975 2527 cum

189 2548 325 2580 Christus,
352 2553 381 2574 ut
404 2547 530 2574 homines
545 2547 678 2574 beneﬁcio
697 2547 830 2580 alliceret,
848 2546 975 2574 tenebras

190 2600 300 2622 nostras
316 2594 342 2621 in
359 2593 479 2628 seipsnm
496 2594 638 2628 receperit.
655 2598 684 2620 ut
700 2595 819 2628 potentia
835 2600 884 2619 sua
902 2600 975 2619 rnor-

191 2647 243 2667 tetn
264 2646 385 2668 nostram
400 2639 513 2672 deleret,
526 2640 729 2674 cxpelleretqne
751 2639 904 2666 animarum
926 2646 974 2666 no-

224 2697 245 2712 "
264 2698 334 2726 Psal.
352 2706 445 2729 um,
464 2698 490 2726 5.
541 2698 564 2712 ’δ’
581 2697 588 2724 l
603 2697 681 2725 Joan.
700 2706 718 2727 ι,
732 2698 758 2725 5.

190 2726 198 2766 ξ
220 2731 296 2760 Joan.
314 2741 332 2766 I,
357 2734 382 2760 5.
440 2726 463 2749 έθ
493 2733 557 2760 ibid.
581 2741 599 2764 ι,
626 2733 650 2760 5.

189 2762 212 2779 "°
229 2768 294 2796 ibid.
311 2762 337 2796 ιζ
375 2770 398 2785 ⁹⁰
414 2769 483 2796 Psal.
503 2777 559 2802 xu,
577 2762 605 2797 ‘2.
643 2769 664 2784 ⁹¹
682 2768 753 2795 Psal.
771 2769 902 2800 vant,6.

810 2697 832 2713 ⁸³
845 2697 939 2724 Matth.
961 2705 988 2727 ν,
1007 2697 1050 2724 Η.

706 2734 728 2748 ⁸⁷
749 2734 825 2760 lium.
844 2741 902 2762 \‘Ill,
918 2732 949 2764 5;
975 2733 1024 2759 lsa.
1047 2741 1105 2766 Lm,
1131 2737 1158 2766 4,
1178 2734 1213 2766 5;
1236 2733 1328 2760 Matth.
1356 2740 1415 2766 vnl,
1442 2731 1485 2758 ΓΙ.

1030 1680 1078 1712 τὰς
1095 1680 1234 1712 ἀσθενείας
1248 1680 1327 1715 ἡμῶν
1337 1680 1427 1712 ἔλαϐε,
1445 1680 1492 1707 καὶ
1508 1680 1558 1711 τὰς
1572 1679 1668 1710 νόσους
1675 1679 1823 1706 ἐϐάστασε.

1029 1727 1076 1753 καὶ
1092 1726 1235 1757 ἀσθενείας
1260 1726 1310 1757 τὰς
1327 1726 1376 1760 τῆς
1399 1726 1500 1761 ψυχῆς,
1522 1725 1568 1751 καὶ
1581 1725 1675 1756 νόσους
1704 1725 1754 1756 τὰς
1777 1723 1823 1750 τοῦ

1029 1770 1150 1806 κρυπτοῦ
1174 1771 1225 1806 τῆς
1241 1770 1353 1806 καρδίας
1372 1770 1450 1805 ἡμῶν
1474 1769 1631 1806 ἀνθρώπου,
1644 1770 1678 1796 δι’
1695 1769 1730 1801 ἃς
1744 1769 1824 1795 ἀσθε-

1029 1816 1103 1848 νείας
1117 1817 1163 1842 καὶ
1181 1817 1274 1848 νόσους
1287 1817 1426 1852 βαστάσας
1439 1817 1524 1848 αὐτὰς
1540 1817 1586 1850 ἀφ’
1606 1815 1696 1851 ἡμῶν,
1714 1815 1824 1851 περίλυ-

1031 1870 1081 1888 πον
1099 1861 1172 1897 ἔχειν
1187 1862 1236 1897 τὴν
1252 1862 1341 1898 ψυχὴν
1351 1862 1478 1897 ὁμολογεῖ
1489 1862 1536 1888 καὶ
1546 1861 1765 1896 τεταραγμένην,
1779 1862 1825 1886 καὶ

1030 1907 1140 1942 ῥυπαρὰ
1150 1906 1246 1942 ἱμάτια
1257 1907 1411 1934 ἐνδεδύσθαι
1426 1907 1501 1942 παρὰ
1514 1907 1553 1941 τῷ
1575 1905 1701 1941 Ζαχαρία
1726 1906 1825 1939 ἀναγέ-

1029 1960 1148 1986 γραπται
1161 1961 1167 1967 ·
1185 1953 1257 1988 ἆπερ
1279 1953 1320 1978 ὅτι
1338 1952 1482 1979 ἐκδύεσθαι
1504 1951 1610 1987 ἔμελλε,
1627 1951 1739 1985 λέγεται
1753 1948 1824 1977 εἶναι

1030 1998 1225 2033 ἁμαρτήματα.
1251 1998 1390 2033 Ἐπιςρέρει
1406 1998 1471 2032 γοῦν
1484 1999 1557 2025 ἐκεῖ·
1577 2006 1585 2022 1
1615 1996 1680 2023 Ἰδοὺ
1693 1997 1824 2032 ἀφῄρηκα

1029 2044 1077 2075 τὰς
1094 2044 1232 2080 ἁμαρτίας
1244 2052 1290 2070 σου
1301 2053 1307 2058 ·
1331 2054 1340 2069 ι
1355 2044 1398 2070 διὰ
1412 2044 1466 2079 γὰρ
1478 2043 1508 2069 τὸ
1524 2043 1670 2070 ἀναλαϐεῖν
1693 2043 1774 2069 αὐτὸν
1793 2043 1825 2068 τὰ

1029 2088 1076 2114 τοῦ
1092 2088 1157 2115 λαοῦ
1181 2088 1234 2115 τῶν
1249 2089 1429 2115 πιστευόντων
1451 2089 1491 2120 εἰς
1515 2088 1600 2115 αὐτὸν
1622 2088 1824 2123 ἁμαρτήματα.

1031 2133 1164 2170 πολλαχοῦ
1186 2143 1266 2170 φησι·
1287 2145 1296 2160 1
1314 2134 1431 2170 Μακρὰν
1446 2134 1501 2161 ἀπὸ
1512 2134 1561 2169 τῆς
1577 2135 1716 2169 σωτηρίας
1732 2143 1783 2169 μου
1800 2135 1825 2160 οὶ

1029 2179 1102 2213 λόγοι
1119 2179 1172 2206 τῶν
1193 2181 1423 2216 παραπτωμάτων
1438 2189 1488 2215 μου
1500 2189 1507 2195 ·
1534 2190 1542 2205 ι
1563 2180 1625 2206 καί·
1645 2189 1654 2205 1
1679 2180 1716 2206 Σὺ
1734 2180 1821 2214 ἔγνως

1029 2224 1076 2260 τὴν
1096 2225 1252 2260 ἀφροσύνην
1273 2234 1334 2261 μου,
1361 2225 1406 2252 καὶ
1430 2226 1458 2252 at
1482 2225 1666 2260 πλημμέλειαί
1693 2234 1745 2260 μου
1769 2225 1824 2252 ἀπὸ

1031 2270 1077 2297 σοῦ
1089 2271 1137 2297 οὐκ
1154 2271 1319 2307 ἐκρύῦησαν.
1339 2280 1349 2297 ι
1368 2272 1468 2307 Μηδεὶς
1481 2272 1504 2297 δ’
1520 2273 1592 2306 ἡμᾶς
1607 2271 1824 2306 ὑπολαμϐανέτω

1030 2317 1117 2344 ταῦτα
1132 2317 1224 2351 λέγειν
1239 2318 1405 2349 ἀσεϐοῦντας
1421 2318 1460 2349 εἰς
1477 2318 1522 2344 τὸν
1543 2318 1663 2353 Χριστὸν
1675 2317 1723 2344 τοῦ
1743 2317 1822 2344 Θεοῦ.

1030 2362 1064 2400 ᾯ
1079 2365 1133 2400 γὰρ
1146 2365 1344 2400 λόείῳὸΠατὴρ
1362 2365 1441 2399 μόνος
1456 2364 1512 2399 ἔχει
1529 2363 1690 2396 ἀθανασίαν,
1705 2363 1754 2390 τοῦ
1768 2364 1823 2389 Κυ-

1031 2411 1088 2447 ρίου
1101 2410 1180 2446 ὴμῶν
1189 2411 1234 2437 διὰ
1250 2410 1453 2446 φιλανθρωπίαν
1468 2410 1582 2437 θάνατον
1594 2409 1640 2435 τὸν
1656 2409 1728 2445 ὑπὲρ
1744 2409 1824 2444 ἡμῶν

1030 2455 1215 2490 ἀνειληφότος,
1233 2455 1320 2490 τούτῳ
1340 2456 1353 2481 ό
1374 2455 1469 2490 Πατὴρ
1487 2454 1543 2489 ἔχει
1561 2454 1640 2489 μόνος
1657 2453 1703 2480 τό·
1725 2453 1822 2479 Σκοτία

1030 2503 1059 2528 ἐν
1070 2500 1143 2536 αὺτῴ
1154 2502 1204 2528 οὐκ
1218 2501 1290 2527 ἔστιν
1303 2500 1425 2536 οὐδεμία,
1437 2500 1483 2526 τοῦ
1497 2499 1614 2536 Χριστοῦ
1629 2499 1673 2525 διὰ
1686 2499 1736 2534 τὴν
1755 2499 1822 2534 πρὸς

1030 2547 1189 2582 ἀνθρώπους
1204 2546 1362 2582 εὐεργεσίαν
1375 2547 1418 2581 ἐφ’
1435 2546 1517 2572 αὑτὸν
1541 2545 1590 2578 τὰς
1606 2545 1686 2580 ἡμῶν
1711 2545 1821 2575 σκοτίας

1028 2593 1251 2628 ἀναδεδεγμένου,
1283 2593 1327 2619 ἵνα
1351 2594 1384 2628 τῇ
1402 2592 1514 2626 δυνάμει
1544 2591 1627 2618 αὑτοῦ
1657 2591 1820 2627 καταργήσῃ

1028 2638 1105 2674 ἡμῶν
1119 2639 1164 2665 τὸν
1179 2639 1304 2671 θάνατον,
1332 2640 1379 2666 καὶ
1405 2639 1555 2674 ἐξαφανίσῃ
1579 2637 1610 2664 τὸ
1631 2638 1661 2664 ἐν
1686 2639 1721 2672 τῇ
1749 2637 1820 2672 ψυχῇ

1105 2698 1129 2713 ⁸⁸
1143 2698 1149 2724 |
1161 2697 1240 2725 Joan.
1263 2706 1280 2728 ι.
1295 2697 1321 2724 5.
1375 2697 1398 2712 ⁸⁵
1413 2696 1464 2723 lsa.
1485 2703 1544 2723 LIII.
1564 2694 1596 2723 9:
1614 2693 1710 2723 lPetr.
1725 2702 1756 2726 ιι,
1770 2694 1818 2725 22;

1131 2737 1158 2757 4.
1178 2734 1213 2757 5:
1236 2733 1328 2757 Matth.
1356 2740 1415 2757 vnt.
1442 2731 1485 2757 ΓΙ.
1533 2731 1556 2746 ⁸⁸
1578 2729 1662 2756 Zach.
1687 2737 1732 2757 Nl.
1749 2731 1777 2757 3.
1794 2730 1818 2756 4.

1594 2748 1662 2764 ιιι-ιιι.
1687 2748 1732 2764 ιιι,
1749 2748 1777 2762 υ,
1794 2748 1819 2756 τι

226 2825 282 2859 (85)
304 2826 362 2854 lianc
378 2835 392 2854 a
407 2826 532 2856 Ferrario
547 2828 728 2864 praetermissa
745 2835 758 2855 ρ
778 2826 902 2854 Pcrionio
923 2824 1114 2861 supplevimus.
