1870 3046
74 107 120 135 175

608 104 788 145 COMMENT.
809 102 841 131 IN
858 102 956 132 JOAN.
977 103 1096 132 TOMUS
1112 102 1143 130 ΙΙ.

1644 102 1695 130 178

72 169 100 196 ού
113 167 220 196 δύναται
242 168 406 204 γεγενῆσθαι
429 167 483 195 ἀπὸ
503 167 553 203 τῆς
570 165 714 203 ἑϐδομάδος
726 165 772 193 τοῦ
785 164 848 192 Θεοῐ

942 163 992 191 ιυίι
1017 163 1052 191 ab
1068 162 1239 192 hebdomade
1260 163 1309 191 Dei
1327 163 1413 191 nostri
1439 163 1558 199 requies,
1573 169 1634 198 qua:
1653 168 1699 191 est

72 215 153 250 ἡμῶν,
170 215 219 251 τὴν
244 214 314 250 μετὰ
326 214 356 242 τὺ
379 213 513 241 σάϐϐατον
529 213 684 240 ἀνάπαυσιν
699 211 745 238 τοῦ
761 211 854 246 Σωτῆ-

75 269 116 297 po:
136 261 212 296 ἡμῶν
238 260 309 288 κατὰ
333 259 383 296 τὴν
398 259 552 287 ἀνάπαυσιν
575 257 658 285 αὐτοῦ
679 256 857 293 ἐμποιοῦντος

72 309 122 340 τοῖς
138 306 309 343 συμμόρφοις
322 306 361 342 τῷ
375 305 483 342 θανάτῳ
496 303 578 332 αὑτοῦ
589 303 791 340 γεγενημένοις,
808 302 857 330 καὶ

73 353 111 382 διὰ
125 353 200 380 τοῦτο
215 353 271 389 (15)
285 353 332 380 καὶ
346 353 396 389 τῆς
411 352 596 384 ἀναστάσεως.

102 397 144 424 28.
155 395 247 431 Οὗτος
260 394 355 432 ἦλθεν
368 398 411 429 εὶς
421 396 598 431 μαρτυρίαν,
610 397 660 423 ἵνα
671 395 852 433 μαρτυρήσῄ

68 446 131 480 περὶ
144 445 195 472 τοῦ
208 443 315 479 φωτὸς,
326 443 377 470 ἵνα
386 442 497 475 πάντες
506 442 691 470 murenam
702 442 738 470 δι’
748 442 855 471 αὐτοῦ.

67 493 125 520 Τῶν
139 489 298 528 ἑτεροδόξων
315 489 371 526 (16)
386 489 459 522 τινὲς
480 488 619 516 πιστεύειν
644 489 795 525 φάσκοντες
813 490 854 522 είς

65 539 111 566 τὸν
131 538 260 575 Χριστὸν,
277 537 324 564 καὶ
340 537 385 564 διὰ
404 536 435 563 τὸ
457 535 641 563 ἀναπλάσσειν
662 535 756 572 ἓτερον
778 535 854 572 παρὰ

65 585 112 613 τὸν
125 583 302 621 Δημιουργὺν,
313 582 352 615 ὡς
364 582 509 610 ἀκόλουθον
522 581 624 614 αὐτοῖς,
637 582 670 609 οὐ
680 582 854 618 προσιέμενοι

66 629 115 663 τὴν
134 628 279 664 ἐπιδημίαν
302 626 384 654 αὐτοῦ
414 626 467 653 ὑπὸ
483 626 538 653 τῶν
557 626 705 662 προφητῶν
734 632 856 662 προκατ-

68 672 196 709 ηγγέλθαι
216 692 224 705 ,
262 671 426 707 ἀνατρέπειν
464 669 614 706 πειρῶνται
647 669 697 702 τὰς
728 669 773 697 διὰ
801 670 856 697 τῶν

66 717 210 754 προφητῶν
231 717 297 752 περὶ
323 715 443 752 Χριστοῦ
466 715 631 752 μαρτυρίας,
653 716 804 751 φάσκοντες
818 716 856 751 μὴ

62 764 165 791 δεῖσθαι
194 763 340 800 μαρτύρων
363 762 411 790 τὸν
437 763 502 789 Υίὸν
522 762 569 789 τοῦ
595 761 674 795 Θεοῦ,
701 762 797 798 ἔχοντα
826 761 857 788 τὸ

65 809 112 837 τοῦ
155 807 331 835 πιστεύεσθαι
373 808 447 841 ἄξιον
476 808 504 835 ἐν
542 816 572 835 τε
609 806 650 840 οἷς
691 808 856 844 κατήγγειλε

64 855 208 890 σωτηρίοις
236 854 336 888 λόγοις,
369 853 509 890 δυνάμεως
538 854 774 890 πεπληρωμένοις,
807 854 855 882 καὶ
870 849 892 877 Β

62 902 92 928 ἐν
134 900 285 936 τεραστίοις
329 900 430 937 ἔργοις,
471 901 584 928 αὐτόθεν
630 900 854 937 καταπλήξασθαι

63 948 142 976 πάνθ’
161 947 280 974 ὁντινοῦν
302 947 476 983 δυναμένοις“
500 947 548 975 καί
573 956 664 983 φασιν·
682 948 715 975 Εἰ
733 948 854 983 Μωῖὃσῆς

60 995 240 1022 πεπίστευται
263 993 308 1021 διὰ
335 994 380 1021 τὸν
399 993 477 1029 λόγον
506 994 553 1021 καὶ
577 994 628 1026 τὰς
654 994 801 1030 δυνάμεις,
822 995 854 1021 οὺ

58 1040 164 1076 δεηθεὶς
191 1039 336 1077 μαρτύρων
352 1039 406 1075 πρὸ
432 1039 516 1068 αὐτοῦ
541 1049 622 1067 τινων
641 1040 724 1068 αὑτὸν
749 1048 853 1075 καταγ-

58 1087 218 1122 γειλάντων,
237 1087 305 1114 ἀλλὰ
327 1087 374 1114 καὶ
391 1086 508 1119 ἕκαστος
527 1087 583 1114 τῶν
604 1088 751 1124 προφητῶν
768 1095 855 1122 παρε-

58 1134 142 1170 δέχθη
157 1134 209 1161 ὑπὸ
222 1133 270 1160 τοῦ
289 1133 366 1166 λαοῦ,
381 1133 418 1166 ὡς
431 1133 485 1161 ἀπὸ
501 1133 569 1160 Θεοῦ
591 1133 757 1166 ἀποσταλείς
767 1142 774 1149 ·
791 1133 852 1165 πῶς

56 1181 120 1216 ὀὐχὶ
138 1181 237 1216 μᾶλλον
252 1180 392 1212 Μωῦσέως
407 1180 455 1207 καὶ
473 1180 529 1207 τῶν
554 1179 702 1216 προφητῶν
716 1180 854 1218 διαφέρων

58 1227 170 1254 δύναται
200 1227 285 1263 χωρὶς
310 1224 458 1262 προφητῶν
487 1226 699 1262 μαρτυρούντων
727 1226 762 1253 τὰ
788 1227 853 1262 περὶ

57 1273 141 1300 αὐτοῦ
162 1273 259 1299 ὰνῦσαι
271 1272 290 1299 '6
307 1272 443 1308 βούλεται,
459 1273 506 1299 καλ¹
523 1272 662 1308 ὠφελῆσαι
681 1272 712 1299 τὸ
731 1272 786 1300 τῶν
806 1272 854 1300 ἀν-

57 1319 177 1356 θρώπων
200 1318 293 1353 γένοςς
317 1318 469 1355 Παρέλκειν
482 1315 529 1346 οὖν
544 1318 645 1347 οἴονται
660 1318 691 1346 τὺ
711 1319 764 1346 ὑπὸ
785 1327 852 1356 προ-

58 1366 153 1402 φητῶν
181 1366 263 1393 αὑτὸν
292 1364 451 1401 νομίζεσθαι
487 1365 744 1401 προκατηγγέλθαι,
772 1365 852 1394 τοῦτο

56 1410 361 1449 πραγματευσαμένων,
376 1411 418 1444 »ὡς
433 1412 536 1438 εῖποιεν
553 1411 586 1439 ἂν
603 1412 712 1446 ἐκεῖνοι,
728 1410 783 1439 τῶν
802 1411 853 1448 τὴν

57 1459 206 1494 καινότητα
221 1458 271 1494 τῆς
288 1457 414 1494 θεότητος
428 1457 633 1494 παραδέξασθαι
646 1458 710 1489 τοὺς
731 1458 771 1490 εἰς
785 1458 852 1494 Χρι-

57 1506 121 1532 στὸν
142 1504 320 1536 πιστεύοντας
337 1505 367 1531 ού
387 1504 564 1540 βουλομένων,
583 1503 652 1531 ἀλλὰ
667 1503 715 1530 ἐπὶ
730 1504 777 1531 τὸν
801 1504 852 1531 αύ-

54 1552 101 1579 τὺν
117 1550 289 1585 καταντῆσαι
317 1548 394 1582 Θεδν,
409 1549 440 1577 ὃν
463 1550 511 1576 καὶ
537 1548 591 1585 πρὸ
612 1548 701 1585 Ἰησοῦ
731 1549 852 1587 Μωῠσῆς

54 1598 104 1624 καὶ
117 1598 142 1624 οἱ
156 1597 295 1632 προφῆται
312 1595 446 1628 ἐδίδαξαν.
460 1595 576 1623 Λεκτέον
590 1592 637 1622 οὖν
657 1594 725 1631 πρὸς
741 1595 851 1628 αὐτοὺς,

55 1643 107 1675 ὅτι,
131 1641 239 1669 πολλῶν
257 1641 352 1669 αἰτίων
373 1641 530 1677 δυναμένων
556 1641 684 1676 γενέσθαι
702 1641 853 1677 προκαλου-

54 1689 148 1725 μένων
161 1689 202 1720 είς
213 1687 244 1715 τὸ
264 1687 414 1719 πιστεύειν,
428 1685 515 1713 ἑνίοτέ
531 1694 612 1713 τινων
631 1685 685 1713 ἀπὸ
701 1685 781 1721 τῆσδε
801 1684 852 1721 μὲν

53 1736 106 1771 τῆς
129 1734 299 1767 ἀποδείξεως
319 1733 350 1760 οὺ
373 1732 584 1769 πληττομένων,
607 1732 662 1759 ἀπὸ
688 1732 784 1768 ἐτέρας
808 1731 852 1765 δὲ,

53 1781 129 1817 ἔχειν
148 1781 196 1807 τὸν
216 1780 284 1807 Θεδν
298 1779 425 1811 πλείονας
446 1778 576 1815 ἀφορμὰς
601 1777 755 1814 ἀνθρώποις
782 1786 853 1814 παρ-

52 1832 140 1867 έχειν,
169 1831 215 1858 ἶνα
237 1828 411 1866 παραδεχοῇ,
433 1829 475 1856 ὃτι
491 1828 558 1861 Θεὸς
573 1829 588 1855 ὁ
608 1827 679 1864 ὑπὲρ
704 1824 794 1855 πάντα
817 1826 853 1854 τὰ

51 1877 161 1912 γενητὰ
193 1875 413 1912 ὲνηνθρώπησεν.
440 1874 579 1910 Ἐναργῶς
605 1874 670 1909 γοῦν
687 1873 760 1900 ἔστιν
789 1873 853 1901 ἰδεῖν

50 1932 133 1955 τινας
146 1923 180 1949 ὲκ
189 1922 244 1949 τῶν
258 1921 435 1958 προφητικῶν
446 1921 625 1957 προρρήσεων
639 1920 679 1952 είς
690 1919 853 1955 θαυμασμὸν

47 1969 100 1997 τοῦ
116 1968 239 2005 Χριστοῦ
256 1968 312 2004 (Π)
327 1967 502 2004 ἐρχομένους,
519 1967 790 2003 καταπληττομένους
803 1966 852 2002 τὴν

47 2016 109 2043 τῶν
127 2014 267 2042 τοσούτων
291 2014 345 2051 πρὸ
372 2013 457 2041 αὑτοῦ
480 2013 628 2049 προφητῶν
653 2012 756 2048 φωνὴν,
777 2021 851 2039 συνι-

47 2063 162 2090 στᾶσαν
176 2061 258 2088 τόπον
271 2059 403 2095 γενέσεως
413 2058 507 2092 αὑτοῦ,
520 2059 567 2086 καὶ
581 2058 674 2095 χώραν
685 2058 850 2094 ἀνατροφῆς.

46 2109 99 2136 καὶ
128 2108 212 2143 ἰσχὺν
245 2106 439 2138 διδασκαλίας,
462 2104 604 2140 δυνάμεὼν
636 2112 667 2131 τε
690 2103 852 2140 θαυμασίων

46 2154 170 2190 ποίησιν
188 2153 236 2180 καὶ
252 2152 337 2184 πάθος
356 2150 526 2187 ἀνθρώπινον
542 2149 595 2178 ὑπὸ
610 2150 785 2182 ἀναστάσεως
802 2159 851 2176 κα-

908 213 968 245 post
990 208 1134 236 sabbatum
1158 215 1167 235 :
1187 208 1315 236 nimirum
1351 208 1406 236 Deo
1435 207 1581 236 Servatore
1603 213 1697 235 nostro

907 262 968 283 eam
982 255 1159 289 tngencrante
1171 255 1320 282 secundum
1335 254 1456 289 requiem
1471 261 1548 282 suam
1569 253 1596 280 in
1607 254 1697 286 nobis,

907 302 953 338 qui
974 301 1039 329 facti
1058 308 1153 330 sumus
1168 303 1248 329 morti
1264 302 1350 336 ipsius
1366 300 1533 339 conform'es,
1549 305 1578 328 et
1593 300 1697 329 ideirco

908 347 990 375 etiam
1008 346 1201 375 resurrectioni
1215 347 1249 374 ³⁷.

942 393 988 422 28.
1005 393 1057 420 llic
1073 394 1142 421 venit
1160 393 1187 420 in
1203 393 1392 425 testimonium,
1415 398 1442 420 ιιι
1467 393 1654 428 testiﬁcaretur
1666 392 1698 420 de

907 440 975 473 luce,
992 444 1020 467 tu
1045 447 1134 467 onmes
1155 440 1288 467 crederent
1310 447 1357 474 per
1382 440 1468 474 ipsum
1480 439 1514 467 ’⁸.
1531 439 1646 473 Quidam
1663 446 1696 466 ex

908 485 951 513 his
969 485 1015 522 qui
1039 485 1074 514 ab
1096 485 1224 514 Ecclesia:
1250 485 1368 514 decretis
1383 486 1558 520 dissentiunt,
1584 486 1697 513 credere

908 539 938 560 se
952 532 1075 560 dicentes
1086 532 1113 560 in
1127 531 1277 566 Christum,
1291 535 1320 559 et
1337 538 1369 559 eo
1389 531 1460 566 quod
1486 532 1589 567 tingant
1613 532 1696 559 Deum

907 578 991 607 alium
1018 578 1156 607 diversum
1175 586 1191 606 ι
1210 578 1302 606 mundi
1315 578 1505 612 Fubricatore,
1521 584 1551 605 ut
1574 583 1616 606 est
1632 579 1698 613 ipsis

907 631 1089 659 consequens,
1116 632 1170 651 non
1192 623 1368 651 admittentes
1394 624 1542 651 adventum
1571 623 1657 659 ipsius
1681 631 1696 650 α

908 669 1046 706 prophetis
1067 670 1278 705 pmnuntiatum
1295 669 1390 703 fuisse,
1416 669 1577 698 subvertere
1592 677 1697 697 conan-

909 721 954 744 tur
967 717 1163 753 prophetarum
1192 717 1350 746 testimonia
1376 717 1410 745 de
1437 716 1558 751 Christo,
1577 716 1699 745 dicentes

908 771 978 799 opus
1003 772 1056 791 non
1083 771 1144 792 esse
1173 764 1290 792 testibus
1320 763 1390 792 Filio
1408 765 1480 793 Dei:
1509 769 1538 792 ut
1557 765 1602 800 qui
1618 765 1698 793 [idem

908 810 959 837 sibi
987 810 1158 841 conciliaret,
1186 815 1243 838 tum
1262 817 1294 838 ex
1319 810 1489 839 salutaribus
1513 810 1698 844 sermonibus,

906 864 974 892 quos
997 857 1185 889 denuntiabat,
1205 858 1326 892 potentia
1355 857 1454 893 plenis,
1481 863 1538 886 tum
1555 865 1588 886 ex
1604 858 1698 893 prodi-

905 902 987 938 giosis
1006 907 1033 930 ct
1060 902 1230 932 admirandis
1255 904 1396 938 operibus,
1426 911 1486 939 quae
1506 904 1548 932 vel
1580 904 1699 939 queruli-

905 947 950 975 bet
963 954 994 974 cx
1012 954 1042 975 se
1064 953 1217 982 perterrere
1230 953 1372 983 poterant;
1390 953 1417 976 et
1429 949 1522 977 dicunt
1537 957 1544 976 :
1564 949 1592 977 Si
1609 949 1696 985 Moysi

902 992 960 1029 87
978 994 1073 1021 habita
1110 994 1161 1022 fuit
1184 994 1261 1028 ﬂdes,
1285 995 1420 1023 sermonis
1447 995 1613 1031 virtutisque
1636 1004 1699 1032 gra-

906 1040 954 1072 tia,
969 1040 1053 1067 nullis
1067 1040 1176 1074 praeviis
1200 1040 1316 1069 testibus
1329 1043 1375 1076 qni
1392 1041 1480 1077 ipsum
1498 1043 1696 1070 annuntiarent

904 1086 1005 1121 egenti,
1024 1091 1106 1120 atque
1122 1087 1205 1114 etiam
1227 1087 1425 1122 prophetarum
1447 1089 1637 1124 unusquisque
1652 1095 1698 1116 re-

905 1137 999 1167 ceptus
1016 1139 1031 1158 a
1049 1132 1148 1167 populo
1161 1132 1223 1166 fuit,
1238 1132 1321 1160 veluti
1333 1140 1349 1160 a
1368 1133 1422 1161 Deo
1432 1134 1542 1166 missus.
1559 1135 1698 1170 quomodo

905 1176 997 1213 Moyse
1023 1182 1104 1213 atque
1127 1178 1270 1213 prophetis
1298 1178 1472 1214 prmstantior
1502 1187 1556 1207 non
1596 1181 1697 1215 poterit

904 1223 1006 1257 absque
1013 1222 1152 1258 prophetis
1159 1223 1191 1250 de
1198 1222 1287 1258 seipse
1297 1223 1507 1252 testibcantibus
1514 1224 1620 1253 facilius
1626 1226 1698 1260 quod

904 1268 968 1295 velit
987 1269 1118 1304 perlicere
1134 1273 1162 1296 et
1179 1269 1319 1297 hominum
1338 1270 1431 1305 generi
1445 1271 1604 1306 adiumento
1617 1272 1699 1300 esse?

904 1313 1078 1350 Supertluum
1088 1321 1155 1350 ergo
1170 1322 1231 1343 esse
1246 1315 1323 1343 aiunt
1341 1316 1514 1350 existimare,
1529 1324 1544 1344 ιι
1556 1317 1696 1353 prophetis

900 1368 965 1389 eum
991 1362 1204 1396 praenuntiatum
1234 1362 1329 1395 fuisse,
1347 1362 1394 1398 qui
1411 1363 1445 1391 de
1470 1363 1522 1391 hoc
1535 1363 1609 1391 anxii
1627 1363 1696 1392 fuis-

904 1411 977 1440 sent,
990 1407 1028 1440 si,
1043 1412 1073 1435 ut
1086 1407 1123 1435 illi
1141 1408 1275 1441 dicerent,
1298 1408 1454 1437 noluissent
1473 1409 1625 1438 divinitatis
1646 1418 1697 1438 uo-

903 1454 1015 1482 vitatem
1027 1453 1134 1482 admitti
1147 1463 1162 1482 a
1175 1455 1354 1483 credentibus
1367 1455 1393 1483 in
1411 1455 1564 1489 Christum,
1585 1457 1633 1484 sed
1649 1465 1698 1486 cos

903 1500 1048 1535 pervenire
1063 1500 1096 1528 ad
1113 1501 1200 1535 ipsum
1216 1501 1319 1534 Deum.
1331 1509 1413 1536 quem
1429 1502 1512 1530 etiam
1526 1507 1591 1531 ante
1600 1502 1693 1532 Jesunt

905 1545 1012 1582 Moyses
1022 1550 1051 1574 et
1061 1547 1200 1582 propheta:
1213 1547 1380 1576 docuissent.
1393 1548 1573 1582 Quamobrem
1588 1557 1699 1584 respon-

903 1592 1022 1621 dendum
1036 1598 1078 1622 est
1091 1593 1143 1622 illis
1152 1594 1223 1629 quod
1240 1594 1331 1623 multa
1345 1602 1434 1623 causa:
1444 1602 1506 1624 esse
1516 1603 1578 1623 cum
1587 1601 1697 1631 possent

903 1645 966 1673 qua:
980 1639 1014 1667 ad
1031 1639 1197 1668 credendum
1221 1640 1379 1674 invitarent,
1400 1646 1428 1670 et
1440 1641 1576 1669 interdum
1588 1642 1697 1678 aliquos

907 1684 952 1720 qui
974 1685 1008 1713 ab
1023 1693 1076 1713 una
1095 1685 1293 1714 miraculorum
1313 1686 1547 1716 demonstratione
1561 1696 1614 1716 non
1633 1695 1696 1724 per-

904 1730 1123 1764 cellerentur,ab
1131 1732 1184 1759 alia
1194 1732 1428 1761 demnstratione
1439 1735 1603 1769 permoveri,
1615 1742 1698 1770 posse

905 1777 990 1805 Deum
1008 1777 1164 1813 complures
1176 1785 1275 1806 causas
1289 1779 1446 1807 hominibus
1461 1780 1583 1814 prebere
1601 1786 1629 1808 ut
1644 1783 1695 1809 ad-

904 1823 1017 1851 mittant
1029 1823 1127 1857 Deum,
1151 1824 1198 1859 qui
1218 1829 1259 1852 est
1278 1832 1360 1860 super
1374 1827 1466 1853 omnia
1483 1827 1586 1862 genita,
1600 1827 1698 1856 huma-

904 1877 967 1897 nam
989 1870 1173 1906 assumpsisse
1191 1875 1333 1898 naturam.
1358 1870 1437 1900 Unde
1458 1872 1539 1899 etiam
1554 1873 1697 1903 evidenter

903 1923 1016 1944 cernere
1037 1922 1080 1943 est
1101 1916 1247 1944 nonnullos
1268 1924 1301 1944 ex
1323 1918 1490 1953 propheticis
1508 1919 1650 1948 vaticiniis
1667 1920 1693 1948 in

903 1962 1113 1990 admirationem
1129 1963 1232 1991 Christi
1252 1963 1356 1997 venire,
1374 1968 1413 1992 tot
1427 1965 1631 2000 prophetarum,
1646 1967 1694 2002 qui

903 2011 968 2035 ante
981 2008 1068 2043 ipsum
1080 2009 1200 2042 fuerunt,
1215 2010 1355 2044 perculsos
1366 2016 1432 2038 voce
1445 2011 1601 2039 stabilicnle
1614 2013 1694 2047 quid-

902 2051 967 2087 quid
983 2053 1017 2080 ad
1033 2053 1121 2081 locum
1137 2054 1256 2089 pertinet
1271 2055 1297 2082 in
1312 2062 1367 2090 quo
1382 2055 1491 2090 genitus
1504 2055 1572 2089 fuit,
1589 2062 1616 2085 et
1632 2065 1692 2085 eam

903 2100 988 2127 etiam
1002 2100 1141 2136 regionem
1155 2101 1184 2128 in
1198 2108 1251 2136 qua
1264 2101 1401 2129 enutritus
1414 2101 1476 2134 fuit,
1493 2107 1520 2129 et
1532 2102 1586 2130 vim
1607 2103 1693 2138 ipsius

903 2146 1046 2180 doctrinae,
1062 2151 1090 2174 ct
1105 2154 1197 2175 rerum
1221 2147 1419 2175 admirabilium
1443 2149 1643 2183 operationem,
1660 2158 1693 2179 nc

45 2189 234 2233 ταλυόμενον.
255 2196 311 2224 Καὶ
332 2195 412 2223 τοῦτο
426 2194 454 2223 δὶ
470 2195 661 2227 ἐπισκεπτέον.
684 2195 726 2222 ὅτι
750 2195 778 2221 αἱ
802 2195 848 2230 μὲν

941 2192 1024 2227 nique
1047 2192 1201 2228 passionem
1225 2192 1371 2220 humanam
1390 2200 1405 2219 a
1429 2195 1632 2224 resurrectione
1646 2196 1693 2224 dc-

44 2244 197 2280 τεράστιοι
218 2243 346 2278 δυνάμεις
360 2242 424 2274 τοὺς
448 2241 519 2269 κατὰ
539 2240 586 2268 τὸν
601 2241 695 2277 χρόνον
714 2239 761 2267 τοῦ
785 2241 852 2276 Χρι-

46 2288 120 2317 ατοῦ
154 2287 318 2323 γενομὲνους
351 2285 547 2323 προκαλεῖσθαι
578 2285 623 2311 ἐπὶ
656 2283 687 2311 τὸ
713 2283 851 2311 πιστεύειν

44 2335 202 2363 lativum-0‘
218 2334 268 2360 οὐκ
285 2333 386 2366 ἔσωζον
399 2332 428 2359 δὲ
443 2331 474 2359 τὺ
488 2329 639 2367 ὲμφατικὺν
654 2330 722 2366 μετὰ
738 2329 851 2366 χρόνους

43 2381 197 2412 πλείονας,
215 2380 265 2415 ἤδη
286 2379 335 2407 καὶ
361 2378 461 2415 μύθους
482 2375 552 2404 εἶναι
572 2375 767 2412 ύπονοηθείσας
783 2375 850 2411 (18).

42 2428 155 2455 ID.st
169 2426 224 2462 γὰρ
236 2426 290 2453 τῶν
303 2425 363 2452 τότε
373 2423 528 2460 γενομένων
539 2422 680 2458 δυνάμεων
695 2422 782 2457 ἰσχύει
794 2420 850 2456 (l9)

43 2474 123 2510 πρὸς
149 2471 237 2500 πειθὼ
262 2473 279 2508 ἡ
300 2471 348 2499 νῦν
373 2468 605 2505 συνεξεταζομένη
634 2469 694 2500 ταῖς
719 2466 848 2502 δυνάμεσι

40 2519 224 2556 προφητεία,
245 2517 373 2550 κάκείνας
391 2515 562 2544 ἀπιστεῖσθαι
576 2514 629 2541 ὑπὸ
650 2513 704 2541 τῶν
719 2512 849 2549 ἐρευνών-

39 2574 104 2592 των
123 2564 214 2596 absit;
236 2563 386 2591 κωλύουσα.
407 2562 484 2598 Τάχα
502 2562 530 2589 δὲ
546 2561 575 2588 αί
591 2558 757 2596 προφητικαὶ
779 2567 850 2594 μαρ-

40 2612 149 2648 τυρίαι
172 2612 202 2638 ού
230 2612 310 2647 μόνον
329 2610 497 2647 κηρύσσουσι
525 2607 640 2644 Χριστὸν
663 2606 848 2642 ἐλευσόμενον,

81 2660 107 2676 ⁸⁷
123 2659 208 2687 Rom.
224 2668 261 2690 VI,
277 2659 305 2686 5.
342 2659 365 2675 “
377 2657 455 2686 loan.
470 2666 489 2689 1,
505 2656 533 2684 7.

82 2707 151 2742 (15)
172 2706 227 2733 Καὶ
240 2705 290 2742 διὰ
309 2704 409 2742 τοῦτο,
432 2704 479 2742 Ιιτι-
491 2704 576 2732 codex
593 2701 772 2734 Bodleianus;
796 2699 848 2727 Be-

60 2743 110 2769 ius
126 2739 161 2768 ἐι
178 2741 416 2777 Ιῖνρτίιοι’ίιιιιξ.καὶ
433 2739 522 2777 τοῦτο.
552 2774 574 2777 __
593 2773 601 2777 _
651 2773 658 2777 _
681 2771 687 2777 I
726 2770 732 2777 _

79 2776 149 2812 (i6)
174 2776 236 2803 Τῶν
248 2775 428 2812 ἑτεροδόξων
438 2774 535 2812 τινές.
552 2771 745 2812 Valentiniani.

80 2807 148 2845 (IT;
169 2807 310 2846 Χριστοῦ.
327 2810 416 2838 Codex
438 2807 611 2846 Bodleianns,
624 2807 739 2846 Ιςυρίου.

79 2840 147 2883 (18)
176 2840 417 2881 ’Ῠπονοηθείσαςκ
447 2840 608 2880 Legendutn
636 2840 845 2878 ὑπονοηθεῖσαι,

904 2243 1050 2266 structam.
1059 2237 1130 2272 Quin
1144 2239 1196 2266 hoc
1204 2245 1311 2274 quoque
1325 2238 1551 2267 considerandum
1565 2244 1606 2268 est
1620 2242 1692 2276 quod

903 2285 1065 2320 prodigiosa
1079 2289 1107 2313 et
1127 2285 1292 2313 admiranda:
1306 2285 1446 2320 potentiae,
1460 2293 1507 2313 eos
1518 2286 1628 2321 quidem
1646 2288 1694 2322 qui

903 2331 1010 2359 Domini
1033 2335 1115 2359 aetate
1140 2331 1329 2364 exstitissent,
1358 2331 1477 2359 invitare
1506 2336 1634 2367 poterant
1658 2335 1692 2361 ad

903 2377 1081 2410 credendum,
1101 2381 1130 2404 at
1150 2383 1203 2403 non
1219 2381 1376 2404 servassent
1390 2381 1451 2412 post
1463 2377 1548 2404 multa
1569 2382 1691 2413 tempora

904 2424 1057 2451 evidentem
1072 2422 1345 2455 demonstratimicm,
1369 2430 1431 2450 cum
1450 2430 1490 2450 ea:
1512 2431 1619 2458 quoque
1631 2424 1688 2459 jam

903 2476 953 2504 pro
967 2468 1068 2496 fabulis
1083 2475 1152 2503 pene
1166 2468 1328 2495 habeantur.
1347 2467 1411 2496 Plus
1423 2468 1495 2496 enim
1511 2469 1641 2504 potentiis
1656 2478 1690 2498 ae

906 2514 1045 2541 miraculis
1071 2513 1145 2541 illius
1170 2512 1301 2547 temporis
1321 2513 1407 2548 potuit
1423 2514 1457 2540 ad
1472 2515 1687 2548 persuadendum

904 2559 1045 2594 prophetia
1056 2577 1064 2591 ,
1081 2566 1141 2594 quas
1156 2565 1228 2586 nunc
1242 2565 1302 2586 cum
1316 2559 1448 2594 potentiis
1471 2559 1537 2594 ipsis
1558 2564 1585 2587 et
1603 2561 1688 2588 mira-

902 2605 971 2633 culis
994 2605 1155 2641 cxpenditur
1174 2610 1202 2632 et
1221 2609 1408 2640 comparatur,
1436 2605 1602 2634 conﬁrmans
1624 2614 1689 2642 pro-

903 2705 967 2726 nam
985 2696 1011 2725 id
1031 2696 1154 2733 postulat,
1181 2697 1365 2733 grammatica:
1387 2697 1466 2731 ratio,
1489 2705 1572 2733 quam
1595 2702 1686 2726 tamen

904 2733 1014 2768 negligit
1030 2732 1331 2768 aliquandoOrigenes.

939 2768 994 2803 (t9)
1021 2768 1138 2802 Ἰσχύει.
1157 2767 1204 2797 Sic
1226 2767 1310 2797 cbdex
1330 2768 1509 2802 Bodleianns;
1531 2768 1632 2803 Regius
1659 2772 1684 2796 et

901 2804 1076 2837 Barberiuus,
1091 2803 1172 2840 ἴσχει.
