1872 3041
89 107 132 135 I77
620 106 800 135 COMMENT.
821 106 854 134 IN
870 106 968 135 JOAN.
988 107 1107 136 TOMUS
1123 108 1156 135 ll.

1658 109 1708 136 I73

85 168 153 201 δαίςι,
175 168 220 194 καὶ
246 167 386 204 Σαμαρείᾳ
411 168 457 195 καὶ
474 168 527 200 ἕως
551 169 666 204 ἐσχάτου
696 170 745 205 τῆς
771 170 833 205 γῆς.

948 178 956 198 t
982 171 1022 198 sui
1055 170 1186 198 eﬂ‘usione
1220 169 1331 205 pietatls
1358 169 1491 204 mysterio
1521 162 1706 197 testimonium

87 216 154 241 Ἐστι
175 213 202 240 δὲ
221 214 316 250 ὥσπερ
339 215 354 240 ό
370 214 517 250 καθαρθεὶς
547 215 647 250 λεπρὸς
662 216 693 242 τὸ
715 225 864 252 προστετα-

84 261 172 297 γμένον
179 261 231 288 ὑπὸ
244 262 382 293 Μωῦσέως
393 262 538 298 προσάγων
550 262 647 298 δῶρον,
660 264 699 294 εις
711 263 862 299 μαρτύριον

84 308 152 334 τοῦτο
166 307 247 334 ποιῶν
270 309 326 339 τοῖς
342 308 379 343 μὴ
403 308 580 335 πιστεύσασιν
602 309 642 340 εὶς
665 309 710 335 τὸν
734 309 861 345 Χριστὸν,

84 354 158 386 οὕτως
172 355 210 386 είς
225 354 373 390 μαρτύριον
386 356 444 387 τοῖς
457 355 582 387 ἀπίστοις
595 356 619 382 οἱ
637 356 775 392 μάρτυρες
795 365 863 392 μαρ-

83 401 192 436 τυροῦσι,
215 402 260 428 καὶ
278 401 378 433 πάντες
398 402 423 428 οι
444 402 528 437 ἅγιοι,
548 399 585 429 ὧν
603 402 707 438 λάμπει
733 402 767 429 τὰ
793 403 861 438 ἔργα

81 445 221 481 ἔμπροσθεν
235 447 288 474 τῶν
303 447 454 484 ἀνθρώπων
465 457 471 463 ·
486 448 671 476 πολιτεύονται
684 449 738 486 γὰρ
754 450 862 486 παρῤη-

83 493 224 526 σιαζόμενοι
244 494 273 521 ὲν
290 493 329 530 τῷ
350 494 461 530 σταυρῷ
477 495 524 522 τοῦ
539 496 669 532 Χριστοῦ,
687 497 734 523 καὶ
756 504 860 532 μαρτυ-

81 538 181 574 ροῦντες
195 540 257 576 περὶ
270 539 317 566 τοῦ
332 540 460 576 ἀληθινοῦ
476 542 575 577 φωτός.

917 217 1105 252 perhiberent.
1125 216 1257 244 Servatur
1272 216 1345 243 enim
1360 217 1443 243 etiam
1467 216 1590 244 nominat
1613 223 1708 244 omnes

918 263 1104 290 testimonium
1130 263 1282 297 praebentes
1299 262 1342 296 iis,
1357 269 1418 297 quzc
1440 263 1474 290 de
1493 270 1523 290 se
1544 263 1709 290 annuntian-

917 314 972 342 tur,
993 310 1149 346 μάρτυρας,
1167 317 1227 337 cum
1247 309 1273 336 in
1291 309 1389 337 caelum
1411 309 1578 344 reciperetur
1593 311 1708 338 dicendo

917 356 1047 392 apostolis
1066 356 1087 371 ³¹
1105 365 1111 384 ;
1130 364 1139 381 t
1155 355 1239 383 Eritis
1253 355 1317 382 mihi
1331 360 1414 383 testes
1427 360 1483 382 tum
1497 356 1523 383 in
1542 355 1706 387 Jerusalem,

917 406 973 429 tum
993 401 1019 428 in
1036 401 1109 429 ontni
1121 401 1212 429 Judaea
1223 421 1230 434 ,
1246 406 1272 428 et
1294 401 1351 436 89
1374 401 1514 433 Samaria,
1529 406 1556 428 et
1571 409 1656 436 usque
1671 401 1705 429 ad

915 448 1039 476 ultimum
1053 453 1143 476 terrae.
1157 457 1166 474 ι
1184 447 1319 475 Utautem
1331 448 1451 482 lcprosus
1469 447 1512 474 ille.
1523 447 1546 463 ³³
1559 449 1707 475 tuundatus

915 502 1014 522 munus
1032 494 1114 522 ollert
1129 502 1143 522 a
1162 494 1255 529 Moyse
1270 498 1446 529 prmceptnm,
1466 494 1499 521 ad
1519 494 1704 521 testimonium

915 541 966 569 hoc
991 541 1097 568 faciens
1119 541 1152 568 iis
1168 541 1213 576 qui
1237 541 1263 567 in
1284 539 1422 568 Christum
1440 540 1560 567 nonduut
1580 540 1705 567 credide-

82 589 151 617 runt,
174 585 212 613 sic
231 585 265 612 ad
289 586 475 615 testimonium
496 587 662 616 afferendum
687 587 859 622 infidelibus,
881 592 936 616 tum
959 593 1112 623 martyres,
1134 592 1189 614 tum
1213 587 1300 614 sancti
1319 586 1410 616 ueteri
1433 586 1622 619 testiﬁcantur,
1637 594 1706 621 quo-

81 636 133 657 rum
147 638 224 666 opera
242 639 334 660 coram
349 633 509 662 hominibus
523 634 613 663 lucent
630 635 662 664 ³⁸.
692 636 780 664 Vitam
800 635 874 664 enim
897 636 1008 672 degunt,
1029 636 1055 663 in
1077 635 1178 663 Christi
1198 643 1279 663 cruce
1302 641 1436 662 summam
1457 633 1585 661 ﬁduciam
1605 634 1707 662 haben~

81 679 117 703 tes
131 681 155 703 et
169 677 347 706 testiﬁcantes
359 679 392 707 de
405 687 468 707 vera
486 680 558 708 luce.

110 722 149 750 29.
159 723 212 750 Καὶ
223 724 350 761 Ἰωάννης
361 726 451 753 τοίνυν
461 725 552 763 ἦλθεν,
563 728 606 755 ἵνα
621 730 784 767 μαρτυρήσῃ
795 730 860 765 περὶ

79 768 120 795 τοῦ
134 771 226 804 φωτὸς,
241 771 272 803 ὃς
289 772 433 808 μαρτυρῶν
450 774 570 809 κέκραγε
586 775 672 810 λέγων
682 785 688 791 ·
706 785 715 802 ι
727 776 756 803 '0
771 776 860 803 ὀπίσω

80 823 124 849 μου
144 815 287 852 ἐρχόμενος
310 818 465 854 ἔμπροσθέν
482 829 533 856 μου
555 821 676 855 γέγονεν,
691 822 732 849 ὅτι
753 822 860 858 πρῶτός

948 727 995 755 29.
1017 726 1050 754 Et
1071 725 1190 754 Joannes
1210 733 1275 760 ergo
1301 724 1384 757 venit,
1406 728 1434 751 ut
1463 723 1657 751 testiﬁcaretur
1673 724 1706 752 de

914 773 974 801 luce
988 773 1044 805 illa,
1057 773 1102 807 qui
1121 772 1269 799 testilicans
1293 770 1423 798 clamavit
1450 772 1543 798 dicens
1560 771 1581 786 ³³
1600 791 1606 799 .
1626 780 1635 796 ι
1652 771 1705 805 Qui

914 823 973 854 post
995 826 1037 845 me
1055 818 1139 850 vertit,
1162 822 1229 844 ante
1255 824 1297 844 me
1322 817 1413 844 l'actus
1433 821 1484 847 cst,
1506 817 1570 851 quia
1585 824 1627 844 me
1645 824 1707 845 erat.

79 869 124 895 μου
137 858 180 897 ἦν·
201 863 240 889 ὅτι
253 864 286 890 ἐκ
301 864 347 891 τοῦ
364 865 545 902 πληρώματος
557 867 639 894 αὑτοῦ
660 868 740 903 ἡμεῖς
760 869 840 896 πάντε

948 864 1093 896 >noratior,
1113 863 1245 899 quoniam
1264 871 1295 890 ex
1318 862 1488 898 plenitudine
1505 863 1563 897 ejus
1581 870 1630 890 nos
1646 871 1707 890 oni».

78 905 209 942 ἐλάϐομεν,
234 910 280 936 καὶ
297 910 376 946 χάριν
395 911 455 938 ἀντὶ
475 913 603 949 χάριτος·
628 913 668 940 ὅτι
683 915 697 940 6
719 914 800 949 νόμος
815 914 859 941 διὰ

77 951 205 986 Μωῠσὲως
229 955 318 991 ἐδόθη,
334 957 350 992 ἠ
373 957 453 992 χάρις
477 958 524 984 καὶ
541 959 556 994 ἡ
573 958 688 994 ἀλήθεια
709 959 752 986 διὰ
771 959 858 994 Ἰησοῦ

77 997 185 1033 Χριστοῦ
208 1001 327 1035 ἐγένετο,
349 1002 415 1030 Θεὸν
443 1003 531 1036 οὐδεὶς
560 1004 666 1041 ἑώρακε
694 1004 818 1032 πώποτεδ
845 1006 859 1032 ὁ

75 1043 218 1081 Μονογενὴς
234 1046 301 1079 Θεὸς
323 1049 336 1075 6
359 1048 397 1076 ὢν
419 1050 459 1082 είς
480 1050 526 1077 τὸν
551 1050 651 1077 κόλπον
672 1050 719 1077 τοῦ
735 1051 858 1087 Πατρδς,

75 1090 167 1122 ἐκεῖνος
191 1092 354 1129 ἐξηγήσατο.
371 1104 380 1121 ι
403 1095 461 1127 Πᾶς
492 1096 558 1131 γοῦν
583 1094 660 1128 οὗτος
682 1097 696 1123 6
720 1096 798 1132 λόγος
827 1099 859 1125 ὲκ

75 1136 208 1171 προσώπου
225 1139 273 1166 τοῦ
292 1140 446 1169 Βαπτιστοῦ
471 1143 674 1179 μαρτυροῦντος
693 1145 732 1180 τῷ
746 1145 858 1181 Χριστῷ

75 1183 184 1218 εἴρηται,
208 1186 278 1223 ὅπερ
302 1187 427 1215 λανθάνει
450 1190 526 1222 τινὰς
553 1191 692 1226 οἰομένους
715 1192 769 1219 ἀπὸ
790 1191 855 1218 τοῦ·

76 1238 85 1254 ι
103 1229 145 1256 Ἐκ
161 1231 206 1257 τοῦ
225 1232 411 1268 πληρώματος
433 1236 517 1262 αὐτοῦ
541 1238 621 1272 ἡμεῖς
640 1238 740 1270 πάντες
761 1238 857 1265 ἐλάῦο-

75 1283 126 1309 μεν,
138 1286 146 1301 ι
159 1277 210 1309 ἕως
225 1277 273 1304 τοῦ
282 1287 288 1293 ·
311 1289 320 1305 ε
332 1280 450 1312 Ἐκεῖνος
464 1281 627 1318 ἐξηγήσατο,
642 1293 650 1309 ι
663 1283 696 1310 ἐκ
710 1283 758 1310 τοῦ
778 1292 859 1320 προσ-

73 1319 138 1348 ώπου
165 1323 290 1351 Ἰωάννου
311 1325 358 1352 τοῦ
385 1326 535 1354 ἀποστόλου
562 1328 698 1363 λέγεσθαι.
725 1330 797 1365 Πρὸς
824 1331 856 1366 τῇ

73 1370 248 1407 προειρημένῃ
264 1371 294 1397 δὲ
310 1371 356 1398 τοῦ
373 1372 527 1400 Βαπτιστοῦ
546 1375 683 1411 μαρτυρίᾳ
707 1375 858 1411 (ἀρχομένη

72 1413 119 1439 ἀπὸ
133 1415 192 1441 παῦ’
214 1426 223 1442 ι
241 1417 272 1443 '0
291 1417 378 1444 ὀπίσω
394 1428 444 1453 μου
461 1420 606 1456 ἐρχόμενος
630 1421 784 1457 ἔμπροσθέν
806 1431 856 1457 μου

71 1459 164 1507 γέγονε,
175 1472 184 1487 ι
200 1463 247 1489 καὶ
262 1463 383 1501 ληγοῦσῃ
399 1466 438 1497 εἰς
450 1466 480 1492 τὸ
490 1474 496 1481 ·
509 1476 517 1492 ι
530 1468 648 1500 Ἐκεῖνος
663 1468 825 1505 ἐξηγήσατο,
834 1471 856 1507 ι)

72 1506 112 1533 καῖ
134 1507 202 1544 αὕτη
224 1509 241 1545 ὴ
261 1511 399 1545 μαρτυρία
414 1512 488 1538 ἐστὶν
513 1513 636 1540 Ἰωάννου
665 1516 723 1550 μετ’
747 1506 855 1552 ἐκείνην

911 919 960 938 nes
976 910 1143 946 accepimus,
1161 914 1187 937 ct
1200 910 1316 944 gratiam
1332 917 1381 944 pro
1397 909 1503 943 gratia:
1516 909 1644 944 quoniam
1662 909 1704 937 lex

911 965 962 993 per
979 957 1100 993 Moysen)
1118 957 1181 984 data
1198 961 1255 990 est;
1273 956 1360 991 gratia
1377 960 1469 983 autent
1492 960 1520 983 et
1541 956 1641 982 veritas
1657 962 1706 990 per

910 1002 1001 1031 Jcsum
1021 1003 1159 1030 Christum
1183 1002 1255 1029 facta
1281 1007 1334 1030 est.
1354 1002 1438 1029 Deum
1459 1009 1540 1029 netuo
1564 1002 1632 1028 vidit
1655 1009 1705 1028 utt-

911 1057 992 1085 qnam
1009 1060 1013 1076 :
1032 1049 1194 1084 Unigcnitus
1206 1049 1251 1083 qui
1266 1053 1309 1075 est
1327 1048 1352 1074 in
1373 1047 1433 1074 sinu
1449 1047 1547 1080 Patris,
1561 1047 1607 1074 ille
1622 1054 1705 1074 cuar-

912 1097 991 1124 ravit.
1010 1106 1019 1123 ι
1037 1096 1106 1124 Tota
1129 1103 1197 1130 ergo
1219 1096 1276 1122 haec
1291 1095 1379 1122 oratio
1393 1102 1425 1121 ex
1443 1094 1572 1129 Baptista:
1586 1102 1701 1129 persona

911 1142 1039 1170 testantis
1056 1143 1089 1169 de
1103 1142 1216 1169 Christo
1231 1142 1303 1169 dicta
1319 1146 1371 1174 est,
1388 1141 1413 1168 id
1431 1141 1503 1176 quod
1521 1141 1620 1168 multos
1638 1141 1704 1168 lutet

910 1189 1057 1224 opinantes
1073 1189 1106 1216 ab
1121 1188 1175 1216 illis
1191 1189 1291 1221 verbis,
1311 1197 1320 1214 ι
1341 1195 1373 1215 ex
1390 1187 1558 1222 plenitudine
1581 1187 1640 1221 ejus
1654 1194 1705 1214 nos

909 1242 1004 1263 omnes
1019 1234 1183 1270 accepimus,
1195 1243 1205 1259 ι
1217 1241 1302 1267 usque
1318 1232 1350 1260 ad
1372 1233 1428 1264 illa,
1445 1241 1454 1257 ι
1473 1231 1517 1260 ille
1533 1232 1698 1264 enarravit,-

910 1287 941 1308 εἰ
954 1280 1069 1308 Joannis
1080 1280 1193 1315 apostoli
1202 1286 1317 1314 persona
1328 1278 1398 1306 dicta
1411 1279 1504 1306 fuisse.
1518 1278 1620 1305 Prmtcr
1635 1283 1701 1305 ante

909 1325 1010 1354 dictum
1028 1333 1091 1353 vero
1105 1325 1232 1359 Baptista:
1259 1324 1444 1352 testimonium
1461 1323 1544 1360 (quod
1561 1323 1655 1358 incipit
1667 1323 1702 1350 ab

910 1373 962 1400 illis
979 1373 1088 1401 verbis:
1102 1382 1111 1398 ‹
1127 1373 1176 1406 Qui
1186 1373 1461 1408 postmevenit,ante
1471 1379 1513 1398 mc
1523 1372 1611 1399 factus
1623 1375 1674 1402 est,
1689 1379 1698 1396 ν

908 1424 935 1447 et
949 1420 1048 1447 desinit
1066 1420 1093 1447 in
1109 1420 1153 1448 illa
1169 1419 1266 1452 verba,
1280 1428 1289 1444 ι
1304 1419 1350 1447 ille
1366 1421 1507 1447 enarravit
1519 1418 1631 1455 t)etiam
1649 1419 1701 1452 hoc

908 1471 950 1494 est
978 1466 1162 1494 testimonium
1192 1466 1304 1494 Joannis
1341 1471 1404 1501 post
1432 1465 1496 1493 illud
1526 1464 1697 1496 secundum,

908 1514 1017 1547 quando
1033 1513 1067 1540 ad
1083 1521 1130 1541 eos
1143 1513 1188 1548 qui
1204 1514 1337 1541 miserunt
1351 1520 1384 1539 ex
1399 1511 1593 1547 Hierosolymis
1604 1518 1698 1538 sacer-

71 1551 186 1598 δευτέρα,
203 1556 247 1581 ὅτε
273 1556 344 1591 πρὸς
366 1557 430 1589 τοὺς
454 1559 668 1592 ἀποστείλαντας
692 1561 722 1594 ἐξ
744 1551 840 1598 Ἰεροσο

948 1563 986 1586 tcs
1013 1563 1039 1586 et
1053 1559 1160 1586 Levitas
1177 1559 1272 1595 (Jndrei
1292 1567 1388 1594 nempe
1405 1559 1537 1585 miserunt
1553 1557 1634 1592 illos),
1657 1557 1698 1584 ih-

71 1595 152 1632 λύμων
169 1600 252 1635 ἱερεῖς
276 1601 325 1627 κα)⁸
350 1602 479 1637 Λευῖτας,
506 1604 639 1631 Ἰουδαίων
663 1606 762 1638 αὐτοὺς
787 1607 854 1634 ἀπο-

72 1645 231 1680 στειλάντων,
250 1648 379 1684 ὸμολογεῖ
394 1651 443 1676 οὐκ
465 1651 631 1688 ἀρνούμενος
647 1653 677 1679 τὸ
692 1653 800 1690 ἀληθὲς,
816 1655 854 1686 ὡς

70 1689 114 1725 ἄρα
132 1692 178 1719 οὐχ
203 1694 288 1726 αὐτὸς
314 1695 356 1731 εἴη
372 1696 386 1721 6
402 1697 529 1732 Χριστὸς,
555 1698 615 1724 οὐδὲ
634 1698 736 1732 Ὴλίας,
754 1700 814 1726 οὐδὲ
837 1701 851 1727 6

70 1738 211 1781 προφήτης,
232 1740 303 1767 ἀλλὰ
321 1750 330 1766 ι
344 1743 418 1778 φωνὴ
440 1742 556 1778 βοῶντος
573 1745 601 1771 ὲν
615 1746 648 1780 τῇ
672 1746 786 1781 ἐρήμῳ·
806 1747 854 1773 Εὑ-

70 1780 155 1810 θὺνατε
176 1785 225 1818 τὴν
250 1786 312 1813 ὁδὸν
340 1789 459 1824 Κυρίου,
487 1789 578 1822 καθὼς
603 1780 816 1824 εἴπενγἮσαῖας
839 1794 853 1820 6

70 1832 209 1865 προφήτης.
221 1841 230 1858 ι
249 1832 329 1859 Μετὰ
344 1833 372 1859 δὲ
388 1834 475 1861 ταῦτα
492 1835 558 1870 ἄλλη
580 1837 718 1873 μαρτυρία
737 1838 784 1864 τοῦ
805 1839 853 1867 αὺ-

67 1874 107 1900 τοῦ
121 1875 272 1905 Damna-r05
285 1880 350 1914 περὶ
364 1881 481 1916 Χριστοῦ
495 1883 563 1914 ἐστι,
579 1883 628 1918 τὴν
644 1884 853 1920 προηγουμένην

68 1920 140 1948 αὑτοῦ
157 1923 308 1952 ὑπόστασιν
322 1925 377 1962 (24)
399 1926 438 1953 ἔτι
452 1927 624 1962 διδάσκουσα,
642 1929 789 1966 διήκουσαν
806 1931 852 1958 ἐπὶ

69 1967 146 1996 πάντα
161 1971 205 1997 τὸν
221 1973 335 2008 κόσμον,
353 1973 424 2000 κατὰ
438 1973 486 2006 τὰς
502 1974 592 2010 ψυχὰς
606 1975 656 2007 τὰς
671 1976 794 2011 λογικὰς,
807 1978 852 2004 ὅτε

68 2015 139 2050 φησί·
160 2026 168 2042 ι
183 2017 276 2050 Msa-0g
294 2018 370 2054 ὑμῶν
391 2019 516 2055 ἕστηκεν,
535 2020 564 2047 ὃν
584 2022 662 2056 ὑμεῖς
679 2022 729 2049 οὐκ
750 2023 850 2057 οἴδατε,

67 2059 144 2088 ὀπίσω
169 2071 220 2098 μου
244 2064 403 2100 ἐρχόμενος,
426 2062 456 2092 οὗ
479 2067 530 2095 οὐκ
549 2066 610 2103 εἰμὶ
629 2067 704 2101 ἄξιος
727 2067 782 2103 ἐγὼ
808 2069 852 2096 ἵνα

66 2105 130 2134 λύσω
146 2109 229 2136 αὑτοῦ
244 2109 291 2136 τὸν
307 2110 406 2145 ἱμάντα
424 2111 471 2138 τοῦ
494 2112 676 2148 ὑποδήματος.
693 2123 702 2139 ι
720 2114 775 2141 Καὶ
791 2114 851 2141 επί-

67 2153 154 2188 σκεψαι
170 2155 194 2180 εί
207 2154 253 2181 διὰ
269 2155 301 2181 τὸ
319 2156 348 2182 ὲν
366 2155 442 2192 μέσῳ
458 2156 505 2183 τοῦ
523 2158 625 2189 παντὸς
642 2155 710 2185 εἶναι
725 2158 850 2194 σώματος

65 2197 107 2233 τὴν
126 2201 249 2236 καρδίαν,
270 2202 300 2227 ὲν
320 2201 348 2227 δὲ
363 2202 396 2237 τῇ
420 2202 518 2238 καρδίᾳ
534 2203 564 2230 τὸ
587 2204 748 2240 ἡγεμονικὸν
775 2205 847 2240 (25),

907 1609 992 1638 tetur,
1011 1613 1063 1632 non
1084 1613 1185 1640 negans
1203 1612 1296 1632 verum
1313 1605 1384 1639 quod
1410 1605 1467 1639 ipse
1484 1612 1537 1631 non
1557 1609 1629 1631 esset
1653 1604 1700 1630 ille

906 1650 1042 1684 Christus,
1058 1659 1143 1686 neque
1158 1651 1241 1684 tilias,
1258 1659 1345 1686 neque
1357 1652 1487 1686 propheta
1503 1651 1558 1683 ille,
1568 1651 1614 1678 sed
1625 1660 1634 1676 ι
1646 1658 1697 1678 vox

905 1697 1051 1724 clamantis
1066 1697 1092 1724 in
1110 1698 1219 1725 diserto
1235 1707 1241 1724 :
1258 1697 1372 1733 Dirig’te
1397 1698 1467 1724 viam
1488 1698 1607 1729 Domini,
1626 1698 1698 1724 sicut

904 1743 973 1770 dixit
986 1743 1068 1771 lsaias
1081 1744 1214 1778 propheta
1231 1744 1280 1771 ³⁵.»
1294 1744 1357 1771 Post
1370 1745 1427 1771 haec
1441 1751 1505 1771 vero
1521 1744 1593 1770 aliud
1611 1744 1696 1778 ipsius

904 1788 1032 1823 Baptista:
1052 1791 1085 1816 de
1107 1789 1215 1816 Christo
1238 1790 1424 1816 testimonium
1446 1795 1506 1822 est,
1528 1790 1598 1824 quod
1617 1790 1696 1817 docet

905 1834 986 1863 etiam
998 1835 1083 1870 ipsius
1095 1835 1258 1869 praecipuam
1272 1835 1439 1871 hypostasim
1459 1836 1653 1871 pervadentem
1666 1837 1705 1863 ἰιι.ι

903 1887 1012 1907 omnem
1028 1880 1156 1907 mundutn
1172 1886 1284 1914 propter
1300 1880 1407 1907 animas
1424 1881 1537 1908 rationis
1564 1889 1707 1915 capaces,.

904 1933 965 1953 cum
988 1926 1111 1962 inquit"
1126 1933 1133 1953 :
1150 1935 1158 1952 t
1175 1926 1202 1953 lu
1231 1926 1321 1954 medio
1346 1926 1429 1954 vestri
1448 1931 1512 1960 stat,
1539 1935 1620 1962 quem
1646 1935 1697 1955 \os

904 1972 1026 2004 nescitis,
1047 1972 1092 2007 qui
1110 1977 1171 2007 post
1190 1980 1232 1999 me
1248 1972 1332 2005 venit,
1346 1972 1424 2007 cujus
1438 1981 1491 2000 non
1511 1981 1570 2001 sum
1586 1982 1637 2009 ego
1652 1974 1694 2000 di-

902 2025 984 2052 gnus,
1001 2023 1030 2045 ut
1044 2018 1146 2046 solvam
1171 2018 1317 2053 corrigiam
1335 2018 1513 2046 calceamcnti
1542 2020 1612 2055 ejus.
1634 2029 1644 2046 ι
1659 2021 1694 2046 At

902 2065 1054 2097 considera,
1071 2072 1134 2091 num
1149 2065 1211 2100 quia
1224 2071 1271 2091 cor
1287 2065 1312 2092 in
1330 2065 1419 2092 medio
1440 2066 1522 2093 totius
1543 2067 1579 2093 sit
1599 2074 1693 2101 corpe-

901 2111 951 2143 ris,
967 2110 1049 2145 inque
1061 2110 1144 2138 corde
1155 2110 1251 2138 animae
1269 2111 1449 2146 principatus,
1466 2112 1532 2139 illud
1548 2113 1620 2148 quod
1635 2114 1691 2140 ait'

905 2165 914 2181 ι
932 2155 959 2183 ln
977 2156 1066 2184 tnedio
1082 2157 1167 2184 vestri
1184 2161 1255 2189 stat,
1278 2165 1358 2192 quem
1374 2165 1421 2185 vos
1435 2159 1557 2193 nescitis,
1581 2160 1691 2187 ..επιει-

901 2202 946 2238 ligi
959 2204 1043 2238 possit
1058 2204 1126 2231 ratio
1138 2211 1197 2238 qua:
1208 2204 1234 2230 in
1248 2211 1411 2239 unoquoque
1424 2209 1476 2233 est.
1489 2205 1618 2238 Quartum
1628 2214 1692 2234 vero

66 2244 106 2270 καὶ
120 2245 163 2272 τὸν
181 2248 208 2273 ἐν
224 2247 334 2282 ἑκάστῳ
351 2247 439 2282 λόγον,
456 2248 567 2276 δύναται
582 2250 698 2277 νοεῖσθαι
712 2252 742 2278 τό
753 2260 760 2266 ⁸
775 2261 784 2277 ι
795 2252 840 2279 Μέη

953 2250 1013 2277 nnis
1029 2250 1061 2278 de
1073 2249 1183 2278 Christo
1193 2255 1234 2277 est
1250 2251 1434 2279 testimonium
1447 2252 1593 2279 humanam
1604 2253 1690 2287 ipsius

65 2298 104 2322 σος
123 2292 198 2328 ὑμῶν
214 2293 343 2329 ἕστηκεν,
364 2294 393 2320 ὃν
411 2295 489 2330 ὑμεῖς
505 2296 555 2322 οὐκ
576 2297 676 2324 οἴδατε.
691 2307 699 2323 ι
726 2298 849 2334 Τετάρτη

102 2338 165 2373 πρὸς
189 2340 297 2372 τούτοις
322 2341 459 2378 μαρτυρία
484 2342 609 2369 Ἰωάννου
636 2343 700 2379 περὶ
728 2343 848 2380 Χριστοῦ

63 2378 107 2415 ἤδη
127 2381 216 2408 καὶτὸ
242 2383 414 2419 ἀνθρώπινον
436 2385 520 2412 αὑτοῦ
537 2386 623 2418 πάθος
639 2378 846 2423 ὑπογράῲουσα,

62 2424 101 2451 ὅτε
115 2426 200 2462 λέγει·
220 2439 229 2455 ι
248 2430 301 2456 Ἴδε
323 2431 338 2457 6
357 2431 455 2467 Ἀμνὸς
479 2431 527 2458 τοῦ
552 2432 630 2465 θεοῦ,
652 2434 666 2459 ό
684 2433 769 2469 αἴρων
796 2434 846 2471 τὴν

62 2472 189 2516 ᾇμαρτίαν
217 2476 265 2503 τοῦ
294 2477 407 2514 κόσμου.
434 2476 517 2511 Οὗτός
544 2480 617 2507 ἐστιν
645 2480 711 2516 περὶ
731 2477 761 2508 οὗ
789 2480 844 2515 ἐγὼ

62 2515 138 2552 εἶπον,
161 2521 201 2548 ὅτι
224 2522 328 2549 Ὀπίσω
345 2533 395 2559 μου
422 2523 531 2559 ἔρχεται
548 2524 627 2561 ἀνὴρ,
643 2525 672 2557 ὃς
684 2515 844 2561 (ἔμπροσθέν

63 2571 107 2597 μου
127 2565 250 2600 γέγονεν,
271 2567 311 2594 ὅτι
336 2568 444 2604 πρῶτός
469 2577 520 2604 μου
533 2567 578 2604 ἦν’
600 2569 678 2604 κάγὼ
700 2570 750 2596 οὐκ
771 2570 844 2606 ᾔδειν

899 2295 982 2322 etiam
1018 2297 1173 2330 passionem
1201 2296 1257 2331 jam
1290 2298 1466 2331 describens,
1499 2307 1561 2326 cum
1588 2300 1655 2328 dicit
1681 2310 1688 2328 :

901 2350 911 2367 ι
929 2341 999 2369 Ecce
1016 2342 1110 2377 Agnus
1126 2342 1173 2370 ille
1192 2344 1251 2377 Dei,
1268 2345 1315 2378 qui
1330 2344 1400 2372 tollit
1425 2351 1567 2380 peccatum
1583 2347 1687 2375 mundi.

896 2387 951 2422 90
976 2387 1026 2414 llic
1042 2392 1084 2415 est
1097 2388 1130 2416 de
1146 2395 1200 2423 quo
1214 2389 1338 2417 dicebant
1360 2399 1370 2418 ξ
1392 2390 1458 2418 Post
1482 2399 1525 2418 me
1546 2392 1620 2419 venit
1636 2392 1687 2424 vir,

895 2434 941 2468 qui
960 2438 1022 2460 ante
1039 2441 1082 2461 me
1102 2435 1218 2467 exstitit,
1234 2435 1298 2469 quia
1318 2436 1480 2464 honoratior
1498 2445 1542 2465 me
1559 2443 1639 2465 erat:
1662 2445 1689 2466 et

897 2485 947 2514 ego
958 2480 1111 2507 nesciebam
1122 2487 1184 2507 eum
1196 2482 1258 2508 :sed
1275 2486 1303 2509 ιιι
1313 2483 1474 2511 manifestus
1490 2484 1568 2511 [teret
1582 2483 1687 2515 lsracli,

888 2518 1041 2560 propterea
1062 2525 1124 2552 veni
1147 2533 1210 2560 ego,
1231 2527 1258 2553 in
1281 2536 1351 2564 aqua
1381 2529 1525 2563 baptizans
1539 2530 1573 2556 ³⁸.
1595 2539 1604 2556 ι
1625 2529 1684 2557 Jatu

898 2571 1021 2606 quintunt
1036 2568 1226 2599 testimonium
1243 2573 1401 2609 inscriptum
1415 2576 1494 2603 estin
1506 2576 1597 2603 verbis
1610 2576 1680 2602 illis:

91 2611 179 2640 "Act.
193 2621 214 2646 ι,
224 2614 251 2641 8.
274 2614 296 2630 ³³
307 2614 402 2643 Matth.
417 2616 513 2650 va.
533 2616 556 2632 “
570 2616 667 2644 Matth.
678 2618 761 2651 ν,16.
791 2617 840 2646 ³³.Ι‹

948 2619 1039 2647 15-18.
1059 2619 1211 2647 ³⁸Ῐ1›ῖι1.25.
1233 2621 1442 2654 ³⁷ἰιιίιΙ.Ξ).6,27.
1463 2624 1486 2639 ³⁸
1499 2624 1564 2651 ibid.
1580 2624 1677 2653 29-51.

91 2657 142 2692 (τι)
164 2658 224 2693 Τὴν
239 2662 469 2696 προηγυυμένην
482 2662 575 2690 αὑτοῦ
585 2664 767 2697 ὑπόστασιν,
781 2671 834 2694 etc.

61 2690 116 2735 uel;
133 2690 283 2735 qpo‘sens'u
299 2690 457 2735 accipienda
480 2699 546 2731 sint,
565 2690 697 2727 tradimus
709 2690 749 2728 Vin

60 2730 178 2761 genienis,
197 2730 245 2757 lib.
261 2738 290 2759 II.
311 2731 442 2760 Hunnus.

91 2763 142 2804 (es)
169 2765 218 2792 Ἐν
237 2765 272 2792 δὲ
294 2766 332 2800 τῇ
347 2767 454 2802 καρδίᾳ
476 2768 509 2795 τὸ
532 2769 720 2804 ἡγεμονικόν.
742 2770 802 2798 Hmc
821 2779 837 2800 e

61 2799 143 2829 Stoica
160 2804 262 2840 schola
279 2799 395 2840 arripuin
406 2799 563 2840 omnes?
581 2799 706 2832 Laertius
731 2806 757 2833 in
783 2799 834 2834 Zc;

59 2843 139 2865 noue:
159 2838 377 2875 Ἰιγεμονικονδὲ
391 2838 459 2867 εἷναί
475 2849 540 2875 φασι
558 2840 587 2867 τὸ
603 2840 769 2876 κυριώτατον
786 2842 836 2878 τῆς

888 2666 988 2705 ψρχῆςε
1081 2666 1270 2705 αἱφαντασίαι
1287 2668 1334 2694 καὶ
1346 2670 1374 2705 αι
1387 2670 1471 2705 ὁρμαὶ
1486 2670 1616 2704 γίνονται,
1632 2672 1679 2699 καὶ

891 2702 962 2743 ὅθεν.
977 2702 991 2728 ὁ
1002 2701 1091 2743 ,λόγος
1115 2702 1323 2743 ἀναπέμπεται,
1343 2701 1506 2743 ὅπερ”εἷναι
1523 2701 1557 2734 ὲν(
1568 2701 1677 2743 καρδίᾳ..

894 2747 903 2764 ι
919 2737 1101 2775 Principatum
1116 2737 1279 2775 autemesse
1296 2737 1566 2775 dicunt—praecipuam
1583 2737 1681 2770 adimit:

891 2778 1012 2807 partem,
1040 2772 1066 2799 in
1091 2779 1144 2810 qua
1170 2773 1376 2810 itnaginationes
1399 2772 1426 2801 et
1456 2772 1591 2810 appetitus
1621 2777 1679 2804 for-

891 2812 1010 2871 inanluJ,
1034 2813 1061 2836 et
1079 2808 1149 2836 unde
1171 2809 1240 2837 ratio
1262 2808 1598 2847 proﬁciscitur{cumque
1618 2821 1676 2840 esse

891 2851 917 2870 ιιι
933 2850 979 2871 cor
998 2853 1023 2871 ρ.
1037 2852 1046 2870 ι

891 2851 917 2870 ΙΙΙ
933 2850 1023 2871 εοΓαρ.
1037 2852 1046 2870 Ι
