1872 3041
199 80 253 111 I79

928 83 1090 113 ORIGENIS

1779 91 1823 118 l80

201 148 214 168 ι
236 140 297 169 Vidi
314 141 444 178 Spiritum
469 142 679 170 descendentem
706 143 777 171 sicut
801 144 940 174 columbam

1080 146 1133 172 ξύν’
1160 143 1219 173 ἀλλ’
1243 145 1287 173 ἵνα
1312 146 1458 183 φανερωθῇ
1476 147 1516 183 τῷ
1537 147 1656 184 Ἰσραὴλ,
1681 148 1726 176 διά
1751 150 1819 177 τοῦτα

199 186 282 219 caelo,
308 192 337 216 et
361 187 462 215 mansit
483 194 566 222 super
579 195 652 217 eum.
670 189 703 216 Et
716 197 768 225 ego
787 198 838 218 non
853 199 983 219 noveram

202 239 264 260 eum
280 241 287 260 :
303 233 351 260 sed
369 233 415 267 qui
435 233 510 261 misit
531 241 574 262 me
597 235 631 262 ad
653 236 845 271 baptizandum
862 237 889 265 in
903 245 984 273 aqua,

198 277 244 306 ille
266 279 332 306 mihi
354 280 446 308 dixit:
463 280 553 316 Super
566 288 646 316 quem
667 282 770 311 videris
788 283 917 319 Spiritum
936 285 983 312 de-

195 323 369 351 scendentem
386 330 415 352 et
432 330 589 354 manentem
609 335 692 362 super
713 336 787 362 eum,
812 330 856 358 hic
874 335 916 358 est
937 331 983 367 qui

196 369 314 403 baptizat
329 370 355 397 in
371 371 475 406 Spiritu
493 377 602 401 sancto.
621 373 654 400 Et
673 381 723 410 ego
736 375 803 409 vidi,
817 380 843 403 et
857 376 984 405 testiiloa-

196 418 238 441 tus
249 423 320 448 sum,
335 416 407 444 hunc
417 424 478 445 esse
491 417 591 446 Filium
608 417 656 446 Dei
666 419 699 447 ³³.
716 429 726 446 ι
744 419 829 448 Porro
843 423 983 458 sextajam

196 461 256 488 vice
271 461 458 491 testimonium
473 463 597 499 perhibet
612 464 721 494 Christo
738 466 765 495 iu
781 466 886 496 duobus
899 467 982 496 disci-

194 506 264 540 pulis
275 507 416 542 Joannes,
436 516 498 537 cum
518 519 527 537 ι
545 510 658 538 intuitus
674 510 766 540 Jesum
785 511 997 546 ambulantem,‘

195 552 316 587 inquitu
325 554 396 582 Ecce
410 556 427 582 Α
435 563 504 591 guns
516 556 561 584 ille
575 557 622 585 Dei
630 558 679 586 ⁵⁸.»
690 558 755 587 Post
771 559 844 594 quod
860 559 984 589 testimo-

199 598 274 626 nium
294 607 355 627 cum
369 601 510 629 audissent
525 604 579 631 duo
601 604 724 640 discipuli
739 605 884 641 Joannem,
905 614 982 636 secu-

194 644 270 679 tique
288 645 403 674 fuissent
423 646 527 682 Jesum,
543 658 552 675 ι
568 658 717 679 conversus
727 651 816 685 Jcsus,
834 658 861 680 et
874 653 983 689 conspi—

193 695 270 717 catus
285 692 352 720 duos
370 699 525 728 sequentes,
537 697 683 732 respondet
693 698 805 726 dicens:
820 698 889 732 Quid
904 707 981 734 quae-

193 735 303 764 ritis“?
322 747 332 764 ι
348 738 381 766 Ει
394 739 520 768 fortassis
535 749 591 769 non
609 742 710 771 frustra
723 748 784 779 post
800 752 846 773 sex
859 746 982 774 testimo-

193 783 238 810 nia
265 789 354 813 cessat
372 785 494 816 Joannes
517 788 671 822 testificari,
697 795 724 818 et
743 789 823 819 Jesus
838 791 941 826 profert
953 792 979 819 in

193 831 328 864 septimo:
341 841 350 858 ι
365 832 436 866 Quid
447 834 603 869 queritis?)
615 835 664 864 His
680 835 790 872 insuper
805 837 851 872 qui
868 836 980 866 Joannis

192 876 348 904 testimonio
367 878 452 912 adjuti
471 879 584 913 fuerint,
602 888 654 908 vox
669 887 711 909 est
725 882 771 910 illa
787 883 902 915 decens.
920 891 980 919 qua:

191 921 323 954 praedicat
349 923 487 952 Christum
504 926 678 960 magistratu,
688 931 715 955 et
732 927 833 956 fatetur
845 928 907 956 Filii
931 929 978 957 Dei

190 967 382 996 domunculam
410 978 509 1006 cupere
529 979 559 999 se
586 972 698 1001 intueri.
719 973 788 1001 Nam
805 975 900 1003 dicunt
914 975 952 1004 illi
969 983 977 1002 :

192 1022 201 1039 ι
220 1012 316 1046 Rubbi,
328 1015 401 1050 quod
415 1016 517 1044 dicitur
527 1025 560 1046 ex
577 1017 815 1054 interpretatione,
833 1020 979 1057 Magister,

188 1059 233 1086 ubi
249 1068 344 1089 manes
352 1061 408 1089 “1':
418 1062 449 1090 Et
459 1064 587 1098 quoniam
600 1064 709 1094 «Omnis
725 1066 771 1100 qui
785 1068 893 1102 quaerit,
904 1067 979 1095 inve-

189 1105 230 1132 nit
241 1105 274 1139 “,
290 1115 300 1133 ι
316 1108 500 1144 quaerentibus
508 1108 772 1147 Joannisdiscipulis
782 1111 845 1140 Jcsu
859 1114 975 1141 mansio-

187 1159 262 1185 nem,
278 1160 338 1181 eam
353 1155 473 1183 ostendit
495 1156 563 1191 ipsis
583 1155 663 1185 Iesus
679 1158 793 1187 dicens:
814 1169 824 1188 ι
843 1159 977 1191 Veniteet

186 1198 327 1234 videte“;
347 1209 357 1227 ι
370 1200 497 1229 fortassis
508 1210 558 1237 per
573 1210 679 1236 vocem,
694 1214 703 1231 ι
717 1206 818 1239 venite,
832 1215 843 1233 ι
859 1207 976 1235 invitans

185 1252 234 1272 eos
242 1245 274 1272 ad
287 1252 346 1273 eam
356 1247 532 1283 philosophiae
543 1254 649 1285 partem
657 1258 717 1286 quae
728 1251 754 1279 in
767 1259 856 1280 rerum
868 1253 976 1282 actione

185 1297 329 1326 versatur;
348 1301 397 1328 per
413 1302 507 1322 vocem
523 1303 589 1324 vero
603 1305 613 1322 ι
631 1297 731 1331 videte,
745 1307 755 1332 ρ
768 1300 975 1335 contemplatio-

187 1344 248 1365 nem
270 1338 401 1372 praeclare
418 1339 491 1368 facta
513 1346 685 1376 sequentem,
711 1343 823 1371 omnino
837 1344 880 1372 his
904 1345 975 1373 futu-

186 1391 243 1411 ram
259 1385 304 1419 qui
321 1385 466 1420 voluerint,
487 1387 646 1424 designans,
661 1388 838 1418 exsistentem
858 1391 884 1418 in
907 1391 972 1419 Jesu

187 1429 341 1458 mansione.
365 1432 401 1460 At
422 1434 468 1468 qui
490 1435 656 1469 quaesierunt
678 1435 723 1463 ubi
740 1443 862 1465 maneret
883 1437 972 1472 Iesus,

1035 189 1116 228 ἦλθον
1132 191 1187 226 ἐγὼ
1207 193 1237 219 ἐν
1254 192 1329 219 ὕδατι
1351 193 1500 228 βαπτίζων.
1514 204 1524 221 ι
1545 195 1600 222 Καὶ
1624 195 1738 232 πέμπτη
1757 205 1821 232 μαρ‹

1034 238 1115 274 τυρία
1127 238 1336 275 ἀναγέγραπται
1352 239 1423 267 κατά
1434 241 1466 267 τό
1475 249 1482 256 ο
1498 250 1508 267 ι
1520 241 1659 277 Τεθέαμαι
1671 241 1701 268 τὸ
1715 242 1820 277 Πνεῦμα

1039 283 1200 311 καταϐαῖνον
1216 283 1435 321 ὡςηιεριστεράν
1457 285 1488 318 ἐξ
1509 286 1637 322 οὐρανοῦ,
1656 287 1706 314 καὶ
1721 286 1822 322 ἔμεινεν

1034 328 1077 356 ἔπ’
1095 328 1186 356 αὐτόν.
1203 328 1290 364 Κάγὼ
1311 329 1362 357 οὑκ
1384 330 1458 367 ᾔδειν
1479 331 1578 358 αὐτόν·
1598 331 1655 359 ἀλλ’
1671 332 1686 359 6
1714 332 1821 368 πέμψας

1035 382 1070 409 με
1086 373 1226 409 βαπτίζειν
1247 375 1276 402 ὲν
1293 375 1386 408 ὕδατι,
1410 377 1512 409 ἐκεῖνος
1542 385 1588 413 μοι
1612 375 1702 405 εἶπεν·
1724 378 1781 414 Ἐφ’
1794 379 1820 405 δν

1033 419 1068 447 ἂν
1082 420 1140 457 ἴδῃς
1155 420 1186 448 τὸ
1199 421 1311 458 Πνεῦμα
1327 421 1502 456 καταϐαῖνον,
1516 423 1563 450 καὶ
1579 423 1659 459 μένον
1675 424 1719 452 ἐπ’
1732 424 1820 457 αὐτὸν,

1033 462 1111 498 οὗτος
1134 467 1208 495 ἐστιν
1223 468 1238 494 6
1260 467 1398 503 βαπτίζων
1419 469 1448 496 ὲν
1471 469 1611 504 Πνεύματι
1639 469 1721 506 ἁγίῳ.
1740 471 1821 505 Κάγὼ

1033 511 1156 547 ἑώρακα,
1175 512 1224 541 καὶ
1241 513 1443 550 μεμαρτύρηκα
1453 533 1461 546 ,
1485 513 1528 542 ᾶτι
1549 510 1626 547 οὗτός
1641 515 1717 542 ἐστιν
1730 516 1746 542 6
1761 515 1820 547 Υἱὸς

1032 556 1079 586 τοῦ
1096 557 1174 585 Geoﬁ.
1185 566 1195 584 ›
1215 558 1314 585 Ἕκτον
1332 558 1361 586 δὲ
1382 560 1516 595 μαρτυρεῖ
1531 558 1571 594 τῷ
1587 559 1698 596 Χριστῷ
1715 560 1762 588 ἐπὶ
1777 561 1820 587 δύο

1033 603 1163 639 μαθητῶν
1187 604 1202 630 6
1220 604 1364 641 Ἰωάννης,
1387 604 1448 636 ὅτε,
1474 613 1485 630 ι
1504 605 1643 640 ἐμϐλέψας
1671 605 1711 641 τῷ
1736 606 1818 641 Ἰησοῦ

1032 650 1238 686 περίπατοῦντι,
1253 650 1340 685 λέγει’
1354 651 1408 678 Ἴδε
1424 652 1438 679 6
1453 651 1552 687 ’Ᾱμνδς
1568 651 1616 680 τοῦ
1633 651 1711 679 Θεοῦ.
1724 661 1735 678 ι
1754 652 1818 679 Μεθ’

1032 695 1065 731 ἢν
1086 696 1240 732 μαρτυρίαν
1265 696 1440 724 ἀκουσάντων
1468 697 1522 724 τῶν
1546 696 1594 727 δύο
1619 696 1750 733 μαθητῶν
1777 696 1820 724 τοῦ

1038 743 1173 775 Ἰωάννου,
1186 742 1233 769 καὶ
1248 742 1487 779 ἀκολουθησάντων
1499 742 1538 778 τῷ
1552 742 1650 778 Ἰησοῦ,
1669 753 1679 769 ι
1692 744 1820 779 στραφεὶς

1031 789 1045 816 6
1064 787 1184 824 Ἰησοῦς.
1200 789 1248 815 καὶ
1271 789 1438 824 θεασάμενος
1451 790 1515 822 τοὺς
1528 788 1574 819 δύο
1590 788 1819 823 ἀκολουθοῦντας,

1032 834 1206 871 ἀποκρίνεται
1238 834 1342 869 λέγων’
1369 835 1403 861 Τί
1432 834 1580 871 §q153t5;n
1609 835 1664 862 Καὶ
1691 836 1763 871 τάχα
1789 836 1819 862 οὺ

1031 880 1121 915 μάτην
1136 881 1206 917 μετά
1219 879 1249 913 ἒξ
1272 881 1425 917 μαρτυρίας
1451 881 1566 908 παύεται
1590 881 1640 917 μὲν
1659 883 1674 908 6
1693 882 1819 916 Ἰωάννης

1031 927 1194 962 μαρτυρῶνο
1219 927 1323 963 Ἰησοῦς
1347 928 1376 955 δὲ
1401 928 1471 955 κατὰ
1494 928 1524 954 τὸ
1547 927 1661 963 ἕϐδομον
1685 928 1818 963 προτείνει

1029 972 1073 998 τό·
1094 981 1104 998 ι
1117 972 1149 998 Τί
1170 972 1294 1008 ζητεῖτε;
1307 982 1317 999 ι
1339 973 1486 1008 Πρέπουσα
1508 973 1537 1000 δὲ
1562 972 1752 1008 ὼφελημένοις
1769 972 1817 999 ὑπὸ

1028 1018 1078 1053 τῆς
1100 1018 1224 1045 Ἰωάννου
1242 1019 1394 1055 μαρτυρίας
1413 1019 1430 1054 ἡ
1447 1017 1523 1054 φωνὴ
1545 1017 1753 1053 ἀναγορεύουσα
1775 1017 1816 1043 τὸν

1027 1064 1145 1100 Χριστὸν
1164 1064 1332 1098 διδάσκαλον,
1353 1065 1402 1092 καὶ
1419 1063 1587 1100 ὁμολογοῦσα
1606 1064 1637 1090 τὸ
1659 1064 1816 1099 οἰκητήριον

1028 1110 1120 1138 ποθεῖν
1143 1110 1292 1138 θεάσασθαι
1315 1111 1363 1137 τοῦ
1393 1110 1457 1137 Υίοῦ
1485 1110 1533 1140 τοῦ
1563 1109 1648 1136 Θεοῦ·
1674 1110 1743 1144 φασὶ
1765 1109 1816 1144 γὰρ

1026 1155 1117 1192 αὐτῷ·
1144 1165 1154 1183 ι
1171 1156 1281 1189 Ῥαϐΰὶ,
1299 1157 1313 1183 ὃ
1337 1156 1446 1192 λέγεται
1475 1156 1758 1193 μεθερμηνευόμενον,
1780 1155 1816 1184 δι-

1026 1202 1154 1235 δάσκαλε,
1175 1202 1228 1229 ποῦ
1256 1203 1363 1239 μὼειςς
1386 1213 1395 1229 ι
1419 1204 1475 1230 Καὶ
1500 1203 1560 1229 ἐπεὶ
1585 1203 1667 1234 «Πᾶς
1687 1202 1701 1227 6
1727 1201 1816 1237 ζητῶν

1025 1249 1156 1285 εὑρίσκει,
1170 1259 1179 1275 ι
1197 1249 1330 1285 ζητήσασι
1345 1249 1395 1285 τὴν
1415 1249 1502 1285 Ἰησοῦ
1520 1248 1602 1284 μονὴν
1616 1250 1672 1280 τοῖς
1691 1248 1818 1274 Ἰωάννου

1027 1294 1161 1330 μαθηταῖς
1175 1295 1345 1322 ὑποδείκνυσι
1359 1295 1445 1330 λέγων
1461 1295 1551 1326 αὐτοῖς
1560 1303 1566 1309 ·
1580 1304 1589 1320 ι
1606 1293 1752 1330 Ἔρχεσθε,
1771 1294 1818 1319 καὶ

1024 1340 1138 1375 ὕφεσθεο
1152 1350 1161 1367 ι
1190 1341 1262 1377 τάχα
1286 1341 1330 1368 διὰ
1354 1341 1401 1368 τοῦ
1432 1340 1492 1377 μὲν,
1525 1340 1669 1376 «ἔρχεσθε,
1683 1349 1693 1365 ι
1717 1339 1766 1366 ἐπὶ
1787 1338 1818 1365 τὸ

1024 1387 1175 1423 πρακτικὸν
1186 1388 1284 1421 αὐτοὺς
1296 1387 1474 1424 παρακαλῶν·
1488 1386 1533 1413 διὰ
1546 1387 1574 1413 δὲ
1588 1385 1646 1419 τοῦ,
1661 1395 1670 1411 ι
1684 1385 1814 1420 ἂψεσθεῃ

1024 1433 1073 1469 τὴν
1089 1433 1287 1462 ἀκολουθοῦσαν
1302 1435 1337 1471 τῇ
1350 1433 1518 1470 κατορθώσει
1534 1433 1589 1460 τῶν
1604 1431 1732 1468 πράξεων
1749 1431 1816 1457 θεω-

185 1477 286 1512 quique
299 1478 386 1506 secuti
404 1487 436 1506 ac
448 1481 602 1515 conspicati
622 1482 781 1517 magistrum
796 1482 915 1516 fuerant,

1074 1487 1088 1505 ν
1107 1479 1217 1511 πάντως
1232 1478 1343 1508 ἔσεσθαι
1359 1480 1417 1511 τοῖς
1439 1478 1611 1514 βουλομένοις
1632 1475 1813 1512 ὑπογράφων.

185 1521 373 1551 liberaverunt
396 1525 467 1559 apud
492 1525 584 1553 Jesum
610 1534 771 1562 permanere
792 1533 874 1557 totam
897 1529 970 1557 illam

184 1569 268 1602 diem,
284 1578 404 1606 cumque
431 1571 500 1599 Filio
521 1572 569 1600 Dei
587 1574 700 1602 morati.
716 1575 816 1602 Verum
831 1576 971 1604 enimvero

183 1621 246 1643 cum
258 1616 438 1645 decennarius
453 1626 583 1647 numerus
597 1620 759 1648 observatus
768 1622 803 1649 sit
814 1626 974 1656 utsanctus,

184 1667 247 1687 cum
263 1662 391 1697 mysteria
411 1671 463 1690 non
477 1672 560 1699 parva
577 1665 664 1693 fuisse
683 1666 754 1694 facta
767 1667 795 1694 in
807 1667 971 1696 decennario

184 1713 298 1734 numero
321 1708 518 1743 inscribantur.
544 1711 749 1749 intelligendum
774 1718 816 1742 est
840 1723 892 1742 non
911 1714 970 1742 fru-

182 1757 239 1780 stra
257 1753 283 1780 in
299 1754 445 1790 Evangelia
460 1756 592 1785 decimam
614 1758 725 1786 inscribi
748 1759 844 1787 horam
857 1760 891 1794 ⁸³,
907 1768 969 1788 cum

182 1797 308 1834 discipuli
320 1799 434 1829 Joannis
447 1802 518 1837 apud
532 1802 624 1831 Jesum
640 1805 788 1838 divertunt,
804 1813 838 1833 ex
853 1814 969 1840 quarunt

182 1851 296 1872 numero
315 1850 373 1874 erat
392 1846 515 1876 Andreas
535 1848 621 1877 frater
642 1849 763 1878 Simonis
787 1850 859 1878 Petri
872 1850 906 1884 “,
923 1851 969 1886 qui

182 1890 245 1918 dum
268 1897 389 1919 tnaueret
405 1894 476 1929 apud
494 1893 598 1928 Jesum,
619 1895 741 1931 adjutus,
759 1896 871 1925 invento
885 1896 970 1927 fratre

181 1944 231 1966 suo
254 1938 365 1967 SimOne
377 1939 399 1955 ⁸⁷
421 1940 511 1974 (forte
534 1941 607 1969 enim
633 1947 711 1969 antea
732 1950 786 1969 non
810 1943 968 1979 invenerat)

180 1983 307 2013 Messian)
319 1993 349 2013 se
365 1986 504 2014 invenisse
525 1987 611 2022 inquit
628 1996 636 2016 :
651 1997 661 2014 ι
678 1988 750 2023 quod
771 1992 823 2021 est,
839 1989 862 2017 si
884 1989 969 2017 inter-

180 2030 309 2064 preteris,
334 2031 471 2059 Christus.
493 2042 503 2059 ι
523 2033 656 2066 Quoniam
673 2035 748 2061 enim
773 2043 783 2061 t
802 2035 847 2070 qui
871 2037 970 2070 quaerit

182 2076 286 2103 invenit
296 2075 332 2110 “,
347 2086 357 2104 ι
369 2078 516 2112 ηυωεὶετοι
531 2083 623 2106 autem
639 2079 683 2106 ubi
694 2085 816 2108 maneret
831 2079 924 2114 Jesus;
941 2086 968 2110 et

181 2127 303 2155 secutus,
317 2130 378 2150 cum
397 2124 580 2160 perspexisset
598 2125 656 2160 ejus
673 2126 853 2159 mansionem,
876 2132 969 2155 manet

1023 1525 1168 1560 γινομένην
1183 1526 1212 1552 ὲν
1228 1526 1262 1561 τῇ
1276 1524 1324 1552 τοῦ
1346 1524 1433 1560 Ἰησοῦ
1450 1526 1527 1560 μονῇ.
1550 1522 1698 1560 Προῦκειτο
1714 1522 1745 1548 δὲ
1758 1523 1815 1552 τοῖς

1023 1569 1155 1605 ζητήσασι
1171 1569 1222 1596 ποῦ
1241 1571 1315 1605 μένει
1330 1570 1345 1597 6
1367 1569 1480 1606 Ἰησοῦς,
1500 1568 1700 1603 ἀκολουθήσασι
1717 1566 1758 1601 τῷ
1774 1566 1814 1595 6t.-

1021 1615 1159 1651 δασκάλῳ,
1177 1616 1224 1644 καὶ
1248 1616 1443 1650 θεασαμένοις,
1460 1617 1629 1652 παραμεῖναι
1644 1614 1683 1650 τῷ
1710 1613 1814 1650 Ἰησοῦ,

1022 1663 1069 1689 καὶ
1091 1662 1140 1697 τὴν
1156 1662 1261 1701 ἡμέραν
1286 1663 1392 1701 ἐκείνην
1412 1661 1600 1699 συνδιατρίψαι
1619 1660 1659 1696 τῷ
1684 1659 1743 1695 Υἱῷ
1767 1659 1815 1687 τοῦ

1021 1707 1098 1735 Θεοῦ.
1119 1699 1195 1735 Ἐπεὶ
1217 1708 1245 1736 δὲ
1268 1709 1282 1735 6
1310 1699 1422 1741 δέκατος
1448 1708 1564 1745 ἀριθμὸς
1595 1707 1748 1744 τετήρηται
1776 1705 1815 1737 ὡς

1022 1753 1099 1788 ἅγιος
1126 1754 1194 1789 (26),
1217 1755 1268 1781 οὐκ
1295 1754 1393 1788 ὀλίγων
1426 1753 1584 1790 μυστηρίων
1605 1754 1636 1780 ὲν
1720 1751 1814 1778 δεκάδι

1020 1799 1263 1835 ἀναγραφομένων,
1280 1800 1420 1835 γεγονέναι
1434 1799 1543 1835 νοητέον
1557 1799 1589 1826 οὐ
1609 1799 1698 1834 μάτην
1715 1798 1764 1825 καὶ
1785 1798 1815 1824 ὲν

1019 1845 1059 1880 τῷ
1079 1845 1237 1882 Εὑαγγελίῳ
1251 1846 1299 1882 τὴν
1315 1846 1431 1882 δεκάτην
1447 1845 1653 1882 ἀναγράφεσθαι
1672 1844 1749 1880 ὤραν
1764 1844 1815 1879 τῆς

1019 1889 1074 1919 τῶν
1091 1890 1214 1918 Ἰωάννου
1231 1891 1359 1930 μαθητῶν
1379 1890 1454 1927 παρὰ
1475 1890 1514 1929 τῷ
1531 1889 1618 1926 Ἰησοῦ
1633 1889 1814 1924 καταγωγῆς,

1018 1933 1057 1963 ὢν
1078 1937 1204 1975 Ἀνδρέας
1220 1939 1234 1965 6
1253 1937 1366 1973 ἀδελφὸς
1382 1937 1503 1973 Σίμωνος
1525 1937 1630 1973 Πέτρου
1653 1934 1699 1972 ἦν,
1718 1937 1813 1967 ὅστις,

1018 1982 1170 2018 ὠφεληθεὶς
1183 1983 1212 2009 ὲν
1224 1983 1262 2018 τῷ
1278 1983 1538 2020 παραμεμενηκέναι
1551 1982 1589 2018 τῷ
1607 1982 1706 2018 Ἰησοῦ,
1723 1981 1814 2017 εὑρὼν

1018 2029 1064 2056 τὸν
1079 2029 1192 2064 ἀδελφὺν
1211 2029 1256 2056 τὸν
1278 2029 1343 2057 ἴδιον
1359 2029 1480 2065 Σίμωνα,
1496 2029 1576 2064 (τάχα
1600 2028 1655 2064 γὰρ
1676 2028 1814 2063 πρότερον

1018 2076 1067 2110 οὐχ
1088 2073 1218 2110 εῦρητο·)
1247 2074 1329 2110 φησὶν
1352 2075 1500 2112 εὑρηκέναι
1524 2075 1570 2103 τὸν
1598 2075 1741 2107 Μεσσίαν,
1772 2084 1782 2100 ι
1799 2075 1814 2101 ὃ

1019 2121 1077 2147 εστι
1103 2120 1372 2156 μεθερμηνευόμενον
1400 2120 1526 2157 Χριστός.
1541 2130 1549 2146 ι
1572 2120 1649 2149 Ἐπεὶ
1672 2120 1748 2156 γὰρ,
1775 2130 1785 2145 ι
1799 2121 1814 2146 6

180 2167 252 2201 apud
270 2167 414 2196 Dominutn
433 2178 442 2195 ι
462 2170 568 2198 decima
589 2170 655 2198 hora
671 2170 706 2204 ”,
727 2179 737 2198 ι
758 2175 786 2199 et
802 2171 906 2200 invenit

1072 2165 1108 2193 ῶν
1125 2166 1258 2202 εὑρίσκει,
1271 2176 1280 2192 ι
1303 2167 1419 2204 ἐζήτησε
1440 2166 1469 2193 δὲ
1492 2167 1543 2193 ποῦ
1560 2166 1635 2203 μένει
1655 2167 1670 2193 6
1689 2165 1811 2201 Ἰησοῦς,

179 2213 288 2247 Filium,
304 2214 465 2243 Sermonem
480 2215 596 2250 scilicet,
610 2221 638 2244 et
660 2217 713 2253 91
743 2217 915 2253 sapientiam,

1084 2212 1283 2249 ἀκολουθήσας,
1295 2212 1435 2249 θεωρήσας
1453 2211 1536 2241 αὐτοῦ
1551 2212 1599 2248 τὴν
1617 2211 1712 2248 μονὴν,
1725 2220 1813 2246 παρα-

179 2259 284 2295 regitur
299 2261 333 2288 ab
348 2261 426 2295 ipso;
445 2262 514 2291 hanc
528 2261 563 2291 ob
577 2270 689 2291 causam
708 2263 816 2299 inquit:
835 2273 845 2290 ι
865 2265 969 2293 Inveni-

179 2313 240 2332 mus
254 2306 380 2335 Messium
401 2308 424 2323 ⁵⁸
442 2315 450 2334 :
470 2319 480 2334 ι
497 2316 557 2344 quze
569 2317 619 2338 vox
645 2317 661 2338 a
684 2310 782 2345 quovis
796 2311 848 2339 dici
867 2311 968 2346 poterit

180 2352 226 2387 qui
243 2352 379 2381 invenerit
395 2354 441 2382 Dei
458 2354 618 2384 Sermonem
636 2363 665 2384 et
681 2357 728 2392 qui
751 2357 785 2384 ab
801 2357 886 2392 ipsius
899 2358 966 2385 divi-

179 2398 265 2426 nitate
282 2399 394 2432 regitur.
423 2399 552 2428 Fructum
576 2409 642 2430 vero
666 2409 728 2430 mox
752 2401 832 2430 olfert
857 2401 965 2430 Christo

180 2445 292 2472 fratrem
312 2445 452 2474 Simonem
470 2446 492 2462 ’ί
506 2454 513 2471 ;
527 2454 608 2482 quem
625 2452 655 2477 ut
678 2455 792 2476 munere
813 2447 892 2475 .lcsus
908 2447 965 2475 sin-

179 2491 522 2526 gulariremuneraretur,
539 2493 567 2520 in
589 2493 678 2530 ipsum
705 2493 821 2522 intuitus
835 2498 887 2526 est,
917 2500 965 2528 per

1022 2259 1097 2295 μένει
1116 2259 1155 2295 τῷ
1171 2259 1265 2295 Κυρίῳ
1282 2269 1290 2285 ι
1301 2260 1329 2286 ἐν
1346 2261 1380 2296 τῇ
1395 2259 1497 2296 δεκάτῃ
1512 2258 1598 2295 ὦρᾳ,›
1617 2258 1665 2285 καὶ
1687 2257 1814 2293 εὑρίσκει

1018 2305 1064 2334 τὸν
1077 2305 1141 2333 Υιὸν
1157 2305 1204 2331 τοῦ
1220 2304 1301 2337 Θεοῦ,
1314 2305 1360 2332 τὸν
1383 2305 1478 2339 Λόγον,
1499 2305 1545 2331 καὶ
1561 2303 1610 2339 τὴν
1632 2303 1741 2337 σοφίαν,
1760 2302 1812 2337 βα-

1019 2351 1154 2381 σιλεύεται
1171 2352 1200 2379 δὲ
1220 2353 1265 2379 ὑπ’
1277 2351 1358 2380 αὑτοῦ
1368 2360 1375 2367 ·
1390 2352 1433 2378 διὰ
1447 2351 1525 2378 τοῦτό
1540 2359 1634 2385 φησιν·
1651 2360 1661 2376 ι
1679 2350 1813 2385 Εὑρήκα-

1020 2407 1070 2435 μεν
1086 2398 1132 2424 τδν
1148 2398 1279 2425 Μεσσίαν.
1294 2408 1302 2425 ι
1321 2398 1395 2434 Δῦτη
1413 2398 1442 2425 δὲ
1458 2399 1475 2434 ἡ
1491 2397 1567 2433 φωνὴ
1583 2397 1636 2424 ὑπὸ
1661 2398 1764 2429 παντὸς
1778 2398 1813 2424 ἂν

1018 2444 1123 2479 λέγοιτο
1144 2443 1239 2471 τοῦτον
1254 2444 1301 2471 τοῦ
1324 2444 1390 2472 Θεοῦ
1408 2444 1494 2479 Λόγον
1508 2444 1664 2480 εὑρηκύτος,
1684 2444 1734 2472 καὶ
1756 2444 1813 2471 ὑπὸ

1018 2492 1067 2527 τῆς
1093 2490 1229 2526 θειότητος
1256 2491 1338 2518 αὐτοῦ
1374 2491 1594 2526 βασιλευομένου.
1617 2491 1734 2528 Καρπὺν
1762 2492 1812 2518 καὶ

215 2537 331 2574 ξοιςιτιιι⁴
351 2538 371 2568 I.
386 2538 421 2564 δε
438 2538 483 2566 at.
520 2540 543 2556 ιο
557 2540 623 2568 ibid.
648 2540 692 2571 55.
715 2540 760 2568 se.
793 2540 817 2556 ιι
837 2540 903 2568 ibid.
918 2541 953 2568 57

1069 2539 1090 2555 ι’
1103 2539 1168 2571 ibid,
1186 2539 1231 2566 38.
1275 2538 1298 2555 “
1321 2538 1417 2566 Matth.
1439 2547 1488 2571 vn,
1508 2539 1535 2566 8.
1573 2538 1595 2554 “
1617 2538 1697 2566 Joan.
1722 2547 1742 2572 ι,
1761 2539 1808 2567 39.

163 2579 167 2582 '
205 2573 228 2588 “
243 2573 308 2600 ibid.
349 2574 372 2589 “
388 2574 452 2601 ibid.
469 2574 515 2602 40.
554 2575 575 2591 ⁸⁷
595 2575 662 2603 ibid.
679 2576 725 2603 M.
763 2575 786 2592 “
801 2575 895 2603 Matth.
914 2573 962 2608 vn,
977 2575 1004 2603 8.

215 2619 271 2654 (‘26)
291 2619 422 2654 Origenes
437 2621 504 2648 infra
522 2626 587 2649 tom.
611 2631 638 2651 x.
655 2629 683 2649 n.
695 2621 730 2648 30
743 2622 832 2648 medio
849 2632 854 2648 :
868 2621 962 2649 Ταῦτα

178 2655 268 2696 δέιμοι
282 2656 312 2694 ἐν
410 2656 456 2683 τοῦ
470 2656 589 2696 δεκάτου
601 2657 687 2696 δόμῳ.)
703 2656 810 2696 λέγεται
827 2656 895 2692 πρὸς
920 2656 962 2688 σὲ.

180 2689 313 2725 τηλλαχοῦ
335 2689 432 2752 ὁρῶντι
453 2692 501 2727 τῆς
522 2689 642 2728 Γμφῆξ
661 2689 962 2727 διαιρερούσης’προνο-

180 2725 245 2752 μίας
267 2734 346 2752 τετυν
363 2735 396 2752 τα
417 2727 462 2752 τὸν
484 2727 550 2752 δέκα
572 2727 698 2752 ἀριθμόν.
721 2727 786 2752 Item
812 2728 838 2752 in
860 2727 961 2752 Catena

203 2725 245 2757 ίας
267 2725 396 2761 τετυχότα
417 2727 462 2754 τὸν
481 2725 550 2754 δέκα
572 2725 698 2761 ἀριθμόν.
714 2725 786 2754 item
812 2725 838 2754 in
860 2725 961 2754 catena

203 2734 245 2757 ιας
267 2734 396 2760 τετυγοτα
417 2734 462 2754 τον
484 2734 550 2754 οεχα
572 2734 698 2762 αριυμον.
721 2734 786 2754 Item
812 2735 838 2754 in
860 2734 961 2754 Catena

178 2734 348 2800 Ennium»;
365 2762 392 2787 in
407 2762 563 2802 Jerent.,_ad
583 2771 644 2796 cap.
657 2769 747 2802 xxxii,
762 2761 898 2802 versu”:
915 2763 962 2802 do-

180 2796 285 2823 narium
308 2804 449 2824 numerum
477 2798 608 2833 Origenes
637 2796 738 2824 τέλειον
761 2797 808 2823 καὶ
831 2796 900 2824 Θεοῦ
922 2798 960 2824 οί‹

379 2735 396 2753 α
417 2727 462 2754 τὸν
484 2727 550 2754 δέκα
572 2727 698 2762 ἀριθμόν.

1042 2575 1064 2590 ⁵⁸
1079 2573 1158 2602 Joatt.
1180 2581 1199 2605 ι,
1215 2574 1260 2602 59.
1300 2573 1323 2591 ⁵⁸
1337 2574 1402 2602 ibid.
1416 2583 1435 2606 ι,
1455 2575 1498 2601 M.
1537 2574 1558 2590 ⁸¹
1574 2574 1638 2601 ibid.
1652 2574 1700 2601 42.

1016 2622 1090 2648 ιεῖον
1108 2628 1168 2648 esse
1188 2620 1265 2647 dicit.
1282 2620 1314 2647 Et
1333 2620 1359 2647 in
1381 2620 1432 2646 alia
1450 2619 1542 2654 Regia
1559 2620 1736 2647 Bibliotheca
1753 2619 1811 2648 Ca-

1018 2662 1078 2692 tena
1096 2656 1123 2692 in
1146 2655 1362 2692 ProphetaaLad
1386 2655 1485 2692 Ezech.
1502 2655 1615 2692 _IV,“0:
1637 2656 1697 2692 Οὐκ
1721 2655 1810 2692 ἐχρῆν

1015 2691 1071 2726 γὰρ
1088 2690 1133 2717 τὸν
1153 2690 1238 2727 οὕτως
1250 2690 1416 2727 ἀκάθαρτον
1440 2690 1648 2727 βρῳθησόμενον
1664 2690 1763 2727 κᾶρτον
1779 2690 1811 2727 έν

1015 2727 1086 2762 ἁγίῳ
1110 2726 1371 2762 παραλαμδάνεσθαι
1393 2726 1520 2762 ἀριθμῷ.
1545 2727 1637 2757 ὁποῖος
1660 2726 1697 2761 δή
1722 2728 1737 2753 6
1758 2726 1810 2760 τῆς

1014 2762 1134 2792 δεκάδος,
1149 2761 1196 2797 καλ
1210 2761 1366 2796 ὲὸδομάδος,
1380 2761 1426 2797 καὶ
1437 2761 1593 2797 τριακάδος,
1606 2762 1654 2788 καὶ
1668 2762 1806 2797 ὀγδοάδος,

1021 2798 1067 2824 καί
1081 2806 1152 2829 τινες
1163 2796 1217 2823 τῶν
1230 2797 1329 2831 ὁμοίων
1345 2796 1483 2833 ἀριθμῶν..
