1870 3046
61 115 109 142 181

610 116 787 145 ΕΟΜΜΕΝἸ.
803 116 835 144 ΙΝ
852 117 948 144 ιοΑΝ.
966 117 1084 145 TOMUS
1102 116 1133 143 ll.

1639 116 1689 144 18%

60 170 160 203 εὐθέως
181 172 314 208 προσάγει
331 173 376 199 τὸν
390 173 503 208 ἀδελφὸν
522 173 560 210 τῷ
581 174 702 211 Χριστῷ,
714 172 736 210 ᾧ
750 175 852 211 Σίμωνι

937 183 979 202 um
997 175 1124 202 intuitum
1139 174 1280 202 declarans
1294 181 1324 201 se
1338 173 1457 201 Simonis
1469 180 1562 201 curam
1579 180 1686 208 gerere,

59 217 209 252 ἐχαρίσατο
230 218 244 244 ὸ
270 218 372 254 Ἰησοῦς
393 219 423 245 τὸ
442 219 574 255 ἐμϐλέψαι
593 220 687 256 αὐτῷ,
703 221 776 257 ὅπερ.
793 221 852 248 ἐστὶ

59 263 104 290 διὰ
117 264 164 290 τοῦ
180 264 315 300 ἐμϐλέψαι
329 266 515 301 ἐπισκοπῆσαι
530 266 578 293 καὶ
593 267 708 301 φωτίσαι
722 267 805 294 αὐτοῦ
823 268 852 295 τὸ

61 311 225 345 ἡγεμονικόν
235 320 241 326 ·
256 311 302 338 καὶ
315 312 456 348 δεδύνηται
471 312 515 340 διὰ
528 313 558 340 τὸ
570 313 765 349 ὲμθεὸλεφέναι
779 315 853 350 αὒτῷ

60 357 107 383 τὸν
125 357 230 392 Ἰησοῦν
250 359 264 384 ό
280 358 372 394 Σίμων
395 358 589 395 βεϐαιωθῆναί,
609 359 679 387 ὥστε
698 361 745 387 τοῦ
770 361 852 397 ἔργου

57 402 110 436 τῆς
133 403 308 438 βεϐαιότητος
323 404 370 431 καὶ
386 405 437 440 τῆς
454 405 635 441 στερρότητος
648 405 791 442 ἐπώνυμος
807 416 855 442 γε-

57 447 166 480 νέσθαι,
180 449 228 475 καὶ
242 448 375 485 κληθῆναι
390 450 506 485 Πέτρος.

95 493 140 521 50.
165 494 235 520 Ἀλλ’
256 494 314 530 ἐρεῖ
328 503 386 527 τις,
401 495 427 522 τί
442 495 540 531 δήποτε
557 496 737 533 προκειμένου
757 498 853 535 διηγή-

58 539 160 566 σασθαι
172 540 212 566 τό·
234 549 243 566 ι
261 537 344 572 Οὗτος
355 539 437 577 ἦλθεν
454 543 493 574 είς
507 543 670 579 μαρτυρίαν,
687 542 732 571 ἵνα.
748 553 851 580 μαρτυ-

59 586 132 621 ρήσῃ
148 587 212 622 περὶ
222 586 269 613 τοῦ
285 587 382 621 φωτὸς,
399 597 408 614 ι
423 587 510 615 πάντα
519 589 606 616 ταῦτα
616 589 851 627 διεξεληλύθαμενς

56 631 177 657 Λεκτέον
192 631 236 664 δέ,
251 631 291 658 ὅτι
305 632 359 659 ἔδει
381 634 556 669 παραστῆσαι
571 634 621 667 τὰς
638 636 791 672 μαρτυρίας
804 636 851 663 τοῦ

63 676 190 703 Ἰωάννου
205 678 254 710 τὰς
269 679 333 714 περὶ
348 678 394 706 τοῦ
412 680 499 714 φωτὸς
511 701 519 713 ,
535 681 583 708 καὶ
604 682 653 718 τὴν
669 682 745 715 τάξιν
762 683 852 711 αὐτῶν

54 722 208 755 ἐκθέσθαι,
232 724 282 759 τήν
302 733 332 751 τε
358 725 580 762 ἀκολουθήσασαν
600 725 639 760 οἷς
662 719 852 766 ἐμαρτύρησεν

53 767 210 802 ὠφέλειαν,
227 770 376 807 γενομένην
392 771 462 799 κατὰ
484 772 533 807 τὴν
554 773 676 801 Ἰωάννου
699 775 852 811 μαρτυρίαν

53 813 113 839 ἀπὸ
127 813 175 840 τοῦ
198 815 303 850 Ἰησοῦ,
322 816 365 843 ἵνα
382 817 412 843 τι
427 817 558 854 ἀνύσιμον
571 820 620 855 τῆς
641 820 765 848 Ἰωάννου
783 831 853 858 μαρ-

50 858 155 894 τυρίας
170 859 286 896 δηλωθῇ;
306 862 362 889 Καὶ
375 863 429 898 πρὸ
451 864 506 891 τῶν
519 865 635 892 ἐνταῦθα
648 866 676 893 δέ
692 867 849 903 μαρτυριῶν

51 904 72 938 ἡ
92 904 169 949 ἐνγτῇ
188 905 346 939 ἀγαλλιάσει
364 907 506 944 σκίρτησις
526 909 573 937 τοῦ
594 910 747 939 Βαπτιστοῦ
764 912 794 939 ὲν
814 914 848 949 τῇ

50 948 147 984 κοιλίᾳ
159 949 210 984 τῆς
232 950 370 979 Ἐλισάῦετ
389 953 436 980 ἐπὶ
453 953 492 989 τῷ
511 954 648 991 ἀσπασμῷ
670 956 720 992 τῆς
740 958 850 993 Μαρίας

51 995 197 1040 μαρτυρία
207 997 272 1032 περὶ
286 997 406 1033 Χριστοῦ
416 997 459 1035 ἦν,
475 1001 675 1036 μαρτυροῦντος
685 1004 718 1038 τῇ
732 1003 848 1040 θειότητι

48 1039 106 1086 ξῇς
133 1040 292 1077 συλλήψεως
309 1044 356 1070 καὶ
376 1045 509 1079 γενέσεως
530 1047 623 1074 αὐτοῦ.
645 1049 701 1076 Καὶ
723 1049 749 1076 τί
772 1051 847 1086 γάρ;

48 1085 92 1111 Ἣ
107 1087 246 1122 πανταχοῦ
260 1088 365 1123 μάρτυς
379 1090 425 1117 καὶ
441 1091 592 1128 πρόδρομος
605 1094 653 1121 τοῦ
673 1095 759 1130 Ἰησοῦ
775 1085 848 1124 ἐστιν

47 1131 67 1157 ἀ
87 1131 228 1168 Ἰωάννης,
251 1134 452 1170 προλαμϐάνων
472 1138 522 1174 τὴν
547 1139 662 1173 γένεσιν.
676 1142 758 1169 αὑτοῦ
771 1163 778 1175 ,
800 1145 849 1171 καὶ

47 1176 109 1211 πρὸ
129 1177 220 1211 ὀλίγου
236 1179 282 1205 τοῦ
306 1180 418 1208 Θανάτου
438 1183 618 1220 ἀποθνήσκων
641 1187 688 1214 τοῦ
711 1188 774 1215 Υίοῦ
799 1190 846 1217 τοῦ

46 1222 137 1255 Θεοῦ,
156 1224 199 1251 ῖνα
217 1225 253 1260 μὴ
272 1226 351 1261 μόνον
372 1230 429 1260 eoi;
448 1230 477 1256 ὲν
501 1231 627 1265 γενέσει,
651 1233 719 1261 ἀλλὰ
731 1236 848 1268 καὶτοῖς

237 1271 286 1308 τὴν
296 1273 340 1300 διὰ
350 1275 535 1311 Χριστοῦμάπὸ
547 1278 662 1306 Θανάτου
679 1281 849 1317 ἐλευθερίαν,

47 1314 106 1363 πρὸ
123 1314 173 1363 τοῦ
189 1316 307 1352 Χριστοῦ
324 1319 476 1356 ἐπιδημῶν,
493 1323 630 1358 πανταχοῦ
645 1314 780 1363 ἐτοιμάσῄ
792 1314 847 1354 Κυέ

49 1360 104 1409 ρίῳ
125 1360 207 1409 ’λαὺνῗ
217 1366 482 1401 κατεσκευασμένον·
504 1368 599 1402 φθάνει
619 1369 647 1397 δέ
665 1371 712 1398 καὶ
797 1373 846 1409 τὴν

46 1405 185 1442 δευτέραν
197 1408 315 1444 Χριστοῦ
331 1413 491 1447 παρουσίαν,
505 1414 551 1441 καὶ
564 1415 714 1452 θειοτέραν,
723 1419 740 1453 ἡ
758 1405 847 1447 Ἰωάν-

46 1461 96 1479 νου
117 1455 269 1490 μαρτυρία.
288 1466 297 1481 ι
315 1457 346 1484 Εἰ
359 1457 413 1494 γὰρ
433 1459 534 1494 θέλετε,
549 1462 626 1498 φησι,
643 1463 780 1498 δέξασθαι,
798 1465 847 1492 αὐ-

43 1499 96 1547 τός
111 1500 194 1547 ἐστιν
215 1501 306 1534 Ὴλίας
326 1504 340 1530 ὁ
362 1505 466 1539 μέλλων
484 1507 621 1542 ἔρχεσθαι.
657 1510 685 1537 '0
705 1511 774 1547 ἔχων
787 1509 844 1540 ὦτα

45 1543 176 1593 ἀκούειν,
190 1546 322 1575 ἀκουέτω.
342 1559 352 1575 ι
370 1550 460 1588 οὔσης
476 1552 504 1579 δὲ
522 1554 609 1590 ἀρχῆς
630 1556 658 1582 ὲν
716 1543 843 1593 Λόγος,

44 1590 161 1625 (ἥντινα
179 1592 274 1626 σοφίαν
287 1593 357 1621 εἶναι
378 1597 432 1624 ἀπὸ
452 1598 505 1625 τῶν
525 1590 844 1637 Παροιμιῶν-ἀπεδείξαέ

904 222 1003 248 animre
1019 221 1090 248 illius
1113 225 1190 254 parte
1210 220 1436 254 praestantissima
1458 220 1594 247 illustrata
1615 227 1623 246 :
1641 227 1688 254 po-

903 268 1008 303 tuitque
1025 267 1131 299 Simon,
1148 274 1181 294 eo
1198 266 1271 301 quod
1297 265 1377 293 Jesus
1405 266 1430 293 in
1458 265 1546 301 ipsum
1574 265 1688 293 intuitus

903 318 954 346 est,
969 319 1089 346 eousque
1112 311 1240 344 stabiliri,
1259 316 1288 338 ut
1305 311 1339 338 ab
1352 318 1434 346 opere
1447 310 1537 338 stabili
1556 310 1689 346 ﬁrmoquc

903 365 1052 394 cognomen
1072 356 1193 385 traheret
1205 361 1233 384 et
1246 361 1393 385 vocaretur
1406 355 1515 384 Petrus.

937 493 982 520 50.
995 491 1049 520 Sed
1069 485 1191 519 dicturus
1213 495 1256 519 est
1269 490 1379 526 aliquis,
1399 497 1448 518 cur
1464 491 1572 519 tandem
1588 498 1689 526 propo-

902 538 954 566 sita
978 538 1054 566 nobis
1073 537 1298 573 interpretatione
1314 537 1459 566 verborum
1478 544 1592 566 eorum;
1609 547 1620 564 ι
1640 538 1690 566 Hic

902 586 978 613 venit
1005 584 1038 612 ad
1065 584 1288 617 testiﬁcandum,
1305 588 1337 611 ut
1354 584 1549 612 testiﬁcaretur
1568 584 1602 613 de
1628 585 1695 613 luce

902 631 947 659 illa
961 631 1012 663 ¹¹,›
1025 631 1117 658 omnia
1142 631 1199 658 hac
1225 630 1437 658 transcurrimus
1447 630 1507 658 ?'At
1523 630 1695 664 dicendum,

903 683 1016 705 necesse
1044 676 1130 704 fuisse
1151 675 1262 704 Joannis
1279 675 1435 704 tesumonia
1452 675 1486 703 de
1506 675 1566 703 luoe
1580 675 1625 704 illa
1641 677 1693 704 ἀοι

903 727 1056 750 monstrare
1067 722 1244 757 ordinemque
1263 729 1506 756 eorumexponere
1522 730 1529 749 :
1542 726 1625 756 atque
1639 722 1690 750 uti:

903 768 1006 795 Iitatem
1019 775 1079 804 quae
1096 768 1218 796 insecuta
1240 768 1324 796 Fuerit
1340 776 1388 796 eos
1403 768 1472 803 apud
1489 775 1559 803 quos
1574 772 1690 796 testatus

903 811 1010 844 fuisset,
1029 812 1130 840 factam
1145 817 1206 847 post
1224 811 1341 841 Joannis
1349 812 1534 840 testimonium
1549 820 1563 839 a
1576 812 1651 846 Jesu,
1661 817 1699 840 ut.

866 850 890 878 Β
903 859 1033 893 perfectio
1049 859 1196 886 testimOnii
1207 858 1321 887 Joannis
1334 858 1531 887 deelararetur.
1541 858 1611 892 Quin
1627 863 1690 887 ante

904 905 962 933 haec
983 905 1134 933 testimonia
1151 905 1281 940 Baptistae
1299 905 1448 934 exsultatio
1469 913 1525 940 pra;
1547 905 1646 940 gaudio
1662 906 1689 933 in

903 956 981 979 utero
1000 951 1139 980 Eltsaheth
1162 956 1272 987 propter
1285 951 1381 980 Mariae.
1393 951 1597 985 salutationem,
1616 952 1689 980 testi-

904 998 1022 1026 monium
1038 998 1089 1026 fuit
1106 999 1139 1026 de
1152 998 1271 1032 Christo,
1288 998 1453 1026 testiﬁcante
1469 998 1590 1033 Baptista
1602 998 1635 1027 de
1646 997 1690 1026 di—

903 1044 1017 1071 vinitate
1035 1045 1221 1079 conceptionis
1239 1049 1267 1072 et
1283 1049 1360 1072 ortus
1374 1044 1488 1072 Christi.
1500 1044 1568 1078 Quid
1593 1044 1706 1080 plura?‘

903 1089 950 1118 Vel
960 1090 1062 1124 ubique
1073 1090 1149 1118 testis
1158 1096 1184 1118 et
1195 1098 1347 1125 prmcursor
1356 1090 1419 1118 Jesu
1430 1095 1471 1118 est
1478 1089 1597 1118 Joannes
1612 1094 1698 1118 autem

902 1141 1010 1163 vertens
1028 1137 1099 1164 ittius
1111 1141 1210 1168 ortum,
1227 1141 1254 1164 et
1265 1136 1344 1171 paulo
1357 1141 1420 1164 ante
1435 1134 1554 1164 mortem
1562 1136 1623 1164 Filii
1642 1137 1690 1163 Dei

903 1181 1030 1214 moriens,
1041 1186 1070 1209 ut
1087 1190 1140 1209 non
1155 1181 1241 1209 solum
1256 1183 1289 1209 ad
1306 1182 1392 1215 vivos,
1402 1189 1496 1209 verum
1508 1187 1534 1210 et
1550 1183 1584 1210 ad
1597 1189 1692 1217 exspe-

901 1232 1005 1256 ctantes
1014 1228 1164 1255 libertatem
1174 1235 1188 1255 a
1199 1233 1284 1255 morte
1294 1228 1619 1264 perChristumiuturam,
1627 1233 1691 1256 ante

901 1273 1038 1301 Christum
1053 1274 1214 1307 adveniens,
1231 1274 1330 1309 ubique
1347 1275 1460 1302 Domino
1476 1280 1586 1310 pararet
1606 1283 1691 1310 popu-

901 1321 956 1347 lum
971 1320 1178 1354 instructum";
1192 1321 1320 1356 pertingit
1335 1326 1425 1349 autem
1441 1329 1524 1356 usque
1542 1322 1574 1349 ad
1589 1330 1691 1350 secun-

901 1368 976 1400 dutn,
991 1375 1108 1402 eumque
1127 1367 1288 1396 diviniorem
1299 1388 1306 1401 ,
1321 1368 1421 1396 Christi
1440 1369 1586 1396 adventum
1607 1367 1691 1396 Joan-

901 1414 946 1441 nis
961 1413 1156 1442 testimonimn.
1176 1423 1186 1441 ι
1206 1414 1234 1442 Si
1250 1414 1323 1442 enim
1345 1414 1445 1447 vultis,
1458 1414 1544 1449 inquit
1557 1413 1592 1447 “,
1615 1415 1689 1442 reci-

899 1467 983 1495 pere,
1023 1460 1080 1495 ipse
1117 1464 1158 1487 est
1197 1459 1289 1494 Elias,
1323 1459 1371 1495 qui
1402 1465 1533 1488 venturus
1556 1465 1608 1489 est.
1637 1460 1701 1494 Qui.

900 1506 980 1534 habet
1003 1513 1083 1533 aures
1104 1506 1240 1538 audiendi,
1262 1505 1362 1533 audiat.
1385 1515 1394 1531 ι
1412 1505 1544 1533 Caeterum
1568 1514 1629 1533 cum
1655 1505 1691 1534 sit

896 1552 1057 1587 principium
1080 1552 1106 1579 in
1125 1560 1178 1587 quo
1189 1556 1231 1579 est
1241 1552 1336 1580 Sermo
1345 1551 1428 1587 (quod
1450 1552 1609 1587 sapientiam
1629 1559 1690 1579 esse

896 1606 928 1625 ex
945 1598 1153 1626 Proverbiorum
1176 1598 1244 1625 libro
1264 1597 1457 1633 ostendimus),
1473 1605 1588 1632 ctnnque
1607 1598 1689 1625 etiam

112 1636 131 1670 ’)
144 1636 222 1687 ὄντος
237 1638 266 1665 δὲ
281 1640 327 1687 και
341 1641 391 1668 τοῦ
402 1643 500 1678 Λόγου,
514 1647 663 1683 γενομένης
674 1657 703 1675 τε
715 1649 744 1675 ἐν
758 1636 845 1687 τούτῳ

951 1643 1066 1676 Sermo,
1087 1647 1167 1678 atque
1193 1642 1248 1670 vita
1274 1643 1301 1670 in
1329 1643 1381 1670 hoc
1410 1643 1503 1676 facta,
1532 1651 1564 1670 ac
1591 1642 1690 1670 deinde

11 1681 18 1686 '
43 1679 135 1730 ἰωῆς,
149 1682 255 1730 τῇςντε
281 1685 353 1722 ζωῆς
366 1689 553 1727 τυγχανούσης
683 1679 844 1730 ἀνθρώπων,

937 1698 951 1716 a
961 1689 996 1717 sit
1008 1689 1051 1716 lux
1063 1689 1212 1722 hominum,
1221 1696 1312 1723 quacro
1320 1696 1370 1716 cur
1383 1689 1501 1722 tandem,
1512 1697 1572 1717 cum
1584 1698 1593 1715 ι
1607 1689 1698 1717 homo»

42 1725 127 1774 ζητῶ
143 1728 172 1754 τί
188 1728 288 1764 δήποτε
313 1732 328 1758 ὁ
342 1733 487 1769 γενόμενος
514 1725 695 1774 (ἄνθρωπος,
710 1725 847 1769 diua-cal;

937 1742 996 1762 ssus
1009 1742 1024 1761 a
1046 1734 1110 1768 Deo,
1129 1734 1172 1762 cui
1196 1741 1295 1762 nomen
1310 1739 1368 1761 erat
1382 1733 1512 1767 Joannes,
1534 1734 1641 1762 venerit
1654 1735 1690 1762 ad

147 1775 224 1824 παρά
236 1776 315 1810 Θεοῦ,
331 1775 353 1813 ᾧ
372 1779 458 1816 ὄνομα
477 1782 613 1820 Ἰωάννης,
631 1783 712 1821 ἦλθεν
723 1788 763 1819 εἰς
777 1797 846 1824 μαρ-

937 1780 1108 1813 ;tiﬁcandnm,
1118 1784 1146 1806 ut
1158 1780 1350 1807 testiﬁcaretur
1363 1780 1396 1808 de
1412 1780 1527 1813 luce",)
1542 1788 1596 1808 non
1606 1780 1687 1809 etiam

42 1818 168 1864 τυρίαν,
194 1820 238 1848 ἵνα
264 1825 427 1863 μαρτυρήσῃ
447 1828 513 1863 περὶ
534 1818 683 1864 τοῦγφωτός
701 1840 708 1864 ;
728 1842 738 1858 ι
818 1818 848 1860 τί

937 1827 1004 1854 nevit
1022 1831 1050 1854 ut
1070 1826 1263 1854 testiﬁcaretur
1279 1827 1311 1853 de
1330 1826 1399 1860 vita,
1416 1826 1458 1854 vel
1474 1830 1502 1853 ut
1526 1826 1688 1854 testiﬁcare-

42 1862 98 1915 οῦν
117 1865 170 1901 οὐχ
186 1866 229 1915 ἵνα
246 1862 490 1915 μαρτυρήσῃγπερὶγ
502 1874 551 1910 τῆς
563 1862 646 1911 ζωῆς,
658 1877 674 1912 ἧ
687 1862 730 1905 ἴνα
742 1887 846 1915 μαρτυ-

937 1880 944 1899 r
960 1872 993 1899 de
1009 1871 1150 1903 Sermone,
1166 1871 1208 1898 vel
1223 1871 1256 1898 de
1271 1871 1415 1906 principio,
1426 1871 1466 1897 vel
1480 1872 1514 1898 de
1526 1878 1688 1906 quacunque

147 1913 212 1947 περὶ
231 1913 278 1940 τοῦ
295 1915 381 1950 Λόγου
394 1937 401 1950 ,
421 1917 438 1953 ἢ
460 1920 523 1954 περὶ
539 1920 589 1956 τῆς
607 1911 703 1957 ἀρχῆς,
721 1911 848 1959 ἧῖόποίας

937 1926 951 1945 a
965 1918 1183 1945 consideratione
1206 1917 1306 1945 Christi
1323 1917 1338 1943 ἓν
1351 1916 1467 1944 Proinde
1483 1916 1624 1944 considera
1641 1924 1699 1951 an,

40 1957 255 2006 δήποτε
267 1961 388 2006 ἐπινοίας
409 1964 456 1991 τοῦ
472 1966 590 2001 Χριστοῦ
607 1976 615 2000 ;
639 1957 800 2006 Ἐπίσιιεψαι
819 1957 848 1999 δέ

937 1965 1027 1992 eniam
1046 1974 1055 1990 ι
1071 1964 1186 1999 populus
1201 1964 1246 1999 qui
1269 1964 1380 1991 sedebat
1394 1963 1420 1991 in
1445 1963 1577 1996 tenebris,
1591 1963 1690 1991 viderit

38 2005 67 2031 εί
80 2004 199 2052 pilai?)
209 2014 218 2030 t
227 2004 241 2029 ὁ
250 2004 316 2037 λαὸς
325 2007 338 2033 ό
344 2009 497 2045 καθήμενος
504 2013 533 2039 ὲν
542 2013 629 2050 σκότῳ
637 2015 693 2050 φῶς
699 2013 751 2043 εἶδε
758 2004 838 2052 μέγα,
846 2028 853 2044 ι

937 2019 986 2039 :em
1017 2018 1142 2046 magnam
1155 2010 1190 2044 “,
1209 2020 1219 2037 ι
1236 2015 1264 2038 et
1279 2011 1406 2046 quoniam
1428 2019 1437 2036 ι
1455 2010 1500 2037 lux
1523 2010 1549 2037 in
1566 2010 1687 2038 tenebris

39 2050 98 2100 καὶ
109 2051 174 2100 ἐπεὶ
189 2061 198 2077 ι
210 2052 240 2100 τό
322 2054 351 2081 ἐν
363 2056 395 2091 τῇ
410 2057 505 2093 σκοτίᾳ
521 2059 622 2093 φαίνει,
635 2070 644 2086 ι
656 2061 693 2097 μὴ
707 2050 847 2100 καταλαμ-

937 2062 970 2085 :et
986 2067 996 2084 ›
1018 2065 1071 2085 non
1095 2057 1262 2092 deprehensa
1277 2057 1311 2084 ab
1326 2057 1393 2093 ipsis
1409 2057 1528 2084 tenebris
1536 2056 1571 2090 ⁸⁷,
1588 2057 1626 2084 illi
1639 2057 1686 2091 qui

36 2096 204 2132 ὀρινόμενον
220 2097 265 2124 ὑπ’
281 2099 377 2135 αὐτῆς,
392 2101 417 2127 οἱ
433 2103 461 2129 ἐν
475 2103 563 2140 σκότῳ
581 2096 761 2141 τυγχάνοντες
776 2096 848 2136 δέον-

937 2109 962 2131 ηι
978 2104 1005 2131 in
1022 2103 1157 2136 tenebris,
1174 2111 1270 2138 nempe
1295 2103 1437 2136 homines,
1453 2103 1513 2130 luce
1538 2103 1685 2137 indigeant.

34 2151 91 2170 ται
105 2143 210 2177 φωτὸς,
226 2145 366 2174 τουτέστιν
376 2147 400 2173 οί
411 2148 559 2184 ἄνθρωποι.
569 2151 666 2187 Ειγάρ
679 2153 710 2179 τὸ
724 2154 781 2188 φῶς
794 2155 848 2183 τῶν

941 2159 966 2178 In
983 2151 1006 2178 si
1024 2150 1069 2177 lux
1085 2150 1225 2178 hominum
1239 2150 1265 2177 in
1279 2149 1398 2177 tenebris
1411 2149 1493 2182 lucet,
1509 2149 1564 2184 92
1579 2150 1686 2184 quando

33 2189 206 2238 ἀνθρώπων
222 2191 250 2217 ἐν
265 2193 298 2227 τῇ
316 2193 410 2229 σκοτίᾳ
426 2195 530 2229 φαίνει,
553 2196 616 2224 ἔνθα
631 2198 756 2234 οὐδαμῶς
769 2201 846 2238 ἐνέρ-

939 2196 972 2223 lla
985 2197 1096 2224 omnino
1116 2197 1288 2224 tenebrarum
1311 2195 1433 2230 operatio
1449 2195 1512 2228 erit,
1534 2200 1598 2223 tunc
1619 2196 1687 2223 alias

32 2244 110 2270 γεια
122 2236 236 2284 σκοτίας
246 2239 376 2273 τυγχάνει
386 2260 393 2272 ,
406 2241 508 2278 ἐτέρων
523 2243 649 2271 ἐπινοιῶν
663 2245 710 2272 τοῦ
726 2236 845 2284 Χριστοῦ

33 2283 270 2318 κοινωνήσομεν,
294 2285 342 2313 νῦν
364 2287 467 2323 κυρίως
488 2289 536 2316 καὶ
555 2290 627 2318 κατὰ
639 2291 670 2318 τὸ
689 2292 800 2328 ἀκριὸἐς
814 2295 847 2321 οὺ,

32 2329 216 2365 μετέχοντες
228 2331 328 2359 αὐτῶν.
345 2333 407 2365 Πῶς
424 2334 479 2370 γὰρ
495 2336 645 2373 μετέχομεν
665 2338 747 2374 ζωῆς,
763 2340 788 2366 οἱ
804 2339 845 2367 ἐτι

28 2375 68 2402 τὸ
90 2375 179 2411 σῶμα
190 2376 238 2402 τοῦ
252 2376 364 2405 θανάτου
380 2381 566 2416 περικείμενοι
585 2391 594 2415 ;
610 2393 619 2408 ι
630 2380 680 2409 Ὧν
692 2385 709 2420 ἡ
727 2384 784 2421 ζωὴ
797 2386 843 2413 κέ-

29 2430 173 2468 κρυπται
197 2423 245 2449 σὺν
270 2423 310 2458 τῷ
327 2425 438 2461 Χριστῷ
463 2427 492 2453 ἐν
511 2427 550 2464 τῷ
563 2428 622 2464 Θεῷ
636 2437 643 2462 ;
663 2430 746 2458 Ὅταν
761 2431 816 2468 γὰρ
829 2432 843 2458 ὁ

26 2466 170 2504 Χριστὸς
186 2469 340 2506 φανερωθῇ,
353 2472 370 2506 ὴ
387 2470 444 2507 ζωὴ
456 2473 545 2509 ἡμῶν,
562 2474 622 2501 τότε
637 2476 684 2502 καὶ
697 2477 779 2511 ἡμεῖς
794 2466 843 2505 σὺν

25 2515 123 2552 αὐτῷ
137 2517 389 2554 φανερωθησόμεθα
402 2520 431 2546 ὲν
446 2520 520 2558 δόξῃ.
540 2531 549 2548 ι
565 2523 621 2558 Οὐχ
637 2521 693 2550 οἷόν
704 2532 733 2550 τε
749 2522 796 2551 οὖν
808 2522 842 2560 ἦν

23 2563 85 2591 τὸν
107 2560 226 2589 ἐλθόντα
243 2565 417 2601 μαρτυρῆσαι
441 2568 505 2603 περὶ
527 2568 576 2604 τῆς
596 2568 669 2605 ζωῆς
682 2570 734 2606 τῆς
755 2571 796 2598 ἔτι
811 2570 845 2599 ἂν

24 2608 244 2645 κρυπτομένης
263 2610 311 2637 σὺν
323 2611 363 2647 τῷ
378 2612 489 2649 Χριστῷ
508 2615 537 2641 ἐν
550 2615 589 2650 τῷ
606 2616 675 2652 Θεῷ.
698 2617 767 2644 Ἀλλ’
784 2618 845 2645 οὐδὲ

21 2654 131 2692 ἦλθεν
145 2655 186 2686 εις
199 2656 362 2692 μαρτυρίαν,
372 2657 415 2685 ἵνα
432 2661 594 2698 μαρτυρήσῃ
609 2662 732 2698 περὶτοῦ
745 2663 843 2698 Λόγου,

21 2702 136 2737 Λόγον
150 2702 166 2737 ή
171 2702 230 2736 μῶν
241 2703 372 2731 νοούντων
386 2704 431 2732 τὸν
443 2706 473 2732 ἐν
484 2706 554 2743 ἀρχῇ
566 2707 635 2743 πρὸς
646 2707 691 2734 τὸν
707 2708 783 2743 Θεὸν,
799 2709 846 2737 καὶ

900 2240 1001 2269 Christi
1031 2241 1265 2269 considerationes
1287 2241 1527 2276 participabimus,
1554 2249 1614 2268 cum
1633 2241 1686 2268 Ini—

900 2287 972 2315 nime
995 2287 1068 2322 ipsas
1090 2288 1200 2322 proprie
1222 2295 1312 2320 nunc,
1331 2291 1358 2315 et
1381 2292 1458 2315 certo
1481 2287 1684 2322 partieipemus.

899 2334 967 2361 Nam
987 2335 1122 2369 quomodo
1145 2335 1205 2362 vitae
1225 2334 1371 2370 participes
1396 2341 1500 2367 sumus,
1527 2334 1573 2368 qui
1598 2335 1686 2362 adhuc

898 2387 1013 2415 corpore
1029 2380 1080 2408 hoc
1094 2380 1202 2408 mortali
1225 2380 1451 2408 circumdamur?
1468 2388 1478 2406 ι
1493 2380 1613 2413 Quorum
1631 2382 1687 2408 vita

896 2427 1055 2454 abscondita
1070 2431 1111 2455 est
1125 2434 1177 2454 una
1189 2434 1250 2454 cum
1267 2427 1375 2454 Christo
1388 2427 1413 2454 in
1439 2426 1495 2454 Deo
1508 2427 1520 2454 Ὶ
1532 2427 1598 2455 Cum
1613 2429 1686 2455 enim

898 2472 1023 2500 Christus
1051 2473 1206 2507 apparuerit
1231 2473 1284 2500 vita
1311 2477 1416 2506 nostra,
1431 2478 1494 2500 tunc
1507 2478 1535 2501 et
1556 2481 1604 2501 nos
1619 2481 1681 2501 eum

897 2518 955 2553 ipso
978 2518 1170 2553 apparebimus
1183 2519 1209 2545 in
1224 2519 1308 2554 gloria
1327 2519 1361 2546 ⁵⁸.
1381 2529 1391 2546 ι
1411 2518 1497 2546 Homo
1512 2526 1577 2554 ergo
1596 2519 1686 2547 nullus

895 2565 942 2600 qui
968 2566 1098 2598 venisset,
1117 2565 1256 2593 testiﬁcari
1283 2570 1389 2600 poterat
1405 2566 1438 2594 de
1456 2567 1511 2593 vita
1535 2566 1683 2594 etiamnum

894 2619 956 2639 cum
970 2611 1078 2640 Christo
1091 2612 1250 2640 abscondita
1264 2612 1290 2640 iu
1308 2612 1371 2640 Deo.
1393 2612 1446 2640 Sed
1459 2620 1545 2647 neque
1562 2612 1634 2639 venit
1651 2612 1695 2640 ad«

896 2658 1109 2692 testiﬁcandum,
1124 2663 1153 2686 ut
1179 2659 1372 2686 testiﬁcaretur
1401 2658 1435 2686 de
1455 2657 1608 2687 Sermone:
1624 2659 1685 2686 Ser-

896 2713 1005 2734 monem
1031 2705 1268 2733 considerantibus
1294 2705 1373 2733 nobis
1399 2705 1427 2733 in
1450 2705 1582 2740 principio
1611 2706 1683 2740 apud

67 2756 276 2799 fpranJﬂL
306 2758 490 2799 '_’Luc.t,l7.
529 2761 808 2797 “Mattli.xt,l~i,15.
847 2766 1037 2799 "Joan.t,6.
1075 2763 1458 2799 ‘°lsa.lx,2;1tlatth.tv,16.
1498 2763 1681 2798 "Joan.t,5.

23 2798 53 2814 ⁵³
69 2795 178 2823 Culus.
198 2802 246 2826 ιιι,
260 2795 289 2827 5,
303 2794 332 2822 4.

72 2838 155 2876 (ἰδ’)
175 2839 256 2875 Legit
269 2839 405 2875 interpres
418 2839 508 2875 εἰμὴ,
528 2839 591 2868 ἐπεὶ
610 2842 626 2867 ὀ
639 2842 722 2883 λαὸς,
739 2851 764 2870 κ.
781 2852 804 2870 τ.
825 2842 850 2871 λ.
