1872 3041
229 72 276 104 185

959 78 1121 108 ORIGENIS

1800 79 1840 107 illi

222 135 307 164 Deum
322 138 355 170 ",
372 142 398 165 et
413 137 495 164 Deum
517 137 674 164 Sermonem
692 145 699 165 :
719 144 800 172 super
820 143 918 165 terram
936 139 990 166 enit

1077 139 1126 165 ἐὸν
1141 138 1241 172 Λόγον·
1261 137 1307 164 ἐπι
1321 137 1371 173 γῆς
1386 136 1440 172 γὰρ
1450 137 1465 163 ὁ
1476 136 1560 172 Λόγος
1576 134 1645 173 σὰρξ
1659 136 1778 172 ἐγένετο.
1795 138 1842 164 Καὶ

223 185 321 211 Sermo
335 184 424 211 factus
442 189 484 211 est
507 191 571 212 caro
586 185 621 212 “.
637 184 668 212 Et
698 184 794 212 fuisset
824 185 1008 212 testimonium

219 229 357 266 (quamvis
383 231 544 265 quibusdam
570 231 711 259 videretur
735 239 796 259 esse
815 232 848 259 de
865 231 1007 268 Sermone)

221 277 329 311 proprie
352 276 494 304 dicendum
508 278 541 304 de
561 277 693 305 Sermone
709 277 755 312 qui
770 277 856 305 factus
871 283 914 305 est
931 285 1005 308 caro,

219 329 273 350 non
288 329 375 350 autent
389 323 423 350 de
436 323 568 351 Sermone
583 323 630 351 Dei
642 333 650 356 ;
664 330 749 359 quare
762 331 814 351 non
830 323 904 351 venit
923 329 952 351 ut
965 329 1006 351 le-

217 368 382 395 stiliearctnr
398 368 432 395 de
450 368 594 396 Sermone.
610 368 753 402 Quomodo
774 368 831 396 fieri
853 376 918 396 vero
931 373 1007 403 pote-

217 419 260 441 rat
278 414 462 442 testimonium
476 415 510 442 de
525 415 658 450 sapientia
672 422 738 449 pure
753 414 896 450 lucideqne
910 422 1004 442 verum

211 465 271 487 ‘non
286 459 504 495 dispicientibus,
517 460 625 487 etiamsi
634 460 823 487 existimarent
836 467 865 487 se
874 467 1006 494 agnosce-

214 511 256 537 re,
271 507 317 534 sed
330 506 506 534 cernentibus
518 513 567 541 per
581 506 718 541 speculum
730 510 758 534 et
770 506 796 533 in
809 507 951 541 aenigmate
962 505 1004 533 ⁸ιῖ

214 551 333 579 Proinde
347 551 490 586 probabile
507 556 549 579 est
565 551 696 583 futurum,
726 556 755 578 ut
773 556 836 578 ante
855 551 1003 578 secundum

213 602 240 625 et
256 597 419 625 dlviniorem
434 597 533 625 Christi
549 598 694 625 adventum
715 596 807 624 veniat
820 596 939 624 horines
957 601 1004 624 aut

213 645 287 672 Elias
313 645 347 672 ad
373 645 572 672 testificandum
597 645 630 672 de
653 644 730 677 vita,
749 643 831 678 paulo
857 648 1002 677 antequam

212 689 338 717 Christus
354 689 569 718 manifestaudus
591 691 625 717 sit
643 690 699 717 vita
719 694 823 722 nostra,
841 697 873 717 ac
894 693 951 717 tum
969 690 1002 717 de

213 735 345 762 Sermone
356 735 526 763 testificaturi
541 736 597 763 sint
606 736 797 771 ostensurique
816 735 1000 764 testimonium

211 783 245 809 de
254 781 399 816 sapientia.
410 781 584 818 lndagatione
600 787 690 810 autem
697 788 796 818 egetan
803 784 830 812 in
840 789 1001 818 unaquaque

209 815 430 855 consideratione
452 815 489 855 (ιὲ
509 828 618 856 Christo
641 815 796 856 testilicatio
823 815 935 857 Joaniiis
957 815 1001 856 sit
1015 815 1036 842 Β

209 873 293 900 Veluti
307 881 470 909 praecursor.
488 873 551 902 llzec
560 874 668 910 quidem
683 874 709 901 in
730 874 793 902 illud
808 881 816 900 :
835 884 844 901 ι
860 874 908 902 llic
924 874 998 902 venit

209 921 243 947 ad
262 920 473 953 testificandum,
491 926 519 948 ut
534 921 726 948 testificaretur
741 921 774 948 de
784 921 844 949 luce
852 922 904 950 ⁸³.»
917 921 997 949 Dein-

208 974 273 1000 ceps
287 974 350 995 vero
365 967 597 994 considerandum
609 973 651 995 est
665 969 729 1003 quid
757 967 935 996 commentari
950 967 997 994 de-

208 1012 321 1040 beamus
333 1013 359 1040 in
370 1012 433 1040 illud
447 1021 454 1039 :
467 1022 478 1038 ι
492 1012 629 1042 Utomnes
640 1014 782 1042 crederent
793 1021 841 1049 per
859 1013 932 1041 illum
949 1013 999 1042 ".r

1058 182 1091 219 ἦν
1106 184 1139 211 ἂν
1154 183 1301 220 μαρτυρία,
1316 183 1351 219 (ει
1362 183 1408 210 καὶ
1423 182 1509 209 ἐδόκει
1526 183 1646 217 γίνεσθαι
1659 184 1726 218 περὶ
1741 183 1788 209 τοῦ
1802 184 1842 209 M-

1057 230 1129 266 γου,)
1144 230 1246 266 κυρίως
1264 229 1297 256 ἂν
1311 229 1498 265 λεχθησομένη
1515 230 1532 264 ὴ
1555 229 1619 264 περὶ
1634 229 1722 263 Λόγου
1743 230 1844 264 γενομέ-

1057 285 1103 303 νου
1119 276 1218 313 σαρκὸς
1229 296 1238 309 ,
1260 274 1320 311 οὐχὶ
1337 275 1365 301 δὲ
1382 275 1469 309 Λόγου
1486 275 1563 301 Θεοῦ
1589 275 1684 311 διόπερ
1700 276 1754 302 οὐκ
1771 273 1843 311 ἦλθεν

1057 321 1101 349 ἵνα
1123 322 1288 358 μαρτυρήσῃ
1310 322 1374 357 περὶ
1395 321 1442 348 τοῦ
1467 321 1564 356 Λόγου.
1585 321 1647 354 Πῶς
1666 322 1695 348 δὲ
1713 322 1843 357 μαρτυρία

1056 368 1160 402 ἐγίνετο
1175 367 1230 403 (2⁵1)
1253 367 1377 402 γίνεσθαι
1393 367 1457 403 περὶ
1470 367 1520 403 τῆς
1537 367 1633 402 σοφίας
1651 369 1721 400 τοῖς,
1748 367 1798 394 κᾶν
1808 369 1844 394 ῶ-

1056 414 1140 441 κῶσιν
1153 414 1310 448 ἐγνωκέναι,
1319 413 1350 440 οὐ
1366 414 1396 440 τὸ
1410 413 1538 449 καθαρῶς
1550 413 1648 449 ἀληθὲς
1659 414 1842 447 κατανοοῦσιν,

1055 459 1123 486 ἀλλὰ
1140 459 1268 494 βλέπουσι
1282 459 1315 485 δι’
1329 459 1463 495 ἐσόπτρου
1477 459 1524 486 καὶ
1541 460 1570 485 ὲν
1586 459 1752 494 αἰνίγματα
1770 460 1842 492 Εἰκὸς

1056 505 1179 540 μέντοιγε
1196 505 1249 541 πρὸ
1261 504 1310 537 τῆς
1327 505 1457 541 δευτέρας
1473 505 1529 540 (93)
1551 505 1597 532 καὶ
1618 505 1761 541 θειοτέρας
1785 507 1844 542 Χρι-

1055 551 1117 578 στοῦ
1131 551 1278 587 ἐπιδημίας
1291 551 1450 578 ἐλεύσεσθαι
1467 552 1675 587 μαρτυρήσοντα
1695 552 1744 578 τὸν
1763 552 1844 579 Ἰωάν-

1053 605 1112 633 νην,
1135 597 1153 633 ἢ
1175 597 1266 624 Ἠλίαν
1289 598 1353 634 περὶ
1373 598 1463 633 ζωῆς,
1483 598 1536 634 πρὸ
1555 598 1646 632 ὀλίγου
1667 599 1715 625 τὸν
1733 598 1844 635 Χριστὸν

1053 643 1294 679 φανερωθήσεσθαι
1305 643 1354 678 τὴν
1368 642 1440 679 ζωὴν
1454 644 1533 679 ἡμῶν
1545 652 1551 658 ·
1567 644 1614 670 καὶ
1627 643 1688 670 τότε
1704 645 1844 680 μαρτυρή-

1053 698 1109 716 σειν
1123 687 1187 726 περὶ
1200 689 1247 716 τοῦ
1264 689 1361 724 Λόγου,
1377 690 1563 725 παραστήσειν
1575 699 1604 716 τε
1617 689 1647 716 to
1661 691 1728 726 περὶ
1742 691 1793 726 τῆς
1807 699 1844 716 σο-

1052 735 1117 770 φίας
1133 734 1292 772 μαρτύριον.
1310 735 1431 762 Βασάνου
1448 735 1476 761 δὲ
1490 735 1575 762 δεῖται
1593 736 1616 762 εἰ
1631 735 1738 762 ἔνεστιν
1756 733 1811 762 οἷον
1829 736 1844 770 ἡ

1057 781 1181 808 Ἰωάννου
1200 781 1336 817 μαρτυρία
1351 781 1504 817 πρόδρομος
1522 781 1623 817 ἑκάστῃ
1644 781 1699 808 τῶν
1719 781 1770 808 τοῦ
1785 781 1846 816 Χρι-

1053 827 1116 855 στοῦ
1133 827 1268 854 ἐπινοιῶν.
1289 827 1382 855 Ταῦτα
1396 827 1446 863 μὲν
1461 828 1502 859 εἰς
1517 828 1561 853 τόο
1583 837 1592 853 ι
1608 825 1692 859 Οὗτος
1711 826 1798 863 ἦλθεν
1811 827 1845 858 εἰς

1053 874 1216 911 μαρτυρίαν,
1232 874 1277 901 ἵνα
1292 875 1454 910 μαρτυρήσῃ
1471 874 1535 910 περὶ
1551 873 1597 900 τοῦ
1614 874 1714 908 φωτός.
1739 883 1748 899 ι
1771 874 1846 907 Ἑξῆς

1051 921 1080 948 δὲ
1095 920 1275 948 ἐπισκεπτέον
1290 920 1317 946 τί
1336 920 1377 947 δεῖ
1397 921 1467 948 νοεῖν
1484 920 1525 952 εἰς
1544 919 1672 949 τόΊΊνσ.
1686 919 1793 951 πάντες
1805 927 1846 945 πια

1052 967 1185 994 στεύσωσι
1201 966 1234 994 δι’
1246 966 1327 993 αὑτοῦ
1333 986 1339 992 .
1347 978 1358 996 ι

260 1140 307 1168 EX
325 1140 442 1170 EODEM
460 1140 557 1172 TOMO
572 1141 605 1178 ll,
629 1141 718 1173 APUD
732 1142 936 1174 PAMPHILUM
955 1143 1150 1174 MARTYREM
1170 1145 1204 1174 IN
1224 1120 1411 1177 Αροιοσιέι
1429 1143 1500 1174 PRO
1521 1142 1692 1173 ORIGENE
1716 1144 1790 1181 (‘29).

242 1208 409 1247 Unigeuitus
418 1221 483 1248 ergo
497 1214 568 1243 Deus
582 1215 708 1243 Salvator
725 1221 819 1244 noster
830 1217 903 1244 solus
914 1225 928 1244 a
946 1217 995 1244 Pa-

205 1259 249 1286 tre
260 1265 415 1294 generatus,
432 1265 527 1287 natura
542 1266 570 1289 et
591 1269 645 1289 non
668 1261 814 1296 adoptione
830 1263 916 1290 Filius
938 1268 994 1295 est;

205 1311 285 1334 natus
307 1312 396 1334 autem
420 1315 452 1334 ex
469 1308 527 1342 ipsa
551 1307 641 1335 Patris
661 1314 762 1340 mente,
779 1308 850 1336 sicut
872 1309 996 1337 voluntas

202 1361 236 1381 ex
256 1359 356 1381 mente.
378 1351 436 1381 Non
460 1354 532 1381 enim
549 1354 696 1383 divisibilis
714 1360 755 1383 est
777 1356 867 1383 divina
887 1361 994 1388 natura.

204 1397 231 1426 ιι
243 1405 285 1426 est
296 1399 407 1434 ingeniti
417 1398 519 1432 Patris,
527 1404 556 1427 ut
570 1406 697 1435 putemus
709 1401 892 1430 veldivisione
899 1402 940 1429 vel
949 1401 998 1429 im-

203 1445 356 1472 minutione
377 1446 535 1474 substantia:
550 1447 609 1482 ejus
627 1445 722 1474 Filium
737 1455 797 1476 ease
813 1449 994 1484 progenitum.

203 1486 257 1519 Sed
266 1493 324 1519 sive
333 1499 424 1525 meus,
432 1493 490 1521 sive
505 1500 563 1527 cor,
578 1498 624 1521 aut
638 1501 734 1523 sensus
747 1495 780 1522 de
797 1492 850 1522 Deo
865 1495 997 1523 dicendus

203 1593 227 1619 E
244 1592 389 1627 QUA-RTO
404 1592 505 1620 T0310
517 1593 560 1620 IN
584 1590 833 1622 EVANCELIUM
859 1594 1029 1628 SECUN-C

420 1639 502 1667 DUM
516 1639 712 1669 JOANNEM.

409 1687 509 1714 Tribus
523 1695 537 1714 a
555 1687 690 1722 principio
703 1687 784 1716 foliis.

235 1730 290 1769 93
308 1733 329 1760 Ι.
345 1733 396 1767 Qui
420 1733 517 1760 dividit
532 1732 603 1767 apud
619 1740 649 1760 se
663 1741 768 1766 vocem,
786 1738 814 1762 et
829 1733 991 1770 signiﬁcata,

201 1784 228 1807 et
242 1788 294 1811 res,
308 1787 357 1814 pro
376 1779 475 1814 quibus
489 1779 615 1806 notiones
628 1784 775 1814 ponuntur,
790 1788 842 1808 non
860 1780 993 1817 impinget

201 1826 233 1853 ad
250 1825 434 1854 soloecismum
449 1825 535 1859 vocis,
552 1833 614 1853 cum
632 1831 820 1860 perscrutatus
837 1833 880 1854 res
892 1828 990 1862 quibus

199 1871 384 1907 significandis
398 1878 479 1899 voces
492 1871 668 1904 adhibentur,
679 1879 760 1899 sanas
773 1876 800 1898 et
814 1873 933 1907 integras
948 1873 990 1899 in-

197 1919 327 1952 venerit;—
346 1918 465 1945 max-imo
485 1925 550 1945 vero
563 1925 625 1944 cum
639 1919 820 1951 proliteantur
836 1917 887 1944 viri
901 1918 989 1945 sancti

198 1972 350 1992 sermonem
375 1971 453 1991 suum
471 1971 483 1988 ι
504 1967 531 1989 ct
550 1961 717 1997 praeconium
729 1980 739 1995 ,
758 1969 811 1989 non
834 1962 860 1989 in
878 1971 989 1998 persua-

197 2011 275 2038 sione
293 2009 433 2045 sapientia:
452 2008 608 2037 verborum.
628 2008 676 2035 sed
703 2008 730 2035 in
755 2008 988 2037 demonstratione

197 2056 312 2091 spiritus
326 2060 353 2082 et
366 2054 508 2089 potestatis
529 2063 539 2080 ι
556 2061 616 2082 esse
629 2053 663 2080 ".

1049 1222 1100 1251 est,
1124 1219 1294 1246 indiscussus
1310 1225 1483 1253 permanens.
1499 1225 1608 1253 germen
1636 1217 1787 1252 proferens
1801 1225 1845 1245 vo-

1049 1265 1171 1298 luntatis,
1188 1265 1275 1293 factus
1289 1271 1330 1293 est
1355 1264 1437 1292 Verbi
1461 1264 1559 1296 Pater;
1577 1264 1650 1299 quod
1679 1263 1804 1291 Verbum
1821 1264 1845 1290 in

1049 1311 1111 1339 sinu
1132 1311 1220 1348 Patris
1240 1312 1431 1346 requiescens,
1447 1311 1592 1338 annuntiat
1610 1319 1619 1335 ι
1640 1309 1739 1341 Deum,
1763 1318 1845 1345 quem

1049 1365 1129 1385 nemo
1142 1357 1208 1384 vidit
1225 1364 1344 1391 unquam
1353 1357 1402 1390 “,r
1412 1361 1439 1384 et
1451 1356 1554 1384 revelat
1567 1355 1689 1388 Patrem,
1701 1363 1785 1390 quem
1801 1362 1848 1383 ne-

1050 1411 1095 1433 mo
1111 1403 1236 1439 coguovit
1247 1403 1298 1430 nisi
1315 1403 1373 1438 ipse
1392 1403 1468 1431 solus
1479 1403 1512 1436 ⁸⁵,
1526 1403 1568 1431 his
1581 1409 1649 1438 quos
1663 1402 1698 1430 ad
1709 1410 1776 1430 cum
1795 1402 1844 1429 Pa-

1047 1454 1088 1477 ter
1102 1449 1221 1477 cwlcstis
1237 1448 1380 1477 attraxerit
1400 1448 1434 1476 “.

1058 1594 1107 1622 ΕΚ
1119 1594 1190 1622 ΤΟΥ
1201 1592 1389 1621 ῙῈΤᾹΡΤΟΥ
1402 1591 1606 1619 ΤΟΜΟΥῙὩΝ
1615 1590 1678 1618 ΕΙΣ
1695 1591 1741 1619 T0
1754 1592 1846 1620 ΚΑἵῖλὶ

1320 1633 1481 1666 ΙΩΑΝΜΙΝ
1497 1636 1564 1672 (ac).

1224 1684 1301 1712 Μετὰ
1317 1684 1380 1719 τρία
1395 1682 1481 1718 φύλλα
1494 1683 1545 1718 τῆς
1560 1681 1660 1718 ἀρχῆς.

1083 1734 1109 1760 Ι.
1125 1732 1154 1761 '0
1165 1731 1280 1769 διαιρῶν
1288 1731 1353 1768 παρ’
1363 1728 1451 1765 ἑαυτῷ
1461 1729 1563 1765 φωνὴν,
1575 1729 1622 1756 καὶ
1639 1729 1845 1765 σημαινόμενα,

1047 1779 1094 1807 καὶ
1109 1780 1258 1815 πράγματα
1268 1798 1275 1810 ,
1297 1777 1360 1804 καῦ⁴
1381 1774 1419 1803 ὧν
1435 1775 1523 1803 κεῖται
1538 1775 1573 1802 τὰ
1587 1775 1797 1811 σημαινόμενα,
1815 1775 1844 1802 σὺ

1045 1824 1194 1862 προσκόψει
1208 1825 1249 1861 τῷ
1263 1825 1316 1852 τῶν
1332 1822 1428 1858 φωνῶν
1445 1820 1618 1858 σολοικισμῷ,
1636 1822 1706 1848 ἐπὰν
1720 1822 1845 1855 ἐρευνῶν

1044 1871 1157 1908 εὑρίσκῃ
1171 1870 1227 1906 (51)
1241 1869 1275 1897 τὰ
1287 1869 1447 1906 πράγματα,
1456 1867 1522 1894 καθί
1532 1864 1569 1894 ὧν
1581 1868 1685 1894 κεῖνται
1700 1867 1730 1894 αἱ
1742 1867 1843 1901 φωναὶ,

1045 1918 1122 1953 ὑγιῆ-
1139 1917 1186 1944 καὶ
1201 1915 1317 1952 μάλιστα
1331 1915 1400 1942 ἐπὰν
1420 1913 1588 1950 ὁμολογῶσιν
1606 1913 1631 1939 οἱ
1650 1913 1726 1947 ἅγιοι
1742 1913 1843 1949 ἄνδρες

1043 1963 1176 1999 τὸνλόγον
1190 1963 1279 1990 αὐτῶν
1296 1972 1306 1988 ι
1325 1962 1372 1989 καὶ
1384 1961 1414 1988 τὸ
1430 1959 1630 1997 κήρυγμα,οὑκ
1646 1960 1676 1985 ὲν
1692 1960 1788 1986 πειθοῖ
1799 1969 1846 1987 σο-

1041 2009 1104 2044 φίας
1118 2009 1172 2036 τῶν
1183 2009 1270 2043 λόγων
1283 2007 1350 2044 (5‘2),
1361 2007 1418 2034 ἀλλ’
1427 2007 1458 2033 ὲν
1471 2005 1606 2039 ἀποδείξει
1622 2004 1783 2041 πνεύματος
1794 2007 1845 2034 καὶ

1042 2053 1193 2090 δυνάμεως.
1203 2067 1211 2082 ι

233 2113 256 2128 ³·
268 2111 377 2142 Joanu,
396 2111 419 2137 ι.
459 2110 484 2146 f°
495 2109 562 2146 ibid.
582 2110 625 2137 Η.
664 2109 685 2126 ⁸³
706 2109 716 2137 l
734 2110 797 2139 Cor.
819 2116 880 2144 xm,
896 2111 940 2139 12.
985 2112 990 2127 ¹

1077 2120 1102 2139 ιι.
1120 2119 1141 2146 t,
1159 2111 1186 2139 7.
1227 2109 1251 2127 "
1265 2111 1332 2139 ibid.
1371 2110 1394 2126 "
1412 2109 1478 2138 ibid.
1499 2109 1543 2137 18.
1583 2108 1605 2125 ⁸³
1616 2108 1712 2136 Matth.
1730 2117 1771 2143 ιι,
1795 2110 1844 2139 27.

197 2146 358 2178 “Joan.vr,
372 2146 416 2173 Η.
455 2145 477 2162 ⁸⁷
494 2144 503 2171 l
518 2145 581 2174 Cor.
599 2153 629 2177 ιι.
647 2145 674 2172 4.

235 2206 292 2244 (27)
310 2208 452 2244 Ἐγίνετο,
468 2207 540 2241 Lege
550 2207 671 2244 ὲδύνατο.

234 2241 395 2279 (28)Εἰκὸς
415 2243 551 2279 μέντοιγε
573 2242 630 2279 πρὸ
656 2241 711 2276 τῆς
738 2241 890 2279 δευτέρας.
921 2241 987 2270 Vide

197 2274 258 2314 quia
271 2274 352 2312 supra
371 2274 404 2304 all
415 2274 568 2305 L‘ommIin
592 2274 691 2305 Matth.
704 2284 760 2304 xvu
776 2274 858 2312 super
869 2274 921 2305 hoc
939 2284 985 2304 ar-

198 2319 328 2351 gumento
345 2314 488 2351 observata
506 2315 580 2340 sunt.

233 2349 290 2386 (29)
306 2348 394 2375 llocce
408 2347 613 2386 fragmentum,
631 2348 703 2381 quod
731 2354 746 2386 ο
767 2347 887 2375 secundo
914 2352 987 2375 tomo

197 2382 389 2418 depromptum
406 2383 502 2416 fertur,
520 2382 614 2410 nullibi
633 2388 722 2409 tamen
740 2382 767 2410 in
789 2390 824 2410 eo
847 2388 988 2418 tomorre-

196 2417 286 2455 peries
298 2417 395 2455 {unde
411 2417 452 2445 vel
461 2418 658 2455 detrimentum
672 2425 733 2445 eum
748 2425 808 2455 esse
822 2417 987 2455 concluden-

197 2452 260 2482 ilum
270 2455 322 2485 est,
335 2453 377 2480 vel
392 2453 587 2488 suspicandum
603 2452 783 2488 fragmentum
799 2453 869 2480 istud
884 2459 898 2480 e
913 2456 986 2488 tomo

183 2490 294 2525 'quinto
310 2497 370 2516 esse
387 2487 603 2525 depi-omptum,_
614 2487 892 2525 quemadmodum‘et
919 2487 984 2515 illud

196 2522 268 2560 quod
291 2533 323 2551 ex
349 2524 445 2560 eodeni
468 2527 541 2560 torno
563 2522 631 2550 infra
645 2522 808 2560 adierimus.
839 2523 872 2560 Et
889 2530 985 2560 revera

198 2557 270 2587 illem
284 2563 326 2586 est
347 2559 489 2593 utriusque
506 2558 652 2593 fragmenti
671 2558 789 2590 initium,
805 2558 900 2585 eadem
927 2557 985 2586 fere

195 2596 295 2626 Verba;
310 2594 357 2621 sed
371 2601 432 2621 enm
448 2594 522 2628 prius
536 2593 678 2627 Pamphilo
695 2594 863 2627 probandum
879 2593 983 2620 incunt-

196 2630 274 2658 b-trct
291 2635 325 2656 ex
347 2628 400 2656 Deo
415 2628 495 2655 Patre
507 2628 594 2664 (juxta
612 2628 770 2664 Qrigenem)
795 2628 894 2664 Filium
921 2635 983 2664 esse

197 2670 305 2696 natum,
322 2670 351 2691 et
368 2664 449 2691 unius
462 2662 523 2692 esse
538 2671 601 2691 cum
620 2662 701 2690 Patre
725 2662 898 2694 substantiae,
914 2662 984 2690 alie-

197 2708 261 2727 nmn
288 2707 352 2727 vero
384 2707 399 2726 a
427 2699 586 2726 substantiis
614 2703 812 2729 creaturarum,
841 2701 983 2731 postquam

197 2735 267 2762 dixit
282 2744 289 2762 :
309 2743 319 2760 ι
337 2732 496 2769 Unigenitus
510 2733 597 2761 Filius
613 2733 741 2760 Salvator
757 2737 861 2762 noster.
875 2734 920 2765 qui
935 2739 981 2759 so-

196 2770 239 2796 lus
255 2777 287 2797 ex
303 2770 384 2797 Patre
395 2768 479 2797 natus
502 2774 554 2803 est,
570 2768 643 2796 solus
662 2773 758 2794 natura
781 2772 809 2794 ut
835 2775 887 2803 non
917 2768 984 2794 ado-

197 2805 290 2840 ptione
310 2805 394 2834 Filius
407 2810 457 2840 est,
476 2814 485 2831 ι
503 2805 598 2834 relicto
623 2803 741 2838 quodam
770 2802 926 2836 intervallo,
950 2804 983 2830 ad

1005 2209 1027 2236 D

1042 2206 1203 2247 posteriora,
1216 2214 1280 2247 quae
1294 2206 1328 2247 ad
1344 2214 1409 2247 rem_
1422 2206 1847 2247 probandam_pertiuent,usta-

1042 2243 1089 2269 tim
1107 2241 1280 2276 progreditur
1297 2241 1340 2269 his
1354 2241 1445 2269 verbis
1461 2249 1467 2267 :
1487 2251 1495 2267 I
1519 2241 1584 2269 Item
1600 2242 1625 2269 in
1641 2243 1739 2270 eodem
1755 2244 1844 2271 libro.

1040 2276 1119 2313 Unus
1133 2284 1203 2313 ergo
1227 2281 1281 2313 est.
1305 2285 1315 2302 ι
1334 2282 1388 2313 etc.
1408 2276 1491 2303 Paulo
1501 2281 1567 2313 post
1579 2284 1654 2310 vero,
1677 2283 1705 2304 ut
1734 2280 1843 2313 probet

1040 2319 1074 2339 ex
1093 2311 1210 2346 Origene
1229 2311 1327 2339 Filium
1343 2312 1388 2339 Dei
1406 2319 1454 2345 per
1471 2312 1652 2346 prolationem
1668 2311 1765 2339 natum
1784 2323 1845 2341 non

1039 2354 1110 2379 esse,
1126 2347 1196 2373 idem
1213 2347 1295 2374 hocce
1312 2346 1420 2374 initium
1436 2348 1559 2378 resumit,
1574 2346 1653 2380 cujus
1661 2352 1845 2381 contextum,

1040 2387 1123 2416 quem
1138 2382 1182 2408 hic
1197 2382 1368 2416 exhibemus,
1386 2382 1430 2408 ubi
1447 2389 1480 2409 ea
1497 2382 1530 2409 de
1542 2390 1572 2409 re
1583 2384 1685 2416 agitur,
1703 2385 1739 2410 ad
1752 2383 1845 2411 liuent

1042 2413 1129 2452 tis-que
1149 2416 1320 2452 transcribit.
1341 2413 1443 2444 Deinde
1462 2417 1588 2451 quamvis
1601 2413 1686 2444 'nulla
1710 2421 1845 2447 auctori-

1042 2451 1093 2485 tas,
1110 2451 1190 2479 nulla!
1203 2452 1341 2480 variantes
1356 2452 1488 2480 lectiones
1503 2453 1669 2480 admoneant
1684 2458 1794 2481 tornum
1820 2464 1842 2482 ιι

1040 2495 1090 2522 pro
1106 2491 1178 2515 lomo
1189 2495 1205 2514 v
1217 2488 1334 2522 positum
1351 2494 1411 2515 esse
1427 2488 1452 2514 in
1468 2487 1595 2522 Apologia
1610 2487 1761 2521 Pamphili,
1781 2489 1844 2516 Rn-

1040 2523 1112 2550 linns
1127 2523 1184 2557 ipse
1211 2522 1291 2555 hujus
1305 2523 1439 2557 interpres
1455 2522 1535 2549 facile
1557 2523 1645 2557 potuit
1662 2524 1765 2556 decipi.
1799 2526 1842 2552 lix

1039 2558 1129 2585 littera
1144 2557 1216 2585 enim
1230 2558 1260 2593 ill
1276 2558 1346 2584 unde
1359 2558 1470 2592 quintus
1485 2565 1613 2593 numerus
1628 2558 1700 2593 apud
1717 2558 1840 2587 Graecos

1038 2593 1212 2626 exprimitur,
1226 2592 1307 2620 facile
1323 2594 1353 2620 lit
1380 2600 1510 2620 numerus
1524 2592 1555 2625 ll,
1568 2594 1591 2619 si
1608 2592 1683 2620 linea
1702 2595 1842 2628 superius

1039 2633 1193 2654 transversa
1210 2633 1256 2655 aut
1270 2635 1322 2655 non
1339 2628 1496 2655 advertatur
1511 2632 1558 2654 ant
1573 2628 1709 2655 deleatur.

1072 2661 1128 2698 (50)
1146 2663 1203 2700 Ἐκ»
1213 2663 1433 2700 τρᾷζετᾴρτου,
1447 2669 1500 2690 etc.
1514 2663 1610 2691 Exstat
1624 2665 1676 2692 hoc
1693 2663 1841 2700 fragtnen<

1035 2700 1093 2723 tum
1113 2705 1173 2731 cap.
1192 2698 1209 2725 4
1224 2697 1392 2725 Philocalite.

1072 2732 1129 2771 (ξι)
1141 2733 1287 2771 ιξιὶρίσκῃ-⁹
1300 2733 1347 2761 Sic
1363 2741 1441 2771 mss;
1455 2733 1523 2771 libb.
1539 2733 1615 2771 editi,
1631 2735 1771 2771 εὑρίσκει.

1036 2768 1134 2830 “SE/)-
1156 2768 1220 2796 Τῶν
1243 2769 1351 2803 λόγων.
1372 2768 1528 2803 Legendum
1552 2768 1753 2799 videtur'siwu
1779 2772 1837 2799 τῶν

1070 2811 1134 2838 των.
