1869 3046
63 120 112 149 183

94 177 180 211 Εἶτα,
195 179 288 206 εἰπὼν
304 181 356 207 τὸν
376 181 427 208 τοῦ
444 181 631 216 Elian-alim;
645 181 701 217 (35)
715 184 817 208 σολοι-

330 233 452 259 κιομυν,
469 225 582 260 ἐπάγει.

93 269 120 297 2.
137 270 202 296 "Ars
221 270 249 297 δὲ
268 270 318 297 οὐκ
337 271 530 306 ἀσυναίσθητοι
544 273 569 299 οἱ
590 273 736 300 ἀπόστολοι
751 272 852 308 τυγχά-

61 324 152 348 νοντες
165 316 219 342 τῶν
231 317 261 342 ὲν
273 314 313 348 οἷς
326 316 538 352 προσκόπτουσι,
548 318 595 345 καὶ
607 319 669 354 περὶ
682 318 700 345 ἃ
711 318 761 345 οὐκ
772 318 852 356 ἠσχό-

59 366 163 398 ληνται,
178 362 259 397 φασὶν
272 362 376 389 ἰδιῶται
386 361 505 398 εἶναιτῷ
516 363 598 399 λόγῳ,
612 364 669 390 ἀλλ’
686 365 718 390 οὺ
733 365 766 399 τῇ
782 363 852 398 γνώ-

60 417 118 436 σει·
146 409 288 444 νομιστέον
311 409 365 445 γὰρ
385 409 452 436 αὐτὸ
476 411 526 445 οὐχ
550 410 603 437 ὑπὸ
624 410 733 437 Παύλου
760 411 849 446 μόνον.

58 455 125 482 ἀλλὰ
153 455 200 482 καὶ
225 455 277 481 ὑπὸ
299 456 353 481 τῶν
372 455 472 482 λοιπῶν
487 456 642 483 ἀποστόλων
656 457 782 491 λέγεσθαι
801 457 849 484 ἄν’

60 502 177 536 ιἩμετς
200 501 245 528 δέ’
265 510 273 527 ι
300 502 348 528 καὶ
368 502 398 528 τό
411 510 419 517 -
438 511 448 527 ι
469 502 588 538 Ἔχομεν
604 501 632 529 δὲ
653 503 698 529 τὸν
717 502 851 538 θησαυρὸν

72 545 151 573 οὗτον
165 547 195 574 ὲν
212 547 382 583 ὀστρακίνοις
396 547 520 574 σκεύεσιν
530 568 537 581 ,
553 549 599 576 ἵνα
618 549 635 584 ἡ
650 547 786 584 ὑπερϐολὴ
802 549 852 584 τῆς

57 593 198 628 ὼνάμεως
260 593 306 620 τοῦ
334 593 413 626 Θεοῦ,
432 593 479 620 καὶ
504 594 541 629 μὴ
570 593 599 628 ἐξ
619 594 708 630 ἡμῶν,
728 604 736 620 ι
752 594 853 630 ἐξειλή-

56 645 158 673 φαμεν,
173 639 211 671 ὡς
226 649 236 665 ‹
252 639 390 674 θησαυροῦ
405 649 413 666 ι
433 640 482 675 μὲν
496 640 643 675 λεγομένου
659 640 706 667 τοῦ
720 640 850 676 ἀλλαχόσε

57 683 195 720 θησαυροῦ
217 685 268 720 τῆς
283 685 410 720 γνώσεως
431 686 478 713 καὶ
500 686 596 720 σοφίας
611 685 660 721 τῆς
674 686 849 722 ἀποκρύφουο

59 739 68 755 ι
85 731 256 765 ὁστρακίνων
268 731 297 758 δὲ
316 732 431 764 σκευῶν,
453 741 462 758 ι
474 732 525 767 τῆς
539 732 664 764 εὐτελοῦς
677 733 724 759 καὶ
738 733 852 759 εὐκατα-

55 777 189 811 φρονήτου
204 778 268 812 παρ’
283 777 395 814 Ἕλλησι
414 778 514 810 λέξεως
538 778 592 805 τῶν
608 779 724 815 Γραφῶν
743 780 851 816 ἀληθῶς

53 822 210 858 ὑπερϐολῆς
234 824 374 860 δυνάμεως
398 823 446 851 τοῦ
473 824 541 851 Θεοῦ
560 824 782 861 ἐμφαινομένης·
808 827 849 853 ὅτι

53 868 150 903 ῐσχυσε
161 867 196 894 τὰ
207 869 255 904 τῆς
272 869 400 905 ἀληθείας
413 871 560 906 μυστήρια,
574 871 620 897 καὶ
637 872 653 907 ὴ
669 870 782 907 δύναμις
796 873 851 900 τῶν

51 913 208 949 λεγομένων
225 915 274 941 οὐκ
291 915 489 952 ὲμποδιζομένη
506 916 558 943 ὑπὸ
571 917 622 953 τῆς
636 917 764 950 εὐτελοῦς
779 920 850 955 φρά-

52 967 133 991 σεως.
149 960 253 994 φθάσαι
263 961 315 993 ἕως
338 961 466 998 περάτων
487 963 549 998 γῆς,
573 964 619 990 καὶ
638 963 790 998 ὑπαγαγεῖν
811 964 850 1001 τῷ

50 1003 174 1040 Χριστοῦ
188 1005 260 1041 λόγῳ
269 1006 300 1032 οὺ
311 1007 390 1042 μόνον
398 1007 431 1034 τὰ
444 1008 523 1044 μωρὰ
530 1009 577 1035 τοῦ
587 1008 701 1044 κόσμου,
711 1009 768 1036 ἀλλ’
776 1010 850 1037 ἔστιν

49 1048 94 1074 ὅτε
110 1050 160 1076 καὶ
173 1049 207 1076 τὰ
229 1051 298 1085 σοφὰ
320 1051 412 1080 αὐτοῦ,
436 1052 576 1088 Βλέπομεν
600 1053 655 1090 γὰρ
672 1054 720 1090 τὴν
741 1055 847 1092 κλῆσιν,

48 1093 100 1128 οὐχ
119 1095 161 1121 ὅτι
175 1095 262 1127 οὐδεὶς
278 1097 359 1130 σοφὸς
379 1097 451 1124 κατὰ
464 1098 564 1134 σάρκα,
580 1099 637 1126 ἀλλ’
655 1109 663 1125 ι
683 1101 724 1127 ὅτι
740 1102 770 1128 οὐ
785 1102 848 1129 πολ-

49 1139 92 1182 λοὶ
120 1141 198 1174 σοφοὶ
223 1141 294 1168 κατὰ
312 1143 412 1178 σάρκα.
434 1153 443 1169 ι
471 1144 551 1172 Ἀλλὰ
574 1146 619 1172 καὶ
631 1146 773 1182 ὀφειλέτης
790 1148 847 1175 ἐστὶ

48 1179 159 1216 Παῦλος
181 1187 373 1221 καταγγέλλων
391 1188 422 1215 τὸ
439 1189 614 1224 Εὑαγγέλιον,
629 1179 659 1217 οῦ
686 1179 765 1226 μόνον
782 1192 847 1228 βαρ-

47 1231 145 1266 ϐάροις
160 1232 337 1267 παραδιδόναι
350 1234 397 1261 τὸν
410 1235 498 1270 λόγον,
512 1235 580 1263 ἀλλὰ
595 1237 642 1263 καὶ
653 1237 766 1274 Ἕλλησι
777 1246 783 1253 ·
800 1238 846 1265 καὶ

45 1278 78 1303 οὐ
93 1278 179 1312 μόνον
194 1278 319 1314 ἀνοήτοις
333 1281 389 1312 τοῖς
403 1281 595 1318 εὐχερέστερον
615 1283 846 1319 συγκατατιθεμέ-

44 1331 114 1355 νοις,
129 1323 200 1350 ἀλλὰ
215 1325 262 1351 καὶ
276 1327 379 1360 σοφοῖς·
394 1327 510 1354 ἱκάνωτο
529 1327 583 1364 γὰρ
605 1329 657 1355 ὑπὸ
672 1328 738 1356 Θεοῦ
755 1329 845 1356 διάκο-

44 1377 92 1400 νος
109 1367 182 1396 εἶναι
197 1370 247 1405 τῆς
263 1371 367 1407 Καινῆς
383 1372 530 1409 Διαθήκης,
554 1373 694 1410 χρώμενος
709 1376 844 1409 ἀποδείξει

43 1414 206 1449 πνεύματος
220 1416 425 1453 καὶδυνάμεως,
438 1419 480 1445 ἵνα
493 1420 509 1454 ἡ
522 1419 576 1446 τῶν
590 1421 771 1447 πιστευόντων
782 1430 845 1456 συγ-

42 1461 198 1493 κατάθεσις
219 1462 255 1498 μὴ
313 1463 342 1489 ὲν
364 1464 445 1499 σοφίᾳ
458 1464 621 1501 ἀνθρώπων,
639 1466 695 1492 ἀλλ’
713 1467 742 1492 ὲν
762 1467 842 1494 δυνά-

610 122 789 150 (ΖΟΜΜΕΝΤ.
806 123 838 150 ΙΝ
857 122 953 150 ΙΟᾹΝ.
975 123 1093 150 Τυιιυδ
1111 122 1143 150 ιι.

867 186 891 212 Α
924 182 1043 215 Deinde,
1071 182 1114 208 ubi
1144 181 1294 208 memorari!
1319 181 1453 216 Evangelii
1478 181 1651 210 aolwcismum
1667 205 1674 216 ,

1638 125 1690 154 £86

1249 229 1345 262 pergil.

936 272 964 299 2.
983 272 1036 300 Sed
1056 273 1183 307 apostoli,
1198 273 1243 308 qui
1260 282 1313 301 non
1335 274 1497 308 ignorarent
1515 274 1548 300 ad
1566 281 1625 308 qum
1642 275 1693 302 im-

903 318 1057 353 pingerent,
1070 323 1096 345 et
1118 318 1145 345 in
1166 319 1265 352 quibus
1282 311 1380 347 studiis
1399 327 1451 345 non
1468 324 1561 346 essent
1579 320 1691 352 versati.

902 363 1062 399 proﬁtentur
1078 364 1212 393 locutione
1228 371 1258 392 se
1275 371 1336 392 esse
1351 364 1458 397 idiotas,
1473 372 1524 391 non
1539 365 1692 400 intelligen-

902 412 938 438 tia
955 421 961 439 :
979 412 1189 439 existimandum
1205 411 1277 438 enim
1293 416 1336 438 est
1357 411 1383 438 id
1399 419 1451 438 non
1463 419 1478 438 a
1492 411 1577 438 Paulo
1593 411 1691 445 solum,

901 458 949 484 sed
963 465 977 484 a
1000 458 1111 492 reliquis
1124 457 1252 492 apostolis
1265 457 1339 484 dici:
1359 466 1368 483 ι
1388 455 1442 484 Nos
1460 463 1550 484 autem
1570 456 1619 488 ⁸⁸.»
1635 462 1690 486 etc.

901 503 967 531 Item
980 503 1045 530 illud
1057 503 1101 530 ’νε
1124 512 1133 529 ι
1153 503 1186 530 Ει
1204 503 1366 531 thesaurum
1376 503 1452 530 hune
1461 504 1596 530 habemus
1608 503 1634 530 iu
1650 510 1690 531 te-

902 549 1002 577 staceis
1030 550 1113 582 vasis,
1131 554 1160 577 ut
1188 550 1224 577 sit
1240 549 1412 584 exsuperatio
1434 549 1577 584 potestatis
1592 549 1651 583 Dei,
1665 554 1691 576 et

902 604 955 624 non
972 603 986 623 a
997 596 1085 627 nobis.
1101 606 1111 623 ›
1128 603 1294 631 accepimus,
1307 596 1385 630 quasi
1404 604 1413 621 ι
1429 595 1571 622 thesaurus
1588 605 1598 622 ι
1614 596 1690 623 dica-

903 647 947 670 tur
961 643 1007 677 qui
1024 641 1134 670 aliunde
1150 643 1311 676 desumptus
1322 646 1374 674 est,
1389 641 1533 668 thesaurus
1556 641 1691 675 cognitio-

902 688 943 714 nis
966 691 994 714 et
1017 687 1156 722 sapientia:
1182 686 1330 714 reconditae
1348 693 1356 713 :
1371 694 1381 711 ι
1398 684 1497 720 ﬁgliuis
1510 684 1594 716 vasis,
1616 693 1625 708 ι
1641 683 1691 710 huc

902 735 957 762 mili
973 740 1000 763 et
1012 736 1081 770 apud
1094 734 1219 762 ethnicos
1236 734 1364 768 despecta
1377 732 1579 767 Scripturarum
1592 731 1690 757 dictio-

901 787 935 808 ne
958 788 1021 808 vere
1035 780 1172 808 declarata
1196 778 1385 813 exsuperantia
1410 777 1507 805 divina:
1522 776 1663 812 potestatis
1680 783 1688 801 :

902 831 1048 862 potuerunt
1070 826 1142 854 enim
1161 825 1285 853 veritatis
1310 824 1436 859 mysteria
1447 828 1475 850 et
1488 823 1573 850 virtus
1585 829 1690 849 sermo-

904 878 988 905 num.
1005 871 1072 899 nihil
1088 871 1216 899 obstante
1242 871 1374 898 tenuitate
1396 870 1538 901 dictionis,
1562 869 1596 896 ad
1622 868 1690 897 tinea

903 923 983 945 ιρι-ιω
1001 917 1153 952 pervenire,
1169 922 1196 943 et
1216 915 1318 944 Christi
1337 915 1465 943 doctrinae
1485 922 1537 942 non
1557 914 1628 941 fatua
1644 921 1689 941 so-

902 964 956 990 lum
975 963 1078 995 qundi,
1091 963 1137 990 sed
1152 967 1180 989 et
1197 961 1332 996 sapientes
1351 961 1485 988 interdum
1508 960 1634 993 subigere
1653 960 1688 988 ⁷⁸.

902 1008 1030 1037 Videmus
1045 1008 1116 1036 enim
1133 1007 1315 1040 vocationem,
1325 1014 1377 1034 non
1393 1007 1466 1041 quod
1480 1006 1568 1033 nullus
1581 1005 1688 1040 sapiens

900 1055 1046 1082 secundum
1068 1061 1187 1085 carnem,
1201 1052 1248 1080 sed
1263 1061 1272 1077 ι
1290 1052 1361 1086 quod
1375 1059 1428 1079 non
1441 1051 1517 1078 multi
1539 1052 1688 1078 secundum

900 1107 1009 1127 carnem
1036 1099 1175 1134 sapientes
1186 1097 1219 1124 “.
1241 1106 1250 1123 ι
1272 1096 1325 1124 Sed
1342 1101 1367 1123 et
1384 1096 1491 1123 debitor
1505 1103 1537 1122 ac
1554 1095 1688 1130 obligatus

898 1149 939 1172 est
952 1144 1050 1172 Paulus
1068 1143 1220 1179 praedicans
1239 1141 1435 1176 Evangelium,
1452 1149 1504 1168 non
1522 1141 1609 1168 solum
1623 1141 1688 1167 bar-

898 1189 971 1217 baris
990 1188 1048 1223 ejus
1071 1196 1227 1216 sermonem
1255 1188 1374 1220 tradere,
1390 1187 1436 1214 sed
1455 1192 1484 1214 et
1504 1186 1624 1216 Graecis;
1638 1193 1688 1214 nec

897 1237 983 1264 solum
1003 1236 1144 1271 imperitis,
1165 1235 1210 1270 qui
1232 1235 1357 1270 pratiuus
1374 1234 1571 1266 assentiuntur.
1589 1233 1636 1260 sed
1659 1240 1688 1264 ει

897 1283 991 1318 peritis
1002 1283 1025 1298 ⁷²
1046 1291 1052 1309 :
1070 1282 1159 1309 factus
1173 1281 1245 1308 enim
1263 1288 1277 1308 a
1293 1281 1346 1308 Deo
1360 1285 1418 1307 erat
1434 1281 1548 1307 idoneus
1562 1279 1688 1306 minister

895 1328 960 1355 Novi
974 1328 1139 1356 Testamenti
1154 1328 1188 1360 ⁷³,
1199 1332 1276 1354 utens
1288 1325 1520 1353 demonstratione
1536 1325 1648 1359 spiritus
1659 1329 1687 1352 et

895 1375 1039 1409 pcleutiaa,
1060 1379 1089 1402 ut
1104 1374 1274 1402 credentium
1301 1372 1426 1400 assensio
1442 1380 1494 1398 non
1521 1372 1556 1397 sit
1581 1371 1614 1397 ah
1637 1371 1687 1397 hu-

894 1429 972 1448 mana
994 1421 1144 1456 sapientia,
1161 1421 1208 1448 sed
1225 1428 1239 1447 a
1265 1424 1398 1455 potestate
1409 1417 1465 1454 94
1486 1417 1542 1444 Dei.
1565 1418 1592 1444 Si
1612 1417 1685 1444 enim

892 1467 1052 1502 elegantiam
1077 1472 1104 1493 et
1122 1466 1247 1493 dictionis
1277 1470 1446 1500 apparatum,
1465 1469 1494 1490 ut
1520 1463 1622 1498 scripta
1639 1463 1683 1489 illa

43 1515 92 1541 μει
108 1506 191 1534 Θεοῦ.
207 1509 285 1540 Ἴσως
305 1509 359 1544 γὰρ
382 1510 406 1536 εἰ
428 1510 525 1542 κάλλος
544 1511 592 1537 καὶ
611 1511 755 1548 περιϐολὴν
773 1512 833 1547 φρά-

921 1522 952 1540 tze
975 1513 1078 1540 Graecis
1098 1511 1272 1539 admirationi
1295 1515 1370 1544 sunt,
1396 1510 1493 1537 divinae
1511 1509 1610 1535 littera:
1634 1509 1685 1535 ha-

43 1560 138 1584 σεως,
162 1553 201 1584 ὡς
226 1553 259 1580 τὰ
282 1555 347 1589 παρ’
365 1555 476 1591 Ἕλλησι
499 1557 709 1592 θαυμαζόμενα,
731 1556 803 1593 εἶχεν
827 1560 833 1584 1‘

921 1558 1227 1592 aisscnt,existimasset
1248 1556 1346 1591 aliquis
1365 1563 1417 1583 non
1445 1555 1568 1582 homines
1589 1554 1687 1581 vicisse

41 1597 157 1634 Γραφὴ,
176 1598 322 1636 ὑπενόησεν
337 1601 371 1628 ἄν
384 1610 426 1633 τις
445 1602 475 1628 οὐ
492 1603 542 1638 τὴν
558 1603 687 1639 ἀλήθειαν
708 1611 844 1640 κεκρατη-

41 1644 123 1671 κέναι
135 1645 192 1671 τῶν
215 1646 375 1682 ἀνθρώπων,
396 1648 464 1675 ἀλλὰ
485 1649 535 1685 τὴν
557 1649 760 1686 ἐμφαινομένην
780 1651 845 1677 ἀκοα

39 1689 160 1718 λουθίαν
179 1692 225 1718 καὶ
251 1693 281 1719 τὸ
297 1694 346 1729 τῆς
372 1694 498 1730 φράσεως
517 1695 615 1727 κάλλος
634 1695 846 1731 ὲψυχαγωγηκέι

897 1604 1107 1636 veritatem,sed
1123 1607 1296 1638 apparentem
1311 1600 1531 1629 consecutionem
1547 1603 1573 1626 et
1590 1598 1687 1626 dictim

897 1650 939 1676 nis
952 1649 1124 1684 splendorem
1151 1648 1292 1675 audientes
1316 1646 1480 1681 prolectasse
1490 1665 1497 1678 ,
1511 1649 1538 1671 et
1552 1643 1687 1670 illecebris

897 1695 1026 1722 dcliuitos
1040 1693 1263 1722 circuuwcuisse.

39 1746 86 1764 ναι
109 1739 176 1771 τοὺς
201 1741 410 1776 ἀκροωμένους,
430 1743 476 1769 καὶ
493 1742 635 1779 ὴπατηκδς
653 1744 751 1775 αὐτοὺς
770 1742 990 1779 προσειληφέναι.

37 1827 96 1853 ΕΚ
115 1827 190 1853 ΤΟΥ
200 1828 380 1855 ΠΕΜΠΤΟΥ
397 1830 521 1856 ΤΟΜΟΥ
536 1831 604 1857 ΤΩΝ
615 1832 679 1858 ΕΙΣ
693 1833 732 1858 ΤΟ
746 1834 839 1861 ΚΑΊἈ

367 1871 539 1902 ΙΩΛΝᾹῚΙΝ.

311 1919 358 1950 Είς
376 1920 407 1946 τὸ
427 1920 578 1955 προοίμιον.

77 1962 108 1989 Ι.
129 1962 209 1989 Ἐπεὶ
223 1963 261 1999 μὴ
275 1964 504 2000 ἀρκοὸμενοςῷἰῧ)
522 1966 551 1992 τὸ
568 1967 654 2002 παρὸν
667 1966 841 2003 ἀνειληφέναι

34 2007 114 2043 πρὸς
125 2009 203 2043 ἡμᾶς
215 2008 294 2044 ἔργον
308 2010 361 2036 τῶν
376 2011 423 2037 τοῦ
432 2010 499 2037 Θεοῦ
513 2012 700 2047 ἐργοδιωκτῶν
711 2012 776 2048 (56),
795 2013 842 2040 καὶ

30 2053 169 2085 ἀπόντας
184 2054 239 2088 (57)
253 2055 288 2081 τὰ
301 2055 386 2082 πολλά
403 2065 444 2082 σοι
459 2056 598 2092 σχολάζειν
613 2058 709 2094 καὶτῷ
725 2059 794 2095 πρὸς
810 2059 840 2086 σὲ

31 2099 197 2135 καθήκοντι
213 2100 307 2133 ἀξιοῖς,
332 2101 404 2136 ἐγὼ,
421 2103 552 2130 ἐκκλίνων
568 2103 615 2131 τὸν
638 2105 760 2140 κάματον
770 2126 777 2138 ,
792 2107 839 2134 καὶ

895 1833 919 1860 Ε
946 1829 1088 1864 QUINTO
1121 1827 1222 1856 TOJIO
1252 1826 1296 1853 IN
1320 1824 1485 1853 JOANNIS
1519 1823 1686 1852 EVANGE—

1201 1871 1293 1900 uua:
1315 1873 1383 1907 (δι).

1181 1919 1208 1946 In
1233 1917 1402 1953 praefatione.

930 1970 955 1996 1.
975 1967 1108 2002 Quoniam
1125 1973 1177 1993 non
1191 1968 1335 1993 contentus
1354 1963 1379 1990 id
1394 1963 1514 1990 absentis
1530 1962 1581 1989 mei
1603 1970 1684 1989 causa

896 2015 943 2042 tibi
961 2013 1055 2049 operis
1074 2012 1234 2046 sumpsisse,
1245 2015 1274 2038 ut
1288 2009 1352 2036 mihi
1365 2008 1511 2051 secundum
1529 2007 1612 2034 Dutltlt
1628 2015 1685 2033 mo-

894 2061 966 2088 nitor
977 2067 1052 2088 esses
1065 2063 1092 2086 et
1106 2057 1207 2085 laboris
1218 2061 1338 2087 exactor,
1349 2054 1470 2089 postulas
1486 2053 1568 2080 etiam
1583 2057 1622 2085 ut,
1635 2060 1684 2087 pro

893 2113 954 2133 meo
968 2105 994 2131 in
1011 2109 1036 2131 te
1050 2103 1149 2136 ollicio,
1166 2102 1249 2130 multa
1267 2099 1402 2127 elaborem
1415 2107 1421 2131 ;
1435 2107 1484 2133 ego
1501 2098 1621 2126 laborem
1644 2098 1684 2124 fu-

31 2145 261 2197 n‘spjtf‘t&.p£v0;-
273 2147 318 2174 τὸν
329 2148 405 2183 παρὰ
418 2148 486 2175 Θεοῦ
500 2149 554 2176 τῶν
570 2150 616 2176 ἐπὶ
626 2149 657 2177 τδ
670 2152 786 2187 γράφειν
799 2153 833 2185 εὶς

921 2157 971 2177 eus
988 2153 1016 2177 et
1031 2156 1063 2176 eo
1080 2147 1201 2183 periculo
1223 2147 1421 2174 circumsessus
1441 2144 1512 2179 quod
1532 2152 1547 2170 a
1565 2144 1617 2170 Deo
1630 2143 1683 2170 im-

28 2190 71 2216 τὰ
90 2190 158 2217 οεῖσι
173 2191 285 2224 ἑαυτοὺς
305 2193 504 2221 ἐπιδεδωκότων
525 2194 662 2230 κίνδυνον,
679 2198 841 2233 συναγορεύ-

29 2244 125 2271 σειιμι
139 2235 175 2262 ἂν
193 2237 304 2273 ἐμαυτῷ
319 2238 372 2265 ἀπὸ
391 2239 439 2275 τῆς
452 2240 564 2276 Γραφῆς
578 2242 795 2278 παραιτούμενος
806 2244 841 2271 τὰ

29 2281 133 2307 πολλὰ
160 2284 244 2309 ποιεῖν
267 2282 366 2317 βιϐλία.
380 2285 448 2320 Φησὶ
469 2286 522 2321 γὰρ
536 2286 565 2312 ἐν
579 2286 618 2322 τῷ
640 2287 839 2325 Ἐκκλησιαστῇ

26 2326 174 2361 De).on
186 2335 193 2342 '
209 2337 218 2352 ‹
232 2327 278 2354 Υἱέ
295 2338 356 2364 μου,
369 2330 485 2365 φύλαξαι
495 2331 543 2358 τοῦ
554 2332 610 2368 (38)
623 2333 735 2369 ποιῆσαι
752 2334 841 2369 βιϐλία

25 2372 133 2399 πολλά
145 2381 152 2387 ·
168 2374 218 2400 οὐκ
231 2374 288 2401 ἔστι
302 2376 458 2412 περπσμὸς,
474 2378 522 2404 καὶ
538 2378 638 2414 μελέτη
651 2379 736 2415 πολλὴ
750 2380 840 2408 κόπω-

25 2428 80 2452 σις
101 2420 217 2455 σαρκός.
238 2431 248 2446 ι
267 2421 362 2456 Ἡμεῖς
375 2423 429 2459 γὰρ
441 2443 448 2455 ,
468 2425 492 2450 εί
514 2425 551 2460 μὴ
567 2424 623 2460 ἔχει
640 2426 702 2453 νοῦν
715 2435 775 2453 τινα
789 2436 837 2453 κε-

894 2197 993 2231 pendet
1013 2195 1046 2223 iis
1068 2194 1114 2229 qui
1140 2193 1174 2221 ad
1197 2193 1373 2220 scribendum
1402 2191 1428 2218 in
1451 2191 1555 2217 divinas
1579 2190 1685 2217 litteras

893 2250 956 2271 sese
963 2240 1306 2275 contulerunt,Scriptur:e
1314 2238 1465 2274 patrocinio
1479 2238 1546 2265 tueri
1563 2244 1606 2264 me
1622 2245 1685 2271 pos-

893 2290 944 2317 sim
960 2288 1059 2316 multos
1083 2286 1167 2314 libros
1190 2287 1312 2314 scribere
1338 2292 1478 2313 recusans.
1499 2284 1545 2311 Sic
1567 2285 1639 2311 enim
1656 2285 1683 2311 in

896 2335 1062 2363 Ecclesiaste
1078 2333 1204 2360 Salomon
1216 2333 1240 2348 ⁷⁸
1255 2341 1262 2359 :
1287 2341 1297 2359 ι
1314 2332 1366 2360 Fili
1382 2333 1430 2364 mi,
1448 2339 1514 2359 care
1542 2335 1571 2358 ut
1584 2330 1684 2358 multos

893 2381 980 2409 libros
998 2380 1176 2411 conscribas;
1195 2386 1246 2406 non
1262 2384 1304 2406 est
1314 2379 1386 2412 linis,
1402 2383 1430 2406 et
1447 2378 1528 2405 multa
1543 2377 1683 2404 meditatio

890 2427 982 2454 carnis
994 2424 1149 2460 del'atigatio
1162 2429 1214 2451 est.
1229 2434 1239 2450 ι
1249 2424 1304 2452 Nos
1318 2425 1405 2458 enim,
1421 2424 1473 2451 nisi
1494 2431 1603 2451 sensum
1623 2424 1682 2450 abs-

68 2477 102 2493 ⁸⁸
117 2476 203 2517 LCor.
218 2479 307 2509 ".12.
345 2479 367 2495 ⁶⁹
382 2480 402 2507 ll
418 2481 481 2509 Cor.
502 2489 539 2515 ιν,
554 2482 580 2509 7.
619 2483 643 2499 "°
658 2482 668 2510 Ι
681 2483 744 2511 Cor.
756 2485 831 2517 1,27.
869 2485 890 2500 “
901 2484 968 2512 ibid.
980 2484 1024 2511 26.
1062 2483 1085 2499 "
1095 2481 1174 2509 Rom.
1189 2488 1209 2513 ι,
1221 2481 1264 2508 ‘M.
1301 2481 1325 2497 ⁷³
1340 2480 1361 2509 ll
1377 2481 1442 2510 Cor.
1455 2488 1497 2515 ιιι,
1509 2481 1537 2508 6.
1563 2474 1685 2506 "Eccle.

22 2521 87 2544 xu.
114 2512 161 2540 12.

84 2559 140 2596 ὅᾷ)
153 2559 353 2596 ξλὺιηϊελίουἶ
364 2559 455 2587 Codex
475 2559 617 2593 Thuanus,
632 2561 836 2596 εὐαγγελιστοῦ.

83 2594 138 2630 δέ)
152 2594 249 2621 Exstat
266 2596 316 2621 hoc
342 2595 523 2629 fragmentum
541 2603 601 2630 cap.
617 2597 634 2624 5
653 2594 818 2624 Pliilocalia’.

64 2629 139 2665 (55)
150 2629 274 2665 Ἐπεὶμὴ
282 2629 476 2664 ἀρκούμενος,
484 2636 535 2658 etc.
548 2629 580 2658 lu
588 2631 735 2659 Petaviano
745 2633 837 2659 Phila-

16 2667 119 2694 calim
135 2665 241 2695 codice.
254 2674 333 2700 quem
355 2665 466 2692 llolmia:
481 2666 606 2698 vidimus.
623 2668 719 2693 eadem
733 2667 790 2694 lnec
803 2668 835 2694 ad

15 2708 120 2736 uram
138 2700 250 2727 adtexta
262 2706 350 2732 erant,
366 2708 426 2734 qua:
441 2701 466 2726 iu
484 2701 551 2736 Reg.
574 2710 625 2728 ms.
652 2702 835 2735 deprehendit

17 2735 176 2770 Tutilius,
204 2743 235 2762 ea
254 2736 358 2762 scilicet
381 2744 388 2761 :
421 2735 466 2761 τὸν
489 2736 649 2770 Ἀμϐρόσιον
674 2736 834 2769 αἰνίττεται,

14 2772 113 2806 πρὸς
121 2769 153 2808 ὃν
159 2770 248 2796 πάντα
263 2769 499 2808 τᾲᾼὲξηγηματικὰ
514 2769 606 2806 σχεδὸν
621 2771 703 2798 αὐτοῦ
719 2773 834 2808 πεποίη-

13 2805 75 2833 ται
97 2805 266 2840 γράμματα.
286 2806 414 2833 llusnus.

64 2841 137 2874 (56)
159 2840 386 2875 Ἐργοδιωιιτῶν.
414 2841 561 2868 Luculcuta
580 2841 605 2869 id
624 2840 748 2876 Origcnis
772 2842 830 2877 epi-

891 2562 959 2590 stola
974 2562 1108 2590 declarat.

926 2596 984 2633 (57)
1004 2598 1155 2631 Ἆπόντας.
1181 2596 1349 2625 Alexandria
1375 2595 1448 2633 enim
1465 2599 1540 2633 tunc_
1553 2597 1682 2633 temporis

892 2631 988 2660 aberat
1004 2634 1174 2665 Ambrosius,
1198 2641 1260 2661 eum
1287 2633 1346 2659 hzec
1366 2632 1499 2659 scriberet
1522 2631 1677 2664 Origem-s;

889 2668 929 2695 sic
945 2668 1017 2694 enim
1032 2669 1089 2702 ipse
1105 2674 1178 2695 tomo
1201 2669 1289 2702 primo
1305 2668 1333 2693 in
1344 2667 1457 2702 annu.,
1477 2674 1552 2702 mnu.
1570 2666 1597 2697 4,
1612 2666 1679 2702 alia.

890 2707 933 2729 tur
945 2700 1114 2730 Ambrosium
1129 2711 1136 2729 :
1159 2700 1242 2730 Ποίαν
1257 2702 1340 2738 ἐχρῆν
1356 2701 1425 2738 εἶναι
1440 2701 1508 2738 μετὰ
1523 2700 1552 2727 τὸ
1565 2701 1636 2738 κατὰ
1650 2701 1680 2728 τὸ

889 2737 976 2774 σῶμαΔ
989 2738 1155 2774 κεχωρίσθαι
1168 2739 1241 2774 ἡμᾶς
1254 2736 1376 2774 ἀλλήλων
1391 2736 1570 2774 διαφέρουσαν
1584 2736 1681 2772 (ἀπαρ-

889 2770 949 2808 χὴν)
963 2770 1044 2809 ἢτὴνλ
1057 2770 1120 2809 περὶ
1133 2770 1300 2807 Εὐάγγελίου
1316 2770 1441 2809 Eis—tactv
1451 2780 1458 2804 ;
1468 2771 1601 2800 “uenus.

925 2809 980 2844 (58)
1000 2807 1046 2835 Υῐέ
1062 2807 1138 2842 μου,
1163 2809 1297 2844 φύλαξαι
1316 2807 1386 2844 τοῦ,
1406 2809 1580 2844 ᾸοιοηΑιιιιτ
1604 2808 1680 2844 locus

889 2841 933 2871 hic
948 2841 1147 2879 itltcrpungitur
1159 2841 1185 2871 in
1199 2843 1315 2878 vulgatis
1331 2843 1385 2869 τῶν
1401 2841 1429 2870 0'
1447 2842 1622 2870 editiouibus.
1638 2841 1678 2868 In.
