1865 3041
219 123 267 151 191

953 116 1113 146 ORIGEN-IS

1804 119 1855 146 192

221 184 337 211 mediam
351 186 458 210 noctem
474 179 611 215 produxit,
633 179 806 213 qua'rendum
829 183 870 206 est
891 185 952 213 quae
970 179 1006 206 sit

1114 187 1148 205 ων
1159 178 1203 205 τὸν
1221 177 1381 213 Σολομῶντα
1398 176 1617 212 ἀπαγγείλαντα,
1636 176 1707 212 μηδὲ
1719 176 1769 204 τὸν
1787 177 1860 203 1]ιῦ-

221 228 389 263 loquacitas;
408 227 470 253 inde
486 224 662 260 transgressis
676 224 823 251 videndum
839 229 881 251 est
896 225 1006 258 quinam

219 275 273 302 sint
286 273 361 300 multi
377 271 450 299 libri.
464 270 523 297 .lam
539 271 628 297 omnis
651 270 696 297 Dei
715 269 811 297 Sermo
825 270 870 304 qui
888 270 915 297 in
933 270 1007 304 priu-

219 319 289 353 cipio
300 323 358 345 erat
371 318 440 351 apud
455 317 538 344 Deum
554 316 588 349 ⁸⁸,
607 324 659 344 non
672 321 713 343 est
730 316 941 351 multiloquium,
954 323 1006 342 non

218 371 377 396 sermones;
393 370 483 390 sermo
495 362 567 390 enim
581 368 624 389 est
636 370 705 390 unus
720 370 753 390 ex
763 362 854 389 multis
865 363 1007 390 sententiis

218 409 395 443 compositus,
423 408 477 443 97
500 415 614 442 quarum
639 407 765 442 quaslibet
782 415 845 442 pars
865 412 908 435 est
927 408 1008 435 totius

217 455 364 482 sermonis.
380 454 432 487 Qui
447 461 512 481 vero
523 459 599 481 extra
614 454 687 481 hunc
703 453 861 488 pollicentur
877 460 906 480 se
919 454 1007 481 conti-

217 507 283 528 nere
298 500 492 535 digressionem
506 505 533 528 et
547 500 746 535 expositionem
768 500 914 533 quamlibet
928 519 936 532 ,
956 499 1006 527 etsi

218 545 295 581 quasi
311 547 344 572 de
363 546 478 572 veritate
489 553 628 573 sermones
643 545 707 578 sint,
724 553 823 572 novum
839 553 871 572 ac
886 546 1007 574 insolens

218 592 293 623 dico,
308 590 398 618 nullus
415 590 536 624 ipsorum
550 597 642 618 sermo
656 595 697 617 est
707 610 714 621 ,
727 591 775 617 sed
791 590 889 625 singuli
903 598 1007 618 sermo-

219 644 286 670 nes;
303 635 397 663 nullibi
420 635 492 662 enim
509 636 598 662 unitas
623 639 674 667 est,
703 634 798 662 nullibi
818 639 966 663 concentus
982 640 1009 663 et

220 690 330 710 unum:
348 681 394 708 sed
424 681 497 716 qttod
524 681 649 708 distracti
672 680 727 708 sint
748 681 854 715 sibique
877 686 1007 717 pugnent,

221 730 312 757 unitas
328 729 382 756 illis
404 729 484 764 periit
495 748 504 762 ,
519 733 546 757 et
560 727 624 756 facti
639 732 702 756 sunt
715 728 832 760 numeri,
851 733 879 755 et
894 727 1010 755 fortasse

222 775 329 803 numeri
355 775 464 802 inﬁniti.
498 775 592 809 Itaque
615 779 799 809 congruenter
824 774 867 802 his
883 774 1009 809 dicimus,

220 821 267 856 qui
293 829 307 848 a
329 821 421 848 divino
436 822 509 849 cultu
528 821 646 848 alienum
663 821 796 856 quidlibet
810 820 886 852 dicit,
912 820 1008 855 loqua-

1057 224 1102 250 λον
1124 224 1326 260 παρατείναντα
1351 223 1432 259 μέχρι
1450 223 1638 259 μεσονυκτίου·
1656 223 1798 259 ζητητέον
1821 224 1859 254 τίς

1058 271 1075 306 ἡ
1092 269 1248 304 πολυλογία,
1269 269 1397 296 κάκεῖθεν
1419 269 1586 304 μεταϐατὲον
1601 269 1649 296 ἐπὶ
1664 269 1697 295 τὺ
1712 269 1782 296 ἰδεῖν
1802 270 1860 295 τένε

1057 317 1092 343 τὰ
1114 316 1198 343 πολλὰ
1217 316 1318 351 βιϐλία.
1338 316 1368 342 ’0
1386 317 1439 347 πᾶς
1453 315 1485 351 δὴ
1501 316 1548 342 τοῦ
1566 315 1634 342 Θεοῦ
1652 316 1740 350 Λόγος
1762 315 1861 349 (43),ά

1058 361 1087 388 ἐν
1099 361 1170 397 ἀρχῇ
1187 361 1256 397 πρὺς
1267 361 1312 387 τὸν
1324 360 1401 393 Θεὸν,
1415 361 1444 387 οὺ
1459 360 1606 395 πολυλογία
1619 361 1707 393 ἐστὶν,
1724 363 1754 387 οὐ
1772 362 1861 394 λόγοι·

1058 406 1136 442 λόγος
1155 407 1209 444 γὰρ
1230 404 1270 438 εἷς
1293 406 1429 438 συνεστὼς
1446 408 1479 433 ὲκ
1501 406 1634 434 πλειόνων
1653 407 1860 443 Θεωρημάτων,

1058 450 1096 480 ὧν
1127 453 1242 480 ἕκαστον
1277 453 1410 489 θεώρημα
1443 452 1525 488 μέρος
1552 453 1612 479 ἐστὶ
1646 453 1695 480 τοῦ
1721 453 1790 483 ὅλου
1818 453 1862 478 λό-

1058 508 1118 534 γου.
1141 501 1172 527 Ol
1202 499 1231 526 δὲ
1250 499 1303 532 ἔξω
1324 501 1420 527 τούτου
1441 500 1675 535 ἐπαγγελλόμενοι
1710 501 1860 535 περιέχειν

1058 547 1172 580 διέξοδον
1196 547 1244 574 καὶ
1261 547 1430 582 ἀπαγγελίαν
1446 547 1540 574 ὁποίαν
1560 547 1673 583 δήποτε,
1699 548 1724 574 ει
1748 548 1803 574 καὶ
1824 547 1862 578 6.»;

1059 594 1122 630 περὶ
1136 593 1264 630 ἀληθείας
1279 595 1332 620 είσὶ
1349 594 1432 629 λόγοι,
1446 594 1493 621 καὶ
1507 593 1729 629 παραδοξότερον
1743 602 1779 628 τε
1793 593 1861 629 ἐρῶ,

1058 640 1146 672 οὐδεὶς
1162 640 1251 666 αὐτῶν
1263 639 1352 674 λόγος,
1365 639 1421 666 ἀλλ’
1435 639 1546 666 ἕκαστοι
1558 640 1642 674 λόγοι.
1656 639 1789 674 Οὑδαμοῦ
1808 639 1863 675 γὰρ

1058 687 1075 722 ὴ
1100 685 1194 722 μονὰς,
1211 685 1259 712 καὶ
1280 685 1398 721 οὐδαμοῦ
1419 686 1449 711 τὸ
1471 685 1628 721 σύμφωνον,
1646 685 1695 712 καὶ
1717 685 1768 711 ἓν·

1059 732 1136 768 παρὰ
1151 732 1181 758 τὸ
1196 732 1356 758 διεσπᾱσθαι
1371 732 1417 758 καὶ
1431 731 1567 767 μάχεσθαι
1580 731 1610 758 τὸ
1628 732 1657 757 ἓν
1675 732 1724 757 ἀπ’
1742 731 1862 757 ἐκείνων

1059 777 1194 810 ἀπώλετο,
1210 777 1257 803 καὶ
1278 777 1422 811 γεγόνασιν
1443 776 1565 812 ἀριθμοὶ,
1587 777 1634 803 καὶ
1651 776 1724 811 τάχα
1743 776 1865 812 ἀριθμοὶ

1060 822 1179 858 ἄπειροι.
1193 823 1272 849 Ὥστε
1285 822 1355 849 κατὰ
1367 823 1438 849 τοῦτ’
1448 822 1481 849 ἂν
1490 823 1565 858 ἡμᾶς
1576 823 1676 854 εἰπεῖν,
1691 823 1733 848 ὅτι
1748 823 1764 848 ὁ
1782 822 1865 856 φθεγ-

220 875 279 894 cem
292 874 370 900 esse;
389 867 434 901 qui
448 874 513 894 vero
529 867 594 894 dicit
612 875 672 901 quae
684 875 748 894 vera
764 871 837 900 sunt,
851 868 902 895 etsi
920 867 1009 895 omnia

1114 880 1175 903 ,ενος
1190 871 1204 897 ὂ
1219 871 1318 907 δήποτε
1332 871 1382 906 τῆς
1404 870 1559 900 θεοσεϐείας
1581 869 1723 904 ἀλλότριον
1742 869 1865 894 πολυλο-

221 913 320 939 ιΙίιιει-ἰι
333 913 455 948 nihilque
471 913 566 947 reliqui
582 913 686 945 fecerit,
704 921 786 940 unum
797 920 906 948 semper
919 912 986 940 dicit
1002 921 1009 940 :

222 965 311 992 neque
332 959 358 986 iu
382 958 557 993 loquacitatis
582 959 678 986 vitium
697 959 819 986 incidunt
841 959 947 991 sancti,
964 959 1010 993 qui

221 1011 332 1039 scopum
349 1004 449 1032 habent
463 1005 541 1031 unius
554 1005 688 1032 sermonis
710 1011 818 1040 semper
831 1004 1009 1040 propositum.

222 1049 251 1077 Si
268 1050 352 1086 igitur
375 1050 576 1085 multiloquium
599 1051 743 1086 praeceptis
761 1050 937 1085 diiudicatur,
957 1059 1010 1079 non

220 1104 286 1124 vero
312 1103 426 1124 numero
457 1096 630 1130 dictionum,
659 1096 721 1124 vide
745 1104 779 1124 an
802 1096 839 1123 ita
865 1097 1010 1131 possimus,

221 1150 303 1169 unum
320 1149 379 1170 eSse
391 1142 489 1169 librum
505 1149 602 1169 omnes
626 1146 720 1169 sacros
737 1142 830 1170 dicere
841 1162 848 1174 ,
871 1147 896 1169 et
912 1142 1010 1169 multos

221 1189 316 1222 libros,
329 1188 375 1223 qui
395 1192 471 1215 extra
488 1188 537 1215 hos
552 1192 626 1215 sunt.
643 1187 695 1216 Sed
708 1188 838 1222 quoniam
855 1188 1011 1215 testimonio

220 1235 286 1262 mihi
304 1242 372 1270 opus
388 1240 429 1262 est
443 1242 458 1261 a
472 1234 562 1261 divina
583 1234 739 1268 Scriptura,
755 1234 892 1268 perpende
906 1242 968 1260 num
985 1234 1011 1261 id

221 1279 335 1307 miriﬁce
362 1287 498 1315 exponere
533 1287 656 1315 queam,
694 1279 741 1306 ubi
775 1280 947 1306 constituero
977 1280 1011 1307 de

222 1326 335 1355 Christo
359 1326 506 1354 secundum
521 1332 570 1352 nos
581 1345 588 1358 ,
613 1333 665 1352 non
690 1325 717 1352 in
738 1333 792 1352 uno
805 1324 937 1360 scriptum
952 1332 1011 1352 esse

224 1373 304 1407 libro,
321 1375 343 1402 si
359 1375 497 1402 communi
512 1382 593 1402 sensu
610 1381 704 1402 sacros
716 1374 801 1402 libros
818 1374 1009 1409 intelligamus;

222 1421 353 1456 scriptum
367 1425 409 1448 est
426 1421 498 1448 enim
512 1421 538 1447 in
552 1421 673 1455 quinque
687 1420 765 1448 libris
780 1419 889 1455 Moysis,
910 1420 1011 1447 dictum

222 1471 267 1494 est
283 1467 309 1494 in
326 1466 439 1501 singulis
458 1467 607 1501 prophetis,
623 1466 649 1493 in
670 1465 795 1500 Psalmis,
806 1471 833 1493 et
847 1466 969 1498 omnino,
983 1470 1012 1493 ut

224 1511 282 1546 ipse
293 1510 425 1538 Servator
445 1511 502 1543 ait,
528 1510 554 1538 in
579 1510 684 1538 cunctis
704 1509 864 1544 Seripturis,
884 1509 917 1535 ad
943 1516 1012 1543 quas

223 1556 368 1583 remittens
383 1563 444 1586 nos,
472 1556 537 1582 dicit
556 1555 579 1571 ’⁷
596 1564 603 1582 :
626 1563 635 1580 ι
650 1553 818 1581 Scrutamini
839 1553 1012 1588 Scripturas,

223 1603 288 1637 quia
304 1609 351 1629 vos
364 1602 465 1636 putatis
481 1602 507 1629 in
525 1601 590 1636 ipsis
603 1601 685 1628 vitam
699 1605 830 1628 aeternam
844 1599 955 1627 habere.
981 1600 1015 1627 Et

224 1647 278 1676 illa:
293 1653 357 1675 sunt
373 1656 433 1683 quae
456 1647 642 1675 testimonium
663 1646 807 1682 perhibent
821 1647 855 1674 de
875 1653 928 1674 me.
947 1655 957 1672 ι
985 1645 1014 1673 Si

225 1702 276 1722 nos
288 1694 370 1729 igitur
384 1694 498 1721 remittit
508 1694 541 1720 ad
557 1692 714 1727 Scripturas
730 1697 857 1727 tanquam
875 1691 908 1719 de
920 1699 949 1718 se
963 1695 1016 1718 tes—

225 1732 369 1768 timonium
392 1740 577 1773 perhibentes,
595 1746 648 1765 non
666 1738 700 1766 ad
719 1737 791 1765 hanc
804 1745 854 1765 n05
870 1737 968 1769 mittit,
981 1737 1016 1764 ad

225 1785 300 1813 illam
316 1793 370 1813 non
384 1786 459 1816 item.
474 1786 523 1813 sed
537 1786 570 1813 ad
584 1791 680 1812 omnes
695 1792 755 1819 qum
772 1784 805 1812 de
821 1785 880 1820 ipso
896 1792 1016 1819 pronun-

227 1833 307 1864 tiant,
318 1839 387 1867 quas
401 1832 426 1859 in
437 1831 553 1859 Psalmis
563 1836 645 1866 caput
655 1831 715 1858 libri
728 1830 859 1866 appellat,
874 1831 966 1858 dicens
974 1830 1015 1857 8":

227 1887 239 1904 θ
255 1877 283 1906 In
299 1878 386 1913 capite
398 1878 458 1905 libri
473 1877 602 1912 scriptum
614 1881 655 1904 est
668 1877 701 1904 de
718 1884 770 1904 me.
785 1886 794 1902 ι
812 1877 862 1910 Qui
878 1876 950 1903 enim
966 1877 1018 1904 hoc

227 1926 298 1952 nude
309 1925 374 1953 velit
391 1925 516 1959 accipere
537 1935 542 1952 :
567 1933 577 1950 ι
592 1923 621 1950 lu
639 1923 728 1957 capite
747 1923 807 1949 libri
830 1923 960 1957 scriptum
976 1927 1018 1950 est

226 1972 261 1999 de
277 1979 346 2003 me,»
360 1972 393 1998 de
404 1978 457 1998 uno
472 1971 563 2004 aliquo
577 1977 672 1996 eorum
688 1969 733 2004 qui
754 1968 780 1995 id
796 1968 867 2003 quod
883 1969 917 1995 ad
931 1968 1017 2002 ipsum

227 2018 348 2052 pertinet
361 2018 513 2047 continent,
524 2015 643 2042 declaret
653 2022 706 2049 qua
721 2014 825 2040 ratione
838 2014 908 2040 hunc
920 2013 1017 2040 librum

229 2065 309 2092 alteri
329 2063 481 2096 anteponit.
496 2061 549 2088 Sed
566 2070 599 2088 ne
613 2062 674 2096 quis
690 2060 829 2087 existimet
846 2067 895 2086 nos
915 2059 1017 2086 dictum

231 2111 295 2137 illud
309 2110 341 2136 ad
358 2109 456 2136 librum
479 2107 647 2135 Psalmorutn
670 2106 783 2138 referre,
803 2106 1018 2140 respondendum

228 2161 271 2184 est
287 2157 336 2189 illi,
350 2156 402 2184 dici
417 2155 572 2190 oportuisse
585 2163 592 2180 :
614 2163 622 2179 ι
638 2153 665 2180 lu
682 2154 733 2180 hoc
748 2153 817 2180 libro
831 2153 961 2187 scriptum
977 2157 1019 2180 est

229 2203 328 2231 dente.
349 2211 358 2228 ι
384 2202 460 2228 Nunc
486 2206 576 2227 autem
601 2202 679 2226 vocat
701 2199 792 2226 omnia
821 2206 903 2226 unum
927 2202 1017 2233 caput,

1062 919 1123 952 γεῖ“
1136 919 1150 944 ὸ
1166 917 1195 943 δὲ
1209 916 1295 950 λέγων
1310 916 1344 943 τὰ
1356 917 1405 952 τῆς
1416 916 1554 952 ἀληθείας,
1567 915 1618 942 κᾶν
1636 914 1702 950 εἴπῃ
1717 914 1752 941 τὰ
1771 914 1865 940 πάντα

1061 963 1099 995 ὡς
1125 962 1208 998 μηδὲν
1229 962 1404 997 παραλιπεῖν,
1424 962 1472 988 ἕνα
1490 962 1533 988 ἀεὶ
1547 961 1622 996 λέγει
1644 961 1736 995 λόγον’
1759 961 1814 987 καὶ
1835 961 1863 986 οὗ

1061 1008 1256 1043 πολυλογοῦσιν
1271 1009 1296 1035 οἱ
1319 1008 1391 1042 ἅγιοι
1413 1007 1461 1035 τοῦ
1478 1007 1579 1034 σκοποῦ
1594 1006 1647 1034 τοῦι
1659 1007 1734 1034 κατὰ
1751 1006 1804 1033 τὸν
1819 1007 1865 1032 ἔπεα

1062 1054 1187 1090 ἐχόμενοι
1205 1054 1294 1088 λόγον.
1313 1054 1345 1080 El
1367 1054 1456 1080 τοίνυν
1471 1054 1488 1089 ἡ
1513 1053 1662 1087 πολυλογία
1680 1054 1715 1079 ὲκ
1737 1053 1800 1080 τῶν
1822 1053 1864 1079 δον

1061 1100 1173 1136 γμάτων
1190 1100 1322 1135 κρίνεται,
1337 1099 1384 1126 καὶ
1397 1099 1447 1125 οὐκ
1461 1100 1493 1125 ὲκ
1505 1099 1553 1134 τῆς
1567 1098 1622 1124 τῶν
1636 1098 1746 1124 πολλῶν
1758 1098 1865 1130 λέξεων

1061 1145 1242 1179 ἀπαγγελίας,
1268 1147 1319 1180 ὅρα
1341 1145 1365 1171 εί
1387 1144 1458 1170 οὕτω
1481 1144 1620 1179 δυνάμεθα
1645 1144 1675 1170 ἓν
1697 1144 1807 1179 βιϐλίον
1831 1143 1862 1169 τὰ

1061 1191 1151 1217 πάντα
1172 1190 1239 1224 ἅγια
1255 1191 1353 1222 εἰπεῖν,
1368 1188 1453 1215 πολλὰ
1469 1189 1496 1215 δὲ
1516 1189 1550 1215 τὰ
1572 1189 1625 1221 ἔξω
1641 1188 1759 1216 τούτων.
1791 1189 1865 1215 Ἀλλ’

1062 1237 1122 1263 ἐπεὶ
1141 1235 1289 1271 μαρτυρίου
1314 1243 1358 1270 μοι
1378 1234 1419 1261 δεῖ
1431 1235 1478 1261 τοῦ
1500 1234 1553 1261 ἀπὸ
1566 1234 1616 1269 τῆς
1637 1234 1715 1266 θείας
1734 1235 1865 1270 Γραφῆς,

1062 1282 1211 1316 ἐπίσκεψαι
1229 1282 1253 1307 εἰ
1268 1280 1476 1316 πληκτικώτατα
1489 1280 1607 1316 δύναμαι
1623 1280 1705 1307 τοῦτο
1718 1281 1865 1316 παραστῆ-

1062 1337 1119 1361 σαι,
1143 1327 1362 1359 κατασκευάσας,
1389 1327 1429 1353 ὅτι
1453 1326 1517 1362 περὶ
1543 1326 1664 1362 Χριστοῦ
1693 1326 1757 1353 καθ’
1791 1327 1863 1361 ἡμᾶς

1061 1374 1111 1400 οὐκ
1125 1374 1153 1400 ὲν
1169 1374 1210 1400 ἐνὶ
1223 1373 1380 1408 γέγραπται
1396 1372 1490 1407 βιϐλίῳ
1502 1373 1656 1407 κοινότερον
1674 1373 1690 1408 ή
1696 1372 1758 1407 μῶν
1774 1373 1810 1398 τὰ
1826 1372 1863 1406 βι-

1062 1418 1124 1445 ὁλία
1138 1419 1278 1446 νοούντων.
1290 1418 1446 1453 Γέγραπται
1458 1417 1512 1452 γὰρ
1524 1417 1570 1444 καὶ
1578 1418 1607 1444 ἐν
1620 1418 1653 1453 τῇ
1664 1417 1862 1452 Πεπθτατεὺχρν

1063 1466 1171 1500 εἴρηται
1187 1464 1215 1490 δὲ
1231 1464 1278 1490 καὶ
1298 1464 1326 1490 ὲν
1343 1463 1450 1499 ἑκάστῳ
1461 1463 1515 1489 τῶν
1528 1463 1690 1498 προφητῶν,
1703 1463 1753 1489 καὶ
1766 1464 1798 1489 ὲν
1811 1465 1864 1493 τοῖς

1064 1510 1199 1546 Ψαλμοῖς,
1217 1510 1263 1537 καὶ
1281 1509 1461 1543 ἁπαξαπλῶς,
1480 1509 1517 1541 ὥς
1530 1518 1612 1545 φησιν
1626 1509 1711 1541 αὐτὸς
1726 1511 1740 1536 ὁ
1754 1509 1865 1544 Σωτὴρ,

1028 1561 1050 1592 ρ
1067 1557 1095 1583 ὲν
1111 1557 1213 1587 πάσαις
1238 1557 1297 1587 ταῖς
1320 1556 1452 1591 Γραφαῖς,
1471 1555 1513 1589 ἐφ’
1537 1555 1569 1587 ἃς
1592 1555 1773 1590 ἀναπέμπων
1793 1556 1865 1590 ἡμᾶς

1067 1611 1148 1637 φησιν
1164 1610 1172 1617 '
1196 1611 1205 1628 ί
1228 1602 1372 1636 Ἐρευνᾶτε
1392 1602 1441 1633 τὰς
1457 1601 1579 1637 Γραφὰς,
1601 1601 1643 1628 ὅτι
1661 1602 1745 1636 ὑμεῖς
1761 1601 1863 1628 δοκεῖτε

1067 1650 1096 1675 ὲν
1110 1648 1205 1680 αὐταῖς
1220 1648 1293 1683 ζωὴν
1316 1647 1426 1674 αἰώνιον
1447 1647 1531 1683 ἔχειν.
1551 1647 1606 1673 Καὶ
1622 1647 1729 1674 ἐκεῖναί
1752 1649 1825 1674 εἰσιν
1838 1647 1861 1672 αἱ

1068 1692 1255 1730 μαρτυροῦσαι
1269 1693 1332 1729 περὶ
1343 1692 1421 1728 ἐμοῦ.
1438 1703 1447 1718 ι
1461 1693 1493 1719 Εἰ
1509 1692 1598 1720 τοίνυν
1609 1692 1779 1728 ἀναπέμπει
1796 1693 1864 1727 ἡμᾶς

1066 1739 1112 1765 ἐπὶ
1139 1738 1189 1770 τὰς
1204 1737 1315 1774 Γραφὰς
1339 1737 1376 1768 ὡς
1392 1738 1585 1774 μαρτυρούσας
1605 1738 1673 1773 περὶ
1692 1738 1794 1770 αὑτοῦ,
1819 1738 1863 1764 οὐκ

1067 1787 1114 1813 ἐπὶ
1135 1786 1214 1822 τήνδε
1236 1785 1286 1822 μὲν
1308 1786 1423 1820 πέμπει,
1441 1785 1487 1812 ἐπὶ
1507 1785 1588 1820 τήνδε
1610 1785 1640 1811 δὲ
1659 1784 1710 1811 οἷδ’
1736 1785 1798 1812 ἀλλ’
1823 1786 1863 1811 ἐπὶ

1068 1832 1157 1864 πάσας
1167 1831 1218 1864 τὰς
1229 1831 1453 1866 ἀπαγγελλούσας
1464 1831 1527 1866 περὶ
1535 1830 1617 1857 αὐτοῦ
1632 1830 1751 1862 ἅστινας
1770 1831 1801 1857 ἐν
1814 1831 1862 1860 τοῖς

1067 1878 1193 1913 Ψαλμοῖς
1213 1876 1344 1911 κεφαλίδα
1374 1875 1502 1910 ὀνομάζει
1526 1873 1628 1909 βιὸλίου
1656 1874 1762 1908 λέγων·
1792 1883 1801 1900 ι
1824 1873 1862 1899 Ἐν

1068 1923 1192 1957 κεφαλίδι
1216 1922 1317 1957 βιΰλίου
1342 1921 1498 1957 γέγραπται
1519 1920 1584 1955 περ)⁵
1611 1919 1693 1955 ἐμοῦ.
1711 1930 1722 1946 ι
1759 1921 1790 1947 '0
1815 1919 1862 1953 γὰρ

1068 1969 1162 2000 ἁπλῶς
1192 1968 1277 1995 θέλων
1314 1967 1439 1994 ἐκλαϐεῖν
1468 1967 1509 1993 τό·
1542 1976 1551 1992 ι
1591 1966 1638 1992 Ἐν
1666 1965 1800 2000 κεφαλίδι
1830 1964 1864 1999 βι-

1069 2016 1143 2043 ϐλίου
1158 2015 1313 2051 γέγραπται
1337 2013 1401 2049 περὶ
1421 2012 1500 2048 ἐμοῦ,
1519 2022 1528 2038 ι
1547 2011 1594 2038 ὲπ¹ι
1613 2016 1671 2038 οἰου
1686 2011 1796 2047 δήποτε
1811 2010 1861 2040 ἐνὸς

1070 2063 1124 2089 τῶν
1142 2061 1324 2096 περιεχόντων
1340 2060 1374 2086 τὰ
1393 2059 1459 2095 περ),
1479 2057 1562 2084 αὑτοῦ
1575 2057 1644 2093 (49),
1664 2056 1865 2092 ἀπαγγελλέτω

1069 2108 1122 2134 τίνι
1144 2107 1216 2142 λόγῳ
1239 2106 1319 2142 τήνδε
1333 2105 1382 2141 τὴν
1401 2105 1492 2140 βίϐλον
1515 2104 1611 2139 ἑτέρας
1629 2103 1791 2138 προκρίνει.
1813 2103 1862 2128 Ἵνα

1070 2154 1123 2190 γὰρ
1143 2153 1180 2188 μὴ
1191 2151 1369 2188 ὑπολαμὰὶνῃ
1381 2160 1424 2182 τις
1436 2151 1479 2177 ἐπ’
1497 2149 1581 2185 αὐτὴν
1597 2149 1648 2184 τὴν
1662 2149 1720 2176 τῶν
1745 2147 1863 2183 Ψαλμῶν

1072 2199 1162 2235 βίϐλον
1177 2198 1322 2233 ἀναφέρειν
1335 2198 1409 2232 ἡμᾶς
1425 2197 1470 2223 τὸν
1483 2196 1573 2230 λόγον,
1587 2195 1701 2222 λεκτέον
1728 2196 1801 2232 πρὸς
1820 2194 1861 2221 αὖ·

228 2249 300 2284 quod
312 2249 338 2276 iu
355 2256 437 2276 unum
456 2253 538 2283 caput
561 2247 706 2281 colligatur
727 2246 771 2279 qui
789 2246 821 2272 de
842 2245 898 2279 ipso
914 2245 946 2272 ad
969 2251 1017 2271 nos

1114 2254 1128 2278 ν,
1142 2245 1183 2272 ὃτι
1206 2244 1291 2279 ἐχρῆν
1307 2243 1443 2278 εἰρῆσθαι’
1469 2252 1479 2268 ι
1500 2242 1544 2268 Ἐν
1561 2241 1648 2278 ταύτῃ
1661 2243 1696 2276 τῇ
1717 2241 1806 2277 βίϐλῳ
1825 2240 1863 2275 γέν

228 2302 320 2323 sermo
349 2295 483 2330 pet-venit.
501 2293 594 2327 Quid?
611 2293 712 2320 vidisse
731 2292 753 2308 ⁸⁸
771 2291 902 2319 Joannem
919 2291 1016 2317 librum

228 2341 360 2375 scriptum
379 2341 452 2367 intus
468 2345 496 2367 ct
510 2340 588 2372 foris,
609 2343 637 2366 et
647 2339 831 2373 obsignatum.
843 2345 923 2372 quem
939 2343 1018 2363 neruo

229 2391 337 2422 poterat
355 2387 457 2422 legere,
476 2394 564 2421 neque
590 2386 697 2414 solvere
715 2384 856 2420 signacula
879 2384 948 2418 ejus,
966 2384 1018 2411 nisi

229 2433 272 2462 leo
288 2434 321 2461 de
333 2434 404 2461 tribu
429 2433 509 2465 Iuda,
534 2433 610 2460 radix
637 2432 732 2465 David,
750 2431 815 2466 «qui
829 2430 909 2458 habet
922 2430 1018 2457 clavim

1071 2300 1192 2328 γραπται
1213 2291 1276 2325 περὶ
1293 2290 1370 2325 ἐμοῦ.
1390 2299 1398 2315 ι
1421 2289 1477 2315 Νῦν
1498 2289 1526 2315 δέ
1543 2297 1610 2323 φησι
1625 2288 1718 2314 πάντα
1742 2288 1808 2323 μίαν
1822 2295 1861 2313 κε-

1072 2338 1181 2373 φαλίδα,
1205 2336 1244 2372 τῷ
1265 2334 1541 2370 ἁνακεφαλαιοῦσθαι·
1560 2334 1605 2360 τὸν
1629 2334 1696 2368 περὶ
1721 2333 1808 2360 αὑτοῦ
1829 2333 1860 2362 εἰ,

1072 2383 1146 2419 ἡμᾶς
1159 2381 1305 2417 ἐληλυθότα
1318 2380 1396 2414 λόγον
1419 2379 1459 2410 εἰς
1473 2379 1512 2405 ἐν.
1534 2378 1567 2403 Τί
1588 2377 1635 2410 se;
1650 2377 1700 2403 καὶ
1715 2376 1748 2403 τὸ
1770 2375 1862 2412 ﬁtﬁt/Iv

1073 2427 1210 2465 ἑωρᾶσθαι
1222 2425 1415 2462 γεγραμμένον
1433 2424 1486 2451 ὑπὸ
1497 2423 1544 2450 τοῦ
1565 2423 1692 2450 Ἰωάννου
1710 2420 1861 2458 ἔμπροσθεν

266 2492 288 2507 ³⁸
302 2489 380 2518 Joan.
393 2499 420 2522 ι,
439 2491 465 2517 1.
502 2490 525 2506 ⁸⁷
541 2489 610 2517 ibid.
627 2497 654 2522 v,
671 2489 718 2516 59.
754 2487 778 2503 ⁸⁸
791 2486 864 2514 Psal.
876 2495 971 2519 xutx,
987 2486 1013 2514 8.

1114 2493 1180 2520 .poc.
1192 2492 1218 2517 ν,
1236 2484 1263 2517 l,
1280 2483 1307 2510 4.

231 2537 287 2566 lloc
301 2542 389 2573 gestu,
405 2545 467 2564 cum
494 2536 622 2573 populum
650 2535 855 2573 alloquerentur
883 2533 1016 2573 episcopi,

230 2568 325 2600 eodem
341 2572 391 2606 ipsi
409 2568 606 2599 hencdicébant
629 2578 645 2598 ε
657 2569 832 2606 salutatorio,
846 2568 892 2603 qui
911 2576 968 2595 unus
983 2568 1016 2594 ad

232 2609 290 2636 haec
306 2605 427 2640 tempora
441 2607 574 2633 deductus
587 2611 640 2633 est.
655 2605 785 2640 llpETtUS.

267 2642 324 2677 (48)
345 2638 376 2677 'Q
392 2641 451 2674 πᾶς
482 2640 520 2674 δὴ
540 2640 593 2677 τοῦ
618 2639 828 2677 Θεοῦ--Λργρς,
843 2642 903 2677 ειε-
919 2638 1017 2666 Eadem

232 2673 351 2705 habebat
364 2673 530 2703 Petavianus
545 2676 591 2703 ille
603 2676 688 2703 codex
703 2673 877 2705 lloltniensis,
895 2681 954 2706 qum
978 2682 1019 2699 re-

233 2712 412 2746 przcsentavit
435 2711 564 2738 Tariuus.
580 2719 610 2737 ea
628 2710 782 2746 nimirum”:
801 2709 886 2746 Λόγον
905 2708 1022 2746 ενταῦθα

233 2742 279 2774 τοῦ
303 2746 370 2781 θεοῦ
380 2746 411 2773 οὺ
426 2746 471 2772 τὸν
484 2746 599 2781 οὐσιώδη
617 2745 740 2781 νοήσειςΣ
757 2743 872 2781 (ἀμερὴς
888 2742 942 2777 γὰρ
952 2743 1024 2781 εκεῖ-

233 2791 289 2818 νος,
304 2779 397 2818 ᾔθεος
406 2782 425 2816 ”)
435 2781 502 2808 ἀλλὰ
519 2781 563 2818 τὸν
580 2777 741 2818 τξεριῄειιτεῡ
753 2777 838 2818 Λόγον
847 2777 1024 2818 ἕλε-ποικίλων

234 2811 626 2858 Θεωρῆμὰτων’συγκείμενοῇ
642 2815 656 2842 ὃ
681 2815 729 2858 καὶ
744 2814 831 2858 ,αὺτρς
854 2812 897 2855 λεῷ
925 2812 1024 2858 πρὼτξμ

236 2847 388 2888 opai-15pm;
415 2847 520 2887 (l’ctltv.
536 2847 717 2886 ’ίμιίη-νμσς)
743 2850 772 2876 ἐν
798 2849 868 2883 ἀρχῇ
888 2847 954 2883 πρὸς
979 2847 1024 2874 τὸν

1070 2532 1136 2559 Θεὸν
1153 2530 1270 2565 λέγεται.
1288 2529 1386 2556 Eadem
1399 2527 1554 2565 quoquead
1564 2534 1641 2565 oram
1653 2534 1713 2565 sum
1729 2527 1858 2560 interpre-

1073 2562 1396 2594 tationis-Genebrardus
1409 2562 1534 2590 exhibuit
1546 2562 1645 2588 Latine
1662 2562 1700 2588 ita
1712 2565 1859 2588 conversa:

1074 2611 1084 2627 ‹
1105 2601 1223 2629 Verbum
1239 2600 1284 2627 hic
1308 2599 1355 2626 Dei
1379 2598 1527 2625 esseutiale
1545 2604 1579 2623 ne
1598 2597 1744 2630 intelligas
1761 2598 1858 2629 (expers

1072 2637 1144 2663 enim
1175 2636 1292 2670 partiutn
1317 2639 1371 2670 est,
1397 2631 1649 2670 tanqu:uu__Deus),
1673 2632 1727 2670 sed
1749 2631 1857 2670 Verbum

1072 2672 1144 2706 quod
1169 2665 1202 2698 de
1231 2671 1288 2704 ipso
1315 2668 1422 2706 exsiStit
1445 2665 1460 2694 (ξ
1477 2667 1561 2694 variis
1587 2665 1858 2706 coutequlalionibus

1077 2701 1268 2740 composiltuh.
1284 2704 1354 2738 quod
1374 2703 1458 2740 etiam
1481 2710 1542 2729 cum
1559 2709 1667 2740 priore
1693 2702 1742 2740 i_||o
1760 2701 1856 2740 uotniuc

1077 2734 1332 2800 comiuilmicansfin
1346 2738 1478 2774 principio
1495 2734 1669 2771 apud’Deum
1693 2735 1786 2764 t‘uiSse
1801 2734 1855 2763 dici-

1079 2782 1130 2800 [ΗΓ.
1146 2784 1154 2799 Ι
1182 2783 1207 2800 Ι).

1079 2782 1130 2802 ltll‘.
1146 2784 1154 2799 I
1170 2782 1207 2803 ID.

1114 2811 1170 2845 (19)
1199 2810 1236 2838 Τὰ
1257 2809 1323 2843 περὶ
1346 2807 1450 2835 αὐτοῦ.
1470 2806 1543 2845 ἓῆςθιε
1569 2807 1670 2833 desunt
1703 2807 1735 2834 in
1763 2807 1857 2842 vulgato

1080 2846 1233 2873 Philocliliw
1248 2851 1334 2877 textu,
1350 2845 1397 2872 sed
1413 2843 1591 2870 restituuntur
1604 2850 1620 2869 c
1637 2850 1708 2869 tnss.
