1869 3046
22 108 61 136 195

551 108 730 136 COMMENT.
751 107 784 136 IN
804 108 900 137 JOAN.
920 111 1040 140 TOMUS
1060 112 1090 139 ll.

1582 117 1635 145 196

22 165 55 192 ut
78 163 195 196 ὄπισθεν,
226 164 275 191 καὶ
299 164 581 200 κατεσφραγισμένον,
609 166 679 202 ὅπερ
708 165 788 197 οὐδεὶς

847 167 940 201 David,
954 170 999 204 qui
1016 170 1112 204 aperit,
1127 174 1151 198 et
1171 177 1250 197 nemo
1271 169 1377 198 claudet
1390 179 1398 204 ι
1413 171 1458 207 ηιιί
1474 171 1592 205 claudit,
1609 178 1637 201 et

22 210 117 245 ζδύνατο
127 210 294 244 ἀναγνῶναι,
309 210 356 236 καὶ
371 209 451 236 λῦσαι
465 211 514 242 τὰς
529 212 681 247 σφραγῖδας
697 212 792 245 αὑτοῦ,

22 259 34 285 :l
48 259 81 295 μὴ
91 260 104 285 ό
115 259 179 285 λέων
191 259 205 284 6
219 259 251 285 ὲκ
263 258 312 294 τῆς
324 258 411 293 φυλῆς
423 258 470 285 τοῦ
488 258 584 291 Ἰούδα,
598 259 615 294 ἡ
627 259 690 294 ῥίζα
701 258 793 290 Δαυῖδ,

22 315 23 331 1
34 306 46 332 ὁ
59 306 122 340 ἔχων
135 306 185 339 τὴν
199 305 274 331 κλεῖν
285 304 332 331 τοῦ
345 304 436 336 Δαυῖδ,
449 305 498 331 καὶ
509 304 636 339 ἀνοίγων,
649 305 696 332 καὶ
707 305 794 336 οὐδεὶς

22 351 112 382 ιλείσει,
122 351 168 377 καὶ
176 351 284 384 κλείων,
298 351 345 377 καὶ
354 351 442 382 οὐδεὶς
454 351 555 383 ἀνοίξει
564 359 571 384 ;
584 361 594 376 ι
613 351 644 377 Ἦ
653 351 707 387 γὰρ
717 351 793 377 πᾶσα

23 399 95 434 ’ραυή
105 399 180 424 ἐστιν
194 398 211 433 ὴ
226 397 378 433 δηλουμένη
394 396 438 423 διὰ
452 397 502 432 τῆς
518 397 621 432 βίϐλου,
637 396 793 433 ἔμπροσθεν

22 447 56 471 is;
70 444 245 480 γεγραμμένη
263 443 307 471 διὰ
323 443 372 480 τὴν
392 444 538 479 πρόχειρον
559 444 645 479 αὐτῆς
668 444 792 480 ἐκδοχὴν,

22 490 108 517 ηπισοεν
123 490 150 516 δὲ
166 490 211 516 διὰ
232 489 281 525 τὴν
300 490 545 525 ἀνακεχωρηκυῐαν
570 490 618 516 καὶ
642 490 792 525 πνευματι-

22 535 64 569 ιήν.
85 533 293 569 Παρατηρητέον
313 534 382 569 πρὸς
411 534 527 566 τούτοις,
547 535 571 561 εί
591 535 704 562 δύναται
725 535 793 562 ἀπο-

23 580 132 606 εικτικὸν
149 579 194 606 τοῦ
214 580 248 606 τὰ
265 580 331 614 ἆγια
355 580 419 615 μίαν
433 581 579 616 τυγχάνειν
594 581 696 616 βίϐλον,
712 581 747 609 τὰ
763 581 791 608 δὲ

23 626 125 658 ναντίως
145 626 241 662 ἔχοντα
258 627 373 659 πολλὰς,
399 627 431 654 τὸ
447 628 494 654 ἐπὶ
518 628 568 663 μὲν
584 628 638 654 τῶν
668 628 790 661 ζώντων,

22 669 144 698 ιίανεῖναι
163 672 212 708 τὴν
233 672 334 708 βίϐλον,
354 673 401 708 ἀφ’
417 671 452 708 ἧς
466 673 663 708 ἀπαλείφονται
687 675 712 701 οἱ
726 675 792 702 ἀνά-

25 726 53 743 ιοι
67 717 147 752 αὐτῆς
162 717 342 753 γεγενημένοι
356 718 423 753 (50),
440 719 478 750 ὡς
493 719 667 755 γέγραπται*
683 730 693 746 ι
716 721 790 755 Ἐξα-

24 763 186 799 ειφοήτωσαν
201 765 234 790 ἐκ
245 763 340 798 βίϐλου
358 764 476 796 ζώντων·
496 775 505 791 ι
523 767 568 792 ἐπὶ
583 766 610 793 δὲ
627 767 681 794 τῶν
701 768 790 804 κρίσει

25 810 183 844 ποκειμένων
205 809 313 845 βίϐλους
328 809 470 846 φέρεσθαι·
487 813 554 847 φησὶ
574 812 627 849 γὰρ
645 814 659 840 ὁ
678 815 787 850 Δανιὴλ·

33 856 176 890 Κριτήριον
193 855 313 888 ἐκάθισε,
331 857 378 883 καὶ
403 856 489 892 βίϐλοι
510 858 698 894 ἠνεῴχθησαν.
719 870 728 886 ι
745 861 790 897 Τῷ
808 850 827 877 Β

42 900 116 935 ἑνικῷ
137 901 189 936 τῆς
202 901 277 933 Θείας
293 902 384 937 βίϐλου
399 903 446 930 καὶ
456 904 578 939 Μωῡσῆς
592 907 728 941 μαρτυρεῖ
741 906 787 933 λέ-

23 955 67 972 ων*
86 956 94 972 ι
114 948 144 974 Εἰ
168 948 217 983 μὲν
232 949 305 984 ἀφῇς
317 948 356 984 τῷ
369 948 426 984 λαῷ
437 949 486 985 τὴν
499 950 648 986 ἁμαρτίαν,
663 951 731 987 ἄφες
744 961 751 967 ”
764 953 790 979 εί

39 993 81 1028 μὴ,
93 993 234 1028 ἐξάλειψόν
245 1003 278 1029 με
286 995 319 1021 ὲκ
327 994 377 1030 τῆς
388 995 490 1030 βίϐλου,
501 994 535 1031 ἦς
544 996 676 1032 ἔγραψας.
690 1007 699 1023 ο
720 998 790 1032 Ἐγὼ

22 1039 46 1064 αἱ
59 1039 86 1065 τὸ
98 1041 174 1075 παρὰ
196 1039 235 1074 τῷ
257 1040 356 1076 Ἡσαΐᾳ
378 1040 464 1072 οὕτως
481 1041 657 1077 ὲκλαμϐάνω.
680 1043 718 1069 οὐ
736 1043 790 1079 γὰρ

22 1084 62 1110 iam
79 1085 126 1121 τῆς
150 1085 248 1112 τούτου
274 1086 444 1121 προφητείας
458 1087 489 1113 τὸ
511 1084 588 1126 εἶναιΔ
608 1089 672 1120 τοὺς
694 1088 791 1123 λόγους

22 1130 45 1156 r3
66 1131 166 1166 βιϐλίου
191 1133 436 1168 ὲσφραγισμένους,
458 1133 526 1169 μήτε
539 1133 592 1160 ὑπὸ
605 1134 652 1160 τοῦ
669 1135 707 1170 μὴ
731 1137 790 1162 ἑπι-

22 1178 127 1213 ταμένου
148 1178 304 1214 γράμματα
323 1179 609 1214 ἁναγινωσκομένους,
634 1179 678 1207 διὰ
701 1180 731 1207 τὸ
752 1181 789 1216 μὴ

22 1224 92 1251 Ξδέναι
105 1224 188 1251 αὐτὸν
205 1225 369 1261 γράμματα,
386 1226 455 1261 μήτε
466 1225 518 1252 ὑπὸ
533 1225 580 1252 τοῦ
593 1226 789 1262 ἐπισταμένου,

22 1270 42 1296 ,ὰ
50 1270 266 1306 τὸὲσφραγίσθαι
275 1271 324 1307 τὴν
334 1270 434 1306 βίϐλον.
453 1271 534 1298 Ἀλλὰ
545 1271 624 1298 τοῦτο
640 1272 686 1298 ἐπὶ
699 1272 790 1308 πάσης

24 1316 104 1351 posit;
121 1317 284 1353 ἀληθεύεται
307 1318 441 1354 δεομένης
464 1319 513 1346 τοῦ
534 1319 693 1352 κλείσαντος
707 1320 787 1355 λόγου

22 1363 153 1395 νοίξοντος⁸
163 1361 241 1396 οὗτος
252 1363 306 1400 γὰρ
317 1374 327 1390 ‹
336 1364 438 1391 κλείσει
448 1365 495 1392 καὶ
501 1366 589 1398 οὐδεὶς
599 1366 708 1398 ἀνοίξει·
723 1377 731 1392 ι
743 1369 790 1394 καὶ

22 1408 64 1434 πὰν
71 1410 161 1445 ἀνοίξῃ
171 1410 241 1446 (51),
253 1411 345 1438 οὐκέτι
354 1412 442 1444 οὐδεὶς
453 1412 570 1448 ἀπορίαν
578 1413 689 1440 δύναται
701 1415 733 1449 τῇ
742 1414 789 1440 ἀπ’

22 1454 75 1481 ὺτοῦ
98 1456 234 1492 σαφηνείᾳ
259 1459 464 1492 προσενεγκεῖν.
492 1458 542 1484 Διὰ
566 1458 645 1485 τοῦτο
669 1459 787 1493 λέγεται,

22 1508 38 1526 τι
52 1510 60 1525 ‹
79 1501 190 1534 ἀνοίξει,
213 1502 259 1528 καὶ
281 1502 368 1534 οὐδεὶς
383 1502 495 1529 κλείσει.
518 1513 528 1528 ι
543 1504 582 1530 Τὸ
598 1504 789 1540 παραπλήσιον
803 1520 823 1548 C

22 1553 27 1571 ἱ
41 1547 82 1572 καὶ
100 1547 146 1573 ἐπὶ
161 1548 214 1583 τῆς
235 1548 383 1584 εἰρημένης
401 1548 491 1584 βίϐλου
508 1549 584 1586 παρὰ.
597 1550 636 1585 τῷ
658 1550 785 1586 Ἰεζεκιὴλ

22 1592 166 1628 (λαμϐάνω,
184 1594 215 1620 ἐν
272 1603 282 1619 ι
301 1594 458 1630 ἐγέγραπτο
483 1595 592 1631 θρῆνος,
621 1596 668 1622 καὶ
695 1596 784 1632 μέλος,

22 1638 44 1663 1".
54 1638 120 1665 nimi.
136 1649 146 1665 ι
160 1639 242 1665 Πᾶσα
257 1639 312 1675 γὰρ
326 1640 414 1675 βίϐλος
428 1641 550 1677 περιέχει
563 1642 594 1668 τὸ
605 1641 659 1669 τῶν
671 1642 786 1669 ἀπολλυ-

22 1683 80 1711 ἑνων
96 1685 167 1717 οὐαὶ,
187 1686 235 1712 καὶ
247 1686 278 1712 τὸ
292 1687 356 1722 περὶ
371 1687 425 1713 τῶν
450 1687 612 1723 σωζομένων
633 1688 722 1723 μέλος,
739 1688 786 1715 καὶ

22 1734 41 1754 ιν
50 1730 109 1766 περὶ
118 1731 172 1758 τῶν
180 1733 285 1767 μεταξὺ
295 1733 403 1769 θρῆνον.
419 1734 498 1761 Ἀλλὰ
509 1735 556 1761 καὶ
568 1735 582 1761 ὁ
590 1735 688 1762 ἐσθίων
700 1735 788 1761 Ἰωάν-

22 1782 43 1808 1;
59 1776 120 1810 μίαν
144 1778 290 1812 κεφαλίδα,
314 1780 344 1805 ὲν
403 1780 557 1815 γέγραπται
574 1780 609 1807 τὰ
633 1781 787 1816 ἔμπροσθεν

22 1821 43 1847 ιὶ
54 1822 85 1848 τὰ
94 1822 217 1856 ὄπισθεν,
231 1825 280 1861 τὴν
293 1826 382 1853 πᾶσαν
393 1827 504 1862 νενόηκε
516 1827 638 1863 Γραφὴν,
648 1828 687 1860 ὡς
697 1827 787 1862 βίϐλον

22 1866 59 1894 ίαν
74 1869 197 1906 ἡδίστην,
214 1871 284 1897 κατὰ
295 1871 345 1903 τὰς
355 1873 442 1908 ἀρχὰς
456 1874 618 1909 νοουμένην,
629 1874 673 1900 ὅτε
689 1883 731 1905 τις
744 1875 789 1901 αὺο

57 1917 186 1948 μασᾶται,
206 1918 306 1953 πικρὰν
323 1919 351 1946 δὲ
367 1921 400 1954 τῇ
421 1920 536 1946 ἑκάστου
559 1920 613 1946 τῶν
629 1921 788 1954 ἐγνωκότων

22 1963 169 1999 annos“:
178 1966 212 2000 τῇ
223 1966 286 2000 περὶ
293 1965 389 1992 ἑαυτοῦ
399 1967 693 2002 ἁναφαινομένην.”Ετι
705 1975 789 2002 προσ-

22 2007 69 2039 ἧσω
96 2009 136 2040 εἰς
155 2009 207 2045 τὴν
230 2010 325 2037 τούτου
352 2011 487 2044 ἀπόδειξιν
508 2012 589 2047 ῥητὸν
611 2012 788 2039 ὰποστολικὸν

22 2052 34 2087 ὴ
46 2056 209 2090 νενοημένον
221 2056 274 2082 ὑπὸ
283 2056 336 2083 τῶν
348 2057 396 2083 τοῦ
409 2057 582 2093 Μαρκίωνος,
596 2058 642 2084 καὶ
655 2057 698 2084 διὰ
710 2058 789 2084 τοῦτο

22 2098 160 2128 lenium»;
179 2101 212 2128 τὰ
237 2102 392 2136 Εὑαγγέλια
410 2102 479 2138 (52)·
504 2103 535 2130 τὸ
559 2103 613 2138 γὰρ
636 2103 681 2130 τὸν
710 2103 790 2129 Ἀπό-

22 2144 84 2172 ςολον
98 2146 204 2180 λέγειν’
225 2156 235 2173 ι
250 2147 330 2174 Κατὰ
343 2148 375 2174 τὸ
387 2148 555 2183 Εὐαγγέλιόν
570 2157 619 2184 μου
633 2149 662 2175 ἐν
678 2148 789 2185 Χριστῷ

846 222 926 242 nemo
943 216 1047 250 aperiet
1072 217 1130 244 "‘20
1163 217 1298 245 Universa
1325 218 1397 245 enim
1423 218 1561 254 Scriptura
1580 220 1637 255 98

844 264 896 291 est,
915 268 975 294 qua:
996 261 1069 288 libro
1095 261 1142 289 illo
1166 262 1357 298 signiﬁcatur:
1375 264 1495 291 anterius
1527 265 1635 299 quidem

844 305 958 339 scripta,
975 311 1086 341 propter
1098 306 1204 334 facilem
1222 308 1295 335 illius
1307 309 1503 343 expositionem
1517 318 1524 342 ;
1544 316 1636 344 posm-

844 350 901 379 rius
917 359 992 384 vero,
1005 357 1116 388 propter
1131 354 1316 386 remotiorem,
1329 360 1355 381 et
1375 355 1420 389 qui
1434 364 1448 382 τι
1465 356 1569 390 Spiritu
1583 361 1635 389 est,

843 404 964 424 sensum.
991 398 1196 426 Observandum
1225 404 1266 427 est
1294 406 1447 434 praeterea,
1477 401 1500 428 si
1524 407 1635 430 sanctos

844 444 955 472 codices
969 453 1051 471 unum
1074 453 1134 472 esse
1149 445 1258 478 librum,
1275 447 1320 481 qui
1338 455 1401 474 vero
1421 447 1463 475 his
1486 447 1636 476 adversan-

845 493 899 522 tnr,
916 490 1027 522 multos,
1040 491 1220 518 demonstrari
1236 497 1335 526 potest,
1352 499 1384 519 eo
1403 494 1473 527 quod
1486 494 1635 521 viventium

844 542 914 562 unus
930 535 965 562 sit
986 535 1066 568 liber,
1091 543 1124 562 ex
1151 543 1206 570 quo
1229 536 1358 564 delentur
1380 538 1424 571 qui
1451 538 1550 573 indigni
1575 541 1635 574 ipso

843 580 909 607 facti
930 587 1004 614 Sunt,
1021 586 1050 608 ut
1061 583 1194 616 scriptum
1208 587 1249 609 est
1265 582 1286 599 "
1304 591 1311 610 :
1333 592 1342 608 ι
1359 583 1504 611 Deleantur
1518 585 1551 612 de
1566 585 1635 612 libro

843 627 1012 660 viventium;
1033 637 1042 653 ι
1064 627 1098 654 de
1123 628 1166 655 his
1191 635 1255 656 vero
1271 629 1316 664 qui
1329 630 1432 663 judicio
1443 629 1634 663 suhjiciuntur,

843 681 896 700 non
916 673 995 704 liber,
1015 674 1063 700 sed
1080 673 1139 700 libri
1157 673 1304 707 dicuntur;
1327 675 1367 702 ait
1387 675 1459 702 enim
1476 676 1568 702 Daniel
1582 676 1605 692 "
1624 685 1632 704 :

844 728 854 745 ι
871 718 1006 746 Iudicium
1029 721 1161 754 consedit,
1174 725 1200 748 et
1213 721 1272 747 libri
1295 721 1382 755 aperti
1401 726 1474 749 sunt.
1495 733 1507 745 ι
1530 721 1634 750 Uuitati

842 765 923 791 etiam
952 765 1034 792 divini
1074 765 1135 792 libri
1170 766 1354 793 testimonium
1383 767 1497 794 ascribit
1525 767 1632 803 Moyses

842 810 935 838 dicens
955 811 999 838 "z
1017 820 1026 837 ‹
1043 811 1071 839 Si
1092 812 1201 846 quidem
1222 812 1338 840 dimittis
1361 813 1460 847 populo
1475 820 1632 848 peccatum,

843 857 970 890 dimi-tte;
999 856 1022 883 si
1038 865 1091 885 non
1109 857 1255 891 dimiseris,
1280 858 1341 886 dele
1361 865 1403 885 me
1426 867 1459 886 ex
1480 860 1549 887 libro
1575 866 1634 894 ιιιο,

841 908 922 935 quem
949 901 1094 936 scripsisti.
1111 911 1120 928 ι
1150 902 1184 929 Ει
1212 902 1276 929 illud
1293 905 1364 938 apud
1380 904 1478 931 Isaiam
1493 905 1532 932 sic
1547 905 1633 933 inter-

842 952 933 981 pretor
948 947 983 974 ³⁸.
999 946 1058 975 Non
1076 948 1149 975 enim
1171 949 1309 983 proprium
1327 954 1368 976 est
1385 950 1468 984 huius
1485 951 1633 985 prophetia:

842 997 871 1020 ut
885 993 941 1020 sint
960 1001 1102 1021 sermones
1120 994 1182 1021 libri
1209 995 1354 1029 obsignati,
1380 1001 1411 1023 et
1432 1004 1486 1023 nou
1511 996 1634 1031 legantur

841 1038 874 1064 ah
890 1046 922 1065 co
938 1039 985 1072 qui
1016 1039 1105 1066 nescit
1129 1038 1247 1071 litteras,
1273 1041 1335 1074 quia
1362 1040 1385 1067 is
1403 1041 1488 1068 nescit
1515 1041 1632 1074 litteras,

842 1091 930 1118 neque
944 1085 977 1112 ab
991 1092 1023 1112 eo
1040 1085 1084 1119 qui
1101 1086 1163 1117 scit,
1178 1086 1242 1120 quia
1253 1086 1412 1121 obsignatus
1426 1087 1555 1115 estliber.
1576 1089 1633 1116 Sed

842 1131 867 1158 id
887 1139 982 1159 verum
1009 1137 1050 1159 est
1072 1132 1097 1159 in
1123 1132 1251 1160 universa
1271 1132 1427 1166 Scriptura,
1453 1141 1512 1168 qua:
1530 1134 1632 1168 indiget

841 1178 923 1205 verbo
936 1178 994 1210 Dei,
1008 1179 1080 1213 quod
1092 1178 1192 1206 clausit
1207 1183 1236 1205 ut
1249 1179 1369 1212 aperiat;
1387 1180 1438 1207 hoc
1450 1180 1521 1207 enim
1536 1189 1545 1206 ι
1561 1181 1634 1208 clau-

840 1225 895 1252 det.
915 1228 941 1251 ct
959 1232 1038 1252 nemo
1057 1224 1160 1259 aperiet
1175 1225 1197 1241 ⁸⁵
1213 1233 1221 1258 ;
1239 1234 1250 1250 ι
1269 1229 1296 1252 et
1311 1232 1372 1252 cum
1387 1226 1535 1260 aperuerit,
1552 1234 1632 1254 nemo

841 1270 937 1297 deinde
950 1275 1039 1304 potest
1051 1271 1250 1298 dubitationem
1266 1272 1299 1299 ad
1325 1271 1410 1306 ipsius
1432 1272 1632 1306 expositionem

840 1315 947 1343 alierre.
976 1317 1017 1344 Ob
1030 1324 1090 1344 eam
1107 1325 1163 1344 rem
1184 1318 1286 1346 dicitur
1303 1325 1310 1343 ε
1328 1328 1337 1344 ι
1362 1318 1477 1353 aperiet,
1497 1323 1525 1346 et
1552 1326 1633 1347 nemo

840 1362 946 1388 claudet
956 1362 990 1389 ⁸⁵.
1008 1372 1016 1387 I
1040 1363 1136 1390 Simile
1151 1364 1215 1398 quid
1235 1366 1268 1391 de
1280 1364 1349 1391 libro
1368 1364 1413 1399 qui
1430 1369 1471 1391 est
1483 1365 1552 1398 apud
1565 1364 1632 1392 Eze-

840 1406 967 1439 cliielcm,
982 1408 1095 1442 accipio,
1110 1408 1135 1435 in
1152 1416 1205 1443 quo
1220 1418 1230 1434 ι
1246 1410 1348 1443 scripta
1371 1415 1432 1436 erat
1459 1409 1630 1440 lamentatio,

839 1457 864 1479 et
878 1452 1040 1485 modulatio,
1055 1460 1082 1480 et
1094 1461 1133 1481 va:
1146 1455 1179 1480 ’⁷.
1197 1464 1206 1480 ι
1229 1454 1325 1482 Omnis
1339 1455 1411 1481 enim
1429 1455 1498 1482 liber
1510 1455 1632 1483 continet

841 1505 881 1524 va:
895 1499 927 1525 iis
939 1499 984 1532 qui
1000 1504 1124 1533 pereunt,
1145 1505 1173 1527 et
1188 1501 1330 1527 canticum
1350 1500 1383 1527 de
1405 1500 1439 1528 iis
1453 1500 1498 1534 qui
1514 1507 1627 1528 servan-

841 1550 895 1576 tur,
910 1551 938 1572 et
952 1546 985 1573 de
1000 1546 1033 1573 iis
1053 1545 1099 1579 qui
1116 1545 1270 1573 intermedii
1292 1551 1373 1580 sunt,
1396 1546 1628 1574 lamentationem.

837 1591 890 1618 Sed
905 1590 1036 1625 Joannes,
1068 1591 1114 1626 qui
1140 1596 1224 1626 caput
1254 1599 1337 1618 unum
1366 1592 1534 1622 devoravit,
1555 1590 1631 1624 cujus

837 1637 985 1669 anteriora,
1001 1641 1028 1664 et
1044 1637 1193 1671 posteriora
1208 1637 1356 1672 perscripta
1373 1641 1451 1664 erant
1463 1636 1498 1670 ",
1509 1635 1632 1671 Scriptu-

838 1691 894 1710 ram
907 1690 1014 1710 omnem
1027 1683 1161 1718 intelligit,
1175 1688 1205 1710 ut
1218 1683 1316 1710 librum
1331 1691 1411 1710 unum
1425 1683 1629 1716 suaViSsimum,

837 1729 1038 1763 quamprimum
1070 1729 1230 1763 percipitur,
1268 1736 1328 1755 cutn
1362 1729 1423 1764 quis
1453 1737 1514 1755 eum
1545 1728 1630 1755 veluti

839 1774 954 1806 mandit,
980 1773 1109 1801 acerbum
1136 1781 1204 1800 vero
1228 1774 1440 1807 uniusutjusque
1460 1781 1552 1800 eorum
1584 1773 1629 1807 qui

837 1824 1018 1856 perceperunt
1046 1820 1139 1847 sensui
1169 1827 1200 1847 ac
1231 1819 1426 1851 conscientiae,
1457 1827 1516 1853 qua:
1542 1819 1629 1853 ipsqu

838 1868 939 1902 prodit.
954 1867 1057 1894 Addam
1078 1872 1208 1902 pra’terca
1227 1866 1260 1892 ad
1279 1865 1338 1899 ejus
1356 1866 1395 1892 rei
1414 1866 1630 1897 ﬁrmamentum,

838 1913 941 1941 dictum
969 1913 1091 1947 Apostoli
1116 1920 1250 1947 nusquam
1274 1911 1442 1939 intellectum
1471 1911 1503 1937 ab
1529 1910 1562 1937 iis
1583 1910 1630 1944 qui

839 1959 1003 1987 Marcionem
1033 1962 1222 1990 assectantur,
1250 1957 1295 1992 qui
1331 1956 1444 1991 proinde
1484 1954 1629 1989 Evangelia

839 2009 1022 2040 aspernantur
1038 2008 1066 2031 et
1084 2004 1259 2039 improbant;
1276 2003 1346 2038 quod
1365 2002 1437 2029 enim
1459 2001 1497 2028 ait
1513 2002 1631 2036 Aposto-

839 2051 881 2079 lus
896 2052 918 2068 ”
933 2060 940 2078 :
963 2059 972 2076 ι
987 2050 1141 2078 Secundum
1167 2049 1340 2084 Evangelium
1357 2055 1447 2075 meum
1467 2048 1493 2075 in
1518 2048 1628 2075 Christo

840 2098 914 2130 Jcsu,
930 2108 940 2125 ι
966 2105 1016 2125 nec
1040 2095 1106 2124 dicit
1123 2095 1281 2130 Evangelia,
1304 2095 1340 2122 illi
1367 2095 1429 2121 huic
1451 2095 1523 2122 dicto
1538 2094 1628 2121 inuni-

841 2149 937 2172 uentes
950 2149 1088 2176 asserunt,
1103 2150 1135 2170 eo
1153 2142 1224 2176 quod
1240 2149 1292 2169 non
1310 2141 1385 2176 plura
1403 2141 1457 2168 sint
1469 2140 1628 2175 Evangelia,

23 2191 96 2225 ηςοῦ,
109 2202 119 2217 ›
130 2193 180 2219 καὶ
197 2193 235 2228 μὴ
247 2194 362 2227 φάσκειν
371 2194 535 2229 Εὐαγγέλια,
548 2195 646 2221 ἐκεῖνοι
660 2195 788 2229 ἐφιστάν-

840 2189 999 2225 Apostolum
1015 2197 1128 2216 numero
1141 2187 1254 2216 unitatis
1272 2186 1449 2222 Evangelium
1463 2187 1581 2218 dixisse;
1595 2186 1630 2213 ob

22 2245 39 2267 ῖς
53 2239 143 2271 φασιν,
169 2239 221 2266 οὐκ
236 2239 269 2266 ἂν
293 2239 424 2267 πλειόνων
444 2240 528 2267 ὄντων
542 2241 726 2275 Εὑαγγελίων,
742 2240 787 2267 τὸν

22 2282 160 2310 ίπόστολον
177 2284 275 2316 ἑνικῶς
294 2285 324 2311 τὺ
340 2285 504 2320 Εὑαγγέλιον
519 2286 667 2322 εἰρηκέναι·
681 2286 712 2312 οὺ
726 2294 788 2312 συν-

22 2334 88 2359 ντες,
111 2329 154 2354 ὃτι
169 2329 208 2361 ὡς
224 2327 265 2361 εἷς
280 2331 353 2356 ἐστιν
376 2330 406 2357 ὃν
417 2331 637 2365 εὐαγγελίζονται
654 2331 787 2362 πλείονες,

22 2371 77 2404 itm;
93 2374 122 2400 ἓν
138 2375 200 2401 ἐστι
215 2377 248 2411 τῇ
265 2376 379 2411 δυνάμει
394 2377 423 2403 τὸ
440 2377 491 2403 ὑπὸ
507 2377 562 2403 τῶν
579 2376 684 2403 πολλῶν
699 2377 789 2410 Εὐαγ-

22 2418 79 2445 Ξλιον
92 2421 354 2457 ἀναγεγραμμένον·
371 2423 460 2449 καὶτὸ
472 2422 579 2458 ἀληθῶς
592 2423 636 2450 διὰ
647 2423 788 2458 τεσσάρων

22 2466 101 2492 ἐστιν
111 2467 291 2502 Εὑαγγέλιον.
302 2469 333 2495 Εἰ
344 2469 433 2495 τοίνυν
440 2469 526 2496 ταῦτα
538 2470 630 2496 πεῖσαι
645 2469 719 2505 ἡμᾶς
731 2468 787 2503 (53)

22 2510 102 2538 ἓναται
126 2513 155 2539 τί
178 2513 244 2540 ποτέ
260 2514 318 2540 ἐστι
331 2514 361 2541 τὺ
376 2514 404 2541 ἓν
419 2514 532 2549 βιϐλίον,
547 2514 592 2540 καὶ
607 2514 680 2541 τίτὰ
692 2513 787 2545 πολλὰ,

22 2557 39 2583 ιν
54 2559 156 2593 μᾶλλον
180 2560 314 2595 φροντίζω
325 2561 357 2587 οὐ
377 2560 421 2587 διὰ
435 2561 466 2588 τὸ
489 2560 590 2596 πλῆθος
606 2561 661 2588 τῶν
683 2568 789 2596 γραφο-

29 2627 50 2643 ’°
67 2629 154 2663 Apoc.
167 2636 210 2660 ιιι,
221 2629 248 2655 7.
300 2629 321 2645 "
336 2628 407 2656 Psal.
420 2637 513 2660 vatu.
528 2629 574 2657 29.

842 2236 922 2270 idque
952 2242 1006 2262 non
1034 2235 1215 2269 intelligemus
1236 2233 1461 2268 quemadmodum
1485 2240 1555 2259 unus
1576 2237 1628 2264 est,

842 2290 920 2316 quem
937 2282 1030 2316 plures
1043 2281 1252 2316 pra‘dicaut,sic
1266 2288 1348 2307 unum
1365 2287 1425 2307 esse
1438 2279 1546 2310 virtute,
1557 2278 1633 2312 quod

841 2337 856 2356 a
875 2329 968 2355 multis
986 2327 1118 2362 scriptum
1134 2332 1176 2354 est
1188 2326 1375 2362 Evangelium.
1398 2325 1431 2352 Et
1443 2331 1537 2351 revera
1558 2323 1629 2357 quod

842 2383 890 2409 per
906 2379 1023 2409 quatuor
1046 2373 1177 2407 scriptum
1203 2376 1260 2404 est,
1290 2379 1372 2397 unum
1387 2374 1429 2398 est
1442 2367 1628 2403 Evangelinm.

840 2420 932 2453 Quare
949 2419 970 2446 si
989 2418 1048 2445 hinc
1061 2417 1140 2444 iidem
1162 2416 1254 2444 facere
1274 2417 1344 2450 apud
1361 2423 1411 2442 nos
1424 2419 1547 2450 posaunt,
1564 2412 1629 2447 quid

839 2467 874 2493 sit
886 2473 956 2493 unus
971 2465 1050 2496 liber,
1064 2468 1091 2490 et
1109 2463 1172 2498 quid
1191 2462 1278 2494 multi,
1294 2469 1365 2488 nunc
1379 2460 1464 2496 magis
1480 2467 1540 2487 sum
1554 2457 1629 2486 solli-

841 2512 923 2543 citus,
945 2519 998 2538 non
1014 2510 1122 2545 quidem
1151 2513 1263 2544 propter
1290 2508 1490 2535 multitudinem
1513 2505 1629 2540 scripto-

838 2565 910 2588 rum,
924 2555 980 2591 99
995 2555 1041 2583 sed
1058 2560 1167 2589 propter
1180 2554 1233 2580 vim
1251 2553 1459 2585 intellecturum,
1479 2559 1512 2579 ne
1531 2550 1625 2578 forsan

624 2629 648 2644 ”
663 2627 731 2659 Cap.
747 2634 783 2653 vn

840 2633 882 2653 σε.
899 2625 944 2652 10.
982 2624 1005 2640 ’³
1023 2623 1106 2651 Exod.
1124 2629 1213 2659 xxxii,
1230 2620 1276 2649 52.
1314 2619 1338 2636 ⁸⁸
1353 2619 1405 2646 lsa.
1424 2625 1500 2650 χχιχ,
1516 2617 1560 2649 Η,
1581 2616 1627 2644 12.

29 2658 244 2696 ibid.'xm,2'a.
282 2663 305 2680 ὀ
322 2664 388 2693 ibid.
426 2665 449 2680 ’τ
465 2658 563 2691 Ezech.
578 2671 608 2694 ιι,
623 2663 650 2691 9.
688 2663 786 2697 "Apo

840 2681 854 2693 η,
870 2661 897 2694 9,
913 2660 957 2688 10.
994 2659 1017 2675 ⁸⁸
1034 2659 1111 2685 Rom.
1129 2658 1216 2689 ".16.

29 2721 83 2755 (50)
102 2719 317 2756 Γεγενημένοι.
339 2720 379 2748 lta
402 2721 487 2748 codex
502 2720 651 2753 Thuanus;
672 2719 784 2754 Regius,

22 2758 239 2835 ἕίΐῗῗζὶοίξῃ.
269 2791 306 2818 lla
328 2799 393 2820 mss.
422 2791 540 2818 Tariuus
558 2798 622 2818 vero
643 2790 670 2817 in
697 2794 782 2821 textu,

22 2835 102 2854 θοι-ει.

31 2844 86 2900 υἷι)
97 2863 297 2891 Ἀθετούντων
313 2862 347 2889 τὰ
358 2861 536 2897 Edoni-dia.
547 2859 603 2889 Non
618 2860 720 2893 omnia,
737 2860 784 2887 sed

840 2717 969 2749 Matthmi,
981 2715 1063 2743 Marci
1080 2719 1106 2741 et
1118 2713 1240 2742 Joannis.
1255 2713 1432 2740 Luczeautem
1451 2709 1626 2749 Evangeliunn

839 2745 1019 2779 admittebant
1035 2751 1154 2785 quidem,
1165 2750 1211 2776 sed
1225 2750 1305 2787 ita‘ut
1319 2756 1333 2787 ιι
1349 2749 1482 2787 dictatore
1497 2753 1545 2773 suo
1559 2745 1628 2771 Mar-

840 2789 919 2815 ciune
936 2783 1128 2820 interpolatum
1143 2786 1241 2811 fuerat.
1253 2783 1420 2817 Epiphanius
1434 2783 1531 2808 Iul-res.
1557 2787 1625 2812 λιιι,

840 2822 1158 2859 (ap._9,_[mdium-us.
1215 2852 1236 2859 Μ
1270 2855 1276 2859 ⁸
1354 2854 1359 2859 “
1395 2856 1399 2859 _
1441 2856 1446 2859 _
1499 2850 1505 2859 ,
1538 2849 1565 2859 ,Α
1598 2845 1603 2854 ,

876 2849 1050 2894 ζδὸΥἩμιῑς.
1070 2856 1106 2882 Ita
1124 2862 1189 2882 mss.
1215 2852 1331 2880 Tariuus
1353 2854 1378 2879 in
1394 2856 1477 2884 textu,
1494 2849 1576 2885 ὑμᾶς.
