1865 3041
230 98 280 126 195

957 87 1118 120 ORIGEMS
1806 93 1847 120 195

228 164 260 184 eo
272 156 401 191 prolabar
415 159 443 182 ut
457 154 612 181 mandatum
631 153 783 180 transiliam
795 173 802 186 ,
818 153 840 179 si
859 152 923 187 quid
941 160 1012 187 prm-

1093 151 1163 183 Ξνων,
1179 149 1246 177 ἀλλά
1260 149 1304 178 διὰ
1316 149 1365 185 τὴν
1376 149 1492 186 δύναμιν
1508 149 1561 176 τῶν
1572 148 1741 185 νοουμένων,
1756 149 1849 185 μήποτε

228 207 271 230 εει·
284 202 426 229 veritatem
443 204 571 234 tanquam
584 199 729 226 veritatem
753 205 904 232 exponam,
925 197 966 224 vel
987 198 1014 224 in

226 256 282 275 uno
309 254 429 274 meorum
452 245 722 273 commentariorum.
748 243 816 271 Tum
840 244 912 272 enim
938 243 1015 271 fuero

226 293 374 321 multorum
394 292 524 319 librorum
542 291 682 326 scriptor;
696 297 814 325 cumque
831 297 903 317 nunc
923 290 1015 324 specie

225 347 259 366 ac
273 342 406 373 prmtextu
417 337 584 373 cognitionis
600 337 750 364 alienarum
766 335 923 371 opinionum
939 343 1016 363 asse-

225 382 273 409 clze
287 382 314 409 in
332 385 454 409 sanctam
473 381 519 409 Dei
539 381 688 408 Ecclesiam
704 380 856 416 insnrgant,
871 386 898 408 ct
915 381 1016 408 multo-

225 435 283 454 rum
298 427 428 455 librorum
436 427 649 462 compositiones
659 426 810 461 divulgent,
821 425 920 461 quibus
931 433 1016 453 evan-

224 473 374 506 gelicarum
391 477 419 500 et
435 472 646 508 apostolicarum
662 471 889 500 constitutionum
905 471 1014 506 exposi-

224 518 324 544 tionem
340 519 516 553 pollicentur;
529 519 551 546 si
565 519 620 553 jam
632 518 772 550 sileamus,
787 524 836 545 nec
850 517 902 544 illis
914 517 1016 544 saluta.

224 563 263 589 ria
276 568 305 590 et
319 571 383 590 vera
397 563 558 591 documenta
572 571 752 599 apponamns,
763 563 857 591 avidas
871 566 898 591 et
908 562 1017 598 ieiunas

225 609 334 636 animas
346 609 400 636 cibi
417 609 508 643 inopia
522 609 727 645 expugnahunt,
742 609 775 636 ad
785 609 882 636 vetitas
892 613 919 636 et
929 610 1018 637 omni-

226 661 261 681 no
297 654 418 689 impurae
448 655 699 690 abominandasque
733 661 811 682 escas
844 654 1015 682 festinantes.

226 701 316 735 Quare
328 708 443 729 necesse
457 702 524 729 mihi
538 702 645 730 videtur
655 710 726 737 esse,
738 710 801 731 eum
814 702 859 737 qui
872 702 931 730 sine
944 702 1017 730 frau-

226 747 260 774 de
272 754 305 774 ac
328 747 552 782 praevaricatione
567 752 655 783 potest
676 755 726 784 pro
748 748 934 776 ecclesiastico
960 755 1018 776 ser-

225 801 307 821 mone
321 799 456 822 oratorem
469 802 499 822 se
516 795 700 830 interponere,
714 799 741 823 et
755 802 804 823 eos
816 795 959 823 confutare
970 794 1015 830 qui

1067 197 1208 233 περιπέσω
1219 195 1258 232 τῷ
1275 196 1456 232 παραϐαίνειν
1470 195 1520 230 τὴν
1534 195 1644 231 ἐντολὴν
1654 215 1662 226 ,
1680 195 1728 222 ἐάν
1743 203 1770 221 τι
1785 196 1850 230 παρὰ

1064 243 1114 278 τὴν
1127 242 1257 278 ἀλήθειαν
1266 238 1306 274 ὼς
1319 241 1451 277 ἀλήθειαν
1471 241 1595 277 ὲκθῶμαι
1606 261 1614 273 ,
1638 241 1691 268 κᾶν
1706 242 1735 267 ὲν
1749 241 1791 268 ὲνὶ
1805 242 1848 267 uias

1065 288 1257 324 γραφομένων.
1278 288 1351 315 Ἐκεῖ
1359 287 1414 324 γὰρ
1424 287 1523 323 ἔσομαι
1533 287 1643 323 γράψας
1654 286 1745 322 βιϐλία
1757 287 1848 313 πολλὰι

1065 335 1114 362 καὶ
1126 334 1174 361 νῦν
1189 334 1219 360 δὲ
1244 333 1381 370 προφάσει
1406 333 1535 369 γνώσεως
1555 333 1783 368 ἐπανισταμένων
1805 333 1851 360 τῶν

1065 376 1226 417 έτεροδόξων
1298 381 1364 417 ἁγίᾳ
1388 381 1436 407 τοῦ
1452 380 1521 407 Θεοῦ
1546 380 1602 416 (54)
1628 380 1798 416 Ἐκκλησία.
1812 381 1851 406 καὶ

1066 425 1245 458 πολυὸίσλους
1271 425 1412 458 συντάξεις
1436 426 1593 462 φερόντων,
1619 425 1851 460 ὲπαγγελλομένας

1065 471 1192 507 διήγησιν
1210 471 1266 499 ⁸τῶν
1286 471 1472 506 εὐαγγελικᾶη
1494 471 1543 498 καὶ
1559 471 1852 498 ἀπωστολικῶψδιατά-

1067 516 1135 550 ξεων
1145 538 1152 550 ,
1170 516 1218 544 ἐὰν
1235 515 1420 553 σιωπῆσωμεν
1445 517 1484 553 μὴ
1505 517 1705 554 παρατιθέντες
1718 518 1810 548 αὐτοῖς
1824 517 1853 543 τὰ

1068 561 1133 599 ὖγιῆ
1153 564 1201 591 καὶ
1216 562 1303 600 ἀληθῆ
1314 564 1447 599 δόγματα,
1459 564 1674 600 ἐπικρατήσωσι
1691 564 1746 591 τῶν
1761 564 1853 598 λίχνων

1066 609 1160 645 ψυχῶν
1179 610 1281 646 ἀπορίᾳ
1296 610 1401 646 τροφῆς
1424 610 1576 646 σωτηρίου,
1591 610 1638 637 ἐπὶ
1652 610 1687 637 τὰ
1704 611 1854 646 ἀπηγορευα

1069 657 1138 692 μένα
1153 657 1335 689 σπευδουσῶν,
1361 656 1410 683 καὶ
1435 656 1544 692 ἀληθῶς
1569 655 1713 691 ἀκάθαρτα
1727 656 1778 683 καὶ
1799 655 1852 691 βδε-

1065 699 1153 730 λυκτὰ
1179 702 1313 739 βρώματα
1338 702 1406 738 (55).
1423 701 1523 738 Διόπερ
1554 703 1702 737 ἀναγκαῖόν
1717 711 1765 737 μοι
1789 701 1854 728 δοκεῖ

1067 745 1135 776 ιῖναι
1155 749 1202 776 τὸν
1214 749 1363 784 δυνάμενον
1377 748 1539 785 πρεσὸεύειν
1565 749 1635 784 ὑπὲρ
1650 748 1698 776 τοῦ
1713 748 1854 784 ἐκκλησια-

1068 795 1161 822 στικοῦ
1173 795 1253 829 λόγου
1268 795 1517 831 ἀπαραχαράκτως,
1532 795 1581 822 καὶ
1594 795 1716 830 ἐλέγχειν
1729 795 1797 826 τοὺς
1811 795 1855 829 τὴν

226 838 321 866 falsam
340 839 392 867 sibi
411 840 596 875 cognitionem
614 845 774 872 assumunt.
796 846 869 868 stare
884 841 1015 868 adversus

1093 840 1240 877 ῖυδώνυμον
1271 842 1372 875 γνῶσιν
1405 840 1695 877 μεταχειριζομένους,
1733 840 1855 868 ἵστασθαι

227 885 355 913 haeretica
368 890 533 918 commenta,
545 890 572 913 et
584 886 771 914 excelsitalem
784 886 933 921 eVangelici
949 894 1018 921 prte-

227 931 301 958 conii
320 931 374 958 illis
386 938 535 966 opponere.
549 931 577 958 in
596 938 651 966 quo
671 936 714 958 est
731 931 887 966 plenissima
903 938 1018 959 consen-

226 976 269 1003 sio
283 977 436 1003 communis
451 976 595 1009 doctrinm,
614 976 730 1009 Veteris,
744 977 816 1011 quod
833 981 940 1010 vocant,
954 984 1017 1005 cum

226 1021 303 1050 Novo
325 1022 510 1050 Testamento.
527 1022 622 1057 Tuque
638 1023 696 1058 ipse
708 1023 778 1050 adeo
793 1030 887 1051 eorum
903 1024 1017 1059 penuria

225 1068 272 1103 qui
297 1068 408 1096 meliora
434 1074 599 1102 assererem,
614 1076 676 1096 cum
691 1069 788 1097 rationi
813 1073 975 1104 pugnantem
990 1073 1018 1097 et

226 1114 373 1142 absurdam
385 1114 478 1148 ﬁdem,
493 1121 554 1150 quae
572 1118 615 1142 tua
630 1118 690 1142 erat
703 1114 731 1142 in
743 1113 835 1142 Iesum
851 1115 951 1150 pietas,
966 1114 1018 1142 mi-

226 1161 301 1188 nime
315 1160 388 1189 ferre
401 1168 511 1196 posses,
533 1162 566 1189 iis
583 1166 610 1189 te
627 1160 691 1188 olim
708 1161 883 1188 sermonibus
901 1160 1018 1188 tradide-

226 1213 283 1239 ras,
299 1206 398 1241 quibus
412 1214 518 1241 postea,
536 1214 600 1234 usus
620 1213 671 1240 ea,
695 1210 725 1233 ut
739 1206 864 1238 decebat,
880 1213 939 1241 qua:
954 1205 1017 1233 data

229 1251 276 1278 tibi
290 1255 344 1284 est.
361 1252 516 1286 prudentia,
529 1252 664 1279 damnatis
677 1251 837 1279 discessisti.
850 1250 914 1279 litae
927 1255 1017 1278 autem

226 1297 289 1325 dico
305 1298 338 1325 ad
361 1305 456 1325 eorum
475 1298 523 1332 qui
548 1301 576 1324 et
596 1297 688 1324 dicere
705 1301 732 1324 et
750 1297 872 1324 scribere
894 1301 1017 1332 possunt,

227 1348 365 1378 quatenus
377 1344 443 1372 mihi
463 1348 577 1379 apparet
588 1363 596 1376 .
611 1343 806 1371 defensionem.
821 1343 874 1370 Sed
889 1347 916 1370 et
931 1350 1016 1370 meam

228 1389 312 1423 ipsius
327 1397 436 1417 causam
450 1390 523 1421 dico,
537 1390 583 1423 qui
600 1397 655 1417 non
673 1397 707 1416 eo
722 1389 855 1416 instructu
870 1393 898 1416 et
911 1388 1016 1421 habitu,

228 1443 283 1470 quo
298 1442 360 1462 esse
373 1440 481 1470 oportet
497 1443 569 1468 eum,
589 1436 637 1471 qui
654 1444 669 1462 a
683 1435 739 1463 Deo
750 1435 786 1462 sit
802 1435 915 1462 idoneus
929 1434 1018 1462 lactus

228 1479 296 1506 Novi
310 1479 477 1508 Testamenti
491 1481 662 1512 administer.
677 1488 730 1508 non
749 1480 859 1512 litterae,
873 1479 920 1508 sed
937 1479 1018 1515 spiri-

230 1529 272 1553 tus
282 1525 329 1558 ον,
345 1525 475 1554 audacius
492 1533 536 1554 me
552 1526 586 1553 ad
603 1526 745 1554 dicendum
761 1525 912 1561 proﬁciam.

1068 887 1140 914 κατὰ
1161 887 1216 914 τῶν
1239 887 1387 923 αἰρετικῶν
1411 886 1631 921 ἁναπλασμάτων
1653 886 1855 922 ἀντιπαραὸἀλ-

1068 932 1148 959 λοντα
1164 934 1193 960 τὺ
1207 930 1275 969 ὕψος
1291 933 1337 959 τοῦ
1353 932 1530 967 εὐαγγελικοῦ
1542 930 1737 968 κηρύγματος,
1755 931 1856 966 πεπλη-

1068 977 1191 1014 ρωμένον
1204 977 1260 1014 (56)
1275 977 1434 1013 συμφωνίας
1449 978 1591 1013 δογμάτων
1605 977 1704 1004 κοινῶν
1718 979 1751 1013 τῇ
1770 977 1855 1004 καλου-

1069 1019 1139 1060 μένῃ
1154 1023 1260 1059 Παλαιᾷ
1274 1024 1342 1060 πρὸς
1356 1024 1405 1059 τὴν
1419 1023 1621 1059 ὀνομαζομένην
1640 1024 1746 1059 Καινὴν
1759 1023 1854 1058 Διαθή-

1068 1077 1130 1104 κην.
1145 1068 1231 1101 Αὐτὸς
1251 1069 1317 1104 γοῦν
1340 1069 1444 1105 ἀπορίᾳ
1460 1067 1517 1105 (57)
1533 1069 1588 1096 τῶν
1603 1069 1814 1104 πρεσϐευόντων
1828 1068 1856 1094 τὰ

1068 1115 1222 1150 κρείττονα,
1236 1115 1273 1151 μὴ
1284 1115 1375 1152 φέρων
1388 1116 1437 1152 τὴν
1450 1115 1546 1150 ἄλογον
1555 1115 1604 1142 καὶ
1619 1115 1759 1150 ἰδιωτικὴν
1770 1115 1856 1141 πίστιν

1067 1161 1113 1187 διὰ
1131 1161 1181 1196 τὴν
1193 1161 1263 1195 πρὸς
1276 1161 1324 1187 τὸν
1343 1160 1448 1196 Ἰησοῦν
1463 1160 1584 1196 ἀγάπην,
1600 1159 1781 1192 ὲπεδεδώκεις
1798 1159 1857 1185 ποντὶ

1069 1206 1167 1234 σαυτδν
1182 1207 1288 1241 λόγοις,
1304 1204 1341 1234 ὧν
1355 1206 1482 1244 ὕστερον,
1498 1208 1531 1242 τῇ
1545 1206 1676 1242 δεδομένῃ
1692 1214 1733 1233 σοι
1754 1205 1856 1233 συνέσει

1069 1252 1313 1288 καταχρησάμενος
1323 1252 1364 1284 είς
1374 1251 1444 1286 δέον,
1458 1252 1609 1286 καταγνοὺς
1622 1251 1756 1285 ἀπέστης.
1769 1246 1857 1277 Ταῦτα

1067 1297 1097 1326 δέ
1113 1307 1185 1335 φημι
1196 1299 1268 1326 κατὰ
1277 1298 1309 1326 τὸ
1325 1298 1488 1334 φαινόμενόν
1505 1306 1551 1334 μοι
1565 1296 1785 1332 ἀπολογούμενος
1799 1295 1857 1330 περὶ

1068 1345 1123 1372 τῶν
1134 1345 1292 1381 δυναμένων
1303 1344 1393 1380 λέγειν
1407 1344 1455 1372 καὶ
1468 1344 1594 1380 γράφειν.
1613 1343 1683 1378 Περὶ
1696 1343 1724 1369 δὲ
1740 1341 1856 1378 ἐμαυτοῦ

1068 1391 1296 1427 ἀπολογούμενος,
1313 1390 1351 1426 μὴ
1364 1390 1418 1427 ἄρα.
1432 1391 1463 1417 οὺ
1476 1390 1605 1426 τοιαύῖεης
1616 1389 1653 1416 ὣν
1668 1388 1754 1421 ’ἐξεως
1769 1388 1857 1416 ὁποίαν

1068 1436 1152 1472 ὶχρῆν
1165 1436 1210 1464 τὸν
1224 1436 1299 1472 παρὰ
1313 1435 1380 1463 Θεοῦ
1396 1436 1571 1472 ἱκανοὺμενον
1586 1435 1709 1462 διάκονον
1723 1430 1775 1470 τῆς
1793 1434 1856 1461 Και-

1069 1481 1119 1516 νῆς
1133 1481 1281 1517 Διαθήκης,
1299 1481 1329 1508 οὒ
1343 1481 1516 1517 γράμματος,
1532 1481 1601 1508 ἀλλὰ
1615 1480 1775 1515 πνεύματος
1784 1499 1793 1512 ,
1805 1478 1858 1506 τολ-

1032 1523 1054 1552 C
1071 1527 1221 1564 μηρότερον
1237 1527 1356 1564 ἐμαυτὸν
1369 1528 1408 1564 τῷ
1418 1528 1599 1564 ὑπαγορεύειν
1612 1527 1769 1562 ἐπιδίδωμι.

317 1689 364 1718 EX
383 1689 500 1720 EODEM
519 1689 616 1721 TOMO
634 1691 668 1727 ν,
687 1689 779 1721 APUD
798 1691 1001 1721 PAMPHILUM
1018 1690 1214 1721 MARTYREM
1234 1690 1268 1720 IN
1285 1691 1472 1721 APOLOGIA
1494 1689 1565 1719 PRO
1587 1688 1772 1719 ORIGENE.

266 1768 426 1804 Uuigenitus
454 1769 539 1797 Filius
559 1769 685 1798 Salvator
700 1775 802 1802 noster.
823 1770 868 1806 qui
883 1771 956 1799 solus
978 1778 1013 1798 ex

227 1814 309 1843 Patre
327 1820 406 1850 natus
420 1821 472 1849 est,
496 1817 569 1844 solus
586 1822 684 1844 natura
700 1822 727 1844 et
741 1825 794 1845 non
809 1818 956 1852 adoptione
970 1817 1018 1846 Fi-

228 1862 280 1889 lius
296 1867 347 1889 est.

443 1918 452 1934 ι
467 1907 532 1936 Item
553 1909 580 1936 in
599 1909 695 1936 eodem
715 1908 794 1936 libro.
812 1918 821 1935 ι

264 1955 340 1983 Unus
355 1963 420 1989 ergo
433 1960 474 1982 est
489 1962 569 1982 verus
592 1955 673 1987 Deus,
691 1963 701 1979 ι
717 1955 763 1989 qui
781 1954 854 1982 solus
869 1954 950 1982 habet
966 1955 1018 1982 im-

228 2001 430 2033 mortalitatem,
441 2000 527 2027 lucem
537 1999 639 2027 habitat
651 2000 918 2029 inacecssibilem'".
927 2001 1017 2029 tUuus

227 2051 257 2073 et
270 2053 351 2073 verus
366 2045 448 2076 Deus,
473 2054 506 2073 ue
521 2046 627 2074 scilicet
642 2045 734 2073 multis
757 2047 814 2073 veri
843 2045 889 2073 Dei
917 2054 1014 2074 nomen

227 2091 373 2118 convenire
392 2093 546 2118 credamus.
569 2091 609 2118 Ita
634 2099 700 2126 ergo
716 2096 743 2118 et
762 2092 788 2119 hi
811 2092 857 2126 qui
880 2093 1016 2128 accipiunt

231 2146 241 2164 ι
253 2138 378 2172 spiritum
394 2139 549 2174 adoptionis
572 2138 689 2166 liliorum
701 2158 710 2171 ,
731 2139 757 2166 in
776 2147 829 2174 quo
843 2139 1013 2167 clamamus:

227 2183 304 2210 Abba
318 2183 453 2217 Pater'",
471 2194 480 2211 ι
501 2184 546 2211 lilii
559 2185 667 2219 quidem
684 2184 731 2212 Dei
745 2191 816 2217 sunt,
831 2185 878 2213 sed
894 2193 947 2212 non
964 2185 1017 2213 sic-

228 2233 257 2257 ut
277 2230 431 2266 unigenitus
456 2229 550 2259 Filius.
570 2229 733 2268 Uuigenitus
754 2232 825 2259 enim
848 2237 945 2259 natura
972 2227 1017 2259 Fi-

262 2320 297 2335 ὀ·
308 2320 326 2346 ll
335 2320 398 2348 Cor.
417 2327 458 2351 ιιι,
471 2319 497 2346 6.
534 2321 569 2337 ἰ’
584 2320 593 2347 l
606 2319 676 2348 Tim.
697 2327 734 2353 νι,
754 2320 796 2347 l6.
834 2319 869 2338 ἰ·
888 2319 966 2347 Rom.
983 2327 1015 2347 vn

264 2395 319 2432 (54)
336 2397 420 2425 Θεοῦ.
437 2397 476 2424 Ita
489 2404 555 2432 mss.
571 2396 699 2428 Tarinus.
722 2396 852 2432 Χριστοῦ.

265 2431 322 2466 (55)
336 2431 488 2465 Βρώματα.
505 2431 585 2467 Forte
602 2431 755 2466 legendum;
768 2431 900 2467 ᾷὸγματα.

265 2465 321 2501 (Pili)
342 2466 590 2500 Πεπληρωμένον,
611 2465 656 2494 Sic
685 2475 750 2495 mss.
776 2465 891 2496 Tariuus
912 2465 1018 2503 πεπλη-

229 2500 364 2536 ρωμένου.

1069 1770 1132 1803 lius.
1148 1776 1175 1799 et
1191 1778 1299 1806 semper
1309 1776 1336 1798 et
1351 1770 1572 1805 inseparabiliter
1587 1769 1672 1797 Filius
1687 1774 1732 1796 est
1745 1777 1753 1802 ;
1772 1768 1857 1796 επιειὶ

1069 1824 1135 1844 vero
1150 1825 1199 1852 pro
1213 1825 1246 1844 eo
1262 1817 1333 1852 quod
1347 1821 1525 1851 susceperunt
1538 1817 1564 1842 in
1581 1823 1611 1843 se
1625 1815 1726 1842 Filium
1743 1814 1805 1847 Dei,
1817 1822 1857 1849 po-

1070 1868 1197 1890 testatem
1208 1867 1372 1898 acceperunt
1385 1863 1431 1890 lilii
1448 1862 1493 1889 Dei
1508 1862 1577 1889 ﬁeri.
1594 1871 1602 1887 ι
1615 1861 1667 1894 Qui
1681 1871 1691 1888 ι
1708 1861 1775 1888 licet
1790 1871 1799 1887 I
1812 1867 1857 1887 non

1069 1914 1102 1935 ex
1123 1909 1313 1944 sanguiuibus.
1338 1915 1426 1943 neque
1440 1915 1474 1935 ex
1493 1908 1632 1935 voluntate
1647 1907 1757 1939 carnis,
1776 1914 1858 1940 neque

1069 1961 1101 1981 ex
1112 1954 1249 1982 voluntate
1256 1955 1319 1988 viri,
1328 1955 1376 1982 sed
1383 1961 1416 1981 ex
1428 1954 1483 1981 Deo
1496 1944 1575 1981 nati.»
1586 1953 1694 1986 sint"‘,
1704 1960 1763 1980 non
1774 1957 1856 1980 tamen

1069 2006 1100 2026 ea
1124 1999 1265 2026 uativitate
1288 2004 1353 2028 sunt
1376 1999 1432 2027 nati
1456 2006 1510 2034 qua
1533 2003 1612 2026 natus
1635 2003 1679 2026 est
1703 1998 1857 2033 unigenitus

1069 2046 1165 2074 Filius.
1192 2046 1305 2082 Propter
1327 2048 1399 2082 quod
1423 2051 1552 2082 quantam
1578 2046 1764 2074 dill‘erentiam
1783 2051 1858 2072 Verus

1070 2093 1140 2120 Deus
1159 2093 1240 2121 habet
1255 2097 1288 2120 ad
1305 2101 1365 2124 eos.
1381 2093 1480 2128 quibus
1497 2093 1598 2120 dicitur
1612 2101 1619 2119 :
1635 2102 1645 2118 ι
1663 2092 1723 2127 Ego
1738 2092 1805 2123 disi.
1822 2091 1856 2118 Dii

1068 2139 1177 2166 estis'“
1189 2148 1196 2166 :
1213 2149 1225 2166 ι
1236 2144 1337 2166 tantam
1347 2139 1525 2167 dilferentiam
1537 2138 1617 2166 habet
1630 2145 1712 2165 verus
1727 2138 1815 2166 Filius
1829 2138 1856 2164 ad

1070 2193 1119 2214 eos
1135 2186 1181 2222 qui
1195 2186 1309 2214 audiunt
1325 2196 1332 2214 :
1354 2195 1364 2212 ι
1379 2185 1441 2214 Filii
1459 2185 1565 2213 Excelsi
1579 2193 1674 2213 omnes
1683 2185 1731 2212 "'.
1750 2194 1761 2212 ι

1141 2318 1175 2335 ⁹³⁴
1189 2318 1268 2347 Joan.
1287 2326 1308 2350 ι,
1324 2318 1367 2347 19.
1403 2318 1438 2335 ³⁸⁵
1457 2317 1531 2347 Psal.
1550 2324 1643 2349 um,
1659 2317 1689 2346 6.
1729 2317 1768 2334 "‘
1794 2317 1854 2344 ibid.

1108 2395 1164 2433 (57)
1183 2397 1279 2430 Αὐτὸς
1301 2397 1376 2433 γοῦν
1395 2396 1514 2430 ἀπορίᾳ,
1528 2401 1582 2423 etc.
1598 2396 1778 2433 Ambrosium
1792 2395 1855 2422 :tlln-

1071 2431 1174 2466 quitur,
1191 2433 1236 2466 qui
1250 2431 1310 2459 cuni
1327 2431 1513 2460 Valentiniana
1529 2431 1625 2458 hmresi
1642 2437 1719 2459 esset
1733 2432 1855 2460 infectus.

1072 2467 1147 2493 virus
1163 2467 1226 2493 illud
1241 2467 1366 2502 Origenis
1378 2475 1449 2502 cura
1459 2466 1591 2500 evomuit,
1611 2471 1639 2494 et
1653 2468 1795 2494 saniorem
1809 2467 1853 2492 do-

1069 2502 1185 2529 ctrinam
1200 2503 1340 2537 amplexus
1357 2507 1409 2530 est.
1429 2501 1560 2530 Hunnus.
