1865 3041
40 94 88 121 I97

576 100 753 128 (ΣΟΜΜΕΝΤ.
776 102 808 129 ΙΝ
826 103 922 132 ΙΟᾹΝ.
941 106 1060 133 Τοὶίἰῖὸ
1080 107 1120 135 Vl.

1620 117 1672 145 I98

42 167 1665 203 -Ἢ

642 270 1068 330 ,ΩΡΙΓΕΝΟΥΣ

377 372 444 400 ΤΩΝ
460 374 513 400 ΕΙΣ
527 374 570 402 ΤΟ
590 375 682 402 ΚΑΤΑ
699 376 854 404 ΙΩᾹΝΝΗΝ
870 377 1084 406 ΕΥΛΓΓΕΛΙΟΝ
1096 374 1333 411 ἘΞΗΓΗΤΙΚΩΝ,

721 460 912 502 ΤΟΜΟΣ
936 466 985 503 ς’,

676 633 1019 692 ORIGENIS

342 741 674 770 COMMENTARIOMJM
695 743 727 770 ΙΝ
744 743 970 773 EVALVGELIUM
990 745 1176 775 SECUNDUM
1193 748 1351 778 JOANNEH

679 829 885 876 TOMUS
921 833 1005 876 Vl.

515 925 760 953 INTERPRETE
773 925 962 954 AMBROSIO
981 927 1181 958 FERRARIO.

815 1011 846 1018 μ

260 1083 341 1119 ιοο
366 1084 571 1111 ΠροοιΜιοΝ.

58 1129 178 1157 Luam
205 1129 259 1165 μὲν
283 1130 371 1162 οἰκία,
397 1129 435 1161 ὡς
451 1130 490 1156 ἔνι
514 1130 631 1165 μάλιστα
654 1133 820 1170 στερρότατα

26 1175 341 1211 κατασκευασθησομένη
353 1195 360 1207 ,
384 1176 413 1203 ὲν
431 1175 507 1211 εὑδίᾳ
521 1176 568 1203 καὶ
590 1178 706 1214 νηνεμίᾳ
718 1180 820 1208 οἰκοδο-

24 1222 117 1256 μεῖται,
137 1221 182 1247 ἵνα
201 1221 242 1256 μὴ
255 1220 436 1257 ἐμποδίζηται
456 1221 506 1258 τὴν
525 1222 636 1250 δέουσαν
653 1225 734 1260 πῆξιν
750 1226 819 1253 ἀνα-

28 1266 111 1293 λαϐεῖν
123 1275 130 1282 ·
148 1267 231 1299 ὅπως
253 1266 363 1302 δύνηται
383 1268 431 1294 καὶ
453 1268 564 1304 τοιαύτη
591 1270 732 1304 γενέσθαι,
747 1272 819 1300 ὥστε

28 1313 161 1347 ὑπομεῖναι
176 1312 297 1348 πλημμῦ
301 1321 351 1348 ρας
357 1313 455 1349 ὁρμὴν,
467 1313 515 1340 καὶ
524 1314 628 1350 πρόσρη
633 1314 672 1347 ξιν
683 1317 816 1352 ποταμοῦ,

28 1359 67 1384 καὶ
78 1360 126 1385 ὅσα
142 1359 230 1394 φιλεῖ,
247 1359 382 1395 χειμῶνος
399 1359 595 1395 συμϐαίνοντος
605 1381 613 1393 ,
630 1361 752 1398 ἐλέγχειν
767 1363 817 1398 μὲν

27 1404 55 1430 τὰ
71 1404 155 1440 σαθρὰ
179 1405 238 1432 τῶν
254 1405 497 1441 οἰκοδομημάτων,
513 1406 651 1434 δεικνύναι
664 1407 693 1434 δὲ
715 1408 749 1435 τὰ
766 1408 817 1444 τὴν

25 1452 120 1478 οἰκείαν
133 1452 250 1488 ,ἀρετὴν
272 1451 442 1488 ἀπειληφότα
462 1452 517 1479 τῶν
534 1455 815 1490 κατασκευασμάτων,

32 1497 185 1534 Ἐξαιρέτως
202 1499 233 1525 δὲ
253 1499 270 1534 ἡ
289 1497 342 1524 τῶν
352 1498 403 1533 τῆς
423 1498 553 1534 ἀληθείας
567 1499 752 1535 θεωρημάτων
773 1499 815 1526 δε-

28 1544 109 1580 κτικὴ,
134 1544 233 1579 λογικὴ
251 1543 290 1575 ὡς
311 1543 340 1570 ὲν
357 1544 507 1580 ἐπαγγελίᾳ
525 1544 542 1581 ἢ
563 1545 726 1581 γράμμασιν
741 1546 816 1572 οἰκο-

27 1588 103 1625 ὢμὴ,
118 1590 180 1616 τότε
199 1589 321 1625 μάλιστα
342 1590 540 1625 οἰκοδομεῖται,
559 1590 649 1622 καλῶς
665 1591 815 1618 συνοικοδο-

30 1637 131 1669 μοῦντος
146 1637 187 1673 τῷ
204 1636 369 1673 προθεμένῳ
386 1636 417 1663 τὸ
439 1637 550 1673 ἄριστον
567 1637 647 1664 τοῦτο
662 1637 742 1674 ἔργον
755 1638 815 1665 ὲπι-

28 1683 102 1709 τελεῖν
130 1683 178 1710 τοῦ
194 1682 279 1715 Θεοῦ,
305 1683 375 1710 ἐπὰν
406 1683 558 1720 γαληνιάζῃ
582 1685 615 1720 τῇ
643 1684 814 1720 ὐπερεχοὺσῃ

28 1729 104 1756 πάντα
113 1730 175 1757 νοῦν
192 1730 293 1766 εἰρήνῃ
308 1729 437 1765 χρωμένη
452 1730 469 1765 ή
485 1729 568 1765 ψυχὴ,
585 1729 676 1765 πάσης
691 1730 814 1766 ταραχῆς

1059 1085 1139 1121 mo
1152 1087 1343 1117 Palermo.

908 1132 935 1160 ‘l.
949 1131 1044 1160 Omnis
1059 1133 1168 1167 quidem
1183 1135 1289 1167 domus,
1304 1142 1375 1169 quae,
1390 1140 1521 1170 quantum
1539 1136 1596 1165 ﬁeri
1610 1145 1659 1173 po-

872 1183 936 1211 tcst,
955 1179 1110 1207 lirmissime
1125 1181 1303 1208 construenda
1317 1186 1369 1214 est,
1385 1189 1481 1209 sereno
1497 1187 1619 1217 tempore
1630 1189 1658 1212 et

871 1225 1021 1260 tranquillo
1033 1226 1199 1258 aediﬁcatur;
1218 1232 1252 1252 ne
1267 1226 1430 1261 impediatur
1449 1227 1589 1255 decentem
1606 1237 1653 1256 re-

869 1271 959 1305 cipere
973 1272 1165 1304 stabilitatem;
1192 1276 1222 1299 ut
1236 1272 1299 1300 talis
1314 1279 1374 1300 esse
1399 1274 1484 1308 possit
1498 1281 1558 1308 qua!
1572 1275 1656 1302 susti-

869 1322 931 1344 neat
944 1317 1073 1351 impetum
1093 1318 1294 1351 exundationis,
1314 1323 1341 1345 et
1356 1318 1506 1347 allisionem
1521 1318 1594 1347 ﬂuvii
1605 1340 1613 1352 ,
1630 1324 1657 1348 et

868 1368 1037 1396 qumcunque
1047 1361 1146 1395 solent,
1165 1362 1188 1389 si
1202 1363 1341 1398 contingat
1356 1367 1515 1398 tempestas,
1531 1372 1655 1399 quaenam

867 1407 981 1436 aedilicia
995 1408 1102 1443 putrida
1117 1415 1150 1435 ac
1167 1408 1277 1440 debilia,
1296 1414 1377 1443 atque
1390 1416 1451 1443 qua:
1467 1410 1543 1438 firma
1557 1415 1586 1438 et
1600 1416 1656 1438 sta-

867 1453 932 1481 bilia
949 1454 1089 1489 propriam
1103 1454 1231 1481 virtutem
1247 1455 1410 1489 receperint,
1423 1455 1571 1484 declarare.
1583 1456 1656 1485 Prae-

866 1499 946 1534 cipue
962 1507 1027 1528 vero
1043 1499 1190 1528 aedilicium
1205 1500 1318 1528 rationis
1332 1508 1453 1535 compos,
1469 1506 1600 1530 constans
1607 1502 1662 1530 vel-

866 1545 905 1573 uti
929 1545 956 1572 in
971 1544 1162 1580 promissione,
1177 1549 1205 1572 et
1219 1545 1327 1579 litteris,
1337 1546 1594 1581 contemplationum
1609 1555 1656 1574 ve-

866 1590 955 1618 ritatis
966 1598 1061 1626 capax,
1073 1591 1244 1626 potissimum
1254 1596 1310 1618 tum
1325 1591 1408 1626 probe
1420 1592 1570 1620 aediﬁcatur
1585 1593 1652 1629 (58),

866 1634 945 1671 [Deo,
965 1643 1018 1662 una
1032 1643 1093 1663 cum
1106 1642 1149 1669 eo,
1163 1637 1209 1671 qui
1231 1637 1363 1670 optimum
1385 1637 1654 1671 praestantissimum-

865 1688 917 1715 que
929 1682 980 1709 hoc
999 1687 1067 1716 opus
1080 1681 1209 1716 perﬁcere
1220 1682 1372 1713 constituit,
1383 1681 1534 1709 aediﬁcante
1544 1681 1566 1719 :]
1588 1690 1650 1710 cum

865 1727 955 1754 anima
971 1735 1037 1762 pace
1051 1727 1095 1754 illa
1110 1735 1170 1762 qua
1183 1735 1292 1755 omnem
1316 1727 1520 1763 intelligentiam
1536 1735 1652 1764 superat

27 1775 250 1812 ἁλλοτριουμὲνη,
273 1775 320 1802 καὶ
343 1774 469 1810 οὐδαμῶς
497 1776 702 1812 κυματουμένη.
721 1775 813 1803 Ταῦτα

906 1781 954 1806 ius,
962 1781 1066 1801 summa
1079 1773 1275 1808 tranquillitate
1284 1773 1394 1809 potitur,
1407 1775 1442 1802 ab
1450 1775 1523 1802 omni
1538 1775 1653 1802 tumultu

26 1821 53 1856 δή
67 1831 106 1856 μοι
119 1822 246 1849 δοκοῦσιν
259 1821 382 1858 ἀκριϐῶς
397 1822 626 1857 κατανενοηκότες
643 1822 667 1848 οἰ
683 1821 730 1848 τοῦ
747 1830 814 1857 προ-

28 1867 130 1901 φητικοῦ
145 1867 307 1903 πνεύματος
322 1867 471 1903 ὑπηρέται,
485 1867 534 1893 καὶ
557 1868 585 1894 οἰ
598 1867 645 1893 τοῦ
669 1867 812 1902 εὐαγγελι-

28 1911 68 1938 tto-3
93 1913 275 1948 κηρύγματος
302 1912 420 1939 διάκονοι
440 1912 531 1945 ἀξίους
549 1913 661 1945 ἑαυτοὺς
683 1913 813 1949 παρειλη-

28 1957 96 1991 φέναι
112 1959 160 1985 τοῦ
174 1959 271 1986 λαὸεἷν
288 1958 338 1994 τὴν
357 1959 387 1985 ὲν
408 1958 523 1994 κρυπτῷ
547 1959 658 1995 εἰρήνην
687 1959 741 1986 ἀπὺ
764 1959 813 1986 τοῦ

28 2004 73 2030 αἰεὶ
84 2006 136 2036 τοῖς
144 2004 233 2037 ἀξίοις
245 2004 364 2036 διδόντος
374 2004 468 2039 αὐτὴν,
479 1996 527 2031 rei;
537 2005 676 2040 εἰρηκότος
686 2013 694 2021 ο
710 2014 720 2030 ι
730 2005 813 2041 Εἰρή-

29 2057 70 2083 νην
85 2050 184 2086 ἀφίημι
198 2050 266 2085 ὑμῖν
276 2069 284 2082 ,
299 2050 412 2086 εἰρήνην
424 2050 473 2085 τὴν
486 2050 555 2086 ἐμὴν
570 2050 667 2085 δίδωμι
682 2051 762 2086 ὑμῖν⁸
781 2052 811 2077 οὐ

29 2095 109 2128 καθὼς
122 2097 135 2123 ὁ
147 2097 253 2132 κόσμος
263 2095 369 2123 δίδωσιν
378 2097 500 2132 εἰρήνην,
519 2096 596 2131 κάγὼ
606 2096 701 2132 δίδωμι
710 2096 783 2132 ὑμῖν.
799 2106 808 2123 ι

34 2139 223 2178 Ἐπισκόπησον
255 2141 289 2178 δὴ
318 2142 425 2178 μήποτε
456 2143 577 2170 τοιοῦτόν
609 2152 635 2169 τι
663 2143 811 2171 αἰνίττεται

30 2188 84 2223 περὶ
97 2188 139 2215 τὸν
155 2187 240 2215 Δαυτδ
259 2187 307 2215 καὶ
322 2188 482 2224 Σολομῶντα
498 2189 514 2224 ἡ
533 2188 656 2225 περὶτοῦ
668 2189 733 2216 ναοῦ
745 2191 812 2217 laso-

30 2232 78 2266 ρίιι.
93 2233 170 2260 Δαυτδ
191 2234 242 2268 μὲν
256 2232 322 2268 γὰρ,
334 2233 467 2269 πολέμους
483 2233 586 2269 Κυρίου
604 2234 730 2270 πολεμῶν
740 2254 747 2267 ,
763 2235 812 2262 καὶ⁸

30 2279 88 2314 πρὸς
114 2279 241 2311 πλείονας
267 2279 409 2315 ἱστάμενος
435 2280 548 2315 ἐχθροὺς
569 2280 667 2307 ἑαυτοῦ
687 2281 735 2307 καὶ
762 2281 810 2308 τοῦ

34 2324 140 2360 Ἰσραὴλ,
153 2325 240 2352 θέλων
255 2324 430 2360 οἰκοδομῆσαι
444 2325 505 2352 ναὸν
521 2325 561 2361 τῷ
574 2325 651 2361 Θεῷ,
669 2326 721 2353 ὑπὸ
741 2326 811 2354 Θεοῦ

30 2367 66 2395 διὰ
75 2369 116 2396 τοῦ
125 2370 219 2397 Νάθαν
232 2369 379 2402 κωλύεται,
394 2369 519 2404 λέγοντος
534 2370 601 2406 πρὸς
614 2371 710 2398 αὐτόν’
729 2381 738 2398 ι
753 2373 810 2400 υὺκ

31 2414 201 2451 οἰκοδομήσας
217 2424 264 2451 μοι
280 2414 353 2442 οἷκον
363 2435 370 2448 ,
385 2415 425 2442 ὅτι
439 2416 509 2452 ἀνὴρ
524 2416 649 2451 αἱμάτων
669 2417 711 2444 σύ.
735 2427 745 2443 ι
759 2418 808 2444 Σο-

866 1819 980 1847 liberata
997 1825 1025 1847 et
1041 1820 1122 1847 nullis
1139 1820 1272 1847 undarum
1297 1821 1425 1855 procellis
1451 1821 1562 1857 agitata.
1589 1822 1652 1850 llaec

865 1864 949 1899 igitur
959 1870 1087 1892 accurate
1098 1872 1159 1892 cum
1175 1866 1387 1900 perspexissent,
1396 1871 1424 1893 et
1434 1866 1583 1900 prophetici
1595 1868 1652 1902 spi-

866 1910 934 1937 ritus
951 1910 1114 1944 iuterpretes
1128 1915 1156 1937 et
1171 1911 1335 1946 evangelicae
1348 1912 1548 1947 praedicationis
1568 1915 1651 1942 mitti-

865 1956 913 1983 stri
928 1975 936 1989 ,
957 1956 1023 1983 mihi
1039 1956 1164 1983 videntur
1188 1956 1291 1989 seipsos
1306 1957 1403 1992 dignos
1426 1958 1581 1986 exhibuisse
1604 1961 1650 1994 qui

865 2002 1020 2036 acciperent
1038 2008 1132 2035 pacem
1151 2002 1311 2029 interiorem
1327 2003 1362 2030 ab
1379 2011 1412 2030 eo
1426 2003 1473 2038 qui
1489 2012 1548 2031 eam
1561 2005 1651 2038 dignis

864 2054 972 2082 Semper
983 2047 1105 2080 exhibet,
1121 2048 1222 2082 quique
1235 2048 1303 2075 dixit
1314 2048 1350 2064 "'
1363 2057 1370 2076 :
1391 2057 1401 2075 ι
1417 2048 1512 2076 Pacem
1527 2051 1650 2086 relinquo

864 2093 950 2125 vobis,
968 2099 1060 2127 pacem
1077 2100 1164 2119 meam
1179 2093 1214 2119 do
1229 2092 1324 2120 vobis:
1351 2101 1404 2120 nou
1419 2095 1553 2128 quomodo
1572 2103 1650 2122 mun-

864 2138 914 2165 dus
927 2138 972 2165 dat
984 2145 1078 2172 pacein
1091 2157 1099 2170 ,
1118 2145 1169 2171 ego
1185 2137 1219 2164 do
1236 2137 1313 2165 vobis
1329 2146 1434 2173 pacem.
1452 2148 1462 2165 ι
1477 2139 1593 2168 Proinde
1607 2140 1650 2168 lu-

863 2183 938 2219 spice
956 2192 1019 2211 num
1042 2185 1150 2218 quando
1172 2183 1224 2211 tale
1239 2184 1302 2219 quid
1323 2184 1420 2212 innuat
1443 2185 1553 2213 historia
1571 2187 1650 2214 Davi-

863 2230 905 2258 dis
918 2234 945 2257 et
957 2229 1113 2257 Salomonis
1126 2229 1161 2257 de
1179 2230 1287 2266 templo.
1306 2230 1389 2258 David
1405 2231 1538 2266 siquidem
1556 2233 1650 2260 hostes

864 2275 971 2303 Domini
989 2275 1140 2306 debellans,
1158 2279 1187 2302 et
1202 2279 1297 2302 contra
1322 2275 1414 2309 plures
1429 2276 1533 2303 instans
1547 2277 1588 2304 sui
1607 2278 1647 2312 ip-

863 2321 920 2349 sius
943 2326 970 2348 et
984 2321 1091 2348 lsraelis
1105 2320 1241 2354 inimicos,
1257 2320 1350 2349 volens
1363 2320 1498 2349 aediﬁcare
1516 2322 1647 2357 templum

862 2369 930 2400 Deo,
953 2376 969 2395 a
993 2368 1046 2395 Deo
1059 2374 1107 2402 per
1124 2366 1229 2395 Natltau
1244 2366 1405 2402 prohibetur
1420 2367 1544 2394 dicente:
1563 2375 1573 2392 ι
1588 2367 1654 2406 Νοιι

862 2413 1007 2441 ωάὶἰῐοθίλὶε
1016 2413 1080 2440 mihi
1091 2413 1211 2445 domum,
1219 2413 1281 2448 quia
1292 2413 1500 2448 virsanguinum
1509 2420 1538 2440 es
1548 2417 1574 2439 tu
1582 2413 1626 2439 ’νς
1634 2422 1643 2439 ι

31 2457 108 2494 ὶομὼν
121 2461 148 2487 δὲ
162 2461 230 2497 δναρ
246 2461 293 2487 τὸν
314 2460 380 2487 Θεὸν
400 2460 477 2493 ἰδὼν,
500 2462 547 2487 καὶ
562 2461 629 2498 ὄναρ
645 2462 695 2497 τὴν
713 2463 810 2497 σοφίαν

906 2466 989 2486 ιοιιιοιι
1003 2463 1093 2485 autem
1106 2478 1114 2490 ,
1132 2458 1177 2492 qui
1197 2457 1279 2484 Dcum
1305 2465 1353 2493 per
1378 2458 1513 2486 somnium
1533 2465 1651 2492 conspe-

31 2504 124 2538 λαῦὼν,
149 2507 286 2543 (ἐτηρεῖτο
301 2506 356 2543 γὰρ
380 2506 411 2533 τὸ
426 2506 502 2543 ὕπαρ
516 2507 555 2542 τῷ
568 2507 687 2542 λέγοντι·
706 2518 716 2534 ι
742 2508 808 2535 ’ἰδοὺ

32 2551 111 2579 νλείον
127 2553 300 2589 Σολομῶντος
312 2550 363 2580 ὧδε
374 2561 380 2568 ’
388 2555 413 2589 ι)
425 2555 453 2581 ἐν
468 2555 603 2592 βαθυτάτῃ
615 2555 760 2591 γενόμενος
774 2557 809 2583 εἰ·

863 2505 957 2537 xit'°',
967 2505 1068 2539 quique
1076 2504 1157 2532 etiam
1167 2504 1324 2539 sapientiam
1334 2512 1382 2539 per
1390 2505 1522 2532 somnium
1535 2505 1646 2540 cepit'”

862 2552 1035 2588 (servabatur
1048 2551 1120 2578 enim
1136 2557 1228 2577 revera
1243 2550 1359 2577 dicenti:
1385 2559 1394 2576 ι
1409 2550 1479 2578 Ecce
1493 2551 1552 2586 plus
1565 2559 1645 2586 quam

34 2597 102 2634 ρήνῃ,
120 2598 157 2630 ὡς
176 2598 365 2626 ἀναπαύεσθαι
387 2600 446 2626 τότε
467 2600 582 2628 ἕκαστον
605 2601 734 2628 ὑποκάτω
757 2602 807 2637 τῆς

907 2605 987 2625 omou
1000 2597 1049 2624 hoc
1063 2597 1089 2623 in
1103 2596 1161 2623 loco
1173 2595 1184 2612 ⁸
1196 2595 1219 2631 ι)
1233 2595 1259 2621 in
1281 2595 1410 2623 altissima
1421 2603 1488 2631 pace
1500 2597 1644 2629 exsisteus,

34 2642 141 2676 ἀμπέλου
153 2644 237 2672 αὑτοῦ
247 2664 255 2677 ,
269 2645 316 2672 καὶ
330 2646 460 2673 ὑποκάτω
474 2645 524 2681 τῆς
541 2646 628 2682 συκῆς
643 2646 725 2673 αὑτοῦ
735 2666 742 2679 ,
759 2648 807 2674 καὶ

912 2650 940 2672 ut
953 2643 1139 2678 unusquisque
1157 2642 1206 2670 sub
1221 2649 1269 2669 sua
1284 2641 1348 2675 vite,
1363 2646 1390 2669 et
1403 2643 1452 2670 sub
1470 2649 1517 2670 sua
1533 2643 1584 2670 licu
1603 2650 1646 2669 rc-

62 2715 91 2730 “‘
103 2715 178 2743 Joan.
191 2724 249 2747 xw,
258 2716 304 2745 27.

35 2748 76 2781 l2;
89 2749 150 2778 Luc.
169 2759 206 2784 ιι,
222 2751 269 2779 3i.

353 2716 388 2732 ’ν’
401 2715 411 2743 1
424 2715 514 2744 Paral.
532 2724 602 2750 uti,
617 2716 646 2750 8,
661 2717 694 2750 9;
711 2717 845 2752 xxvut,5.

904 2716 936 2733 ⁹⁸¹
948 2715 968 2743 ll
979 2714 1066 2743 Paral.
1078 2721 1099 2747 I,
1112 2712 1139 2740 7.
1176 2712 1211 2729 "'
1227 2711 1292 2740 ibid.
1313 2711 1355 2746 l0,
1371 2711 1412 2739 12.
1459 2711 1467 2727 ¹
1482 2709 1576 2738 Matth.
1592 2717 1643 2742 ιιι,

65 2819 113 2855 (58)
129 2819 188 2848 ll:ec
203 2828 218 2848 a
234 2820 362 2848 Ferrario
377 2819 572 2855 praetermissa,
588 2826 622 2848 ex
642 2819 866 2855 interpretatione
879 2819 996 2847 Periouii
1011 2818 1204 2854 supplevimus.
