1869 3046
184 59 189 72 ’
209 79 257 106 tea

941 73 1102 103 OlllGENlS

1774 87 1818 114 εοο

201 139 355 174 quiesceret
366 139 386 172 ',
401 145 550 174 cognomen
565 136 622 172 ejus
632 136 708 172 pacis
721 137 826 165 habens
838 144 901 172 qua:
915 137 980 172 ιο]

1062 136 1097 172 ἧς
1110 135 1181 164 κατὰ
1195 136 1257 168 τοὺς
1271 135 1383 172 χρόνους
1396 135 1479 165 αὐτοῦ
1495 134 1607 173 εἰρήνης
1622 132 1755 173 ἐπώνυμος
1766 146 1822 172 τυγ-

201 192 251 213 suo
273 189 394 218 tempore
410 184 587 220 contigerat‘
613 184 687 219 (nam
707 183 836 211 Salomon
862 183 996 218 interpre-

200 236 275 259 tatur
288 231 437 266 paci/iens),
455 235 567 266 propter
580 237 687 266 pacem,
704 233 785 256 vacat
807 229 840 256 ad
857 228 996 256 aediﬁcan-

199 279 264 305 dum
278 277 335 305 Deo
352 277 563 305 celeberrimum
581 277 719 312 templum.
738 275 808 309 Quin
821 274 914 303 Esdraa
927 279 996 302 lem-

199 332 263 360 pore
282 324 304 357 ι,
321 331 384 352 cum
402 323 495 351 vinum
514 329 542 351 et
557 323 698 351 inimicum
717 330 807 359 regem
825 329 857 349 ac
878 321 995 356 denique

200 370 328 398 mulieres
343 369 429 397 vincit
443 369 544 397 veritas
556 390 564 403 ,
581 368 762 397 retedit‘tcatut'
779 368 909 403 templum
927 367 993 395 Deo.

199 417 262 445 llaec
279 425 294 444 a
311 416 389 444 nobis
412 421 476 444 sunt
492 417 539 443 tibi
556 416 640 448 dicta,
654 423 670 443 0
695 423 774 443 sacer
791 414 929 447 Ambrosi,
946 421 994 449 pro

199 463 358 491 defensione
384 467 497 490 ostra:
515 463 644 497 quoniam
664 461 761 488 turrim
783 460 968 496 evangelicum
982 460 994 476 '

196 517 231 537 ex
246 514 343 536 sancto
369 509 480 536 hortatu
506 512 551 535 tuo
569 507 689 535 volentes
715 507 813 535 litteris
836 506 992 539 aediﬁcare,

196 554 404 590 supputavimus
421 553 530 588 quidem
547 555 672 581 sedentes
688 557 827 587 sumptmn
840 560 873 580 an
889 553 993 580 habea-

197 608 258 628 mus
276 600 310 628 ad
326 607 357 627 ea
373 600 474 634 quibus
490 607 559 634 opus
574 604 616 627 est
635 600 667 627 ad
679 599 893 634 perﬁciendum;
909 606 942 625 ne
958 598 991 625 il-

196 645 323 674 ludamur
347 645 506 681 reprehensi
533 645 566 672 ab
585 645 755 672 intuentibus
767 665 775 679 ,
794 648 923 679 tanquam
942 643 991 679 qui

196 693 404 721 fundamentum
431 694 542 728 quidem
572 693 739 728 jecerimus,
764 692 898 728 pet-licere
925 699 991 720 vero

196 746 265 775 opus
280 740 494 775 nequiverimus.
512 738 648 766 Caeterum
663 759 671 771 ,
690 739 881 774 supputatione
907 737 990 770 facta,

196 794 258 814 cum
269 786 554 821 deprehendissemns,
567 785 739 819 perﬁciendae
754 784 873 817 fabricae,
884 791 915 812 ea
930 791 990 818 qua:

197 839 402 867 paraveramus,
417 839 471 858 non
486 830 620 864 sullicere,
637 831 662 858 id
680 836 765 859 tottnn
785 830 840 858 Deo
852 830 990 858 commisi-

197 886 257 905 mus
270 877 366 905 ditanti
383 878 409 904 in
424 878 498 905 omni
512 884 639 905 sermone
653 881 680 905 et
696 876 862 912 cognitione,
880 876 991 903 creden-

196 928 236 951 tes
252 924 325 959 quod
340 932 390 952 nos
404 924 477 959 ipsos
492 923 566 959 leges
581 930 692 951 servare
708 922 866 958 spirituales
886 929 988 950 conan-

196 974 238 998 tes
253 971 359 1004 uitabit,
377 976 404 998 et
419 971 491 1006 quod
509 969 715 1005 progredientes
728 969 755 996 in
772 973 922 1001 structura,
938 968 988 995 ad-

194 1015 243 1050 iuti
260 1015 303 1042 his
323 1023 384 1050 qua:
399 1015 457 1050 ipse
474 1014 698 1050 suppeditaverit,
728 1013 761 1042 ad
775 1013 885 1041 :edilicii
906 1013 988 1040 etiam

196 1068 328 1088 coronam
345 1060 553 1096 pervoniemus:
568 1067 629 1095 qua:
642 1067 704 1087 eum
726 1058 771 1094 qui
787 1058 941 1086 ascenderit
954 1058 989 1086 ad

194 1107 304 1134 domum
321 1106 467 1139 sermonis,
481 1106 578 1134 cadere
594 1106 732 1142 prohibet,
748 1114 809 1134 cum
826 1105 861 1133 ab
873 1105 915 1133 bis
930 1109 989 1133 tan-

195 1157 251 1180 tum
267 1152 394 1180 domibus
408 1160 470 1187 qua:
484 1159 587 1179 corona
605 1156 712 1186 carent,
728 1152 828 1179 cadant
844 1152 862 1179 ii
882 1151 929 1187 qui
943 1159 990 1179 ca-

194 1199 270 1229 dunt.
287 1203 397 1233 propter
411 1197 645 1232 imperfectionem
657 1197 848 1231 aediﬁciorum,
862 1204 921 1231 qua:
936 1205 989 1225 caa-

193 1244 242 1271 des
255 1248 283 1270 et
299 1250 379 1271 casus
395 1247 545 1270 causantur
561 1242 605 1270 his
618 1243 664 1277 qui
683 1243 711 1269 in
725 1242 821 1270 eodem
837 1247 902 1270 sunt
916 1242 986 1270 loco.

192 1289 252 1316 Jam
269 1289 302 1316 ad
317 1289 440 1324 quintum
458 1295 543 1324 usque
559 1293 661 1316 tommn
672 1310 680 1324 ,
702 1289 826 1324 quamvis
848 1289 988 1317 adversari

195 1335 272 1363 nobis
291 1335 430 1363 videretur
439 1335 615 1363 Alexandria:
635 1335 766 1369 procella,
784 1342 844 1370 qua:
857 1343 987 1364 concessa

195 1382 280 1416 l'uere,
299 1381 382 1409 locuti
407 1388 522 1413 sumus,
550 1380 614 1408 Jesu
646 1381 803 1416 increpante
838 1386 934 1409 ventos
959 1385 988 1409 et

195 1429 282 1456 undas
297 1427 391 1456 maris.
403 1427 443 1454 Ex
456 1428 508 1455 hoc
522 1435 586 1455 casu
603 1428 750 1463 progressi,
764 1428 879 1455 extracti
893 1436 986 1456 sumus

193 1480 227 1500 cx
240 1472 370 1509 Egypto,
386 1473 441 1501 Deo
465 1480 516 1500 nos
533 1472 677 1506 liberante,
693 1473 738 1508 qui
754 1473 847 1501 eduxit
859 1475 986 1510 populum
1000 1494 1022 1523 ε

193 1526 272 1546 suum
289 1526 323 1546 ex
347 1527 399 1552 ea;
418 1519 516 1559 deinde
531 1519 641 1547 inimico
654 1519 785 1548 adversus
801 1527 851 1548 nos
865 1521 986 1548 acerbis-

193 1567 262 1595 sime
281 1572 421 1603 pugnante
445 1575 493 1603 per
509 1575 573 1595 suas
597 1575 682 1596 novas
699 1568 816 1601 litteras,
837 1576 932 1596 revera
951 1568 986 1596 Es

194 1613 318 1648 vangelio
346 1613 492 1647 inimicas,
509 1620 658 1649 omnesque
679 1614 790 1650 Egypti
818 1619 912 1642 ventos
938 1616 988 1641 ad-

194 1666 291 1686 versus
307 1667 356 1687 nos
373 1660 541 1692 concitante,
562 1664 636 1688 stare
658 1668 701 1699 me
718 1660 806 1695 magis
825 1660 988 1688 adhortaba-

194 1710 237 1733 tur
251 1706 321 1733 ratio
343 1707 376 1734 ad
392 1711 547 1739 certamen,
561 1713 588 1735 et
602 1715 715 1735 servare
731 1708 985 1742 prazstantissimam

193 1752 245 1779 mei
264 1757 378 1787 partem,
393 1761 473 1787 quam
489 1755 641 1789 importune
655 1754 821 1789 conjungere
835 1759 984 1782 restantem

191 1799 374 1833 Scriptorum,
392 1805 540 1835 antequam
559 1801 677 1828 rationis
691 1801 831 1828 discursus
851 1800 986 1836 tranquil-

193 1845 296 1872 litatem
315 1847 459 1881 reciperet,
473 1854 507 1873 ne
525 1847 595 1874 l’orte
608 1847 787 1882 cogitationes
803 1854 893 1881 pravae
908 1847 985 1873 inva-

191 1890 326 1919 lescerent
336 1891 362 1919 in
374 1892 492 1919 animam
501 1894 584 1920 etiam
595 1893 834 1926 meamprocellam
844 1892 984 1920 inducere.

191 1937 262 1971 Quin
278 1939 406 1966 absentes
427 1947 548 1974 quoque,
564 1941 610 1974 qui
636 1940 702 1966 mihi
720 1941 753 1966 de
774 1947 850 1966 more
864 1939 982 1972 adsunt,

190 1985 297 2013 veloces
311 1985 471 2020 scriptores,
490 1993 534 2013 me
545 1986 739 2020 prohibebant,
753 1993 813 2020 qua:
826 1985 982 2020 excogitas-

231 2053 332 2081 'l\iich.
352 2055 436 2088 “1,4;
456 2054 467 2081 l
485 2055 573 2084 Maeli.
594 2064 650 2089 XIV,
663 2057 707 2083 12.

190 2087 225 2115 28
236 2094 263 2116 et
274 2096 350 2124 seqq.

227 2148 282 2183 (59)
297 2147 378 2184 Κατὰ
398 2147 469 2184 τοὺς
487 2147 603 2182 Ἔσδρα
621 2148 762 2183 χρόνους.
779 2147 815 2175 lta
834 2149 932 2184 legitur
948 2150 975 2176 in
993 2153 1013 2180 D

191 2184 284 2221 Codice
314 2183 469 2221 Bodleiano.
487 2190 536 2221 n50
555 2192 607 2210 non
635 2184 795 2211 Uarberino.
821 2183 975 2221 Corruptus

192 2222 233 2245 est
248 2218 323 2245 locus
343 2219 368 2245 in
386 2218 589 2252 codiceqltegio.

228 2253 284 2290 (60)
298 2250 511 2290 Καθειζθέιττεξι.
540 2250 587 2280 Sic
612 2253 713 2281 habent
728 2255 810 2290 codd.
838 2255 938 2290 Regius
952 2260 981 2283 et

192 2287 368 2325 Bai-berinus,
385 2288 549 2325 Bodleianus
564 2293 653 2315 autent
670 2289 844 2323 καταθέντες,
859 2287 908 2324 pro
923 2298 977 2325 quo

192 2324 219 2385 illi
236 2324 453 2385 marginczétabet
469 2323 641 2357 καθίσαντες,
667 2331 695 2352 et
717 2325 754 2352 ita
779 2323 978 2359 legendum'ex

217 2365 258 2384 uc.
277 2366 333 2385 xiv.
386 2378 393 2385 .

217 2365 258 2384 IIC.
277 2366 333 2388 XIV.
347 2365 393 2385 ἰδ-

193 2393 547 2456 ιῶξιξιίξμῷοδιζώμεθα.
573 2395 645 2432 Lege
671 2395 882 2432 ὲμπαιζώμεθα.
911 2395 980 2423 Vide

217 2436 260 2455 uc.
277 2437 334 2461 xtv,
352 2436 397 2457 Ἂν.

229 2463 355 2501 (ᾷὶλιίᾳὶ
365 2465 454 2499 μέχρι
470 2474 502 2501 γε
517 2465 570 2494 τοῦ
590 2466 726 2501 πέμπτου
742 2467 843 2500 τόμον,
857 2470 910 2494 etc.
924 2465 980 2493 Me-

195 2499 275 2526 minit
293 2500 344 2527 ieci
361 2502 440 2534 hujus
458 2499 590 2529 Eusebius
610 2499 658 2528 lib.
685 2509 712 2528 νι
734 2499 818 2533 Hist”
847 2500 906 2535 cap.
931 2501 977 2533 25,

193 2535 266 2561 unde
279 2535 370 2562 discas
386 2537 504 2570 quinque
518 2538 623 2571 priores
637 2536 765 2571 Origents
786 2537 814 2563 in
843 2536 977 2563 Joannem

193 2571 442 2598 tomosAlcxandro
455 2570 607 2605 imperante
622 2570 706 2598 fuisse.
720 2571 886 2598 lncnbratos.
899 2570 977 2604 Quod

193 2609 282 2632 autem
295 2614 340 2632 sex
358 2611 444 2633 tomos
461 2607 489 2631 in
500 2607 629 2633 Joannem
644 2607 815 2633 Alexandria:
829 2612 892 2632 nunc
909 2606 978 2633 scri-

193 2645 254 2673 ptus
265 2641 350 2668 fuisse
363 2641 453 2676 prodit
465 2639 634 2675 Nicephorus
650 2641 696 2668 lib.
708 2649 732 2673 ν,
748 2649 806 2675 cap.
823 2641 867 2673 15,
878 2641 917 2667 sic
934 2641 976 2668 in—

193 2675 318 2710 telligito,
333 2675 456 2711 quinque
469 2677 575 2710 prieres
601 2681 688 2703 tentes
715 2677 853 2704 absolutos
880 2676 974 2708 fuisse,

193 2717 299 2738 sextum
315 2712 484 2742 inchoatum,
501 2719 581 2745 quem
604 2712 694 2738 denuo
717 2712 838 2738 exordiri
861 2718 977 2738 necesse

193 2746 297 2778 habuit,
309 2747 379 2780 quod
396 2746 513 2780 priorem
527 2746 699 2780 scriptiouem
710 2747 876 2773 Alexandria
888 2747 978 2773 disce-

192 2781 260 2817 dens
275 2789 367 2807 secum
386 2788 439 2817 non
457 2787 633 2817 asportasset.
659 2781 687 2808 ΙιΙ
712 2782 769 2817 ipse
786 2782 819 2809 de
833 2789 861 2808 se
884 2782 979 2808 scribit

194 2815 326 2850 Origenes
342 2817 421 2850 paulo
435 2816 556 2843 interius.
578 2816 708 2844 Hunnus.

763 2056 773 2072 ³
788 2056 795 2083 l
813 2056 900 2084 Paral.
923 2064 990 2089 xxn,
1010 2056 1039 2083 9.

1047 183 1153 218 χάνων’
1172 182 1309 218 (Σολομὼν
1327 182 1382 218 γὰρ
1403 183 1585 219 ἑρμηνεύεται
1606 184 1769 220 εἶρηνικός·]
1783 186 1822 212 διὰ

1046 229 1096 265 τὴν
1113 229 1226 265 εἰρήνην
1240 229 1365 265 σχολάζει
1375 229 1420 255 τὸν
1432 229 1574 266 διαϐόητον
1591 230 1757 266 οἰκοδομῆσαι
1766 240 1823 260 ναον

1045 274 1084 310 τῷ
1097 275 1165 311 Θεῷ.
1181 276 1237 303 Καὶ
1253 276 1324 303 κατὰ
1346 276 1410 308 τοὺς
1426 276 1529 312 Ἐσδρα
1551 277 1664 313 χρόνους
1690 277 1760 313 (59),
1785 276 1823 306 ὅτε

1045 322 1110 357 νικᾷ
1137 322 1279 358 ὴάλήθεια
1293 321 1338 349 τὸν
1350 320 1420 349 οἶνον
1432 342 1439 354 ,
1465 323 1511 349 καὶ
1526 322 1572 349 τὸν
1598 323 1693 359 ἐχθρὸν
1712 323 1822 359 βασιλέα,

1046 368 1094 395 καὶ
1106 367 1156 399 τὰς
1168 369 1301 402 γυναῖκας
1314 387 1320 399 ,
1346 368 1560 404 ὰνοικοδομεῖται
1582 370 1597 395 ὁ
1618 369 1681 401 ναὸς
1703 362 1737 404 τῷ
1759 369 1821 405 Θεῷ.

1045 413 1139 440 Ταῦτα
1161 413 1183 440 δ’
1205 415 1271 450 ἡμῖν
1294 413 1522 450 ἀπολογουμένοις
1548 415 1616 450 πρὸς
1634 415 1672 447 σὲ,
1698 416 1748 451 ἱερὲ
1765 417 1824 452 ’Ᾱμρ

1044 459 1148 496 ὃρόσιε,
1164 460 1272 496 εἴρηται
1285 460 1363 493 ἐπεὶ,
1382 459 1428 487 τὸν
1448 460 1626 495 εὐαγγελικδν
1643 462 1738 498 πύργον
1758 464 1824 490 κατὰ

1043 506 1093 542 τὴν
1110 506 1190 540 ἁγίαν
1205 515 1251 533 σου
1268 505 1426 542 προτροπὴν
1442 506 1471 533 ὲν
1489 506 1651 543 γράμμασιν
1662 508 1824 544 οἰκοδομῆσαι

1044 550 1224 586 θελήσαντες,
1245 550 1418 587 ὲψηφίσαμεν
1445 551 1495 586 μὲν
1519 552 1694 585 καθεσθέντες
1711 554 1761 590 (ϐο)
1778 555 1824 590 τὴν

1043 596 1178 632 δαπάνην,
1195 598 1218 624 εἰ
1229 597 1326 633 ἔχομεν
1339 596 1372 624 τὰ
1387 596 1458 632 πρὸς
1472 598 1655 635 ἀπαρτισμὸν,
1678 600 1716 627 ἵνα
1728 600 1764 636 μὴ
1777 601 1824 636 ἐμ-

1043 641 1216 677 ποδιζώμεθα
1231 642 1286 678 (61)
1301 643 1353 670 ὑπὸ
1375 644 1429 672 τῶν
1455 645 1630 681 θεωρούντων
1641 665 1648 677 ,
1669 646 1824 673 καταϐαλλό-

1044 695 1131 722 μενοι,
1147 687 1287 714 ἐκτελέσαι
1301 688 1329 715 δὲ
1343 688 1374 716 τὺ
1395 689 1476 726 ἔργον
1490 689 1527 726 μὴ
1547 690 1726 726 δεδυνημένοι.
1740 691 1825 727 Tagi.

1042 741 1137 765 σαντες
1151 733 1179 760 δὲ
1190 733 1287 769 ἕτοιμα
1302 734 1351 770 μὲν
1367 735 1402 762 τὰ
1419 736 1459 767 εἰς
1474 736 1647 772 ἀπαρτισμὸν
1665 737 1712 772 τῆς
1728 738 1825 764 οἰκοδο-

1045 779 1098 814 μῆς
1110 780 1177 815 ἡμῖν
1195 780 1327 816 παρόντα,
1340 781 1370 807 οὒ
1384 781 1599 817 κατειλήφαμεν,
1613 783 1652 818 τῷ
1667 783 1722 819 Θεῷ
1734 783 1763 810 δὲ
1780 793 1826 811 πε-

1043 827 1231 862 πιστεύκαμεν
1241 827 1280 862 τῷ
1293 827 1462 861 πλουτίζοντι
1479 829 1508 856 ὲν
1521 829 1604 856 παντὶ
1613 829 1684 865 λόγῳ
1698 831 1742 858 καὶ
1756 832 1828 869 πάσῃ

1043 873 1159 908 γνώσει.
1175 873 1216 900 ὅτι
1235 874 1450 910 ἀγωνιζομένους
1464 875 1539 910 ἡμᾶς
1553 875 1651 908 αὐτοὺς
1665 879 1753 913 τηρεῖν
1766 880 1828 910 τοὺς

1043 921 1246 955 πνευματικῶς
1257 920 1355 956 νόμους
1365 921 1515 954 πλουτίζει,
1533 923 1581 950 καὶ
1593 923 1625 950 ἐκ
1637 923 1691 950 τῶν
1704 925 1829 960 ἐπιχορης

1043 966 1183 1002 γουμένων
1200 966 1246 993 ὑπ’
1261 967 1344 994 αὑτοῦ
1357 968 1558 1004 προκόπτοντες
1579 970 1608 996 ἐν
1619 969 1658 1005 τῷ
1672 971 1829 1006 οἰκοδομεῖν,

1043 1012 1183 1048 φῦάσομεν
1202 1013 1251 1040 καὶ
1265 1013 1312 1040 ἐπὶ
1323 1013 1372 1049 τὴν
1388 1013 1523 1050 στεφάνην
1539 1015 1586 1042 τοῦ
1609 1016 1830 1052 οἰκοδομήματος,

1043 1059 1199 1087 κωλύουσαν
1215 1059 1324 1086 πίπτειν
1338 1060 1384 1087 τὸν
1400 1061 1583 1096 ἀνεληλυθότα
1594 1062 1641 1089 ἐπὶ
1656 1062 1684 1089 τὺ
1697 1063 1772 1098 δῶμα
1783 1065 1830 1091 τοῦ

1042 1106 1122 1140 λόγου
1134 1125 1141 1138 ,
1158 1106 1213 1132 ἀπὸ
1232 1106 1319 1142 μόνων
1341 1106 1396 1134 τῶν
1419 1108 1610 1143 ἐστερημένων
1632 1109 1683 1144 τῆς
1699 1111 1832 1147 στεῳάνης

1042 1153 1198 1181 πιπτόντων
1210 1152 1264 1180 τῶν
1281 1153 1435 1180 πιπτόντων
1452 1154 1497 1181 δ’ιά
1511 1154 1540 1181 τὸ
1556 1155 1650 1187 ἀτελὲς
1665 1155 1715 1182 τῶν
1729 1157 1834 1186 οἰκοδο-

1043 1199 1196 1236 μημάτων,
1213 1199 1301 1234 φόνων
1322 1199 1417 1226 αἰτίων
1441 1201 1497 1232 τοῖς
1515 1200 1543 1227 ὲν
1567 1200 1641 1236 αὑτῷ
1660 1203 1833 1237 τυγχάνουσι,

1042 1246 1089 1274 καὶ
1106 1246 1261 1282 πτωμάτων
1278 1246 1437 1282 γινομένων.
1456 1246 1512 1274 Καὶ
1541 1247 1622 1283 μέχρι
1638 1256 1670 1282 γε
1692 1247 1737 1276 τοῦ
1762 1251 1835 1285 πέμ-

1041 1300 1109 1319 πτου
1131 1291 1214 1328 τόμοι)
1237 1291 1304 1327 (62),
1329 1292 1355 1318 ει
1369 1292 1416 1319 καὶ
1430 1292 1444 1319 ό
1465 1293 1536 1320 κατά
1559 1293 1608 1329 τὴν
1629 1293 1835 1331 Ἀλεξάνδρειαν

1040 1338 1144 1375 χειμὼν
1157 1339 1212 1375 (65)
1228 1338 1420 1374 ἀντιπράττειν
1444 1338 1546 1370 ἐδόκει,
1561 1339 1595 1366 τὰ
1614 1340 1740 1375 διδόμενα
1763 1341 1835 1377 ὑπη-

1040 1383 1228 1420 γορεύσαμεν,
1241 1383 1422 1419 ἐπιτιμῶντος
1438 1385 1494 1416 τοῖς
1513 1384 1624 1420 ἀνέμοις
1643 1386 1690 1412 καὶ
1709 1388 1770 1419 τοῖς
1786 1388 1836 1414 κύ-

1043 1438 1110 1466 μασι
1125 1431 1175 1466 τῆς
1191 1429 1329 1465 θαλάσσης
1343 1429 1390 1457 τοῦ
1411 1429 1511 1466 Ἰησοῦ.
1527 1432 1583 1458 Καὶ
1603 1432 1636 1458 ὲκ
1645 1432 1722 1460 τοῦδε
1741 1434 1838 1461 ἐπιπε-

1042 1478 1134 1509 σόντος
1157 1477 1212 1513 (64)
1238 1477 1462 1512 προεληλυθότες,
1487 1477 1688 1515 ὲξελκύσθημεν
1708 1480 1767 1508 ἀπὺ
1788 1481 1839 1518 τῆς

1038 1523 1189 1558 Αἰγύπτου,
1204 1522 1358 1558 ῥυσαμένου
1369 1523 1444 1558 ἡμᾶς
1458 1523 1505 1550 τοῦ
1519 1524 1586 1551 Θεοῦ
1596 1524 1642 1552 τοῦ
1653 1524 1838 1561 ἐξαγαγόντος

1039 1570 1085 1597 τὸν
1111 1569 1175 1597 λαὸν
1190 1569 1272 1596 αὑτοῦ
1286 1570 1333 1596 ἀπ’
1357 1571 1457 1606 αὐτῆς·
1476 1570 1572 1598 ἔπειτα
1591 1571 1637 1598 τοῦ
1660 1572 1764 1609 ἐχθροῦ
1782 1574 1838 1609 (65)

1040 1616 1193 1653 πικρότατα
1209 1616 1288 1652 ἡμῶν
1309 1617 1618 1653 καταστρατευσαμένου
1640 1618 1685 1646 διὰ
1702 1619 1763 1647 τῶν
1779 1630 1839 1648 και-

1038 1662 1092 1689 νῶν
1102 1661 1184 1688 αὑτοῦ
1196 1661 1378 1697 γραμμάτων,
1394 1660 1449 1688 τῶν
1461 1661 1568 1698 ἀληθῶς
1578 1662 1684 1698 ἐχθρῶν
1697 1663 1740 1699 τῷ
1753 1665 1839 1699 Εὐαγο

1038 1707 1131 1743 γελίῳ,
1144 1707 1190 1734 καὶ
1205 1707 1308 1737 πάντας
1321 1707 1383 1738 τοὺς
1396 1707 1424 1733 ὲν
1440 1706 1570 1743 Αἰγύπτῳ
1583 1709 1702 1743 ἀνέμους
1722 1710 1777 1745 τῆς
1793 1721 1839 1738 που

1039 1753 1135 1790 νηρίας
1160 1753 1220 1780 καθ’
1243 1753 1322 1789 ἡμῶν
1349 1753 1522 1789 ἐγείραντος,
1552 1754 1648 1789 στῆναι
1675 1756 1784 1790 μᾶλλόν
1807 1766 1839 1792 με

1039 1801 1106 1836 πρὸς
1125 1800 1170 1827 τὸν
1184 1800 1277 1835 ἀγῶνα
1294 1799 1442 1836 παρεκάλει
1456 1801 1470 1826 ὁ
1483 1800 1576 1834 λόγος,
1593 1800 1641 1827 καὶ
1666 1803 1795 1837 τηρῆσαι
1812 1804 1840 1830 τὺ

1037 1845 1200 1881 ἡγεμονικὸν
1212 1865 1220 1878 ,
1238 1845 1341 1880 μήποτε
1371 1845 1504 1881 μοχθηροὶ
1523 1845 1648 1881 λογισμοὶ
1667 1847 1839 1884 ἐξισχύσωσι

1037 1891 1083 1919 τὸν
1104 1891 1226 1927 χειμῶνα
1250 1891 1296 1919 καὶ
1310 1893 1343 1928 τῇ
1367 1891 1439 1927 ψυχῇ
1462 1900 1511 1927 μου
1526 1892 1743 1928 ἐπεισαγαγεῖν,
1766 1897 1839 1932 ἥπερ

1038 1938 1160 1974 ἀκαίρως
1175 1938 1239 1974 πρὶν
1252 1938 1373 1974 γαλήνην
1381 1939 1430 1973 τὴν
1444 1938 1564 1967 διάνοιαν
1577 1939 1671 1966 λαϐεῖν
1684 1942 1840 1968 συνάπτειν

1037 1985 1071 2012 τὰ
1092 1984 1155 2020 ἑξῆς
1172 1984 1223 2020 τῆς
1243 1985 1364 2021 Γραφῆς.
1382 1985 1436 2011 Καὶ
1451 1985 1476 2012 οἱ
1498 1985 1623 2020 συνήθεις
1642 1986 1672 2015 δὲ
1689 1989 1839 2025 tax-«Tei-

1092 2055 1103 2071 ⁸
1117 2054 1148 2081 ιιι
1166 2055 1229 2082 Esd.
1247 2062 1286 2087 tv,
1303 2054 1350 2086 57,
1364 2055 1406 2090 41,
1426 2054 1458 2082 47
1474 2058 1501 2081 et
1520 2062 1597 2090 seqq.
1654 2055 1666 2071 '
1681 2055 1758 2084 Luc.
1786 2065 1840 2090 ur,

1066 2150 1122 2188 (65)
1145 2152 1179 2178 El
1194 2151 1261 2188 “atat
1281 2152 1297 2178 ό
1322 2151 1398 2178 κατὰ
1426 2151 1484 2185 τὴν·
1506 2151 1747 2188 Ἀλεξάνδρειαν
1781 2161 1843 2188 χει-

1031 2186 1108 2221 μών,
1123 2192 1175 2213 etc.
1193 2186 1324 2213 Nimirum
1342 2192 1484 2221 postquam
1499 2187 1622 2214 Caesarea
1640 2194 1715 2214 etex
1728 2186 1842 2215 Achaia

1036 2221 1133 2252 redux,
1157 2221 1317 2257 presbyterii
1335 2223 1449 2257 gradum
1471 2221 1527 2254 jam
1553 2227 1716 2254 assecutus,
1737 2223 1840 2250 Deme-

1034 2257 1116 2292 trium
1134 2256 1230 2292 multis
1240 2257 1273 2283 de
1286 2257 1376 2283 causis
1391 2256 1526 2292 infensum
1551 2263 1688 2291 expertus
1708 2263 1773 2292 est,
1799 2259 1839 2285 uti

1034 2291 1152 2328 diximus
1164 2291 1197 2328 in
1213 2291 1391 2328 ρι’ἱριηιὶιιηὶεἶ
1405 2291 1517 2318 Fallitur
1528 2298 1593 2328 sane
1608 2292 1780 2328 Ferrarius,
1792 2294 1840 2328 qui

1034 2325 1169 2353 Maximini
1177 2327 1204 2354 in
1211 2325 1500 2362 Christiannsauoypbv
1507 2327 1550 2355 hie
1559 2326 1712 2361 signiﬁcari
1725 2325 1842 2362 perten-

1034 2362 1094 2398 dit;
1112 2362 1388 2398 tleceptusAnimirum
1405 2361 1464 2388 loco
1482 2363 1590 2398 busebii
1605 2363 1712 2395 altero,
1726 2361 1780 2398 qui
1801 2369 1842 2392 est

1034 2396 1082 2423 lib.
1097 2404 1134 2428 vr,
1149 2404 1208 2430 cap.
1221 2396 1266 2428 28,
1285 2397 1329 2422 ubi
1343 2401 1416 2422 temo
1430 2403 1489 2423 xxu
1503 2396 1629 2431 Origenis
1647 2398 1675 2425 in
1694 2396 1840 2425 Joannem

1033 2431 1171 2467 Maximini
1183 2432 1613 2467 persecutionemcommemorari
1625 2433 1721 2460 tradit
1752 2432 1841 2460 Eusc-

1034 2466 1113 2503 bi_us:
1130 2475 1163 2493 ex
1174 2466 1277 2503 quibus
1292 2468 1380 2501 palam
1394 2471 1485 2503 exstat
1505 2468 1597 2503 operis
1621 2467 1701 2494 illius
1721 2474 1839 2503 partem

1033 2501 1181 2529 Alexandri
1203 2503 1371 2536 temporibus
1382 2522 1390 2536 ,
1408 2502 1538 2536 reliquam
1554 2502 1702 2530 Maximini
1719 2501 1841 2530 succes-

1033 2543 1163 2564 sornmve
1175 2537 1257 2563 fuisse
1273 2537 1452 2564 lucubratam.
1469 2538 1509 2565 lt).

1066 2571 1121 2607 (64)
1143 2572 1193 2599 Ἐκ
1216 2571 1302 2600 τοῦδε
1342 2572 1550 2605 ἐπιπεσόντος,
1574 2576 1628 2599 etc.
1645 2571 1724 2599 Cum
1760 2572 1839 2599 enim

1029 2607 1189 2641 gravissima
1205 2607 1230 2633 in
1248 2615 1310 2634 eum
1335 2607 1474 2634 iracundia
1494 2608 1644 2634 exarsisset
1668 2608 1842 2634 Demetrius

1028 2642 1229 2669 Alexandrinus
1241 2643 1395 2676 episcopus,
1413 2642 1577 2670 Alexandria
1599 2643 1759 2677 migravit,
1783 2644 1843 2668 Ca-

1028 2684 1115 2704 sareze
1129 2678 1219 2703 sedem
1236 2678 1335 2711 posuit.
1349 2679 1387 2706 In.

1065 2711 1121 2745 (65)
1134 2710 1254 2738 Ἔπειτα
1274 2711 1328 2738 τοῦ
1348 2711 1534 2746 ἐχθροῦ.ειε.
1553 2711 1733 2738 Demetrium
1757 2710 1847 2738 intel'

1031 2746 1093 2783 lige,
1109 2747 1154 2780 qui
1185 2748 1372 2781 episcotmrmn
1390 2746 1501 2782 Egypti
1531 2747 1666 2782 synodum
1693 2747 1841 2783 adversus

1030 2782 1174 2814 Origcnem
1189 2782 1309 2817 collegit,
1325 2790 1443 2816 eumque
1463 2782 1560 2808 litteris
1576 2783 1683 2815 passim
1701 2782 1844 2810 dissenti-

1034 2818 1106 2844 uatis
1122 2817 1265 2844 traducere
1279 2822 1394 2845 conatus
1403 2822 1456 2845 cst.
1476 2817 1514 2846 in.
