  <div class='ocr_page' id='page_1' title='image "/cluster/home/n/w/nwhite01/storage/ocr_20150623/14/njp.32101077772448/109.png"; bbox 0 0 1865 3041; ppageno 0'>
   <div class='ocr_carea' id='block_1_1' title="bbox 219 107 272 134">
    <p class='ocr_par' dir='ltr' id='par_1_1' title="bbox 219 107 272 134">
     <span class='ocr_line' id='line_1_1' title="bbox 219 107 272 134; baseline 0 0"><span class='ocrx_word' id='word_1_1' title='bbox 219 107 272 134; x_wconf 70' lang='lat'><strong>203</strong></span> 
     </span>
    </p>
   </div>
   <div class='ocr_carea' id='block_1_2' title="bbox 959 101 996 132">
    <p class='ocr_par' dir='ltr' id='par_1_2' title="bbox 959 101 996 129">
     <span class='ocr_line' id='line_1_2' title="bbox 959 101 996 129; baseline -0.027 0"><span class='ocrx_word' id='word_1_2' title='bbox 959 101 996 129; x_wconf 80' lang='lat'><strong>0|</strong></span> 
     </span>
    </p>
   </div>
   <div class='ocr_carea' id='block_1_3' title="bbox 1094 101 1838 132">
    <p class='ocr_par' dir='ltr' id='par_1_3' title="bbox 1094 101 1838 132">
     <span class='ocr_line' id='line_1_3' title="bbox 1094 101 1838 132; baseline 0.004 -3"><span class='ocrx_word' id='word_1_3' title='bbox 1094 101 1125 129; x_wconf 85' lang='lat' dir='ltr'>IS</span> <span class='ocrx_word' id='word_1_4' title='bbox 1800 105 1838 132; x_wconf 67' lang='lat' dir='ltr'><strong>9M</strong></span> 
     </span>
    </p>
   </div>
   <div class='ocr_carea' id='block_1_4' title="bbox 216 161 996 200">
    <p class='ocr_par' dir='ltr' id='par_1_4' title="bbox 216 161 996 197">
     <span class='ocr_line' id='line_1_4' title="bbox 216 161 996 197; baseline -0.003 -7"><span class='ocrx_word' id='word_1_5' title='bbox 216 165 364 197; x_wconf 73' lang='lat' dir='ltr'><strong>uxsistens,</strong></span> <span class='ocrx_word' id='word_1_6' title='bbox 379 165 458 192; x_wconf 87' lang='lat' dir='ltr'><strong>docet</strong></span> <span class='ocrx_word' id='word_1_7' title='bbox 468 171 519 191; x_wconf 85' lang='lat' dir='ltr'><strong>nos</strong></span> <span class='ocrx_word' id='word_1_8' title='bbox 531 162 666 190; x_wconf 77' lang='lat' dir='ltr'><strong>Abraham</strong></span> <span class='ocrx_word' id='word_1_9' title='bbox 678 162 844 194; x_wconf 73' lang='lat' dir='ltr'><strong>exsultasse,</strong></span> <span class='ocrx_word' id='word_1_10' title='bbox 861 165 891 189; x_wconf 90' lang='lat' dir='ltr'><strong>ut</strong></span> <span class='ocrx_word' id='word_1_11' title='bbox 907 161 996 189; x_wconf 85' lang='lat' dir='ltr'><strong>videre</strong></span> 
     </span>
    </p>
   </div>
   <div class='ocr_carea' id='block_1_5' title="bbox 1094 161 1840 200">
    <p class='ocr_par' dir='ltr' id='par_1_5' title="bbox 1094 162 1840 200">
     <span class='ocr_line' id='line_1_5' title="bbox 1094 162 1840 200; baseline 0.005 -12"><span class='ocrx_word' id='word_1_12' title='bbox 1094 162 1219 194; x_wconf 70' lang='grc' dir='ltr'>ιοστόλοις</span> <span class='ocrx_word' id='word_1_13' title='bbox 1233 162 1381 198; x_wconf 82' lang='grc' dir='ltr'>διηγήσατο</span> <span class='ocrx_word' id='word_1_14' title='bbox 1392 171 1398 177; x_wconf 90' lang='grc'><strong>·</strong></span> <span class='ocrx_word' id='word_1_15' title='bbox 1419 164 1446 190; x_wconf 71' lang='lat' dir='ltr'><strong>ei</strong></span> <span class='ocrx_word' id='word_1_16' title='bbox 1457 172 1489 198; x_wconf 91' lang='grc' dir='ltr'><strong>γε</strong></span> <span class='ocrx_word' id='word_1_17' title='bbox 1503 163 1570 200; x_wconf 80' lang='grc' dir='ltr'>πρὶν</span> <span class='ocrx_word' id='word_1_18' title='bbox 1591 163 1718 200; x_wconf 74' lang='grc' dir='ltr'>’Λϐραὰμ</span> <span class='ocrx_word' id='word_1_19' title='bbox 1731 166 1840 199; x_wconf 75' lang='grc' dir='ltr'>γενέσθαι</span> 
     </span>
    </p>
   </div>
   <div class='ocr_carea' id='block_1_6' title="bbox 218 207 1006 246">
    <p class='ocr_par' dir='ltr' id='par_1_6' title="bbox 218 207 1006 246">
     <span class='ocr_line' id='line_1_6' title="bbox 218 207 1006 246; baseline -0.004 -10"><span class='ocrx_word' id='word_1_20' title='bbox 218 212 290 238; x_wconf 84' lang='lat' dir='ltr'><strong>diem</strong></span> <span class='ocrx_word' id='word_1_21' title='bbox 307 211 391 246; x_wconf 82' lang='lat' dir='ltr'><strong>ipsius</strong></span> <span class='ocrx_word' id='word_1_22' title='bbox 411 210 592 245; x_wconf 62' lang='lat' dir='ltr'><strong>gavisumqne</strong></span> <span class='ocrx_word' id='word_1_23' title='bbox 617 209 701 237; x_wconf 79' lang='lat' dir='ltr'><strong>fuisse</strong></span> <span class='ocrx_word' id='word_1_24' title='bbox 717 209 749 236; x_wconf 79' lang='lat'><strong>&quot;‘.</strong></span> <span class='ocrx_word' id='word_1_25' title='bbox 768 208 838 242; x_wconf 83' lang='lat' dir='ltr'><strong>Quin</strong></span> <span class='ocrx_word' id='word_1_26' title='bbox 854 208 926 242; x_wconf 89' lang='lat' dir='ltr'><strong>quod</strong></span> <span class='ocrx_word' id='word_1_27' title='bbox 943 207 982 234; x_wconf 87' lang='lat' dir='ltr'><strong>ait</strong></span> <span class='ocrx_word' id='word_1_28' title='bbox 998 215 1006 233; x_wconf 90' lang='lat'><strong>:</strong></span> 
     </span>
    </p>
   </div>
   <div class='ocr_carea' id='block_1_7' title="bbox 222 254 1008 291">
    <p class='ocr_par' dir='ltr' id='par_1_7' title="bbox 222 254 1008 291">
     <span class='ocr_line' id='line_1_7' title="bbox 222 254 1008 291; baseline -0.004 -8"><span class='ocrx_word' id='word_1_29' title='bbox 222 267 231 283; x_wconf 70' lang='grc' dir='ltr'><strong>ι</strong></span> <span class='ocrx_word' id='word_1_30' title='bbox 258 258 296 285; x_wconf 79' lang='lat' dir='ltr'><strong>Ex</strong></span> <span class='ocrx_word' id='word_1_31' title='bbox 320 257 488 291; x_wconf 94' lang='lat' dir='ltr'><strong>plenitudine</strong></span> <span class='ocrx_word' id='word_1_32' title='bbox 509 257 596 291; x_wconf 84' lang='lat' dir='ltr'><strong>ipsius</strong></span> <span class='ocrx_word' id='word_1_33' title='bbox 609 264 659 283; x_wconf 79' lang='lat' dir='ltr'><strong>nos</strong></span> <span class='ocrx_word' id='word_1_34' title='bbox 674 262 769 283; x_wconf 89' lang='lat' dir='ltr'><strong>omnes</strong></span> <span class='ocrx_word' id='word_1_35' title='bbox 784 254 939 289; x_wconf 85' lang='lat' dir='ltr'><strong>accepimus</strong></span> <span class='ocrx_word' id='word_1_36' title='bbox 950 273 958 286; x_wconf 95' lang='lat'><strong>,</strong></span> <span class='ocrx_word' id='word_1_37' title='bbox 979 257 1008 280; x_wconf 87' lang='lat' dir='ltr'><strong>et</strong></span> 
     </span>
    </p>
   </div>
   <div class='ocr_carea' id='block_1_8' title="bbox 219 300 1007 339">
    <p class='ocr_par' dir='ltr' id='par_1_8' title="bbox 219 300 1007 339">
     <span class='ocr_line' id='line_1_8' title="bbox 219 300 1007 339; baseline -0.006 -8"><span class='ocrx_word' id='word_1_38' title='bbox 219 305 334 339; x_wconf 70' lang='lat' dir='ltr'><strong>gratiam</strong></span> <span class='ocrx_word' id='word_1_39' title='bbox 348 311 397 338; x_wconf 92' lang='lat' dir='ltr'><strong>pro</strong></span> <span class='ocrx_word' id='word_1_40' title='bbox 409 303 497 339; x_wconf 80' lang='lat' dir='ltr'><strong>gratia</strong></span> <span class='ocrx_word' id='word_1_41' title='bbox 508 303 541 336; x_wconf 65' lang='grc' dir='ltr'>νδ,</span> <span class='ocrx_word' id='word_1_42' title='bbox 561 312 571 329; x_wconf 73' lang='grc' dir='ltr'><strong>ι</strong></span> <span class='ocrx_word' id='word_1_43' title='bbox 591 308 621 330; x_wconf 91' lang='lat' dir='ltr'><strong>ut</strong></span> <span class='ocrx_word' id='word_1_44' title='bbox 637 303 662 329; x_wconf 94' lang='lat' dir='ltr'><strong>in</strong></span> <span class='ocrx_word' id='word_1_45' title='bbox 677 301 863 337; x_wconf 86' lang='lat' dir='ltr'><strong>superioribus</strong></span> <span class='ocrx_word' id='word_1_46' title='bbox 878 300 1007 332; x_wconf 79' lang='lat' dir='ltr'><strong>diximus,</strong></span> 
     </span>
    </p>
   </div>
   <div class='ocr_carea' id='block_1_9' title="bbox 219 345 1007 385">
    <p class='ocr_par' dir='ltr' id='par_1_9' title="bbox 219 345 1007 385">
     <span class='ocr_line' id='line_1_9' title="bbox 219 345 1007 385; baseline -0.005 -9"><span class='ocrx_word' id='word_1_47' title='bbox 219 349 311 385; x_wconf 73' lang='lat' dir='ltr'><strong>arguit</strong></span> <span class='ocrx_word' id='word_1_48' title='bbox 327 349 475 384; x_wconf 76' lang='lat' dir='ltr'><strong>prophetas</strong></span> <span class='ocrx_word' id='word_1_49' title='bbox 495 349 580 376; x_wconf 90' lang='lat' dir='ltr'><strong>etiam</strong></span> <span class='ocrx_word' id='word_1_50' title='bbox 605 356 638 376; x_wconf 78' lang='lat' dir='ltr'><strong>ex</strong></span> <span class='ocrx_word' id='word_1_51' title='bbox 653 347 757 376; x_wconf 80' lang='lat' dir='ltr'><strong>Christi</strong></span> <span class='ocrx_word' id='word_1_52' title='bbox 774 346 943 382; x_wconf 90' lang='lat' dir='ltr'><strong>plenitudine</strong></span> <span class='ocrx_word' id='word_1_53' title='bbox 958 345 1007 373; x_wconf 92' lang='lat' dir='ltr'><strong>do-</strong></span> 
     </span>
    </p>
   </div>
   <div class='ocr_carea' id='block_1_10' title="bbox 219 391 1008 431">
    <p class='ocr_par' dir='ltr' id='par_1_10' title="bbox 219 391 1008 431">
     <span class='ocr_line' id='line_1_10' title="bbox 219 391 1008 431; baseline -0.006 -8"><span class='ocrx_word' id='word_1_54' title='bbox 219 404 282 423; x_wconf 86' lang='lat' dir='ltr'><strong>num</strong></span> <span class='ocrx_word' id='word_1_55' title='bbox 306 396 430 431; x_wconf 87' lang='lat' dir='ltr'><strong>cepisse,</strong></span> <span class='ocrx_word' id='word_1_56' title='bbox 445 396 617 431; x_wconf 76' lang='lat' dir='ltr'><strong>gratiamque</strong></span> <span class='ocrx_word' id='word_1_57' title='bbox 635 393 782 422; x_wconf 84' lang='lat' dir='ltr'><strong>secundam</strong></span> <span class='ocrx_word' id='word_1_58' title='bbox 797 400 846 428; x_wconf 89' lang='lat' dir='ltr'><strong>pro</strong></span> <span class='ocrx_word' id='word_1_59' title='bbox 859 391 947 427; x_wconf 83' lang='lat' dir='ltr'><strong>prima</strong></span> <span class='ocrx_word' id='word_1_60' title='bbox 960 397 1008 418; x_wconf 93' lang='lat' dir='ltr'><strong>eos</strong></span> 
     </span>
    </p>
   </div>
   <div class='ocr_carea' id='block_1_11' title="bbox 216 438 1009 478">
    <p class='ocr_par' dir='ltr' id='par_1_11' title="bbox 216 438 1009 478">
     <span class='ocr_line' id='line_1_11' title="bbox 216 438 1009 478; baseline -0.009 -8"><span class='ocrx_word' id='word_1_61' title='bbox 216 443 366 478; x_wconf 81' lang='lat' dir='ltr'><strong>sumpsisse</strong></span> <span class='ocrx_word' id='word_1_62' title='bbox 380 452 387 470; x_wconf 89' lang='lat'><strong>:</strong></span> <span class='ocrx_word' id='word_1_63' title='bbox 403 446 585 478; x_wconf 83' lang='lat' dir='ltr'><strong>pervenerunt</strong></span> <span class='ocrx_word' id='word_1_64' title='bbox 603 441 675 468; x_wconf 89' lang='lat' dir='ltr'><strong>enim</strong></span> <span class='ocrx_word' id='word_1_65' title='bbox 693 445 725 468; x_wconf 81' lang='lat' dir='ltr'><strong>et</strong></span> <span class='ocrx_word' id='word_1_66' title='bbox 740 439 777 467; x_wconf 86' lang='lat' dir='ltr'><strong>illi</strong></span> <span class='ocrx_word' id='word_1_67' title='bbox 793 447 809 466; x_wconf 93' lang='lat' dir='ltr'><strong>a</strong></span> <span class='ocrx_word' id='word_1_68' title='bbox 832 438 936 474; x_wconf 89' lang='lat' dir='ltr'><strong>Spiritu</strong></span> <span class='ocrx_word' id='word_1_69' title='bbox 951 444 1009 464; x_wconf 89' lang='lat' dir='ltr'><strong>ma-</strong></span> 
     </span>
    </p>
   </div>
   <div class='ocr_carea' id='block_1_12' title="bbox 218 487 1010 525">
    <p class='ocr_par' dir='ltr' id='par_1_12' title="bbox 218 487 1010 525">
     <span class='ocr_line' id='line_1_12' title="bbox 218 487 1010 525; baseline -0.008 -8"><span class='ocrx_word' id='word_1_70' title='bbox 218 489 341 522; x_wconf 88' lang='lat' dir='ltr'><strong>nnducti,</strong></span> <span class='ocrx_word' id='word_1_71' title='bbox 358 494 501 525; x_wconf 82' lang='lat' dir='ltr'><strong>postquam</strong></span> <span class='ocrx_word' id='word_1_72' title='bbox 517 488 665 516; x_wconf 82' lang='lat' dir='ltr'><strong>introducti</strong></span> <span class='ocrx_word' id='word_1_73' title='bbox 685 487 808 519; x_wconf 79' lang='lat' dir='ltr'><strong>fuissent,</strong></span> <span class='ocrx_word' id='word_1_74' title='bbox 828 490 910 520; x_wconf 89' lang='lat' dir='ltr'><strong>atque</strong></span> <span class='ocrx_word' id='word_1_75' title='bbox 928 491 1010 512; x_wconf 81' lang='lat' dir='ltr'><strong>exer-</strong></span> 
     </span>
    </p>
   </div>
   <div class='ocr_carea' id='block_1_13' title="bbox 216 532 1008 572">
    <p class='ocr_par' dir='ltr' id='par_1_13' title="bbox 216 532 1008 572">
     <span class='ocr_line' id='line_1_13' title="bbox 216 532 1008 572; baseline -0.009 -7"><span class='ocrx_word' id='word_1_76' title='bbox 216 537 264 565; x_wconf 86' lang='lat' dir='ltr'><strong>citi</strong></span> <span class='ocrx_word' id='word_1_77' title='bbox 287 538 314 566; x_wconf 84' lang='lat' dir='ltr'><strong>in</strong></span> <span class='ocrx_word' id='word_1_78' title='bbox 342 537 453 572; x_wconf 80' lang='lat' dir='ltr'><strong>ﬁguris,</strong></span> <span class='ocrx_word' id='word_1_79' title='bbox 490 537 522 564; x_wconf 80' lang='lat' dir='ltr'><strong>ad</strong></span> <span class='ocrx_word' id='word_1_80' title='bbox 549 535 672 563; x_wconf 78' lang='lat' dir='ltr'><strong>veritatis</strong></span> <span class='ocrx_word' id='word_1_81' title='bbox 696 534 840 562; x_wconf 84' lang='lat' dir='ltr'><strong>visionem.</strong></span> <span class='ocrx_word' id='word_1_82' title='bbox 873 532 1008 566; x_wconf 79' lang='lat' dir='ltr'><strong>Quocirca</strong></span> 
     </span>
    </p>
   </div>
   <div class='ocr_carea' id='block_1_14' title="bbox 217 577 1009 616">
    <p class='ocr_par' dir='ltr' id='par_1_14' title="bbox 217 577 1009 616">
     <span class='ocr_line' id='line_1_14' title="bbox 217 577 1009 616; baseline -0.009 -6"><span class='ocrx_word' id='word_1_83' title='bbox 217 591 270 611; x_wconf 92' lang='lat' dir='ltr'><strong>non</strong></span> <span class='ocrx_word' id='word_1_84' title='bbox 284 590 382 611; x_wconf 87' lang='lat' dir='ltr'><strong>omnes</strong></span> <span class='ocrx_word' id='word_1_85' title='bbox 401 591 410 608; x_wconf 74' lang='grc' dir='ltr'><strong>ι</strong></span> <span class='ocrx_word' id='word_1_86' title='bbox 428 582 568 616; x_wconf 67' lang='lat' dir='ltr'><strong>prophetae</strong></span> <span class='ocrx_word' id='word_1_87' title='bbox 582 601 590 612; x_wconf 92' lang='lat'><strong>,</strong></span> <span class='ocrx_word' id='word_1_88' title='bbox 604 580 652 608; x_wconf 84' lang='lat' dir='ltr'><strong>sed</strong></span> <span class='ocrx_word' id='word_1_89' title='bbox 667 580 746 607; x_wconf 90' lang='lat' dir='ltr'><strong>multi</strong></span> <span class='ocrx_word' id='word_1_90' title='bbox 761 579 954 607; x_wconf 81' lang='lat' dir='ltr'><strong>desiderarunt</strong></span> <span class='ocrx_word' id='word_1_91' title='bbox 968 577 1009 604; x_wconf 93' lang='lat' dir='ltr'><strong>vi-</strong></span> 
     </span>
    </p>
   </div>
   <div class='ocr_carea' id='block_1_15' title="bbox 217 623 1004 663">
    <p class='ocr_par' dir='ltr' id='par_1_15' title="bbox 217 623 1004 663">
     <span class='ocr_line' id='line_1_15' title="bbox 217 623 1004 663; baseline -0.006 -8"><span class='ocrx_word' id='word_1_92' title='bbox 217 629 295 660; x_wconf 86' lang='lat' dir='ltr'><strong>dere.</strong></span> <span class='ocrx_word' id='word_1_93' title='bbox 311 635 372 663; x_wconf 72' lang='lat' dir='ltr'><strong>quae</strong></span> <span class='ocrx_word' id='word_1_94' title='bbox 390 636 400 653; x_wconf 76' lang='grc' dir='ltr'><strong>ι</strong></span> <span class='ocrx_word' id='word_1_95' title='bbox 416 627 533 662; x_wconf 81' lang='lat' dir='ltr'><strong>apostoli</strong></span> <span class='ocrx_word' id='word_1_96' title='bbox 547 626 676 654; x_wconf 87' lang='lat' dir='ltr'><strong>viderunt</strong></span> <span class='ocrx_word' id='word_1_97' title='bbox 692 626 725 653; x_wconf 77' lang='grc' dir='ltr'><strong>ι’.</strong></span> <span class='ocrx_word' id='word_1_98' title='bbox 739 624 807 652; x_wconf 82' lang='lat' dir='ltr'><strong>Nam</strong></span> <span class='ocrx_word' id='word_1_99' title='bbox 821 625 844 652; x_wconf 87' lang='lat' dir='ltr'><strong>si</strong></span> <span class='ocrx_word' id='word_1_100' title='bbox 862 623 1004 659; x_wconf 83' lang='lat' dir='ltr'><strong>propheta-</strong></span> 
     </span>
    </p>
   </div>
   <div class='ocr_carea' id='block_1_16' title="bbox 218 670 1009 707">
    <p class='ocr_par' dir='ltr' id='par_1_16' title="bbox 218 670 1009 707">
     <span class='ocr_line' id='line_1_16' title="bbox 218 670 1009 707; baseline -0.009 -4"><span class='ocrx_word' id='word_1_101' title='bbox 218 683 278 703; x_wconf 91' lang='lat' dir='ltr'><strong>rum</strong></span> <span class='ocrx_word' id='word_1_102' title='bbox 294 679 354 702; x_wconf 85' lang='lat' dir='ltr'><strong>erat</strong></span> <span class='ocrx_word' id='word_1_103' title='bbox 367 673 533 706; x_wconf 82' lang='lat' dir='ltr'><strong>diﬂ&#39;ercntia,</strong></span> <span class='ocrx_word' id='word_1_104' title='bbox 548 672 662 707; x_wconf 83' lang='lat' dir='ltr'><strong>perfecti</strong></span> <span class='ocrx_word' id='word_1_105' title='bbox 677 677 705 699; x_wconf 89' lang='lat' dir='ltr'><strong>et</strong></span> <span class='ocrx_word' id='word_1_106' title='bbox 719 675 882 707; x_wconf 71' lang='lat' dir='ltr'><strong>praestantes</strong></span> <span class='ocrx_word' id='word_1_107' title='bbox 894 677 947 697; x_wconf 87' lang='lat' dir='ltr'><strong>non</strong></span> <span class='ocrx_word' id='word_1_108' title='bbox 961 670 1009 697; x_wconf 84' lang='lat' dir='ltr'><strong>de-</strong></span> 
     </span>
    </p>
   </div>
   <div class='ocr_carea' id='block_1_17' title="bbox 219 715 1009 753">
    <p class='ocr_par' dir='ltr' id='par_1_17' title="bbox 219 715 1009 753">
     <span class='ocr_line' id='line_1_17' title="bbox 219 715 1009 753; baseline -0.01 -4"><span class='ocrx_word' id='word_1_109' title='bbox 219 721 376 749; x_wconf 63' lang='lat' dir='ltr'><strong>siderant&quot;!</strong></span> <span class='ocrx_word' id='word_1_110' title='bbox 389 719 482 747; x_wconf 88' lang='lat' dir='ltr'><strong>videre</strong></span> <span class='ocrx_word' id='word_1_111' title='bbox 497 726 558 753; x_wconf 71' lang='lat' dir='ltr'><strong>qua:</strong></span> <span class='ocrx_word' id='word_1_112' title='bbox 578 718 706 745; x_wconf 90' lang='lat' dir='ltr'><strong>viderunt</strong></span> <span class='ocrx_word' id='word_1_113' title='bbox 727 716 864 752; x_wconf 83' lang='lat' dir='ltr'><strong>apostoli;</strong></span> <span class='ocrx_word' id='word_1_114' title='bbox 881 715 1009 742; x_wconf 88' lang='lat' dir='ltr'><strong>viderunt</strong></span> 
     </span>
    </p>
   </div>
   <div class='ocr_carea' id='block_1_18' title="bbox 216 761 1008 802">
    <p class='ocr_par' dir='ltr' id='par_1_18' title="bbox 216 761 1008 802">
     <span class='ocr_line' id='line_1_18' title="bbox 216 761 1008 802; baseline -0.009 -7"><span class='ocrx_word' id='word_1_115' title='bbox 216 768 289 796; x_wconf 88' lang='lat' dir='ltr'><strong>enim</strong></span> <span class='ocrx_word' id='word_1_116' title='bbox 312 767 381 802; x_wconf 87' lang='lat' dir='ltr'><strong>ipsa.</strong></span> <span class='ocrx_word' id='word_1_117' title='bbox 407 765 460 799; x_wconf 83' lang='lat' dir='ltr'><strong>Qui</strong></span> <span class='ocrx_word' id='word_1_118' title='bbox 484 772 550 792; x_wconf 82' lang='lat' dir='ltr'><strong>vero</strong></span> <span class='ocrx_word' id='word_1_119' title='bbox 573 772 627 791; x_wconf 88' lang='lat' dir='ltr'><strong>non</strong></span> <span class='ocrx_word' id='word_1_120' title='bbox 652 771 729 798; x_wconf 74' lang='lat' dir='ltr'><strong>teque</strong></span> <span class='ocrx_word' id='word_1_121' title='bbox 745 768 829 798; x_wconf 90' lang='lat' dir='ltr'><strong>atque</strong></span> <span class='ocrx_word' id='word_1_122' title='bbox 844 761 870 789; x_wconf 89' lang='lat' dir='ltr'><strong>hi</strong></span> <span class='ocrx_word' id='word_1_123' title='bbox 888 761 1008 789; x_wconf 88' lang='lat' dir='ltr'><strong>assecuti</strong></span> 
     </span>
    </p>
   </div>
   <div class='ocr_carea' id='block_1_19' title="bbox 216 807 1008 846">
    <p class='ocr_par' dir='ltr' id='par_1_19' title="bbox 216 807 1008 846">
     <span class='ocr_line' id='line_1_19' title="bbox 216 807 1008 846; baseline -0.009 -6"><span class='ocrx_word' id='word_1_124' title='bbox 216 817 290 846; x_wconf 86' lang='lat' dir='ltr'><strong>sunt,</strong></span> <span class='ocrx_word' id='word_1_125' title='bbox 309 817 342 840; x_wconf 89' lang='lat' dir='ltr'><strong>ut</strong></span> <span class='ocrx_word' id='word_1_126' title='bbox 355 813 389 840; x_wconf 87' lang='lat' dir='ltr'><strong>ad</strong></span> <span class='ocrx_word' id='word_1_127' title='bbox 403 810 573 838; x_wconf 80' lang='lat' dir='ltr'><strong>altitudinem</strong></span> <span class='ocrx_word' id='word_1_128' title='bbox 597 809 733 837; x_wconf 88' lang='lat' dir='ltr'><strong>sermonis</strong></span> <span class='ocrx_word' id='word_1_129' title='bbox 752 807 944 840; x_wconf 85' lang='lat' dir='ltr'><strong>ascenderint,</strong></span> <span class='ocrx_word' id='word_1_130' title='bbox 959 815 1008 842; x_wconf 89' lang='lat' dir='ltr'><strong>ap-</strong></span> 
     </span>
    </p>
   </div>
   <div class='ocr_carea' id='block_1_20' title="bbox 217 843 1046 895">
    <p class='ocr_par' dir='ltr' id='par_1_20' title="bbox 217 843 1046 895">
     <span class='ocr_line' id='line_1_20' title="bbox 217 843 1046 895; baseline -0.01 -8"><span class='ocrx_word' id='word_1_131' title='bbox 217 859 372 895; x_wconf 86' lang='lat' dir='ltr'><strong>petiverunt</strong></span> <span class='ocrx_word' id='word_1_132' title='bbox 395 866 427 886; x_wconf 87' lang='lat' dir='ltr'><strong>ea</strong></span> <span class='ocrx_word' id='word_1_133' title='bbox 441 865 501 893; x_wconf 77' lang='lat' dir='ltr'><strong>qua:</strong></span> <span class='ocrx_word' id='word_1_134' title='bbox 515 856 632 892; x_wconf 81' lang='lat' dir='ltr'><strong>apostoli</strong></span> <span class='ocrx_word' id='word_1_135' title='bbox 649 863 698 890; x_wconf 90' lang='lat' dir='ltr'><strong>per</strong></span> <span class='ocrx_word' id='word_1_136' title='bbox 719 855 858 882; x_wconf 87' lang='lat' dir='ltr'><strong>Christum</strong></span> <span class='ocrx_word' id='word_1_137' title='bbox 873 861 1010 889; x_wconf 66' lang='lat' dir='ltr'><strong>cognove~</strong></span> <span class='ocrx_word' id='word_1_138' title='bbox 1025 843 1046 870; x_wconf 70' lang='grc' dir='ltr'><strong>Β</strong></span> 
     </span>
    </p>
   </div>
   <div class='ocr_carea' id='block_1_21' title="bbox 218 901 1008 936">
    <p class='ocr_par' dir='ltr' id='par_1_21' title="bbox 218 901 1008 936">
     <span class='ocr_line' id='line_1_21' title="bbox 218 901 1008 936; baseline -0.009 -2"><span class='ocrx_word' id='word_1_139' title='bbox 218 911 291 934; x_wconf 88' lang='lat' dir='ltr'><strong>runt.</strong></span> <span class='ocrx_word' id='word_1_140' title='bbox 321 904 390 933; x_wconf 87' lang='lat' dir='ltr'><strong>Nam</strong></span> <span class='ocrx_word' id='word_1_141' title='bbox 415 905 480 932; x_wconf 88' lang='lat' dir='ltr'><strong>illud</strong></span> <span class='ocrx_word' id='word_1_142' title='bbox 507 904 598 931; x_wconf 74' lang='lat' dir='ltr'><strong>videre</strong></span> <span class='ocrx_word' id='word_1_143' title='bbox 621 910 674 930; x_wconf 90' lang='lat' dir='ltr'><strong>non</strong></span> <span class='ocrx_word' id='word_1_144' title='bbox 701 901 881 936; x_wconf 78' lang='lat' dir='ltr'><strong>corporaliter</strong></span> <span class='ocrx_word' id='word_1_145' title='bbox 906 901 1008 928; x_wconf 92' lang='lat' dir='ltr'><strong>dictum</strong></span> 
     </span>
    </p>
   </div>
   <div class='ocr_carea' id='block_1_22' title="bbox 217 946 1010 988">
    <p class='ocr_par' dir='ltr' id='par_1_22' title="bbox 217 946 1010 988">
     <span class='ocr_line' id='line_1_22' title="bbox 217 946 1010 988; baseline -0.011 -6"><span class='ocrx_word' id='word_1_146' title='bbox 217 954 303 982; x_wconf 78' lang='lat' dir='ltr'><strong>fuisse</strong></span> <span class='ocrx_word' id='word_1_147' title='bbox 315 946 487 988; x_wconf 52' lang='lat' dir='ltr'><strong>interpr&#39;etati</strong></span> <span class='ocrx_word' id='word_1_148' title='bbox 502 958 596 978; x_wconf 80' lang='lat' dir='ltr'><strong>sumus</strong></span> <span class='ocrx_word' id='word_1_149' title='bbox 608 969 615 981; x_wconf 89' lang='lat'><strong>,</strong></span> <span class='ocrx_word' id='word_1_150' title='bbox 639 948 868 983; x_wconf 87' lang='lat' dir='ltr'><strong>quemadmodum</strong></span> <span class='ocrx_word' id='word_1_151' title='bbox 881 948 963 975; x_wconf 86' lang='lat' dir='ltr'><strong>etiam</strong></span> <span class='ocrx_word' id='word_1_152' title='bbox 978 947 1010 974; x_wconf 82' lang='lat' dir='ltr'><strong>il-</strong></span> 
     </span>
    </p>
   </div>
   <div class='ocr_carea' id='block_1_23' title="bbox 217 994 1007 1034">
    <p class='ocr_par' dir='ltr' id='par_1_23' title="bbox 217 994 1007 1034">
     <span class='ocr_line' id='line_1_23' title="bbox 217 994 1007 1034; baseline -0.011 -6"><span class='ocrx_word' id='word_1_153' title='bbox 217 1000 262 1028; x_wconf 91' lang='lat' dir='ltr'><strong>lud</strong></span> <span class='ocrx_word' id='word_1_154' title='bbox 289 1000 384 1027; x_wconf 76' lang='lat' dir='ltr'><strong>audire</strong></span> <span class='ocrx_word' id='word_1_155' title='bbox 413 997 592 1034; x_wconf 85' lang='lat' dir='ltr'><strong>spiritualiter</strong></span> <span class='ocrx_word' id='word_1_156' title='bbox 622 995 760 1031; x_wconf 88' lang='lat' dir='ltr'><strong>prolatutn</strong></span> <span class='ocrx_word' id='word_1_157' title='bbox 789 994 972 1022; x_wconf 82' lang='lat' dir='ltr'><strong>intelleximus</strong></span> <span class='ocrx_word' id='word_1_158' title='bbox 1001 1003 1007 1019; x_wconf 87' lang='lat'><strong>:</strong></span> 
     </span>
    </p>
   </div>
   <div class='ocr_carea' id='block_1_24' title="bbox 215 1042 1009 1083">
    <p class='ocr_par' dir='ltr' id='par_1_24' title="bbox 215 1042 1009 1083">
     <span class='ocr_line' id='line_1_24' title="bbox 215 1042 1009 1083; baseline -0.01 -8"><span class='ocrx_word' id='word_1_159' title='bbox 215 1048 317 1083; x_wconf 89' lang='lat' dir='ltr'><strong>quippe</strong></span> <span class='ocrx_word' id='word_1_160' title='bbox 333 1053 395 1074; x_wconf 91' lang='lat' dir='ltr'><strong>cum</strong></span> <span class='ocrx_word' id='word_1_161' title='bbox 417 1045 440 1073; x_wconf 93' lang='lat' dir='ltr'><strong>is</strong></span> <span class='ocrx_word' id='word_1_162' title='bbox 453 1045 528 1072; x_wconf 86' lang='lat' dir='ltr'><strong>solus</strong></span> <span class='ocrx_word' id='word_1_163' title='bbox 544 1051 626 1071; x_wconf 86' lang='lat' dir='ltr'><strong>aures</strong></span> <span class='ocrx_word' id='word_1_164' title='bbox 651 1043 791 1078; x_wconf 86' lang='lat' dir='ltr'><strong>possideat</strong></span> <span class='ocrx_word' id='word_1_165' title='bbox 806 1042 852 1077; x_wconf 91' lang='lat' dir='ltr'><strong>qui</strong></span> <span class='ocrx_word' id='word_1_166' title='bbox 874 1049 922 1069; x_wconf 88' lang='lat' dir='ltr'><strong>eas</strong></span> <span class='ocrx_word' id='word_1_167' title='bbox 938 1049 1009 1077; x_wconf 73' lang='lat' dir='ltr'><strong>pra:-</strong></span> 
     </span>
    </p>
   </div>
   <div class='ocr_carea' id='block_1_25' title="bbox 217 1087 1009 1128">
    <p class='ocr_par' dir='ltr' id='par_1_25' title="bbox 217 1087 1009 1128">
     <span class='ocr_line' id='line_1_25' title="bbox 217 1087 1009 1128; baseline -0.009 -8"><span class='ocrx_word' id='word_1_168' title='bbox 217 1092 357 1128; x_wconf 79' lang='lat' dir='ltr'><strong>paraverit</strong></span> <span class='ocrx_word' id='word_1_169' title='bbox 381 1091 416 1118; x_wconf 92' lang='lat' dir='ltr'><strong>ad</strong></span> <span class='ocrx_word' id='word_1_170' title='bbox 435 1089 601 1118; x_wconf 81' lang='lat' dir='ltr'><strong>audiendum</strong></span> <span class='ocrx_word' id='word_1_171' title='bbox 627 1096 768 1116; x_wconf 88' lang='lat' dir='ltr'><strong>sermones</strong></span> <span class='ocrx_word' id='word_1_172' title='bbox 782 1087 846 1115; x_wconf 77' lang='lat' dir='ltr'><strong>Jcsu</strong></span> <span class='ocrx_word' id='word_1_173' title='bbox 864 1096 871 1114; x_wconf 89' lang='lat'><strong>:</strong></span> <span class='ocrx_word' id='word_1_174' title='bbox 889 1095 952 1122; x_wconf 62' lang='lat' dir='ltr'><strong>quae</strong></span> <span class='ocrx_word' id='word_1_175' title='bbox 966 1094 1009 1113; x_wconf 65' lang='lat' dir='ltr'><strong>res</strong></span> 
     </span>
    </p>
   </div>
   <div class='ocr_carea' id='block_1_26' title="bbox 216 1135 1009 1173">
    <p class='ocr_par' dir='ltr' id='par_1_26' title="bbox 216 1135 1009 1173">
     <span class='ocr_line' id='line_1_26' title="bbox 216 1135 1009 1173; baseline -0.009 -6"><span class='ocrx_word' id='word_1_176' title='bbox 216 1140 287 1167; x_wconf 85' lang='lat' dir='ltr'><strong>haud</strong></span> <span class='ocrx_word' id='word_1_177' title='bbox 301 1140 336 1167; x_wconf 89' lang='lat' dir='ltr'><strong>ita</strong></span> <span class='ocrx_word' id='word_1_178' title='bbox 355 1138 514 1173; x_wconf 73' lang='lat' dir='ltr'><strong>frequenter</strong></span> <span class='ocrx_word' id='word_1_179' title='bbox 531 1136 661 1171; x_wconf 69' lang='lat' dir='ltr'><strong>obtingit.</strong></span> <span class='ocrx_word' id='word_1_180' title='bbox 675 1135 735 1162; x_wconf 83' lang='lat' dir='ltr'><strong>Jam</strong></span> <span class='ocrx_word' id='word_1_181' title='bbox 752 1142 817 1162; x_wconf 82' lang='lat' dir='ltr'><strong>vero</strong></span> <span class='ocrx_word' id='word_1_182' title='bbox 832 1140 943 1162; x_wconf 75' lang='lat' dir='ltr'><strong>sanctos</strong></span> <span class='ocrx_word' id='word_1_183' title='bbox 956 1141 1009 1160; x_wconf 78' lang='lat' dir='ltr'><strong>cae-</strong></span> 
     </span>
    </p>
   </div>
   <div class='ocr_carea' id='block_1_27' title="bbox 218 1180 1008 1216">
    <p class='ocr_par' dir='ltr' id='par_1_27' title="bbox 218 1180 1008 1216">
     <span class='ocr_line' id='line_1_27' title="bbox 218 1180 1008 1216; baseline -0.009 -3"><span class='ocrx_word' id='word_1_184' title='bbox 218 1186 285 1214; x_wconf 87' lang='lat' dir='ltr'><strong>teris</strong></span> <span class='ocrx_word' id='word_1_185' title='bbox 302 1183 478 1212; x_wconf 84' lang='lat' dir='ltr'><strong>credentibus</strong></span> <span class='ocrx_word' id='word_1_186' title='bbox 493 1183 628 1210; x_wconf 85' lang='lat' dir='ltr'><strong>habentes</strong></span> <span class='ocrx_word' id='word_1_187' title='bbox 650 1181 711 1215; x_wconf 82' lang='lat' dir='ltr'><strong>plus</strong></span> <span class='ocrx_word' id='word_1_188' title='bbox 731 1182 870 1216; x_wconf 78' lang='lat' dir='ltr'><strong>quidpiam</strong></span> <span class='ocrx_word' id='word_1_189' title='bbox 884 1200 892 1212; x_wconf 85' lang='lat'><em>.</em></span> <span class='ocrx_word' id='word_1_190' title='bbox 910 1180 1008 1207; x_wconf 93' lang='lat' dir='ltr'><strong>divini-</strong></span> 
     </span>
    </p>
   </div>
   <div class='ocr_carea' id='block_1_28' title="bbox 217 1226 1006 1266">
    <p class='ocr_par' dir='ltr' id='par_1_28' title="bbox 217 1226 1006 1266">
     <span class='ocr_line' id='line_1_28' title="bbox 217 1226 1006 1266; baseline -0.009 -7"><span class='ocrx_word' id='word_1_191' title='bbox 217 1231 282 1259; x_wconf 86' lang='lat' dir='ltr'><strong>tatis</strong></span> <span class='ocrx_word' id='word_1_192' title='bbox 296 1230 426 1266; x_wconf 83' lang='lat' dir='ltr'><strong>mysteria</strong></span> <span class='ocrx_word' id='word_1_193' title='bbox 444 1233 509 1256; x_wconf 85' lang='lat' dir='ltr'><strong>ante</strong></span> <span class='ocrx_word' id='word_1_194' title='bbox 532 1227 704 1263; x_wconf 81' lang='lat' dir='ltr'><strong>corporalem</strong></span> <span class='ocrx_word' id='word_1_195' title='bbox 721 1226 786 1254; x_wconf 79' lang='lat' dir='ltr'><strong>Jesu</strong></span> <span class='ocrx_word' id='word_1_196' title='bbox 800 1227 947 1253; x_wconf 88' lang='lat' dir='ltr'><strong>adventum</strong></span> <span class='ocrx_word' id='word_1_197' title='bbox 964 1226 1006 1252; x_wconf 94' lang='lat' dir='ltr'><strong>in-</strong></span> 
     </span>
    </p>
   </div>
   <div class='ocr_carea' id='block_1_29' title="bbox 217 1272 1009 1308">
    <p class='ocr_par' dir='ltr' id='par_1_29' title="bbox 217 1272 1009 1308">
     <span class='ocr_line' id='line_1_29' title="bbox 217 1272 1009 1308; baseline -0.009 -4"><span class='ocrx_word' id='word_1_198' title='bbox 217 1276 367 1308; x_wconf 84' lang='lat' dir='ltr'><strong>tellexisse,</strong></span> <span class='ocrx_word' id='word_1_199' title='bbox 395 1274 442 1303; x_wconf 88' lang='lat' dir='ltr'><strong>Dei</strong></span> <span class='ocrx_word' id='word_1_200' title='bbox 469 1273 604 1302; x_wconf 88' lang='lat' dir='ltr'><strong>Sermone</strong></span> <span class='ocrx_word' id='word_1_201' title='bbox 627 1280 675 1300; x_wconf 86' lang='lat' dir='ltr'><strong>eos</strong></span> <span class='ocrx_word' id='word_1_202' title='bbox 690 1273 821 1300; x_wconf 86' lang='lat' dir='ltr'><strong>edocente</strong></span> <span class='ocrx_word' id='word_1_203' title='bbox 836 1272 918 1299; x_wconf 85' lang='lat' dir='ltr'><strong>etiam</strong></span> <span class='ocrx_word' id='word_1_204' title='bbox 934 1276 1009 1298; x_wconf 51' lang='lat' dir='ltr'><strong>ante.</strong></span> 
     </span>
    </p>
   </div>
   <div class='ocr_carea' id='block_1_30' title="bbox 216 1317 1009 1358">
    <p class='ocr_par' dir='ltr' id='par_1_30' title="bbox 216 1317 1009 1358">
     <span class='ocr_line' id='line_1_30' title="bbox 216 1317 1009 1358; baseline -0.01 -8"><span class='ocrx_word' id='word_1_205' title='bbox 216 1329 298 1358; x_wconf 90' lang='lat' dir='ltr'><strong>quam</strong></span> <span class='ocrx_word' id='word_1_206' title='bbox 318 1329 383 1349; x_wconf 88' lang='lat' dir='ltr'><strong>caro</strong></span> <span class='ocrx_word' id='word_1_207' title='bbox 399 1322 478 1348; x_wconf 89' lang='lat' dir='ltr'><strong>ﬁeret</strong></span> <span class='ocrx_word' id='word_1_208' title='bbox 500 1324 574 1355; x_wconf 89' lang='lat' dir='ltr'><strong>(nam</strong></span> <span class='ocrx_word' id='word_1_209' title='bbox 589 1325 698 1353; x_wconf 89' lang='lat' dir='ltr'><strong>semper</strong></span> <span class='ocrx_word' id='word_1_210' title='bbox 719 1322 849 1353; x_wconf 79' lang='lat' dir='ltr'><strong>operatur</strong></span> <span class='ocrx_word' id='word_1_211' title='bbox 861 1338 870 1350; x_wconf 86' lang='lat'><strong>,</strong></span> <span class='ocrx_word' id='word_1_212' title='bbox 887 1317 1009 1344; x_wconf 85' lang='lat' dir='ltr'><strong>imitator</strong></span> 
     </span>
    </p>
   </div>
   <div class='ocr_carea' id='block_1_31' title="bbox 216 1365 1010 1401">
    <p class='ocr_par' dir='ltr' id='par_1_31' title="bbox 216 1365 1010 1401">
     <span class='ocr_line' id='line_1_31' title="bbox 216 1365 1010 1401; baseline -0.009 -5"><span class='ocrx_word' id='word_1_213' title='bbox 216 1369 305 1396; x_wconf 82' lang='lat' dir='ltr'><strong>Patris</strong></span> <span class='ocrx_word' id='word_1_214' title='bbox 320 1376 381 1396; x_wconf 90' lang='lat' dir='ltr'><strong>cum</strong></span> <span class='ocrx_word' id='word_1_215' title='bbox 398 1369 455 1400; x_wconf 84' lang='lat' dir='ltr'><strong>sit,</strong></span> <span class='ocrx_word' id='word_1_216' title='bbox 470 1367 503 1394; x_wconf 88' lang='lat' dir='ltr'><strong>de</strong></span> <span class='ocrx_word' id='word_1_217' title='bbox 517 1374 572 1401; x_wconf 91' lang='lat' dir='ltr'><strong>quo</strong></span> <span class='ocrx_word' id='word_1_218' title='bbox 591 1366 658 1393; x_wconf 84' lang='lat' dir='ltr'><strong>dicit</strong></span> <span class='ocrx_word' id='word_1_219' title='bbox 672 1373 680 1392; x_wconf 89' lang='lat'><strong>:</strong></span> <span class='ocrx_word' id='word_1_220' title='bbox 698 1374 707 1390; x_wconf 72' lang='grc' dir='ltr'><strong>ι</strong></span> <span class='ocrx_word' id='word_1_221' title='bbox 727 1365 808 1392; x_wconf 80' lang='lat' dir='ltr'><strong>Pater</strong></span> <span class='ocrx_word' id='word_1_222' title='bbox 825 1372 900 1391; x_wconf 88' lang='lat' dir='ltr'><strong>meus</strong></span> <span class='ocrx_word' id='word_1_223' title='bbox 924 1371 1010 1398; x_wconf 85' lang='lat' dir='ltr'><strong>usque</strong></span> 
     </span>
    </p>
   </div>
   <div class='ocr_carea' id='block_1_32' title="bbox 217 1409 1009 1448">
    <p class='ocr_par' dir='ltr' id='par_1_32' title="bbox 217 1409 1009 1448">
     <span class='ocr_line' id='line_1_32' title="bbox 217 1409 1009 1448; baseline -0.005 -8"><span class='ocrx_word' id='word_1_224' title='bbox 217 1413 298 1441; x_wconf 89' lang='lat' dir='ltr'><strong>modo</strong></span> <span class='ocrx_word' id='word_1_225' title='bbox 311 1417 442 1448; x_wconf 85' lang='lat' dir='ltr'><strong>operatur</strong></span> <span class='ocrx_word' id='word_1_226' title='bbox 455 1413 477 1428; x_wconf 85' lang='lat'>&quot;</span> <span class='ocrx_word' id='word_1_227' title='bbox 495 1413 531 1447; x_wconf 76' lang='grc' dir='ltr'><strong>ι).</strong></span> <span class='ocrx_word' id='word_1_228' title='bbox 548 1412 725 1440; x_wconf 84' lang='lat' dir='ltr'><strong>considerare</strong></span> <span class='ocrx_word' id='word_1_229' title='bbox 742 1411 805 1438; x_wconf 88' lang='lat' dir='ltr'><strong>licet</strong></span> <span class='ocrx_word' id='word_1_230' title='bbox 818 1418 852 1438; x_wconf 77' lang='lat' dir='ltr'><strong>ex</strong></span> <span class='ocrx_word' id='word_1_231' title='bbox 868 1410 911 1437; x_wconf 87' lang='lat' dir='ltr'><strong>his</strong></span> <span class='ocrx_word' id='word_1_232' title='bbox 927 1409 1009 1437; x_wconf 84' lang='lat' dir='ltr'><strong>etiam</strong></span> 
     </span>
    </p>
   </div>
   <div class='ocr_carea' id='block_1_33' title="bbox 217 1457 1009 1491">
    <p class='ocr_par' dir='ltr' id='par_1_33' title="bbox 217 1457 1009 1491">
     <span class='ocr_line' id='line_1_33' title="bbox 217 1457 1009 1491; baseline -0.005 -5"><span class='ocrx_word' id='word_1_233' title='bbox 217 1460 383 1488; x_wconf 86' lang='lat' dir='ltr'><strong>dictionibus</strong></span> <span class='ocrx_word' id='word_1_234' title='bbox 396 1479 404 1491; x_wconf 86' lang='grc'><strong>,</strong></span> <span class='ocrx_word' id='word_1_235' title='bbox 432 1459 477 1487; x_wconf 90' lang='lat' dir='ltr'><strong>ubi</strong></span> <span class='ocrx_word' id='word_1_236' title='bbox 496 1458 653 1486; x_wconf 66' lang='lat' dir='ltr'><strong>Sadducaeis</strong></span> <span class='ocrx_word' id='word_1_237' title='bbox 678 1466 730 1486; x_wconf 92' lang='lat' dir='ltr'><strong>non</strong></span> <span class='ocrx_word' id='word_1_238' title='bbox 748 1457 925 1485; x_wconf 87' lang='lat' dir='ltr'><strong>credentibus</strong></span> <span class='ocrx_word' id='word_1_239' title='bbox 950 1464 1009 1483; x_wconf 84' lang='lat' dir='ltr'><strong>scr-</strong></span> 
     </span>
    </p>
   </div>
   <div class='ocr_carea' id='block_1_34' title="bbox 1060 207 1840 247">
    <p class='ocr_par' dir='ltr' id='par_1_34' title="bbox 1060 207 1840 247">
     <span class='ocr_line' id='line_1_34' title="bbox 1060 207 1840 247; baseline 0.004 -13"><span class='ocrx_word' id='word_1_240' title='bbox 1060 207 1098 234; x_wconf 86' lang='grc' dir='ltr'>ὣν</span> <span class='ocrx_word' id='word_1_241' title='bbox 1110 208 1234 235; x_wconf 84' lang='grc' dir='ltr'><strong>διδάσκει</strong></span> <span class='ocrx_word' id='word_1_242' title='bbox 1249 209 1324 244; x_wconf 71' lang='grc' dir='ltr'>ἡμᾶς</span> <span class='ocrx_word' id='word_1_243' title='bbox 1339 209 1386 236; x_wconf 80' lang='grc' dir='ltr'>τὸν</span> <span class='ocrx_word' id='word_1_244' title='bbox 1407 209 1533 246; x_wconf 72' lang='grc' dir='ltr'>Ἀϐραὰμ</span> <span class='ocrx_word' id='word_1_245' title='bbox 1546 210 1741 246; x_wconf 79' lang='grc' dir='ltr'>ἡγαλλιᾶσθαι,</span> <span class='ocrx_word' id='word_1_246' title='bbox 1755 212 1797 239; x_wconf 79' lang='grc' dir='ltr'><strong>ἴνα</strong></span> <span class='ocrx_word' id='word_1_247' title='bbox 1810 212 1840 247; x_wconf 62' lang='grc' dir='ltr'><strong>[δε</strong></span> 
     </span>
    </p>
   </div>
   <div class='ocr_carea' id='block_1_35' title="bbox 1061 254 1841 292">
    <p class='ocr_par' dir='ltr' id='par_1_35' title="bbox 1061 254 1841 292">
     <span class='ocr_line' id='line_1_35' title="bbox 1061 254 1841 292; baseline 0.004 -11"><span class='ocrx_word' id='word_1_248' title='bbox 1061 254 1110 290; x_wconf 85' lang='grc' dir='ltr'>τὴν</span> <span class='ocrx_word' id='word_1_249' title='bbox 1127 255 1234 290; x_wconf 80' lang='grc' dir='ltr'>ἡμέραν</span> <span class='ocrx_word' id='word_1_250' title='bbox 1248 255 1342 286; x_wconf 81' lang='grc' dir='ltr'>αὐτοῦ,</span> <span class='ocrx_word' id='word_1_251' title='bbox 1368 256 1416 282; x_wconf 77' lang='grc' dir='ltr'>καὶ</span> <span class='ocrx_word' id='word_1_252' title='bbox 1432 256 1461 282; x_wconf 79' lang='grc' dir='ltr'>ὲν</span> <span class='ocrx_word' id='word_1_253' title='bbox 1477 257 1550 292; x_wconf 82' lang='grc' dir='ltr'>χαρᾷ.</span> <span class='ocrx_word' id='word_1_254' title='bbox 1566 257 1721 291; x_wconf 86' lang='grc' dir='ltr'>γεγονέναι.</span> <span class='ocrx_word' id='word_1_255' title='bbox 1750 258 1801 284; x_wconf 70' lang='grc' dir='ltr'><strong>Καὶ</strong></span> <span class='ocrx_word' id='word_1_256' title='bbox 1819 259 1841 284; x_wconf 67' lang='grc' dir='ltr'><strong>τὸ</strong></span> 
     </span>
    </p>
   </div>
   <div class='ocr_carea' id='block_1_36' title="bbox 1062 301 1840 339">
    <p class='ocr_par' dir='ltr' id='par_1_36' title="bbox 1062 301 1840 339">
     <span class='ocr_line' id='line_1_36' title="bbox 1062 301 1840 339; baseline 0.004 -12"><span class='ocrx_word' id='word_1_257' title='bbox 1062 311 1072 326; x_wconf 75' lang='grc' dir='ltr'><strong>ι</strong></span> <span class='ocrx_word' id='word_1_258' title='bbox 1085 302 1132 328; x_wconf 81' lang='grc' dir='ltr'>Ἐκ</span> <span class='ocrx_word' id='word_1_259' title='bbox 1146 302 1194 328; x_wconf 86' lang='grc' dir='ltr'>τοῦ</span> <span class='ocrx_word' id='word_1_260' title='bbox 1204 301 1391 338; x_wconf 81' lang='grc' dir='ltr'><strong>πληρώματος</strong></span> <span class='ocrx_word' id='word_1_261' title='bbox 1399 302 1482 330; x_wconf 82' lang='grc' dir='ltr'>αὑτοῦ</span> <span class='ocrx_word' id='word_1_262' title='bbox 1489 304 1569 339; x_wconf 84' lang='grc' dir='ltr'><strong>ἡμεῖς</strong></span> <span class='ocrx_word' id='word_1_263' title='bbox 1579 304 1680 336; x_wconf 80' lang='grc' dir='ltr'>πάντες</span> <span class='ocrx_word' id='word_1_264' title='bbox 1694 304 1840 339; x_wconf 80' lang='grc' dir='ltr'>ἑλάϐομεν,ι</span> 
     </span>
    </p>
   </div>
   <div class='ocr_carea' id='block_1_37' title="bbox 1060 347 1842 386">
    <p class='ocr_par' dir='ltr' id='par_1_37' title="bbox 1060 347 1842 386">
     <span class='ocr_line' id='line_1_37' title="bbox 1060 347 1842 386; baseline 0.004 -12"><span class='ocrx_word' id='word_1_265' title='bbox 1060 347 1107 374; x_wconf 83' lang='grc' dir='ltr'>καὶ</span> <span class='ocrx_word' id='word_1_266' title='bbox 1119 347 1161 380; x_wconf 82' lang='grc' dir='ltr'>τὸ,</span> <span class='ocrx_word' id='word_1_267' title='bbox 1181 357 1191 373; x_wconf 77' lang='lat' dir='ltr'><strong>t</strong></span> <span class='ocrx_word' id='word_1_268' title='bbox 1206 348 1286 384; x_wconf 80' lang='grc' dir='ltr'><strong>χάριν</strong></span> <span class='ocrx_word' id='word_1_269' title='bbox 1299 348 1360 375; x_wconf 74' lang='grc' dir='ltr'>ἀντὶ</span> <span class='ocrx_word' id='word_1_270' title='bbox 1374 348 1494 384; x_wconf 80' lang='grc' dir='ltr'>χάριτος,</span> <span class='ocrx_word' id='word_1_271' title='bbox 1508 359 1517 375; x_wconf 71' lang='grc' dir='ltr'><strong>ι</strong></span> <span class='ocrx_word' id='word_1_272' title='bbox 1528 349 1566 381; x_wconf 84' lang='grc' dir='ltr'>ὡς</span> <span class='ocrx_word' id='word_1_273' title='bbox 1580 350 1609 376; x_wconf 81' lang='grc' dir='ltr'>ὲν</span> <span class='ocrx_word' id='word_1_274' title='bbox 1618 351 1676 382; x_wconf 85' lang='grc' dir='ltr'>τοῖς</span> <span class='ocrx_word' id='word_1_275' title='bbox 1691 350 1745 386; x_wconf 80' lang='grc' dir='ltr'><strong>πρὸ</strong></span> <span class='ocrx_word' id='word_1_276' title='bbox 1755 351 1842 377; x_wconf 65' lang='grc' dir='ltr'>τούτων</span> 
     </span>
    </p>
   </div>
   <div class='ocr_carea' id='block_1_38' title="bbox 1059 394 1842 432">
    <p class='ocr_par' dir='ltr' id='par_1_38' title="bbox 1059 394 1842 432">
     <span class='ocr_line' id='line_1_38' title="bbox 1059 394 1842 432; baseline 0.004 -12"><span class='ocrx_word' id='word_1_277' title='bbox 1059 394 1225 430; x_wconf 70' lang='grc' dir='ltr'>εἰρήκαμεν,</span> <span class='ocrx_word' id='word_1_278' title='bbox 1242 394 1317 430; x_wconf 89' lang='grc' dir='ltr'><strong>δηλοί</strong></span> <span class='ocrx_word' id='word_1_279' title='bbox 1333 396 1380 422; x_wconf 76' lang='grc' dir='ltr'><strong>καὶ</strong></span> <span class='ocrx_word' id='word_1_280' title='bbox 1395 396 1458 428; x_wconf 76' lang='grc' dir='ltr'>τοὺς</span> <span class='ocrx_word' id='word_1_281' title='bbox 1472 397 1617 432; x_wconf 78' lang='grc' dir='ltr'><strong>προφήτας</strong></span> <span class='ocrx_word' id='word_1_282' title='bbox 1635 396 1690 423; x_wconf 77' lang='grc' dir='ltr'><strong>ἀπὸ</strong></span> <span class='ocrx_word' id='word_1_283' title='bbox 1713 396 1762 423; x_wconf 77' lang='grc' dir='ltr'>τοῦ</span> <span class='ocrx_word' id='word_1_284' title='bbox 1786 397 1842 431; x_wconf 74' lang='grc' dir='ltr'>πλη-</span> 
     </span>
    </p>
   </div>
   <div class='ocr_carea' id='block_1_39' title="bbox 1061 441 1843 480">
    <p class='ocr_par' dir='ltr' id='par_1_39' title="bbox 1061 441 1843 480">
     <span class='ocr_line' id='line_1_39' title="bbox 1061 441 1843 480; baseline 0.003 -12"><span class='ocrx_word' id='word_1_285' title='bbox 1061 441 1187 476; x_wconf 79' lang='grc' dir='ltr'>ρώματος</span> <span class='ocrx_word' id='word_1_286' title='bbox 1202 441 1321 477; x_wconf 77' lang='grc' dir='ltr'><strong>Χριστοῦ</strong></span> <span class='ocrx_word' id='word_1_287' title='bbox 1339 442 1388 478; x_wconf 79' lang='grc' dir='ltr'>τὴν</span> <span class='ocrx_word' id='word_1_288' title='bbox 1405 442 1510 479; x_wconf 77' lang='grc' dir='ltr'>δωρεὰν</span> <span class='ocrx_word' id='word_1_289' title='bbox 1526 444 1728 480; x_wconf 81' lang='grc' dir='ltr'>κεχωρηκέναι,</span> <span class='ocrx_word' id='word_1_290' title='bbox 1745 444 1792 470; x_wconf 77' lang='grc' dir='ltr'>καὶ</span> <span class='ocrx_word' id='word_1_291' title='bbox 1805 444 1843 478; x_wconf 70' lang='grc' dir='ltr'>τὴν</span> 
     </span>
    </p>
   </div>
   <div class='ocr_carea' id='block_1_40' title="bbox 1059 488 1843 526">
    <p class='ocr_par' dir='ltr' id='par_1_40' title="bbox 1059 488 1843 526">
     <span class='ocr_line' id='line_1_40' title="bbox 1059 488 1843 526; baseline 0.003 -11"><span class='ocrx_word' id='word_1_292' title='bbox 1059 488 1187 523; x_wconf 83' lang='grc' dir='ltr'><strong>δευτέραν</strong></span> <span class='ocrx_word' id='word_1_293' title='bbox 1200 489 1281 524; x_wconf 75' lang='grc' dir='ltr'>χάριν</span> <span class='ocrx_word' id='word_1_294' title='bbox 1295 489 1355 516; x_wconf 81' lang='grc' dir='ltr'>ἀντὶ</span> <span class='ocrx_word' id='word_1_295' title='bbox 1366 490 1416 525; x_wconf 83' lang='grc' dir='ltr'>τῆς</span> <span class='ocrx_word' id='word_1_296' title='bbox 1433 490 1570 526; x_wconf 81' lang='grc' dir='ltr'>προτέρας</span> <span class='ocrx_word' id='word_1_297' title='bbox 1585 491 1685 523; x_wconf 80' lang='grc' dir='ltr'>αὐτοὺς</span> <span class='ocrx_word' id='word_1_298' title='bbox 1696 491 1843 526; x_wconf 65' lang='grc' dir='ltr'>εἰληςένιι·</span> 
     </span>
    </p>
   </div>
   <div class='ocr_carea' id='block_1_41' title="bbox 1060 535 1845 573">
    <p class='ocr_par' dir='ltr' id='par_1_41' title="bbox 1060 535 1845 573">
     <span class='ocr_line' id='line_1_41' title="bbox 1060 535 1845 573; baseline 0.004 -12"><span class='ocrx_word' id='word_1_299' title='bbox 1060 535 1226 569; x_wconf 74' lang='grc' dir='ltr'>ὲφθάκεισαν</span> <span class='ocrx_word' id='word_1_300' title='bbox 1242 535 1297 571; x_wconf 81' lang='grc' dir='ltr'><strong>γὰρ</strong></span> <span class='ocrx_word' id='word_1_301' title='bbox 1313 536 1434 562; x_wconf 83' lang='grc' dir='ltr'>κάκεῖνοι</span> <span class='ocrx_word' id='word_1_302' title='bbox 1451 536 1504 563; x_wconf 82' lang='grc' dir='ltr'>ὑπὸ</span> <span class='ocrx_word' id='word_1_303' title='bbox 1517 537 1564 563; x_wconf 84' lang='grc' dir='ltr'>τοῦ</span> <span class='ocrx_word' id='word_1_304' title='bbox 1580 537 1739 573; x_wconf 86' lang='grc' dir='ltr'>Πνεύματος</span> <span class='ocrx_word' id='word_1_305' title='bbox 1767 546 1845 572; x_wconf 71' lang='grc' dir='ltr'>χειρι-</span> 
     </span>
    </p>
   </div>
   <div class='ocr_carea' id='block_1_42' title="bbox 1059 580 1844 618">
    <p class='ocr_par' dir='ltr' id='par_1_42' title="bbox 1059 580 1844 618">
     <span class='ocr_line' id='line_1_42' title="bbox 1059 580 1844 618; baseline -0.001 -9"><span class='ocrx_word' id='word_1_306' title='bbox 1059 580 1229 617; x_wconf 82' lang='grc' dir='ltr'>γωγούμενοι</span> <span class='ocrx_word' id='word_1_307' title='bbox 1245 602 1252 614; x_wconf 90' lang='grc'><strong>,</strong></span> <span class='ocrx_word' id='word_1_308' title='bbox 1279 581 1349 617; x_wconf 74' lang='grc' dir='ltr'>μετὰ</span> <span class='ocrx_word' id='word_1_309' title='bbox 1370 581 1419 618; x_wconf 82' lang='grc' dir='ltr'>τὴν</span> <span class='ocrx_word' id='word_1_310' title='bbox 1436 583 1466 608; x_wconf 84' lang='grc' dir='ltr'>ὲν</span> <span class='ocrx_word' id='word_1_311' title='bbox 1484 584 1540 615; x_wconf 87' lang='grc' dir='ltr'>τοῖς</span> <span class='ocrx_word' id='word_1_312' title='bbox 1557 583 1654 615; x_wconf 81' lang='grc' dir='ltr'>τύποις</span> <span class='ocrx_word' id='word_1_313' title='bbox 1679 584 1844 618; x_wconf 68' lang='grc' dir='ltr'>εἰσαγωγὴν,</span> 
     </span>
    </p>
   </div>
   <div class='ocr_carea' id='block_1_43' title="bbox 1060 627 1845 664">
    <p class='ocr_par' dir='ltr' id='par_1_43' title="bbox 1060 627 1845 664">
     <span class='ocr_line' id='line_1_43' title="bbox 1060 627 1845 664; baseline 0.003 -11"><span class='ocrx_word' id='word_1_314' title='bbox 1060 627 1107 654; x_wconf 78' lang='grc' dir='ltr'><strong>ἐπὶ</strong></span> <span class='ocrx_word' id='word_1_315' title='bbox 1121 627 1170 663; x_wconf 80' lang='grc' dir='ltr'>τὴν</span> <span class='ocrx_word' id='word_1_316' title='bbox 1187 627 1237 662; x_wconf 57' lang='grc' dir='ltr'>τῆς</span> <span class='ocrx_word' id='word_1_317' title='bbox 1263 628 1393 664; x_wconf 80' lang='grc' dir='ltr'><strong>ἀληθείας</strong></span> <span class='ocrx_word' id='word_1_318' title='bbox 1412 629 1487 656; x_wconf 83' lang='grc' dir='ltr'>θέαν.</span> <span class='ocrx_word' id='word_1_319' title='bbox 1516 629 1617 664; x_wconf 84' lang='grc' dir='ltr'>Διόπερ</span> <span class='ocrx_word' id='word_1_320' title='bbox 1637 629 1668 656; x_wconf 84' lang='grc' dir='ltr'>οὐ</span> <span class='ocrx_word' id='word_1_321' title='bbox 1687 630 1790 661; x_wconf 71' lang='grc' dir='ltr'>πάντες</span> <span class='ocrx_word' id='word_1_322' title='bbox 1807 631 1845 655; x_wconf 71' lang='lat' dir='ltr'><strong>ui</strong></span> 
     </span>
    </p>
   </div>
   <div class='ocr_carea' id='block_1_44' title="bbox 1059 673 1845 711">
    <p class='ocr_par' dir='ltr' id='par_1_44' title="bbox 1059 673 1845 711">
     <span class='ocr_line' id='line_1_44' title="bbox 1059 673 1845 711; baseline 0.003 -12"><span class='ocrx_word' id='word_1_323' title='bbox 1059 674 1208 709; x_wconf 77' lang='grc' dir='ltr'>προφῆται,</span> <span class='ocrx_word' id='word_1_324' title='bbox 1223 673 1291 701; x_wconf 81' lang='grc' dir='ltr'>ἀλλὰ</span> <span class='ocrx_word' id='word_1_325' title='bbox 1308 675 1400 702; x_wconf 75' lang='grc' dir='ltr'>πολλοὶ</span> <span class='ocrx_word' id='word_1_326' title='bbox 1414 675 1592 711; x_wconf 78' lang='grc' dir='ltr'>ἐπεθύμησαν</span> <span class='ocrx_word' id='word_1_327' title='bbox 1611 675 1677 702; x_wconf 72' lang='grc' dir='ltr'>ἰδεῖν</span> <span class='ocrx_word' id='word_1_328' title='bbox 1687 674 1706 701; x_wconf 78' lang='grc' dir='ltr'>ἃ</span> <span class='ocrx_word' id='word_1_329' title='bbox 1722 685 1732 701; x_wconf 73' lang='grc' dir='ltr'><strong>ι</strong></span> <span class='ocrx_word' id='word_1_330' title='bbox 1748 676 1775 702; x_wconf 82' lang='grc' dir='ltr'>οἱ</span> <span class='ocrx_word' id='word_1_331' title='bbox 1789 676 1845 702; x_wconf 76' lang='grc' dir='ltr'>ἀπό-</span> 
     </span>
    </p>
   </div>
   <div class='ocr_carea' id='block_1_45' title="bbox 1062 719 1846 758">
    <p class='ocr_par' dir='ltr' id='par_1_45' title="bbox 1062 719 1846 758">
     <span class='ocr_line' id='line_1_45' title="bbox 1062 719 1846 758; baseline 0.005 -13"><span class='ocrx_word' id='word_1_332' title='bbox 1062 719 1152 746; x_wconf 81' lang='grc' dir='ltr'>στολοι</span> <span class='ocrx_word' id='word_1_333' title='bbox 1172 719 1296 747; x_wconf 77' lang='grc' dir='ltr'>ἔϐλεπον.</span> <span class='ocrx_word' id='word_1_334' title='bbox 1323 721 1355 747; x_wconf 75' lang='lat' dir='ltr'><strong>Ei</strong></span> <span class='ocrx_word' id='word_1_335' title='bbox 1371 721 1427 757; x_wconf 80' lang='grc' dir='ltr'>γὰρ</span> <span class='ocrx_word' id='word_1_336' title='bbox 1450 719 1484 757; x_wconf 80' lang='grc' dir='ltr'>ἦν</span> <span class='ocrx_word' id='word_1_337' title='bbox 1503 721 1652 758; x_wconf 77' lang='grc' dir='ltr'>προφητῶν</span> <span class='ocrx_word' id='word_1_338' title='bbox 1673 722 1808 758; x_wconf 72' lang='grc' dir='ltr'>διαφορὰ,</span> <span class='ocrx_word' id='word_1_339' title='bbox 1828 723 1846 748; x_wconf 63' lang='lat' dir='ltr'><strong>si</strong></span> 
     </span>
    </p>
   </div>
   <div class='ocr_carea' id='block_1_46' title="bbox 1060 768 1847 806">
    <p class='ocr_par' dir='ltr' id='par_1_46' title="bbox 1060 768 1847 806">
     <span class='ocr_line' id='line_1_46' title="bbox 1060 768 1847 806; baseline 0.003 -12"><span class='ocrx_word' id='word_1_340' title='bbox 1060 768 1263 804; x_wconf 77' lang='grc' dir='ltr'>τετελειωμένοι</span> <span class='ocrx_word' id='word_1_341' title='bbox 1279 768 1326 795; x_wconf 78' lang='grc' dir='ltr'>καὶ</span> <span class='ocrx_word' id='word_1_342' title='bbox 1342 768 1517 804; x_wconf 83' lang='grc' dir='ltr'>διαφέροντες</span> <span class='ocrx_word' id='word_1_343' title='bbox 1532 769 1582 796; x_wconf 75' lang='grc' dir='ltr'>οὐκ</span> <span class='ocrx_word' id='word_1_344' title='bbox 1598 770 1780 806; x_wconf 75' lang='grc' dir='ltr'><strong>ἐπεθύμησαν</strong></span> <span class='ocrx_word' id='word_1_345' title='bbox 1797 770 1847 796; x_wconf 69' lang='grc' dir='ltr'>ἰδεῖν</span> 
     </span>
    </p>
   </div>
   <div class='ocr_carea' id='block_1_47' title="bbox 1059 811 1847 852">
    <p class='ocr_par' dir='ltr' id='par_1_47' title="bbox 1059 811 1847 852">
     <span class='ocr_line' id='line_1_47' title="bbox 1059 811 1847 852; baseline 0.003 -13"><span class='ocrx_word' id='word_1_346' title='bbox 1059 813 1078 840; x_wconf 82' lang='grc' dir='ltr'>ἃ.</span> <span class='ocrx_word' id='word_1_347' title='bbox 1094 811 1164 840; x_wconf 72' lang='grc' dir='ltr'>εἶδον</span> <span class='ocrx_word' id='word_1_348' title='bbox 1184 814 1210 840; x_wconf 88' lang='grc' dir='ltr'>οἱ</span> <span class='ocrx_word' id='word_1_349' title='bbox 1231 814 1391 841; x_wconf 71' lang='grc' dir='ltr'>ἀπόστολοι*</span> <span class='ocrx_word' id='word_1_350' title='bbox 1421 815 1611 851; x_wconf 83' lang='grc' dir='ltr'>τεθεωρήκασι</span> <span class='ocrx_word' id='word_1_351' title='bbox 1636 816 1692 852; x_wconf 79' lang='grc' dir='ltr'><strong>γὰρ</strong></span> <span class='ocrx_word' id='word_1_352' title='bbox 1719 817 1800 844; x_wconf 72' lang='grc' dir='ltr'>αὑτά.</span> <span class='ocrx_word' id='word_1_353' title='bbox 1824 818 1847 842; x_wconf 85' lang='grc' dir='ltr'><strong>οἱ</strong></span> 
     </span>
    </p>
   </div>
   <div class='ocr_carea' id='block_1_48' title="bbox 1059 858 1849 897">
    <p class='ocr_par' dir='ltr' id='par_1_48' title="bbox 1059 858 1849 897">
     <span class='ocr_line' id='line_1_48' title="bbox 1059 858 1849 897; baseline 0.004 -12"><span class='ocrx_word' id='word_1_354' title='bbox 1059 858 1089 885; x_wconf 83' lang='grc' dir='ltr'>δὲ</span> <span class='ocrx_word' id='word_1_355' title='bbox 1106 859 1142 894; x_wconf 84' lang='grc' dir='ltr'>μὴ</span> <span class='ocrx_word' id='word_1_356' title='bbox 1160 859 1314 893; x_wconf 74' lang='grc' dir='ltr'>φθάσαντες</span> <span class='ocrx_word' id='word_1_357' title='bbox 1339 861 1441 896; x_wconf 77' lang='grc' dir='ltr'>όμοὶως</span> <span class='ocrx_word' id='word_1_358' title='bbox 1457 861 1562 893; x_wconf 75' lang='grc' dir='ltr'>τούτοις</span> <span class='ocrx_word' id='word_1_359' title='bbox 1584 863 1625 893; x_wconf 79' lang='lat' dir='ltr'><strong>ei;</strong></span> <span class='ocrx_word' id='word_1_360' title='bbox 1645 862 1676 888; x_wconf 79' lang='grc' dir='ltr'><strong>τὸ</strong></span> <span class='ocrx_word' id='word_1_361' title='bbox 1703 862 1771 897; x_wconf 53' lang='grc' dir='ltr'>ὕψος</span> <span class='ocrx_word' id='word_1_362' title='bbox 1797 863 1849 888; x_wconf 68' lang='grc' dir='ltr'>ἀνει-</span> 
     </span>
    </p>
   </div>
   <div class='ocr_carea' id='block_1_49' title="bbox 1061 905 1848 943">
    <p class='ocr_par' dir='ltr' id='par_1_49' title="bbox 1061 905 1848 943">
     <span class='ocr_line' id='line_1_49' title="bbox 1061 905 1848 943; baseline 0.003 -11"><span class='ocrx_word' id='word_1_363' title='bbox 1061 905 1142 941; x_wconf 81' lang='grc' dir='ltr'>ϐἦναι</span> <span class='ocrx_word' id='word_1_364' title='bbox 1158 905 1205 932; x_wconf 80' lang='grc' dir='ltr'>τοῦ</span> <span class='ocrx_word' id='word_1_365' title='bbox 1221 906 1311 941; x_wconf 82' lang='grc' dir='ltr'>λόγου,</span> <span class='ocrx_word' id='word_1_366' title='bbox 1326 908 1355 934; x_wconf 86' lang='grc' dir='ltr'>ὲν</span> <span class='ocrx_word' id='word_1_367' title='bbox 1367 907 1456 943; x_wconf 81' lang='grc' dir='ltr'>ὀρέξει</span> <span class='ocrx_word' id='word_1_368' title='bbox 1470 908 1598 942; x_wconf 85' lang='grc' dir='ltr'>γεγόνασι</span> <span class='ocrx_word' id='word_1_369' title='bbox 1606 908 1662 935; x_wconf 88' lang='grc' dir='ltr'><strong>τῶν</strong></span> <span class='ocrx_word' id='word_1_370' title='bbox 1671 909 1730 940; x_wconf 83' lang='grc' dir='ltr'>τοῖς</span> <span class='ocrx_word' id='word_1_371' title='bbox 1743 908 1848 935; x_wconf 70' lang='grc' dir='ltr'>ἀποστό-</span> 
     </span>
    </p>
   </div>
   <div class='ocr_carea' id='block_1_50' title="bbox 1060 951 1848 989">
    <p class='ocr_par' dir='ltr' id='par_1_50' title="bbox 1060 951 1848 989">
     <span class='ocr_line' id='line_1_50' title="bbox 1060 951 1848 989; baseline 0.003 -12"><span class='ocrx_word' id='word_1_372' title='bbox 1060 951 1117 984; x_wconf 83' lang='grc' dir='ltr'>λοις</span> <span class='ocrx_word' id='word_1_373' title='bbox 1130 952 1174 978; x_wconf 85' lang='grc' dir='ltr'><strong>διὰ</strong></span> <span class='ocrx_word' id='word_1_374' title='bbox 1190 953 1309 988; x_wconf 80' lang='grc' dir='ltr'>Χριστοῦ</span> <span class='ocrx_word' id='word_1_375' title='bbox 1324 953 1515 989; x_wconf 80' lang='grc' dir='ltr'>ἐγνωσμένων.</span> <span class='ocrx_word' id='word_1_376' title='bbox 1537 953 1574 980; x_wconf 75' lang='grc' dir='ltr'>Τὸ</span> <span class='ocrx_word' id='word_1_377' title='bbox 1602 954 1659 989; x_wconf 76' lang='grc' dir='ltr'><strong>γὰρ</strong></span> <span class='ocrx_word' id='word_1_378' title='bbox 1684 953 1762 981; x_wconf 74' lang='grc' dir='ltr'>ιδεῖν</span> <span class='ocrx_word' id='word_1_379' title='bbox 1779 955 1848 989; x_wconf 76' lang='grc' dir='ltr'>ἡμεῖς</span> 
     </span>
    </p>
   </div>
   <div class='ocr_carea' id='block_1_51' title="bbox 1059 998 1849 1035">
    <p class='ocr_par' dir='ltr' id='par_1_51' title="bbox 1059 998 1849 1035">
     <span class='ocr_line' id='line_1_51' title="bbox 1059 998 1849 1035; baseline 0.001 -11"><span class='ocrx_word' id='word_1_380' title='bbox 1059 998 1090 1024; x_wconf 73' lang='grc' dir='ltr'><strong>οὐ</strong></span> <span class='ocrx_word' id='word_1_381' title='bbox 1105 999 1268 1033; x_wconf 85' lang='grc' dir='ltr'>σωματικῶς</span> <span class='ocrx_word' id='word_1_382' title='bbox 1291 999 1417 1035; x_wconf 74' lang='grc' dir='ltr'>εἰρῆσθαι</span> <span class='ocrx_word' id='word_1_383' title='bbox 1439 999 1634 1035; x_wconf 77' lang='grc' dir='ltr'>ὲξειλήφαμεν,</span> <span class='ocrx_word' id='word_1_384' title='bbox 1655 1000 1703 1027; x_wconf 65' lang='grc' dir='ltr'>καὶ</span> <span class='ocrx_word' id='word_1_385' title='bbox 1719 1000 1750 1026; x_wconf 80' lang='grc' dir='ltr'>τὸ</span> <span class='ocrx_word' id='word_1_386' title='bbox 1769 1000 1849 1027; x_wconf 68' lang='grc' dir='ltr'>ἀκοῦ-</span> 
     </span>
    </p>
   </div>
   <div class='ocr_carea' id='block_1_52' title="bbox 1060 1045 1850 1082">
    <p class='ocr_par' dir='ltr' id='par_1_52' title="bbox 1060 1045 1850 1082">
     <span class='ocr_line' id='line_1_52' title="bbox 1060 1045 1850 1082; baseline 0 -11"><span class='ocrx_word' id='word_1_387' title='bbox 1060 1052 1114 1071; x_wconf 80' lang='grc' dir='ltr'><strong>σαι</strong></span> <span class='ocrx_word' id='word_1_388' title='bbox 1135 1045 1328 1080; x_wconf 85' lang='grc' dir='ltr'>πνευματικῶς</span> <span class='ocrx_word' id='word_1_389' title='bbox 1342 1045 1581 1081; x_wconf 82' lang='grc' dir='ltr'>ἀπαγγελλόμενον</span> <span class='ocrx_word' id='word_1_390' title='bbox 1600 1047 1786 1082; x_wconf 74' lang='grc' dir='ltr'>νενοήκαμεν,</span> <span class='ocrx_word' id='word_1_391' title='bbox 1811 1046 1850 1080; x_wconf 73' lang='grc' dir='ltr'>μό-</span> 
     </span>
    </p>
   </div>
   <div class='ocr_carea' id='block_1_53' title="bbox 1060 1088 1850 1128">
    <p class='ocr_par' dir='ltr' id='par_1_53' title="bbox 1060 1088 1850 1128">
     <span class='ocr_line' id='line_1_53' title="bbox 1060 1088 1850 1128; baseline 0 -11"><span class='ocrx_word' id='word_1_392' title='bbox 1060 1099 1106 1117; x_wconf 85' lang='grc' dir='ltr'><strong>νου</strong></span> <span class='ocrx_word' id='word_1_393' title='bbox 1122 1090 1170 1117; x_wconf 80' lang='grc' dir='ltr'><strong>τοῦ</strong></span> <span class='ocrx_word' id='word_1_394' title='bbox 1186 1088 1243 1118; x_wconf 81' lang='grc' dir='ltr'>ὦτα</span> <span class='ocrx_word' id='word_1_395' title='bbox 1267 1091 1439 1127; x_wconf 82' lang='grc' dir='ltr'>κτησαμένου</span> <span class='ocrx_word' id='word_1_396' title='bbox 1465 1091 1575 1118; x_wconf 80' lang='grc' dir='ltr'>ἀκούειν</span> <span class='ocrx_word' id='word_1_397' title='bbox 1596 1092 1850 1128; x_wconf 66' lang='grc' dir='ltr'>παρεσκευασμένου</span> 
     </span>
    </p>
   </div>
   <div class='ocr_carea' id='block_1_54' title="bbox 1059 1137 1849 1176">
    <p class='ocr_par' dir='ltr' id='par_1_54' title="bbox 1059 1137 1849 1176">
     <span class='ocr_line' id='line_1_54' title="bbox 1059 1137 1849 1176; baseline 0 -13"><span class='ocrx_word' id='word_1_398' title='bbox 1059 1137 1113 1163; x_wconf 85' lang='grc' dir='ltr'><strong>τῶν</strong></span> <span class='ocrx_word' id='word_1_399' title='bbox 1127 1137 1216 1171; x_wconf 88' lang='grc' dir='ltr'>λόγων</span> <span class='ocrx_word' id='word_1_400' title='bbox 1231 1137 1278 1163; x_wconf 80' lang='grc' dir='ltr'>τοῦ</span> <span class='ocrx_word' id='word_1_401' title='bbox 1291 1137 1378 1173; x_wconf 87' lang='grc' dir='ltr'><strong>Ἰησοῦ</strong></span> <span class='ocrx_word' id='word_1_402' title='bbox 1389 1147 1396 1153; x_wconf 90' lang='grc'>·</span> <span class='ocrx_word' id='word_1_403' title='bbox 1410 1138 1480 1173; x_wconf 84' lang='grc' dir='ltr'>ὅπερ</span> <span class='ocrx_word' id='word_1_404' title='bbox 1493 1139 1524 1164; x_wconf 80' lang='grc' dir='ltr'>οὐ</span> <span class='ocrx_word' id='word_1_405' title='bbox 1535 1138 1606 1165; x_wconf 79' lang='grc' dir='ltr'>πάνυ</span> <span class='ocrx_word' id='word_1_406' title='bbox 1620 1138 1729 1176; x_wconf 78' lang='grc' dir='ltr'>ἀθρόως</span> <span class='ocrx_word' id='word_1_407' title='bbox 1744 1139 1849 1174; x_wconf 69' lang='grc' dir='ltr'>γίνεται.</span> 
     </span>
    </p>
   </div>
   <div class='ocr_carea' id='block_1_55' title="bbox 1063 1181 1851 1219">
    <p class='ocr_par' dir='ltr' id='par_1_55' title="bbox 1063 1181 1851 1219">
     <span class='ocr_line' id='line_1_55' title="bbox 1063 1181 1851 1219; baseline 0.001 -11"><span class='ocrx_word' id='word_1_408' title='bbox 1063 1182 1125 1208; x_wconf 86' lang='grc' dir='ltr'>Ἔτι</span> <span class='ocrx_word' id='word_1_409' title='bbox 1145 1181 1174 1208; x_wconf 83' lang='grc' dir='ltr'>δὲ</span> <span class='ocrx_word' id='word_1_410' title='bbox 1198 1182 1262 1218; x_wconf 77' lang='grc' dir='ltr'>περὶ</span> <span class='ocrx_word' id='word_1_411' title='bbox 1289 1182 1337 1209; x_wconf 74' lang='grc' dir='ltr'><strong>τοῦ</strong></span> <span class='ocrx_word' id='word_1_412' title='bbox 1356 1183 1420 1214; x_wconf 80' lang='grc' dir='ltr'>τοὺς</span> <span class='ocrx_word' id='word_1_413' title='bbox 1437 1183 1491 1217; x_wconf 82' lang='grc' dir='ltr'>πρὸ</span> <span class='ocrx_word' id='word_1_414' title='bbox 1514 1183 1565 1219; x_wconf 83' lang='grc' dir='ltr'>τῆς</span> <span class='ocrx_word' id='word_1_415' title='bbox 1586 1183 1751 1218; x_wconf 80' lang='grc' dir='ltr'>σωματικῆς</span> <span class='ocrx_word' id='word_1_416' title='bbox 1768 1184 1851 1217; x_wconf 65' lang='grc' dir='ltr'>ἐπιδη-</span> 
     </span>
    </p>
   </div>
   <div class='ocr_carea' id='block_1_56' title="bbox 1062 1228 1852 1264">
    <p class='ocr_par' dir='ltr' id='par_1_56' title="bbox 1062 1228 1852 1264">
     <span class='ocr_line' id='line_1_56' title="bbox 1062 1228 1852 1264; baseline -0.001 -9"><span class='ocrx_word' id='word_1_417' title='bbox 1062 1228 1128 1263; x_wconf 82' lang='grc' dir='ltr'>μίας</span> <span class='ocrx_word' id='word_1_418' title='bbox 1154 1228 1201 1255; x_wconf 81' lang='grc' dir='ltr'>τοῦ</span> <span class='ocrx_word' id='word_1_419' title='bbox 1223 1228 1312 1264; x_wconf 82' lang='grc' dir='ltr'>Ἰησοῦ</span> <span class='ocrx_word' id='word_1_420' title='bbox 1336 1229 1431 1263; x_wconf 85' lang='grc' dir='ltr'>ἁγίους</span> <span class='ocrx_word' id='word_1_421' title='bbox 1446 1249 1453 1261; x_wconf 87' lang='grc'><strong>,</strong></span> <span class='ocrx_word' id='word_1_422' title='bbox 1470 1229 1551 1256; x_wconf 80' lang='grc' dir='ltr'>πλέον</span> <span class='ocrx_word' id='word_1_423' title='bbox 1566 1238 1593 1256; x_wconf 90' lang='grc' dir='ltr'><strong>τι</strong></span> <span class='ocrx_word' id='word_1_424' title='bbox 1607 1229 1663 1256; x_wconf 87' lang='grc' dir='ltr'><strong>τῶν</strong></span> <span class='ocrx_word' id='word_1_425' title='bbox 1679 1230 1788 1256; x_wconf 78' lang='grc' dir='ltr'>πολλῶν</span> <span class='ocrx_word' id='word_1_426' title='bbox 1807 1230 1852 1256; x_wconf 67' lang='grc' dir='ltr'>τῦιν</span> 
     </span>
    </p>
   </div>
   <div class='ocr_carea' id='block_1_57' title="bbox 1060 1274 1851 1312">
    <p class='ocr_par' dir='ltr' id='par_1_57' title="bbox 1060 1274 1851 1312">
     <span class='ocr_line' id='line_1_57' title="bbox 1060 1274 1851 1312; baseline 0.003 -12"><span class='ocrx_word' id='word_1_427' title='bbox 1060 1274 1244 1301; x_wconf 82' lang='grc' dir='ltr'>πιστευόντων</span> <span class='ocrx_word' id='word_1_428' title='bbox 1270 1275 1424 1310; x_wconf 76' lang='grc' dir='ltr'>ἐσχηκότας</span> <span class='ocrx_word' id='word_1_429' title='bbox 1438 1295 1445 1307; x_wconf 88' lang='grc'><strong>,</strong></span> <span class='ocrx_word' id='word_1_430' title='bbox 1467 1275 1503 1302; x_wconf 85' lang='grc' dir='ltr'><strong>τὰ</strong></span> <span class='ocrx_word' id='word_1_431' title='bbox 1522 1276 1573 1311; x_wconf 86' lang='grc' dir='ltr'>τῆς</span> <span class='ocrx_word' id='word_1_432' title='bbox 1595 1276 1736 1311; x_wconf 72' lang='grc' dir='ltr'>θειότητος</span> <span class='ocrx_word' id='word_1_433' title='bbox 1756 1277 1851 1312; x_wconf 75' lang='grc' dir='ltr'>μυστή-</span> 
     </span>
    </p>
   </div>
   <div class='ocr_carea' id='block_1_58' title="bbox 1062 1321 1853 1357">
    <p class='ocr_par' dir='ltr' id='par_1_58' title="bbox 1062 1321 1853 1357">
     <span class='ocr_line' id='line_1_58' title="bbox 1062 1321 1853 1357; baseline 0.004 -10"><span class='ocrx_word' id='word_1_434' title='bbox 1062 1330 1107 1356; x_wconf 89' lang='grc' dir='ltr'><strong>ρια</strong></span> <span class='ocrx_word' id='word_1_435' title='bbox 1123 1321 1363 1357; x_wconf 84' lang='grc' dir='ltr'>κατανενοηκέναι,</span> <span class='ocrx_word' id='word_1_436' title='bbox 1377 1322 1425 1349; x_wconf 84' lang='grc' dir='ltr'>τοῦ</span> <span class='ocrx_word' id='word_1_437' title='bbox 1440 1322 1527 1357; x_wconf 90' lang='grc' dir='ltr'>Λόγου</span> <span class='ocrx_word' id='word_1_438' title='bbox 1544 1323 1590 1349; x_wconf 82' lang='grc' dir='ltr'>τοῦ</span> <span class='ocrx_word' id='word_1_439' title='bbox 1604 1323 1674 1350; x_wconf 84' lang='grc' dir='ltr'>Θεοῦ</span> <span class='ocrx_word' id='word_1_440' title='bbox 1687 1323 1853 1354; x_wconf 72' lang='grc' dir='ltr'>διδάσκοντος</span> 
     </span>
    </p>
   </div>
   <div class='ocr_carea' id='block_1_59' title="bbox 1060 1368 1853 1405">
    <p class='ocr_par' dir='ltr' id='par_1_59' title="bbox 1060 1368 1853 1405">
     <span class='ocr_line' id='line_1_59' title="bbox 1060 1368 1853 1405; baseline 0.003 -11"><span class='ocrx_word' id='word_1_441' title='bbox 1060 1368 1169 1400; x_wconf 82' lang='grc' dir='ltr'>αὐτοὺς,</span> <span class='ocrx_word' id='word_1_442' title='bbox 1190 1368 1238 1394; x_wconf 77' lang='grc' dir='ltr'>καὶ</span> <span class='ocrx_word' id='word_1_443' title='bbox 1257 1369 1323 1404; x_wconf 79' lang='grc' dir='ltr'>πρὶν</span> <span class='ocrx_word' id='word_1_444' title='bbox 1342 1368 1455 1405; x_wconf 85' lang='grc' dir='ltr'>γένηται</span> <span class='ocrx_word' id='word_1_445' title='bbox 1480 1368 1549 1404; x_wconf 80' lang='grc' dir='ltr'>σάρξ</span> <span class='ocrx_word' id='word_1_446' title='bbox 1571 1369 1630 1402; x_wconf 67' lang='grc' dir='ltr'>(ἀεὶ</span> <span class='ocrx_word' id='word_1_447' title='bbox 1643 1369 1699 1405; x_wconf 78' lang='grc' dir='ltr'><strong>γὰρ</strong></span> <span class='ocrx_word' id='word_1_448' title='bbox 1715 1370 1853 1405; x_wconf 76' lang='grc' dir='ltr'>εἰργάζετο</span> 
     </span>
    </p>
   </div>
   <div class='ocr_carea' id='block_1_60' title="bbox 1063 1411 1853 1450">
    <p class='ocr_par' dir='ltr' id='par_1_60' title="bbox 1063 1411 1853 1450">
     <span class='ocr_line' id='line_1_60' title="bbox 1063 1411 1853 1450; baseline 0.004 -11"><span class='ocrx_word' id='word_1_449' title='bbox 1063 1413 1187 1449; x_wconf 84' lang='grc' dir='ltr'>μιμητὴς</span> <span class='ocrx_word' id='word_1_450' title='bbox 1200 1413 1248 1440; x_wconf 81' lang='grc' dir='ltr'>τοῦ</span> <span class='ocrx_word' id='word_1_451' title='bbox 1260 1414 1366 1449; x_wconf 78' lang='grc' dir='ltr'>Πατρὸς</span> <span class='ocrx_word' id='word_1_452' title='bbox 1380 1414 1428 1447; x_wconf 84' lang='grc' dir='ltr'>ὣν,</span> <span class='ocrx_word' id='word_1_453' title='bbox 1447 1414 1512 1450; x_wconf 83' lang='grc' dir='ltr'>περὶ</span> <span class='ocrx_word' id='word_1_454' title='bbox 1526 1411 1556 1441; x_wconf 79' lang='grc' dir='ltr'>οὖ</span> <span class='ocrx_word' id='word_1_455' title='bbox 1573 1415 1664 1449; x_wconf 84' lang='grc' dir='ltr'>λέγει·</span> <span class='ocrx_word' id='word_1_456' title='bbox 1686 1424 1696 1440; x_wconf 68' lang='grc' dir='ltr'><strong>ι</strong></span> <span class='ocrx_word' id='word_1_457' title='bbox 1719 1415 1750 1441; x_wconf 84' lang='lat'>&#39;0</span> <span class='ocrx_word' id='word_1_458' title='bbox 1767 1416 1853 1450; x_wconf 67' lang='grc' dir='ltr'>Πατήρ</span> 
     </span>
    </p>
   </div>
   <div class='ocr_carea' id='block_1_61' title="bbox 1062 1459 1853 1496">
    <p class='ocr_par' dir='ltr' id='par_1_61' title="bbox 1062 1459 1853 1496">
     <span class='ocr_line' id='line_1_61' title="bbox 1062 1459 1853 1496; baseline 0.001 -10"><span class='ocrx_word' id='word_1_459' title='bbox 1062 1468 1114 1493; x_wconf 87' lang='grc' dir='ltr'><strong>μου</strong></span> <span class='ocrx_word' id='word_1_460' title='bbox 1148 1459 1202 1491; x_wconf 77' lang='grc' dir='ltr'>ἕως</span> <span class='ocrx_word' id='word_1_461' title='bbox 1235 1460 1298 1496; x_wconf 82' lang='grc' dir='ltr'>ἄρτι</span> <span class='ocrx_word' id='word_1_462' title='bbox 1324 1459 1471 1496; x_wconf 78' lang='grc' dir='ltr'>ἐργάζεται</span> <span class='ocrx_word' id='word_1_463' title='bbox 1495 1461 1619 1496; x_wconf 80' lang='grc' dir='ltr'>ι),ἔστιν</span> <span class='ocrx_word' id='word_1_464' title='bbox 1645 1462 1853 1496; x_wconf 71' lang='grc' dir='ltr'>ἀπολσγὶταςὺαι</span> 
     </span>
    </p>
   </div>
   <div class='ocr_carea' id='block_1_62' title="bbox 219 1501 996 1543">
    <p class='ocr_par' dir='ltr' id='par_1_62' title="bbox 219 1501 993 1538">
     <span class='ocr_line' id='line_1_62' title="bbox 219 1501 993 1538; baseline -0.006 -6"><span class='ocrx_word' id='word_1_465' title='bbox 219 1506 293 1532; x_wconf 90' lang='lat' dir='ltr'><strong>moni</strong></span> <span class='ocrx_word' id='word_1_466' title='bbox 322 1505 356 1532; x_wconf 92' lang='lat' dir='ltr'><strong>de</strong></span> <span class='ocrx_word' id='word_1_467' title='bbox 383 1504 586 1532; x_wconf 85' lang='lat' dir='ltr'><strong>resurrectione</strong></span> <span class='ocrx_word' id='word_1_468' title='bbox 613 1504 701 1538; x_wconf 78' lang='lat' dir='ltr'><strong>inquit</strong></span> <span class='ocrx_word' id='word_1_469' title='bbox 719 1503 739 1518; x_wconf 86' lang='grc'><strong>¹⁷</strong></span> <span class='ocrx_word' id='word_1_470' title='bbox 760 1511 767 1530; x_wconf 86' lang='lat'><strong>:</strong></span> <span class='ocrx_word' id='word_1_471' title='bbox 786 1512 795 1528; x_wconf 74' lang='grc' dir='ltr'><strong>ι</strong></span> <span class='ocrx_word' id='word_1_472' title='bbox 816 1502 874 1529; x_wconf 82' lang='lat' dir='ltr'><strong>Non</strong></span> <span class='ocrx_word' id='word_1_473' title='bbox 905 1501 993 1536; x_wconf 72' lang='lat' dir='ltr'><strong>legisti</strong></span> 
     </span>
    </p>
   </div>
   <div class='ocr_carea' id='block_1_63' title="bbox 1094 1501 1853 1543">
    <p class='ocr_par' dir='ltr' id='par_1_63' title="bbox 1094 1505 1853 1543">
     <span class='ocr_line' id='line_1_63' title="bbox 1094 1505 1853 1543; baseline 0.004 -12"><span class='ocrx_word' id='word_1_474' title='bbox 1094 1505 1108 1531; x_wconf 75' lang='lat' dir='ltr'><strong>Li</strong></span> <span class='ocrx_word' id='word_1_475' title='bbox 1133 1505 1187 1531; x_wconf 82' lang='grc' dir='ltr'>ἀπὸ</span> <span class='ocrx_word' id='word_1_476' title='bbox 1209 1505 1312 1532; x_wconf 79' lang='grc' dir='ltr'>τούτων</span> <span class='ocrx_word' id='word_1_477' title='bbox 1330 1506 1385 1532; x_wconf 87' lang='grc' dir='ltr'><strong>τῶν</strong></span> <span class='ocrx_word' id='word_1_478' title='bbox 1407 1505 1519 1538; x_wconf 84' lang='grc' dir='ltr'>λέξεων·</span> <span class='ocrx_word' id='word_1_479' title='bbox 1538 1506 1605 1541; x_wconf 85' lang='grc' dir='ltr'>φησί</span> <span class='ocrx_word' id='word_1_480' title='bbox 1625 1515 1679 1534; x_wconf 86' lang='grc' dir='ltr'><strong>που</strong></span> <span class='ocrx_word' id='word_1_481' title='bbox 1706 1508 1778 1543; x_wconf 82' lang='grc' dir='ltr'>πρὸς</span> <span class='ocrx_word' id='word_1_482' title='bbox 1801 1508 1853 1537; x_wconf 60' lang='grc' dir='ltr'>τοῖς</span> 
     </span>
    </p>
   </div>
   <div class='ocr_carea' id='block_1_64' title="bbox 218 1548 1010 1587">
    <p class='ocr_par' dir='ltr' id='par_1_64' title="bbox 218 1548 1010 1587">
     <span class='ocr_line' id='line_1_64' title="bbox 218 1548 1010 1587; baseline -0.005 -9"><span class='ocrx_word' id='word_1_483' title='bbox 218 1552 289 1587; x_wconf 92' lang='lat' dir='ltr'><strong>quod</strong></span> <span class='ocrx_word' id='word_1_484' title='bbox 305 1551 377 1579; x_wconf 88' lang='lat' dir='ltr'><strong>Deus</strong></span> <span class='ocrx_word' id='word_1_485' title='bbox 393 1551 420 1578; x_wconf 91' lang='lat' dir='ltr'><strong>in</strong></span> <span class='ocrx_word' id='word_1_486' title='bbox 435 1550 502 1578; x_wconf 89' lang='lat' dir='ltr'><strong>rubo</strong></span> <span class='ocrx_word' id='word_1_487' title='bbox 515 1549 584 1577; x_wconf 73' lang='lat' dir='ltr'><strong>dixit</strong></span> <span class='ocrx_word' id='word_1_488' title='bbox 600 1557 607 1577; x_wconf 88' lang='lat'><strong>:</strong></span> <span class='ocrx_word' id='word_1_489' title='bbox 625 1550 680 1585; x_wconf 76' lang='lat' dir='ltr'><strong>Ego</strong></span> <span class='ocrx_word' id='word_1_490' title='bbox 695 1558 754 1577; x_wconf 89' lang='lat' dir='ltr'><strong>sum</strong></span> <span class='ocrx_word' id='word_1_491' title='bbox 771 1549 842 1576; x_wconf 88' lang='lat' dir='ltr'><strong>Deus</strong></span> <span class='ocrx_word' id='word_1_492' title='bbox 856 1548 1010 1580; x_wconf 86' lang='lat' dir='ltr'><strong>Abraham,</strong></span> 
     </span>
    </p>
   </div>
   <div class='ocr_carea' id='block_1_65' title="bbox 218 1598 1011 1628">
    <p class='ocr_par' dir='ltr' id='par_1_65' title="bbox 218 1598 1011 1628">
     <span class='ocr_line' id='line_1_65' title="bbox 218 1598 1011 1628; baseline -0.008 -1"><span class='ocrx_word' id='word_1_493' title='bbox 218 1600 290 1628; x_wconf 87' lang='lat' dir='ltr'><strong>Deus</strong></span> <span class='ocrx_word' id='word_1_494' title='bbox 305 1600 379 1627; x_wconf 82' lang='lat' dir='ltr'><strong>Isaac</strong></span> <span class='ocrx_word' id='word_1_495' title='bbox 405 1603 433 1626; x_wconf 82' lang='lat' dir='ltr'><strong>et</strong></span> <span class='ocrx_word' id='word_1_496' title='bbox 448 1599 519 1626; x_wconf 86' lang='lat' dir='ltr'><strong>Deus</strong></span> <span class='ocrx_word' id='word_1_497' title='bbox 531 1598 637 1626; x_wconf 83' lang='lat' dir='ltr'><strong>Jacob?</strong></span> <span class='ocrx_word' id='word_1_498' title='bbox 654 1599 723 1625; x_wconf 84' lang='lat' dir='ltr'><strong>Deus</strong></span> <span class='ocrx_word' id='word_1_499' title='bbox 738 1605 802 1624; x_wconf 82' lang='lat' dir='ltr'><strong>vero</strong></span> <span class='ocrx_word' id='word_1_500' title='bbox 817 1604 869 1624; x_wconf 90' lang='lat' dir='ltr'><strong>non</strong></span> <span class='ocrx_word' id='word_1_501' title='bbox 883 1601 927 1623; x_wconf 84' lang='lat' dir='ltr'><strong>est</strong></span> <span class='ocrx_word' id='word_1_502' title='bbox 938 1602 1011 1622; x_wconf 83' lang='lat' dir='ltr'><strong>mor—</strong></span> 
     </span>
    </p>
   </div>
   <div class='ocr_carea' id='block_1_66' title="bbox 219 1642 1011 1678">
    <p class='ocr_par' dir='ltr' id='par_1_66' title="bbox 219 1642 1011 1678">
     <span class='ocr_line' id='line_1_66' title="bbox 219 1642 1011 1678; baseline -0.009 -4"><span class='ocrx_word' id='word_1_503' title='bbox 219 1653 339 1678; x_wconf 90' lang='lat' dir='ltr'><strong>tuorum,</strong></span> <span class='ocrx_word' id='word_1_504' title='bbox 359 1646 406 1673; x_wconf 89' lang='lat' dir='ltr'><strong>sed</strong></span> <span class='ocrx_word' id='word_1_505' title='bbox 423 1645 583 1674; x_wconf 81' lang='lat' dir='ltr'><strong>viventium.</strong></span> <span class='ocrx_word' id='word_1_506' title='bbox 605 1653 614 1670; x_wconf 75' lang='grc' dir='ltr'><strong>ι</strong></span> <span class='ocrx_word' id='word_1_507' title='bbox 633 1644 663 1672; x_wconf 90' lang='lat' dir='ltr'><strong>Si</strong></span> <span class='ocrx_word' id='word_1_508' title='bbox 680 1644 761 1678; x_wconf 75' lang='lat' dir='ltr'><strong>igitur</strong></span> <span class='ocrx_word' id='word_1_509' title='bbox 782 1642 866 1670; x_wconf 87' lang='lat' dir='ltr'><strong>Deum</strong></span> <span class='ocrx_word' id='word_1_510' title='bbox 891 1649 944 1668; x_wconf 90' lang='lat' dir='ltr'><strong>non</strong></span> <span class='ocrx_word' id='word_1_511' title='bbox 960 1648 1011 1675; x_wconf 92' lang='lat' dir='ltr'><strong>pu-</strong></span> 
     </span>
    </p>
   </div>
   <div class='ocr_carea' id='block_1_67' title="bbox 217 1688 1011 1724">
    <p class='ocr_par' dir='ltr' id='par_1_67' title="bbox 217 1688 1011 1724">
     <span class='ocr_line' id='line_1_67' title="bbox 217 1688 1011 1724; baseline -0.008 -5"><span class='ocrx_word' id='word_1_512' title='bbox 217 1694 264 1721; x_wconf 86' lang='lat' dir='ltr'><strong>det</strong></span> <span class='ocrx_word' id='word_1_513' title='bbox 277 1692 398 1720; x_wconf 89' lang='lat' dir='ltr'><strong>virorum</strong></span> <span class='ocrx_word' id='word_1_514' title='bbox 415 1693 510 1719; x_wconf 88' lang='lat' dir='ltr'><strong>horum</strong></span> <span class='ocrx_word' id='word_1_515' title='bbox 527 1691 616 1718; x_wconf 81' lang='lat' dir='ltr'><strong>vocari</strong></span> <span class='ocrx_word' id='word_1_516' title='bbox 634 1690 731 1722; x_wconf 83' lang='lat' dir='ltr'><strong>Deum,</strong></span> <span class='ocrx_word' id='word_1_517' title='bbox 757 1689 840 1724; x_wconf 85' lang='lat' dir='ltr'><strong>hique</strong></span> <span class='ocrx_word' id='word_1_518' title='bbox 866 1688 915 1715; x_wconf 89' lang='lat' dir='ltr'><strong>viri</strong></span> <span class='ocrx_word' id='word_1_519' title='bbox 939 1688 1011 1714; x_wconf 72' lang='lat' dir='ltr'><strong>inter</strong></span> 
     </span>
    </p>
   </div>
   <div class='ocr_carea' id='block_1_68' title="bbox 219 1735 1011 1770">
    <p class='ocr_par' dir='ltr' id='par_1_68' title="bbox 219 1735 1011 1770">
     <span class='ocr_line' id='line_1_68' title="bbox 219 1735 1011 1770; baseline -0.006 -5"><span class='ocrx_word' id='word_1_520' title='bbox 219 1739 343 1766; x_wconf 77' lang='lat' dir='ltr'><strong>\iventes</strong></span> <span class='ocrx_word' id='word_1_521' title='bbox 360 1746 376 1766; x_wconf 87' lang='lat' dir='ltr'><strong>a</strong></span> <span class='ocrx_word' id='word_1_522' title='bbox 391 1738 447 1766; x_wconf 91' lang='lat' dir='ltr'><strong>Deo</strong></span> <span class='ocrx_word' id='word_1_523' title='bbox 468 1742 657 1768; x_wconf 86' lang='lat' dir='ltr'><strong>numerantur,</strong></span> <span class='ocrx_word' id='word_1_524' title='bbox 675 1736 778 1770; x_wconf 84' lang='lat' dir='ltr'><strong>ﬁliique</strong></span> <span class='ocrx_word' id='word_1_525' title='bbox 792 1735 931 1762; x_wconf 79' lang='lat' dir='ltr'><strong>Abraham</strong></span> <span class='ocrx_word' id='word_1_526' title='bbox 946 1738 1011 1760; x_wconf 87' lang='lat' dir='ltr'><strong>sunt</strong></span> 
     </span>
    </p>
   </div>
   <div class='ocr_carea' id='block_1_69' title="bbox 217 1779 1010 1819">
    <p class='ocr_par' dir='ltr' id='par_1_69' title="bbox 217 1779 1010 1819">
     <span class='ocr_line' id='line_1_69' title="bbox 217 1779 1010 1819; baseline -0.01 -6"><span class='ocrx_word' id='word_1_527' title='bbox 217 1793 314 1814; x_wconf 89' lang='lat' dir='ltr'><strong>omnes</strong></span> <span class='ocrx_word' id='word_1_528' title='bbox 337 1785 480 1813; x_wconf 82' lang='lat' dir='ltr'><strong>credentes</strong></span> <span class='ocrx_word' id='word_1_529' title='bbox 495 1783 517 1799; x_wconf 87' lang='lat'>&quot;</span> <span class='ocrx_word' id='word_1_530' title='bbox 532 1782 764 1819; x_wconf 88' lang='lat' dir='ltr'><strong>(quandoquidem</strong></span> <span class='ocrx_word' id='word_1_531' title='bbox 790 1781 816 1808; x_wconf 94' lang='lat' dir='ltr'><strong>in</strong></span> <span class='ocrx_word' id='word_1_532' title='bbox 834 1780 904 1807; x_wconf 88' lang='lat' dir='ltr'><strong>ﬁdeli</strong></span> <span class='ocrx_word' id='word_1_533' title='bbox 920 1779 1010 1806; x_wconf 83' lang='lat' dir='ltr'><strong>Abra—</strong></span> 
     </span>
    </p>
   </div>
   <div class='ocr_carea' id='block_1_70' title="bbox 218 1824 1011 1866">
    <p class='ocr_par' dir='ltr' id='par_1_70' title="bbox 218 1824 1011 1866">
     <span class='ocr_line' id='line_1_70' title="bbox 218 1824 1011 1866; baseline -0.009 -8"><span class='ocrx_word' id='word_1_534' title='bbox 218 1831 292 1865; x_wconf 85' lang='lat' dir='ltr'><strong>ham,</strong></span> <span class='ocrx_word' id='word_1_535' title='bbox 308 1831 354 1866; x_wconf 90' lang='lat' dir='ltr'><strong>qui</strong></span> <span class='ocrx_word' id='word_1_536' title='bbox 376 1830 483 1865; x_wconf 90' lang='lat' dir='ltr'><strong>positus</strong></span> <span class='ocrx_word' id='word_1_537' title='bbox 496 1834 538 1856; x_wconf 87' lang='lat' dir='ltr'><strong>est</strong></span> <span class='ocrx_word' id='word_1_538' title='bbox 551 1833 630 1863; x_wconf 87' lang='lat' dir='ltr'><strong>pater</strong></span> <span class='ocrx_word' id='word_1_539' title='bbox 648 1827 768 1863; x_wconf 80' lang='lat' dir='ltr'><strong>gentium</strong></span> <span class='ocrx_word' id='word_1_540' title='bbox 784 1834 798 1853; x_wconf 91' lang='lat' dir='ltr'><strong>a</strong></span> <span class='ocrx_word' id='word_1_541' title='bbox 814 1826 881 1858; x_wconf 81' lang='lat' dir='ltr'><strong>Deo,</strong></span> <span class='ocrx_word' id='word_1_542' title='bbox 897 1824 1011 1852; x_wconf 86' lang='lat' dir='ltr'><strong>benedi-</strong></span> 
     </span>
    </p>
   </div>
   <div class='ocr_carea' id='block_1_71' title="bbox 218 1871 1011 1913">
    <p class='ocr_par' dir='ltr' id='par_1_71' title="bbox 218 1871 1011 1913">
     <span class='ocr_line' id='line_1_71' title="bbox 218 1871 1011 1913; baseline -0.014 -6"><span class='ocrx_word' id='word_1_543' title='bbox 218 1884 318 1907; x_wconf 88' lang='lat' dir='ltr'><strong>cuntur</strong></span> <span class='ocrx_word' id='word_1_544' title='bbox 339 1883 436 1906; x_wconf 80' lang='lat' dir='ltr'><strong>tnnues</strong></span> <span class='ocrx_word' id='word_1_545' title='bbox 450 1881 546 1913; x_wconf 73' lang='lat' dir='ltr'><strong>gentes</strong></span> <span class='ocrx_word' id='word_1_546' title='bbox 564 1875 597 1911; x_wconf 86' lang='lat'>&quot;)</span> <span class='ocrx_word' id='word_1_547' title='bbox 614 1874 779 1909; x_wconf 83' lang='lat' dir='ltr'><strong>ambigimus</strong></span> <span class='ocrx_word' id='word_1_548' title='bbox 802 1873 948 1900; x_wconf 85' lang='lat' dir='ltr'><strong>admittere</strong></span> <span class='ocrx_word' id='word_1_549' title='bbox 972 1871 1011 1897; x_wconf 85' lang='lat' dir='ltr'><strong>vi-</strong></span> 
     </span>
    </p>
   </div>
   <div class='ocr_carea' id='block_1_72' title="bbox 219 1917 1009 1958">
    <p class='ocr_par' dir='ltr' id='par_1_72' title="bbox 219 1917 1009 1958">
     <span class='ocr_line' id='line_1_72' title="bbox 219 1917 1009 1958; baseline -0.013 -5"><span class='ocrx_word' id='word_1_550' title='bbox 219 1932 312 1953; x_wconf 82' lang='lat' dir='ltr'><strong>ventes</strong></span> <span class='ocrx_word' id='word_1_551' title='bbox 337 1924 484 1951; x_wconf 86' lang='lat' dir='ltr'><strong>viventium</strong></span> <span class='ocrx_word' id='word_1_552' title='bbox 509 1922 654 1958; x_wconf 74' lang='lat' dir='ltr'><strong>agnovisse</strong></span> <span class='ocrx_word' id='word_1_553' title='bbox 682 1920 863 1955; x_wconf 80' lang='lat' dir='ltr'><strong>disciplinas,</strong></span> <span class='ocrx_word' id='word_1_554' title='bbox 889 1917 970 1952; x_wconf 88' lang='lat' dir='ltr'><strong>idque</strong></span> <span class='ocrx_word' id='word_1_555' title='bbox 994 1925 1009 1943; x_wconf 89' lang='lat' dir='ltr'><strong>a</strong></span> 
     </span>
    </p>
   </div>
   <div class='ocr_carea' id='block_1_73' title="bbox 219 1964 1012 2000">
    <p class='ocr_par' dir='ltr' id='par_1_73' title="bbox 219 1964 1012 2000">
     <span class='ocr_line' id='line_1_73' title="bbox 219 1964 1012 2000; baseline -0.011 0"><span class='ocrx_word' id='word_1_556' title='bbox 219 1972 333 2000; x_wconf 77' lang='lat' dir='ltr'><strong>Christo</strong></span> <span class='ocrx_word' id='word_1_557' title='bbox 359 1972 469 1998; x_wconf 86' lang='lat' dir='ltr'><strong>edoctos</strong></span> <span class='ocrx_word' id='word_1_558' title='bbox 496 1974 561 1995; x_wconf 91' lang='lat' dir='ltr'><strong>ante</strong></span> <span class='ocrx_word' id='word_1_559' title='bbox 584 1967 742 1995; x_wconf 78' lang='lat' dir='ltr'><strong>Luciferum</strong></span> <span class='ocrx_word' id='word_1_560' title='bbox 766 1966 859 2000; x_wconf 79' lang='lat' dir='ltr'><strong>genito</strong></span> <span class='ocrx_word' id='word_1_561' title='bbox 872 1964 895 1980; x_wconf 81' lang='lat'><strong>&#39;°</strong></span> <span class='ocrx_word' id='word_1_562' title='bbox 909 1983 918 1996; x_wconf 88' lang='lat'><strong>,</strong></span> <span class='ocrx_word' id='word_1_563' title='bbox 934 1967 1012 1991; x_wconf 78' lang='lat' dir='ltr'><strong>ante-</strong></span> 
     </span>
    </p>
   </div>
   <div class='ocr_carea' id='block_1_74' title="bbox 220 2009 1009 2053">
    <p class='ocr_par' dir='ltr' id='par_1_74' title="bbox 220 2009 1009 2053">
     <span class='ocr_line' id='line_1_74' title="bbox 220 2009 1009 2053; baseline -0.011 -8"><span class='ocrx_word' id='word_1_564' title='bbox 220 2025 301 2053; x_wconf 79' lang='lat' dir='ltr'><strong>quam</strong></span> <span class='ocrx_word' id='word_1_565' title='bbox 316 2024 383 2044; x_wconf 84' lang='lat' dir='ltr'><strong>caro</strong></span> <span class='ocrx_word' id='word_1_566' title='bbox 399 2014 498 2042; x_wconf 85' lang='lat' dir='ltr'><strong>ﬁeret?</strong></span> <span class='ocrx_word' id='word_1_567' title='bbox 523 2014 657 2041; x_wconf 70' lang='lat' dir='ltr'><strong>Cancrum</strong></span> <span class='ocrx_word' id='word_1_568' title='bbox 673 2012 708 2040; x_wconf 93' lang='lat' dir='ltr'><strong>ob</strong></span> <span class='ocrx_word' id='word_1_569' title='bbox 731 2019 792 2039; x_wconf 85' lang='lat' dir='ltr'><strong>eam</strong></span> <span class='ocrx_word' id='word_1_570' title='bbox 806 2018 915 2038; x_wconf 89' lang='lat' dir='ltr'><strong>causam</strong></span> <span class='ocrx_word' id='word_1_571' title='bbox 935 2009 1009 2037; x_wconf 84' lang='lat' dir='ltr'><strong>vive-</strong></span> 
     </span>
    </p>
   </div>
   <div class='ocr_carea' id='block_1_75' title="bbox 221 2057 1010 2098">
    <p class='ocr_par' dir='ltr' id='par_1_75' title="bbox 221 2057 1010 2098">
     <span class='ocr_line' id='line_1_75' title="bbox 221 2057 1010 2098; baseline -0.013 -6"><span class='ocrx_word' id='word_1_572' title='bbox 221 2066 310 2095; x_wconf 86' lang='lat' dir='ltr'><strong>bant,</strong></span> <span class='ocrx_word' id='word_1_573' title='bbox 343 2061 424 2098; x_wconf 67' lang='grc'><strong>104</strong></span> <span class='ocrx_word' id='word_1_574' title='bbox 448 2061 578 2096; x_wconf 72' lang='lat' dir='ltr'><strong>quoniam</strong></span> <span class='ocrx_word' id='word_1_575' title='bbox 611 2058 814 2094; x_wconf 74' lang='lat' dir='ltr'><strong>participabant</strong></span> <span class='ocrx_word' id='word_1_576' title='bbox 840 2057 976 2085; x_wconf 87' lang='lat' dir='ltr'><strong>dicentem</strong></span> <span class='ocrx_word' id='word_1_577' title='bbox 1002 2064 1010 2082; x_wconf 93' lang='lat'>:</span> 
     </span>
    </p>
   </div>
   <div class='ocr_carea' id='block_1_76' title="bbox 224 2102 1011 2144">
    <p class='ocr_par' dir='ltr' id='par_1_76' title="bbox 224 2102 1011 2144">
     <span class='ocr_line' id='line_1_76' title="bbox 224 2102 1011 2144; baseline -0.011 -7"><span class='ocrx_word' id='word_1_578' title='bbox 224 2120 235 2137; x_wconf 74' lang='grc' dir='ltr'><strong>ι</strong></span> <span class='ocrx_word' id='word_1_579' title='bbox 263 2110 317 2144; x_wconf 81' lang='lat' dir='ltr'><strong>Ego</strong></span> <span class='ocrx_word' id='word_1_580' title='bbox 332 2117 391 2136; x_wconf 90' lang='lat' dir='ltr'><strong>sum</strong></span> <span class='ocrx_word' id='word_1_581' title='bbox 405 2108 459 2134; x_wconf 81' lang='lat' dir='ltr'><strong>vita</strong></span> <span class='ocrx_word' id='word_1_582' title='bbox 474 2108 507 2138; x_wconf 77' lang='lat'><strong>“,</strong></span> <span class='ocrx_word' id='word_1_583' title='bbox 529 2115 538 2132; x_wconf 79' lang='grc' dir='ltr'><strong>ι</strong></span> <span class='ocrx_word' id='word_1_584' title='bbox 559 2111 586 2133; x_wconf 91' lang='lat' dir='ltr'><strong>et</strong></span> <span class='ocrx_word' id='word_1_585' title='bbox 609 2104 798 2140; x_wconf 88' lang='lat' dir='ltr'><strong>percipiebant</strong></span> <span class='ocrx_word' id='word_1_586' title='bbox 811 2102 1011 2138; x_wconf 84' lang='lat' dir='ltr'><strong>apparitionem</strong></span> 
     </span>
    </p>
   </div>
   <div class='ocr_carea' id='block_1_77' title="bbox 223 2147 1010 2190">
    <p class='ocr_par' dir='ltr' id='par_1_77' title="bbox 223 2147 1010 2190">
     <span class='ocr_line' id='line_1_77' title="bbox 223 2147 1010 2190; baseline -0.014 -6"><span class='ocrx_word' id='word_1_587' title='bbox 223 2164 279 2184; x_wconf 88' lang='lat' dir='ltr'><strong>non</strong></span> <span class='ocrx_word' id='word_1_588' title='bbox 293 2155 373 2183; x_wconf 88' lang='lat' dir='ltr'><strong>modo</strong></span> <span class='ocrx_word' id='word_1_589' title='bbox 386 2154 558 2190; x_wconf 77' lang='lat' dir='ltr'><strong>angelorum,</strong></span> <span class='ocrx_word' id='word_1_590' title='bbox 575 2151 622 2179; x_wconf 87' lang='lat' dir='ltr'><strong>sed</strong></span> <span class='ocrx_word' id='word_1_591' title='bbox 638 2151 721 2177; x_wconf 87' lang='lat' dir='ltr'><strong>etiam</strong></span> <span class='ocrx_word' id='word_1_592' title='bbox 738 2149 784 2176; x_wconf 91' lang='lat' dir='ltr'><strong>Dei</strong></span> <span class='ocrx_word' id='word_1_593' title='bbox 800 2155 847 2183; x_wconf 90' lang='lat' dir='ltr'><strong>per</strong></span> <span class='ocrx_word' id='word_1_594' title='bbox 862 2147 1010 2179; x_wconf 86' lang='lat' dir='ltr'><strong>Christum,</strong></span> 
     </span>
    </p>
   </div>
   <div class='ocr_carea' id='block_1_78' title="bbox 1063 1552 1853 1589">
    <p class='ocr_par' dir='ltr' id='par_1_78' title="bbox 1063 1552 1853 1589">
     <span class='ocr_line' id='line_1_78' title="bbox 1063 1552 1853 1589; baseline 0.003 -11"><span class='ocrx_word' id='word_1_595' title='bbox 1063 1552 1260 1584; x_wconf 76' lang='grc' dir='ltr'>Σαδδουκαίους</span> <span class='ocrx_word' id='word_1_596' title='bbox 1281 1552 1464 1585; x_wconf 82' lang='grc' dir='ltr'>ἀπιστοῦντας</span> <span class='ocrx_word' id='word_1_597' title='bbox 1481 1553 1521 1588; x_wconf 84' lang='grc' dir='ltr'>τῷ</span> <span class='ocrx_word' id='word_1_598' title='bbox 1538 1554 1603 1589; x_wconf 76' lang='grc' dir='ltr'>περὶ</span> <span class='ocrx_word' id='word_1_599' title='bbox 1619 1555 1802 1588; x_wconf 70' lang='grc' dir='ltr'>ἀναστάσεως</span> <span class='ocrx_word' id='word_1_600' title='bbox 1815 1555 1853 1581; x_wconf 67' lang='grc' dir='ltr'><strong>λζ-</strong></span> 
     </span>
    </p>
   </div>
   <div class='ocr_carea' id='block_1_79' title="bbox 1062 1598 1853 1635">
    <p class='ocr_par' dir='ltr' id='par_1_79' title="bbox 1062 1598 1853 1635">
     <span class='ocr_line' id='line_1_79' title="bbox 1062 1598 1853 1635; baseline 0.003 -11"><span class='ocrx_word' id='word_1_601' title='bbox 1062 1607 1103 1634; x_wconf 81' lang='grc' dir='ltr'>γῳ</span> <span class='ocrx_word' id='word_1_602' title='bbox 1115 1607 1122 1614; x_wconf 91' lang='grc'><strong>·</strong></span> <span class='ocrx_word' id='word_1_603' title='bbox 1143 1607 1153 1624; x_wconf 84' lang='grc'><strong><em>‹</em></strong></span> <span class='ocrx_word' id='word_1_604' title='bbox 1167 1599 1224 1625; x_wconf 87' lang='grc' dir='ltr'>Οὐκ</span> <span class='ocrx_word' id='word_1_605' title='bbox 1240 1598 1375 1632; x_wconf 79' lang='grc' dir='ltr'>ἀνέγνωτε</span> <span class='ocrx_word' id='word_1_606' title='bbox 1390 1599 1421 1626; x_wconf 84' lang='grc' dir='ltr'><strong>τὺ</strong></span> <span class='ocrx_word' id='word_1_607' title='bbox 1437 1599 1519 1635; x_wconf 75' lang='grc' dir='ltr'>ῥηθὲν</span> <span class='ocrx_word' id='word_1_608' title='bbox 1542 1600 1590 1626; x_wconf 74' lang='grc' dir='ltr'>ἐπὶ</span> <span class='ocrx_word' id='word_1_609' title='bbox 1615 1600 1667 1635; x_wconf 81' lang='grc' dir='ltr'>τῆς</span> <span class='ocrx_word' id='word_1_610' title='bbox 1695 1600 1783 1635; x_wconf 79' lang='grc' dir='ltr'>βάτου</span> <span class='ocrx_word' id='word_1_611' title='bbox 1810 1601 1853 1628; x_wconf 67' lang='grc' dir='ltr'>ὑπὸ</span> 
     </span>
    </p>
   </div>
   <div class='ocr_carea' id='block_1_80' title="bbox 1061 1643 1853 1681">
    <p class='ocr_par' dir='ltr' id='par_1_80' title="bbox 1061 1643 1853 1681">
     <span class='ocr_line' id='line_1_80' title="bbox 1061 1643 1853 1681; baseline 0.003 -10"><span class='ocrx_word' id='word_1_612' title='bbox 1061 1643 1110 1671; x_wconf 79' lang='grc' dir='ltr'>τοῦ</span> <span class='ocrx_word' id='word_1_613' title='bbox 1125 1644 1194 1671; x_wconf 79' lang='grc' dir='ltr'>Θεοῦ</span> <span class='ocrx_word' id='word_1_614' title='bbox 1207 1653 1213 1659; x_wconf 90' lang='grc'><strong>·</strong></span> <span class='ocrx_word' id='word_1_615' title='bbox 1235 1644 1306 1678; x_wconf 83' lang='grc' dir='ltr'><strong>Ἐγὼ</strong></span> <span class='ocrx_word' id='word_1_616' title='bbox 1327 1645 1393 1677; x_wconf 84' lang='grc' dir='ltr'>Θεὸς</span> <span class='ocrx_word' id='word_1_617' title='bbox 1413 1645 1557 1681; x_wconf 81' lang='grc' dir='ltr'>Ἀϐραὰμ,</span> <span class='ocrx_word' id='word_1_618' title='bbox 1583 1646 1632 1672; x_wconf 82' lang='grc' dir='ltr'>καὶ</span> <span class='ocrx_word' id='word_1_619' title='bbox 1655 1645 1725 1678; x_wconf 73' lang='grc' dir='ltr'>Θεὸς</span> <span class='ocrx_word' id='word_1_620' title='bbox 1746 1647 1853 1678; x_wconf 68' lang='grc' dir='ltr'>Ὶσαὲκ,</span> 
     </span>
    </p>
   </div>
   <div class='ocr_carea' id='block_1_81' title="bbox 1062 1690 1853 1728">
    <p class='ocr_par' dir='ltr' id='par_1_81' title="bbox 1062 1690 1853 1728">
     <span class='ocr_line' id='line_1_81' title="bbox 1062 1690 1853 1728; baseline 0 -11"><span class='ocrx_word' id='word_1_621' title='bbox 1062 1691 1111 1717; x_wconf 84' lang='grc' dir='ltr'>καὶ</span> <span class='ocrx_word' id='word_1_622' title='bbox 1127 1690 1194 1723; x_wconf 83' lang='grc' dir='ltr'>Θεὸς</span> <span class='ocrx_word' id='word_1_623' title='bbox 1216 1690 1314 1718; x_wconf 78' lang='grc' dir='ltr'>Ἰακώϐ</span> <span class='ocrx_word' id='word_1_624' title='bbox 1326 1699 1334 1723; x_wconf 88' lang='grc'>;</span> <span class='ocrx_word' id='word_1_625' title='bbox 1357 1691 1425 1723; x_wconf 81' lang='grc' dir='ltr'>Θεὸς</span> <span class='ocrx_word' id='word_1_626' title='bbox 1449 1691 1478 1718; x_wconf 79' lang='grc' dir='ltr'>δὲ</span> <span class='ocrx_word' id='word_1_627' title='bbox 1501 1692 1552 1718; x_wconf 87' lang='grc' dir='ltr'>οὐκ</span> <span class='ocrx_word' id='word_1_628' title='bbox 1576 1691 1634 1718; x_wconf 75' lang='grc' dir='ltr'>ἔστι</span> <span class='ocrx_word' id='word_1_629' title='bbox 1654 1692 1778 1728; x_wconf 80' lang='grc' dir='ltr'>νεκρῶν,</span> <span class='ocrx_word' id='word_1_630' title='bbox 1795 1693 1853 1719; x_wconf 61' lang='lat' dir='ltr'><strong>an:</strong></span> 
     </span>
    </p>
   </div>
   <div class='ocr_carea' id='block_1_82' title="bbox 1062 1737 1853 1774">
    <p class='ocr_par' dir='ltr' id='par_1_82' title="bbox 1062 1737 1853 1774">
     <span class='ocr_line' id='line_1_82' title="bbox 1062 1737 1853 1774; baseline 0 -10"><span class='ocrx_word' id='word_1_631' title='bbox 1062 1737 1181 1770; x_wconf 82' lang='grc' dir='ltr'>ζώντων.</span> <span class='ocrx_word' id='word_1_632' title='bbox 1196 1747 1206 1763; x_wconf 78' lang='grc' dir='ltr'><strong>ι</strong></span> <span class='ocrx_word' id='word_1_633' title='bbox 1228 1738 1260 1764; x_wconf 81' lang='grc' dir='ltr'><strong>Εἰ</strong></span> <span class='ocrx_word' id='word_1_634' title='bbox 1279 1737 1369 1764; x_wconf 83' lang='grc' dir='ltr'>τοίνυν</span> <span class='ocrx_word' id='word_1_635' title='bbox 1384 1737 1398 1763; x_wconf 85' lang='grc' dir='ltr'>ὁ</span> <span class='ocrx_word' id='word_1_636' title='bbox 1414 1737 1480 1770; x_wconf 82' lang='grc' dir='ltr'>Θεὸς</span> <span class='ocrx_word' id='word_1_637' title='bbox 1503 1738 1554 1764; x_wconf 86' lang='grc' dir='ltr'>οὑκ</span> <span class='ocrx_word' id='word_1_638' title='bbox 1577 1738 1778 1774; x_wconf 74' lang='grc' dir='ltr'>ἐπαισχύνεται</span> <span class='ocrx_word' id='word_1_639' title='bbox 1798 1738 1853 1769; x_wconf 63' lang='grc' dir='ltr'>Θεὸς</span> 
     </span>
    </p>
   </div>
   <div class='ocr_carea' id='block_1_83' title="bbox 1061 1783 1853 1819">
    <p class='ocr_par' dir='ltr' id='par_1_83' title="bbox 1061 1783 1853 1819">
     <span class='ocr_line' id='line_1_83' title="bbox 1061 1783 1853 1819; baseline -0.001 -10"><span class='ocrx_word' id='word_1_640' title='bbox 1061 1783 1116 1809; x_wconf 85' lang='grc' dir='ltr'><strong>τῶν</strong></span> <span class='ocrx_word' id='word_1_641' title='bbox 1135 1783 1241 1819; x_wconf 86' lang='grc' dir='ltr'>ἀνδρῶν</span> <span class='ocrx_word' id='word_1_642' title='bbox 1258 1783 1361 1810; x_wconf 85' lang='grc' dir='ltr'>τούτων</span> <span class='ocrx_word' id='word_1_643' title='bbox 1387 1783 1528 1810; x_wconf 81' lang='grc' dir='ltr'>καλεῖσθαι</span> <span class='ocrx_word' id='word_1_644' title='bbox 1542 1804 1549 1816; x_wconf 94' lang='grc'><strong>,</strong></span> <span class='ocrx_word' id='word_1_645' title='bbox 1574 1784 1622 1811; x_wconf 82' lang='grc' dir='ltr'>καὶ</span> <span class='ocrx_word' id='word_1_646' title='bbox 1649 1785 1680 1810; x_wconf 75' lang='grc' dir='ltr'>ἐν</span> <span class='ocrx_word' id='word_1_647' title='bbox 1699 1783 1788 1816; x_wconf 80' lang='grc' dir='ltr'>ζῶσιν</span> <span class='ocrx_word' id='word_1_648' title='bbox 1810 1783 1853 1810; x_wconf 59' lang='lat' dir='ltr'><strong>Gai</strong></span> 
     </span>
    </p>
   </div>
   <div class='ocr_carea' id='block_1_84' title="bbox 1062 1828 1853 1865">
    <p class='ocr_par' dir='ltr' id='par_1_84' title="bbox 1062 1828 1853 1865">
     <span class='ocr_line' id='line_1_84' title="bbox 1062 1828 1853 1865; baseline 0 -10"><span class='ocrx_word' id='word_1_649' title='bbox 1062 1828 1182 1864; x_wconf 74' lang='grc' dir='ltr'>Χριστοῦ</span> <span class='ocrx_word' id='word_1_650' title='bbox 1198 1828 1431 1865; x_wconf 81' lang='grc' dir='ltr'>καταριθμοῦνται</span> <span class='ocrx_word' id='word_1_651' title='bbox 1444 1849 1451 1861; x_wconf 93' lang='grc'><strong>,</strong></span> <span class='ocrx_word' id='word_1_652' title='bbox 1471 1829 1525 1856; x_wconf 72' lang='grc' dir='ltr'>υἱοί</span> <span class='ocrx_word' id='word_1_653' title='bbox 1539 1837 1569 1856; x_wconf 89' lang='grc' dir='ltr'><strong>τε</strong></span> <span class='ocrx_word' id='word_1_654' title='bbox 1583 1829 1631 1856; x_wconf 83' lang='grc' dir='ltr'><strong>τοῦ</strong></span> <span class='ocrx_word' id='word_1_655' title='bbox 1650 1829 1783 1865; x_wconf 80' lang='grc' dir='ltr'>Ἀϐραὰμ</span> <span class='ocrx_word' id='word_1_656' title='bbox 1797 1830 1853 1856; x_wconf 77' lang='grc' dir='ltr'>πάν-</span> 
     </span>
    </p>
   </div>
   <div class='ocr_carea' id='block_1_85' title="bbox 1061 1874 1853 1910">
    <p class='ocr_par' dir='ltr' id='par_1_85' title="bbox 1061 1874 1853 1910">
     <span class='ocr_line' id='line_1_85' title="bbox 1061 1874 1853 1910; baseline -0.001 -10"><span class='ocrx_word' id='word_1_657' title='bbox 1061 1883 1107 1906; x_wconf 87' lang='grc' dir='ltr'><strong>τες</strong></span> <span class='ocrx_word' id='word_1_658' title='bbox 1139 1875 1208 1902; x_wconf 76' lang='grc' dir='ltr'>εἰσὶν</span> <span class='ocrx_word' id='word_1_659' title='bbox 1233 1876 1258 1902; x_wconf 77' lang='grc' dir='ltr'>οἱ</span> <span class='ocrx_word' id='word_1_660' title='bbox 1285 1874 1460 1906; x_wconf 71' lang='grc' dir='ltr'>πιστεύοντες</span> <span class='ocrx_word' id='word_1_661' title='bbox 1484 1875 1561 1910; x_wconf 75' lang='grc' dir='ltr'>(ἐπεὶ</span> <span class='ocrx_word' id='word_1_662' title='bbox 1588 1875 1799 1910; x_wconf 81' lang='grc' dir='ltr'>ὲνευλογοῦνται</span> <span class='ocrx_word' id='word_1_663' title='bbox 1824 1874 1853 1907; x_wconf 73' lang='grc' dir='ltr'>τῷ</span> 
     </span>
    </p>
   </div>
   <div class='ocr_carea' id='block_1_86' title="bbox 1062 1920 1853 1957">
    <p class='ocr_par' dir='ltr' id='par_1_86' title="bbox 1062 1920 1853 1957">
     <span class='ocr_line' id='line_1_86' title="bbox 1062 1920 1853 1957; baseline 0 -11"><span class='ocrx_word' id='word_1_664' title='bbox 1062 1920 1151 1956; x_wconf 84' lang='grc' dir='ltr'>πιστῷ</span> <span class='ocrx_word' id='word_1_665' title='bbox 1173 1921 1299 1957; x_wconf 83' lang='grc' dir='ltr'>Ἀϐραὰμ</span> <span class='ocrx_word' id='word_1_666' title='bbox 1318 1921 1407 1948; x_wconf 86' lang='grc' dir='ltr'>πάντα</span> <span class='ocrx_word' id='word_1_667' title='bbox 1423 1922 1458 1948; x_wconf 79' lang='grc' dir='ltr'>τὰ</span> <span class='ocrx_word' id='word_1_668' title='bbox 1474 1921 1549 1957; x_wconf 74' lang='grc' dir='ltr'>ἔθνη,</span> <span class='ocrx_word' id='word_1_669' title='bbox 1576 1921 1661 1956; x_wconf 56' lang='grc' dir='ltr'><strong>’πατρὶ¹</strong></span> <span class='ocrx_word' id='word_1_670' title='bbox 1686 1922 1745 1948; x_wconf 91' lang='grc' dir='ltr'><strong>τῶν</strong></span> <span class='ocrx_word' id='word_1_671' title='bbox 1777 1921 1853 1947; x_wconf 76' lang='grc' dir='ltr'>ἐθνῶν</span> 
     </span>
    </p>
   </div>
   <div class='ocr_carea' id='block_1_87' title="bbox 1063 1967 1853 2003">
    <p class='ocr_par' dir='ltr' id='par_1_87' title="bbox 1063 1967 1853 2003">
     <span class='ocr_line' id='line_1_87' title="bbox 1063 1967 1853 2003; baseline -0.001 -9"><span class='ocrx_word' id='word_1_672' title='bbox 1063 1967 1116 1995; x_wconf 82' lang='grc' dir='ltr'><strong>ὑπὸ</strong></span> <span class='ocrx_word' id='word_1_673' title='bbox 1131 1967 1179 1994; x_wconf 81' lang='grc' dir='ltr'>τοῦ</span> <span class='ocrx_word' id='word_1_674' title='bbox 1189 1967 1257 1994; x_wconf 84' lang='grc' dir='ltr'>Θεοῦ</span> <span class='ocrx_word' id='word_1_675' title='bbox 1271 1967 1430 2003; x_wconf 82' lang='grc' dir='ltr'>τεθειμένῳ)</span> <span class='ocrx_word' id='word_1_676' title='bbox 1440 1987 1447 1999; x_wconf 85' lang='lat'><strong>,</strong></span> <span class='ocrx_word' id='word_1_677' title='bbox 1476 1967 1638 2002; x_wconf 80' lang='grc' dir='ltr'>διστάζομεν</span> <span class='ocrx_word' id='word_1_678' title='bbox 1652 1967 1853 2003; x_wconf 75' lang='grc' dir='ltr'>παραδέξασθιε</span> 
     </span>
    </p>
   </div>
   <div class='ocr_carea' id='block_1_88' title="bbox 1062 2012 1853 2049">
    <p class='ocr_par' dir='ltr' id='par_1_88' title="bbox 1062 2012 1853 2049">
     <span class='ocr_line' id='line_1_88' title="bbox 1062 2012 1853 2049; baseline -0.001 -9"><span class='ocrx_word' id='word_1_679' title='bbox 1062 2014 1212 2048; x_wconf 74' lang='grc' dir='ltr'>ἐγνωκέναι</span> <span class='ocrx_word' id='word_1_680' title='bbox 1226 2014 1291 2046; x_wconf 76' lang='grc' dir='ltr'>τοὺς</span> <span class='ocrx_word' id='word_1_681' title='bbox 1305 2013 1410 2046; x_wconf 79' lang='grc' dir='ltr'>ζῶντας</span> <span class='ocrx_word' id='word_1_682' title='bbox 1426 2013 1462 2040; x_wconf 88' lang='grc' dir='ltr'><strong>τά</strong></span> <span class='ocrx_word' id='word_1_683' title='bbox 1484 2013 1538 2040; x_wconf 88' lang='grc' dir='ltr'><strong>τῶν</strong></span> <span class='ocrx_word' id='word_1_684' title='bbox 1558 2012 1668 2046; x_wconf 84' lang='grc' dir='ltr'>ζώντων</span> <span class='ocrx_word' id='word_1_685' title='bbox 1686 2014 1853 2049; x_wconf 74' lang='grc' dir='ltr'>μαθήματα,</span> 
     </span>
    </p>
   </div>
   <div class='ocr_carea' id='block_1_89' title="bbox 1065 2059 1853 2097">
    <p class='ocr_par' dir='ltr' id='par_1_89' title="bbox 1065 2059 1853 2097">
     <span class='ocr_line' id='line_1_89' title="bbox 1065 2059 1853 2097; baseline -0.001 -10"><span class='ocrx_word' id='word_1_686' title='bbox 1065 2060 1283 2097; x_wconf 80' lang='grc' dir='ltr'>μαθητευοέντας</span> <span class='ocrx_word' id='word_1_687' title='bbox 1309 2059 1419 2095; x_wconf 83' lang='grc' dir='ltr'>Χριστῷ</span> <span class='ocrx_word' id='word_1_688' title='bbox 1442 2059 1480 2095; x_wconf 83' lang='grc' dir='ltr'>τῷ</span> <span class='ocrx_word' id='word_1_689' title='bbox 1503 2059 1556 2095; x_wconf 75' lang='grc' dir='ltr'>πρὸ</span> <span class='ocrx_word' id='word_1_690' title='bbox 1581 2059 1724 2094; x_wconf 67' lang='grc' dir='ltr'>ἐωσφόρου</span> <span class='ocrx_word' id='word_1_691' title='bbox 1747 2068 1853 2094; x_wconf 69' lang='grc' dir='ltr'>γεγεντ·</span> 
     </span>
    </p>
   </div>
   <div class='ocr_carea' id='block_1_90' title="bbox 1064 2103 1853 2141">
    <p class='ocr_par' dir='ltr' id='par_1_90' title="bbox 1064 2103 1853 2141">
     <span class='ocr_line' id='line_1_90' title="bbox 1064 2103 1853 2141; baseline -0.003 -9"><span class='ocrx_word' id='word_1_692' title='bbox 1064 2105 1138 2141; x_wconf 88' lang='grc' dir='ltr'>μένῳ</span> <span class='ocrx_word' id='word_1_693' title='bbox 1160 2106 1225 2140; x_wconf 79' lang='grc' dir='ltr'>πρὶν</span> <span class='ocrx_word' id='word_1_694' title='bbox 1242 2105 1354 2140; x_wconf 87' lang='grc' dir='ltr'>γένηται</span> <span class='ocrx_word' id='word_1_695' title='bbox 1374 2104 1460 2140; x_wconf 83' lang='grc' dir='ltr'>σάρξ;</span> <span class='ocrx_word' id='word_1_696' title='bbox 1487 2104 1537 2130; x_wconf 87' lang='grc' dir='ltr'>Διὰ</span> <span class='ocrx_word' id='word_1_697' title='bbox 1551 2104 1630 2130; x_wconf 83' lang='grc' dir='ltr'>τοῦτο</span> <span class='ocrx_word' id='word_1_698' title='bbox 1645 2103 1675 2130; x_wconf 80' lang='grc' dir='ltr'>δὲ</span> <span class='ocrx_word' id='word_1_699' title='bbox 1692 2104 1783 2136; x_wconf 73' lang='grc' dir='ltr'>ἔζων,</span> <span class='ocrx_word' id='word_1_700' title='bbox 1804 2104 1853 2130; x_wconf 63' lang='lat' dir='ltr'><strong>Etsi</strong></span> 
     </span>
    </p>
   </div>
   <div class='ocr_carea' id='block_1_91' title="bbox 1065 2148 1853 2187">
    <p class='ocr_par' dir='ltr' id='par_1_91' title="bbox 1065 2148 1853 2187">
     <span class='ocr_line' id='line_1_91' title="bbox 1065 2148 1853 2187; baseline -0.004 -10"><span class='ocrx_word' id='word_1_701' title='bbox 1065 2152 1188 2187; x_wconf 84' lang='grc' dir='ltr'>μετεῖχον</span> <span class='ocrx_word' id='word_1_702' title='bbox 1206 2151 1253 2177; x_wconf 77' lang='grc' dir='ltr'>τοῦ</span> <span class='ocrx_word' id='word_1_703' title='bbox 1273 2151 1413 2183; x_wconf 78' lang='grc' dir='ltr'>εἰπόντος,</span> <span class='ocrx_word' id='word_1_704' title='bbox 1440 2159 1449 2175; x_wconf 86' lang='grc'><strong>‹</strong></span> <span class='ocrx_word' id='word_1_705' title='bbox 1475 2149 1546 2184; x_wconf 84' lang='grc' dir='ltr'><strong>Ἐγώ</strong></span> <span class='ocrx_word' id='word_1_706' title='bbox 1566 2150 1624 2184; x_wconf 83' lang='grc' dir='ltr'>εἰμι</span> <span class='ocrx_word' id='word_1_707' title='bbox 1641 2149 1658 2184; x_wconf 76' lang='grc' dir='ltr'>ἡ</span> <span class='ocrx_word' id='word_1_708' title='bbox 1677 2149 1737 2185; x_wconf 83' lang='grc' dir='ltr'><strong>ζωὴ</strong></span> <span class='ocrx_word' id='word_1_709' title='bbox 1751 2171 1758 2183; x_wconf 92' lang='grc'><strong>,</strong></span> <span class='ocrx_word' id='word_1_710' title='bbox 1780 2159 1790 2175; x_wconf 84' lang='grc'><strong>›</strong></span> <span class='ocrx_word' id='word_1_711' title='bbox 1818 2148 1853 2175; x_wconf 66' lang='lat' dir='ltr'><strong>xci</strong></span> 
     </span>
    </p>
   </div>
   <div class='ocr_carea' id='block_1_92' title="bbox 225 2191 996 2236">
    <p class='ocr_par' dir='ltr' id='par_1_92' title="bbox 225 2191 996 2236">
     <span class='ocr_line' id='line_1_92' title="bbox 225 2191 996 2236; baseline -0.013 -7"><span class='ocrx_word' id='word_1_712' title='bbox 225 2207 352 2236; x_wconf 83' lang='lat' dir='ltr'><strong>tanquam</strong></span> <span class='ocrx_word' id='word_1_713' title='bbox 367 2204 503 2227; x_wconf 82' lang='lat' dir='ltr'><strong>tantarum</strong></span> <span class='ocrx_word' id='word_1_714' title='bbox 523 2195 734 2233; x_wconf 85' lang='lat' dir='ltr'><strong>promissionum</strong></span> <span class='ocrx_word' id='word_1_715' title='bbox 749 2194 871 2222; x_wconf 77' lang='lat' dir='ltr'><strong>hteredes</strong></span> <span class='ocrx_word' id='word_1_716' title='bbox 886 2202 893 2220; x_wconf 94' lang='lat'><strong>:</strong></span> <span class='ocrx_word' id='word_1_717' title='bbox 909 2197 937 2220; x_wconf 87' lang='lat' dir='ltr'><strong>et</strong></span> <span class='ocrx_word' id='word_1_718' title='bbox 957 2191 996 2219; x_wconf 81' lang='lat' dir='ltr'><strong>for</strong></span> 
     </span>
    </p>
   </div>
   <div class='ocr_carea' id='block_1_93' title="bbox 1094 2191 1853 2236">
    <p class='ocr_par' dir='ltr' id='par_1_93' title="bbox 1094 2195 1853 2234">
     <span class='ocr_line' id='line_1_93' title="bbox 1094 2195 1853 2234; baseline -0.004 -9"><span class='ocrx_word' id='word_1_719' title='bbox 1094 2198 1186 2234; x_wconf 74' lang='grc' dir='ltr'>[ώρουν</span> <span class='ocrx_word' id='word_1_720' title='bbox 1208 2198 1245 2229; x_wconf 85' lang='grc' dir='ltr'>ὡς</span> <span class='ocrx_word' id='word_1_721' title='bbox 1271 2197 1439 2233; x_wconf 72' lang='grc' dir='ltr'>τηλικούτων</span> <span class='ocrx_word' id='word_1_722' title='bbox 1466 2195 1630 2232; x_wconf 79' lang='grc' dir='ltr'>κληρονόμοι</span> <span class='ocrx_word' id='word_1_723' title='bbox 1669 2195 1853 2230; x_wconf 49' lang='grc' dir='ltr'>ἐπαγγελιῶνη</span> 
     </span>
    </p>
   </div>
   <div class='ocr_carea' id='block_1_94' title="bbox 223 2239 1014 2280">
    <p class='ocr_par' dir='ltr' id='par_1_94' title="bbox 223 2239 1014 2280">
     <span class='ocr_line' id='line_1_94' title="bbox 223 2239 1014 2280; baseline -0.015 -4"><span class='ocrx_word' id='word_1_724' title='bbox 223 2255 294 2276; x_wconf 85' lang='lat' dir='ltr'><strong>tasse</strong></span> <span class='ocrx_word' id='word_1_725' title='bbox 305 2248 428 2275; x_wconf 88' lang='lat' dir='ltr'><strong>videntes</strong></span> <span class='ocrx_word' id='word_1_726' title='bbox 445 2245 591 2280; x_wconf 79' lang='lat' dir='ltr'><strong>imaginem</strong></span> <span class='ocrx_word' id='word_1_727' title='bbox 615 2240 762 2270; x_wconf 88' lang='lat' dir='ltr'><strong>invisibilis</strong></span> <span class='ocrx_word' id='word_1_728' title='bbox 777 2239 825 2267; x_wconf 88' lang='lat' dir='ltr'><strong>Dei</strong></span> <span class='ocrx_word' id='word_1_729' title='bbox 841 2239 864 2255; x_wconf 81' lang='lat'><strong>&quot;</strong></span> <span class='ocrx_word' id='word_1_730' title='bbox 877 2239 1014 2274; x_wconf 90' lang='lat' dir='ltr'><strong>(quando-</strong></span> 
     </span>
    </p>
   </div>
   <div class='ocr_carea' id='block_1_95' title="bbox 222 2284 1011 2329">
    <p class='ocr_par' dir='ltr' id='par_1_95' title="bbox 222 2284 1011 2329">
     <span class='ocr_line' id='line_1_95' title="bbox 222 2284 1011 2329; baseline -0.013 -7"><span class='ocrx_word' id='word_1_731' title='bbox 222 2295 331 2329; x_wconf 87' lang='lat' dir='ltr'><strong>quidem</strong></span> <span class='ocrx_word' id='word_1_732' title='bbox 347 2293 394 2328; x_wconf 90' lang='lat' dir='ltr'><strong>qui</strong></span> <span class='ocrx_word' id='word_1_733' title='bbox 411 2291 479 2319; x_wconf 90' lang='lat' dir='ltr'><strong>vidit</strong></span> <span class='ocrx_word' id='word_1_734' title='bbox 493 2284 592 2318; x_wconf 68' lang='lat' dir='ltr'><strong>Filium</strong></span> <span class='ocrx_word' id='word_1_735' title='bbox 605 2309 612 2321; x_wconf 92' lang='lat'><strong>,</strong></span> <span class='ocrx_word' id='word_1_736' title='bbox 629 2287 700 2315; x_wconf 88' lang='lat' dir='ltr'><strong>vidit</strong></span> <span class='ocrx_word' id='word_1_737' title='bbox 714 2291 742 2315; x_wconf 89' lang='lat' dir='ltr'><strong>et</strong></span> <span class='ocrx_word' id='word_1_738' title='bbox 766 2286 874 2314; x_wconf 86' lang='lat' dir='ltr'><strong>Patrem</strong></span> <span class='ocrx_word' id='word_1_739' title='bbox 890 2285 924 2322; x_wconf 85' lang='grc'><strong>³³)</strong></span> <span class='ocrx_word' id='word_1_740' title='bbox 949 2293 1011 2313; x_wconf 90' lang='lat' dir='ltr'><strong>cum</strong></span> 
     </span>
    </p>
   </div>
   <div class='ocr_carea' id='block_1_96' title="bbox 224 2332 1014 2371">
    <p class='ocr_par' dir='ltr' id='par_1_96' title="bbox 224 2332 1014 2371">
     <span class='ocr_line' id='line_1_96' title="bbox 224 2332 1014 2371; baseline -0.01 -4"><span class='ocrx_word' id='word_1_741' title='bbox 224 2339 421 2367; x_wconf 80' lang='lat' dir='ltr'><strong>intellexissent</strong></span> <span class='ocrx_word' id='word_1_742' title='bbox 437 2339 522 2366; x_wconf 91' lang='lat' dir='ltr'><strong>Deum</strong></span> <span class='ocrx_word' id='word_1_743' title='bbox 538 2356 545 2369; x_wconf 86' lang='lat'><strong>,</strong></span> <span class='ocrx_word' id='word_1_744' title='bbox 567 2336 670 2371; x_wconf 86' lang='lat' dir='ltr'><strong>Deique</strong></span> <span class='ocrx_word' id='word_1_745' title='bbox 694 2341 836 2363; x_wconf 86' lang='lat' dir='ltr'><strong>sermones</strong></span> <span class='ocrx_word' id='word_1_746' title='bbox 862 2340 912 2368; x_wconf 91' lang='lat' dir='ltr'><strong>pro</strong></span> <span class='ocrx_word' id='word_1_747' title='bbox 928 2332 1014 2366; x_wconf 82' lang='lat' dir='ltr'><strong>ipsius</strong></span> 
     </span>
    </p>
   </div>
   <div class='ocr_carea' id='block_1_97' title="bbox 222 2379 1014 2421">
    <p class='ocr_par' dir='ltr' id='par_1_97' title="bbox 222 2379 1014 2421">
     <span class='ocr_line' id='line_1_97' title="bbox 222 2379 1014 2421; baseline -0.008 -9"><span class='ocrx_word' id='word_1_748' title='bbox 222 2385 355 2421; x_wconf 76' lang='lat' dir='ltr'><strong>dignitate</strong></span> <span class='ocrx_word' id='word_1_749' title='bbox 368 2384 519 2415; x_wconf 81' lang='lat' dir='ltr'><strong>audissent,</strong></span> <span class='ocrx_word' id='word_1_750' title='bbox 537 2383 620 2411; x_wconf 90' lang='lat' dir='ltr'><strong>Deum</strong></span> <span class='ocrx_word' id='word_1_751' title='bbox 636 2383 736 2410; x_wconf 87' lang='lat' dir='ltr'><strong>vidisse</strong></span> <span class='ocrx_word' id='word_1_752' title='bbox 748 2382 892 2416; x_wconf 88' lang='lat' dir='ltr'><strong>ipsumque</strong></span> <span class='ocrx_word' id='word_1_753' title='bbox 903 2379 1014 2408; x_wconf 84' lang='lat' dir='ltr'><strong>audisse</strong></span> 
     </span>
    </p>
   </div>
   <div class='ocr_carea' id='block_1_98' title="bbox 225 2425 1014 2463">
    <p class='ocr_par' dir='ltr' id='par_1_98' title="bbox 225 2425 1014 2463">
     <span class='ocr_line' id='line_1_98' title="bbox 225 2425 1014 2463; baseline -0.009 -5"><span class='ocrx_word' id='word_1_754' title='bbox 225 2429 391 2458; x_wconf 86' lang='lat' dir='ltr'><strong>scribuntur.</strong></span> <span class='ocrx_word' id='word_1_755' title='bbox 410 2429 537 2456; x_wconf 78' lang='lat' dir='ltr'><strong>Arbitror</strong></span> <span class='ocrx_word' id='word_1_756' title='bbox 559 2435 624 2456; x_wconf 89' lang='lat' dir='ltr'><strong>vero</strong></span> <span class='ocrx_word' id='word_1_757' title='bbox 645 2435 697 2463; x_wconf 74' lang='lat' dir='ltr'><strong>ego</strong></span> <span class='ocrx_word' id='word_1_758' title='bbox 714 2435 763 2455; x_wconf 89' lang='lat' dir='ltr'><strong>eos</strong></span> <span class='ocrx_word' id='word_1_759' title='bbox 777 2426 824 2461; x_wconf 91' lang='lat' dir='ltr'><strong>qui</strong></span> <span class='ocrx_word' id='word_1_760' title='bbox 847 2425 968 2461; x_wconf 77' lang='lat' dir='ltr'><strong>perfecte</strong></span> <span class='ocrx_word' id='word_1_761' title='bbox 987 2429 1014 2452; x_wconf 88' lang='lat' dir='ltr'><strong>et</strong></span> 
     </span>
    </p>
   </div>
   <div class='ocr_carea' id='block_1_99' title="bbox 224 2471 1012 2506">
    <p class='ocr_par' dir='ltr' id='par_1_99' title="bbox 224 2471 1012 2506">
     <span class='ocr_line' id='line_1_99' title="bbox 224 2471 1012 2506; baseline -0.009 -2"><span class='ocrx_word' id='word_1_762' title='bbox 224 2477 333 2504; x_wconf 85' lang='lat' dir='ltr'><strong>sincere</strong></span> <span class='ocrx_word' id='word_1_763' title='bbox 345 2475 393 2502; x_wconf 89' lang='lat' dir='ltr'><strong>ﬁlii</strong></span> <span class='ocrx_word' id='word_1_764' title='bbox 409 2474 549 2502; x_wconf 80' lang='lat' dir='ltr'><strong>Abraham</strong></span> <span class='ocrx_word' id='word_1_765' title='bbox 565 2473 741 2506; x_wconf 84' lang='lat' dir='ltr'><strong>exstiterint,</strong></span> <span class='ocrx_word' id='word_1_766' title='bbox 759 2473 829 2500; x_wconf 89' lang='lat' dir='ltr'><strong>ﬁlios</strong></span> <span class='ocrx_word' id='word_1_767' title='bbox 844 2479 907 2499; x_wconf 85' lang='lat' dir='ltr'><strong>esse</strong></span> <span class='ocrx_word' id='word_1_768' title='bbox 926 2471 1012 2498; x_wconf 81' lang='lat' dir='ltr'><strong>actio-</strong></span> 
     </span>
    </p>
   </div>
   <div class='ocr_carea' id='block_1_100' title="bbox 225 2517 1013 2557">
    <p class='ocr_par' dir='ltr' id='par_1_100' title="bbox 225 2517 1013 2557">
     <span class='ocr_line' id='line_1_100' title="bbox 225 2517 1013 2557; baseline -0.009 -7"><span class='ocrx_word' id='word_1_769' title='bbox 225 2531 289 2550; x_wconf 92' lang='lat' dir='ltr'><strong>num</strong></span> <span class='ocrx_word' id='word_1_770' title='bbox 315 2522 400 2557; x_wconf 82' lang='lat' dir='ltr'><strong>ipsius</strong></span> <span class='ocrx_word' id='word_1_771' title='bbox 415 2521 550 2551; x_wconf 68' lang='lat' dir='ltr'><strong>Abrahaa.</strong></span> <span class='ocrx_word' id='word_1_772' title='bbox 571 2527 630 2554; x_wconf 71' lang='lat' dir='ltr'><strong>qua:</strong></span> <span class='ocrx_word' id='word_1_773' title='bbox 646 2520 837 2555; x_wconf 74' lang='lat' dir='ltr'><strong>intelliguntur</strong></span> <span class='ocrx_word' id='word_1_774' title='bbox 857 2526 918 2546; x_wconf 88' lang='lat' dir='ltr'><strong>esse</strong></span> <span class='ocrx_word' id='word_1_775' title='bbox 933 2517 1013 2552; x_wconf 88' lang='lat' dir='ltr'><strong>spiri-</strong></span> 
     </span>
    </p>
   </div>
   <div class='ocr_carea' id='block_1_101' title="bbox 226 2565 1014 2603">
    <p class='ocr_par' dir='ltr' id='par_1_101' title="bbox 226 2565 1014 2603">
     <span class='ocr_line' id='line_1_101' title="bbox 226 2565 1014 2603; baseline -0.009 -5"><span class='ocrx_word' id='word_1_776' title='bbox 226 2569 312 2598; x_wconf 84' lang='lat' dir='ltr'><strong>tuales</strong></span> <span class='ocrx_word' id='word_1_777' title='bbox 323 2590 331 2602; x_wconf 90' lang='lat'><strong>,</strong></span> <span class='ocrx_word' id='word_1_778' title='bbox 346 2574 428 2603; x_wconf 86' lang='lat' dir='ltr'><strong>atque</strong></span> <span class='ocrx_word' id='word_1_779' title='bbox 442 2568 525 2596; x_wconf 88' lang='lat' dir='ltr'><strong>etiam</strong></span> <span class='ocrx_word' id='word_1_780' title='bbox 547 2567 617 2594; x_wconf 88' lang='lat' dir='ltr'><strong>ﬁlios</strong></span> <span class='ocrx_word' id='word_1_781' title='bbox 635 2575 695 2594; x_wconf 85' lang='lat' dir='ltr'><strong>esse</strong></span> <span class='ocrx_word' id='word_1_782' title='bbox 717 2566 839 2594; x_wconf 71' lang='lat' dir='ltr'><strong>scientia:</strong></span> <span class='ocrx_word' id='word_1_783' title='bbox 854 2565 1014 2593; x_wconf 77' lang='lat' dir='ltr'><strong>manifesta-</strong></span> 
     </span>
    </p>
   </div>
   <div class='ocr_carea' id='block_1_102' title="bbox 227 2612 1013 2652">
    <p class='ocr_par' dir='ltr' id='par_1_102' title="bbox 227 2612 1013 2652">
     <span class='ocr_line' id='line_1_102' title="bbox 227 2612 1013 2652; baseline -0.011 -7"><span class='ocrx_word' id='word_1_784' title='bbox 227 2623 259 2644; x_wconf 74' lang='lat' dir='ltr'><strong>ta:</strong></span> <span class='ocrx_word' id='word_1_785' title='bbox 278 2617 327 2652; x_wconf 89' lang='lat' dir='ltr'><strong>ipsi</strong></span> <span class='ocrx_word' id='word_1_786' title='bbox 348 2615 464 2643; x_wconf 74' lang='lat' dir='ltr'><strong>Abrahze</strong></span> <span class='ocrx_word' id='word_1_787' title='bbox 480 2634 488 2647; x_wconf 90' lang='lat'><strong>,</strong></span> <span class='ocrx_word' id='word_1_788' title='bbox 513 2614 642 2647; x_wconf 78' lang='lat' dir='ltr'><strong>quoniam</strong></span> <span class='ocrx_word' id='word_1_789' title='bbox 668 2620 727 2646; x_wconf 77' lang='lat' dir='ltr'><strong>quze</strong></span> <span class='ocrx_word' id='word_1_790' title='bbox 753 2613 810 2646; x_wconf 83' lang='lat' dir='ltr'><strong>ipse</strong></span> <span class='ocrx_word' id='word_1_791' title='bbox 836 2612 964 2646; x_wconf 78' lang='lat' dir='ltr'><strong>cognovit</strong></span> <span class='ocrx_word' id='word_1_792' title='bbox 986 2616 1013 2637; x_wconf 88' lang='lat' dir='ltr'><strong>ct</strong></span> 
     </span>
    </p>
   </div>
   <div class='ocr_carea' id='block_1_103' title="bbox 226 2657 1013 2696">
    <p class='ocr_par' dir='ltr' id='par_1_103' title="bbox 226 2657 1013 2696">
     <span class='ocr_line' id='line_1_103' title="bbox 226 2657 1013 2696; baseline -0.011 -5"><span class='ocrx_word' id='word_1_793' title='bbox 226 2663 310 2696; x_wconf 80' lang='lat' dir='ltr'><strong>fecit,</strong></span> <span class='ocrx_word' id='word_1_794' title='bbox 339 2661 458 2696; x_wconf 77' lang='lat' dir='ltr'><strong>ingenita</strong></span> <span class='ocrx_word' id='word_1_795' title='bbox 482 2659 584 2687; x_wconf 81' lang='lat' dir='ltr'><strong>fuerint</strong></span> <span class='ocrx_word' id='word_1_796' title='bbox 604 2659 656 2685; x_wconf 88' lang='lat' dir='ltr'><strong>illis</strong></span> <span class='ocrx_word' id='word_1_797' title='bbox 672 2659 718 2692; x_wconf 89' lang='lat' dir='ltr'><strong>qui</strong></span> <span class='ocrx_word' id='word_1_798' title='bbox 743 2659 790 2685; x_wconf 89' lang='lat' dir='ltr'><strong>lilii</strong></span> <span class='ocrx_word' id='word_1_799' title='bbox 814 2663 878 2685; x_wconf 90' lang='lat' dir='ltr'><strong>sunt</strong></span> <span class='ocrx_word' id='word_1_800' title='bbox 896 2657 1013 2692; x_wconf 79' lang='lat' dir='ltr'><strong>patriar-</strong></span> 
     </span>
    </p>
   </div>
   <div class='ocr_carea' id='block_1_104' title="bbox 226 2703 1009 2744">
    <p class='ocr_par' dir='ltr' id='par_1_104' title="bbox 226 2703 1009 2744">
     <span class='ocr_line' id='line_1_104' title="bbox 226 2703 1009 2744; baseline -0.009 -7"><span class='ocrx_word' id='word_1_801' title='bbox 226 2711 294 2742; x_wconf 71' lang='lat' dir='ltr'><strong>chae,</strong></span> <span class='ocrx_word' id='word_1_802' title='bbox 311 2707 538 2744; x_wconf 88' lang='lat' dir='ltr'><strong>quemadmodum</strong></span> <span class='ocrx_word' id='word_1_803' title='bbox 553 2707 632 2732; x_wconf 88' lang='lat' dir='ltr'><strong>docet</strong></span> <span class='ocrx_word' id='word_1_804' title='bbox 649 2705 781 2732; x_wconf 82' lang='lat' dir='ltr'><strong>habentes</strong></span> <span class='ocrx_word' id='word_1_805' title='bbox 794 2712 886 2735; x_wconf 87' lang='lat' dir='ltr'><strong>aures,</strong></span> <span class='ocrx_word' id='word_1_806' title='bbox 901 2703 1009 2731; x_wconf 82' lang='lat' dir='ltr'><strong>dicens:</strong></span> 
     </span>
    </p>
   </div>
   <div class='ocr_carea' id='block_1_105' title="bbox 265 2775 1052 2812">
    <p class='ocr_par' dir='ltr' id='par_1_105' title="bbox 265 2775 1052 2812">
     <span class='ocr_line' id='line_1_105' title="bbox 265 2775 1052 2812; baseline -0.01 -3"><span class='ocrx_word' id='word_1_807' title='bbox 265 2781 376 2808; x_wconf 72' lang='grc' dir='ltr'><strong>’³-1οηη⁸</strong></span> <span class='ocrx_word' id='word_1_808' title='bbox 389 2781 499 2812; x_wconf 72' lang='lat' dir='ltr'><strong>vm,56.</strong></span> <span class='ocrx_word' id='word_1_809' title='bbox 540 2779 562 2795; x_wconf 73' lang='lat'><strong><em>“</em></strong></span> <span class='ocrx_word' id='word_1_810' title='bbox 577 2778 654 2806; x_wconf 78' lang='lat' dir='ltr'><strong>Joan.</strong></span> <span class='ocrx_word' id='word_1_811' title='bbox 674 2786 692 2808; x_wconf 86' lang='grc' dir='ltr'><strong>ι,</strong></span> <span class='ocrx_word' id='word_1_812' title='bbox 708 2778 749 2803; x_wconf 83' lang='lat' dir='ltr'><strong>l6.</strong></span> <span class='ocrx_word' id='word_1_813' title='bbox 783 2777 804 2792; x_wconf 86' lang='lat'>”</span> <span class='ocrx_word' id='word_1_814' title='bbox 819 2776 912 2802; x_wconf 76' lang='lat' dir='ltr'><strong>Matth.</strong></span> <span class='ocrx_word' id='word_1_815' title='bbox 930 2783 989 2812; x_wconf 44' lang='lat' dir='ltr'><strong>xm:</strong></span> <span class='ocrx_word' id='word_1_816' title='bbox 1010 2775 1052 2802; x_wconf 82' lang='lat' dir='ltr'><strong>l7.</strong></span> 
     </span>
    </p>
   </div>
   <div class='ocr_carea' id='block_1_106' title="bbox 230 2811 996 2847">
    <p class='ocr_par' dir='ltr' id='par_1_106' title="bbox 230 2811 996 2847">
     <span class='ocr_line' id='line_1_106' title="bbox 230 2811 996 2847; baseline -0.012 -2"><span class='ocrx_word' id='word_1_817' title='bbox 230 2818 248 2830; x_wconf 87' lang='lat'><strong>&quot;‘</strong></span> <span class='ocrx_word' id='word_1_818' title='bbox 265 2818 330 2844; x_wconf 77' lang='lat' dir='ltr'><strong>Gen.</strong></span> <span class='ocrx_word' id='word_1_819' title='bbox 347 2825 412 2847; x_wconf 79' lang='lat' dir='ltr'><strong>xvn.</strong></span> <span class='ocrx_word' id='word_1_820' title='bbox 429 2811 456 2847; x_wconf 17' lang='lat' dir='ltr'><strong>ir;</strong></span> <span class='ocrx_word' id='word_1_821' title='bbox 476 2824 541 2846; x_wconf 76' lang='lat' dir='ltr'><strong>ml,</strong></span> <span class='ocrx_word' id='word_1_822' title='bbox 559 2815 606 2845; x_wconf 61' lang='lat' dir='ltr'><strong>id;</strong></span> <span class='ocrx_word' id='word_1_823' title='bbox 626 2822 697 2842; x_wconf 70' lang='lat' dir='ltr'><strong>xxu.</strong></span> <span class='ocrx_word' id='word_1_824' title='bbox 718 2814 740 2844; x_wconf 81' lang='lat' dir='ltr'><strong>i,</strong></span> <span class='ocrx_word' id='word_1_825' title='bbox 757 2812 789 2843; x_wconf 66' lang='grc' dir='ltr'>ἧς</span> <span class='ocrx_word' id='word_1_826' title='bbox 808 2811 886 2838; x_wconf 72' lang='lat' dir='ltr'><strong>llom.</strong></span> <span class='ocrx_word' id='word_1_827' title='bbox 902 2818 938 2843; x_wconf 84' lang='lat' dir='ltr'><strong>Iv,</strong></span> <span class='ocrx_word' id='word_1_828' title='bbox 954 2811 996 2837; x_wconf 73' lang='lat' dir='ltr'><strong>t7.</strong></span> 
     </span>
    </p>
   </div>
   <div class='ocr_carea' id='block_1_107' title="bbox 230 2853 442 2883">
    <p class='ocr_par' dir='ltr' id='par_1_107' title="bbox 230 2853 442 2883">
     <span class='ocr_line' id='line_1_107' title="bbox 230 2853 442 2883; baseline -0.005 -4"><span class='ocrx_word' id='word_1_829' title='bbox 230 2855 249 2868; x_wconf 87' lang='lat'><strong>&quot;</strong></span> <span class='ocrx_word' id='word_1_830' title='bbox 263 2853 339 2879; x_wconf 77' lang='lat' dir='ltr'><strong>Juan.</strong></span> <span class='ocrx_word' id='word_1_831' title='bbox 354 2854 442 2883; x_wconf 65' lang='grc' dir='ltr'>ιιι-,9.</span> 
     </span>
    </p>
   </div>
   <div class='ocr_carea' id='block_1_108' title="bbox 1065 2241 1853 2279">
    <p class='ocr_par' dir='ltr' id='par_1_108' title="bbox 1065 2241 1853 2279">
     <span class='ocr_line' id='line_1_108' title="bbox 1065 2241 1853 2279; baseline -0.005 -8"><span class='ocrx_word' id='word_1_832' title='bbox 1065 2245 1226 2279; x_wconf 65' lang='grc' dir='ltr'>ἐπιφάνειαν</span> <span class='ocrx_word' id='word_1_833' title='bbox 1255 2244 1285 2270; x_wconf 82' lang='grc' dir='ltr'>οὺ</span> <span class='ocrx_word' id='word_1_834' title='bbox 1314 2243 1393 2279; x_wconf 90' lang='grc' dir='ltr'>μόνον</span> <span class='ocrx_word' id='word_1_835' title='bbox 1415 2242 1550 2277; x_wconf 82' lang='grc' dir='ltr'>ἀγγέλων,</span> <span class='ocrx_word' id='word_1_836' title='bbox 1577 2241 1644 2268; x_wconf 86' lang='grc' dir='ltr'><strong>ἀλλά</strong></span> <span class='ocrx_word' id='word_1_837' title='bbox 1664 2242 1714 2268; x_wconf 76' lang='grc' dir='ltr'>καὶ</span> <span class='ocrx_word' id='word_1_838' title='bbox 1741 2241 1812 2268; x_wconf 79' lang='grc' dir='ltr'>Θεοῦ</span> <span class='ocrx_word' id='word_1_839' title='bbox 1835 2242 1853 2266; x_wconf 51' lang='grc' dir='ltr'><strong>ἐκ</strong></span> 
     </span>
    </p>
   </div>
   <div class='ocr_carea' id='block_1_109' title="bbox 1065 2284 1853 2325">
    <p class='ocr_par' dir='ltr' id='par_1_109' title="bbox 1065 2284 1853 2325">
     <span class='ocr_line' id='line_1_109' title="bbox 1065 2284 1853 2325; baseline -0.005 -9"><span class='ocrx_word' id='word_1_840' title='bbox 1065 2289 1192 2325; x_wconf 79' lang='grc' dir='ltr'>Χριστῷ·</span> <span class='ocrx_word' id='word_1_841' title='bbox 1210 2288 1257 2315; x_wconf 73' lang='grc' dir='ltr'><strong>καὶ</strong></span> <span class='ocrx_word' id='word_1_842' title='bbox 1274 2289 1344 2324; x_wconf 77' lang='grc' dir='ltr'>τάχα</span> <span class='ocrx_word' id='word_1_843' title='bbox 1358 2287 1475 2324; x_wconf 81' lang='grc' dir='ltr'>ὁρῶντες</span> <span class='ocrx_word' id='word_1_844' title='bbox 1496 2287 1545 2323; x_wconf 83' lang='grc' dir='ltr'>τὴν</span> <span class='ocrx_word' id='word_1_845' title='bbox 1561 2287 1653 2314; x_wconf 72' lang='grc' dir='ltr'>εἰκόνα</span> <span class='ocrx_word' id='word_1_846' title='bbox 1667 2286 1716 2313; x_wconf 81' lang='grc' dir='ltr'>τοῦ</span> <span class='ocrx_word' id='word_1_847' title='bbox 1731 2286 1803 2313; x_wconf 79' lang='grc' dir='ltr'>Θεοῦ</span> <span class='ocrx_word' id='word_1_848' title='bbox 1818 2284 1853 2312; x_wconf 64' lang='grc' dir='ltr'>τοῦ</span> 
     </span>
    </p>
   </div>
   <div class='ocr_carea' id='block_1_110' title="bbox 1066 2332 1853 2372">
    <p class='ocr_par' dir='ltr' id='par_1_110' title="bbox 1066 2332 1853 2372">
     <span class='ocr_line' id='line_1_110' title="bbox 1066 2332 1853 2372; baseline -0.005 -10"><span class='ocrx_word' id='word_1_849' title='bbox 1066 2336 1182 2372; x_wconf 78' lang='grc' dir='ltr'>ἀοράτου</span> <span class='ocrx_word' id='word_1_850' title='bbox 1201 2335 1209 2370; x_wconf 91' lang='grc'>(</span> <span class='ocrx_word' id='word_1_851' title='bbox 1218 2335 1279 2362; x_wconf 77' lang='grc' dir='ltr'>ἐπεὶ</span> <span class='ocrx_word' id='word_1_852' title='bbox 1292 2335 1305 2361; x_wconf 84' lang='grc' dir='ltr'><strong>ὁ</strong></span> <span class='ocrx_word' id='word_1_853' title='bbox 1329 2334 1460 2370; x_wconf 78' lang='grc' dir='ltr'>ἑωρακὼς</span> <span class='ocrx_word' id='word_1_854' title='bbox 1477 2334 1524 2361; x_wconf 85' lang='grc' dir='ltr'><strong>τὸν</strong></span> <span class='ocrx_word' id='word_1_855' title='bbox 1541 2333 1605 2360; x_wconf 81' lang='grc' dir='ltr'>Υξδν</span> <span class='ocrx_word' id='word_1_856' title='bbox 1620 2332 1731 2368; x_wconf 75' lang='grc' dir='ltr'>ἑώρακε</span> <span class='ocrx_word' id='word_1_857' title='bbox 1745 2333 1794 2359; x_wconf 74' lang='grc' dir='ltr'>τὸν</span> <span class='ocrx_word' id='word_1_858' title='bbox 1807 2333 1853 2358; x_wconf 82' lang='grc' dir='ltr'><strong>Πα-</strong></span> 
     </span>
    </p>
   </div>
   <div class='ocr_carea' id='block_1_111' title="bbox 1065 2376 1853 2417">
    <p class='ocr_par' dir='ltr' id='par_1_111' title="bbox 1065 2376 1853 2417">
     <span class='ocr_line' id='line_1_111' title="bbox 1065 2376 1853 2417; baseline -0.005 -9"><span class='ocrx_word' id='word_1_859' title='bbox 1065 2382 1161 2417; x_wconf 83' lang='grc' dir='ltr'>τέρα),</span> <span class='ocrx_word' id='word_1_860' title='bbox 1188 2380 1430 2416; x_wconf 83' lang='grc' dir='ltr'>ἀναγεγραμμένοι</span> <span class='ocrx_word' id='word_1_861' title='bbox 1457 2379 1511 2406; x_wconf 74' lang='grc' dir='ltr'><strong>εῑσὶ</strong></span> <span class='ocrx_word' id='word_1_862' title='bbox 1536 2379 1604 2406; x_wconf 79' lang='grc' dir='ltr'>Θεὸν</span> <span class='ocrx_word' id='word_1_863' title='bbox 1625 2379 1792 2413; x_wconf 79' lang='grc' dir='ltr'>νενοηκότες</span> <span class='ocrx_word' id='word_1_864' title='bbox 1818 2376 1853 2404; x_wconf 68' lang='lat' dir='ltr'><strong>ml</strong></span> 
     </span>
    </p>
   </div>
   <div class='ocr_carea' id='block_1_112' title="bbox 1065 2424 1853 2462">
    <p class='ocr_par' dir='ltr' id='par_1_112' title="bbox 1065 2424 1853 2462">
     <span class='ocr_line' id='line_1_112' title="bbox 1065 2424 1853 2462; baseline -0.008 -7"><span class='ocrx_word' id='word_1_865' title='bbox 1065 2428 1132 2455; x_wconf 79' lang='grc' dir='ltr'>Θεοῦ</span> <span class='ocrx_word' id='word_1_866' title='bbox 1145 2427 1232 2462; x_wconf 88' lang='grc' dir='ltr'>λόγων</span> <span class='ocrx_word' id='word_1_867' title='bbox 1246 2426 1406 2462; x_wconf 85' lang='grc' dir='ltr'>θεοπρεπῶς</span> <span class='ocrx_word' id='word_1_868' title='bbox 1427 2426 1575 2461; x_wconf 80' lang='grc' dir='ltr'>ἀκηκοότες</span> <span class='ocrx_word' id='word_1_869' title='bbox 1585 2445 1592 2457; x_wconf 91' lang='grc'><strong>,</strong></span> <span class='ocrx_word' id='word_1_870' title='bbox 1609 2425 1769 2461; x_wconf 75' lang='grc' dir='ltr'>ἑωρακέναι</span> <span class='ocrx_word' id='word_1_871' title='bbox 1787 2424 1853 2450; x_wconf 68' lang='grc' dir='ltr'>Θεὸν</span> 
     </span>
    </p>
   </div>
   <div class='ocr_carea' id='block_1_113' title="bbox 1065 2469 1853 2508">
    <p class='ocr_par' dir='ltr' id='par_1_113' title="bbox 1065 2469 1853 2508">
     <span class='ocr_line' id='line_1_113' title="bbox 1065 2469 1853 2508; baseline -0.009 -7"><span class='ocrx_word' id='word_1_872' title='bbox 1065 2475 1111 2501; x_wconf 77' lang='grc' dir='ltr'>καὶ</span> <span class='ocrx_word' id='word_1_873' title='bbox 1128 2474 1276 2508; x_wconf 80' lang='grc' dir='ltr'>ἀκηκοέναι</span> <span class='ocrx_word' id='word_1_874' title='bbox 1300 2471 1383 2499; x_wconf 74' lang='grc' dir='ltr'>αὐτοῦ</span> <span class='ocrx_word' id='word_1_875' title='bbox 1394 2492 1401 2498; x_wconf 91' lang='grc'><em>.</em></span> <span class='ocrx_word' id='word_1_876' title='bbox 1425 2471 1496 2506; x_wconf 86' lang='grc' dir='ltr'><strong>Ἐγὼ</strong></span> <span class='ocrx_word' id='word_1_877' title='bbox 1514 2471 1536 2498; x_wconf 80' lang='grc' dir='ltr'>δ’</span> <span class='ocrx_word' id='word_1_878' title='bbox 1551 2469 1637 2506; x_wconf 80' lang='grc' dir='ltr'>οἶμαι,</span> <span class='ocrx_word' id='word_1_879' title='bbox 1653 2471 1696 2497; x_wconf 69' lang='grc' dir='ltr'>ὅτι</span> <span class='ocrx_word' id='word_1_880' title='bbox 1712 2471 1737 2497; x_wconf 85' lang='lat' dir='ltr'><strong>oi</strong></span> <span class='ocrx_word' id='word_1_881' title='bbox 1754 2469 1853 2498; x_wconf 60' lang='lat' dir='ltr'><strong>salsas;</strong></span> 
     </span>
    </p>
   </div>
   <div class='ocr_carea' id='block_1_114' title="bbox 1065 2514 1853 2555">
    <p class='ocr_par' dir='ltr' id='par_1_114' title="bbox 1065 2514 1853 2555">
     <span class='ocr_line' id='line_1_114' title="bbox 1065 2514 1853 2555; baseline -0.008 -9"><span class='ocrx_word' id='word_1_882' title='bbox 1065 2521 1111 2546; x_wconf 75' lang='grc' dir='ltr'>καὶ</span> <span class='ocrx_word' id='word_1_883' title='bbox 1128 2520 1248 2555; x_wconf 87' lang='grc' dir='ltr'>γνησίως</span> <span class='ocrx_word' id='word_1_884' title='bbox 1273 2519 1324 2545; x_wconf 79' lang='grc' dir='ltr'>υἱοὶ</span> <span class='ocrx_word' id='word_1_885' title='bbox 1349 2518 1397 2545; x_wconf 84' lang='grc' dir='ltr'><strong>τοῦ</strong></span> <span class='ocrx_word' id='word_1_886' title='bbox 1419 2517 1544 2553; x_wconf 77' lang='grc' dir='ltr'>Ἀϐραὰμ</span> <span class='ocrx_word' id='word_1_887' title='bbox 1557 2536 1564 2549; x_wconf 86' lang='grc'><strong>,</strong></span> <span class='ocrx_word' id='word_1_888' title='bbox 1584 2516 1639 2543; x_wconf 87' lang='grc' dir='ltr'><strong>τῶν</strong></span> <span class='ocrx_word' id='word_1_889' title='bbox 1666 2514 1853 2551; x_wconf 64' lang='grc' dir='ltr'>πνευματικᾶπ</span> 
     </span>
    </p>
   </div>
   <div class='ocr_carea' id='block_1_115' title="bbox 1066 2563 1853 2601">
    <p class='ocr_par' dir='ltr' id='par_1_115' title="bbox 1066 2563 1853 2601">
     <span class='ocr_line' id='line_1_115' title="bbox 1066 2563 1853 2601; baseline -0.009 -8"><span class='ocrx_word' id='word_1_890' title='bbox 1066 2566 1218 2601; x_wconf 81' lang='grc' dir='ltr'>νοουμένων</span> <span class='ocrx_word' id='word_1_891' title='bbox 1233 2565 1359 2601; x_wconf 77' lang='grc' dir='ltr'>πράξεων</span> <span class='ocrx_word' id='word_1_892' title='bbox 1377 2563 1458 2591; x_wconf 79' lang='grc' dir='ltr'>αὑτοῦ</span> <span class='ocrx_word' id='word_1_893' title='bbox 1474 2565 1543 2591; x_wconf 86' lang='grc' dir='ltr'>εἰσιν</span> <span class='ocrx_word' id='word_1_894' title='bbox 1556 2563 1608 2590; x_wconf 72' lang='grc' dir='ltr'>υἱοὶ</span> <span class='ocrx_word' id='word_1_895' title='bbox 1619 2583 1626 2594; x_wconf 90' lang='grc'><strong>,</strong></span> <span class='ocrx_word' id='word_1_896' title='bbox 1646 2563 1697 2589; x_wconf 71' lang='grc' dir='ltr'>καὶ</span> <span class='ocrx_word' id='word_1_897' title='bbox 1712 2563 1764 2598; x_wconf 81' lang='grc' dir='ltr'>τῆς</span> <span class='ocrx_word' id='word_1_898' title='bbox 1782 2569 1853 2596; x_wconf 63' lang='lat' dir='ltr'><strong>(pave-</strong></span> 
     </span>
    </p>
   </div>
   <div class='ocr_carea' id='block_1_116' title="bbox 1068 2608 1853 2647">
    <p class='ocr_par' dir='ltr' id='par_1_116' title="bbox 1068 2608 1853 2647">
     <span class='ocr_line' id='line_1_116' title="bbox 1068 2608 1853 2647; baseline -0.006 -9"><span class='ocrx_word' id='word_1_899' title='bbox 1068 2612 1200 2647; x_wconf 85' lang='grc' dir='ltr'>ρωθείσης</span> <span class='ocrx_word' id='word_1_900' title='bbox 1227 2610 1300 2646; x_wconf 58' lang='grc' dir='ltr'>αὐτῷ</span> <span class='ocrx_word' id='word_1_901' title='bbox 1315 2610 1442 2644; x_wconf 83' lang='grc' dir='ltr'>γνώσεως</span> <span class='ocrx_word' id='word_1_902' title='bbox 1455 2629 1462 2641; x_wconf 83' lang='grc'><strong>,</strong></span> <span class='ocrx_word' id='word_1_903' title='bbox 1489 2609 1544 2635; x_wconf 84' lang='grc' dir='ltr'><strong>τῶν</strong></span> <span class='ocrx_word' id='word_1_904' title='bbox 1565 2608 1663 2644; x_wconf 76' lang='grc' dir='ltr'>ἐκείνῳ</span> <span class='ocrx_word' id='word_1_905' title='bbox 1685 2608 1853 2642; x_wconf 65' lang='grc' dir='ltr'>γνωσθέντωι</span> 
     </span>
    </p>
   </div>
   <div class='ocr_carea' id='block_1_117' title="bbox 1066 2655 1853 2693">
    <p class='ocr_par' dir='ltr' id='par_1_117' title="bbox 1066 2655 1853 2693">
     <span class='ocr_line' id='line_1_117' title="bbox 1066 2655 1853 2693; baseline -0.009 -8"><span class='ocrx_word' id='word_1_906' title='bbox 1066 2658 1114 2685; x_wconf 74' lang='grc' dir='ltr'>καὶ</span> <span class='ocrx_word' id='word_1_907' title='bbox 1147 2657 1322 2693; x_wconf 80' lang='grc' dir='ltr'>πραχθέντων</span> <span class='ocrx_word' id='word_1_908' title='bbox 1352 2655 1533 2691; x_wconf 78' lang='grc' dir='ltr'>ἐγγινομένων</span> <span class='ocrx_word' id='word_1_909' title='bbox 1562 2656 1619 2685; x_wconf 80' lang='grc' dir='ltr'>τοῖς</span> <span class='ocrx_word' id='word_1_910' title='bbox 1645 2655 1853 2689; x_wconf 73' lang='grc' dir='ltr'>χρηματίζουσιι</span> 
     </span>
    </p>
   </div>
   <div class='ocr_carea' id='block_1_118' title="bbox 1066 2701 1853 2739">
    <p class='ocr_par' dir='ltr' id='par_1_118' title="bbox 1066 2701 1853 2739">
     <span class='ocr_line' id='line_1_118' title="bbox 1066 2701 1853 2739; baseline -0.005 -9"><span class='ocrx_word' id='word_1_911' title='bbox 1066 2704 1134 2735; x_wconf 83' lang='grc' dir='ltr'>υἱοῖς</span> <span class='ocrx_word' id='word_1_912' title='bbox 1160 2704 1206 2730; x_wconf 83' lang='grc' dir='ltr'>τοῦ</span> <span class='ocrx_word' id='word_1_913' title='bbox 1229 2704 1416 2739; x_wconf 75' lang='grc' dir='ltr'>πατριάρχου,</span> <span class='ocrx_word' id='word_1_914' title='bbox 1435 2702 1507 2729; x_wconf 77' lang='grc' dir='ltr'>καθὰ</span> <span class='ocrx_word' id='word_1_915' title='bbox 1529 2701 1650 2729; x_wconf 78' lang='grc' dir='ltr'>διδάσκει</span> <span class='ocrx_word' id='word_1_916' title='bbox 1669 2703 1735 2733; x_wconf 79' lang='grc' dir='ltr'>τοὺς</span> <span class='ocrx_word' id='word_1_917' title='bbox 1752 2702 1853 2736; x_wconf 61' lang='grc' dir='ltr'>ἔχοντες</span> 
     </span>
    </p>
   </div>
   <div class='ocr_carea' id='block_1_119' title="bbox 1094 2769 1853 2805">
    <p class='ocr_par' dir='ltr' id='par_1_119' title="bbox 1094 2769 1853 2805">
     <span class='ocr_line' id='line_1_119' title="bbox 1094 2769 1853 2805; baseline -0.009 -4"><span class='ocrx_word' id='word_1_918' title='bbox 1094 2776 1114 2790; x_wconf 80' lang='lat'><strong><em>“</em></strong></span> <span class='ocrx_word' id='word_1_919' title='bbox 1126 2774 1203 2805; x_wconf 51' lang='lat' dir='ltr'><strong>Jﬂn.</strong></span> <span class='ocrx_word' id='word_1_920' title='bbox 1221 2782 1249 2805; x_wconf 81' lang='grc' dir='ltr'><strong>ν,</strong></span> <span class='ocrx_word' id='word_1_921' title='bbox 1268 2774 1309 2801; x_wconf 84' lang='lat' dir='ltr'><strong>l7.</strong></span> <span class='ocrx_word' id='word_1_922' title='bbox 1347 2773 1366 2788; x_wconf 89' lang='grc'><strong>¹⁷</strong></span> <span class='ocrx_word' id='word_1_923' title='bbox 1382 2772 1463 2799; x_wconf 75' lang='lat' dir='ltr'><strong>Marc.</strong></span> <span class='ocrx_word' id='word_1_924' title='bbox 1478 2779 1530 2801; x_wconf 80' lang='lat' dir='ltr'><strong>xu.</strong></span> <span class='ocrx_word' id='word_1_925' title='bbox 1546 2771 1589 2797; x_wconf 74' lang='grc' dir='ltr'><strong>ἳϐ.</strong></span> <span class='ocrx_word' id='word_1_926' title='bbox 1632 2770 1654 2786; x_wconf 88' lang='grc'><strong>¹¹¹</strong></span> <span class='ocrx_word' id='word_1_927' title='bbox 1668 2770 1750 2797; x_wconf 70' lang='lat' dir='ltr'><strong>“orn.</strong></span> <span class='ocrx_word' id='word_1_928' title='bbox 1765 2778 1803 2800; x_wconf 75' lang='lat' dir='ltr'><strong>tv.</strong></span> <span class='ocrx_word' id='word_1_929' title='bbox 1822 2769 1853 2795; x_wconf 67' lang='grc' dir='ltr'><strong>Ηε</strong></span> 
     </span>
    </p>
   </div>
   <div class='ocr_carea' id='block_1_120' title="bbox 1054 2806 1853 2838">
    <p class='ocr_par' dir='ltr' id='par_1_120' title="bbox 1054 2806 1853 2838">
     <span class='ocr_line' id='line_1_120' title="bbox 1054 2806 1853 2838; baseline -0.006 -1"><span class='ocrx_word' id='word_1_930' title='bbox 1054 2810 1078 2826; x_wconf 83' lang='grc'><strong>¹⁶</strong></span> <span class='ocrx_word' id='word_1_931' title='bbox 1094 2806 1165 2838; x_wconf 77' lang='lat' dir='ltr'><strong>l‘sai.</strong></span> <span class='ocrx_word' id='word_1_932' title='bbox 1185 2819 1240 2837; x_wconf 55' lang='grc' dir='ltr'>(ιιι.</span> <span class='ocrx_word' id='word_1_933' title='bbox 1256 2811 1282 2836; x_wconf 77' lang='grc'><strong>5.</strong></span> <span class='ocrx_word' id='word_1_934' title='bbox 1341 2810 1360 2824; x_wconf 86' lang='grc'><strong>²¹</strong></span> <span class='ocrx_word' id='word_1_935' title='bbox 1379 2808 1456 2835; x_wconf 81' lang='lat' dir='ltr'><strong>.loan.</strong></span> <span class='ocrx_word' id='word_1_936' title='bbox 1476 2815 1528 2837; x_wconf 67' lang='lat' dir='ltr'><strong>HV,</strong></span> <span class='ocrx_word' id='word_1_937' title='bbox 1546 2807 1573 2832; x_wconf 76' lang='grc' dir='ltr'><strong>ὓ.</strong></span> <span class='ocrx_word' id='word_1_938' title='bbox 1617 2807 1640 2821; x_wconf 84' lang='grc'><strong>¹¹</strong></span> <span class='ocrx_word' id='word_1_939' title='bbox 1654 2806 1750 2834; x_wconf 68' lang='lat' dir='ltr'><strong>Colos.</strong></span> <span class='ocrx_word' id='word_1_940' title='bbox 1779 2814 1799 2835; x_wconf 85' lang='lat' dir='ltr'><strong>I.</strong></span> <span class='ocrx_word' id='word_1_941' title='bbox 1820 2806 1853 2832; x_wconf 60' lang='lat' dir='ltr'><strong>{In</strong></span> 
     </span>
    </p>
   </div>
  </div>
