1865 3041
0 137 40 165 ,05
537 136 717 164 COMMENT.
735 136 766 163 IN
785 135 880 163 JOAN.
900 134 1019 162 TOMUS
1039 134 1082 162 Vl.

1563 133 1616 161 206

0 203 56 227 tta.
70 194 176 229 λέγων·
197 203 206 219 ε
227 194 258 220 Ei
276 194 358 221 τέκνα
375 193 421 221 τοῦ
443 193 568 229 Ἀϐραὰμ
583 192 644 230 ἦτε,
661 195 695 221 τὰ
712 194 780 230 ἔργα

881 194 893 219 ιί
914 194 960 221 lilii
974 194 1111 220 Abraham
1135 193 1252 224 essetis,
1276 200 1358 227 opera
1383 192 1498 219 Abrahae
1512 191 1617 220 facere-

0 240 31 267 οὗ
62 240 191 276 Ἀϐραὰμ
217 240 344 267 εποιεῖτε.
358 250 367 265 t
393 240 449 267 Καὶ
471 241 494 266 εί
511 250 520 265 ι
539 240 620 275 σοφὸς
637 241 727 276 νοήσει
745 241 779 268 τὰ

4 287 39 313 πὸ
56 286 123 313 ἰδίου
137 286 281 321 στόματος,
291 287 337 313 ὲτέι
350 286 379 313 δὲ
393 286 495 321 χείλεσι
503 286 613 322 φορέσιι
623 287 778 322 ὲπιγνωμο-

1 332 84 368 ὑνην,
98 342 107 358 ν
123 333 272 366 ἀναγκαῖον
282 332 341 367 ἦτοι
353 332 498 368 προπετῶς
514 332 705 368 ἀποφήνασθαί
719 341 780 359 τινα

0 379 50 415 περὶ
69 378 239 414 προφητῶν,
259 378 297 410 ὡς
313 379 344 404 οὺ
367 377 455 412 σοφῶν
471 377 513 414 (εἰ
529 378 567 414 μὴ
582 379 725 411 νενοήκασι
746 378 781 405 τὰ

5 423 38 449 πὸ
54 423 103 450 τοῦ
125 423 191 450 ἰδίου
221 422 378 458 στόματος),
394 423 410 458 ἦ
427 423 458 449 τὺ
475 422 598 458 εὔφημον
612 424 659 450 καὶ
682 423 781 459 ἀληθὲς

0 468 245 504 παραδεξαμένους,
260 469 300 495 ὃτι
316 465 386 503 ἦσαν
400 468 425 494 οἱ
443 468 580 504 προφῆται
601 469 678 504 σοφοὶ
688 489 695 501 ,
716 470 781 504 ὁμο-

0 516 76 549 ογεῖν
87 514 245 550 νενοηκέναι
258 514 357 546 αὐτοὺς
369 513 423 541 ἀπὸ
438 514 502 541 ίδίου
521 515 663 550 στόματος,
678 515 724 542 καὶ
736 515 782 542 ἐπὶ

0 562 42 592 οἷς
57 560 165 596 χείλεσι
189 562 376 596 πεφορηκέναι
406 561 456 596 τὴν
471 561 715 597 ὲπιγνωμοσύνην·
734 562 781 588 καὶ

1 609 83 644 ἧλον,
109 608 151 635 ὅτι
173 608 275 643 Μωσῆς
293 607 367 643 ἑώρα
394 607 434 642 τῷ
457 607 497 634 νοῒ
520 608 570 644 τὴν
589 607 718 643 ἀλήθειαν
735 607 781 634 τοῦ

0 655 91 690 ὁμου,
119 655 167 681 καὶ
191 654 241 685 τὰς
271 654 341 681 κατὰ
368 654 514 689 ἀναγωγὴν
543 654 708 690 ἀλληγορίας
728 654 782 680 τῶν

0 700 246 736 ,ναγεγραμμένων
271 701 336 736 παρ’
359 700 434 736 αὐτῷ
461 700 596 736 ἱστοριῶν.
631 700 733 736 Ίησοῦς
754 701 782 727 δὲ

0 747 37 782 ὴν
56 746 148 782 ἀληθῆ
170 747 346 783 κληροδοσίαν
360 746 510 782 γενομένην
535 746 603 782 μετὰ
618 747 668 782 τὴν
688 747 784 774 καθαί-

0 802 66 819 -εσιν
84 793 140 820 τῶν
155 793 242 820 εἴκοσι
259 793 306 820 καὶ
319 793 398 819 ἐννέα
414 793 546 829 βασιλέων
563 793 664 824 συνίει,
684 794 783 828 μᾶλλον

0 840 70 875 ly.th
85 839 236 874 δυνάμενος
254 840 370 874 συνορᾷν
386 839 468 867 τίνων
484 839 592 875 ἀληθῶν
607 840 682 866 σκιαὶ
705 840 784 874 ἐτύγ-

0 893 70 912 ἀνον
92 885 130 912 τὰ
145 885 180 912 δι’
195 885 276 912 αὑτοῦ
293 885 500 920 ἐπιτελούμενα.
525 885 610 921 Δῆλον
632 885 654 912 δ’
671 886 712 912 ὅτι
737 886 784 912 καὶ
802 875 822 902 Β

3 931 114 963 Hann;
144 931 175 957 τὸ
206 931 354 966 μυστήριον
375 931 448 967 ἐώρα
471 930 519 958 τοῦ
542 932 587 957 ἐπὶ
612 931 659 958 τοῦ
688 931 784 966 θρόνου

0 976 188 1012 ιαθεζομένου,
208 976 255 1003 καὶ
275 976 329 1003 τῶν
345 976 391 1004 δύο
405 977 539 1013 σεραφὶμ,
557 976 671 1003 καὶτῶν
688 977 786 1013 πτερύο

0 1031 45 1049 ’ων
63 1022 160 1054 αὑτοῦ,
178 1022 228 1050 τοῦ
248 1031 279 1050 τε
299 1023 492 1059 θυσιαστηρίου
514 1023 562 1050 καὶ
584 1023 633 1058 τῆς
657 1023 784 1055 λαϐίδος,

0 1070 36 1095 ul.
52 1068 104 1104 τῆς
118 1068 311 1103 ὲπικαλύψεως
334 1067 380 1094 τοῦ
405 1067 551 1104 προσώπου
565 1089 572 1099 ,
594 1069 641 1095 καὶ
658 1068 712 1096 τῶν
739 1077 786 1095 πο-

0 1115 53 1142 ιῶν.
79 1114 229 1150 γινομένης
256 1115 309 1142 ὑπὸ
330 1114 383 1140 τῶν
406 1115 536 1151 σεραφίμ.
561 1115 690 1150 Ἰεζεκιὴλ
706 1115 735 1142 δὲ
752 1116 786 1142 rit

0 1162 137 1197 εερουσὶμ,
152 1161 199 1187 καὶ¹
216 1161 264 1197 τὴν
280 1162 392 1198 πορείαν
413 1162 514 1194 αὐτῶν,
531 1162 578 1188 καὶ
593 1161 624 1188 τὸ
640 1162 682 1188 ἐπ’
697 1162 786 1188 αὐτῶν

0 1207 154 1242 ιτερέωμα,
176 1207 225 1233 καὶ
247 1206 302 1233 τῶν
319 1207 558 1243 ὲπικαθεζομένων
578 1207 617 1243 τῷ
634 1207 732 1243 θρόνῳ,
750 1205 786 1235 ὧν

0 1253 17 1278 τί
30 1252 64 1279 ἂν
81 1252 126 1288 εἴη
147 1251 317 1287 ἐνδοξότερον
336 1253 384 1279 καὶ
402 1252 585 1288 ὑψηλότερον;
609 1253 663 1280 Καὶ
682 1253 726 1279 ἴνα
749 1253 787 1289 μὴ

0 1298 74 1325 ιαθὲν
90 1298 181 1332 λέγων
207 1298 254 1325 ἐπὶ
278 1298 345 1325 πολὺ
360 1298 474 1334 μηκύνω
493 1299 539 1325 τὸν
554 1299 642 1334 λόγον,
660 1299 788 1335 βουλόμε-

0 1353 35 1376 n;
55 1344 274 1377 κατασκευάζειν
293 1345 344 1372 οὐκ
355 1345 464 1372 ἔλαττον
486 1345 541 1372 τῶν
556 1347 613 1378 τοῖς
629 1347 788 1378 ἀποστόλοις

0 1391 45 1418 ire
63 1391 186 1427 Χριστοῦ
205 1392 454 1427 ἀποκαλυφοέντων
471 1393 621 1428 ἐγνωκέναι
634 1395 697 1426 τοὺς
711 1402 788 1420 τετε-

0 1437 158 1472 ίειωμένους
174 1438 204 1464 ὲν
218 1439 279 1470 ταῖς
291 1438 438 1474 προτέραις
453 1440 571 1472 γενεαῖς,
581 1439 787 1466 ἀποκαλύπτον-

0 1492 36 1515 τος
55 1484 152 1516 αὐτοῖς
167 1483 215 1510 τοῦ
237 1484 285 1511 καὶ
306 1485 369 1516 τοὺς
393 1485 558 1517 ἀποστόλους
577 1485 731 1519 διδάξαντος
755 1487 789 1513 τὰ

1 1530 140 1565 memet:
164 1529 214 1565 τῆς
242 1530 395 1562 οεοσεεείας
411 1532 559 1567 μυστήρια,
578 1531 617 1558 ἔτι
641 1532 696 1567 (7-1)
711 1532 789 1566 ὀλίγα

2 1575 124 1611 προσθεὶς
149 1575 253 1611 κρίνειν
273 1576 329 1608 τοῖς
356 1576 550 1612 ἐντυγχάνουσι
575 1577 728 1613 καταλείψω
744 1579 790 1605 καὶ

3 1621 9 1646 i
33 1621 175 1656 βούλονται
197 1621 262 1656 περὶ
278 1621 380 1648 τούτων
397 1623 519 1648 σκοπεῖν.
543 1622 612 1657 Φησὶ
629 1622 683 1659 γὰρ
708 1623 737 1649 ὲν
755 1625 789 1660 τῇ

4 1668 62 1702 πρὸς
86 1667 152 1698 τοὺς
181 1667 336 1703 Ῥωμαίους
345 1668 485 1703 Ἐπιστολῇ
509 1669 523 1694 ὁ
540 1668 655 1701 Παῦλος·
676 1669 742 1704 (Τῷ
761 1669 790 1696 δὲ

5 1713 137 1748 ιυναμένῳ
154 1714 228 1749 ὑμᾶς
250 1713 375 1750 στηρίξαι
396 1713 466 1741 κατὰ
479 1715 509 1740 τὸ
526 1715 692 1750 Εὐαγγέλιάν
719 1724 769 1751 μου
781 1737 788 1749 ,

6 1760 66 1786 cui
77 1760 252 1795 ἀποκάλυψιν
270 1760 432 1796 μυστηρίου,
455 1761 559 1798 χρόνοις
578 1762 698 1794 αἰωνίοις
717 1771 790 1789 σεσι-

8 1806 128 1841 γημένου,
147 1806 351 1843 φανερωθέντος
369 1806 397 1833 δὲ
413 1807 460 1834 νῦν
481 1807 526 1834 διά
543 1816 572 1834 τε
585 1808 698 1844 γραφῶν
724 1817 791 1844 προ-

9 1853 136 1886 ξητικῶν,
162 1853 210 1879 καὶ
233 1853 283 1889 τῆς
311 1853 472 1888 ἐπιφανείας
501 1852 548 1880 τοῦ
580 1854 684 1890 Κυρίου
712 1854 791 1890 ἡμῶν

10 1897 90 1932 ’1ητοῦ
107 1898 237 1934 Χριστοῦ.
252 1908 261 1924 ι
285 1899 317 1926 Εἰ
338 1901 392 1934 γὰρ
415 1899 459 1926 διὰ
476 1899 589 1935 γραφῶν
614 1899 790 1935 προφητικῶν

11 1942 27 1968 τὺ
44 1943 127 1970 πάλαι
146 1944 351 1980 σεσιωπημὲνον
368 1945 516 1981 μυστήριον
530 1946 722 1982 πεφανέρωται
735 1947 791 1978 τοῖς

12 1989 175 2022 ιποστόλοις,
196 1991 243 2017 καὶ
261 1991 286 2017 οἱ
304 1991 442 2027 προφῆται
466 1992 558 2018 ἐνόουν
579 1993 615 2018 τὰ
641 1992 696 2019 ἀπὸ
725 1993 790 2019 ἰδίου

13 2035 149 2071 πόματος,
167 2037 215 2064 ἅτε
239 2037 315 2069 ὅντες
339 2038 428 2073 σοφοὶ,
449 2038 485 2065 τὰ
504 2040 721 2075 πεφανερωμένα
735 2040 791 2071 τοῖς

14 2083 159 2114 ιποστόλοις
177 2083 203 2109 οί
232 2084 371 2119 προφῆται
399 2084 510 2119 ᾔδεσαν.
539 2085 614 2112 Ἐπεὶ
634 2085 662 2112 δὲ
685 2085 791 2118 πολλοῖς

16 2129 49 2155 I'n:
72 2130 282 2157 ἀπεκαλύπτετο
301 2130 368 2166 (75),
390 2130 435 2157 διὰ
453 2130 533 2157 τοῦτό
548 2139 628 2167 φησιν
646 2132 660 2157 ὁ
677 2131 790 2163 Παῦλος·

30 2176 153 2212 Ἐτέραις
165 2178 272 2212 γενεαῖς
284 2177 334 2204 οὐκ
346 2177 500 2213 ἐγνωρίσθη
513 2178 570 2209 τοῖς
583 2178 651 2209 υίοῖς
669 2177 724 2204 τῶν
744 2178 792 2204 ἀν-

18 2222 114 2259 ρὼπων
124 2244 131 2256 ,
148 2223 186 2255 ὡς
201 2223 250 2250 νῦν
264 2223 444 2259 ἀπεκαλύφθη
461 2224 518 2256 τοῖς
534 2224 621 2259 ἁγίοις
632 2223 791 2256 ἀποστόλοις

19 2270 80 2296 αξιτοῦ
92 2291 100 2302 ,
117 2270 167 2297 καὶ
191 2270 345 2305 προφήταις
361 2270 390 2296 ὲν
406 2269 558 2305 Πνεύματι,
577 2269 647 2297 εἶναι
670 2270 705 2296 τὰ
727 2269 791 2305 ἔθνη

20 2317 220 2352 υγκληρονόμα,
235 2317 282 2343 καὶ
301 2317 441 2352 σύσσωμα.
458 2325 467 2342 t
485 2317 554 2352 Ὅρα
567 2316 595 2342 δὲ
610 2317 634 2342 ει
648 2316 694 2342 καὶ
706 2315 792 2347 οὕτως

21 2358 54 2388 εον
68 2362 377 2398 ἁνθυπενεχθησομένην
391 2362 446 2398 (76)
460 2362 653 2397 ἀνθυποφορὰν
668 2361 721 2388 ὑπὸ
735 2361 790 2388 τῶν

22 2407 40 2444 ἡ
54 2409 283 2444 παραδεχομένων
297 2409 343 2436 τὸν
357 2409 447 2443 λόγον,
471 2409 519 2445 τὴν
535 2408 607 2442 λέξιν
622 2408 724 2444 ταύτην
743 2408 791 2434 οὔ-

23 2462 51 2485 b;
67 2455 191 2482 ἐκλαϐεῖν
209 2455 240 2482 τὸ
264 2455 564 2490 ἀποκαλυπτόμενον,
589 2455 694 2490 μήποτε
710 2454 792 2489 διχῶς

25 2507 71 2528 πιν
84 2502 149 2528 ἰδεῖν
163 2502 465 2536 ἀποκαλυπτόμενον
489 2501 550 2528 καθ’
561 2501 609 2527 ἕνα
630 2501 678 2536 μὲν
691 2501 792 2536 τρόπον

26 2555 45 2575 ιε
60 2551 170 2580 νοεῖται,
187 2549 248 2576 καθ’
265 2549 359 2585 ἓτερον
377 2549 405 2575 δὲ
420 2548 468 2574 ἐὰν
518 2547 597 2574 τοῦτο
619 2547 789 2582 προφητευό-

27 2602 96 2627 nov,
112 2595 183 2622 ὥστε
209 2596 256 2623 καὶ
278 2595 456 2631 πληρωθῆναι
474 2594 539 2620 αὐτό
550 2604 556 2610 '
573 2593 633 2620 τότε
647 2593 701 2629 γὰρ
721 2593 788 2619 ἀπο-

38 2665 59 2680 "
69 2665 145 2693 loan.
155 2673 213 2696 vm.
222 2666 267 2692 59.
305 2666 327 2681 ’⁵
341 2665 421 2692 Prov.
432 2672 488 2696 va.
498 2664 543 2692 '23.

29 2704 58 2730 tt.
73 2709 141 2729 vers.
157 2701 203 2734 25,
217 2701 262 2729 26.
303 2701 326 2716 ⁸ο
342 2699 441 2735 Ephes.
457 2708 496 2731 tu,
509 2700 536 2731 5,
551 2699 578 2726 6.

37 2761 91 2798 (Ἡ)
104 2766 178 2792 Ἔτι.
194 2764 232 2790 Ita
245 2765 332 2790 codex
342 2763 520 2796 Bodleiauus;
534 2762 635 2798 Regius
646 2767 674 2790 et
689 2762 789 2789 Barbe-

32 2807 85 2829 nus.
100 2801 151 2831 ὅτι,
168 2802 248 2826 male.

42 2835 92 2868 (75)
107 2838 165 2863 οὐκ
181 2835 420 2862 ἀπεκαλύπτετο.
434 2834 480 2860 Sir
491 2834 570 2860 codd.
585 2833 751 2860 Bodleianus
762 2836 789 2859 et

34 2873 176 2903 ‘Irberiuttq
195 2871 308 2904 ltcgius,
322 2870 353 2896 οὑ
371 2869 602 2896 κατεκαλὺπτετο.

831 241 864 268 tis
881 241 915 267 “.
936 249 945 266 ι
959 241 1035 274 Quod
1051 241 1074 268 si
1086 249 1095 266 ‹
1117 241 1225 275 sapiens
1238 239 1368 274 intelliget
1387 247 1446 274 qttze
1462 247 1495 266 ex
1508 239 1619 274 proprio

832 294 880 314 ore
895 286 1049 320 protulerit,
1067 287 1094 313 in
1113 286 1190 312 labiis
1205 294 1271 313 vero
1285 286 1405 321 portabit
1419 285 1501 312 animi
1515 285 1615 311 cautlo-

832 340 888 359 rem
902 332 946 359 “:
964 341 974 358 ι
1003 331 1043 358 vel
1065 331 1223 358 necessario
1247 332 1370 366 quaedam
1396 331 1430 358 de
1456 330 1618 366 prophetis,

832 383 959 412 tanquam
984 384 1037 404 ttnn
1065 377 1234 412 sapientibus
1259 376 1300 412 (ut
1324 379 1369 411 qui
1396 384 1448 415 non
1473 376 1618 403 intellexe-

832 425 889 450 rint
909 422 1020 458 proprio
1032 429 1081 450 ore
1099 422 1216 458 prolata)
1231 442 1238 454 ,
1254 422 1454 449 inconsiderate
1477 422 1621 448 enuntian—

832 471 865 498 d.t
879 475 970 502 erunt.
992 470 1033 497 vel
1050 471 1121 504 quod
1138 470 1249 497 celebre
1263 474 1306 496 est
1319 475 1347 496 et
1365 477 1456 496 verunt
1475 471 1620 498 admitten-

832 521 873 544 tes
897 516 1006 551 (nempe
1029 515 1176 550 prophetas
1200 515 1340 550 sapientes
1365 515 1458 548 esse),
1481 515 1619 542 fatendum

832 563 896 595 erit,
911 570 971 597 qua!
989 562 1098 596 proprio
1113 568 1160 589 ore
1174 561 1337 596 protulerint
1349 581 1356 592 .
1374 569 1421 588 eos
1439 562 1620 595 intellexisse.

834 610 917 644 inque
933 609 1013 635 labiis
1031 615 1153 643 gestasse
1169 608 1252 634 animi
1277 608 1446 640 candorem;
1466 613 1493 635 et
1515 609 1620 643 perspi-

833 664 914 682 cuum
929 660 971 682 est
987 654 1077 682 Mosen
1096 655 1193 681 nitentis
1217 654 1276 681 acie
1299 654 1364 688 legis
1381 655 1522 681 veritatem
1539 655 1624 682 histo-

835 702 990 736 riarntnqne
1007 699 1077 735 apud
1095 708 1123 727 se
1145 700 1307 734 scriptarum
1327 700 1470 735 allegorias
1484 700 1560 734 juxta
1574 708 1625 727 an-

835 754 937 782 agogen
953 746 1064 773 vidisse.
1080 745 1136 773 imo
1147 745 1226 773 Jesus
1241 754 1332 773 veram
1347 746 1567 774 distributionem
1584 747 1624 774 fa—

835 798 905 820 ctam
920 798 980 827 post
996 793 1210 820 destructionem
1227 800 1322 820 novem
1341 798 1368 820 et
1384 793 1477 827 viginti
1497 801 1588 828 regum
1599 793 1624 810 "

837 839 964 873 intelligit
976 859 984 871 ,
1002 846 1064 866 cum
1080 839 1166 873 magis
1185 847 1265 873 quam
1291 847 1341 866 ttos
1356 839 1515 874 conspicere
1532 845 1625 874 posset

837 892 905 919 quas
924 885 1055 912 veritates
1072 885 1268 912 aduutbrarent
1284 892 1328 911 res
1351 892 1365 911 a
1391 892 1419 912 se
1442 891 1535 918 geslte.
1553 885 1623 918 Quin

837 930 1009 966 perspicuum
1029 931 1111 958 etiant
1132 935 1174 957 est
1189 930 1286 957 Isaiam
1300 949 1308 962 ,
1325 930 1485 965 mysterium
1503 930 1625 957 sedentis

837 977 863 1005 in
878 977 989 1009 throno,
1013 982 1041 1004 ct
1059 978 1173 1004 duorum
1190 977 1378 1012 serapltitn,ot
1394 977 1510 1011 alarum,
1528 977 1627 1012 ipsius

837 1030 892 1057 que
921 1022 1033 1056 altaris,
1049 1028 1076 1049 et
1091 1024 1204 1056 forcipis
1217 1043 1225 1055 ,
1249 1028 1276 1050 et
1291 1024 1453 1057 operiutcnti
1470 1024 1550 1051 faciei
1567 1045 1574 1055 .
1601 1028 1628 1051 et

837 1072 946 1105 pedum,
960 1069 1032 1104 quod
1051 1069 1188 1096 faciebant
1216 1070 1368 1103 serapltitn,
1391 1071 1492 1098 vidisse
1507 1070 1540 1097 '7.
1559 1071 1628 1098 Itur-

837 1123 884 1142 sus
910 1115 1035 1142 Ezechiel
1064 1115 1224 1148 cherubim,
1251 1120 1279 1142 et
1301 1116 1419 1150 ipsorum
1446 1116 1509 1149 iter,
1529 1120 1557 1143 et
1579 1116 1628 1142 ftr«

838 1167 1008 1190 mametttutn
1031 1168 1111 1195 super
1126 1161 1208 1194 ipsos,
1229 1165 1257 1187 et
1270 1162 1409 1188 sedentem
1428 1161 1454 1188 in
1473 1163 1571 1188 throno
1584 1162 1627 1189 vi-

839 1208 877 1235 dit
891 1207 925 1241 ⁹⁸,
950 1208 1050 1242 quibus
1064 1208 1129 1242 quid
1145 1207 1289 1242 gloriosius
1305 1207 1524 1241 sublimiusque?
1548 1207 1581 1235 Et
1596 1215 1629 1234 tte

838 1254 994 1290 singulatim
1012 1260 1177 1288 prosequens
1192 1274 1200 1286 ,
1217 1253 1242 1279 in
1267 1253 1376 1288 longum
1390 1254 1550 1288 protendunt
1567 1261 1627 1281 ser-

839 1308 947 1328 monent
961 1320 969 1332 ,
987 1300 1080 1327 volens
1094 1301 1238 1327 ostendere
1262 1300 1334 1327 viros
1351 1300 1486 1334 perfectos
1504 1301 1529 1326 itt
1546 1307 1628 1335 supc-

839 1347 959 1374 rioribus
982 1347 1109 1374 tutantibus
1132 1354 1184 1373 ttou
1201 1346 1291 1372 minus
1304 1346 1467 1380 cognovisse
1485 1354 1566 1380 quam
1581 1346 1627 1381 qui

840 1401 854 1420 a
871 1393 980 1420 Christo
998 1392 1192 1420 revelatiouem
1209 1392 1377 1423 habuerunt.
1393 1393 1493 1426 quippe
1511 1399 1571 1418 cum
1588 1391 1630 1418 hts

840 1439 884 1466 ille
903 1439 984 1469 idem.
1005 1438 1052 1473 qui
1073 1438 1211 1472 apostolos
1226 1438 1341 1470 docuit,
1357 1438 1446 1464 cultus
1462 1437 1507 1465 Dei
1525 1443 1629 1472 myste-

842 1486 880 1513 ria
894 1485 1054 1514 abscondita
1076 1485 1218 1516 retexerit,
1232 1485 1320 1512 adhuc
1343 1484 1438 1519 paucis
1461 1484 1562 1512 additis
1582 1484 1629 1518 jus

842 1532 986 1560 dicandum
1001 1531 1155 1566 legentibus
1177 1531 1332 1565 relinquam
1349 1535 1377 1557 et
1400 1530 1630 1558 consideranduttt

841 1580 875 1606 de
891 1579 966 1606 hisce
978 1579 1058 1606 rebus
1070 1578 1205 1613 quidquid
1222 1577 1327 1605 volunt.
1344 1577 1413 1604 Nam
1431 1577 1519 1612 inquit
1532 1578 1558 1605 in
1575 1577 1631 1605 lio-

841 1634 983 1654 ntattoruut
1004 1625 1105 1653 Paulus
1125 1625 1244 1660 Epistola
1260 1625 1304 1652 “:
1324 1634 1334 1650 ι
1355 1625 1386 1652 Ei
1403 1630 1506 1658 autent,
1526 1625 1570 1660 qui
1583 1633 1632 1660 po-

842 1678 895 1700 test
924 1681 975 1700 nos
1005 1672 1115 1699 firmare
1141 1671 1294 1699 secundum
1319 1671 1497 1705 Evangelium
1523 1679 1631 1704 meum.

839 1719 916 1754 juxta
951 1718 1146 1746 revelationem
1181 1716 1304 1752 mysterii
1322 1736 1330 1749 ,
1359 1718 1433 1752 quod
1463 1718 1633 1753 temporibus

841 1765 1016 1800 sempiternis
1029 1769 1072 1791 est
1088 1763 1213 1795 tacitum,
1229 1763 1437 1790 manifestatum
1447 1769 1536 1792 autem
1550 1764 1629 1799 105

842 1818 913 1838 ttttuc
933 1818 981 1844 per
1001 1810 1153 1844 scripturas
1175 1808 1359 1843 propltetieas,
1377 1814 1404 1835 ct
1419 1816 1468 1843 per
1480 1810 1630 1844 apparitio-

842 1863 904 1883 neut
920 1855 1026 1883 Domini
1040 1855 1124 1882 nostri
1139 1853 1202 1881 Jesu
1219 1853 1331 1880 Christi.
1354 1863 1363 1880 t
1385 1854 1413 1882 Si
1430 1855 1503 1881 ettint
1524 1860 1633 1890 aposto-

843 1902 876 1929 lis
901 1900 1107 1929 utanil'euatum
1133 1904 1176 1928 est
1206 1899 1369 1934 mysterium
1400 1907 1449 1933 per
1479 1899 1633 1934 scripturas

843 1948 1034 1984 propltetieas,
1060 1946 1125 1974 olim
1140 1946 1254 1973 taeitttut
1266 1963 1276 1977 ,
1290 1951 1317 1972 et
1336 1945 1473 1980 prophetae
1500 1945 1633 1981 intellige-

843 1995 909 2022 bant
933 2001 993 2029 qua:
1010 1993 1121 2028 proprio
1136 2000 1184 2020 ore
1201 1991 1398 2027 proferebant,
1416 1992 1478 2026 quia
1495 1993 1633 2027 sapientes

843 2045 935 2068 essent
947 2060 956 2073 ,
973 2041 1097 2075 profecto
1110 2047 1172 2074 quae
1188 2039 1319 2074 apostolis
1343 2038 1517 2066 manifestata
1535 2039 1610 2066 fuere
1623 2059 1632 2070 ,

842 2087 924 2113 etiam
941 2086 1079 2120 prophetae
1104 2085 1306 2112 intellexerunt.
1320 2083 1456 2117 Quoniam
1470 2092 1540 2112 vero
1560 2085 1630 2112 mul-

845 2136 880 2160 tis
905 2138 933 2160 et
955 2132 1115 2167 vulgaribus
1143 2131 1292 2159 revelatum
1314 2139 1369 2158 non
1394 2131 1492 2163 fuerat,
1511 2131 1546 2158 ob
1572 2139 1634 2159 eam

845 2187 955 2206 causam
974 2179 1060 2213 inquit
1078 2178 1178 2205 Paulus
1190 2178 1212 2194 ³⁸
1230 2187 1236 2205 :
1261 2187 1269 2202 ι
1290 2177 1357 2204 Aliis
1374 2177 1501 2204 aetatibus
1526 2185 1577 2205 nou
1593 2174 1636 2204 iit-

809 2219 829 2246 D
845 2227 933 2253 notuit
952 2226 1014 2252 liliis
1038 2227 1178 2252 hominum
1193 2244 1200 2256 ,
1225 2224 1452 2258 qttetttadutoduut
1469 2232 1539 2251 ttune
1557 2231 1634 2251 reve-

842 2272 926 2299 latum
945 2276 985 2298 est
1009 2271 1114 2298 sanctis
1130 2271 1260 2306 apostolis
1274 2270 1335 2305 ejus
1347 2290 1354 2302 ,
1372 2276 1398 2297 et
1414 2271 1557 2305 prophetis
1585 2278 1634 2305 per

843 2319 976 2353 Spiritum
992 2337 999 2350 ,
1024 2323 1053 2344 ttt
1073 2318 1128 2344 sint
1152 2323 1248 2352 gentes
1275 2317 1432 2344 coltazredes
1444 2337 1452 2350 ,
1470 2322 1498 2344 et
1513 2317 1632 2352 ejusdem

843 2364 978 2399 corporis.
1009 2373 1018 2389 t
1041 2363 1105 2390 Vide
1127 2371 1191 2390 vero
1213 2372 1248 2390 an
1277 2363 1359 2390 etiam
1386 2362 1422 2390 ob
1438 2363 1632 2398 oltjectionem,

842 2418 923 2445 quam
940 2409 1058 2442 oltjicere
1074 2413 1184 2443 possent
1204 2408 1230 2435 lti
1247 2408 1292 2443 qui
1311 2415 1363 2435 Itou
1381 2408 1529 2435 admittunt
1545 2410 1632 2436 ratio-

847 2464 907 2484 ttem
921 2460 1054 2488 nostram,
1070 2456 1110 2482 sic
1129 2455 1304 2489 interpretari
1320 2455 1457 2490 possimus
1470 2455 1632 2483 vocabulum

844 2502 998 2533 rerelatum,
1020 2509 1117 2536 nempe
1142 2506 1172 2528 ιιι
1195 2501 1302 2528 duobus
1325 2502 1413 2528 modis
1431 2502 1560 2529 dicatur:
1580 2510 1634 2529 uno

843 2548 950 2582 quidem
975 2548 1065 2579 modo,
1083 2547 1193 2582 quando
1209 2547 1234 2573 id
1249 2547 1320 2580 quod
1348 2547 1486 2574 reveletur
1502 2547 1632 2583 intelligi-

843 2599 895 2626 tttr,
913 2594 1001 2621 altero
1026 2602 1089 2620 varo
1101 2614 1109 2626 ,
1133 2593 1242 2628 quando
1259 2593 1340 2619 fuerit
1358 2593 1460 2628 aliquid
1489 2595 1634 2629 propheta-

581 2664 604 2679 “
615 2663 671 2691 Jns.
683 2671 731 2695 ιιι,
744 2667 790 2690 ets

881 2663 901 2679 "’
915 2663 974 2689 lsai.
989 2671 1027 2696 vt,
1042 2662 1066 2695 ί,
1078 2662 1142 2696 2,(ἱ.
1179 2662 1201 2677 ’⁸
1213 2662 1312 2689 Ezeclt.
1329 2669 1347 2694 l,
1361 2662 1378 2689 4
1393 2667 1420 2689 et
1435 2671 1494 2697 seq.
1530 2663 1552 2679 ²⁹
1564 2662 1631 2698 Cap.

881 2761 936 2797 (76)
954 2762 988 2788 El
1008 2761 1057 2788 καὶ
1073 2761 1168 2794 οὕτως
1192 2758 1256 2788 οἷον
1277 2761 1633 2797 ἁνθυπενεχζῖησομένην,

844 2803 897 2822 etc.
913 2796 999 2823 Locus
1018 2797 1126 2823 videtur
1153 2797 1269 2822 hiulcus.
1282 2797 1437 2831 Legeudutu
1450 2796 1569 2824 fortasse
1584 2797 1632 2823 :El

842 2831 929 2863 οὓτως
947 2831 980 2858 δι’
994 2831 1310 2867 ἀνθυπενεχθησομένην,
1329 2837 1381 2858 etc.
