1865 3041
45 94 88 123 20'.)
569 93 748 122 COMMENT.
772 93 806 120 IN
823 92 921 121 JO.\N.
940 92 1060 122 TOMUS
1079 93 1126 122 Vl.

1603 95 1657 123 9.10

47 153 87 189 μὲν
101 153 142 179 καὶ
156 152 246 189 ἕτερον
262 153 471 181 ἀναπεπλάκασι
492 154 559 182 Θεδν
576 155 687 191 μείζονα
701 177 708 189 ,
733 156 758 182 οἱ
786 155 815 182 δὲ

968 156 1099 189 majorem
1122 155 1270 189 tinxerunt,
1290 155 1337 183 alii
1356 163 1421 184 Vero
1441 156 1493 184 hoc
1513 163 1565 184 non
1586 158 1658 190 ausi,

47 199 76 235 μὴ
95 198 167 226 τοῦτο
189 199 373 236 τολμήσαντες
385 220 393 232 ,
411 201 473 228 ὅσον
499 201 546 228 ἐπὶ
571 201 610 237 τῷ
626 202 717 229 αὐτῶν
733 201 815 238 λόγῳ,

45 246 80 272 διὰ
101 245 129 273 τὸ
147 246 323 273 ἀϐασάνιστον
337 247 391 273 τῶν
408 247 552 282 δογμάτων
564 248 753 284 χρεωκοποῦσι
767 250 817 285 τὴν

45 292 171 328 δεδομένην
193 294 248 324 τοῖς
275 293 395 328 πατράσι
427 294 474 320 καὶ
503 295 559 326 τοῖς
587 296 741 330 προφήταις
763 296 817 322 ἀπο

46 337 101 364 Θεοῦ
114 337 154 364 διὰ
166 337 283 374 Χριστοῦ
300 338 417 375 δωρεὰν,
435 339 469 366 δι’
485 337 515 367 οὗ
531 339 564 366 τὰ
585 340 674 367 πάντα
687 341 795 375 ἐγένετο
807 349 814 356 ·

45 386 64 412 ει
79 385 104 411 δὲ
119 384 151 412 τὰ
169 385 255 412 πάντα
265 406 272 417 ,
290 386 411 421 δηλονότι
428 387 476 413 καὶ
491 386 525 413 τὰ
540 387 654 419 ἐκείνοις
680 387 817 414 ἀποκαλυ-

45 429 128 464 φθέντα
144 430 211 457 καλὰ
229 432 276 457 καὶ
295 432 478 466 πεπραγμένα
504 432 626 467 σύμϐολα
659 434 817 470 μυστηρίων

44 476 178 508 θεοσεϐείας
197 477 292 511 ἁγίων.
317 477 425 513 Ἐπειδὴ
454 478 509 514 (81)
529 479 618 515 πάντη
647 480 817 516 φράσσεσθαι

43 523 76 549 δεῖ
88 525 144 555 τοὺς
163 524 302 558 γενναίους
321 525 440 560 Χριστοῦ
466 526 637 562 στρατιώτας
659 527 730 562 ὑπὲρ
752 527 818 563 ἀλη-

44 570 114 601 θείας,
129 570 243 606 οὐδαμοῦ
261 573 332 599 κατὰ
347 573 377 599 τὸ
387 572 502 599 δυνατὸν
520 573 697 610 παρείσδυσιν
713 573 817 606 ὲῶντας

43 615 181 649 ἐγγενέσθαι
208 619 240 653 τῇ
267 619 323 645 ἀπὸ
348 618 395 645 τοῦ
418 618 532 653 ψεύδους
553 618 725 654 πιθανότητι·
751 619 817 656 φέρε

43 661 81 686 καὶ
108 660 188 688 ταῦτα
216 664 408 699 σκοπήσωμεν,
437 664 513 700 Τάχα
539 664 593 700 γὰρ
620 667 735 700 φήσουσι
768 666 817 702 τὴν

44 705 160 740 προτέραν
182 706 305 734 Ἰωάννου
328 709 392 745 περὶ
413 710 533 745 Χριστοῦ
559 711 713 746 μαρτυρίαν
731 709 815 738 εἶναι’

44 759 52 774 ι
72 750 97 777 Ὀ
111 751 193 778 ὀπίσω
212 761 262 788 μου
282 754 432 790 ἐρχόμενος
445 755 600 791 ἔμπροσθέν
618 765 668 792 μου
685 757 796 791 γέγονεν
809 778 816 790 ,

42 797 75 822 ὅτι
97 798 197 833 πρῶτός
216 808 266 834 μου
281 798 325 836 ἦν·
342 810 351 826 ι
379 802 410 828 τὸ
428 801 468 834 δὲ,
490 812 498 828 ι
513 802 574 829 Ὅτι
594 803 626 828 ὲκ
642 803 689 829 τοῦ
705 802 816 838 πληρώ-

43 852 114 877 ματος
126 844 205 871 αὑτοῦ
223 846 303 881 ἡμεῖς
318 846 418 879 πάντες
436 847 580 883 ἐλάϐομεν,
595 849 642 875 καὶ
659 849 738 884 χάριν
756 849 816 876 ἀντὶ

42 889 223 925 χάριτος,ικαὶ
241 891 277 918 τὰ
294 892 369 927 ἑξῆς,
396 893 522 929 είρῆσθαι
546 895 579 920 ὲκ
599 893 746 928 προσώπου
769 894 816 921 τοῦ

43 935 157 970 μαθητοῦ.
187 937 348 972 ’Δναγκαῖον
373 938 401 965 δὲ
432 939 480 966 καὶ
510 939 596 971 οὕτως
621 939 755 974 διελέγξαι
779 941 816 972 ὡς

44 980 209 1018 βεϐιασμένην
237 984 286 1010 καὶ
313 985 493 1012 ἀνακόλουθον
518 986 570 1022 τὴν
598 986 711 1023 ὲκδοχήν
728 995 736 1003 ·
765 987 818 1014 πάι

43 1035 67 1053 νυ
90 1028 140 1064 γὰρ
167 1028 253 1064 βίαιον
271 1030 302 1056 τὸ
330 1030 434 1058 οἴεσθαι
466 1032 598 1066 αἰφνίδιον
631 1032 713 1059 οἱονεὶ
739 1033 818 1059 ἀκαί-

44 1080 87 1104 mo;
111 1073 303 1102 διακόπτεσθαι
330 1076 375 1102 τὸν
402 1077 449 1103 τοῦ
478 1077 630 1104 Βαπτιστοῦ
661 1077 740 1112 λόγον
765 1078 818 1104 ὑπὸ

41 1118 78 1144 τοῦ
103 1118 177 1154 λόγου
205 1120 254 1148 τοῦ
292 1122 432 1158 μαθητοῦ,
463 1124 511 1150 καὶ
537 1125 619 1150 παντὶ
640 1123 679 1160 τῷ
701 1125 747 1151 καὶ
771 1124 818 1151 ἐπὶ

41 1165 109 1191 ποσὸν
144 1167 254 1194 ἀκούειν
296 1169 479 1205 συμφράσεως
515 1170 669 1206 λεγομένων
702 1172 817 1198 ἐπιστα-

41 1210 101 1246 μένῳ
129 1213 212 1248 σαφὲς
235 1214 268 1241 τὺ
287 1214 334 1241 τοῦ
365 1215 462 1251 εῑρμοῦ
489 1215 539 1251 τῆς
564 1216 680 1249 λέξεως·
704 1226 713 1242 ι
735 1215 818 1249 Οὗτος

39 1253 66 1289 ἦν
77 1256 103 1282 ὃν
114 1256 202 1285 εἷπον·
215 1259 338 1287 ὀὸπίσω
347 1269 396 1295 μου
419 1261 566 1297 ἐρχόμενος
591 1262 746 1298 ἔμπροσθέν
767 1271 818 1299 μου

40 1302 142 1337 γέγονεν,
166 1305 206 1332 ὅτι
233 1306 344 1342 πρῶτός
363 1316 414 1342 μου
429 1305 473 1344 ἦν.
494 1317 504 1334 ›
530 1309 655 1336 Διδάσκει
675 1309 703 1336 δὲ
727 1310 741 1336 ὁ
763 1310 818 1336 Βα-

39 1350 137 1385 πτιστὴς
149 1351 207 1383 πῶς
227 1352 384 1388 ἔμπροσθεν
398 1354 481 1381 αὑτοῦ
506 1355 618 1389 γέγονεν
640 1355 755 1391 Ἰησοῦς,
780 1357 819 1392 τῷ

39 1395 131 1430 πρῶτος
142 1397 236 1430 αὑτοῦ,
261 1398 323 1425 ἐπεὶ
342 1409 350 1424 ι
369 1400 542 1435 πρωτότοκος
559 1401 648 1437 πάσης
665 1402 790 1434 κτίσεως,
807 1412 817 1429 ι

37 1437 104 1473 εἶναι,
117 1442 158 1468 διὰ
170 1442 229 1475 τοῦ,
246 1452 255 1468 ‹
271 1443 331 1470 Ὅτι
346 1445 378 1470 ὲκ
392 1444 440 1471 τοῦ
451 1445 634 1481 πληρώματος
647 1445 728 1473 αὐτοῦ
739 1448 819 1482 ἡμεῖς

39 1486 123 1540 Eine;
137 1488 272 1525 ἐλάϐομεν
284 1498 291 1504 '
312 1499 321 1515 ›
335 1490 378 1517 διὰ
391 1490 469 1517 τοῦτο
483 1491 538 1527 γάρ
554 1501 635 1528 φησιν
644 1501 650 1507 ·
671 1502 680 1518 ι
696 1493 820 1529 Ἐμπρο-
833 1511 854 1540 C

38 1532 88 1559 σθέν
104 1543 151 1567 μου
167 1535 292 1570 γέγονεν,
304 1536 344 1562 ὅτι
359 1536 467 1572 πρῶτός
478 1546 528 1572 μου
542 1536 588 1574 ἦν·
608 1549 616 1564 ι
630 1538 675 1565 διὰ
687 1538 766 1565 τοῦτο
789 1540 816 1566 δὲ

37 1579 79 1604 νοῶ
92 1580 166 1607 αὐτὸν
178 1582 288 1616 πρῶτόν
307 1591 357 1617 μου
373 1583 437 1609 ὅντα
452 1584 498 1610 καὶ
514 1584 674 1621 τιμιώτερον
690 1585 764 1621 παρὰ
778 1585 817 1621 τῷ

38 1624 120 1661 Πατρὶ,
138 1628 198 1654 ἐπεὶ
213 1629 247 1655 ὲκ
265 1628 313 1654 τοῦ
329 1629 512 1666 πληρώματος
523 1630 605 1657 αὑτοῦ
619 1630 674 1665 ἐγώ
688 1640 718 1658 τε
736 1632 781 1658 καὶ
793 1632 818 1658 οἱ

40 1671 83 1706 πρὸ
96 1673 158 1708 ἐμοῦ
183 1674 326 1709 προφῆται
339 1675 490 1711 εἰλήφαμεν
517 1676 596 1712 χάριν
611 1676 659 1712 τὴν
678 1677 818 1713 θειοτέραν

38 1718 75 1744 καὶ
83 1720 263 1756 προφητικὴν,
276 1721 335 1747 ἀντὶ
350 1722 460 1757 χάριτος
474 1722 525 1757 τῆς
539 1722 608 1749 κατὰ
622 1722 671 1758 τὴν
688 1723 818 1759 προαίρε-

39 1770 73 1789 σιν
83 1765 154 1799 ἡμῶν
171 1766 370 1801 ἀποδεχθεῖσαν
388 1768 453 1802 παρ’
469 1767 551 1802 αὐτῷ·
566 1767 614 1794 ’διὰ
634 1767 713 1795 τοῦτο
726 1768 755 1794 δὲ
771 1769 819 1795 καὶ

40 1807 203 1844 «ἔμπροσθεν
219 1812 344 1846 γέγονεν,
361 1812 401 1838 ὅτι
415 1812 522 1848 πρῶτος
537 1821 586 1847 μου
601 1811 645 1848 ἦν’
669 1823 677 1838 ι
697 1814 757 1840 ἐπεὶ
772 1815 819 1841 καὶ

39 1857 199 1892 νενοήκαμεν,
219 1859 253 1884 ὲκ
279 1858 326 1884 τοῦ
353 1858 534 1894 πληρώματος
558 1859 640 1885 αὑτοῦ
667 1860 818 1895 εἰληφότες,

37 1900 73 1926 τὸν
87 1902 132 1936 μὲν
149 1903 231 1938 νόμον
251 1904 297 1931 διὰ
313 1905 436 1937 Μωσέως
460 1905 593 1938 δεδόσθαι,
611 1907 660 1942 οὐχ
681 1907 734 1933 ὑπὸ
754 1908 819 1933 Μω-

37 1946 104 1978 σέως·
115 1949 162 1984 τὴν
179 1950 208 1976 δὲ
221 1951 303 1986 χάριν
314 1951 361 1977 καὶ
377 1951 426 1987 τὴν
442 1951 572 1988 ἀλήθειαν
583 1952 628 1980 διὰ
649 1950 735 1988 Ἰησοῦ
753 1954 820 1989 Χρι-

37 1993 89 2019 στοῦ
103 1995 132 2021 οὐ
145 1995 273 2023 δεδόσθαι
286 1996 375 2031 μόνον,
385 1997 453 2024 ἀλλά
467 1998 514 2024 καὶ
526 1998 678 2033 γεγονέναι,
694 1998 741 2026 τοῦ
751 1999 819 2026 Θεοῦ

37 2039 74 2064 καὶ
87 2039 188 2075 Πατρὸς
205 2041 292 2068 αὑτοῦ
308 2043 352 2068 τόν
365 2051 396 2068 τε
411 2043 492 2078 νόμον
506 2043 550 2070 διὰ
568 2044 692 2075 Μωσέως
708 2044 821 2071 δεδωκό-

35 2093 82 2116 τος.
92 2086 139 2121 τὴν
149 2087 232 2124 χάριν
248 2088 298 2114 καὶ
317 2089 366 2123 τὴν
379 2088 508 2124 ἀλήθειαν
530 2089 575 2116 διὰ
596 2090 684 2125 Ἰησοῦ
701 2090 819 2126 Χριστοῦ

38 2132 214 2166 πεποιηκότος·
231 2133 315 2168 χάριν
331 2133 359 2159 δὲ
381 2134 427 2160 καὶ
445 2134 572 2170 ἀλήθειαν
586 2135 767 2170 πεποιηκότος
776 2135 820 2163 διὰ

868 207 1001 236 quantum
1019 209 1052 229 ex
1073 202 1193 237 ipsorum
1218 201 1311 229 verbis
1333 202 1499 236 percipimus
1514 223 1522 236 ,
1547 207 1659 238 propter

869 247 994 283 dogmata
1009 255 1070 282 qua!
1084 247 1219 282 explicatu
1237 247 1357 275 difﬁcilia
1376 252 1451 280 sunt,
1468 249 1615 283 prophetas
1627 256 1659 276 ae

870 295 964 322 Patres
987 294 1058 321 dono
1085 293 1246 321 defraudant
1264 295 1335 329 quod
1355 294 1407 322 illis
1423 302 1438 321 a
1453 295 1507 321 Deo
1529 295 1658 322 donatum

870 340 958 367 fuerat
970 347 1018 375 per
1033 339 1182 371 Christum.
1200 347 1249 374 per
1260 348 1339 375 quem
1351 341 1442 367 omnia
1456 340 1527 368 facta
1543 345 1606 367 sunt
1617 341 1658 374 ";

869 394 931 413 nam
947 386 969 413 si
985 386 1089 417 omnia,
1102 386 1276 421 perspicuum
1291 387 1374 413 etiam
1392 391 1444 420 est,
1461 393 1520 421 qua:
1539 385 1593 413 illis
1613 393 1660 413 re-

868 433 955 460 velata
971 433 1082 460 fuerunt
1105 432 1235 467 prmclara
1258 437 1285 459 et
1309 438 1431 466 peracta,
1453 433 1529 468 signa
1551 437 1659 460 sancto-

869 487 930 506 rum
946 479 1137 514 mysteriorum
1153 479 1241 506 cultus
1257 479 1303 506 Dei
1322 487 1370 513 per
1381 479 1468 513 ipsum
1479 479 1550 506 facta
1564 478 1658 506 fuisse.

868 522 927 550 Jam
948 523 1076 558 quoniam
1099 522 1281 558 undequaque
1304 523 1404 550 muniri
1419 531 1532 551 necesse
1550 530 1592 551 est
1610 531 1658 559 ge-

870 575 983 596 nerosos
999 568 1101 596 Christi
1118 569 1218 596 milites
1239 577 1289 604 pro
1305 569 1432 602 veritate,
1451 577 1582 604 nusquam
1609 577 1659 603 pro

870 614 941 642 virili
965 615 1024 642 tieri
1052 615 1244 652 permittentes
1268 615 1420 650 ingressum
1445 615 1520 643 falsae
1546 623 1657 650 persua-

869 658 950 691 sioni,
963 666 1013 693 age
1036 664 1063 686 et
1078 659 1135 687 hinc
1153 659 1370 687 consideremus.
1385 660 1453 687 Nam
1472 660 1588 688 fortasse
1604 661 1660 695 pri-

870 711 943 731 mum
963 704 1077 732 Joannis
1092 706 1126 733 de
1140 705 1251 733 Christo
1271 707 1459 734 testimonium
1476 715 1536 735 esse
1548 708 1657 735 dicent:

871 759 881 776 ι
899 750 950 783 Qui
966 755 1027 785 post
1038 759 1079 778 me
1095 751 1180 785 venit,
1194 756 1258 779 ante
1277 760 1320 780 me
1336 752 1424 780 factus
1439 757 1492 785 est,
1509 754 1571 788 quia
1585 753 1660 788 prior

870 803 912 823 me
925 797 1034 829 erat";
1055 806 1064 822 ι
1082 801 1112 825 et
1136 797 1203 826 illud
1221 805 1230 826 :
1249 808 1259 825 ι
1280 799 1319 825 Ex
1339 799 1507 834 plenitudine
1523 799 1582 835 ejus
1607 807 1659 828 nos

834 837 854 864 Β
866 850 962 871 omnes
974 844 1138 879 accepimus,
1150 849 1177 872 et
1189 846 1305 881 gratiam
1319 853 1371 881 pro
1383 847 1470 879 gratia
1487 847 1520 879 ",
1539 857 1547 873 I
1562 853 1589 875 et
1598 855 1660 883 qua

867 894 1039 924 sequuntur.
1066 889 1168 917 dictum
1194 889 1280 918 fuisse
1306 898 1340 918 es
1368 898 1484 926 persona
1519 892 1655 927 discipuli.

869 934 945 962 Unde
961 943 1073 963 necesse
1084 940 1126 963 est
1146 935 1355 971 intelligentiam
1372 937 1442 965 hanc
1457 937 1592 969 refellere.
1608 945 1657 965 ceu

868 986 991 1009 coactam
1018 987 1045 1009 et
1074 989 1127 1009 non
1150 988 1378 1018 cmtsequeutem.
1405 984 1557 1011 Admodum
1584 984 1656 1012 enim

869 1027 1016 1054 violentum
1031 1033 1074 1055 est
1088 1028 1250 1056 existimare
1276 1034 1389 1063 repente
1414 1030 1486 1057 adeo
1501 1035 1529 1057 et
1555 1031 1656 1064 impor-

870 1079 932 1101 tune
960 1073 1088 1109 Baptistaa
1119 1073 1272 1101 orationem
1304 1075 1484 1109 interruptam
1512 1075 1596 1103 fuisse
1623 1077 1657 1103 ab

868 1120 992 1147 oratione
1016 1120 1155 1154 discipuli.
1175 1120 1208 1147 Et
1235 1127 1302 1147 sane
1318 1121 1357 1147 vel
1384 1121 1495 1148 cuilibet
1522 1122 1568 1156 qui
1595 1125 1657 1148 lan-

869 1166 955 1193 tillum
988 1165 1114 1200 judicare
1148 1166 1216 1198 sciat
1252 1171 1411 1194 contextum
1447 1167 1580 1194 orationis
1611 1175 1658 1194 eo-

869 1221 928 1241 rum
952 1221 1013 1249 quaa
1034 1214 1179 1246 dicuntur,
1206 1213 1332 1241 lectionis
1359 1214 1446 1241 series
1474 1219 1567 1249 aperta
1587 1219 1655 1242 est:

871 1260 951 1295 107
969 1269 979 1285 ι
999 1259 1047 1287 llic
1062 1264 1132 1291 erat,
1146 1267 1227 1295 quem
1241 1259 1296 1287 dixi
1315 1267 1322 1286 :
1342 1259 1393 1293 Qui
1419 1265 1480 1294 post
1507 1268 1550 1288 me
1570 1260 1657 1294 venit.

870 1312 933 1334 ante
951 1314 993 1334 me
1011 1306 1102 1334 factus
1115 1311 1169 1340 est,
1183 1299 1246 1342 quia
1270 1306 1346 1342 prior
1367 1314 1410 1334 me
1426 1312 1487 1334 erat
1498 1307 1531 1336 “.
1550 1316 1560 1333 ι
1577 1307 1660 1336 Docet

869 1357 960 1380 autem
975 1352 1097 1387 Baptista
1125 1352 1261 1387 quomodo
1276 1357 1338 1379 ante
1361 1360 1391 1378 se
1414 1353 1503 1380 factus
1517 1354 1552 1380 sit
1567 1352 1658 1386 Jesus.

870 1397 957 1424 dictus
971 1397 1028 1432 ipso
1040 1396 1161 1431 Baptista
1186 1397 1271 1432 prior,
1294 1397 1357 1431 quia
1373 1397 1410 1424 sit
1433 1405 1442 1423 ι
1462 1399 1660 1432 primogenitus

869 1443 958 1470 omnis
970 1448 1102 1471 creatum
1114 1442 1147 1477 ",
1166 1452 1175 1469 ι
1192 1450 1240 1478 per
1261 1443 1306 1470 illa
1323 1442 1404 1469 verba
1421 1451 1428 1469 :
1448 1452 1457 1469 (
1478 1443 1610 1477 Quoniam
1624 1452 1660 1472 ex

870 1489 1038 1524 plenitudine
1062 1490 1121 1524 ejus
1146 1497 1194 1517 nos
1223 1497 1319 1517 omnes
1348 1488 1504 1524 accepimus
1529 1489 1560 1516 ³³.
1584 1500 1594 1516 ι
1619 1489 1660 1518 0b

870 1535 941 1563 hanc
963 1535 1034 1563 enim
1057 1543 1166 1564 causam
1196 1536 1294 1570 inquit,
1313 1545 1322 1561 ι
1342 1535 1410 1562 Ante
1432 1543 1476 1564 me
1499 1534 1587 1563 factus
1606 1540 1659 1568 est.

869 1583 996 1618 quoniam
1009 1583 1084 1618 prior
1099 1591 1142 1610 me
1155 1587 1215 1609 erat
1226 1582 1259 1614 ",
1276 1591 1286 1609 ι
1303 1587 1329 1609 et
1341 1585 1376 1609 oh
1395 1583 1465 1610 hanc
1487 1590 1597 1610 causam
1616 1583 1660 1609 in-

870 1629 961 1665 telligo
975 1637 1035 1656 eum
1048 1630 1166 1664 priorem
1190 1637 1233 1656 me
1255 1629 1389 1656 exsistere
1403 1633 1432 1656 et
1453 1629 1524 1663 apud
1550 1628 1660 1656 Patrem

870 1675 1103 1703 honorabiliorem
1119 1682 1189 1708 esse,
1212 1675 1341 1709 quoniam
1359 1682 1392 1701 ex
1409 1674 1467 1708 ejus
1490 1675 1661 1710 plenitudine

871 1727 927 1748 tum
953 1729 1013 1756 ego,
1038 1726 1093 1748 tum
1124 1721 1273 1756 prophetae,
1303 1720 1348 1754 qui
1374 1728 1417 1748 me
1442 1726 1660 1753 antecesserunt.

871 1768 1077 1802 sumpserimus,
1093 1775 1190 1802 nempe
1204 1768 1318 1803 gratiam
1339 1768 1513 1800 diviniorem,
1530 1773 1557 1796 et
1573 1768 1661 1801 majo-

871 1821 939 1845 rem,
956 1818 982 1840 et
1001 1813 1200 1847 proplteticam,
1214 1820 1264 1847 pro
1277 1821 1308 1840 ea
1328 1813 1415 1848 gratia
1431 1821 1493 1848 qua
1512 1813 1660 1841 secundum

871 1859 1030 1886 electionem
1063 1863 1184 1886 nostram
1210 1863 1317 1893 recepta
1328 1863 1384 1892 est;
1409 1860 1444 1886 ob
1473 1859 1543 1886 hanc
1570 1864 1661 1887 autem

871 1913 983 1933 causam
1003 1915 1012 1931 ι
1030 1911 1092 1933 ante
1122 1913 1164 1932 me
1184 1915 1193 1931 ι
1209 1905 1290 1932 etiam
1305 1915 1315 1932 ι
1337 1905 1425 1933 factus
1447 1910 1506 1938 est,
1531 1906 1661 1940 quoniam

871 1953 945 1987 prior
963 1960 1005 1979 Inc
1021 1957 1089 1983 erat,
1109 1962 1118 1978 ι
1134 1953 1197 1988 quin
1212 1960 1244 1979 ex
1261 1951 1428 1986 plenitudine
1440 1951 1499 1986 ejus
1513 1959 1577 1980 cum
1591 1953 1660 1979 han-

872 1997 1012 2029 sissemus,
1027 1997 1213 2025 intelleximus
1227 1996 1309 2024 etiam
1323 1997 1407 2032 legem
1421 2004 1469 2032 per
1484 1996 1595 2029 Mosem,
1607 2004 1662 2024 non

873 2051 886 2070 a
906 2043 990 2075 Mose,
1007 2044 1097 2070 datam
1113 2042 1198 2071 fuisse
1214 2043 1237 2059 ⁸⁸
1253 2050 1260 2068 :
1280 2043 1397 2078 gratiam
1426 2051 1493 2070 vero
1518 2048 1546 2069 et
1561 2043 1662 2071 verita-

873 2094 926 2116 tem
948 2097 995 2124 per
1019 2089 1110 2116 Jesum
1139 2088 1278 2116 Christum
1305 2096 1359 2116 non
1372 2087 1458 2116 solum
1486 2088 1587 2120 datam,
1614 2088 1662 2115 sed

872 2136 954 2163 etiam
971 2135 1071 2162 factam
1100 2135 1192 2162 fuisse.
1212 2135 1313 2168 Nempe
1339 2134 1393 2161 Deo
1418 2138 1445 2161 et
1466 2133 1545 2160 Patre
1566 2133 1662 2168 ipsius.

42 2175 117 2210 Ἰησοῦ
144 2178 268 2214 Χριστοῦ
286 2179 334 2214 τὴν
357 2180 400 2206 ὲπ*
417 2179 576 2216 ἀνθρώπους
597 2181 748 2215 φθάσασαι).
773 2182 816 2209 Εὐ

962 2181 1049 2215 legem
1077 2189 1125 2215 per
1157 2181 1258 2208 Mosem
1283 2181 1374 2211 dante,
1404 2183 1460 2206 tum
1477 2180 1619 2207 veritatem
1635 2183 1663 2206 et

36 2223 244 2261 γἰωμονέστερον
260 2225 316 2260 γὰρ
330 2225 494 2257 ἀκούσαντες
512 2226 561 2261 τῆς
577 2226 675 2258 λέξεως
699 2227 749 2262 τῆς
769 2236 820 2261 φα-

37 2267 153 2304 σκούσης,
169 2279 177 2296 ι
193 2271 227 2297 Ἦ
243 2271 325 2306 χάρις
339 2271 386 2297 καὶ
398 2272 415 2306 ἡ
425 2271 538 2306 ἀλήθεια
547 2271 590 2298 διὰ
603 2271 688 2306 Ἰησοῦ
700 2272 818 2307 Χριστοῦ

37 2313 141 2347 ἐγένετο,
163 2327 173 2343 ι
192 2317 223 2343 οὗ
237 2317 479 2352 ταραχθησόμεθα,
495 2317 533 2349 ὡς
549 2318 601 2344 ὑπὸ
618 2318 819 2354 ἐναντιώματος

36 2359 110 2396 ταύτῃ
129 2363 162 2398 τῇ
179 2364 259 2398 φωνῇ
281 2362 356 2394 ὖντος
380 2362 426 2389 τοῦ
444 2372 453 2388 ι
477 2362 546 2397 Ἐγὼ
561 2364 618 2398 ειμι
630 2364 646 2399 ἡ
659 2363 727 2395 ὁδὸς,
743 2365 819 2400 καὶὴ

37 2405 146 2441 ἀλήθεια,
161 2409 209 2435 καὶ
223 2410 241 2445 ἡ
260 2408 328 2444 ζωή.
342 2419 349 2433 ι
360 2410 391 2436 Εἰ
404 2409 459 2445 γὰρ
473 2409 576 2445 Ἰησοῦς
587 2410 659 2436 ἐστιν
672 2412 685 2437 ό
696 2410 819 2445 φάσκων,

39 2458 46 2474 ι
69 2451 134 2486 Ἐγώ
148 2454 208 2488 ειμι
227 2455 245 2489 ἡ
262 2453 389 2489 ἀλήθεια,
409 2464 418 2480 ι
438 2454 496 2486 πῶς
510 2455 526 2489 ἡ
541 2455 654 2490 ἀλήθεια
667 2455 710 2483 διὰ
733 2456 819 2491 Ἰησοῦ

35 2496 143 2531 Χριστοῦ
157 2499 282 2533 γίνεται;
295 2499 376 2531 αὐτὸς
386 2500 440 2536 γάρ
456 2509 496 2532 τις
506 2500 539 2527 δι’
554 2500 650 2527 ἑαυτοῦ
664 2501 694 2527 οὐ
704 2501 818 2535 γίνεται.

41 2541 112 2570 Ἀλλὰ
125 2545 248 2580 νοητέον,
268 2545 308 2572 ὅτι
328 2547 344 2581 ἡ
368 2546 548 2581 αὺτοαλήθεια
566 2548 582 2582 ὴ
598 2547 740 2584 οὺσιώδης,
761 2549 818 2580 καὶ,

36 2587 64 2613 ἶν’
78 2589 162 2622 οὕτως
186 2591 272 2623 εἴπω,
293 2592 470 2628 πρωτότυπος
491 2592 542 2627 τῆς
568 2593 597 2619 ὲν
613 2595 673 2625 ταῖς
699 2594 822 2628 λογικαῖς

35 2634 125 2671 ιἒυχαῑς
140 2638 284 2674 ἀληθείας,
302 2639 348 2673 ἀφ’
360 2636 394 2674 ἧς
406 2638 534 2674 ἀληθείας
546 2639 627 2666 οἱονεὶ
639 2640 742 2673 εἰκόνες
753 2641 824 2668 ὲκεί-

66 2705 170 2743 fuga...
188 2707 255 2738 1.5.
282 2707 455 2743 sibiius.
497 2708 520 2723 ιι
535 2707 601 2736 ibid.
622 2708 662 2736 t6.
701 2709 815 2738 “Joan.

36 2739 55 2754 ‘°
70 2741 130 2769 ibid.
146 2743 189 2770 17.
230 2742 253 2758 ⁸¹
271 2742 337 2770 ibid.
377 2742 400 2759 “
414 2742 492 2770 Joan.
509 2750 563 2775 Juv,
581 2742 608 2770 6.

873 2227 989 2262 gratiam
1008 2235 1056 2261 per
1066 2226 1158 2254 Jesum
1169 2226 1307 2254 Christum
1321 2226 1436 2253 faciente
1457 2234 1463 2252 :
1482 2225 1597 2259 gratiam
1615 2231 1664 2251 au-

875 2279 928 2301 tem
956 2278 984 2301 et
1006 2274 1148 2301 veritatem
1171 2281 1220 2307 per
1246 2272 1338 2301 Jesum
1368 2272 1506 2299 Christum
1535 2270 1664 2303 faciente,

874 2327 934 2354 quae
948 2319 1071 2347 homines
1087 2319 1230 2354 prmvenit.
1254 2318 1401 2346 Candidius
1420 2317 1492 2344 enim
1515 2316 1662 2351 etlsimpli-

874 2366 932 2393 cius
955 2366 1166 2400 interpretantes
1185 2372 1216 2392 ea
1241 2365 1333 2398 verba,
1364 2373 1373 2389 ι
1396 2363 1489 2391 Gratia
1514 2367 1542 2389 et
1563 2362 1665 2390 veritas

874 2419 921 2446 per
935 2411 1027 2439 Jesum
1040 2411 1178 2438 Christum
1201 2410 1272 2438 facta
1290 2415 1332 2437 est
1346 2410 1378 2442 ",
1401 2418 1409 2435 I
1434 2417 1489 2436 nou
1513 2409 1663 2436 discrucia-

875 2457 975 2489 bimur,
987 2456 1098 2490 perinde
1109 2456 1187 2490 quasi
1200 2455 1367 2482 contrarium
1381 2454 1424 2482 his
1439 2455 1475 2482 sit
1491 2454 1554 2481 illud
1567 2462 1574 2481 :
1587 2463 1596 2479 ι
1608 2453 1664 2488 Ego

874 2510 932 2529 sum
949 2502 1002 2534 ria,
1021 2503 1133 2535 veritas,
1146 2506 1172 2528 et
1187 2502 1241 2528 vita
1261 2501 1299 2534 ";
1321 2511 1330 2528 ι
1347 2510 1408 2528 nam
1424 2501 1446 2529 si
1460 2501 1538 2528 Iesus
1555 2505 1597 2528 est
1614 2500 1661 2534 qui

873 2549 949 2580 dicit,
967 2558 977 2574 ι
995 2549 1049 2583 Ego
1064 2556 1123 2575 sum
1138 2548 1238 2575 veritas
1259 2556 1269 2573 ›
1286 2548 1331 2583 qui
1344 2547 1402 2574 fieri
1416 2551 1506 2582 potest
1521 2551 1551 2574 ut
1563 2546 1663 2574 veritas

877 2602 924 2629 per
934 2594 1026 2622 Iesum
1051 2594 1108 2626 fiat,
1127 2601 1187 2622 cum
1208 2593 1307 2628 aliquis
1327 2601 1374 2628 per
1396 2593 1516 2627 seipsum
1534 2601 1586 2620 non
1599 2592 1664 2619 fiat?

879 2639 931 2668 Sed
948 2640 1149 2675 intelligendum
1170 2644 1211 2668 est
1224 2640 1296 2674 quod
1309 2639 1490 2675 αὑτοαλήθεια
1505 2646 1536 2666 ea
1552 2646 1612 2673 qua:
1622 2644 1665 2666 est

955 2709 978 2726 ³⁷
996 2709 1086 2739 (Solos.
1105 2718 1124 2743 1,
1144 2710 1188 2739 15.
1245 2709 1266 2725 ³⁸
1279 2708 1356 2736 Joan.
1376 2716 1395 2740 ι,
1409 2707 1452 2735 16.
1504 2707 1527 2724 ³⁵
1540 2707 1605 2734 ibid.
1621 2706 1663 2736 15.

66 2798 120 2837 (ξη
136 2798 363 2837 Ἐπειδήίιιεςο
376 2799 437 2826 ἐπεὶ
453 2798 491 2826 δέ.
510 2798 571 2828 Mox
585 2799 670 2827 codex
689 2798 816 2827 Bodleian

955 2799 1036 2828 habet
1050 2800 1230 2837 φράσσισθαι,
1246 2799 1346 2835 Regius
1362 2804 1389 2828 et
1403 2798 1576 2831 Barherinus.
1594 2801 1662 2836 «ppi-

36 2832 129 2867 σετθαὶ,
143 2835 226 2863 male.
