1869 3046
39 93 97 120 ειδ

592 94 769 123 COMMENT.
789 94 821 122 IN
839 94 935 123 JOAN.
949 95 1068 124 TOMUS
1087 95 1129 122 Vl.

1615 97 1666 124 ξιξ

37 153 54 178 ό
66 150 196 188 Χριστος,
215 160 224 177 ι
242 152 276 179 δι’
291 151 372 179 αὐτοῦ
386 152 478 179 τούτου
489 151 634 188 ὁμολογίαν
641 153 770 188 ἀληθείας
786 161 828 179 πε-

915 153 990 186 us",
1012 163 1022 180 ι
1043 153 1167 181 veritatis
1187 151 1386 181 confessionem
1409 153 1510 184 cilidit.
1542 161 1610 186 nec,
1640 161 1669 182 ut

37 199 163 234 ποίηται,
176 198 225 225 καὶ
238 198 298 234 οὐχ,
314 198 352 230 ὡς
367 198 400 225 ἀν
415 207 458 230 τις
473 199 614 230 omnem,
632 199 676 226 διὰ
690 199 731 231 τὸ,
749 209 758 224 ‹
776 199 833 226 οὐκ

37 244 98 280 είμὶ
113 243 271 280 ὁΧριστὺς,
295 253 304 269 ι
323 244 470 279 ἠρνήσατο·
496 244 526 270 οὐ
549 243 604 279 γάρ
625 244 698 270 ἐστιν
719 243 833 279 ἄρνησις

36 290 67 317 τὸ
86 291 128 321 εἰς
148 289 227 322 δόξαν
248 288 366 325 Χριστοῦ
393 289 482 321 λέγειν
510 289 548 325 μὴ
568 289 649 316 αὐτὸν
669 287 739 317 εἶναι
765 290 832 325 Χρι-

36 338 112 364 στόν.
133 336 224 370 Ἀπαξ
239 337 267 363 δὲ
280 337 305 363 οἱ
321 334 493 371 πεμφθέντες
509 336 564 363 ἀπὸ
587 335 780 372 Ἱεροσολύμων
796 335 833 362 ἱε-

35 383 94 418 ρεῖς
118 382 166 409 καὶ
182 381 303 415 Λευῖται,
321 381 488 414 ἀκούσαντες
506 383 537 408 τὸ
553 382 591 417 μὴ
607 379 676 408 εἶναι
690 382 772 409 αὑτὸν
788 382 833 408 τὸν

37 427 267 463 προσδοκώμενον
282 427 410 464 Χριστὸν,
427 427 608 455 πυνθάνονται
628 428 693 465 περὶ
712 427 760 454 τοῦ
776 427 834 454 δευ-

32 474 120 508 τὲρου
145 473 324 509 ἐλπιζομένου
357 474 423 510 παρ’
455 474 547 505 αὐτοῖς
580 474 672 510 τιμίου
702 475 832 510 ὀνόματος

39 519 147 552 Ἠλίου,
179 520 203 546 εί
225 520 306 552 αὐτὸς
328 520 370 556 εἴη
401 521 512 552 ὲιεϊνος.
538 520 620 555 Λέγει
646 521 675 547 δὲ
704 520 741 556 μὴ
767 529 830 555 τυγ-

32 564 132 599 χάνειν
153 564 256 597 Ἠλίας,
266 564 348 592 πάλιν
358 565 499 600 ὁμολογῶν
511 565 556 592 διὰ
567 565 626 598 τοῦ,
641 574 649 591 ι
669 566 726 593 Οὐκ
740 566 809 601 εἰμί,
821 576 829 592 ι

31 611 63 637 τὸ
95 611 211 646 ἀληθές.
237 612 314 638 Ἐπεὶ
337 611 377 643 δὲ,
409 611 515 638 πολλῶν
545 612 693 648 προφητῶν
723 613 833 648 γινομέ-

31 665 86 682 νων
119 657 149 683 ὲν
187 655 311 692 Ἰσραὴλ,
344 653 384 688 εἷς
416 665 458 688 τις
485 657 500 683 ὁ
525 657 578 683 ὑπὸ
605 657 726 688 Μωσέως
763 666 832 693 προ-

30 701 183 736 φητευθεὶς
210 701 356 737 ἐξαιρέτως
382 702 566 738 προσεδοκᾶτο
587 702 659 729 κατά
680 703 710 729 τὺ
728 703 832 737 φάσκον

31 748 138 783 ρητόνο
175 757 185 774 ι
217 749 364 784 Προφήτην
404 748 468 784 ὑμῖν
507 749 654 785 ἀναστήσει
687 749 788 785 Κύριος
818 752 832 778 ό

29 794 100 825 Θεὸς
128 793 207 829 ήμῶν
230 795 262 821 ὲκ
287 794 341 821 τῶν
366 794 488 829 ἀδελφῶν
515 795 603 830 ὑμῶν,
626 795 664 827 ὡς
691 796 758 831 ὲμέ·
783 796 832 823 αὺ-

885 197 983 232 aliquis
1004 198 1136 232 suspicari
1162 203 1266 232 posset,
1289 204 1337 232 per
1363 197 1421 225 haec
1450 200 1549 230 verba,
1573 207 1582 224 ι
1608 198 1667 227 Non

884 253 944 272 sum
959 253 1009 280 ego
1026 245 1162 277 Christus,
1182 254 1192 270 ι
1210 245 1340 279 negavit;
1361 251 1448 279 neque
1471 245 1544 272 enim
1561 245 1668 280 negatio

883 295 935 323 est,
949 290 981 317 ad
992 289 1093 318 Christi
1108 290 1220 324 gloriam
1233 290 1327 318 dicere
1339 298 1370 318 se
1381 298 1434 317 non
1446 297 1507 318 esse
1516 290 1668 318 Christum.

882 335 1015 363 Caeterum
1031 343 1092 363 eum
1107 336 1245 363 audissent
1258 336 1303 370 qui
1320 335 1394 363 missi
1407 336 1516 363 fuerant
1528 344 1562 364 e-x
1574 335 1670 363 Hiero-

883 382 1047 418 solymorum
1070 382 1138 409 urbe
1153 383 1310 411 sacerdotes
1334 387 1361 410 et
1377 383 1489 416 Levitm,
1507 383 1595 417 ipsum
1613 391 1667 411 non

882 434 942 454 esse
955 427 1095 455 Christum
1114 432 1313 462 exspectatura,
1329 429 1362 456 de
1375 430 1495 456 secundo
1517 429 1561 462 qui
1576 436 1668 463 spera-

884 474 963 500 batur
975 473 1084 509 [nempe
1100 473 1183 510 Elia],
1199 474 1277 509 cujus
1297 481 1395 502 nomen
1413 474 1500 510 magni
1512 474 1581 509 apud
1597 474 1669 509 ipsos

885 519 976 552 fiebat,
992 524 1205 554 percunctantur
1221 528 1284 548 num
1313 521 1371 555 ipse
1384 520 1427 548 ille
1443 525 1527 548 esset.
1553 520 1612 553 Quo
1626 520 1666 547 di—

883 569 962 592 cente
988 573 1017 593 se
1039 573 1090 593 non
1105 573 1168 593 esse
1190 566 1288 598 Eliain,
1319 573 1411 594 rursus
1426 565 1559 598 dicendo,
1577 575 1586 591 ι
1609 564 1668 592 Non

883 618 944 638 sum
958 611 992 645 ⁵⁸,
1013 620 1022 637 ι
1037 611 1137 639 fatetur
1158 619 1262 639 verum.
1288 612 1422 644 Quoniam
1449 619 1515 640 vero
1531 611 1669 646 propheta!

883 655 959 683 multi
972 664 1032 684 cum
1047 661 1138 684 essent
1153 657 1179 684 in
1195 655 1290 690 israel,
1305 664 1375 684 unus
1388 656 1523 691 quispiam
1536 655 1670 690 praecipue

881 703 1091 738 exspectabatur
1111 703 1291 738 prophetatus
1321 711 1335 730 a
1355 703 1437 740 llose,
1463 703 1540 738 juxta
1555 701 1667 729 verbum

883 748 948 775 illud
966 749 1060 776 dicens
1074 749 1097 765 "
1118 757 1124 775 :
1145 758 1154 775 ι
1171 749 1336 784 Prophetatn
1360 749 1436 776 vobis
1455 747 1600 777 suseitabit
1622 747 1671 774 Do-

883 794 971 821 minus
983 794 1054 822 Deus
1076 799 1169 823 noster
1181 803 1215 823 ex
1228 795 1362 823 fratribus
1378 795 1488 828 vestris,
1514 795 1585 822 sicut
1603 799 1646 820 me
1661 801 1668 819 :

27 840 76 866 τοῦ
107 839 268 866 ἀκούσεσθε·
297 840 344 866 καὶ
366 839 442 867 ἔσται
470 841 546 868 πᾶσα
570 841 690 877 ἡψυχὴ,
709 842 771 877 ἥτις
797 841 828 870 ἂν

915 839 965 875 [)9
979 840 1065 873 ipsum
1086 841 1193 874 audite;
1208 845 1236 868 et
1249 842 1338 869 omnis
1350 841 1453 874 anima,
1466 847 1527 875 quae
1542 847 1595 866 non
1621 845 1670 865 au-

30 886 69 921 μὴ
92 885 203 922 ἀκούσῃ
230 885 278 912 τοῦ
306 887 447 922 προφήτου
474 887 589 920 ἐκείνου,
607 888 831 925 ὲξολοθρευθήσε-

28 939 74 958 ται
101 932 136 958 ἐκ
157 932 204 958 τοῦ
222 931 287 959 λαοῦ
311 932 405 965 αὑτοῦ,
427 942 436 959 ι
453 933 546 968 τρίτον
565 933 703 970 ἐρωτῶσιν
719 934 780 970 οὐχὶ
806 936 831 962 εὶ

27 980 179 1014 προφήτης
187 978 241 1014 εἵη,
253 978 312 1006 ἀλλ’
323 980 370 1006 είό
379 980 530 1015 προφήτης.
547 980 602 1007 Καὶ
612 980 692 1007 τοῦτο
703 980 734 1007 τὸ
745 981 831 1017 ὄνομα

28 1024 147 1050 ἐκείνων
167 1024 218 1050 οὐκ
234 1024 280 1050 ἐπὶ
301 1024 420 1060 Χριστοῦ
438 1026 600 1058 ταττόντων,
620 1026 677 1053 ἀλλ’
700 1027 831 1062 οἰομένων

27 1069 125 1105 ἕτερον
141 1069 219 1105 παρὰ
238 1070 285 1097 τὸν
307 1071 425 1106 Χριστὸν
446 1072 528 1099 αὐτὸν
549 1070 630 1105 εἶναι,
651 1073 733 1105 αὐτὸς
748 1073 829 1108 γινώ-

28 1123 104 1142 σκων
119 1116 168 1142 τὸν
178 1113 209 1143 οὗ
226 1116 379 1152 πρόδρομός
393 1118 468 1144 ἐστιν
486 1118 537 1154 (ὅτι
549 1119 595 1145 καὶ
605 1119 620 1146 ὀ
631 1119 747 1155 Χριστὸς
758 1120 804 1147 καὶ
814 1121 829 1147 ό

27 1162 180 1197 προφήτης
200 1162 274 1189 ἐστὶν
296 1162 311 1189 ὁ
336 1163 557 1200 προφητευθείς),
580 1164 672 1200 φησιν’
691 1165 739 1192 Οὔ·
758 1165 827 1201 τάχα

27 1206 70 1237 τὸ,
100 1215 111 1232 ι
133 1207 201 1239 Ναί,
220 1217 229 1233 ι
254 1209 483 1243 ἀποκρινάμενος,
508 1210 533 1236 εί
550 1210 635 1245 χωρὶς
658 1210 704 1237 τοῦ
726 1210 828 1247 ἄρθρου

27 1254 236 1289 ἠρωτήκεισαν·
253 1255 283 1281 οὺ
308 1255 363 1290 γὰρ
377 1255 470 1290 ήγνόει
495 1257 639 1292 προφήτης
655 1257 702 1284 ὧν.
718 1258 772 1285 Καὶ
799 1260 828 1286 ὲν

25 1300 148 1332 ταύταις
159 1301 234 1333 ὅλαις
249 1302 310 1333 ταῖς
324 1301 502 1338 ἀποκρίσεσιν
515 1303 530 1337 ἠ
545 1302 660 1339 δευτέρα
674 1303 779 1330 οὐδέπω
789 1313 830 1331 τε·

26 1347 158 1374 τέλεσται
178 1348 317 1383 μαρτυρία
337 1348 470 1381 Ἰωάννου,
487 1341 539 1380 ἕως
554 1350 610 1381 τοῖς
626 1350 746 1376 αἰτοῦσιν
762 1351 828 1378 ἀπό-

27 1403 124 1430 κρισιν
143 1394 423 1430 ἀπαγγελθησομένην
433 1397 490 1427 τοῖς
502 1395 652 1431 πέμψασιν,
666 1397 761 1424 ἑαυτὸν
774 1397 829 1425 ἀπὸ

28 1439 209 1474 προφητικῖκ
226 1440 389 1476 κατήγγειλε
404 1441 506 1476 φωνῆς,
520 1441 570 1476 τῆς
584 1441 630 1468 τοῦ
649 1443 770 1477 Ἡσαΐου,
784 1444 828 1471 οὖ-

26 1494 83 1537 τως
97 1485 227 1537 ἑξούσης
243 1495 255 1537 ,ι
268 1487 345 1523 Φωνὴ
362 1486 476 1522 βοῶντος
487 1488 516 1514 ὲν
526 1489 559 1523 τῇ
572 1489 677 1524 ἐρήμῳ·
691 1489 827 1517 Εὐθύνατε
841 1509 862 1537 C

26 1531 77 1567 τὴν
93 1531 158 1558 ὁδὸν
177 1531 292 1567 Κυρίου.
313 1542 323 1558 ι

65 1632 92 1659 5.
111 1631 206 1664 Ἄξιον
217 1632 246 1658 δὲ
257 1631 372 1668 ζητῆσαι
388 1633 502 1669 πότερον
516 1633 670 1661 τετέλεσται
684 1636 700 1670 ή
716 1635 828 1670 δευτέρα

27 1679 186 1714 μαρτυρία,
197 1678 243 1705 καὶ
260 1680 338 1714 τρίτη
355 1679 460 1713 γίνεται
475 1680 543 1715 πρὸς
557 1680 779 1718 ἀπεσταλμένους
795 1682 828 1708 ὲκ

26 1726 84 1752 τῶν
97 1725 266 1761 Φαρισαίων,
282 1725 329 1753 καὶ
340 1725 519 1762 βουλομένους
528 1735 554 1753 τι
569 1727 674 1762 μαθεῖν,
686 1727 712 1754 τί
727 1729 827 1764 δήποτε

27 1771 173 1805 βαπτίζει.
187 1772 254 1807 μήτε
268 1772 395 1807 Χριστὸς,
409 1773 476 1807 μήτε
495 1772 596 1805 Ἠλίας,
615 1774 682 1809 μήτε
695 1775 709 1801 ό
724 1776 828 1810 προφή-

26 1826 81 1853 της
88 1817 244 1852 τυγχάνων,
263 1819 292 1844 ὲν
305 1818 352 1853 τῷ·
373 1827 383 1843 ι
410 1818 480 1852 Ἐγὼ
498 1818 621 1853 βαπτίζω
634 1819 662 1846 ὲν
680 1819 765 1846 ὕδατι·
780 1820 827 1855 μέ-

28 1872 77 1895 σος
93 1863 122 1890 δὲ
141 1863 219 1898 ὑμῶν
240 1864 367 1897 ἕστηκεν,
385 1863 415 1890 ὃν
430 1863 509 1899 ὑμεῖς
525 1864 575 1891 οὐκ
593 1864 693 1898 οἴδατε,
711 1865 724 1891 ό
740 1865 828 1892 ὀπίσω

28 1919 85 1945 μου
100 1910 258 1946 ἐρχόμενος,
275 1906 305 1937 οὗ
322 1912 373 1937 οὐκ
388 1910 446 1946 εἰμὶ
466 1909 522 1945 ἐγὼ
536 1910 610 1944 ἄξιος
627 1911 670 1938 ἴνα
687 1911 759 1938 λύσω
776 1913 826 1938 αὺ-

23 1956 76 1983 τοῦ
94 1956 142 1982 τὸν
160 1956 260 1990 ίμάντα
273 1955 320 1982 τοῦ
335 1955 518 1991 ὑποδήματος·
537 1965 546 1982 ι
565 1956 581 1991 ἢ
598 1955 681 1992 μέρος
703 1957 753 1992 τῆς
767 1957 827 1984 δευ-

24 2002 114 2037 τέρας
134 2002 194 2028 ἐστὶ
216 2002 263 2028 καὶ
277 2001 309 2028 τὺ
325 2002 563 2038 ἀπαγγελλόμενον
578 2003 646 2039 πρὸς
663 2004 727 2036 τοὺς
741 2005 826 2040 Φαρι-

26 2048 137 2079 σαίους.
161 2047 232 2081 Ἐγὼ
254 2047 288 2079 δ’,
310 2048 373 2073 ὅσον
398 2048 431 2073 ἐκ
445 2047 496 2082 τῆς
511 2048 610 2080 λέξεως
632 2049 825 2084 στοχάσασθαι,

24 2094 135 2128 εἴποιμ’
162 2092 195 2120 ἂν
217 2093 312 2129 τρίτην
336 2091 406 2120 εἶναι
433 2094 585 2129 μαρτυρίαν
607 2095 652 2122 τὸν
676 2096 745 2131 πρὸς
764 2096 827 2128 τοὺς

23 2138 236 2170 ἀποσταλέντας
252 2138 306 2166 ἀπὺ
322 2139 376 2166 τῶν
389 2138 543 2174 Φαρισαίων
558 2139 647 2175 λόγον.
659 2141 826 2177 Παρατηρη-

882 883 962 910 dierit
977 885 1135 919 prophetam
1166 885 1251 917 illum,
1276 893 1310 913 ex
1330 885 1429 920 populo
1441 892 1491 912 suo
1502 882 1671 912 extermina-

882 927 972 961 bitur;
993 939 1002 955 ι
1018 929 1097 957 tertio
1125 930 1298 965 interrogant
1315 939 1369 958 non
1391 932 1414 958 si
1439 930 1572 966 propheta
1585 933 1669 961 esset,

881 975 928 1002 sed
952 982 987 1002 an
1013 977 1143 1011 pr0pheta
1173 977 1228 1006 ille.
1248 977 1281 1004 Et
1294 979 1345 1006 hoc
1359 986 1412 1005 non
1438 977 1602 1012 ponentibus
1616 976 1670 1003 illis

882 1029 979 1049 nomen
995 1023 1028 1049 de
1041 1023 1160 1057 Christo,
1187 1025 1235 1051 sed
1250 1024 1366 1052 alterum
1385 1032 1446 1052 esse
1469 1024 1558 1060 ipsum
1572 1027 1670 1058 praeter

881 1068 1018 1095 Christum
1047 1069 1284 1104 existimantibus,
1312 1070 1371 1105 ipse
1397 1077 1565 1105 cognoscens
1582 1069 1668 1100 illum,

881 1113 958 1148 cujus
987 1121 1140 1149 praecursor
1171 1120 1212 1144 est
1241 1116 1350 1152 (nempe
1365 1116 1437 1151 quod
1462 1116 1587 1143 Christus
1614 1119 1667 1144 est.

881 1160 952 1195 quod
978 1160 1107 1195 propheta
1135 1165 1176 1188 est
1206 1161 1251 1189 ille
1277 1161 1482 1197 prophetatus),
1510 1161 1668 1195 respondet.

884 1214 893 1230 ι
913 1204 969 1232 Non
984 1205 1018 1238 ⁸³,
1043 1215 1053 1232 ι
1071 1212 1251 1240 responsurus
1264 1204 1390 1236 fortasse,
1408 1215 1417 1231 ι
1439 1204 1486 1233 Nae
1500 1213 1511 1231 ι
1529 1203 1602 1240 [qua
1616 1211 1666 1231 vos

880 1256 922 1278 est
937 1251 1135 1288 assentientis],
1154 1252 1177 1279 si
1194 1252 1297 1286 absque
1311 1253 1428 1280 articulo
1443 1252 1669 1286 interrogassent,

880 1305 942 1324 eum
956 1306 1008 1326 non
1022 1298 1161 1333 ignoraret
1173 1306 1203 1326 se
1212 1300 1372 1333 prophetam
1388 1298 1532 1326 exsistere.
1542 1297 1570 1324 ln
1582 1296 1669 1324 omni-

881 1344 930 1372 bus
955 1344 999 1372 his
1023 1344 1105 1372 etiam
1131 1345 1353 1380 responsionibus
1379 1345 1528 1372 secundum
1555 1343 1669 1372 Joannis

880 1390 1064 1418 testimonium
1078 1399 1130 1419 non
1145 1390 1299 1419 absolutum
1328 1390 1391 1424 fuit,
1408 1391 1497 1418 donec
1509 1389 1666 1425 petentibus

880 1437 1083 1471 responsionem
1101 1437 1310 1466 renuntiandam
1332 1438 1375 1466 his
1390 1438 1498 1473 quieos
1524 1436 1667 1466 miserant.

880 1482 998 1518 seipsmn
1010 1490 1026 1512 e
1042 1490 1108 1511 voce
1122 1484 1282 1518 prophetica
1305 1484 1380 1511 Isaia:
1394 1483 1592 1515 manifestavit,
1608 1489 1669 1517 quae

880 1528 919 1556 sic
933 1536 993 1557 sese
1020 1529 1101 1557 habet
1116 1539 1122 1557 :
1147 1539 1156 1556 ι
1176 1530 1233 1558 Vox
1249 1530 1392 1558 clamantis
1410 1529 1437 1557 iu
1465 1528 1575 1557 deserto
1593 1527 1668 1556 :l’a-

880 1579 937 1602 rate
948 1576 1020 1602 viam
1038 1576 1143 1604 Domini
1157 1577 1191 1604 ".
1215 1586 1225 1603 ι

915 1632 942 1659 5.
962 1632 1083 1666 Qumsitu
1101 1638 1192 1661 autem
1207 1633 1318 1668 dignum
1339 1638 1381 1661 est
1403 1638 1493 1660 utrum
1512 1631 1668 1660 absolutum

880 1678 915 1704 sit
934 1678 1083 1706 sccundtnn
1098 1679 1298 1713 testimonium,
1313 1683 1342 1707 et
1364 1679 1475 1707 tertium
1503 1679 1616 1713 incipiat
1635 1679 1668 1704 ad

879 1732 926 1752 eos
940 1725 986 1759 qui
1001 1725 1133 1752 miserant
1146 1733 1180 1752 ex
1192 1725 1338 1753 Pharisaais
1349 1745 1358 1759 ,
1385 1730 1413 1753 et
1430 1725 1550 1753 volentes
1569 1724 1670 1752 intelli~

878 1778 943 1805 gere
959 1779 1008 1798 cur
1019 1771 1128 1799 tandem
1141 1771 1293 1806 baptizaret
1307 1771 1341 1804 ‘°,
1353 1778 1415 1798 cum
1429 1778 1519 1806 neque
1530 1771 1667 1803 Christus,

880 1824 967 1851 neque
996 1817 1079 1850 Elias,
1104 1824 1194 1852 neque
1215 1817 1348 1851 propheta
1377 1817 1543 1849 exsisteret,
1564 1817 1590 1845 in
1614 1817 1668 1844 illis

878 1863 969 1890 verbis
982 1863 1004 1878 ⁶¹
1023 1870 1030 1889 :
1050 1872 1059 1888 ι
1081 1863 1136 1898 Ego
1158 1863 1268 1898 baptizo
1295 1863 1320 1889 in
1345 1870 1414 1898 aqua
1433 1871 1440 1890 :
1463 1864 1510 1890 sed
1532 1863 1558 1890 in
1579 1863 1668 1890 medio

878 1915 996 1936 vestrum
1018 1913 1074 1936 stat
1091 1916 1172 1944 quem
1194 1916 1242 1936 vos
1260 1908 1381 1935 nescitis.
1395 1908 1455 1942 Ipse
1471 1913 1522 1940 est,
1538 1908 1584 1944 qui
1603 1914 1668 1943 post

878 1962 921 1982 tne
938 1953 1061 1986 veniens,
1079 1959 1141 1981 ante
1155 1962 1198 1981 me
1213 1953 1301 1981 factus
1312 1958 1369 1987 est;
1387 1953 1464 1988 cujus
1479 1962 1532 1981 non
1546 1962 1606 1982 sum
1618 1963 1668 1990 ego

877 2000 987 2035 dignus,
998 2004 1027 2027 ut
1043 1999 1147 2028 solvam
1161 2000 1309 2035 corrigiam
1322 1999 1382 2035 ejus
1393 2000 1590 2034 calceamenti;
1607 2010 1615 2026 ι
1632 2009 1666 2028 an

878 2053 941 2080 pars
956 2046 1066 2073 secttndi
1084 2046 1229 2073 testimonii
1243 2046 1281 2074 sit
1301 2046 1442 2081 responsio
1457 2047 1490 2074 ad
1504 2045 1666 2074 Pbarisaeos.

879 2091 977 2119 Verum
996 2099 1055 2126 ego,
1069 2097 1201 2127 quantum
1219 2091 1375 2126 conjectare
1391 2099 1425 2120 ex
1439 2091 1557 2120 lectione
1579 2092 1666 2125 valeo,

878 2137 1002 2166 dicturus
1021 2145 1081 2166 sum
1103 2139 1212 2166 tertium
1227 2138 1414 2166 testimoniutn
1429 2146 1491 2166 csse
1515 2139 1668 2174 responsio-

24 2187 92 2213 τέον
111 2185 248 2221 μέντοιγε,
267 2186 338 2222 ὁτιή
357 2185 452 2222 πρώτη
474 2188 612 2223 μαρτυρία
626 2188 656 2214 τὸ
666 2188 756 2215 ἔνθεον
778 2189 826 2216 τοῦ

916 2192 941 2211 ιιι
960 2185 993 2212 ad
1005 2192 1052 2212 eos
1071 2186 1116 2220 qui
1134 2185 1210 2213 missi
1226 2184 1379 2212 fuerantex
1390 2184 1547 2212 Phariszeis.
1563 2183 1667 2213 Obser-

25 2231 159 2266 Σωτῆρος
172 2230 347 2266 παρίστησιν·
365 2231 382 2266 ή
394 2231 423 2257 δὲ
437 2231 552 2267 δευτέρα
568 2233 616 2267 τήν
629 2233 756 2260 ὑπόνοιαν
770 2233 825 2260 τῶν

25 2276 222 2309 ἰισταζόντων,
236 2277 342 2312 μήποτε
355 2277 480 2312 Ἰωάννης
490 2278 532 2314 εἴη
547 2278 674 2314 Χριστὸς,
687 2279 822 2315 καθαιρεῖ·

26 2324 43 2355 ἡ
60 2322 91 2348 δὲ
106 2322 188 2357 τρίτη
205 2322 252 2349 τὸν
265 2322 389 2358 ἀοράτως
404 2323 460 2354 τοῖς
471 2321 623 2358 ἀνθρώποις
637 2323 761 2359 παρόντα
775 2333 825 2361 κη-

26 2369 124 2404 ρύττει
139 2369 202 2395 ὅσον
215 2369 323 2396 οὐδέπω
343 2368 530 2405 ἐλευσόμενον.
548 2369 617 2405 Πρὶν
641 2370 670 2397 δὲ
685 2370 738 2397 τῶν
760 2371 824 2406 ἑξῆς

26 2415 202 2452 μαρτυριῶν,
219 2416 279 2442 καθ’
301 2415 334 2447 ἃς
355 2415 529 2451 δεικνύμενος
546 2418 736 2452 μαρτυρεῖται,
760 2417 824 2444 exi.

26 2470 97 2497 ατην
113 2461 187 2494 λέξιν
206 2461 305 2497 ἴδωμεν
319 2462 368 2497 τῆς
384 2461 522 2498 δευτέρας,
539 2463 586 2489 καὶ
606 2463 700 2498 τρίτης
718 2472 823 2499 μαρτυ-

27 2508 102 2543 ρίας,
115 2507 198 2534 τοῦτο
211 2507 319 2543 πρῶτον
331 2508 557 2544 ἐπιτηρήσαντες,
568 2509 609 2536 ὃτι
618 2508 664 2536 δύο
674 2509 823 2536 ἀποστολαὶ

24 2553 150 2588 γίνονται
165 2554 234 2589 πρὸς
256 2553 301 2580 τὸν
313 2553 478 2590 Βαπτιστὴν,
496 2554 546 2590 μία
562 2556 612 2590 μὲν
638 2566 647 2581 ι
665 2556 720 2583 ἀπὸ
742 2557 825 2593 Ἰεροη

25 2599 157 2633 σολὺμων
176 2609 185 2624 ι
210 2599 264 2626 ὑπὸ
295 2599 429 2626 Ἰουδαίων
452 2601 615 2635 πεμπόντων
632 2611 641 2627 ι
669 2602 752 2637 ἱερεῖς
775 2604 823 2629 καὶ

22 2647 156 2678 Λευῖτας,
171 2646 214 2673 ἵνα
224 2646 399 2682 ἐρωτήσωσιν
415 2646 506 2673 αὐτόν’
518 2647 554 2674 Σὺ
564 2647 606 2679 τίς
617 2646 657 2680 si;
678 2657 686 2673 ι
701 2648 782 2684 ἑτέρα
793 2648 823 2675 δὲ

21 2692 185 2727 Φαρισαίων
195 2692 423 2726 ἀποστελλόντων,
436 2694 483 2720 καὶ
493 2694 560 2728 πρὸς
573 2694 623 2730 τὴν
637 2694 822 2731 γεγενημένην

52 2784 244 2825 ³ξτιοιιηὶι,ἓ(ξ
274 2786 442 2825 '{ib_i_:l_.2t_._
464 2788 486 2804 "
501 2788 667 2820 Dcut.xvm,
682 2787 778 2821 l8,19.
817 2788 828 2804 ‘

915 2790 1012 2825 ι.1,21.

24 2822 51 2837 ⁸⁸
66 2821 133 2850 ibid.
148 2822 195 2852 26.
206 2821 253 2849 27.
292 2822 315 2837 "
331 2822 396 2850 ibid.
413 2823 456 2851 19.

880 2230 996 2258 vandum
1012 2231 1122 2264 insuper
1141 2232 1214 2266 quod
1235 2231 1353 2267 primum
1369 2231 1553 2259 testimonium
1568 2232 1668 2259 divini-

880 2281 961 2304 tatem
978 2275 1131 2305 Se’rvatoris
1148 2278 1334 2310 demonstrat;
1355 2277 1469 2306 alterum
1484 2278 1665 2313 suspicionem

879 2323 1084 2358 ambigentium.
1113 2331 1176 2351 num
1207 2323 1277 2352 forte
1293 2324 1412 2353 Joannes
1441 2329 1513 2351 esset
1529 2323 1665 2357 Christus.

879 2375 991 2404 purgat;
1006 2370 1114 2397 tertium
1134 2370 1308 2398 invisibiliter
1331 2371 1490 2399 hominibus
1505 2375 1665 2405 prasentem

878 2416 1010 2450 praedicat
1030 2416 1105 2444 illico
1124 2421 1280 2444 venturum.
1303 2418 1402 2445 Verum
1428 2422 1490 2445 ante
1510 2418 1665 2445 testimonia

877 2463 1030 2497 sequentia,
1057 2470 1092 2491 ex
1120 2464 1218 2498 quibus
1233 2464 1278 2498 qui
1303 2465 1516 2496 demonstratur.
1541 2465 1666 2493 testiino-

877 2509 952 2535 nium
970 2509 1080 2543 accipit,
1097 2509 1237 2537 videamus
1257 2510 1379 2545 singulas
1400 2511 1534 2539 dictiones
1553 2512 1665 2539 secundi

877 2560 904 2582 et
923 2554 996 2582 tertii
1012 2555 1161 2582 testimonii
1178 2564 1186 2583 ι
1201 2556 1252 2584 hoc
1265 2557 1382 2591 primum
1397 2558 1587 2592 observantes,
1598 2558 1666 2586 duas

877 2601 1027 2637 legationes
1039 2601 1098 2630 fieri
1111 2602 1144 2630 ad
1159 2602 1319 2637 Baptistam,
1334 2605 1449 2632 alteram
1466 2613 1476 2630 ι
1492 2612 1524 2632 ex
1539 2603 1666 2632 Hieroso-

877 2648 958 2684 lymis
972 2658 981 2675 ι
998 2656 1012 2676 a
1027 2647 1128 2677 Judasis
1143 2649 1314 2678 mittentibus
1336 2660 1346 2678 ι
1361 2651 1518 2679 sacerdotes
1531 2656 1560 2678 et
1588 2649 1666 2678 Levi-

879 2700 930 2728 tas,
949 2698 979 2722 ut
995 2695 1199 2730 interrogarent
1227 2703 1289 2724 cum
1309 2705 1316 2724 :
1339 2696 1378 2725 Tu
1392 2697 1453 2733 quis
1465 2705 1494 2725 es
1508 2697 1550 2723 "?
1566 2705 1577 2722 ι
1597 2695 1664 2723 alte-

1058 2791 1080 2807 "
1093 2789 1144 2820 lsa.
1157 2798 1201 2824 ιιι,
1215 2791 1246 2824 5;
1259 2791 1337 2820 Joan.
1349 2798 1368 2824 i,
1378 2790 1424 2818 25,
1463 2790 1487 2806 ⁸⁸
1499 2789 1575 2817 Joan.
1588 2796 1607 2822 ι,
1617 2787 1661 2816 25.
