1865 3041
46 118 87 144 217

45 177 131 212 ἐρήμῳ.
145 183 154 201 ›
166 174 278 201 Λεκτέον
292 174 319 201 δὲ
333 174 400 209 πρὸς
414 173 502 206 τοῦτο,
516 174 566 206 ὅτι,
579 175 618 209 ὡς
632 175 716 207 εἰκὸς,
733 174 806 211 ἐώρα
820 176 843 206 Α

45 221 86 248 ἀπὸ
98 221 141 256 τῆς
154 220 273 252 πεύσεως
282 220 313 247 τὸ
326 220 438 253 εὐλαϐὲς
448 221 502 248 τῶν
514 221 608 257 ἱερέων
619 222 665 248 καὶ
675 221 806 254 Δευῖτῶν,

44 267 206 302 ἐμφαινόντων
233 267 281 302 μὲν
308 267 433 293 ὑπόνοιαν
458 267 629 303 ὑπολήψεως,
644 268 742 303 μήποτ’
764 268 807 304 εἴη

45 313 160 348 βαπτίζων
183 312 309 348 Χριστὸς,
332 313 500 350 γυμνότερον
524 313 553 340 δὲ
572 314 704 350 ὀνομάσαι
729 314 809 341 τοῦτο

44 359 149 395 ὑπὲρτοῦ
173 359 208 394 μὴ
227 359 313 386 δοκεῖν
332 357 401 386 εἶναι
419 361 566 396 προπετεῖς
588 360 809 396 φυλαττομένων.

44 405 109 432 Ὅθεν
121 405 232 439 εὐλόγως
246 406 317 442 ὑπὲρ
328 407 374 432 τοῦ
388 407 478 433 πᾶσαν
493 406 621 434 ὑπόνοιαν
633 407 724 434 αὑτῶν
735 407 810 443 πρῶ-

41 459 77 478 τον
94 453 289 488 περιαιρεθῆναι
305 453 391 488 ψευδῆ
409 453 459 490 τὴν
476 454 539 489 περὶ
556 453 665 487 ἑαυτοῦ,
688 451 739 481 εἷθ’
760 453 809 481 οὗ·

41 507 84 530 τως
108 499 274 535 παραστῆσαι
293 499 324 526 τὸ
343 499 451 535 ἀληθὲς,
476 500 508 527 τὸ
528 501 578 528 οὐκ
601 498 671 528 εἶναι
690 501 809 537 Χριστὸς

41 545 83 580 πρὸ
101 546 200 573 πάντων
218 547 408 581 ἀποφαίνεται.
432 547 513 582 Δηλοῖ
539 547 568 574 δὲ
586 547 617 574 τὸ
639 548 761 575 τοιοῦτόν
783 556 809 575 τι

40 592 122 623 αὐτοὺς
131 591 333 627 ὑπονενοηκέναι
353 593 369 628 ή
386 592 500 628 δευτέρα
514 592 658 628 ἐρώτησις,
675 594 722 620 καὶ
737 593 777 620 ἔτι
792 595 808 630 ή

40 637 113 672 τρίτη.
137 637 209 663 Ἐπεὶ.
224 637 279 673 γὰρ
295 638 343 664 καὶ
355 637 482 674 δεύτερον
499 640 532 674 τῇ
549 640 615 674 τιμῇ
632 639 809 674 ἐλπιζόμενον

42 683 80 716 μὲν
101 683 143 709 καὶ
165 684 233 718 μετὰ
255 684 372 719 Χριστὸν
400 684 492 716 αὐτοῖς
514 684 694 720 τετιμημένον
716 685 810 712 Ἠλίαν

40 726 96 755 εἶναι
110 729 305 763 ὑπελάμϐανον,
321 730 539 766 ἀποφαινομένου
558 730 604 757 τοῦ
628 731 751 758 Ἰωάννου
771 731 810 764 ὡς

39 774 78 800 οὐκ
93 775 130 810 εἴη
144 776 157 802 6
172 776 298 811 Χριστὸς,
315 776 460 812 ἠρώτησαν
470 785 477 792 ·
501 787 510 803 1
533 777 565 803 Τί
579 775 642 810 οὗν;
662 779 694 805 σὺ
718 778 810 811 Ἠλίας

39 818 73 852 si;
88 821 136 847 Καὶ
149 819 240 847 εἶπενι
259 821 318 848 Οὐκ
332 821 400 857 είμὶ.
419 832 429 847 ι
445 823 482 849 Τὸ
498 823 588 858 τρίτον
604 824 629 850 εί
643 824 725 856 αὐτὸς
737 825 779 860 εἴη
795 826 810 852 ὁ

38 868 160 902 προφήτης
183 867 321 902 βούλονται
347 868 457 904 μαθεῖν·
480 867 511 896 οὗ
528 870 747 906 ἀποκριναμένου
767 872 808 903 τὸ,
825 866 846 893 Β

40 913 94 943 ιΟὖ,
107 922 115 938 ι
123 913 210 940 οὐκέτι
222 913 329 949 ἔχοντες
338 914 427 946 ίδικῶς
435 914 521 950 ὄνομα
531 915 707 951 ἐλπιζομένου
716 917 809 952 ἐπιδη-

39 958 119 993 μήσειν
132 959 221 990 αὐτοῖς
234 960 332 991 είπεῖν,
349 960 432 995 φασί’
450 970 459 986 1
479 961 526 992 Τίς
547 959 581 992 εἴ,
602 961 645 987 ἵνα
662 961 808 997 ἀπόκρισιν

37 1003 111 1038 δῶμεν
128 1005 181 1036 τοῖς
204 1004 346 1039 πέμψασιν
367 1006 456 1040 ἡμᾶς
479 1005 505 1032 τι
526 1005 615 1039 λέγεις
640 1006 704 1041 περὶ
729 1015 809 1032 σεαυ-

36 1048 88 1082 τοῦ;
112 1059 120 1075 ι
141 1049 219 1076 τοῦτο
240 1049 403 1085 δηλοῦντες·
430 1050 524 1077 Ταῦτα
544 1051 593 1086 μὲν
615 1051 665 1078 οὐκ
684 1049 718 1083 εἴ,
737 1051 809 1087 ἆπερ

37 1093 181 1129 ἐλπιζόμενα
203 1094 244 1130 τῷ
275 1096 381 1131 Ἰσραὴλ
409 1095 577 1131 παρέσεσθαι
608 1096 806 1132 προσδοκᾶται·

37 1139 98 1170 ὅστις
111 1139 137 1166 δὲ
147 1139 183 1166 ὢν
197 1140 350 1175 βαπτίζεις,
365 1141 416 1168 οὐκ
429 1141 518 1177 ἴσμεν.
534 1142 632 1178 Διόπερ
644 1142 723 1169 τοῦτο
735 1144 809 1178 ἡμᾶς

37 1185 132 1217 δίδαξον,
150 1186 180 1212 ἵν’
193 1186 302 1222 ἔχωμεν
322 1188 488 1222 ἀπαγγεῖλαι
506 1189 562 1220 τοῖς
582 1190 656 1224 ἡμᾶς
672 1189 715 1216 διὰ
730 1189 809 1216 τοῦτο

37 1230 143 1271 πέμψασι
159 1232 228 1268 πρὸς
255 1233 296 1262 σέ.
323 1234 383 1260 Ἔτι
406 1234 435 1260 δὲ
455 1234 596 1261 καὶτοῦτο
613 1235 741 1271 ἐχόμενον
755 1235 809 1263 τῶν

37 1278 201 1312 προκειμένων
223 1278 433 1315 προσθήσομεν,
458 1280 499 1307 ὅτι
519 1281 533 1307 6
551 1281 647 1317 καιρὸς
669 1282 719 1316 τῆς
742 1282 810 1317 Χρι-

38 1321 88 1348 στοῦ
99 1323 240 1359 ἐπιδημίας
254 1325 345 1351 ἕσαινε
362 1326 408 1352 τὸν
425 1324 499 1357 λαὸν,
514 1325 564 1361 ήδη
581 1335 638 1358 πως
654 1326 810 1362 ἐνεστηκὼς

37 1369 128 1402 περὶτὰ
142 1369 188 1406 ἐτη
209 1370 245 1397 τὰ
269 1371 323 1398 ἀπὸ
338 1371 389 1407 τῆς
410 1371 543 1407 γενέσεως
563 1372 610 1398 τοῦ
635 1373 732 1409 Ἰησοῦ,
763 1374 809 1400 καὶ

36 1414 104 1450 ὀλίγῳ
115 1415 240 1453 ἀνωτέρω
260 1416 341 1453 μέχρι
355 1418 405 1452 τῆς
420 1418 584 1450 ἀναδείξεως
601 1418 648 1445 τοῦ
662 1419 809 1455 κηρύγμα-

36 1468 79 1492 τος.
93 1462 195 1498 Διόπερ,
209 1463 248 1494 ὡς
263 1463 348 1495 εἰκὸς,
358 1463 412 1490 τῶν
423 1464 612 1499 Γραμματέων
627 1465 674 1491 καὶ
690 1465 810 1501 νομικῶν

36 1505 71 1532 τὸν
92 1506 275 1544 ἐλπιζόμενον,
297 1510 352 1536 ἀπὸ
371 1509 427 1536 τῶν
450 1509 530 1536 θείων
552 1510 669 1546 Γραφῶν
691 1519 811 1545 καταγα-

36 1553 122 1586 γόντων
141 1555 222 1582 αὑτοῦ
240 1555 288 1582 τὸν
313 1555 418 1592 χρόνον,
439 1556 491 1591 ήδη
511 1556 734 1593 προσδοκώντων,
761 1557 811 1584 ἐπ-

38 1599 138 1636 εφὺησαν
154 1602 209 1638 (85)
230 1602 345 1635 Θευδᾶς,
363 1603 413 1629 οὐκ
429 1602 518 1636 ὀλίγον
533 1602 644 1638 πλῆθος,
659 1604 697 1634 ὡς
712 1604 726 1630 6
742 1604 810 1638 Χρι-

826 1541 847 1570 C

37 1646 94 1678 στὸς,
108 1646 191 1683 οἴμαι,
213 1648 388 1683 συναγαγὼν,
405 1649 452 1676 καὶ
471 1658 480 1674 1
503 1650 561 1684 μετ’
579 1649 682 1676 ἐκεῖνον
710 1649 811 1681 Ἰούδας

36 1691 180 1726 όΓαλιλαίος
195 1695 225 1721 ὲν
238 1695 301 1726 ταῖς
315 1694 363 1729 τῆς
377 1695 542 1730 ἀπογραφῆς
555 1695 682 1731 ἡμέραις.
701 1705 710 1721 ι
728 1696 810 1727 Είκὸς

36 1740 81 1774 οὖν,
100 1743 262 1780 θερμότερον
283 1744 333 1779 τῆς
354 1744 472 1780 Χριστοῦ
494 1744 641 1780 ἐπιδημίας
659 1744 814 1780 προσδοκω-

38 1787 106 1823 μένης
124 1790 168 1816 καὶ
188 1790 371 1825 λαλουμένης,
401 1790 521 1816 Ἰουδαῖοι
541 1789 595 1816 ἀπὸ
619 1789 815 1825 Ἰεροσολύμων

36 1834 86 1865 τοὺς
99 1836 174 1870 ἱερεῖς
185 1836 234 1862 καὶ
245 1836 363 1867 Λευῖτας
373 1836 513 1871 πέμπουσι
527 1836 596 1872 πρὸς
610 1835 656 1863 τὸν
675 1837 814 1871 Ἰωάννην,

36 1878 70 1906 διὰ
84 1881 141 1908 τοῦ·
162 1891 171 1906 1
188 1882 225 1908 Σὺ
242 1882 287 1913 τίς
301 1879 341 1913 si;
364 1891 373 1907 ι
392 1881 488 1916 μαθεῖν
510 1882 667 1918 βουλόμενοι
690 1883 714 1909 εί
733 1883 814 1914 αὐτὸς

37 1925 134 1959 Χριστὸς
144 1925 211 1954 εῐναι
225 1927 401 1963 ὁμολογήσει.

568 116 746 144 COMMENT.
764 115 796 143 IN
815 115 910 144 JOAN.
928 115 1048 144 TOMUS
1067 117 1112 145 Vl.

1594 117 1648 145 218

858 175 884 202 in
897 175 1005 203 deserto
1015 175 1049 203 θ’.
1060 185 1069 202 ι
1087 175 1233 204 Dicendum
1247 183 1311 204 vero
1323 177 1356 204 ad
1370 175 1421 204 hoc
1432 176 1504 211 quod
1516 183 1549 203 ex
1564 176 1650 204 inter-

860 221 1001 255 rogatione
1015 221 1126 248 videbat
1141 220 1260 249 Joannes
1273 221 1314 256 (ut
1329 221 1473 256 probabile
1489 220 1560 256 erat)
1576 222 1649 248 timi-

859 267 972 295 ditatem
992 266 1148 295 Levitarum
1162 272 1189 295 et
1200 268 1374 295 sacerdotum
1393 276 1448 303 prae
1462 276 1492 295 se
1503 267 1649 296 ferentium

859 313 967 347 quidem
989 313 1172 348 suspicionem
1196 314 1344 348 opinionis.
1364 322 1427 341 num
1453 314 1522 341 forte
1549 315 1574 341 is
1601 315 1648 350 qui

860 360 982 394 baptizat
1000 363 1074 387 esset
1091 359 1228 392 Christus,
1245 361 1291 387 sed
1308 359 1429 394 apertius
1442 359 1506 387 illud
1523 361 1648 388 nomina-

860 413 902 438 re,
915 414 948 434 ne
961 406 1120 434 videremur
1133 406 1296 440 petulantes,
1312 406 1478 433 caventium.
1491 406 1567 434 Unde
1576 406 1648 440 jure,

861 457 891 479 ut
906 452 932 479 in
952 452 1049 487 primis
1069 459 1176 479 omnem
1194 452 1313 486 ipsorum
1338 452 1521 486 suspicionem
1539 451 1650 478 tolleret

860 506 944 533 quam
959 499 992 526 de
1006 499 1098 533 seipso
1112 498 1207 525 falsam
1225 498 1372 529 habebant,
1389 498 1487 524 deinde
1501 498 1540 525 sic
1554 503 1649 525 osten-

859 545 938 573 deret
951 545 1106 578 veritatem,
1123 549 1187 571 ante
1198 544 1290 571 omnia
1307 545 1434 571 euuntiat
1452 544 1518 571 illud
1536 553 1542 570 :
1562 553 1572 571 1
1591 543 1649 572 Non

861 599 919 619 sum
929 598 980 626 ego
994 590 1119 618 Christus
1130 591 1165 618 "°.
1182 599 1191 616 ι
1209 589 1336 618 Declarat
1347 595 1438 618 autem
1452 591 1505 618 tale
1519 592 1648 626 quiddam

860 637 1012 672 s‘uspicatos
1031 645 1078 664 eos
1103 637 1188 664 fuisse
1218 637 1336 664 secunda
1361 643 1443 672 atque
1464 638 1545 664 etiam
1571 638 1650 664 tertia

862 683 1050 718 interrogatio.
1067 683 1153 710 Eliam
1169 683 1242 710 enim
1256 690 1316 710 cum
1335 688 1478 710 venturum
1492 687 1649 717 sperarent,

861 733 942 764 atque
962 729 1071 764 plurimi
1092 728 1224 762 facerent,
1244 736 1305 756 eum
1330 736 1393 757 esse
1416 729 1587 763 suspicantes
1602 729 1652 756 ho-

861 781 927 802 nore
957 774 1007 808 ipsi
1040 774 1150 801 Christo
1180 774 1336 808 proximum
1372 778 1454 808 atque
1483 774 1650 806 secundum,

861 821 1020 848 enuntiante
1035 820 1141 847 Joanne
1160 827 1190 847 se
1213 827 1267 847 non
1287 827 1348 848 esse
1372 820 1522 853 Christum,
1537 821 1652 848 interro-

861 871 946 902 gant:
967 875 977 892 1
994 865 1064 899 Quid
1091 866 1177 900 ergo?
1201 865 1274 893 Elias
1294 874 1324 894 es
1353 867 1401 893 tu?
1421 866 1454 894 Et
1478 867 1570 894 dixit:
1593 866 1652 894 Non

862 912 1075 945 sum”;itertio
1097 920 1160 939 num
1181 913 1239 947 ipse
1262 917 1334 940 esset
1355 913 1399 939 ille
1422 914 1554 948 propheta
1581 913 1653 940 scire

862 958 976 991 volunt;
993 966 1047 993 quo
1070 959 1269 993 respondente,
1289 958 1379 992 «Non,
1393 969 1403 986 ι
1425 967 1487 986 cum
1511 967 1565 986 non
1593 967 1652 986 am-

862 1004 934 1040 piius
958 1010 1069 1040 possent
1089 1006 1181 1033 dicere
1199 1005 1328 1040 privatim
1350 1013 1449 1032 nomen
1475 1005 1590 1040 alicujus
1605 1005 1653 1039 qui

862 1050 896 1078 ad
919 1058 949 1077 se
973 1058 1135 1078 accessurus
1160 1055 1328 1084 speraretur,
1345 1049 1481 1083 inquiunt,
1501 1058 1511 1074 ι
1527 1049 1594 1082 Quis
1608 1056 1652 1082 es,

862 1101 891 1123 ut
914 1104 1073 1130 responsum
1098 1097 1192 1123 demus
1217 1096 1260 1123 his
1279 1096 1325 1130 qui
1340 1096 1473 1122 miserunt
1491 1096 1563 1122 nos?
1586 1095 1653 1129 quid

863 1142 930 1170 dicis
948 1143 981 1169 de
1001 1143 1086 1177 teipso
1095 1142 1141 1169 "?
1166 1152 1175 1168 ι
1198 1143 1249 1170 hoc
1274 1143 1419 1170 innuenles
1436 1151 1442 1169 :
1458 1141 1521 1171 llaec
1541 1142 1652 1176 quidem

864 1196 916 1216 non
928 1195 957 1215 es
971 1196 1031 1223 qua:
1051 1188 1144 1215 lsraeli
1160 1188 1249 1215 futura
1264 1193 1475 1222 exspectantur:
1493 1189 1581 1222 qualis
1598 1195 1650 1215 au-

864 1239 916 1262 tem
933 1235 982 1267 sis,
998 1235 1045 1269 qui
1064 1235 1199 1270 baptizas,
1213 1235 1368 1266 nescimus;
1383 1242 1468 1270 quare
1490 1235 1579 1262 isthuc
1598 1242 1648 1262 nos

863 1282 970 1313 doceto,
993 1286 1022 1309 ut
1047 1282 1183 1317 possimus
1210 1282 1370 1309 renuntiare
1393 1283 1435 1310 his
1462 1283 1508 1318 qui
1534 1284 1604 1310 hanc
1617 1284 1652 1311 ob

863 1335 976 1355 causam
1003 1335 1052 1355 nos
1078 1329 1110 1354 ad
1133 1332 1159 1355 te
1179 1328 1323 1356 miserunt.
1344 1328 1450 1356 Rursus
1477 1336 1543 1356 vero
1569 1328 1653 1355 etiam

863 1375 915 1401 hoc
935 1374 977 1401 his
1000 1381 1060 1408 quae
1085 1374 1223 1408 proposita
1240 1378 1316 1406 sunt,
1335 1374 1492 1409 proximum
1510 1375 1652 1406 addemus,

863 1419 991 1446 videlicet
1005 1420 1079 1454 quod
1098 1425 1205 1455 tempus
1224 1420 1356 1447 adventus
1372 1420 1476 1447 Christi
1495 1427 1654 1448 commove-

864 1469 907 1492 rat
922 1465 1064 1500 populum,
1081 1466 1153 1500 quod
1167 1466 1277 1500 quidem
1298 1470 1405 1501 tempus
1418 1466 1472 1500 iam
1490 1466 1581 1501 aliquo
1595 1473 1652 1494 meo

864 1511 898 1539 do
913 1512 1034 1538 instabat
1051 1512 1124 1539 circa
1137 1520 1226 1540 annos
1245 1513 1291 1548 qui
1308 1517 1388 1540 erant
1403 1513 1437 1540 ab
1450 1517 1513 1540 ortu
1530 1512 1607 1545 Jesu,
1627 1516 1654 1540 et

865 1557 945 1592 paulo
963 1557 1088 1593 superius
1113 1565 1199 1592 usque
1213 1558 1246 1585 ad
1273 1558 1538 1586 demonstrationem
1554 1559 1654 1592 prardi-

864 1602 994 1630 cationis.
1022 1602 1167 1636 Quocirca,
1191 1603 1297 1631 Scribis
1309 1608 1337 1630 et
1352 1604 1527 1639 legisperitis,
1545 1609 1575 1631 ut
1591 1612 1654 1639 pro-

865 1647 953 1674 babile
967 1652 1037 1681 erat,
1052 1647 1108 1682 jam
1130 1650 1356 1683 exspectantibus
1372 1658 1445 1682 eum,
1463 1650 1508 1684 qui
1523 1651 1655 1684 speraba-

865 1699 917 1726 tur,
932 1694 996 1728 quia
1010 1698 1117 1729 tempus
1135 1695 1208 1723 illius
1224 1703 1239 1722 e
1253 1696 1353 1723 divinis
1368 1696 1520 1731 Scripturis
1534 1697 1652 1732 college-

867 1745 939 1774 rant,
957 1741 1135 1768 tumultuatus
1153 1747 1194 1769 est
1208 1742 1335 1769 Theudas
1356 1750 1408 1769 non
1427 1751 1510 1777 parva
1528 1745 1654 1771 multitu-

867 1787 930 1814 dine
952 1793 1127 1822 congregala,
1148 1793 1288 1822 tanquam,
1305 1789 1413 1823 opinor,
1427 1789 1556 1817 Christus
1568 1796 1654 1822 esset,

870 1843 879 1859 1
893 1838 921 1860 et
936 1838 997 1868 post
1010 1833 1083 1861 illum
1102 1834 1185 1861 Judas
1198 1834 1325 1862 Galilazus
1344 1836 1370 1862 in
1390 1835 1487 1863 diebus
1503 1836 1654 1870 professio-

868 1879 953 1907 nis".
971 1889 980 1905 ι
1003 1879 1223 1907 Consmlaneum
1247 1888 1312 1915 ergo
1333 1884 1385 1912 est,
1405 1889 1467 1907 cum
1489 1881 1590 1908 Christi
1608 1882 1655 1908 ad-

869 1930 966 1953 ventus
999 1925 1150 1952 ferventius
1170 1930 1377 1959 exspectaretur
1400 1926 1653 1961 divulgareturque,

36 1969 125 1999 Iudaeos
146 1973 180 2000 ab
198 1969 402 2009 Hierosolymis
414 1975 575 2005 ,saeerdotes
590 1979 618 2002 et
631 1973 740 2001 Levitas
756 1973 863 2001 misisse
877 1973 910 2000 ad
924 1972 1069 2004 Joannem,
1093 1979 1142 2007 per
1160 1971 1236 2004 illud,
1257 1981 1266 1997 1
1284 1971 1323 1999 Tu
1342 1972 1404 2007 quis
1421 1980 1450 2000 es
1465 1972 1508 2000 "2
1523 1983 1532 2000 ι
1549 1974 1655 2001 discere
1687 2003 1690 2006 ,

37 2017 139 2045 volentes
151 2027 214 2046 num
230 2019 365 2047 fateretur
379 2021 498 2054 seipsum
514 2027 574 2047 esse
586 2020 735 2048 Christum.

64 2062 85 2088 7.
99 2065 149 2090 Kal
168 2064 334 2099 ἠρώτησαν
355 2066 465 2093 αὐτόν·
492 2067 522 2093 Τί
546 2064 622 2098 οὗν;
642 2066 683 2093 σὺ
713 2066 813 2098 Ἠλίας
830 2066 851 2093 [ὶ

35 2104 70 2139 ei;
84 2110 132 2136 Καὶ
150 2110 246 2145 λέγει·
269 2112 330 2137 Οὐκ
344 2111 414 2146 εἰμί.
438 2111 486 2143 Τίς
501 2111 551 2138 οὐκ
570 2110 604 2138 ἂν
624 2111 740 2146 ζητήσαι
759 2111 812 2138 τῶν

35 2153 168 2181 ἀκουόντων
200 2155 292 2190 Ἰησοῦ
320 2156 443 2191 λέγοντος
479 2157 545 2192 περὶ
571 2156 710 2189 Ἰωάννου,
739 2166 748 2181 1
780 2157 813 2183 Ei.

35 2198 123 2226 ἐθέλετε
144 2201 285 2235 δέξασθαι,
305 2202 385 2234 αὐτός
402 2204 476 2229 ἐστιν
500 2201 592 2233 Ἠλίας
608 2202 623 2228 6
642 2201 746 2237 μέλλων
766 2202 812 2237 έρ-

35 2245 123 2277 χεςθαι,
143 2256 152 2272 ι
169 2247 228 2279 πῶς
243 2247 314 2283 πρὸς
324 2248 386 2279 τοὺς
399 2247 559 2283 ἐρωτῶντας
572 2247 619 2284 τὺη,
636 2257 645 2274 1
665 2248 702 2275 Σὺ
719 2247 813 2279 Ἠλίας

35 2287 70 2321 εἷ;
89 2292 179 2327 »λέγει
198 2294 213 2319 6
238 2294 386 2329 Ἰωάννηςο
408 2303 417 2319 1
437 2294 494 2321 Οὐκ
515 2294 589 2329 altat;
609 2303 618 2319 ι
639 2293 698 2326 πῶς
720 2294 748 2320 δὲ
765 2295 813 2321 καὶ

36 2336 115 2370 νοῆσαι
125 2339 164 2365 δεῖ
181 2339 228 2366 τὸν
250 2339 378 2374 Ἰωάννην
395 2339 477 2366 αὑτὸν
493 2336 563 2365 εἶναι
585 2338 678 2365 Ἠλίαν
690 2339 736 2365 τὸν
752 2339 813 2374 μέλ-

35 2380 100 2409 λοντα
111 2385 236 2419 ἔρχεσθαι
247 2385 321 2412 κατὰ
334 2385 365 2411 τὸ
380 2385 524 2420 εἰρημένον
541 2384 593 2411 ὑπὸ
609 2385 657 2411 τοῦ
669 2385 811 2420 Μαλαχίου

35 2427 107 2460 οὕτως
120 2430 187 2465 ἕχον·
204 2441 214 2457 1
232 2431 289 2458 Καὶ
309 2431 363 2457 ἰδοὺ
383 2430 439 2466 ἐγὼ
461 2431 618 2458 ἀποστέλλω
638 2431 701 2466 ὑμῖν
719 2431 811 2457 Ἠλίαν

34 2474 71 2499 τὸν
82 2476 218 2512 Θεσϐίτην,
234 2478 302 2513 πρὶν
314 2477 400 2504 ἐλθεῖν
414 2477 521 2514 ἡμέραν
540 2478 644 2513 Κυρίου
661 2477 710 2513 τὴν
725 2477 812 2513 μεγά-

35 2518 74 2553 λην
86 2522 129 2548 καὶ
140 2523 271 2558 ἐπιφανῆ,
288 2522 318 2553 ὃς
337 2523 559 2558 ἀποκαταστήσει
576 2523 691 2558 καρδίαν
709 2522 814 2558 πατρὸς

36 2566 92 2599 :96;
106 2568 170 2599 υἱὸν,
183 2568 232 2595 καὶ
249 2567 364 2604 καρδίαν
388 2567 532 2603 ἀνθρώπου
556 2569 624 2604 πρὸς
636 2569 683 2595 τὸν
697 2568 810 2604 πλησίον

36 2610 114 2642 αὐτοῦ,
128 2612 163 2648 μὴ
175 2612 244 2639 ἔλθω
256 2613 304 2639 καὶ
320 2612 432 2645 πατάξω
445 2612 494 2648 τὴν
510 2612 562 2647 γῆν
575 2613 674 2648 ἄρδην;
695 2622 703 2638 ι
723 2613 778 2639 Καὶ
796 2613 811 2640 6

36 2653 73 2680 τοῦ
90 2655 211 2690 ὀφθέντος
226 2656 256 2683 δὲ
273 2656 312 2692 τῷ
328 2657 451 2692 Ζαχαρία
473 2656 587 2691 ἀγγέλου
606 2657 709 2692 Κυρίου
731 2657 812 2683 ἑστῶ-

65 2724 168 2753 "Joan.
192 2734 211 2760 ι,
230 2727 274 2757 19,
295 2727 339 2754 23.
392 2726 415 2742 ⁷⁰
431 2726 509 2758 ibi1l.,
528 2726 575 2752 20.
625 2727 645 2742 ⁷¹
664 2726 740 2756 ibid.,
760 2727 804 2754 ⁸21.

36 2757 54 2774 ⁷³
70 2760 126 2787 ibid.
142 2762 186 2790 2|.
205 2757 249 2778 ’⁷⁸
266 2762 361 2790 Matth.
376 2769 414 2794 xl,
434 2761 479 2789 M.
502 2757 539 2778 7"
559 2761 675 2788 Malach.
692 2769 727 2794 IV,
741 2761 768 2794 5,
780 2763 807 2789 ti.

67 2837 117 2873 (83)
137 2839 339 2874 Ἑπεςςύησαν.
359 2839 513 2875 chcndum
530 2840 645 2874 videtur,
669 2838 851 2875 ὲπεφρύαξεν.

903 2064 928 2090 7.
949 2062 982 2090 Et
1005 2064 1230 2097 interrogaverunt
1252 2072 1310 2090 eum
1326 2070 1335 2089 :
1351 2064 1421 2097 Quid
1433 2066 1515 2100 ergo?
1534 2064 1611 2093 Elius
1626 2075 1653 2093 es

865 2110 913 2137 tu?
945 2108 978 2134 Et
999 2109 1083 2135 dicit:
1097 2108 1159 2136 Non
1181 2118 1238 2136 sum
1248 2110 1282 2136 ⁷⁸.
1305 2110 1403 2137 Verum
1429 2112 1570 2139 enimvero
1592 2112 1654 2146 quis

865 2156 978 2183 audiens
991 2154 1083 2182 Jesum
1097 2156 1232 2183 dicentem
1246 2155 1279 2182 de
1293 2155 1408 2188 Joanne,
1427 2166 1436 2182 1
1453 2156 1482 2184 Si
1505 2157 1588 2185 vultis
1609 2166 1652 2185 ac-

865 2201 968 2236 cipere,
994 2201 1051 2236 ipse
1074 2206 1118 2229 est
1148 2202 1220 2229 Elias
1244 2203 1290 2237 qui
1320 2208 1452 2230 venturus
1468 2204 1552 2236 est",
1570 2214 1579 2230 ι
1599 2213 1653 2232 non

864 2247 1030 2281 quaesiturus
1059 2247 1110 2279 sit,
1138 2255 1255 2282 quonam
1278 2253 1356 2282 pacto
1381 2249 1414 2275 ad
1440 2249 1652 2285 interrogantes,

867 2301 877 2318 1
890 2292 964 2321 Elias
980 2301 1010 2321 es
1026 2294 1071 2320 tu?
1083 2303 1092 2320 I
1110 2294 1183 2321 dicat
1197 2294 1336 2322 Joannes:
1353 2303 1361 2319 1
1376 2294 1433 2322 Non
1454 2296 1531 2323 sum?
1544 2306 1554 2322 ι
1572 2301 1654 2331 atque

865 2338 950 2365 etiam
966 2339 1102 2373 quomodo
1121 2347 1189 2374 opus
1213 2340 1250 2366 sit
1275 2340 1426 2375 intelligere
1442 2340 1577 2368 Joannem
1591 2349 1652 2369 esse

866 2383 952 2410 Eliam
973 2391 1125 2418 venturum,
1145 2385 1223 2418 juxta
1252 2385 1277 2412 id
1303 2387 1375 2421 quod
1393 2394 1408 2413 a
1422 2386 1553 2414 Malacliia
1573 2387 1652 2422 112

866 2435 909 2456 est
924 2430 1036 2462 dictum,
1060 2431 1100 2458 sic
1116 2431 1220 2458 habens
1236 2440 1243 2458 :
1260 2441 1269 2457 1
1285 2431 1318 2459 Et
1333 2439 1398 2460 ecce
1415 2439 1466 2468 ego
1484 2434 1561 2460 mitto
1575 2434 1653 2461 vobis

865 2474 952 2502 Eliam
966 2476 1126 2509 Thesbiten,
1143 2482 1288 2512 antequam
1301 2479 1392 2506 veniat.
1406 2479 1463 2506 dies
1476 2479 1582 2507 Domini
1599 2489 1652 2507 ma-

867 2528 919 2555 gna
946 2526 973 2548 et
1000 2523 1156 2556 manifesta,
1173 2524 1218 2558 qui
1246 2524 1372 2552 restituet
1398 2533 1447 2553 cor
1475 2526 1561 2560 patris
1588 2534 1651 2561 erga

866 2567 963 2600 tilium,
987 2574 1015 2595 et
1038 2575 1084 2595 cor
1105 2569 1223 2597 hominis
1242 2577 1307 2605 erga
1332 2572 1486 2605 proximum
1509 2580 1599 2604 suum,
1619 2580 1653 2600 ne

866 2613 985 2646 veniam,
1012 2619 1039 2641 et
1062 2615 1212 2648 percutiam
1239 2620 1340 2643 terram
1366 2617 1564 2645 funditus'"h
1580 2612 1650 2652 Qitin

866 2659 954 2694 angeli
968 2661 1056 2687 oratio
1074 2661 1107 2688 ad
1122 2660 1282 2688 Zachariam
1300 2663 1397 2690 stantis
1412 2670 1426 2690 a
1442 2664 1545 2691 dextris
1557 2664 1652 2691 altaris

860 2729 882 2744 ⁷³
899 2729 977 2764 ibld.,
1001 2729 1047 2757 22.
1103 2731 1126 2747 ⁷³
1140 2731 1200 2759 Act.
1216 2739 1243 2766 v,
1257 2732 1301 2766 56,
1318 2732 1364 2760 57.
1417 2733 1441 2750 ⁷⁸
1462 2733 1542 2764 Joan.
1563 2741 1583 2768 t,
1607 2733 1649 2763 i9.
