1865 3041
22 119 79 147 ‘23!

614 123 792 152 COMMENT.
815 124 848 152 IN
867 124 965 152 JOAN.
987 127 1107 155 TOMUS
1127 127 1169 156 νι.

1649 129 1702 156 ⁸3⁸2

23 180 137 214 τέκνα,
165 181 224 209 διὰ
251 182 330 209 τοῦτο
352 181 382 209 τὸ
405 182 515 218 πνεῦμα
540 192 550 208 ι
582 183 675 210 Ἠλίαν
699 195 709 210 ι
734 184 759 211 λέ

978 191 1088 220 propter
1117 187 1189 213 hunc
1213 185 1338 220 spiritum
1378 185 1474 212 tElias
1499 186 1545 220 qui
1571 191 1700 214 venturus

27 237 38 252 ι
55 227 112 254 τδν
127 227 283 263 μέλλοντα
301 228 439 264 ἔρχεσθαι.
463 239 472 255 ι
493 230 541 261 Et;
559 230 736 266 παραμυθίαν
754 231 782 257 δὲ
801 230 859 258 τού-

24 281 89 300 των
117 274 180 301 καὶ
208 274 302 310 τούτῳ
325 275 456 311 χρήσεται
481 275 521 311 τῷ
541 275 628 311 λόγῳ·
645 277 676 303 Εί
689 276 704 302 ὁ
719 276 773 303 τῶν
790 277 859 304 ὅλων

24 319 104 352 Θεὸς
132 321 308 353 οἱκειωθεὶς
328 323 384 353 τοῖς
408 321 497 356 ἁγίοις
521 322 613 349 αὐτῶν
635 322 751 356 γίνεται.
772 323 859 355 οὕτως

23 365 266 401 ὀνομαζόμενος
285 366 351 398 Θεὸς
373 366 508 402 ’Δὸραὰμ,
534 367 582 395 καὶ
603 367 669 399 Θεὸς
691 367 793 401 Ἰσαὰκ,
812 368 860 395 καὶ

23 411 103 442 Θεὸς
132 410 261 444 Ἰακὼὸ,
274 412 350 447 πόσῳ
369 411 450 439 πλέον
470 412 500 439 τὸ
525 413 602 447 ἀγιον
621 413 733 448 Πνεῦμα
749 415 858 441 οἰκειω-

23 458 76 484 οὲν
89 459 163 489 τοῖς
191 459 354 494 προφήταις
373 458 482 494 πνεῦμα
497 458 587 485 αὐτῶν
603 459 784 495 χρηματίζειν
803 457 859 486 οἷόν

21 510 57 528 τε
70 502 184 536 ἔσται,
217 504 253 530 ἶν’
311 503 398 535 οὕτως
420 503 528 539 πνεῦμα
555 504 657 537 Ἠλίου,
679 506 726 532 καὶ
751 505 860 541 πνεῦμα

30 546 183 581 Ἡσαΐου,
209 549 360 585 λεγόμενον
381 549 412 575 τὸ
430 549 556 584 πνεῦμα;
588 550 617 576 '0
635 550 718 583 αὐτὸς
735 559 765 577 τε
782 548 860 584 οὗτος

22 594 292 629 ἐκκλησιαστικὺς
307 596 366 630 ἐρεῖ
382 595 512 623 δύνασθαι
529 597 578 631 μὲν
594 597 658 629 τοὺς
675 597 860 633 ὑπειληφότας

22 639 88 666 τῶν
125 641 297 676 προφητῶν
324 639 395 668 εἶναι
431 641 477 668 τὸν
510 642 615 678 Ἰησοῦν
644 644 799 671 ἀναστάντα
827 645 860 672 ὲκ

24 688 156 724 νεκρῶν
175 689 356 724 ἠπατῆσθαι,
373 691 445 718 κατά
456 699 486 717 τε
498 691 529 717 το
546 691 745 728 προειρημένον
760 692 858 728 δόγμα,

24 735 80 760 καὶ
96 733 188 761 κατὰ
203 734 239 761 τὸ
253 734 458 770 ὑπολαμϐάνειν
473 736 555 764 αὑτὸν
568 737 617 765 ἕνα
636 738 690 765 τῶν
712 739 860 774 προφητῶν

23 781 220 815 τυγχάνειν,
239 780 371 808 δύνασθαι
391 781 431 814 δὲ,
456 782 527 819 πρὸς
543 784 576 810 τὸ
598 784 670 811 κατὰ
688 784 719 811 τὸ
738 784 860 820 νομίζειν

23 826 125 853 αὑτὸν
141 826 211 853 τῶν
237 826 387 862 προφητῶν
402 825 473 855 εἶναι
495 827 553 861 ἱνα,
569 830 686 860 πταίειν,
707 828 756 856 καὶ
769 829 860 864 ψευδο-

25 873 144 906 δοξεῖν,
165 872 225 899 καὶ
239 872 312 900 κατά
327 873 358 900 τὺ
373 873 480 908 ἀγνοεῖν
491 874 574 901 αὐτοῦ
584 875 630 901 τὸν
645 875 791 911 λεγόμενον
812 885 861 903 παρ

26 919 120 954 τέρα,
148 920 208 945 καὶ
225 918 278 953 τὴν
300 916 384 946 οὖσαν
404 919 521 956 μητέρα,
542 919 646 947 οἴεσθαί
662 929 691 947 τε
708 921 789 948 αὑτὸν
806 921 861 948 ἀπὺ

26 964 89 990 16w
109 965 278 1000 μνημείων
288 965 446 1001 ἐγηγέρθαι.
462 966 517 993 Καὶ
534 966 603 1002 πρὸς
616 967 646 993 τὺ
660 967 690 994 ὲν
709 968 819 995 Γενέσει
829 977 860 995 τε

26 1011 103 1046 περὶ
121 1011 185 1046 τῆς
201 1009 414 1043 ὲξαναστάσεως
427 1012 616 1048 ἀπαντήσεται
634 1013 649 1039 ὀ
666 1012 859 1050 ἐκκλησιαστι-

26 1057 83 1088 κὺς
113 1056 281 1092 χρώμενος
300 1057 354 1092 τῷ,
380 1065 390 1083 ι
421 1057 598 1094 Ἐξανέστησε
617 1059 672 1096 γάρ
696 1060 772 1095 μοιό
793 1059 861 1092 Θεὸς

30 1104 166 1140 σπέρμα
193 1103 298 1139 ἕτερον
321 1103 382 1130 ἀντὶ
411 1103 504 1136 ’Δὸελ,
526 1104 556 1132 ὃν
578 1105 722 1131 ἀπέκτεινε
745 1106 826 1136 Κάῖν,
848 1116 857 1132 ι

28 1149 86 1184 τῆς
98 1149 333 1182 ὲξαναστάσεως
344 1150 391 1176 καὶ
407 1149 454 1176 ἐπὶ
470 1150 604 1184 γενέσεως
618 1150 757 1186 κειμένης.
775 1148 859 1183 Οὗτος

28 1196 61 1222 δὲ
73 1196 159 1232 πρὸς
182 1196 220 1222 τὸ
238 1195 347 1231 πρῶτον
366 1195 505 1232 ἀπορηθὲν
524 1196 626 1232 ἑτέρως
646 1196 722 1232 παρὰ
735 1197 781 1224 τὸν
799 1197 861 1224 ὑπο-

29 1241 240 1277 λαμβάνοντα
256 1242 501 1278 μετεντωμάτωσιν
516 1242 734 1278 ἀπολογούμενος
747 1243 806 1278 ἐρεῖ
817 1243 860 1270 διὰ

31 1288 89 1322 μὲν
106 1287 151 1313 τὰ
169 1287 286 1322 ἀρτίως
299 1287 556 1315 κατασκευασθέντα
573 1288 645 1323 λόγῳ
665 1288 718 1314 τιν).
730 1286 799 1315 εἶναι
814 1289 860 1316 τὸν

38 1334 193 1369 Ἰωάννην
235 1333 328 1360 Ἠλίαν
355 1334 401 1360 τὸν
424 1334 556 1369 μέλλοντα
580 1333 725 1370 ἔρχεσθαι,
757 1335 859 1362 ἀποκε-

31 1381 163 1414 arpis-ﬂat
183 1379 218 1406 δὲ
234 1380 304 1415 πρὸς
325 1381 388 1412 τοὺς
404 1381 488 1417 ἱερεῖς
503 1381 550 1408 καὶ
565 1381 682 1413 Λευττας
702 1382 743 1411 τὴ,
768 1391 778 1407 ι
802 1382 860 1409 Οὐκ

31 1428 110 1462 εἱμὶ,
137 1437 148 1453 ι
171 1427 384 1462 εποχασάμενον
397 1427 443 1454 τοῦ
460 1427 628 1464 βουλήματος
640 1427 690 1463 τῆς
699 1428 860 1464 ἐρωτήσεως

32 1473 151 1508 aitagiv.
186 1473 232 1499 Οὐ
255 1473 310 1508 γὰρ
334 1473 413 1500 τοῦτο
437 1473 533 1508 ήοελεν
557 1475 573 1509 ἡ
603 1474 789 1509 προλεγομένη
813 1473 859 1506 ὲξ-

910 231 997 262 est";
1013 240 1022 257 ι
1037 232 1070 257 ad
1091 239 1208 266 quorum
1236 231 1475 258 continuationem
1493 231 1575 258 etiam
1591 232 1642 259 hac
1658 241 1702 258 m-

912 278 984 305 tioue
1003 281 1094 304 utetur
1111 285 1119 303 :
1137 277 1165 304 Si
1184 277 1374 305 universorum
1402 278 1472 304 Deus
1493 278 1636 306 familiaris
1660 279 1701 305 fa-

910 328 972 350 ctus
989 323 1102 354 sanctis,
1118 323 1188 349 Deus
1201 324 1322 358 ipsorum
1343 325 1383 357 fit,
1403 324 1444 352 sic
1459 325 1615 352 nominatus
1629 324 1701 353 Deus

909 371 1059 404 Abraham,
1072 376 1100 398 et
1118 371 1189 397 Deus
1211 371 1295 403 Isaac,
1309 376 1335 398 et
1360 371 1431 399 Deus
1454 364 1538 399 Jacob
1548 372 1582 404 ⁸³,
1599 379 1701 407 quanto

912 417 998 450 magis
1019 416 1137 451 Spiritus
1152 421 1268 444 sanctus
1285 416 1430 444 familiaris
1444 418 1531 445 factus
1547 418 1699 453 prophetis,

910 463 1023 496 spiritus
1039 463 1159 497 ipsorum
1176 463 1270 489 hahcri
1288 463 1400 497 poterit,
1416 469 1445 490 ut
1464 464 1537 491 hunc
1549 465 1575 491 in
1590 465 1699 491 modum

910 509 1026 544 spiritus
1052 509 1171 540 dicatur,
1190 509 1304 543 spiritus
1327 509 1404 540 Elim,
1418 514 1446 537 et
1465 510 1577 545 spiritus
1603 510 1700 537 Isaiae?

912 555 1044 589 Dicetqne
1070 555 1115 582 hic
1141 555 1199 588 ipse
1220 555 1436 586 ecclesiasticus,
1451 556 1570 590 potuisse
1590 556 1699 590 quidem

910 609 958 628 eos
971 601 1017 636 qui
1033 601 1162 636 suspicati
1179 601 1295 628 fuissent
1307 601 1402 636 [unum
1418 601 1574 638 solumque]
1589 603 1702 637 prophe-

912 650 1002 672 tarum
1019 653 1080 673 esse
1098 645 1192 673 Jesum
1215 654 1230 674 e
1256 647 1374 674 mortuis
1399 648 1590 674 resuscitatqu
1603 647 1637 680 ⁸⁸,
1653 648 1702 675 de-

910 692 975 725 cipi.
991 697 1046 718 tum
1063 699 1095 718 cx
1113 691 1245 726 praedicto
1262 692 1397 726 dogmate,
1413 697 1468 718 tum
1491 700 1526 719 ex
1545 693 1702 727 suspicione

911 739 983 772 quod
1009 739 1066 772 ipse
1089 745 1160 765 unus
1182 745 1216 764 ex
1242 737 1383 772 prophetis
1408 743 1500 771 esset;
1518 739 1566 766 sed
1590 744 1703 773 praeter-

912 791 996 818 quam
1020 784 1089 818 quod
1105 784 1296 811 existimarent
1314 792 1376 810 eum
1394 792 1477 811 unum
1500 792 1532 812 ex
1560 785 1702 820 prophetis

913 837 985 859 esse.
1011 834 1094 864 atque
1119 836 1151 856 ex
1173 828 1362 856 monumentis
1386 829 1580 856 resuscitatum
1605 828 1700 861 fuisse,

913 875 965 902 labi
978 882 1026 902 cos
1037 874 1131 905 etiam,
1151 879 1178 900 et
1196 873 1262 900 falsa
1277 873 1383 907 opinari
1403 874 1536 908 potuisse,
1552 874 1702 910 ignorando

910 921 1036 955 quisnam
1066 924 1144 954 pater
1171 919 1256 953 ipsius
1284 920 1424 946 diceretur
1446 924 1474 947 ct
1497 928 1620 954 quaenam
1643 921 1702 955 ejus

910 971 983 995 esset
998 972 1094 996 mater.
1111 965 1151 993 Ad
1168 965 1232 992 illud
1256 965 1337 993 etiam
1354 966 1425 1000 quod
1442 970 1484 993 est
1501 966 1527 992 in
1547 965 1648 993 Genesi
1665 968 1699 994 de

909 1020 976 1040 voce
988 1012 1207 1043 resurrectionis,
1221 1016 1349 1039 occurret
1361 1011 1564 1039 ecclesiasticus
1574 1017 1653 1039 utens
1668 1020 1702 1040 eo

911 1059 1066 1087 testimonio
1076 1059 1116 1084 '°:
1131 1067 1141 1084 ι
1160 1058 1343 1086 Resuscitavit
1359 1058 1424 1085 mihi
1438 1065 1530 1085 semen
1544 1058 1617 1086 aliud
1631 1059 1702 1086 Deus

910 1111 960 1139 pro
970 1103 1047 1135 Abel,
1061 1109 1141 1137 quem
1159 1103 1295 1130 interfecit
1313 1102 1392 1135 Cain,
1407 1113 1416 1129 ι
1434 1111 1500 1130 voce
1522 1105 1702 1132 resurrectio-

912 1150 954 1177 nis
968 1150 1068 1184 posita,
1085 1150 1168 1176 etiam
1186 1148 1220 1176 de
1235 1148 1388 1176 uativitate.
1402 1148 1520 1176 Proinde
1538 1149 1582 1176 hic
1595 1149 1628 1176 ad
1642 1150 1700 1184 pri-

912 1203 981 1223 mam
1001 1195 1197 1223 dubitationem
1213 1195 1266 1222 alio
1283 1195 1374 1227 modo,
1391 1203 1473 1230 quam
1493 1195 1516 1223 is
1535 1196 1580 1230 qui
1607 1196 1700 1231 suspi-

910 1247 989 1270 catur
1013 1241 1322 1276 transcorporationem,
1351 1241 1517 1276 respondens
1540 1241 1624 1275 dicet,
1652 1249 1702 1276 per

910 1296 942 1315 ea
957 1289 1075 1322 quidem,
1092 1295 1153 1323 qua:
1174 1295 1260 1322 nuper
1283 1287 1393 1322 probata
1417 1293 1490 1320 sunt,
1503 1286 1635 1316 Joannem
1656 1295 1703 1316 ra-

913 1335 985 1362 tione
1005 1335 1122 1369 quadam
1148 1333 1234 1360 Etiam
1258 1341 1319 1361 esse
1343 1339 1502 1366 venturum,
1528 1335 1702 1369 respondisse

910 1387 976 1407 vero
991 1379 1184 1406 sacerdotibus
1198 1387 1230 1406 ac
1253 1378 1366 1410 Levitis,
1386 1387 1395 1404 r
1416 1378 1474 1405 Non
1491 1386 1550 1405 sum
1560 1379 1596 1411 ’¹,
1609 1388 1620 1405 ι
1636 1386 1703 1406 con-

908 1427 1058 1461 jectantem
1075 1425 1298 1460 interrogationis
1314 1425 1436 1458 ipsonnu
1452 1425 1630 1452 voluntatem.
1646 1424 1703 1452 Nec

911 1473 983 1500 enim
998 1472 1156 1499 intendebat
1180 1472 1238 1499 haec
1259 1471 1399 1505 inquisitio
1414 1471 1501 1506 prima
1514 1470 1611 1498 Joanni
1630 1471 1701 1499 facta

32 1518 142 1551 ἑτατις
160 1518 210 1554 τῷ
233 1518 344 1554 Ἰωάννῃ
358 1519 413 1545 ἀπὸ
428 1519 483 1546 τῶν
506 1519 600 1554 ἱερέων
615 1519 664 1546 καὶ
675 1520 768 1546 Λευῖτι]

965 1519 1131 1545 icerdotihus
1142 1523 1170 1546 et
1187 1517 1299 1549 Levitis,
1317 1521 1342 1544 ut
1355 1518 1491 1544 discerent
1505 1524 1537 1543 an
1556 1517 1628 1544 idem
1642 1517 1701 1550 spi-

34 1565 148 1599 μαθεῖν
164 1565 194 1590 εἱ
211 1563 245 1590 τὺ
262 1564 328 1591 αὐτὸ
341 1564 449 1599 πνεῦμα
467 1565 496 1591 ἐν
512 1565 678 1601 ἀμφτέροις
699 1565 858 1600 ἐτύγχανεν,

32 1610 98 1637 ἀλλ’
118 1611 148 1637 εἱ
163 1611 181 1637 ὁ
207 1610 339 1646 Ἰωάννης
361 1610 442 1642 αὐτὸς
463 1610 557 1642 Ἠλίας
578 1612 592 1637 ὁ
614 1611 789 1646 ἀναληφθεὶς,
810 1611 859 1639 νῦν

913 1565 982 1592 ritus
1006 1564 1032 1591 in
1057 1569 1173 1598 utroque
1189 1568 1280 1596 esset;
1298 1564 1346 1590 sed
1369 1571 1402 1590 an
1427 1562 1547 1590 Joannes
1569 1567 1642 1591 esset
1657 1563 1703 1590 ille

912 1610 968 1644 ipse
989 1609 1062 1637 Elias
1085 1609 1131 1644 qui
1156 1614 1312 1644 assumptus
1335 1608 1436 1640 fuerat,
1461 1617 1534 1637 nunc
1554 1617 1700 1644 apparens,

33 1656 278 1691 émcpawéptzvo;
305 1656 377 1683 κατὰ
404 1656 434 1682 τὸ
467 1657 605 1689 Ἰουδαίοις
634 1656 769 1693 προσδοκά

965 1663 983 1681 κο
998 1653 1153 1682 Judaaurum
1165 1655 1522 1690 exspectaIionem,absque
1534 1661 1606 1688 ortu,
1621 1663 1701 1689 quem

34 1703 132 1738 χωρὶς
152 1701 313 1736 γενέσεως,
329 1702 361 1737 ἢν
375 1702 447 1737 τάχα
463 1703 510 1729 καὶ
526 1703 641 1737 ἠγνόουν
658 1704 683 1730 οἱ
699 1704 752 1730 ἀπὸ
777 1705 858 1739 Ἰερο-

35 1748 184 1782 σολύμων
222 1747 438 1780 ἀποσταλέντες·
467 1749 536 1784 πρὸς
563 1749 597 1785 ἣν
621 1749 718 1777 πεῦσιν
743 1749 858 1782 εἰκότως

37 1793 245 1829 ἀποκρίνεται
271 1795 314 1823 τὸ,
346 1802 356 1819 ι
381 1794 438 1821 Οὐκ
463 1795 539 1830 εἰμὶ,
568 1805 577 1820 ι
603 1795 633 1821 οὺ
653 1795 708 1830 γὰρ
736 1795 829 1827 Ἠλίας
844 1796 859 1822 ὁ

34 1838 232 1874 ἀναληφθεὶς
245 1838 366 1874 ἀμείψας
380 1840 460 1875 σῶμα
479 1840 603 1875 ἐληλύθει
618 1841 632 1867 ὁ
657 1840 784 1876 Ἰωάννης
800 1841 859 1868 ὀνο-

38 1885 230 1921 μαζόμενος.
261 1885 291 1911 Ὀ
310 1885 338 1911 δὲ
361 1885 477 1921 πρῶτος,
500 1884 529 1914 οὗ
550 1886 597 1913 τὸν
620 1886 682 1914 νοῦν
701 1887 859 1922 παρεθήκα-

36 1940 104 1966 μεν,
125 1930 270 1966 οἰομένου
288 1931 531 1966 μετενσωμάτωσιν
548 1931 671 1958 ἐντεῦθεν
687 1931 858 1959 κατασκευά-

37 1977 163 2009 ζεσθαι,
183 1975 406 2012 προσδιατρίᾶιιν
420 1979 453 2012 τῇ
471 1977 581 2012 βασάνῳ
599 1978 648 2012 τῆς
668 1977 778 2010 λέξεως,
801 1977 860 2013 ἐρεῖ

37 2024 115 2060 πρὸς
135 2024 192 2050 τὸν
217 2022 354 2058 δεύτερον.
374 2024 414 2050 ὅτι
435 2024 485 2050 οὐκ
506 2024 651 2051 ἀκόλουθον
668 2025 714 2051 τὸν
735 2024 860 2060 τηλικού-

36 2078 90 2096 του
121 2068 235 2104 ἱερέως
262 2068 397 2104 Ζαχαρίου
421 2069 479 2096 υἱὸν
501 2069 548 2096 ἐπὶ
576 2071 650 2106 γήρᾳ.
677 2070 860 2106 γεγενημένον

37 2114 232 2150 ἀμφοτέροις
243 2113 352 2146 γονεῦσι
364 2113 438 2149 παρά
454 2115 544 2140 πᾶσαν
560 2114 734 2150 ἀνθρωπίνην
747 2115 859 2151 προσδο-

38 2161 110 2188 κίαν
127 2159 302 2194 ἀγνοεῖσθαι
326 2159 377 2186 ὑπὸ
390 2159 445 2186 τῶν
464 2159 599 2187 τοσούτων
615 2161 645 2187 ὲν
663 2160 859 2196 Ἰεροσολύμοις

910 1701 1025 1728 fortasse
1049 1701 1132 1728 etiam
1163 1701 1338 1734 ignorabant,
1360 1701 1407 1734 qui
1433 1701 1510 1728 missi
1533 1701 1645 1728 fuerunt
1667 1702 1703 1727 ab

910 1747 1125 1783 Hierosolymis;
1154 1747 1187 1773 ad
1221 1754 1304 1781 quam
1340 1746 1580 1781 interrogationem
1604 1748 1702 1774 merito

911 1794 1075 1827 respondet:
1092 1803 1102 1819 ‹
1125 1792 1182 1820 Non
1213 1799 1294 1824 sum;
1313 1801 1323 1817 ι
1345 1799 1434 1826 neque
1460 1793 1532 1820 enim
1558 1793 1632 1820 Elius
1657 1794 1702 1821 ille

910 1848 1018 1868 sursum
1035 1844 1161 1874 receptus
1185 1839 1369 1865 alternaverat
1389 1845 1499 1872 corpus,
1514 1838 1604 1866 dictus
1616 1838 1700 1866 Joan-

910 1894 968 1914 nes.
985 1886 1021 1913 At
1047 1890 1142 1913 contra
1173 1884 1279 1919 primus
1303 1884 1358 1916 ille,
1383 1884 1462 1918 cujus
1488 1891 1599 1911 seusqu
1621 1885 1703 1921 114

910 1932 1103 1968 proposuimus
1121 1930 1306 1958 existimantis
1325 1929 1622 1964 trauscorporationem
1638 1930 1702 1956 hinc

910 1978 1007 2009 astrui,
1029 1977 1180 2005 immorans
1199 1975 1226 2003 in
1248 1976 1452 2004 examinatione
1474 1975 1613 2009 dictionis,
1629 1976 1701 2003 dicet

910 2026 943 2052 ad
962 2025 1076 2052 alterunt
1092 2024 1204 2050 minimc
1226 2030 1396 2058 censequeus
1407 2030 1467 2050 esse
1479 2022 1620 2049 Zachariae
1632 2023 1701 2049 tanti

910 2070 1062 2099 sacerdotis
1079 2069 1164 2096 tilium
1176 2069 1202 2096 in
1217 2074 1360 2096 senectute
1375 2068 1501 2103 utrisque
1513 2067 1635 2103 genitum
1650 2075 1702 2102 pa—

911 2117 1046 2148 rentibus,
1059 2121 1278 2151 praztcr.omnem
1295 2115 1444 2141 humanam
1456 2113 1700 2148 exspectationem,

912 2162 1032 2197 ignorari
1049 2170 1065 2188 ει
1081 2160 1230 2189 totJudaeis
1244 2161 1291 2194 qui
1308 2165 1389 2187 erant
1403 2159 1609 2195 Hierosolyma,
1622 2164 1651 2187 et
1667 2159 1703 2186 ali

45 2205 216 2234 Ἰουδαίων,
235 2204 283 2230 καὶ
299 2204 353 2231 τῶν
369 2205 548 2241 πεμφθέντων
572 2206 618 2232 ὑπ’
635 2205 724 2232 αὐτῶν
740 2207 781 2233 Ast

966 2208 1008 2242 qui
1028 2207 1103 2234 missi
1125 2206 1235 2234 fuerunt
1253 2206 1286 2232 ab
1302 2205 1369 2240 ipsis
1390 2205 1494 2233 Levitis
1509 2211 1537 2232 et
1550 2205 1702 2232 sacerdoti-

38 2251 92 2277 καὶ
123 2249 245 2284 ἱερέων,
268 2249 298 2276 οὗ
321 2250 510 2284 γινωσκόντων
530 2251 561 2277 τὸ
585 2251 748 2287 γεγενῆσθαι
768 2252 860 2284 αὑτὸν,

39 2296 93 2322 καὶ
110 2294 247 2330 μάλιστα
262 2294 354 2320 Δουκᾶ
369 2295 579 2331 μαρτυροῦντος,
597 2296 638 2322 ὅτι
658 2305 667 2321 ι
690 2296 798 2330 ἐγένετο
814 2297 861 2323 ἐπὶ

40 2342 162 2372 πάντας
179 2339 268 2374 φόϐος
285 2340 346 2371 τοὺς
360 2340 566 2375 περιοικοῦντας
581 2341 679 2373 αὐτούς
695 2351 704 2366 ι
718 2341 806 2377 (δῆλον
821 2341 860 2372 δὲ,

39 2388 84 2414 ὁτι
100 2386 155 2413 τὸν
169 2385 316 2420 Ζαχαρίαν
328 2385 377 2412 καὶ
394 2386 444 2420 τὴν
462 2385 624 2421 Ἐλισάΰετ),
641 2396 650 2412 ι
663 2387 710 2414 καὶ
725 2387 754 2413 ἐν
766 2387 815 2422 6λῇ
826 2389 860 2423 τῇ

39 2434 146 2470 ὀρεινῇ
176 2432 231 2466 τῆς
265 2432 393 2464 Ἰουδαίας
419 2432 565 2460 διελαλεῖτο
584 2432 673 2459 πάντα
692 2433 727 2459 τὰ
748 2434 860 2469 ῥήματα

39 2481 153 2508 ταῦτα.
179 2488 191 2504 ι
212 2478 244 2504 Εἱ
263 2477 291 2504 δὲ
305 2479 356 2505 οὐκ
373 2479 496 2514 ἠγνοεῖτο
515 2480 531 2514 ἠ
549 2480 581 2506 ὲκ
600 2480 735 2514 Ζαχαρίου
752 2480 858 2514 γένεσις

47 2526 205 2556 Ἰωάννου,
225 2523 349 2559 ἔπεμπον
366 2525 394 2551 δὲ
409 2526 434 2550 οἱ
449 2525 503 2551 ἀπὸ
522 2525 722 2561 Ἰεροσολύμων
738 2526 860 2553 Ἰουδαῖοι

39 2573 92 2598 διὰ
115 2571 179 2598 τῶν
197 2569 319 2596 Λευῖτῶν
346 2571 394 2597 καὶ
421 2571 516 2606 ἱερέων
539 2571 701 2606 πευσόμενοι
722 2572 768 2604 τὸ,
790 2581 798 2597 ι
822 2572 858 2599 Σὺ

48 2618 157 2649 Ἠλίας
173 2614 220 2649 ei;
240 2626 249 2642 I
267 2616 357 2651 δῆλον.
371 2617 412 2643 ὃτι
427 2617 507 2644 τοῦτο
523 2617 614 2651 ἔλεγον
631 2617 662 2644 τὺ
682 2617 746 2652 περὶ
764 2626 858 2652 μετεν-

43 2662 258 2699 σωματώσεως
274 2662 362 2698 δόγμα
381 2663 500 2699 οἰόμενοι
521 2661 590 2690 εἶναι
615 2663 725 2698 ἀληθὲς,
749 2663 788 2695 ὡς
803 2663 856 2690 πά-

42 2719 130 2746 τριον
143 2709 294 2743 τυγχάνον,
318 2710 366 2735 καὶ
387 2710 437 2736 οὐκ
459 2709 599 2744 ἀλλότριον
615 2709 664 2744 τῆς
687 2710 716 2735 ὲν
739 2710 859 2745 ἁπορῤἡη

43 2764 108 2787 τοις
130 2753 314 2786 διδασκαλίας
336 2755 435 2782 αὐτῶν.
453 2755 502 2781 Διὰ
520 2755 599 2782 τοῦτο
614 2753 660 2782 οὖν
675 2755 759 2790 λέγει,
777 2766 786 2781 ι
802 2757 858 2783 Οὐκ

84 2817 109 2831 ’⁷
134 2814 235 2842 Matth.
255 2823 292 2847 ιιι,
308 2815 350 2842 Η.
405 2815 426 2831 ⁸⁸
445 2815 527 2842 Exod.
549 2824 589 2848 Ill,
603 2817 630 2846 6.
648 2817 692 2847 15,
709 2816 758 2847 l6;
780 2825 815 2850 iv,
827 2818 854 2845 5.

45 2853 70 2867 "
90 2860 161 2885 cap.
176 2859 197 2883 ι,
213 2857 282 2877 vers.
298 2851 342 2877 65.
380 2851 403 2866 ’³
418 2851 479 2877 ibid.
522 2851 544 2867 "'
557 2851 636 2878 Joan.
650 2860 670 2884 ι,
684 2853 725 2885 I‘J,
741 2853 786 2879 2|.

911 2254 960 2281 bus
981 2251 1167 2280 nescientibus
1187 2251 1275 2284 ipsum
1297 2254 1391 2276 natum
1421 2248 1557 2281 fuisse,et
1581 2248 1701 2276 maxime

909 2299 1073 2326 tcstilicante
1087 2296 1161 2323 Luca
1182 2296 1205 2311 “
1221 2296 1344 2322 timorem
1363 2294 1498 2329 ingruisse
1515 2305 1523 2319 ι
1543 2300 1625 2326 super
1640 2300 1701 2319 om-

910 2351 958 2371 nes
978 2343 1082 2370 vicinos
1106 2348 1211 2373 eorum,
1225 2339 1352 2373 i(uempe
1372 2338 1512 2365 Zacharie
1528 2342 1556 2365 et
1574 2336 1696 2364 Elisabe-

911 2389 985 2425 thm),
1010 2398 1019 2414 ι
1042 2392 1069 2415 et
1089 2387 1161 2422 quod
1180 2387 1207 2413 in
1227 2390 1282 2412 tota
1305 2390 1433 2412 montana
1456 2383 1557 2411 Judaea:
1582 2383 1702 2417 divulga-

912 2436 1012 2462 bautur
1024 2434 1116 2460 omnia
1135 2433 1216 2460 verba
1236 2430 1332 2458 haec”.
1343 2439 1353 2456 ι
1371 2430 1448 2463 Quod
1462 2430 1483 2457 si
1498 2435 1575 2456 ortus
1585 2427 1700 2456 Joannis

910 2487 943 2507 ex
969 2479 1100 2505 Zacharia
1124 2486 1178 2504 non
1197 2477 1385 2512 ignorabatur,
1407 2475 1593 2510 miserantque
1614 2473 1702 2501 Judaai

912 2528 946 2554 ab
964 2524 1161 2559 Hierosolymis
1173 2531 1220 2558 per
1237 2523 1349 2551 Levitas
1374 2527 1402 2550 et
1414 2521 1572 2549 sacerdotes
1589 2521 1703 2548 interro-

912 2571 1012 2607 gaturi,
1028 2580 1037 2596 ι
1058 2570 1133 2596 Elias
1154 2577 1184 2596 es
1208 2568 1284 2595 tu"?
1299 2578 1309 2595 ι
1324 2569 1498 2604 perspicuum
1519 2572 1561 2594 est
1582 2567 1636 2594 hoe
1654 2573 1703 2593 eos

912 2619 1023 2650 dixisse,
1037 2624 1130 2644 verum
1149 2620 1276 2650 putantes
1299 2623 1359 2642 esse
1373 2615 1469 2649 dogma
1480 2614 1513 2640 de
1526 2619 1702 2646 trauscorpo-

913 2664 1027 2696 ratione,
1042 2660 1138 2699 [quod]
1151 2668 1200 2688 ccn
1220 2660 1338 2694 patrium
1358 2665 1431 2687 esset
1455 2660 1588 2694 ipsorum,
1603 2663 1632 2685 ct
1647 2665 1701 2684 nou

913 2710 1032 2737 alienum
1052 2709 1086 2735 ab
1101 2716 1202 2734 arcana
1226 2706 1349 2733 doctrina
1364 2713 1424 2740 qua:
1440 2706 1512 2740 apud
1527 2705 1599 2739 ipsos
1615 2703 1703 2730 tradi-

914 2762 973 2788 tur;
989 2755 1123 2788 addetquc
1138 2754 1221 2780 ctiam
1242 2754 1314 2780 hanc
1336 2753 1370 2780 oh
1391 2746 1502 2779 causam
1517 2750 1650 2778 Joannem
1665 2749 1702 2777 di-

911 2818 934 2833 ”
951 2817 1016 2844 Luc.
1036 2823 1072 2847 ix,
1095 2814 1140 2842 19.
1196 2813 1218 2829 ⁹⁰
1231 2813 1299 2841 Gen.
1323 2813 1419 2847 iv,25.
1471 2811 1493 2828 "
1513 2810 1592 2838 Joan.
1615 2818 1634 2844 ι,
1654 2809 1701 2838 2!.
