1865 3041
47 93 84 121 ὶίὶΰ

565 88 744 118 COMMENT.
762 88 793 115 IN
812 87 908 115 JOAN.
926 87 1047 115 TOMUS
1060 85 1104 113 VI.

1591 86 1646 114 226

47 151 79 177 ut
96 149 201 181 10561;;
218 149 263 175 mi
277 149 304 175 αἱ
323 147 438 183 ἀδελφαὶ
456 147 538 174 αὐτοῦ
555 148 615 183 οὐχὶ
636 149 721 175 πᾶσαι
739 147 783 183 πρὶ

909 146 979 174 cisse
992 147 1024 172 de
1045 145 1165 177 Christo,
1182 151 1242 178 quae
1265 143 1472 178 divulgabantur
1488 143 1522 170 ab
1540 143 1582 170 his
1601 145 1644 178 qui

45 195 99 231 ἡμεῖς
113 195 190 226 slew;
206 204 214 219 ι
231 194 313 220 Οὐδὲν
331 191 377 220 οὖν
394 193 559 228 θαυμαστὸν,
577 193 671 228 ὥσπερ
688 193 734 219 ἐπὶ
757 192 802 219 τοῦ

42 241 153 276 Σωτῆρος,
170 239 270 267 πολλῶν
287 239 447 273 ἐγνωκότων
459 239 510 274 τὴν
527 238 558 264 ὲκ
573 239 683 273 Μαρίας
699 238 805 272 γέιεσιν

41 284 116 316 αὑτοῦ,
131 284 222 315 ἄλλους
245 282 411 318 ὴπατῆσθαι,
432 282 503 309 οὕτω
519 282 566 309 καὶ
582 283 628 308 ἐπὶ
642 282 688 309 τοῦ
716 283 806 309 Ἰωάν-

41 340 86 363 νου,
97 331 136 362 οὓς
158 331 204 365 μὲν
222 330 258 365 μὴ
274 329 415 364 λεληθέναι
436 328 484 364 τὴν
500 330 532 355 ἐκ
549 329 684 364 Ζαχαρίου
699 328 806 362 γένεσιν

40 376 116 407 αὑτοῦ,
132 377 235 412 ἐτέρους
247 376 275 402 δὲ
285 375 430 408 διστάζειν,
440 376 544 411 μήποτε
557 376 571 402 ὁ
584 375 805 411 προσδοκώμενος

45 423 121 455 Ἠλίας
143 423 260 458 ὲπεψὼιη
280 422 351 449 κατὰ
370 422 414 449 τὸν
436 422 571 457 Ἰωάννην.
587 421 642 447 Καὶ
658 421 688 447 οὑ
712 421 805 457 χώραν

39 477 64 503 γε
83 467 172 503 μᾶλλον
194 467 250 503 ἔχει
274 468 291 501 ἡ
316 467 380 502 περὶ
403 466 451 493 τοῦ
473 466 596 493 Ἰωάννου
621 466 803 502 ἐπαπόρησις,

41 513 127 547 μήποτε
143 512 181 547 εἴη
211 511 313 543 Ἠλίας.
335 511 405 547 ἤπερ
424 512 440 546 ὴ
466 511 530 547 περὶ
551 511 598 537 τοῦ
615 511 752 546 Σωτῆρος,
768 511 805 546 μὴ

39 559 82 593 ἄρα
101 558 175 589 αὐτὸς
196 557 318 594 τυγχάνῃ
345 557 480 591 Ἰωάννης.
500 553 550 583 Ὧν
573 556 620 582 τοῦ
643 556 734 582 Ἠλίου
757 556 805 592 μὲν

39 604 74 630 τὸν
87 603 236 639 χαρακτῆρα
251 603 305 630 ἀπὸ
321 603 405 638 μόνης
420 603 471 638 τῆς
486 602 595 635 λέξεως,
613 602 658 629 καὶ
672 602 732 637 οὐχὶ
752 601 805 628 ἀπὸ

39 649 78 684 τῆς
96 649 242 684 αἰσθήσεως
264 649 474 681 ἀποϐάλλεσθαι,
491 648 535 674 διὰ
556 648 585 674 τό
603 647 672 683 (90)’
697 658 705 673 t
724 648 806 684 ’Λνὴρ

38 697 114 728 δασὺς,
139 697 183 722 καὶ
207 695 296 731 ζώνην
313 695 476 732 δερματίνην
500 694 721 731 περιεζωσμένος
742 695 806 730 περὶ

38 742 76 778 τὴν
93 743 169 776 daein)
189 742 289 768 αὑτοῦ·
313 751 322 767 ›
340 741 386 768 τοῦ
408 741 436 768 δὲ
462 741 584 768 Ἰωάννου
603 741 634 767 τὸ
654 738 723 772 εἶδος
741 750 807 776 προ-

38 789 186 824 εγνωσμένον
207 789 289 823 τάχα,
316 788 376 814 οὐδὲ
400 787 590 823 παραπλήσιον
608 787 742 822 τυγχάνον
767 787 806 823 τῷ

856 193 983 220 dicebant
999 201 1006 218 :
1025 200 1034 218 ι
1054 191 1149 218 Nonne
1167 191 1211 218 hic
1233 196 1274 217 est
1296 191 1340 217 ille
1356 190 1424 217 fabri
1442 189 1538 216 (ilius?
1555 190 1648 217 Nonne

857 243 945 265 mater
959 237 1018 272 ejus
1037 241 1150 264 vocatur
1169 236 1261 268 Maria,
1281 241 1306 263 et
1329 237 1426 263 fratres
1446 237 1505 270 ejus
1518 235 1645 266 Jacobus.

855 289 883 311 et
899 283 1017 318 Joseph,
1033 288 1060 310 et
1087 283 1198 314 Simon,
1214 287 1241 309 ct
1263 282 1346 309 Judas
1365 282 1418 309 ?el
1443 290 1553 309 sorores
1577 282 1648 308 illitis

856 337 946 357 notme
961 336 1058 356 omnes
1070 329 1141 363 apud
1164 335 1212 355 nos
1230 332 1293 354 sunt
1306 328 1339 353 '?
1355 327 1449 354 [ΝΛΜ
1465 335 1529 361 ergo
1549 328 1647 354 mirmn

856 376 928 403 dicet
950 374 1154 402 ecclesiasticus
1169 381 1231 401 esse
1250 374 1289 401 sic
1303 373 1371 400 alios
1389 374 1414 400 iu
1435 374 1581 410 Scrvatore
1602 374 1649 400 de-

857 426 950 456 ceptos
970 421 1064 453 fuisse,
1077 428 1137 447 cum
1159 420 1234 446 multi
1253 419 1353 454 alioqui
1369 420 1545 453 cognoverim
1564 419 1648 453 ipsius

855 475 944 496 ortum
966 475 998 495 ex
1025 468 1126 500 Maria,
1140 467 1368 502 quemadmodum
1390 468 1470 493 etiam
1492 467 1525 493 de
1542 466 1649 494 Joanne

857 515 955 541 mirum
972 522 1025 540 non
1051 518 1103 546 est,
1121 513 1189 540 alios
1214 513 1322 548 quidem
1343 512 1427 546 ipsius
1446 520 1471 538 οι
1481 517 1535 538 ιιιιη
1552 519 1584 539 ex
1599 511 1650 538 Za-

856 561 948 588 charia
964 559 1089 592 scivisse,
1102 559 1168 586 alios
1182 567 1246 586 vero
1258 559 1396 592 ambigere
1410 564 1498 584 utrutn
1514 557 1586 584 Elias
1601 565 1650 591 ap-

857 605 978 640 paruerit
995 605 1019 631 iu
1035 604 1148 631 Joanne.
1165 604 1219 630 Nec
1243 604 1365 638 profecto
1386 603 1474 630 locum
1500 603 1586 637 magis
1601 603 1649 629 ha-

858 652 902 678 bet
932 651 1104 677 auldubitatio
1132 651 1164 677 de
1191 649 1308 680 Joanne.
1332 653 1424 676 utrum
1444 650 1500 682 ipse
1519 650 1554 675 sit
1577 649 1650 675 Elias

857 705 938 731 quam
959 697 991 723 de
1006 696 1163 727 Servatorc,
1180 704 1213 722 ne
1232 695 1300 721 forte
1314 695 1370 729 ipse
1385 696 1420 721 sit
1431 695 1560 722 Joannes.
1576 696 1650 727 Quo-

859 749 916 768 rum
935 741 998 768 Elia:
1014 742 1122 775 quidem
1140 741 1254 768 formam
1277 749 1308 768 ex
1331 741 1387 768 sola
1405 741 1532 773 dictione,
1551 746 1577 767 et
1597 749 1649 767 non

859 794 873 813 a
889 794 972 814 sensu
990 787 1114 815 refellere
1135 787 1227 823 [facile
1244 781 1316 823 erat]
1341 793 1453 822 proptcr
1468 787 1532 814 illud
1547 796 1553 813 ε
1571 797 1580 812 ‹
1605 787 1647 814 Vir

37 835 168 870 χαρακτῆρι
191 834 238 860 τοῦ
273 833 371 869 Ἰησοῦ,
398 834 473 860 οὐδὲν
496 831 576 869 ἦττον
603 833 731 860 ὑπόνοιαν
751 842 773 860 τι

914 841 970 866 sus,
987 837 1013 860 et
1028 840 1095 860 zona
1114 833 1224 868 pellicea
1243 834 1315 861 circa
1330 834 1436 860 lumbos
1452 841 1516 859 suos
1532 833 1649 859 circuat-

37 879 230 916 παρεσχηκέναι,
247 879 353 914 μήποτε
368 879 382 904 ὁ
396 879 522 913 Ἰωάννης
539 879 638 914 ἀνέστη
657 880 689 905 ὲκ
703 878 808 914 νεκρῶν

42 925 128 960 Ἰησοῦς
159 924 420 961 μετονομαζόμενος.
450 925 505 951 Καὶ
537 924 600 960 περὶ
634 924 808 960 μετωνυμίας

37 971 88 1006 γὰρ.
105 971 139 1003 ὡς
155 973 182 998 ὲν
203 971 379 1007 ἀπορρήτοις,
400 971 449 997 οὐκ
469 968 529 997 οἴδα
551 969 632 997 πόθεν
654 969 809 1005 κινούμενοι

36 1017 55 1042 οἱ
72 1017 179 1052 Ἐὃραῐοι
194 1016 372 1052 παραδιδόασι
385 1016 541 1048 Φινεὲς,τὺν
558 1016 721 1051 Ἐλεαζάρου
739 1015 808 1047 υἱὸν,

36 1062 238 1098 ὁμολογουμένως
258 1063 460 1098 παρατείναντα
477 1062 527 1098 τὴν
545 1062 617 1097 ζωὴν
630 1062 681 1094 ἕως
704 1061 809 1088 πολλῶν

37 1108 129 1143 κριτῶν,
153 1108 189 1141 ὡς
213 1111 242 1136 ὲν
267 1111 324 1141 τοῖς
353 1110 468 1144 Κριταῖς
481 1109 649 1144 ἀνέγνωμεν,
670 1109 751 1136 αὐτὸν
769 1107 808 1135 εἷ-

37 1162 71 1179 ναι
99 1154 205 1184 Ἠλίαν,
235 1154 283 1181 καὶ
315 1154 345 1180 τὸ
372 1154 505 1181 ἀθάνατον
535 1155 563 1180 ὲν
589 1155 645 1185 τοῖς
671 1154 810 1189 Ἀριομοῖς

37 1198 96 1233 αὐτῷ
115 1199 155 1226 διὰ
177 1200 226 1234 τῆς
257 1200 462 1235 ὀνομαζομένης
487 1200 599 1235 εἰρήνης
625 1199 808 1234 ἐπηγγέλθαι·

37 1244 82 1270 ἀνθ’
98 1240 130 1271 ὧν
143 1245 269 1281 ζηλώσας
290 1246 355 1281 θείῳ
370 1246 442 1282 ζήλῳ
456 1246 634 1281 κεκινημένος
651 1245 809 1282 ὲξεκέντησε

35 1289 75 1324 τὴν
88 1290 242 1317 Μαδιανῖτιν
263 1290 368 1317 καὶτὸν
388 1290 568 1326 Ἰσραηλίτην,
587 1291 633 1317 καὶ
654 1290 810 1316 κατέπαυσε

35 1333 71 1360 τὸν
88 1334 225 1371 λεγόμενον
243 1335 329 1371 Θυμὺν
350 1335 396 1362 τοῦ
412 1335 491 1366 Θεοῦ,
508 1335 580 1362 κατὰ
596 1335 626 1361 τὸ
649 1335 811 1370 γεγραμμέ-

37 1387 78 1405 νον
95 1381 201 1412 (Φινεὲς
221 1381 281 1413 υἱὸς
302 1380 434 1417 Ἐλεάζαρ
454 1380 511 1407 υἱοῦ
535 1380 640 1415 Ἀαρὼν
656 1380 810 1407 κατέπαυσε

35 1424 69 1452 τὸν
83 1425 161 1461 Ουμόν
175 1435 226 1462 μου
237 1426 299 1453 ἀνθ’
312 1423 349 1454 ὧν
361 1426 481 1462 ἐζήλωσε
494 1426 540 1453 τὸν
551 1425 631 1461 ζῆλόν
647 1434 710 1461 μου.
725 1435 734 1450 ›
744 1426 812 1452 Θαυ-

37 1472 123 1504 μαστὸν
139 1471 185 1499 οὖν
204 1473 293 1506 οὐδὲν,
310 1474 333 1500 ει
351 1474 376 1499 οἱ
399 1473 444 1500 τὸν
473 1473 553 1500 αὑτὸν
574 1473 811 1508 ὑπολαμϐάνοντες

858 879 998 907 tinctus°:
1012 888 1019 903 ι
1034 878 1145 906 Joannis
1156 887 1219 905 vero
1235 879 1320 906 forma
1341 879 1507 913 praecognita
1524 877 1649 908 fortasse,

859 933 946 960 neque
973 925 1072 952 similis
1097 925 1234 952 exsisteus
1255 924 1351 952 formae
1379 925 1455 956 Jcsu,
1474 923 1651 951 nihilominus

859 972 1040 1006 suspicionem
1057 971 1162 1004 habuit,
1178 980 1210 998 ne
1226 972 1295 999 forte
1315 971 1433 998 Joannes
1448 979 1462 997 a
1478 971 1591 996 mortuis
1608 977 1651 996 rc-

859 1017 1020 1050 surrexerit,
1044 1021 1148 1044 nuttato
1163 1017 1282 1047 nomine,
1299 1017 1386 1044 dictus
1404 1016 1494 1043 Jesus.
1507 1015 1565 1043 Jam
1579 1015 1649 1049 quod
1680 1015 1688 1021 “

860 1063 893 1090 ad
910 1064 1028 1089 nominis
1045 1064 1220 1090 mutationem
1242 1064 1351 1095 attinet,
1367 1064 1459 1089 nescio
1474 1064 1555 1094 unde,
1570 1062 1650 1088 veluti

861 1109 886 1135 in
900 1109 1079 1144 apocrypbis,
1095 1109 1160 1135 moti
1182 1108 1287 1135 Hebraei
1308 1109 1415 1135 tradant
1434 1108 1650 1139 Phineesillum,

859 1156 904 1191 qui
920 1160 962 1183 est
975 1155 1100 1182 Eleazari
1127 1155 1199 1182 ﬁlius
1221 1155 1277 1190 (qui
1304 1154 1406 1189 absque
1424 1155 1505 1181 dubio
1527 1155 1652 1188 produxit

861 1202 944 1229 vitam
966 1209 1052 1235 usque
1073 1201 1105 1227 ad
1127 1200 1226 1227 multos
1248 1200 1365 1234 judices,
1380 1200 1459 1226 Sicuti
1488 1199 1601 1234 legimus
1625 1200 1651 1226 in

861 1249 929 1276 libro
941 1249 1064 1275 .ludicum
1077 1248 1098 1281 ")
1116 1247 1196 1282 116
1210 1247 1296 1281 ipsum
1310 1255 1369 1273 esse
1384 1246 1478 1279 Eliam,
1495 1250 1521 1273 et
1541 1246 1654 1272 immor-

862 1295 994 1322 talitatem
1011 1295 1060 1329 ipsi
1076 1294 1238 1328 promissam
1253 1293 1279 1320 in
1294 1292 1475 1319 Numerorum
1491 1293 1560 1319 libro
1574 1292 1595 1323 ³,
1605 1299 1654 1326 per

862 1348 956 1375 pacem
971 1340 1139 1367 nominatam
1154 1337 1279 1374 [ftedus,]
1291 1346 1323 1365 co
1337 1339 1408 1373 quod
1431 1338 1519 1365 zelum
1537 1339 1630 1365 habuit
1644 1345 1650 1362 ί

860 1387 932 1413 unde
953 1390 1105 1413 commotus
1127 1385 1185 1412 zelo
1203 1385 1294 1411 diviuo
1310 1384 1478 1418 percusserit
1498 1383 1652 1410 Madianiti-

861 1431 922 1458 dem
942 1436 969 1459 et
986 1431 1135 1458 lsraelitam
1151 1431 1172 1463 ’,
1187 1435 1214 1457 et
1230 1437 1338 1457 cessare
1357 1430 1451 1456 fecerit
1466 1430 1596 1461 furorem.
1614 1429 1653 1456 uti

862 1480 969 1507 vocant,
983 1477 1040 1508 Dei,
1052 1476 1128 1510 juxta
1141 1475 1165 1501 id
1178 1475 1248 1509 quod
1265 1475 1395 1508 scriptum
1411 1475 1500 1501 est”:
1516 1484 1525 1500 ‹
1538 1475 1653 1504 Pbinees

35 1517 111 1550 Φινεὲς
126 1519 170 1546 καὶ
193 1519 300 1551 Ἠλίαν,
323 1519 382 1554 ἦτοι
405 1520 489 1554 ὑγιῶς
510 1519 646 1553 λέγοντες,
669 1519 686 1554 ἢ
711 1521 745 1554 μὴ
768 1526 771 1547 l

919 1531 931 1549 s
960 1523 1075 1549 Eleazar
1101 1521 1148 1548 lilii
1178 1522 1287 1553 Aaron,
1313 1528 1423 1548 cessare
1450 1520 1514 1548 fecit
1535 1521 1652 1548 furorem

35 1562 78 1598 γὰρ
92 1564 150 1599 περὶ
160 1563 257 1591 τούτου
270 1563 318 1590 νῦν
331 1564 473 1599 πρόκειται
486 1564 646 1599 ἐξετάζειν),
661 1564 706 1590 τὸν
726 1564 809 1590 αὑτὸν

35 1607 140 1642 ἐνόμιζον
155 1607 226 1636 εἶναι
249 1609 377 1645 Ἰωάννην
395 1609 443 1636 καὶ
474 1609 586 1645 Ἰησοῦν.
612 1610 646 1636 Ἢ
671 1607 810 1641 ὲδίσταζόν

35 1660 59 1685 γε
71 1653 126 1689 περὶ
139 1655 246 1687 τούτου,
263 1654 359 1690 μαθεῖν
373 1655 395 1681 τ’
416 1654 565 1687 ὲὸούλοντο,
581 1656 605 1681 εἰ
619 1655 633 1682 ὁ
644 1655 724 1686 αὑτός
739 1656 811 1682 ἐστιν

35 1698 46 1723 ὁ
64 1699 178 1735 Ἰωάννης
195 1701 244 1727 καὶ
272 1700 375 1732 Ἠλίας.
398 1701 616 1737 Προηγουμένως
634 1701 662 1727 δὲ
678 1702 707 1728 ὲν
721 1701 811 1733 ἄλλοις

35 1743 226 1782 ἐπιμελέστερον
245 1746 413 1779 ἐξεταστέον,
434 1747 481 1773 καὶ
497 1747 545 1773 ἐπὶ
565 1746 656 1774 πλεῖον
671 1746 717 1774 τὸν
733 1746 811 1781 λόγον

35 1789 175 1826 ἐρευνητὲον
192 1793 239 1820 τὸν
262 1793 327 1828 περὶ
342 1793 391 1827 τῆς
406 1792 501 1824 οὐσίας
514 1792 564 1828 τῆς
581 1792 681 1828 ψυχῆς,
702 1793 750 1819 καὶ
762 1793 811 1828 τῆς

35 1834 108 1871 ἀρῇς
117 1838 165 1873 τῆς
186 1838 348 1871 συστάσεως
363 1839 457 1875 αὐτῆς,
480 1839 526 1866 καὶ
546 1839 596 1874 τῆς
619 1840 658 1871 είς
673 1840 702 1866 τὸ
719 1840 811 1875 γήϊνον

35 1880 100 1917 σῶμα
115 1884 278 1920 εἰσκρίσεως
300 1885 400 1919 αὐτῆς,
421 1885 476 1912 τῶν
498 1893 527 1911 τε
551 1884 742 1920 ἐπιμερισμῶν
763 1884 811 1911 τοῦ

34 1925 136 1963 ἑκάστης
155 1929 225 1964 βίου,
244 1929 294 1956 καὶ
313 1929 364 1964 τῆς
380 1929 504 1956 ἐντεῦθεν
529 1929 699 1964 ἀπαλλαγῆς·
719 1930 766 1956 καὶ
788 1931 812 1956 εἰ

35 1971 153 2008 ἐνδέχεται.
176 1975 265 2011 αὐτὴν
285 1975 455 2010 εῑσκριθῆναι
475 1975 600 2011 δεύτερον
616 1976 644 2002 ὲν
660 1975 776 2011 σώματι,
794 1975 810 2012 ἢ

36 2019 74 2054 μὴ’
85 2021 127 2047 καὶ
140 2023 172 2058 τῇ
187 2022 259 2058 αὐτῇ
283 2023 410 2058 περιόδῳ,
424 2022 471 2049 καὶ
492 2024 525 2058 τῇ
540 2023 608 2058 αὐτῇ
623 2022 811 2058 διακοσμήσει,

35 2063 100 2098 ἦοῦ*
124 2068 170 2094 καὶ
190 2068 231 2104 τῷ
249 2068 325 2104 αὐτῷ
349 2068 465 2104 σώματι,
488 2068 505 2103 ἢ
528 2069 629 2104 ἐτέρῳο
655 2068 703 2094 καὶ
728 2069 752 2094 εἱ
774 2067 813 2104 τῷ

35 2110 105 2146 αὐτῷ,
125 2113 240 2149 πότερον
265 2114 327 2141 καθ’
342 2115 520 2150 ὑποκείμενον
545 2113 652 2149 μένοντι
673 2113 712 2149 τῷ
727 2113 812 2149 αὐτῷ,

36 2157 94 2184 κατὰ
106 2158 133 2184 δὲ
154 2160 288 2196 ποιότητα
306 2159 578 2196 μεταϐαλλομένῳ·ἢ
597 2161 643 2186 καὶ
668 2160 729 2187 καθ’
748 2161 814 2188 ὑπο-

35 2202 155 2237 κείμενον,
167 2206 216 2232 καὶ
233 2206 364 2241 ποιότητα
380 2206 501 2242 ἐσομένῳ
512 2205 550 2241 τῷ
567 2206 650 2241 αὐτῷ,
670 2206 716 2232 καὶ
733 2207 758 2233 εἰ
770 2207 814 2234 (3ιεῖ¹

35 2247 67 2282 τῷ
76 2249 145 2285 αὐτῷ
157 2250 267 2286 σώματι
279 2250 421 2285 χρήσεται,
433 2251 450 2286 ἢ
462 2250 572 2285 ἀμείψει
587 2250 662 2277 αὐτὰ
675 2252 703 2277 ὲν
714 2249 754 2282 οἷς
770 2251 817 2278 καὶ

35 2294 56 2319 τί
65 2295 117 2322 ἐστι
127 2297 230 2332 κυρίως
243 2296 489 2332 μετενσωμάτωσις
499 2296 625 2330 ἐξετάσαι
635 2297 736 2333 δεήσει·
749 2297 775 2323 τί
787 2305 815 2323 τε

36 2339 95 2376 αὕτη
108 2341 231 2377 διαφέρει
247 2341 484 2378 ἐνσωματώσεως,
500 2343 548 2369 καὶ
564 2344 588 2369 εἰ
604 2343 745 2370 ἀκολουθεῖ
761 2343 814 2377 (91)

829 2183 851 2210 D

861 1568 1100 1601 meum,quouiam
1118 1567 1209 1594 zelum
1228 1567 1323 1594 habuit
1347 1574 1396 1601 pro
1417 1575 1468 1594 me.
1489 1576 1498 1592 ι
1516 1567 1654 1600 Quamob-

862 1620 919 1639 rem
941 1612 1007 1639 nihil
1025 1617 1067 1639 cst
1089 1613 1187 1638 mirum
1201 1611 1282 1646 siqui
1300 1611 1512 1645 suspicabantur
1527 1612 1651 1639 eumdem

861 1664 920 1684 esse
936 1656 1062 1689 Phincus,
1077 1661 1104 1684 et
1117 1656 1221 1689 Eliam;
1240 1656 1282 1683 vel
1304 1661 1377 1683 recte
1393 1657 1524 1688 dicentes,
1546 1656 1586 1683 vel
1601 1664 1652 1683 nou

861 1703 923 1738 (nec
940 1702 1011 1729 enim
1027 1703 1076 1729 hac
1089 1703 1120 1728 de
1137 1709 1164 1728 re
1179 1703 1316 1736 proposita
1333 1702 1410 1728 nobis
1423 1707 1463 1729 cst
1478 1710 1550 1728 nunc
1563 1701 1654 1737 inqui-

861 1749 954 1784 sitio),
968 1749 1093 1776 eumdem
1115 1755 1174 1776 esse
1201 1749 1330 1782 putabant
1347 1748 1490 1779 Joannem,
1506 1752 1533 1774 et
1550 1746 1652 1775 Jesum.

863 1795 910 1822 Vel
922 1795 1046 1830 profecto
1058 1794 1108 1821 hac
1120 1796 1153 1821 de
1167 1802 1196 1821 re
1207 1793 1381 1828 ambigebant
1392 1794 1516 1827 scireque
1529 1794 1654 1820 volebant

862 1849 926 1868 num
947 1841 1004 1875 ipse
1018 1845 1089 1868 esset
1100 1839 1220 1867 Joannes
1231 1844 1259 1866 et
1276 1840 1356 1866 Elias.
1373 1839 1512 1873 Prmcipue
1532 1847 1597 1867 vero
1611 1845 1654 1867 at-

863 1894 915 1922 que
928 1886 981 1914 alio
997 1891 1116 1921 tempore
1129 1886 1291 1921 inquirenda
1303 1890 1345 1912 est
1362 1885 1520 1920 diligentius
1536 1886 1653 1912 diutius-

863 1940 915 1967 que
941 1933 1091 1968 indaganda
1116 1933 1186 1959 ratio
1209 1932 1242 1959 de
1264 1931 1417 1959 substantia
1442 1931 1550 1964 animm,
1566 1931 1653 1966 deque

863 1978 996 2013 principio
1021 1978 1194 2006 formationis
1220 1977 1277 2011 ejus
1303 1984 1384 2012 atque
1415 1977 1538 2012 ingressu
1568 1977 1654 2012 ipsius

839 2041 847 2044 η
865 2025 891 2050 in
916 2031 1017 2058 corpus
1035 2028 1086 2051 hoc
1113 2029 1244 2051 terreum.
1271 2023 1456 2058 indagandum
1479 2024 1561 2050 etiam
1589 2024 1653 2058 quid

865 2070 1014 2104 iujunclum
1029 2071 1064 2097 sit
1091 2070 1151 2097 vitae
1165 2069 1392 2104 uniuscujusque
1415 2070 1513 2097 animm
1524 2074 1604 2104 atque
1621 2070 1655 2096 de

864 2115 922 2149 ejus
945 2123 1051 2143 recessu
1071 2123 1104 2142 ex
1128 2116 1179 2142 hac
1194 2116 1261 2148 vita,
1273 2120 1300 2143 et
1314 2123 1349 2142 an
1363 2115 1506 2150 contingat
1519 2115 1590 2142 illam
1606 2116 1655 2143 de-

866 2169 921 2188 nuo
947 2162 1051 2197 ingredi
1071 2162 1097 2188 in
1115 2169 1229 2196 corpus,
1244 2169 1277 2188 an
1294 2169 1358 2193 non,
1375 2165 1402 2187 et
1418 2161 1512 2187 eadem
1533 2161 1654 2195 periodo.

867 2212 895 2234 et
905 2208 999 2234 eadem
1012 2207 1198 2242 dispositione,
1209 2214 1312 2238 necne;
1329 2211 1356 2233 et
1374 2214 1436 2233 num
1452 2207 1477 2233 in
1489 2207 1582 2233 eodem
1595 2213 1655 2232 cor-

867 2260 942 2287 pore,
959 2260 995 2279 an
1010 2252 1037 2279 iu
1055 2253 1126 2285 alio;
1139 2253 1210 2287 quod
1225 2253 1247 2279 si
1263 2252 1288 2279 in
1304 2252 1509 2283 eodem,utrum
1529 2255 1655 2278 manente

866 2299 961 2324 eodem
984 2298 1131 2325 secundum
1148 2297 1309 2331 subjectum,
1321 2297 1367 2324 sed
1385 2300 1488 2323 mutato
1506 2295 1653 2323 secundum

866 2342 1042 2377 qualitatem;
1063 2349 1097 2369 an
1112 2342 1193 2369 etiam
1219 2342 1291 2369 idem
1312 2342 1402 2368 futuro
1419 2341 1567 2369 secundum
1591 2340 1654 2367 sub-

62 2407 71 2422 ‘
82 2407 173 2436 Matth.
186 2416 250 2442 xm,
260 2407 304 2440 55,
317 2407 362 2436 56.
401 2407 456 2435 ‘IV
467 2407 535 2444 Reg.
550 2416 569 2440 ι,
581 2408 608 2436 8.
647 2408 658 2423 "
674 2408 738 2435 Jud.
749 2416 795 2440 xx,
807 2416 876 2437 vers.
890 2410 936 2437 28.
973 2410 984 2426 ⁸
997 2408 1077 2436 Num.
1091 2417 1154 2440 xxv,
1168 2409 1210 2437 1‘2.
1247 2409 1258 2425 ⁹
1273 2409 1338 2436 ibid.
1354 2409 1456 2442 14,15.
1495 2409 1517 2425 ¹⁰
1531 2409 1595 2436 ibid.
1609 2395 1652 2436 ll.

65 2465 116 2497 (90)
131 2464 378 2498 Ἆποϐὼῑλεσθαι,
407 2465 456 2492 διὰ
471 2466 522 2498 τό,
539 2471 592 2493 etc.
623 2464 735 2491 Videtur
767 2465 811 2491 hic

34 2498 122 2536 aliquid
139 2501 304 2536 desiderari,
325 2501 396 2534 quod
425 2501 587 2536 respondeat
623 2500 665 2526 bis
693 2500 811 2527 Ferrarii

37 2534 126 2566 verbis,
140 2535 220 2569 facile
238 2541 305 2563 erat.

44 2570 115 2607 “(91)
125 2570 185 2607 Kal
192 2571 220 2597 ει
234 2570 398 2607 ᾀκολουθεῖ
406 2570 446 2603 τῷ
458 2570 588 2607 δέτοντι,
602 2573 656 2607 etc.
680 2569 812 2607 Origenes

35 2602 75 2630 lib.
88 2602 147 2632 uin
165 2605 273 2632 Cantia.
290 2606 400 2638 cautim,
460 2602 517 2633 58':
540 2615 548 2631 ι
566 2605 618 2632 Sed
644 2609 672 2632 et
690 2602 754 2631 illud
771 2612 811 2630 re-

35 2639 157 2672 quiritur,
185 2644 278 2667 utrutn
301 2640 384 2668 semel
412 2639 516 2667 tantum
539 2647 654 2674 corpore
683 2640 811 2666 induatur

34 2674 148 2709 (anima),
160 2679 188 2702 et
200 2676 228 2701 id
241 2677 413 2710 posti-nodum
426 2675 577 2710 depositum
588 2675 656 2703 ultra
672 2682 724 2702 nou
739 2683 812 2708 qua--

35 2714 88 2739 rat;
103 2717 136 2736 an
152 2718 214 2736 cum
245 2710 329 2737 serite!
347 2709 501 2744 susceptum
527 2709 693 2744 deposuerit,
712 2710 810 2736 itermu

34 2749 159 2780 assumat;
180 2749 208 2772 et
229 2745 253 2771 si
272 2746 391 2780 secundo
416 2750 553 2780 sumptum
570 2752 678 2778 setnper
701 2744 809 2776 habeat,

35 2785 64 2803 au
75 2779 218 2813 aliquando
235 2781 334 2807 iterum
350 2779 483 2813 abjiciat.’
494 2780 527 2807 Et
546 2779 568 2807 si
584 2780 692 2814 quidem
713 2786 809 2806 secun-

35 2814 90 2840 dum
102 2815 292 2842 auctoritatem
311 2815 516 2847 Scripturarum
540 2814 736 2843 consummatio
756 2814 807 2840 iiu-

866 2467 968 2493 mineat
980 2466 1083 2496 umndi.
1099 2470 1126 2493 et
1145 2466 1331 2500 corruptibilis
1346 2471 1432 2493 status
1448 2467 1491 2493 hic
1515 2466 1540 2493 hi
1568 2467 1654 2494 incor-

867 2502 1021 2536 ruptibiletn
1046 2502 1204 2531 mutabitur,
1220 2501 1375 2536 ambiguum
1392 2510 1444 2528 non
1475 2502 1558 2528 videri
1582 2503 1653 2536 quod

865 2536 891 2563 in
908 2536 1049 2570 praesentis
1066 2537 1127 2562 vitae
1141 2541 1240 2563 statum
1254 2537 1374 2562 secundo
1388 2542 1433 2562 aut
1454 2538 1536 2563 tertio
1554 2538 1578 2563 in
1593 2545 1653 2564 cor-

865 2579 915 2604 pus
930 2573 1022 2598 veuire
1042 2579 1094 2597 non
1111 2571 1204 2605 possit.
1223 2570 1289 2597 Nam
1310 2571 1333 2597 si
1356 2571 1485 2604 recipitur
1514 2573 1576 2602 hoc,
1603 2581 1651 2599 ne-

864 2608 985 2634 cessario
996 2607 1120 2640 sequitur
1133 2611 1162 2632 ut
1178 2605 1330 2639 hujusmodi
1349 2606 1567 2633 succeSsionibus
1585 2614 1653 2634 con-

865 2642 1041 2675 sequentibus
1067 2642 1146 2667 linem
1166 2641 1269 2668 ueSciat
1283 2642 1408 2668 mundus.
1425 2650 1434 2666 ι
1449 2640 1559 2668 Consuli
1585 2649 1652 2676 quo-

866 2683 918 2708 que
937 2676 1016 2703 velim
1032 2683 1092 2710 qua:
1106 2676 1139 2703 ab
1151 2677 1246 2702 eodem
1267 2679 1332 2702 tom.
1346 2683 1395 2702 xm
1422 2676 1450 2701 in
1469 2675 1566 2702 Matth.
1584 2675 1651 2710 ivn,

867 2711 909 2742 J0,
923 2711 1022 2745 scripta
1043 2709 1118 2743 sunt,
1139 2711 1258 2738 maxime
1282 2718 1346 2737 vero
1373 2715 1464 2737 nostra
1480 2709 1651 2745 Origeniana,

865 2747 892 2807 illi
905 2747 1002 2779 quibus
1017 2746 1042 2773 id
1063 2751 1250 2781 argumentum
1277 2745 1426 2773 luculenter
1450 2746 1651 2781 persequimur,

890 2788 995 2807 l‘lTlUS.

890 2788 995 2808 ιἐτιυδ.
