1865 3041
204 103 258 130 227

934 104 1096 133 ORIGISNIS

1788 107 1832 134 9.23

201 163 315 198 jectum,
334 167 361 190 et
375 162 548 198 qualitatem,
566 166 594 189 et
616 169 681 189 num
702 169 810 198 semper
831 164 924 192 eodem

1112 164 1216 200 λέγοντι
1242 164 1490 201 μετενσωμάτωσιν
1513 165 1654 202 ἄφθαρτον
1680 167 1776 202 τηρεῖν
1796 167 1834 193 τιν

206 217 273 244 pore
285 216 365 236 usura
379 208 413 235 sit
428 216 461 234 an
474 207 649 234 immutatura
665 207 740 235 illud.
756 208 784 235 ln
797 209 896 243 quibus
911 210 992 236 etiam

205 255 280 286 illud,
296 255 359 289 quid
372 254 483 288 proprie
498 253 534 280 sit
550 254 792 288 trauscorporalio,
809 255 928 290 quidque
940 255 997 283 hrec

204 301 311 328 diiierat
323 300 357 327 ab
370 299 602 333 ineorporatione,
622 299 753 335 indagare
769 308 880 328 necesse
893 301 956 333 erit,
969 305 996 328 et

203 355 266 373 num
276 351 414 381 sequatur,
424 345 509 380 utqui
525 346 623 372 astruit
637 347 766 373 mutanda
777 353 998 381 eorpora;servet

202 393 330 419 mundum
350 390 598 426 ineorruptibilem.
613 391 641 418 lu
664 392 761 425 quibus
778 392 933 419 necessario
947 400 994 426 po-

202 439 297 467 nenda:
325 444 406 467 erunt
429 439 550 466 rationes
563 445 656 464 eonnn
675 439 720 472 qui
744 438 848 470 volunt,
868 446 900 465 ex
919 438 994 466 Scri-

201 490 342 520 pturarum
360 487 538 518 auctoritate,
555 491 585 512 ιιι
602 486 692 512 anima
708 484 788 512 simul
802 492 863 512 cum
879 492 995 519 corpore

200 533 359 563 seminatur,
371 536 399 559 et
410 539 470 567 qua:
491 536 644 567 sequuntur
656 531 728 566 ipsas
742 539 749 556 :
766 535 803 564 et,
819 535 846 557 ut
860 531 942 558 semel
955 531 995 556 di-

200 585 275 609 cam,
291 579 378 605 oratio
393 579 426 605 dc
442 579 531 606 anima
543 599 551 612 ,
565 578 675 612 copiosa
696 577 807 611 alioqui,
822 582 849 603 et
862 577 895 603 ad
912 577 995 604 inter-

1051 211 1162 247 κόσμον.
1178 212 1222 238 Ἑν
1237 209 1276 243 οἷς
1291 212 1439 246 ἀναγκαῖον
1459 212 1534 239 ἔσται
1547 213 1711 249 παραθεῖναι
1725 213 1771 239 καὶ
1781 214 1836 244 τοὺς

1050 257 1147 289 λόγους
1160 258 1214 284 τῶν
1228 257 1358 284 θελόντων
1373 257 1443 285 κατὰ
1459 258 1508 290 τὰς
1521 259 1634 294 Γραφὰς
1649 259 1837 294 συσπείρεσθαι

1048 303 1098 339 τὴν
1111 303 1199 339 ψυχὴν
1214 303 1253 338 τῷ
1268 303 1384 339 σώματι,
1400 304 1447 331 καὶ
1468 304 1503 331 τὰ
1524 304 1724 331 ἀκολουθοῦντα
1741 305 1836 337 αὐτὼ,

1048 350 1095 376 καὶ
1110 349 1278 383 ἁπαξαπλῶς
1290 350 1304 376 ὁ
1317 350 1381 384 περὶ
1391 350 1479 386 ψυχῆς
1493 350 1571 385 λόγος
1587 351 1670 382 πολὺς
1683 351 1732 377 καὶ
1747 351 1838 386 δυσερ-

1051 397 1183 431 μήνευτος
1209 395 1263 428 ὢν,
1290 396 1541 432 ἁναλεχθησόμενος
1568 397 1621 423 ἀπὸ
1647 397 1702 423 τῶν
1728 398 1758 424 ἐν
1784 399 1837 428 ταῖς

1048 442 1170 477 Γραφαῐς
1191 442 1328 477 σποράδην
1349 441 1493 477 κειμένων,
1514 442 1581 474 ἰδίας
1605 443 1691 470 δεῖται
1714 451 1838 478 πραγμα-

1047 487 1132 519 τείας.
1155 487 1255 523 Διόπερ
1274 487 1331 520 νῦν,
1353 488 1424 514 κατὰ
1445 488 1477 515 τὸ
1506 489 1630 524 παρῆκον
1656 489 1688 515 ὲκ
1702 489 1756 515 τῶν
1779 489 1838 524 περὶ

1053 533 1142 559 Ἠλίου
1165 534 1213 560 καὶ
1235 534 1359 560 Ἰωάννου
1379 534 1554 569 ἐζητημένων
1574 535 1620 561 ἐπὶ
1641 535 1730 571 βραχῦ
1751 535 1838 568 ἐξετά-

1048 587 1144 610 σαντες
1156 578 1186 605 τδ
1198 579 1354 615 πρόϐλημα,
1369 580 1506 615 μετίωμεν
1518 580 1563 606 ἐπὶ
1579 580 1613 606 τὰ
1628 580 1704 613 ἑξῆς.

199 625 360 659 pretandum
384 625 513 658 diﬂieilis,
533 626 554 653 si
572 626 754 661 undeqnaque
767 626 856 659 colligi
872 626 969 653 debeat
989 633 1022 652 ex
1042 626 1085 653 his
1098 634 1160 660 quae
1174 627 1289 661 sparsim
1303 627 1389 660 posita
1402 632 1465 653 sant
1480 627 1506 653 in
1520 626 1681 661 Scripturis,
1701 626 1836 661 proprium

202 672 316 706 requirit
329 680 407 706 opus.
421 672 603 706 Quamobrem
619 680 691 700 nunc
706 673 834 700 decenter
855 681 887 699 ex
902 672 944 699 his
960 680 1019 707 quae
1036 673 1068 700 de
1083 672 1189 701 Joanne
1206 673 1294 708 deque
1309 672 1365 700 Elia
1379 672 1531 708 conquisita
1550 677 1623 704 sunt,
1638 679 1700 699 eum
1722 672 1837 699 breviter

198 720 360 754 perscrutati
376 720 462 747 simus
475 721 665 755 quaestionem,
679 720 713 747 ad
726 725 823 747 caetera
837 725 1016 747 transeamus.

236 767 263 794 8.
281 766 316 793 Es
341 771 367 792 tu
382 767 507 801 propheta
522 766 590 793 ille?
608 766 641 792 Et
660 766 817 801 respondit:
839 765 900 793 Non
919 767 950 793 “.
965 766 972 792 ε

1100 787 1107 794 .
1124 767 1154 793 Ὀ
1169 766 1325 801 προφήτης
1338 765 1368 794 εἴ
1375 767 1432 799 σύ;
1444 766 1499 794 Καὶ
1512 767 1668 801 ἀπεκρίθη·
1685 767 1738 793 Οὔ.
1757 767 1787 793 Εἰ
1803 776 1810 791 ι
1824 767 1836 792 ὁ

202 823 212 839 ‹
231 814 271 840 lex
291 813 560 847 etprophetzeusque
577 813 611 840 ad
624 811 755 840 Joannem
772 813 803 845 ",
823 822 832 838 ›
846 812 910 847 quid
923 820 936 838 a

1100 821 1138 844 to;
1154 814 1200 839 καὶ
1214 814 1238 839 οἱ
1254 812 1391 848 προφῆται
1410 813 1462 844 ἕως
1484 813 1620 843 Ἰωάννου,
1641 822 1650 838 ι
1670 812 1718 839 καὶ
1731 813 1758 838 τί
1776 812 1836 838 ἄλλο

197 859 352 885 diceremus
374 857 505 885 Joannem
524 866 595 890 esse,
611 866 691 892 quam
715 858 899 892 prophetam?
914 859 933 892 ι

1100 859 1227 894 λέγωμεν
1249 857 1318 885 εἶναι
1336 858 1462 893 Ἰωάννην
1482 858 1498 893 ἢ
1517 860 1676 894 προφήτηνξ
1697 858 1736 889 ὡς
1754 858 1801 884 καὶ
1825 859 1836 884 ὁ

197 903 425 938 quemadmodum
440 907 520 937 pater
535 902 593 937 eius
607 903 766 934 Zacharias,
780 903 874 937 plenus
889 902 945 938 Spit
955 904 992 929 itu

197 955 302 981 sancto,
318 949 482 983 prophetans
498 949 585 983 inquit
596 949 634 975 "z
650 959 659 974 ι
678 949 710 976 Ει
723 953 848 983 tu,pner,
861 949 991 983 propheta

198 995 335 1022 Altissimi
365 994 507 1021 vocaberis
529 995 662 1029 :prmihis
685 999 748 1022 ante
759 995 853 1022 faciem
876 994 991 1026 Domini,

199 1042 232 1068 ad
245 1042 453 1075 praeparandum
470 1041 526 1067 vias
545 1040 621 1074 ejus;
639 1050 647 1066 ι
666 1041 716 1067 nisi
736 1040 805 1068 forte
828 1040 889 1075 quis
903 1046 993 1067 sumat.

196 1096 290 1115 vocem
308 1097 317 1112 ι
342 1087 482 1114 vocaberis
503 1095 512 1112 ο
538 1095 589 1113 ιιοιι
608 1094 669 1114 esse
688 1088 788 1113 dictam
801 1094 850 1121 pro
870 1094 902 1113 co
919 1087 990 1120 quod

194 1141 237 1163 est
248 1156 256 1169 ,
273 1136 334 1168 eris,
358 1135 439 1170 idque
457 1135 643 1169 potissimum,
658 1136 729 1168 quod
749 1135 878 1161 Servator
894 1135 992 1161 dixerit

195 1183 236 1208 eis
258 1182 302 1216 qui
332 1180 525 1208 existimabant
541 1188 602 1207 eum
623 1188 684 1207 esse
700 1181 861 1214 prophetam
881 1190 886 1207 ι
908 1189 916 1205 ι
937 1179 990 1206 Sed

194 1228 257 1261 quid
274 1227 379 1253 exiistis
397 1227 429 1253 ad
447 1226 613 1253 videndum?
631 1225 813 1260 Prophetam'i
828 1226 912 1252 Etiam
930 1226 990 1252 diro

197 1274 288 1305 vobis,
301 1278 328 1300 et
353 1273 495 1308 plusquam
522 1273 681 1307 prophetam
699 1272 729 1298 “.
752 1282 762 1298 ι
782 1272 988 1299 Observandum

193 1326 283 1346 autem
296 1321 366 1354 quod
385 1327 417 1346 ea
431 1320 522 1350 verba,
537 1327 546 1343 ι
566 1318 654 1345 Etiam
673 1318 734 1345 dico
751 1319 838 1350 vobis,
858 1329 867 1343 ι
889 1323 989 1353 ponant

193 1365 324 1393 Joannem
350 1374 411 1393 esse
435 1367 608 1400 prophetam,
631 1372 683 1391 nec
705 1365 830 1392 auferant
844 1373 906 1391 eum
922 1373 989 1400 pro—

194 1413 304 1447 phetam
329 1420 398 1439 esse.
417 1411 494 1444 Quod
513 1412 547 1443 si,
573 1415 753 1445 praeterquam
772 1411 843 1445 quod
855 1415 898 1438 est
925 1419 989 1446 pro-

1045 904 1136 939 πατὴρ
1153 903 1235 930 αὑτοῦ
1256 903 1404 939 Ζαχαρίας,
1421 903 1551 939 πλησθεὶς
1570 903 1731 938 Πνεύματος
1749 903 1835 937 ἁγίου,

1044 951 1223 985 προφητεύων
1248 950 1329 986 φησί·
1363 950 1441 976 «Καὶ
1468 950 1511 983 σὺ,
1544 950 1666 981 παιδίον,
1693 951 1836 986 προφήτης

1049 995 1177 1030 Ὑψίστου
1193 996 1326 1033 κληθήσῃ,
1343 997 1519 1033 προπορεύσῃ
1537 997 1591 1032 γὰρ
1602 997 1720 1024 ἐνώπιον
1735 998 1835 1033 Κυρίου

1042 1041 1186 1076 ἑτοιμάσαι
1200 1042 1276 1073 ὀδοὺς
1296 1042 1393 1069 αὑτοῦ·
1406 1052 1415 1068 ι
1441 1043 1465 1068 εί
1487 1043 1524 1078 μὴ
1545 1044 1598 1078 ἄρα
1617 1052 1659 1075 τις
1675 1043 1835 1078 ὲπιλήᾲεται

1041 1088 1088 1114 τοῦ
1108 1098 1116 1114 ι
1130 1088 1261 1125 κληθήσῃ,
1275 1099 1284 1114 ι
1299 1089 1336 1124 μὴ
1350 1089 1494 1125 εἰρημένου
1505 1089 1552 1115 τοῦ
1568 1090 1635 1122 ἔσῃ,
1659 1091 1708 1116 καὶ
1720 1090 1835 1124 μάλιστα

1041 1134 1086 1160 διὰ
1104 1134 1134 1160 τὸ
1154 1135 1223 1170 πρὸς
1245 1136 1306 1166 τοὺς
1333 1135 1471 1169 οἰομένους
1494 1135 1574 1162 αὑτὸν
1598 1136 1744 1171 προφήτην
1769 1133 1836 1161 εἶναι

1041 1179 1181 1214 εἰρηκέναι
1204 1179 1250 1205 τὸν
1272 1179 1399 1214 Σωτῆρα·
1425 1189 1434 1204 (
1453 1178 1533 1205 Ἀλλὰ
1554 1179 1580 1205 τί
1603 1178 1732 1214 ἐξήλθετε
1756 1178 1834 1207 ἱδεῖν;

1041 1225 1204 1260 Προφήτην;
1226 1225 1279 1251 Ναὶ
1302 1224 1373 1259 λέγω
1393 1225 1467 1260 ὑμῖν,
1490 1225 1536 1250 καὶ
1554 1224 1750 1259 περισσότερον
1770 1232 1836 1258 προ-

1042 1272 1137 1307 φήτου.
1152 1281 1161 1296 ι
1173 1271 1386 1307 Παρατηρητέον
1401 1271 1440 1303 δὲ,
1456 1272 1547 1301 ὅτιτὸ,
1563 1280 1572 1295 ι
1585 1271 1638 1297 Ναὶ
1649 1270 1723 1304 λέγω
1735 1271 1809 1304 ὑμῖν,
1824 1279 1832 1294 ι

1040 1317 1130 1353 τίθησι
1143 1317 1173 1343 τὸ
1190 1318 1330 1354 προφήτην
1344 1315 1413 1343 εἶναι
1426 1317 1471 1343 τὸν
1490 1317 1628 1352 Ἰωάννην,
1640 1317 1687 1343 καὶ
1698 1317 1750 1343 οὐκ
1761 1317 1835 1343 ἀναι-

1041 1363 1128 1398 ρεῖται
1150 1362 1182 1388 τὸ
1200 1363 1343 1398 προφήτην
1366 1362 1447 1389 αὑτὸν
1471 1360 1549 1389 εἶναι.
1575 1362 1637 1389 Ἐὰν
1658 1362 1687 1388 δὲ
1710 1362 1779 1397 πρὸς
1797 1362 1834 1396 τῷ

1041 1409 1185 1444 προφήτης
1218 1408 1362 1443 τυγχάνειν
1391 1408 1439 1434 καὶ
1470 1408 1663 1444 περισσότερον
1693 1408 1834 1443 προφήτου

193 1445 283 1493 pheta,
299 1457 379 1484 etiam
402 1457 486 1490 major
498 1464 579 1491 quam
590 1456 718 1491 propheta
730 1464 744 1482 a
761 1455 905 1484 Servatore
920 1467 928 1484 t

1112 1454 1158 1481 τοῦ
1182 1454 1308 1490 Σωτῆρος
1332 1454 1455 1490 λέγηται,
1481 1454 1538 1485 πῶς
1555 1452 1612 1486 οὖν,
1641 1455 1666 1481 εἰ
1691 1455 1833 1490 προφήτης

195 1510 259 1537 tur,
279 1504 415 1539 quomodo
442 1511 516 1539 ergo,
533 1503 554 1530 si
575 1503 705 1538 propheta
720 1507 778 1534 est,
799 1504 987 1531 sacerdotibus

193 1559 226 1577 ac
240 1550 344 1578 Levitis
359 1549 600 1583 interrogantibus,
625 1557 634 1574 ι
659 1548 792 1583 Propheta
813 1556 842 1575 es
864 1553 891 1575 ιιι
912 1549 934 1564 ⁸⁸
948 1549 960 1575 ‘i
974 1558 984 1574 ι

194 1596 343 1630 respondit,
369 1603 378 1620 ε
398 1593 481 1620 Non?
502 1603 511 1619 ι
528 1594 676 1621 Dicendum
697 1598 786 1620 autem
809 1593 842 1620 ad
862 1594 914 1620 hoc
931 1601 983 1620 non

194 1643 266 1670 idem
284 1649 355 1672 esse,
380 1649 389 1665 ι
408 1639 541 1674 Propheta
558 1647 587 1667 es
602 1645 628 1666 tu
643 1641 708 1667 ille?
727 1650 735 1666 ι
751 1639 825 1676 {cum
844 1638 984 1675 articulo],

193 1693 234 1720 et,
257 1696 267 1713 ‹
287 1687 323 1714 Es
341 1692 368 1714 tu
384 1687 514 1722 propheta
529 1685 541 1712 2
558 1695 567 1712 ι
579 1685 649 1722 [sine
666 1686 803 1722 articulo.]
818 1686 923 1714 Similia
939 1686 987 1713 ob-

193 1735 362 1761 servavimus
380 1738 453 1766 ante,
470 1733 534 1768 quid
555 1732 674 1765 diﬂ‘erat,
687 1732 734 1759 ille
755 1732 835 1765 Deus,
853 1731 926 1768 [cum
941 1739 986 1758 ar-

195 1779 300 1816 ticulo,]
319 1785 346 1808 et
369 1780 440 1807 Deus
467 1779 538 1816 [sine
561 1777 700 1814 articulo,]
718 1783 745 1806 et
765 1778 811 1805 ille
836 1778 940 1810 Sermo,
958 1782 986 1805 et

196 1826 302 1854 Sermo.
321 1827 454 1859 Quoniam
481 1834 547 1860 ergo
562 1826 589 1853 in
616 1825 826 1853 Deuteronomio
852 1825 983 1859 scriptqu

193 1877 236 1899 est
250 1872 272 1888 "
289 1881 297 1899 :
314 1881 323 1898 ι
341 1871 504 1907 Prophetam
524 1871 601 1898 vobis
617 1871 759 1898 suscitabit
772 1870 901 1898 Dominus
914 1871 985 1897 Deus

192 1923 282 1946 vester
295 1918 327 1945 de
340 1918 467 1945 fratribus
479 1917 576 1944 vestris
590 1917 642 1944 mei
653 1917 783 1948 similem,
792 1917 878 1950 ipsum
891 1916 983 1943 audie-

191 1963 237 1991 tis.
255 1963 388 1991 Futurum
405 1968 448 1991 est
460 1968 563 1994 autent,
585 1968 614 1989 ut
627 1964 717 1990 omnis
734 1963 836 1994 anima,
854 1970 914 1996 qua:
931 1970 983 1988 non

191 2011 309 2038 audierit
339 2010 500 2044 prophetam
522 2008 614 2041 illum,
632 2008 832 2036 exterminetur
853 2017 868 2035 e
886 2009 983 2042 populo

192 2063 258 2088 suo;
269 2065 278 2081 ι
296 2056 505 2090 exspectabatur
519 2055 652 2089 quispiam
667 2055 767 2082 eximie
780 2056 909 2089 propheta
925 2054 981 2089 qui,

192 2102 280 2129 simile
296 2103 361 2136 quid
383 2101 448 2128 Mosi
473 2102 588 2133 habens,
604 2102 779 2128 mediatorem
804 2105 895 2135 ageret
914 2102 982 2128 inter
998 2117 1019 2144 υ

195 2148 277 2174 licunt
293 2152 321 2174 et
343 2148 478 2180 homines,
505 2152 533 2173 et
550 2151 690 2180 acceptum
717 2154 731 2173 a
751 2146 803 2173 Deo
821 2146 981 2173 Testamen-

195 2199 251 2218 tum
279 2199 377 2218 novum
402 2191 542 2226 discipulis
559 2191 698 2224 traderet;
719 2197 799 2225 atque
820 2192 846 2218 in
868 2192 983 2226 singulis

194 2237 335 2271 prophetis
350 2243 498 2273 agnoverat
509 2238 625 2273 populus
637 2238 717 2264 Israel
733 2239 868 2264 neminem
887 2245 981 2265 eorum

195 2284 266 2310 hunc
288 2284 428 2310 exstitisse
442 2284 487 2318 qui
505 2291 521 2310 a
543 2283 618 2310 Mose
639 2284 816 2318 prophetatus
834 2283 933 2311 fuerat.
949 2283 984 2310 Ut

193 2337 259 2364 ergo
280 2329 314 2356 de
334 2329 439 2357 Joanne
456 2330 633 2364 ambigebant
660 2338 723 2358 num
742 2330 811 2357 forte
833 2331 891 2364 ipse
908 2335 982 2357 esset

193 2374 328 2407 Christus,
348 2376 388 2403 sic
412 2376 495 2403 etiam
517 2384 582 2403 num
607 2382 680 2404 esset
695 2376 738 2404 ille
760 2377 901 2411 propheta.
927 2376 981 2403 Nec

196 2421 293 2447 mirum
307 2420 329 2447 si
346 2421 515 2455 ambigentes
536 2420 570 2448 de
583 2420 696 2455 Joanne,
709 2430 742 2448 an
757 2421 827 2449 forte
841 2421 898 2456 ipse
910 2427 981 2448 esset

194 2466 329 2500 Christus,
344 2465 487 2500 diligenter
508 2473 563 2492 non
582 2467 779 2502 investigarunt
792 2474 825 2493 an
841 2466 898 2501 ipse
909 2471 982 2494 esset

195 2511 320 2539 Christus
333 2516 360 2537 et
372 2511 416 2538 ille
434 2511 576 2545 propheta.
593 2512 722 2547 Sequitur
732 2514 804 2540 enim
823 2517 852 2539 ut
868 2513 914 2547 qui
931 2512 982 2539 hac

196 2559 230 2585 de
247 2565 275 2585 re
289 2557 329 2585 sic
347 2558 525 2593 interrogant,
538 2559 664 2594 ignorent
680 2560 761 2588 etiam
780 2561 851 2594 quod
866 2560 924 2594 ipse
936 2559 981 2594 qui

196 2603 375 2636 sitChrislus,
392 2604 428 2631 sit
446 2605 527 2631 etiam
555 2605 600 2632 ille
620 2606 763 2641 propheta.
783 2605 874 2632 Latuit
891 2611 980 2632 autem

196 2653 294 2679 multos
315 2659 347 2679 ea
366 2651 517 2679 diﬁ'erentia
540 2660 600 2687 quae
624 2658 667 2680 est
689 2654 758 2680 inter
773 2654 898 2687 pro,.heta
925 2653 980 2687 ille,

230 2709 336 2737 “Joan.
348 2717 367 2742 ι,
378 2710 424 2739 21.
461 2710 482 2726 ¹¹
492 2709 558 2738 Luc.
570 2719 626 2744 XVI,
643 2712 686 2739 16.
726 2712 747 2727 ¹¹
758 2711 824 2740 Luc.
835 2721 855 2745 ι,
867 2713 912 2740 76.

195 2746 256 2772 Act.
274 2753 313 2779 ιιι,
328 2745 374 2778 22,
387 2747 432 2773 25.

233 2793 289 2828 (92)
305 2793 370 2820 Vide
385 2801 466 2826 supra
486 2798 551 2828 tom.
568 2801 596 2825 ιι,
613 2799 687 2818 num.
703 2792 730 2824 5,
749 2800 794 2826 pp.
809 2792 854 2823 50,
862 2792 920 2828 751.
935 2792 979 2819 52.

953 2713 974 2729 “
985 2713 1079 2742 Matth.
1090 2723 1127 2746 xt,
1143 2714 1169 2742 9.

1038 1502 1107 1534 ἐστὶ,
1126 1501 1194 1537 πρὸς
1207 1502 1270 1533 τοὺς
1286 1502 1369 1536 ἱερεῖς
1391 1501 1438 1527 καὶ
1454 1501 1570 1532 Aeni-tat;
1587 1500 1761 1537 ἐρωτῶντας,
1779 1510 1788 1526 ι
1807 1501 1834 1526 'U

1037 1549 1181 1585 προφήτης
1191 1546 1215 1575 εἷ
1230 1548 1261 1575 σύ
1273 1557 1279 1580 ;
1291 1558 1300 1574 ι
1315 1548 1463 1584 ἀπεκρίθη,
1479 1558 1486 1572 ι
1501 1547 1537 1573 υΰ
1549 1556 1556 1579 ;
1570 1557 1578 1572 ι
1592 1547 1711 1574 Λεκτέον
1721 1548 1750 1574 δὲ
1767 1547 1834 1584 πῴ;

1037 1595 1126 1628 τοῦτο,
1146 1596 1187 1622 ὅτι
1204 1596 1235 1622 οὐ
1252 1595 1351 1621 ταυτόν
1373 1596 1457 1627 ἐστιν,
1484 1604 1493 1619 ‹
1512 1595 1540 1620 ὐ
1554 1594 1699 1630 προφήτης
1713 1593 1739 1620 εἴ
1758 1595 1804 1626 σύ;
1822 1604 1830 1620 ι

1037 1644 1092 1675 ναὶ,
1112 1652 1121 1668 ι
1137 1643 1282 1678 Προφήτης
1293 1640 1320 1667 εἷ
1330 1641 1377 1670 mi:
1395 1651 1404 1667 ι
1421 1640 1476 1676 (92)
1489 1640 1529 1666 Τὰ
1543 1640 1571 1666 δὲ
1583 1640 1665 1674 ὅμοια
1676 1643 1831 1674 τετηρήκα-

1039 1697 1087 1723 μεν
1101 1687 1288 1720 ἐξετάζοντες,
1303 1687 1329 1714 τί
1349 1686 1472 1722 διαφέρει
1493 1685 1523 1711 τὸ
1544 1686 1575 1711 '0
1590 1685 1663 1717 Θεός
1679 1684 1728 1710 τοῦ
1748 1684 1830 1716 Θεός,

1037 1734 1083 1759 καὶ
1098 1734 1124 1759 Ὀ
1134 1734 1227 1768 Λόγος
1241 1733 1287 1760 τοῦ
1301 1733 1405 1768 Λόγος.
1418 1732 1496 1759 Ἐπεὶ
1506 1731 1594 1758 τοίνυν
1608 1731 1637 1757 ὲν
1648 1729 1689 1765 τῷ
1702 1732 1831 1766 Δευτεροο

1037 1779 1123 1814 νομίῳ
1134 1779 1299 1814 γέγραπται·
1314 1788 1323 1803 ι
1337 1778 1483 1814 Προφήτην
1493 1777 1556 1812 ὑμῖν
1570 1777 1720 1812 ἀναστήσει
1729 1777 1830 1812 Κύρικ

1034 1827 1048 1852 ὁ
1061 1825 1127 1856 Θεὸς
1145 1825 1222 1860 ὑμῶν
1245 1825 1277 1851 ὲκ
1293 1823 1347 1851 τῶν
1372 1823 1494 1858 ἀδελφῶν
1517 1823 1594 1860 ὑμῶν
1611 1824 1649 1856 ὡς
1670 1824 1733 1860 ἐμὲ,
1748 1824 1831 1851 αὐτοῦ

1034 1871 1183 1897 ἀκούσεσθε
1192 1879 1199 1885 ·
1212 1871 1258 1897 καὶ
1272 1870 1348 1897 ἔσται
1362 1870 1436 1896 πᾶσα
1449 1869 1533 1905 ψυχὴ,
1547 1871 1608 1905 ἤτις
1623 1870 1657 1896 ἂν
1671 1871 1710 1905 μὴ
1726 1870 1831 1906 ἀκούῇ

1034 1917 1081 1943 τοῦ
1096 1917 1234 1953 προφήτου
1252 1916 1366 1948 ἐκείνου,
1383 1915 1639 1952 ἐξολοθρευθήσεται
1657 1917 1691 1942 ἐκ
1707 1916 1756 1942 τοῦ
1767 1916 1830 1943 λαοῦ

1034 1963 1116 1990 αὑτοῦ
1125 1972 1132 1978 ·
1148 1973 1156 1989 ι
1173 1963 1356 1999 προσεδοκᾶτο
1367 1963 1514 1999 ἐξαιρέτως
1525 1971 1566 1994 τις
1581 1963 1726 1999 προφήτης
1738 1963 1831 1998 ὅμοιον

1034 2011 1128 2037 Μωσεῖ
1138 2018 1164 2036 τι
1178 2009 1257 2045 ἔχων,
1276 2009 1306 2035 τὸ
1330 2009 1488 2044 μεσιτεῦσαι
1513 2007 1581 2035 Θεοῦ
1601 2009 1648 2035 καὶ
1662 2008 1829 2045 ἀνθρώπων,

1033 2056 1080 2082 καὶ
1093 2056 1124 2082 τὺ
1140 2055 1229 2082 λαϐὼν
1245 2055 1383 2090 Διαθήκην
1398 2054 1451 2082 ἀπὸ
1465 2054 1531 2081 Θεοῦ
1551 2054 1642 2081 δοῦναι
1661 2056 1719 2086 τοῖς
1741 2055 1830 2090 μαθη-

1033 2102 1188 2136 τευομὲνοις
1211 2101 1262 2137 τὴν
1282 2101 1393 2137 καινήν·
1412 2101 1458 2128 καὶ
1475 2101 1537 2127 καθ’
1553 2101 1667 2127 ἕκαστον
1685 2100 1741 2127 τῶν
1762 2109 1829 2135 προ-

1034 2148 1126 2182 φητῶν
1145 2148 1293 2182 ἐγίνωσκον
1317 2148 1331 2173 ὁ
1353 2146 1417 2178 λαὸς
1449 2146 1557 2182 Ἰσραὴλ
1584 2147 1688 2182 μηδένα
1715 2147 1829 2172 ἐκείνων

1033 2193 1102 2221 εἶναι
1120 2194 1166 2221 τὸν
1184 2194 1236 2220 ὑπὸ
1250 2193 1297 2220 τοῦ
1319 2193 1442 2224 Μωσέως
1464 2194 1696 2228 προφητευθέντα.
1722 2194 1829 2229 Ὠσπερ

1032 2239 1078 2268 οὖν
1094 2240 1232 2271 ὲδίσταζον
1256 2239 1320 2275 περὶ
1347 2239 1482 2270 Ἰωάννου,
1508 2240 1612 2274 μήποτε
1636 2239 1692 2275 ἄρα
1709 2241 1829 2276 Χριστὸς

1032 2287 1112 2318 αὐτὸς
1125 2284 1169 2321 ἦν,
1192 2285 1277 2317 οὕτως
1300 2285 1346 2311 καὶ
1366 2285 1471 2320 μήποτε
1495 2285 1509 2310 ὁ
1532 2286 1684 2321 προφήτης.
1703 2287 1742 2312 Οὐ
1762 2286 1828 2313 θαυ-

1035 2331 1135 2368 μαστὸν
1157 2331 1186 2357 δὲ
1204 2331 1228 2356 εί
1245 2330 1283 2366 μὴ
1305 2330 1446 2366 ἠκρίϐουν,
1467 2331 1508 2357 ὅτι
1523 2331 1604 2363 αὑτός
1627 2332 1685 2358 ἐστι
1708 2333 1827 2368 Χριστὸς

1033 2378 1080 2404 καὶ
1090 2377 1242 2413 προφήτης,
1260 2377 1284 2402 οἱ
1299 2375 1468 2408 διστάζοντες
1490 2378 1554 2412 περὶ
1575 2378 1700 2405 Ἰωάννου
1717 2381 1825 2415 μήποτε

1034 2425 1114 2456 αὐτὸς
1134 2424 1251 2459 Χριστὸς
1271 2421 1320 2458 ἦν·
1338 2423 1483 2450 ἀκόλουθον
1504 2424 1560 2460 γὰρ
1581 2424 1619 2460 τῷ
1643 2426 1708 2460 περὶ
1730 2426 1825 2452 τούτου

1033 2469 1175 2505 δισταγμῷ
1192 2469 1223 2495 τὸ
1246 2469 1354 2503 ἀγνοεῖν
1373 2469 1418 2495 τὸν
1437 2469 1518 2496 αὑτὸν
1540 2467 1610 2496 εἶναι
1636 2470 1757 2506 Χριστὸν
1778 2472 1824 2498 καὶ

1034 2517 1079 2543 τὸν
1102 2516 1255 2552 προφήτην.
1281 2514 1380 2541 ’Ἑλαθε
1407 2515 1435 2541 δὲ
1456 2516 1518 2547 τοὺς
1538 2515 1684 2552 πολλοὺςὴ
1708 2517 1825 2552 διαφορά

1035 2563 1082 2589 τοῦ
1111 2565 1127 2589 ὸ
1146 2563 1299 2598 προφήτης
1321 2561 1370 2587 καὶ
1382 2562 1547 2595 προφήτης,
1562 2561 1600 2593 ὡς
1615 2563 1723 2590 καὶτὸν
1742 2564 1822 2599 Ἦρα-

1036 2609 1149 2640 κλέωνα,
1164 2609 1238 2640 ὅστις
1251 2609 1346 2640 αὐταῖς
1360 2607 1449 2641 λέξεσι
1468 2616 1559 2643 φησιν·
1576 2617 1585 2633 ι
1602 2610 1646 2641 Ὠς
1661 2609 1717 2645 ἄρα
1734 2611 1821 2637 Ἰωάν-

1034 2654 1148 2690 νης(95)
1166 2653 1323 2689 ὡμολόγησε
1344 2653 1380 2688 μὴ
1401 2651 1470 2679 εἶναι
1488 2653 1502 2678 ὁ
1525 2653 1653 2689 Χριστος,
1671 2654 1741 2681 ἀλλὰ
1761 2654 1822 2690 μηδὲ

1211 2714 1232 2729 ¹⁸
1242 2712 1406 2745 Ιοοιι.ι,21.
1446 2712 1468 2728 ¹⁸
1480 2712 1548 2739 Dent
1571 2714 1706 2748 xvm,l5.
1720 2715 1820 2747 18,”;

231 2830 287 2862 ‘95)
307 2829 355 2861 Ὡς
369 2828 426 2862 ἆρα
444 2827 589 2861 Ἰωάννης,
605 2834 658 2854 etc.
688 2827 726 2853 Ita
752 2828 837 2854 codex
861 2827 966 2855 Bodleia

893 2829 1031 2861 tdleianus,
1048 2833 1137 2861 recte;
1153 2827 1214 2856 libri
1234 2828 1309 2862 editi,
1329 2828 1372 2860 Ὠς
1386 2828 1428 2864 ἄρ’
1446 2829 1470 2855 ει
1491 2828 1629 2864 Ἰωάννης.
