1865 3041
50 77 90 104 229
562 76 739 104 COJIMENT.
758 76 790 102 IN
810 75 906 104 JOAN.
925 76 1044 105 TOMUS
1063 77 1105 104 Vl.

1593 83 1645 109 9Ἷο

50 137 175 171 προφήτης,
183 138 245 172 μηδὲ
260 136 358 167 Ἠλίας.
372 147 380 163 ι
396 136 450 163 Καὶ
473 137 531 163 δέον
555 138 636 164 αὐτὸν
653 138 740 169 οὕτως
763 139 803 164 ἐκ-

881 147 930 164 ‘lllll
946 138 1084 174 articulo,]
1103 143 1131 165 et
1156 139 1281 173 propheta
1299 138 1413 175 [absque
1436 140 1572 176 articulo],
1594 141 1642 170 \‘c',

49 182 278 214 eameam“:
302 182 336 208 τὰ
362 182 432 209 κατᾶ
459 183 522 214 τοὺς
551 183 661 215 τόπους,
691 183 804 218 πότερον

48 227 150 262 ἀληθεύει
160 228 241 262 λέγων
252 228 306 264 (94)
319 229 356 264 μὴ
368 227 437 255 εἶναι
450 230 605 264 προφήτης,
621 229 686 264 μηδὲ
706 229 808 260 Ἠλίας,

48 272 60 308 ἦ
73 273 104 300 οὗ.
125 273 149 300 '0
165 274 190 300 δὲ
207 274 242 310 μή
265 275 415 310 ἐπιστήσας
428 275 484 306 τοῖς
507 275 611 306 τόποις,
627 276 655 301 ἐν
671 272 712 305 οἷς
725 283 810 302 κατα-

47 319 145 347 λέλοιπεν
161 320 360 355 ὐπομνήμασιν,
379 320 564 353 ἀνεξετάστως
586 319 756 356 παρελήλυθε
773 319 808 346 τὰ

46 365 178 401 τηλικαῦτα,
198 366 298 402 σφόδρα
320 366 408 401 ὀλίγα,
423 367 470 393 καὶ
487 366 524 402 μὴ
543 365 763 401 βεϐασανισμένα
776 367 806 393 ὲν

859 184 896 210 ιιιί
919 184 1000 211 etiam
1030 184 1241 215 lleracleottetn,
1266 185 1312 220 qui
1327 185 1401 212 hisce
1423 185 1586 212 dictionibus
1609 187 1650 212 itt—

860 230 941 264 quit:
961 230 1026 256 tSie
1038 230 1118 264 igitur
1138 228 1256 257 Joannes
1281 230 1369 258 fassus
1389 236 1431 258 est
1457 239 1486 258 se
1507 230 1647 258 Christum

860 281 912 301 nou
932 281 1013 306 esse,
1033 281 1121 308 neque
1144 275 1304 309 prophetam
1324 283 1411 310 neque
1427 276 1523 303 Eliam.
1547 286 1556 302 ι
1575 277 1649 311 Οριιι

858 329 920 348 eum
939 320 1038 355 alioqui
1060 321 1155 348 ruisset
1178 321 1251 348 hunc
1268 321 1354 349 locum
1369 323 1409 350 sic
1426 323 1646 357 interpretantem

858 365 1035 400 perscrutari,
1053 373 1115 393 vera
1142 373 1227 392 necne
1244 365 1363 395 Joannes
1391 373 1483 395 narret
1505 368 1600 396 dicens

45 413 88 442 τοῖς
97 411 150 446 ἑξῆς
162 412 251 443 εἰπὼν,
265 412 330 448 περὶ
342 409 380 439 ὧν
395 413 495 444 εὐθέως
517 412 644 448 ἐροῦμεν.

881 419 945 446 eque
967 412 1137 446 prophetam,
1155 419 1244 446 neque
1265 412 1349 439 Etiam
1372 421 1442 441 esse.
1461 415 1560 442 Verum
1586 424 1646 442 eum

45 457 89 485 loca
103 458 152 485 haec
169 466 219 485 non
234 459 434 486 considerasset
451 459 497 486 ille
511 460 537 486 in
554 459 756 486 commentariis
771 466 830 494 qua:
846 458 962 493 reliquit.
984 458 1047 485 talia
1062 459 1122 486 sine
1136 457 1187 485 ulla
1204 458 1405 487 examinatione
1422 461 1560 494 praeteriit,
1574 468 1648 495 qua:-

44 505 91 532 dant
105 506 237 534 admodum
254 507 381 542 paucula,
395 515 482 542 eaque
499 507 675 541 indiligenter
688 506 841 534 examinata
856 506 882 532 in
896 505 1071 540 sequentibus
1083 505 1186 536 dicens,
1201 506 1233 532 tle
1246 506 1343 540 quibus
1359 514 1420 534 mox
1433 507 1530 535 dicturi
1543 516 1646 536 sumus.

71 551 92 579 9.
99 553 182 580 Εἶπον
190 551 244 581 οὖν
251 554 341 586 αὐτῷ·
353 555 400 588 Τίς
408 552 445 586 εἴ,
461 555 511 581 ἵνα
525 555 690 589 ἀπόκρισιν
704 553 801 590 δῶμεν

888 553 970 588 118
988 553 1015 580 9.
1033 552 1161 580 Dixerunt
1174 561 1236 588 ergo
1247 554 1290 582 ei:
1312 554 1378 587 Qui:
1394 563 1432 586 es,
1444 561 1472 582 ut
1495 564 1646 591 responsum

42 599 90 632 τοῖς
106 599 251 635 πέμψασιν
272 601 366 636 ἠμᾶςξ
393 601 421 628 τί
446 601 544 636 λέγεις
565 602 631 636 περὶ
655 602 803 633 σεαυτοῦ;

881 609 942 627 ’mlll
957 600 997 627 his
1013 600 1059 635 qui
1080 600 1207 627 miserunt
1230 602 1296 628 nos?
1308 601 1370 635 quid
1383 602 1449 629 dicis
1461 602 1492 628 de
1505 607 1528 628 te
1539 603 1594 637 ipso
1606 603 1648 630 ‘7?

42 645 138 680 Δννάμει
161 645 236 672 τοῦτο
262 646 386 681 λέγουσιν
415 648 440 673 οἱ
470 646 686 679 ἀποσταλέντες·
715 647 803 682 Ὅπερ

886 647 920 673 nd
935 647 1006 681 qttod
1023 647 1116 673 dicunt
1133 645 1159 672 bi
1180 646 1226 680 qui
1252 647 1326 674 tuissi
1344 648 1469 681 fuerant,
1485 649 1537 675 hoc.
1553 649 1644 676 valet:

41 690 189 722 ὑπονοοῦντες
201 689 269 719 εἷναί
285 701 315 718 σε
330 692 500 728 ἐληλύθαμεν
513 693 709 729 μαθησόμενοι,
725 693 803 726 ἐγνω-

881 692 1058 720 tlveneramus
1076 692 1198 720 discendi
1212 693 1298 726 gratia
1315 694 1386 728 quod
1398 695 1526 721 rebamur
1539 699 1564 722 te
1575 703 1647 729 esse,

42 743 80 770 μιν
95 736 139 763 οὐκ
152 737 212 765 ὄντα
221 747 227 753 ·
241 738 363 765 λείπεται
374 739 402 765 δὲ
420 739 489 774 μετὰ
499 739 583 766 ταῦτα
597 739 651 766 ἀπὸ
664 739 711 766 σοὺ
723 739 803 766 ἀκοῦ-

905 738 1066 773 agnovimus
1086 743 1111 765 te
1126 746 1179 766 non
1201 747 1262 767 esse
1287 739 1388 772 talem;
1406 745 1491 768 restat
1508 745 1569 775 post
1592 743 1648 769 hzec

40 789 74 808 σαι
84 782 118 815 τὸ,
132 784 201 816 ὅστις
213 783 247 815 εἶ,
262 786 305 812 ἵνα
320 787 376 817 τοῖς
393 785 519 821 πέμψασι
532 786 583 822 τὴν
598 785 646 822 σὴν
659 786 803 824 ἀπόκρισιν

881 790 886 810 ‘.
898 784 946 811 abs
959 789 985 811 te
1000 783 1145 811 audiamus
1157 784 1218 818 quis
1230 785 1279 818 sis,
1297 790 1325 812 ut
1341 787 1528 815 rcnuntiemus
1544 787 1587 815 his
1600 789 1646 823 qui

39 828 89 863 περὶ
101 829 143 856 σοῦ
159 830 376 867 ἁπαγγείλωμεν.

885 830 988 858 iserunt
1001 838 1049 858 nos
1067 838 1226 865 responsum
1244 837 1318 859 tuum
1332 833 1365 860 de
1382 837 1418 862 te.

65 875 102 901 l0.
116 876 180 910 Ἐγὼ
190 877 273 911 φωνὴ
282 877 418 911 ,βοῶντος
430 878 465 904 ἐν
479 878 516 912 τῇ
526 878 624 913 ἐρήμῳ
632 887 638 892 -
652 878 803 905 Εὐθύνατε

891 878 935 904 10.
958 876 1013 910 Ego
1028 885 1077 903 νοω
1097 878 1236 905 clamantis
1252 879 1279 906 in
1303 879 1406 906 detorto
1423 888 1432 907 :
1450 881 1561 916 Dirigite
1578 883 1648 909 viam

38 919 82 953 τὴν
99 921 165 948 ὁδὸν
188 924 307 957 Κυρίου,
330 925 427 957 καθὼς
445 922 530 951 εἶπεν
549 925 674 957 Ἡσαΐας
699 926 716 951 ὁ
732 931 804 958 προ-

37 967 123 1001 φήτης.
140 969 238 1004 Ὠσπερ
253 970 267 996 ὁ
287 970 389 1004 κυρίως
407 970 470 1002 Υἱὸς
484 970 531 997 τοῦ
554 970 632 1002 Θεοῦ,
646 970 695 1006 οὐχ
712 970 804 1006 ἕτερος

38 1012 104 1045 Λόγος
111 1011 160 1047 (95)
168 1014 320 1048 τυγχάνων,
329 1015 427 1050 χρῆται
435 1015 516 1052 λόγῳ·
525 1016 604 1047 αὐτὸς
613 1016 667 1051 γὰρ
676 1016 689 1041 ὁ
697 1016 725 1042 ἐν
734 1016 803 1050 ἀρχῇ

37 1057 104 1091 Λόγος
113 1056 144 1094 ἦν
159 1061 173 1086 ὸ
187 1061 254 1096 πρὸς
263 1060 309 1087 τὸν
315 1062 381 1088 Θεὸν
389 1063 403 1088 ό
416 1062 502 1095 Λόγος
509 1061 584 1092 Θεός·
595 1061 680 1092 οὕτως
688 1062 702 1088 ὁ
715 1061 805 1087 Ἰωάν-

37 1104 101 1138 νης,ό
111 1105 243 1140 ὑπηρέτης
254 1106 359 1133 ἐκείνου
373 1106 421 1134 τοῦ
432 1107 520 1141 Λόγου
534 1107 568 1142 (ει
581 1107 683 1141 κυρίως
693 1106 803 1133 ἀκούοι-

37 1157 75 1183 [av
83 1150 126 1184 τῆς
136 1150 264 1187 Γραφῆς),
279 1153 328 1188 οὐχ
340 1153 433 1188 ἕτερος
444 1152 481 1180 ὢν
493 1153 595 1188 φωνῆς,
610 1153 710 1189 χρῆται
727 1154 802 1189 φωνῇ

36 1194 170 1234 Eunomia-tt
177 1198 220 1224 τὺν
227 1199 323 1233 Λόγον.
334 1196 417 1231 Οὗτος
423 1199 466 1235 δὴ,
476 1200 575 1231 συνιεὶς
582 1199 631 1234 τὴν
638 1208 670 1225 πε
674 1199 701 1236 pl.
707 1198 804 1225 ἑαυτοῦ

35 1243 178 1278 προφητείαν
195 1245 272 1280 παρὰ
283 1245 322 1280 τῷ
338 1245 438 1281 Ἡσαΐᾳ
457 1245 614 1281 εἰρημένην,
639 1246 721 1280 φησὶν
735 1243 803 1271 εἶναι

36 1289 104 1324 φωνὴ,
117 1290 172 1325 οὐχὶ
195 1290 285 1325 βοῶσα
309 1293 338 1318 ὲν
354 1293 387 1327 τῇ
409 1292 516 1327 ἐρήμῳ,
534 1291 602 1318 ἀλλὰ
621 1301 630 1316 ‹
647 1291 762 1326 βοῶντος
775 1290 804 1318 ὲν

34 1334 59 1369 τῇ
78 1335 175 1372 ἐρήμῳ·
193 1337 240 1364 τοῦ
256 1337 414 1369 ἐνεστῶτος,
432 1338 479 1365 καὶ
496 1338 680 1375 κεκραγότος·
700 1338 749 1365 Ἂν
763 1347 804 1370 τις

35 1378 92 1415 διψᾷ,
105 1381 218 1418 ἐρχέσθω
236 1384 306 1419 πρὸς
324 1384 368 1419 μὲ,
383 1384 432 1411 καὶ
453 1384 570 1411 πινέτω·
584 1394 593 1410 ι
613 1384 736 1418 λέγοντος
757 1384 805 1411 καὶ

856 922 973 955 Domini,
990 923 1057 949 sicut
1084 923 1152 950 dixit
1168 923 1255 951 Isaias
1273 926 1399 959 prop/tetu
1419 927 1451 952 ¹⁸.
1473 926 1508 954 Ut
1535 927 1579 954 ille
1602 929 1648 962 qui

855 969 966 1003 proprie
981 969 1067 997 Filius
1085 974 1127 998 est
1150 970 1209 1004 Dei,
1236 978 1289 999 non
1308 971 1379 1000 alius
1393 980 1407 999 a
1432 972 1563 1001 Se-rmotte
1584 982 1646 1002 cum

855 1015 903 1047 sit,
917 1023 1041 1042 sermone
1056 1016 1159 1049 utitur;
1172 1016 1241 1051 (ipse
1256 1017 1328 1044 enim
1351 1018 1377 1044 in
1394 1019 1529 1052 principio
1550 1020 1648 1047 Sermo

855 1061 900 1088 ille
911 1066 980 1093 erat,
995 1067 1021 1088 et
1041 1062 1086 1088 ille
1103 1062 1189 1096 Λόγος
1206 1063 1276 1090 Deus
1299 1063 1368 1097 apud
1387 1063 1471 1091 Deum
1489 1073 1495 1092 :
1510 1065 1550 1092 sic
1564 1065 1647 1092 Joan-

856 1113 912 1137 nes,
931 1106 1056 1133 minister
1081 1107 1153 1134 illius
1169 1107 1312 1135 Sermonis
1338 1108 1371 1141 (si
1391 1110 1501 1143 proprie
1521 1110 1648 1144 Scriptu-

856 1159 913 1178 ram
933 1150 1137 1187 intelligamus),
1159 1159 1211 1179 non
1225 1152 1294 1179 alius
1315 1160 1377 1179 cum
1401 1153 1436 1180 sit
1454 1161 1468 1180 ιι
1488 1161 1564 1187 voce,
1582 1163 1648 1182 voce

854 1196 942 1223 utitur
953 1198 1114 1224 ostendente
1132 1198 1302 1225 Sermonem.
1320 1198 1370 1231 Qui
1385 1199 1467 1226 etiatn
1489 1207 1550 1227 cum
1567 1201 1648 1228 intel-

855 1241 1145 1277 lexissetprophetiam
1162 1244 1194 1270 de
1208 1251 1238 1271 se
1248 1244 1317 1278 apud
1335 1244 1430 1271 Isaiam
1443 1246 1541 1272 dictam
1555 1246 1646 1279 fuisse,

855 1295 948 1315 vocem
964 1297 994 1316 se
1008 1296 1066 1316 esse
1080 1289 1168 1323 inquit
1183 1298 1189 1315 :
1206 1297 1256 1316 nec
1271 1297 1364 1317 vocem
1378 1290 1540 1318 clatnantem
1558 1292 1584 1318 in
1601 1292 1646 1320 de-

855 1340 941 1367 serto,
957 1335 1003 1362 sed
1019 1343 1113 1362 vocem
1124 1345 1140 1360 Α
1163 1334 1308 1363 clamantis
1329 1336 1355 1363 in
1379 1337 1504 1370 deserto;
1527 1348 1535 1364 ι
1551 1347 1648 1373 nempe

855 1379 927 1406 illius
955 1380 1001 1414 qui
1021 1389 1030 1405 ε
1048 1380 1148 1414 stabat,
1165 1386 1191 1407 et
1213 1380 1347 1409 clamabat
1364 1389 1370 1408 :
1392 1382 1420 1409 Si
1438 1383 1498 1416 quis
1522 1384 1589 1415 sitit,
1603 1392 1650 1411 ve-

33 1422 68 1448 τὸ·
81 1433 89 1449 ι
100 1424 230 1453 Εὐθύνατε
244 1428 296 1463 τὴν
311 1427 369 1454 όόὺν
387 1428 501 1464 Κυρίου,
513 1428 620 1460 εὐθείας
639 1430 740 1455 ποιεῖτε
755 1428 803 1461 τὰς

881 1426 959 1453 iatad
973 1434 1025 1459 tne,
1040 1431 1066 1453 et
1079 1426 1155 1454 bibat
1168 1427 1207 1458 ‘9;
1228 1437 1237 1453 ι
1261 1427 1373 1455 dicendo
1393 1432 1419 1455 et
1442 1429 1528 1456 illud:
1548 1439 1556 1455 ι
1576 1430 1648 1458 Diri-

34 1470 121 1503 τρίϐους
142 1473 341 1501 ueretillam
370 1474 477 1510 φάραγξ
502 1474 729 1511 πληρωθήσεται,
756 1475 804 1502 καὶ

34 1517 75 1543 πᾶν
94 1517 151 1554 ὅρος
178 1520 224 1547 καὶ
251 1520 347 1556 βουνὸς
375 1521 625 1556 ταπεινωθήσεται,
653 1521 700 1548 καὶ
726 1521 803 1548 ἔσται

34 1560 104 1589 πάντα
122 1564 154 1592 τὰ
177 1565 273 1592 σκολιὰ
292 1575 301 1591 t
328 1567 369 1598 εἰς
388 1566 505 1593 εὐθεῖαν.
533 1576 543 1592 ι
563 1567 668 1602 ’Ὠσπερ
696 1566 751 1602 γὰρ
774 1568 803 1593 ὲν

33 1609 57 1643 τῇ
75 1609 162 1646 Ἐξόδῳ
187 1612 345 1647 γέγραπται
375 1613 444 1648 πρὸς
471 1612 573 1640 Μωσέα
598 1612 726 1647 λέγεσθαι
750 1613 803 1640 ὑπὸ

32 1653 95 1687 Θεοῦ,
115 1666 124 1682 ι
143 1657 206 1684 Ἰδοὺ
223 1658 330 1685 δέδωκὰ
349 1667 378 1685 σε
393 1658 459 1685 Θεὸν
474 1658 583 1693 Φαραὼ,
601 1659 648 1685 καὶ
668 1658 772 1694 Ἀαρὼν
788 1658 803 1685 ὁ

32 1698 125 1736 ἀδελφός
142 1712 188 1730 σου
211 1703 290 1732 ἔσται
315 1713 362 1731 σου
388 1705 542 1741 προφήτης,
567 1714 577 1730 ι
601 1704 672 1731 οὕτω
693 1705 803 1740 νοητέον

33 1745 140 1782 ἀνάλογόν
167 1758 194 1777 τι
209 1750 328 1782 τούτοις,
346 1752 370 1777 εἰ
386 1751 433 1777 καὶ
447 1751 484 1787 μὴ
502 1751 590 1786 πάντη
604 1751 709 1786 ὅμοιον,
734 1749 802 1778 εἶναι

31 1792 66 1819 τον
81 1794 108 1821 ἐν
127 1795 196 1832 ἀρχῇ
213 1797 302 1831 Λόγον
322 1796 388 1824 Θεὸν
409 1797 457 1823 καὶ
481 1797 622 1832 Ἰωάννην·
649 1797 726 1832 φωνὴ
748 1796 803 1832 γὰρ

31 1838 132 1877 δεικτικὴ
147 1842 200 1876 (96)
225 1842 275 1869 καὶ
297 1843 488 1878 παραστατικὴ
510 1843 613 1870 ἐκείνου
633 1841 680 1869 τοῦ
697 1841 775 1876 λόγου
789 1842 803 1869 ό

36 1883 141 1923 Ἰωάννης
163 1886 206 1923 ἦν.
232 1888 335 1925 Διόπερ
360 1889 430 1916 πάνυ
457 1888 632 1924 ἁρμοζόντως
660 1888 709 1915 οὐκ
735 1887 804 1925 ἄλλῃ

31 1931 119 1959 κολάσει
142 1934 334 1971 περιϐάλλεται
365 1935 505 1971 Ζαχαρίας
535 1934 630 1971 (εἰπὼν
660 1934 729 1970 πρὸς
757 1934 803 1961 τὸν

32 1976 140 2011 ἄγγελον·
163 1990 172 2006 t
183 1981 265 2009 Κατὰ
284 1981 310 2008 τί
333 1980 474 2016 γνώσομαι
489 1980 585 2013 τοῦτο;
608 1980 663 2014 ἐγὼ
678 1980 732 2015 γάρ
745 1980 802 2015 ειμι

33 2024 174 2062 πμσῦὑτης,
197 2027 246 2054 καὶ
271 2027 288 2062 ἡ
311 2027 380 2062 γυνή
404 2035 455 2062 μου
482 2026 670 2062 προϐεόηκυῖα
695 2026 725 2051 ὲν
743 2026 804 2057 ταῖς

31 2068 128 2105 ἡμέραις
138 2072 238 2108 αὐτῆς·
253 2073 278 2108 ι)
295 2073 311 2108 ἢ
332 2074 364 2108 τῇ
381 2073 507 2108 στερήσει
521 2073 570 2108 τῆς
586 2071 678 2107 φωνῆς
692 2071 736 2098 διὰ
754 2071 803 2107 τὴν

30 2112 138 2142 ἀπιστίαν
156 2116 206 2152 τῆς
229 2117 365 2151 γενέσεως
389 2117 439 2152 τῆς
463 2116 566 2151 φωνῆς,
591 2115 663 2142 κατὰ
682 2115 712 2142 τὸ
727 2116 803 2151 εἰρη-

31 2158 96 2192 μένον
107 2161 157 2188 ὑπὸ
173 2161 220 2189 τοῦ
241 2162 362 2198 Γαϐριὴλ
373 2163 441 2198 πρὸς
454 2162 549 2189 αὐτόν·
572 2171 580 2188 t
593 2162 658 2188 Ἰδοὺ
675 2161 723 2197 ἔσῃ
740 2171 804 2188 σιω-

32 2204 88 2238 πῶν,
106 2208 151 2235 καὶ
173 2209 211 2244 μὴ
232 2209 383 2243 δυνάμενος
403 2208 528 2243 λαλῆσαι,
550 2208 615 2244 ἄχρι
638 2206 672 2244 ἧς
696 2209 803 2245 ἡμέρας

31 2249 124 2287 γίνηται
140 2254 237 2285 ταῦτα,
263 2254 320 2281 ἀνθ’
341 2250 378 2281 ὧν
393 2254 444 2281 οὐκ
455 2254 618 2286 ἐπίστευσας
640 2256 696 2286 τοῖς
713 2254 803 2289 λόγοις

32 2303 81 2329 μου,
99 2299 191 2332 οἵτινες
208 2300 414 2336 πλησθήσονται
428 2301 468 2332 εἰς
487 2300 532 2327 τδν
552 2301 647 2337 καιρὸν
668 2301 768 2328 αὐτῶν.
790 2311 799 2327 ι

32 2337 101 2375 Οὗτος
109 2344 140 2380 δὴ
151 2345 166 2371 ὸ
179 2345 330 2380 Ζαχαρίας,
345 2346 389 2372 ὅτε
404 2346 519 2381 αἰτήσας
535 2346 686 2373 πινακίδιον
699 2346 802 2382 ἔγραψε

32 2385 111 2421 λέγων,
130 2400 139 2416 t
160 2392 288 2427 Ἰωάννης
307 2391 380 2418 ἐστὶν
397 2391 482 2427 ὄνομα
503 2391 596 2424 αὑτοῦ,
620 2392 667 2418 καὶ
683 2392 804 2428 ἐθαύμα-

32 2439 72 2459 σαν
91 2436 216 2469 πάντες,ι
244 2438 379 2474 ἀπείληφε
407 2438 456 2473 τὴν
485 2438 589 2474 φωνήν·
619 2448 628 2463 t
644 2438 776 2474 Ἀνεῲχθη
792 2448 802 2465 t

31 2479 74 2514 γὰρ
93 2483 143 2509 (τὸ
166 2483 254 2519 στόμα
278 2483 361 2510 αὺτοῦ
385 2484 573 2520 παραχρῆμα,
597 2483 672 2519 καὶὴ
694 2484 803 2518 γλῶσσα

32 2525 110 2559 αὐτοῦ,
124 2529 171 2555 καὶ
183 2529 275 2556 ἐλάλει
286 2529 405 2564 εὐλογῶν
418 2529 464 2556 τὸν
478 2529 554 2556 Θεόν.
568 2538 577 2555 ι
589 2529 694 2565 ’Ὠσπερ
712 2529 739 2554 δὲ
758 2529 805 2555 καὶ

319 2603 341 2618 η
353 2601 417 2630 ibid.
433 2602 480 2628 εδ.
530 2601 551 2617 ιο
567 2589 644 2628 toan.
660 2609 706 2633 vn,
728 2601 774 2628 δε.

63 2599 80 2615 ¹⁷
93 2600 167 2628 Joan.
183 2610 203 2635 1,
218 2603 265 2630 22.
319 2603 341 2618 ¹¹³
353 2601 417 2630 ibid.
433 2602 480 2628 25.
530 2601 551 2617 ¹⁹
567 2600 594 2628 J0

63 2634 119 2663 ibid.
131 2637 174 2663 τεο.
223 2638 247 2653 “
265 2638 330 2663 ibid.
353 2638 398 2663 65.
446 2637 535 2663 "ibid.
551 2636 594 2663 64.

33 2631 52 2647 ¹¹
63 2634 119 2663 ibid.
131 2637 174 2664 20.
196 2631 202 2635 '
223 2638 247 2653 ιδ
265 2638 330 2665 ibid.
353 2638 398 2664 65.

61 2706 109 2742 (94)
126 2708 274 2741 Ἀληθεύει
300 2708 405 2742 λέγων.
436 2707 481 2733 Sic
507 2707 593 2742 codex
620 2705 802 2736 Bodleianus;

33 2741 91 2780 male
105 2742 161 2769 libri
179 2743 256 2774 editi,
272 2743 396 2777 ἀληθεύει
410 2743 426 2777 ἢ
444 2742 539 2776 λέγων.
557 2741 714 2801 Ρειιιιοκὲοδι
731 2745 803 2766 recte

33 2780 101 2801 etiam
111 2778 191 2801 codex
211 2777 373 2801 Bmlleianns
392 2778 473 2801 habet
495 2777 511 2801 ἢ
531 2775 573 2801 οὗ.
603 2777 623 2801 0
638 2784 652 2801 ο
691 2775 802 2801 ἐπιστή-

33 2776 101 2802 etiam
111 2778 192 2804 codex
211 2775 373 2804 Bodleianus
392 2775 473 2804 hzihet
495 2777 511 2811 ἢ
531 2775 573 2802 οὗ.
595 2776 623 2802 '0
638 2775 666 2801 δὲ
691 2775 802 2809 ἐπιστή-

34 2817 84 2841 σας,
99 2812 141 2838 ubi
159 2812 220 2839 libri
235 2812 299 2840 editi
314 2813 402 2840 ferunt
415 2812 431 2845 ἧ
451 2812 520 2838 οὐδέ.
547 2811 722 2844 Ἑπιστήσας.

827 2599 850 2615 ²⁰
867 2598 934 2626 Luc.
955 2605 996 2630 ιιι,
1015 2597 1043 2630 Al,
1061 2596 1088 2624 5.

854 1472 910 1506 gite
926 1472 999 1499 viatn
1013 1472 1130 1505 Domini,
1144 1477 1232 1500 rectas
1249 1473 1329 1500 facile
1340 1475 1452 1502 semitas
1470 1475 1536 1509 ejus.
1553 1476 1647 1504 Omnis

854 1517 931 1545 vallis
957 1517 1120 1552 implebitur,
1134 1523 1161 1545 et
1182 1518 1272 1545 omnis
1290 1526 1368 1547 mons
1389 1525 1416 1547 et
1429 1521 1504 1548 collis
1518 1522 1648 1550 reddetur

855 1563 976 1596 humilis,
990 1569 1015 1590 et
1029 1568 1109 1590 erunt
1124 1563 1215 1590 omnia
1228 1565 1338 1599 obliqua
1356 1565 1382 1592 in
1395 1566 1466 1592 viain
1484 1571 1585 1594 rectam
1594 1568 1644 1594 ".t

856 1609 890 1637 Ut
901 1609 974 1636 ettim
991 1609 1121 1644 scriptum
1136 1614 1178 1637 est
1199 1610 1224 1637 in
1244 1610 1338 1638 Exodo
1354 1611 1421 1639 Mosi
1436 1619 1450 1638 a
1470 1611 1523 1639 Deo
1536 1612 1587 1640 dici
1611 1613 1647 1646 ",

857 1664 866 1680 ι
883 1655 953 1682 Ecce
974 1655 1035 1682 dedi
1064 1659 1091 1682 te
1115 1654 1199 1682 Deum
1228 1654 1363 1682 Pharaoni
1377 1675 1384 1687 ,
1401 1660 1429 1683 et
1444 1657 1537 1683 Aaron
1561 1658 1648 1684 frater

855 1705 917 1728 tuus
933 1701 985 1727 erit
1008 1705 1069 1728 tuus
1083 1701 1229 1735 propheta,
1246 1710 1256 1727 ι
1279 1701 1319 1728 sic
1341 1701 1547 1737 intelligendum
1565 1703 1647 1731 estin

854 1747 898 1775 ltis
912 1748 1044 1775 rationem
1066 1746 1210 1782 quamdam
1234 1751 1262 1774 et
1284 1748 1435 1783 analogiam
1453 1756 1513 1777 esse
1533 1749 1647 1777 Joanttis

854 1794 888 1820 ad
907 1792 1067 1821 Sermonem
1088 1793 1184 1825 Dento.
1206 1793 1251 1828 qui
1270 1799 1312 1821 est
1329 1794 1354 1821 itt
1377 1794 1521 1829 principio,
1539 1796 1646 1823 etiamsi

854 1840 1033 1874 uudequaque
1051 1839 1201 1867 similitudo
1222 1847 1274 1867 non
1292 1840 1417 1874 quadret.
1436 1840 1494 1868 Vox
1509 1842 1580 1869 enim
1597 1843 1646 1870 de-

855 1890 1010 1913 monstrans
1034 1890 1062 1913 et
1079 1886 1113 1913 ob
1134 1885 1228 1913 oculos
1247 1893 1356 1921 ponens
1375 1886 1535 1915 Sermonem
1558 1888 1645 1922 illum,

854 1930 975 1959 Joannes
999 1936 1070 1959 erat.
1092 1931 1273 1965 Quamobrem
1291 1932 1367 1960 valde
1378 1937 1439 1968 apte
1456 1941 1508 1961 non
1524 1934 1575 1961 alia
1595 1943 1646 1969 pu-

855 1977 958 2005 nitione
970 1977 1099 2012 plectitur
1114 1977 1261 2006 Zacharias
1279 1979 1352 2014 (cum
1365 1979 1478 2007 dixisset
1493 1981 1590 2015 angelo
1601 1983 1625 1998 “
1637 1991 1646 2009 :

857 2033 867 2049 ι
890 2023 941 2057 Qui
957 2031 1120 2060 cognoscam
1140 2025 1257 2053 isthuc?
1275 2033 1325 2061 ego
1349 2027 1421 2054 enim
1436 2034 1495 2054 sum
1510 2034 1603 2058 senex,
1617 2033 1645 2055 et

855 2077 925 2107 uxor
939 2077 997 2097 mea
1015 2075 1151 2104 provecta}
1163 2071 1219 2106 jam
1236 2072 1323 2099 anatis
1341 2073 1375 2106 ι),
1395 2079 1475 2107 quam
1492 2073 1645 2107 privatione

856 2106 948 2149 vocis,
966 2123 999 2143 eo
1013 2118 1084 2151 quod
1101 2125 1153 2144 non
1171 2117 1332 2145 credidisset
1346 2118 1416 2145 ortui
1431 2119 1503 2146 vocis
1515 2119 1592 2154 juxta
1604 2120 1645 2147 di-

856 2165 928 2188 ctum
940 2160 1074 2189 Gabrielis
1090 2162 1123 2188 ad
1139 2162 1226 2197 ipsutn
1237 2161 1275 2188 “z
1290 2170 1299 2186 t
1321 2161 1390 2189 Ecce
1405 2162 1462 2189 eris
1478 2163 1646 2194 tacitus,nvc

856 2207 959 2242 poteris
976 2207 1049 2241 loqui
1066 2207 1098 2234 ad
1116 2215 1179 2235 eum
1199 2216 1285 2242 ttsque
1300 2208 1371 2235 diem
1386 2215 1438 2242 qua
1451 2208 1509 2235 haec
1527 2208 1645 2241 liaut,eo

857 2253 928 2289 quod
946 2261 1000 2280 non
1018 2253 1159 2281 credidisti
1180 2254 1272 2281 verbis
1290 2254 1370 2286 meis,
1384 2261 1444 2287 qua:
1465 2254 1646 2288 itttplebuntur

858 2305 978 2334 tempore
995 2307 1054 2327 suo.
1074 2309 1084 2326 ι
1100 2299 1150 2327 llic
1166 2300 1258 2335 itaque
1272 2300 1418 2327 Zacharias
1435 2307 1497 2327 cum
1513 2300 1647 2334 postulata

858 2344 985 2372 tabellula
1005 2344 1159 2379 scripsisset
1178 2345 1283 2378 dicens,
1313 2352 1323 2369 t
1347 2343 1466 2371 Joannes
1489 2348 1645 2371 estnomen

858 2390 927 2425 eius”,
943 2394 970 2417 et
993 2390 1082 2417 mirati
1100 2389 1216 2416 fuissent
1234 2390 1373 2422 omnes“,
1392 2399 1402 2415 ι
1417 2389 1621 2423 recepitvocetn
1634 2398 1645 2416 ς

861 2446 871 2463 t
886 2437 1021 2472 Apertum
1038 2440 1080 2462 est
1097 2435 1168 2462 enim
1185 2435 1258 2462 illico
1270 2443 1301 2463 os
1314 2436 1382 2470 ejus,
1395 2441 1421 2463 et
1432 2436 1521 2471 lingua
1536 2436 1602 2470 ejus,
1620 2442 1646 2462 rt

857 2482 1018 2517 loquebatur
1032 2481 1195 2508 benedicens
1209 2481 1291 2508 Deum
1308 2482 1342 2508 ³⁸.
1365 2491 1373 2507 ι
1397 2482 1430 2509 Ut
1446 2488 1536 2509 autem
1554 2483 1647 2516 dispu-

858 2533 950 2556 tantes
971 2534 1088 2561 quonam
1105 2531 1185 2562 pacto
1209 2527 1413 2562 intelligendum
1436 2533 1517 2559 esset,
1534 2527 1646 2555 Sermo~

1141 2596 1163 2611 “
1177 2596 1262 2625 Exod.
1278 2604 1325 2627 vn,
1341 2597 1365 2623 l.
1421 2596 1443 2612 ³⁸
1464 2596 1531 2623 Luc.
1558 2603 1578 2628 ι,
1600 2596 1645 2623 18.

894 2703 951 2738 (95)
964 2703 1076 2738 Adrog
1086 2701 1228 2730 Ferrarius
1245 2700 1349 2738 legebat
1362 2701 1457 2738 Λόγοιξ
1469 2699 1645 2738 quemadmo-

857 2734 921 2767 dum
940 2734 1016 2764 recte
1027 2734 1125 2771 legitur
1141 2737 1167 2764 in
1187 2734 1308 2770 margine
1321 2737 1421 2762 codicis
1439 2734 1590 2771 Botllcinni.

892 2769 1105 2806 (θϐμεικτιὶή.
1133 2772 1177 2799 Sic
1205 2769 1286 2799 codex
1314 2771 1493 2802 Bodleiauus;
1519 2769 1646 2796 Batberi-

857 2817 907 2835 nus
918 2808 1068 2841 διδακτιχή.
