1869 3046
37 130 76 158 261
536 127 714 155 COMMENT.
735 126 771 153 IN
788 126 885 154 JOAN.
906 127 1025 155 TOMUS
1042 127 1085 156 \'|.

1602 131 1656 159 Σιῖῖ

36 174 107 203 αὑτοῦ
120 175 277 210 ἐπιδημίαν,
291 176 335 202 ὅτε
352 175 398 201 τὸν
415 174 558 210 ἄνθρωπον
577 174 730 210 ὑπεδήσατο
745 173 809 208 (55)Δ

894 174 974 207 gavit,
993 174 1075 200 etiam
1094 178 1230 200 mortuum
1251 171 1364 207 ligavit:
1382 183 1391 199 ι
1408 171 1436 201 lu
1455 175 1506 202 hoc
1523 176 1595 203 enim
1610 177 1650 206 Je-

41 223 66 247 '0
79 222 105 248 δὲ
121 222 165 248 τὸν
183 221 326 257 ἄνθρωπον
343 221 547 256 ὑποδησάμενος
571 221 618 247 καὶ
644 220 690 246 τὸν
718 219 813 254 νεκρὸν

36 267 190 302 ὑπεδήσατο·
211 277 220 291 ι
237 267 283 297 Εἰς
299 267 378 293 τοῦτο
409 266 462 301 γὰρ
486 265 589 300 Ἰησοῦς
615 264 744 296 ἀπέθανε,
767 264 813 290 καὶ

34 314 134 348 ἀνέστη,
149 313 192 340 ῐνα
208 313 256 339 καὶ
269 313 375 348 νεκρῶν
391 313 439 339 καὶ
453 311 562 344 ζώντων
587 311 728 346 κυριεύσῃ·
745 321 753 335 ι
767 310 813 336 καὶ

32 360 69 386 διὰ
80 359 157 386 τοῦτο
171 359 260 390 ζῶντα
275 359 323 385 καὶ
338 359 435 394 νεκρὸν
450 358 611 393 ὑπεδήσατο,
628 357 751 383 τουτέστι
767 356 812 382 τὸν

32 405 57 430 ιν
70 405 114 438 τῇ,
130 404 178 430 καὶ
195 403 239 429 τὸν
259 404 287 429 ἐν
306 403 368 438 ᾃδου
381 423 387 434 ,
406 403 448 429 ἵνα
465 403 513 430 καὶ
524 402 628 438 νεκρῶν
645 402 692 429 καὶ
705 401 812 433 ζώντων

30 449 163 484 κυριεύσῃ.
175 449 223 480 Τίς
234 447 280 475 οὖν
295 448 348 484 ἄρα
360 448 452 479 ἱκανὸς
465 447 553 482 κύψας
564 447 642 473 λῦσαι
653 447 698 473 τὸν
713 447 811 482 ἱμάντα

28 495 76 521 τῶν
98 494 227 521 τοιούτων
251 494 446 530 ὑποδημάτων,
478 494 525 522 καὶ
550 494 634 525 λύσας
657 494 695 529 μὴ
713 493 809 525 iam,

31 541 88 569 tm
103 541 176 568 κατὰ
197 540 324 576 δευτέραν
341 540 486 576 ἱκανότητα
503 540 646 566 ἀναλαϐεῖν
662 539 742 572 αὐτὰ,
764 540 810 566 καὶ

21 587 171 626 “hostium,
194 586 239 613 διὰ
261 585 308 612 τοῦ
332 587 362 612 ὲν
377 587 410 621 τῇ
435 586 529 622 μνήμῃ
545 585 703 622 περιφέρειν
719 585 753 612 τὰ
769 594 811 612 νε-

33 633 142 666 ιτηιμένα
152 640 159 664 ;

59 678 99 704 i9.
120 678 167 712 Μὴ
181 677 359 710 ἀνεξέταστον
374 677 402 703 δὲ
417 677 505 704 ἐάσοω
521 677 551 703 τὺ
572 677 657 712 χωρὶς
671 676 719 703 τοῦ
737 686 745 701 ι
760 676 809 703 κύ-

27 730 72 756 1};
85 732 95 747 ι
112 722 214 758 ὁμοίως
231 722 306 757 παρὰ
331 721 370 757 τῷ
388 722 480 758 Λουκᾷ
501 723 549 749 κα).
569 723 678 758 Ἰωάννῃ
697 722 810 758 εἰρημέ-

27 776 72 793 νον.
87 769 143 794 Καὶ
166 767 236 803 τάχα
261 768 397 802 ἐνδέχεται
416 768 465 802 μὲν
486 768 610 803 κύψαντα
633 768 711 794 λῦσαι
740 769 810 795 κατὰ

21 812 48 838 τὸ
63 813 271 848 προειρημένον·
286 812 395 839 δυνατὸν
414 813 441 839 δὲ
458 814 521 845 καὶ,
548 814 578 839 τὸ
593 813 736 849 ἀνάστημα
763 813 808 840 τοῦ

20 859 71 884 am
86 859 136 885 τοῦ
162 859 251 893 Λόγου
272 860 430 895 ὲπάρματος
447 859 628 892 φυλάττοντα,
654 859 743 894 εὑρεῖν
759 859 807 894 τὴν
825 850 846 879 Β

19 905 93 932 λύσιν
116 906 173 932 τῶν
190 907 218 932 ἐν
233 906 273 941 τῷ
293 906 433 941 ζητεῖσθαι
446 905 597 940 δεδεμένων
615 906 804 941 ὑποδημάτων·

19 952 69 983 ἕνα,
90 952 126 979 τὰ
144 953 214 979 αὐτὰ
227 961 269 984 τις
285 953 368 984 λύσας
385 952 437 978 τῶν
458 952 599 987 χωριστῶν
614 951 805 986 ὑποδημάτων,

16 996 56 1032 ῐδῃ
70 998 160 1031 Λόγον
174 997 276 1033 γυμνὸν
292 997 346 1024 τῶν
361 995 560 1033 ὑποδεεστέρων
578 996 637 1023 καθ’
650 996 730 1022 αὐτὸν
745 996 806 1022 Υἰὺν

15 1043 60 1069 τοῦ
73 1043 157 1070 Θεοῦ.

46 1132 93 1160 20.
116 1132 157 1159 Οὐ
171 1131 270 1159 ταυτὸν
289 1131 316 1158 δὲ
331 1132 361 1158 τὺ
384 1142 392 1157 ι
410 1131 447 1167 μὴ
463 1129 533 1159 εἶναι
549 1132 642 1159 ἰκανὸν
653 1142 663 1158 ι
686 1132 724 1168 τῷ
744 1142 752 1158 ι
769 1133 806 1168 μὴ

11 1177 81 1205 εἶναι
109 1179 218 1212 diem”
238 1179 391 1214 ἀναγράφει
411 1180 425 1205 ὁ
447 1179 572 1213 Ἰωάννης
584 1187 590 1193 ·
617 1178 728 1205 δυνατὸν
752 1178 806 1213 γὰρ

12 1226 50 1260 μὴ
64 1225 133 1251 ὃντα
149 1225 223 1257 ἄξιον
238 1223 363 1257 γενέσθαι
377 1223 469 1251 ἱκανόν
478 1232 485 1239 ·
502 1224 614 1251 δυνατὸν
628 1224 656 1250 δὲ
673 1225 720 1250 καὶ
733 1223 807 1255 ἄξιον

9 1270 74 1297 ὄντα
107 1270 225 1305 μηδέπω
251 1268 320 1296 εἶναι
342 1270 444 1297 ἱκανόν.
474 1271 505 1297 Εἰ
529 1270 583 1306 γὰρ
607 1270 655 1296 καὶ
683 1269 752 1306 πρὸς
776 1269 808 1296 τὸ

9 1317 155 1352 συμφέρον
169 1316 268 1343 δίδοται
287 1315 321 1342 τὰ
337 1316 511 1352 χαρίσματα,
529 1316 575 1342 καὶ
591 1316 621 1342 οὺ
638 1316 717 1351 μόνον
737 1316 808 1342 κατὰ

9 1363 58 1397 τὴν
87 1363 241 1396 ἀναλογίαν
266 1362 317 1397 τῆς
342 1362 473 1396 πίστεως,
498 1361 688 1398 φιλανθρώπου
707 1362 741 1389 ἂν
764 1362 806 1398 εἴη

9 1408 74 1434 θεοῦ
110 1408 213 1443 ἔργον,
240 1408 434 1444 προορωμένου
469 1407 571 1443 βλάϐην
596 1407 650 1434 ἀπὸ
676 1407 808 1442 οἰήματος

9 1454 297 1490 ὲπακολουθήσοντος,
319 1454 336 1489 ἢ
352 1453 529 1488 φυσιώσεως,
548 1453 578 1480 τὸ
604 1454 650 1480 καὶ
673 1452 711 1488 τῷ
740 1453 808 1489 ἀξίῳ

9 1501 71 1527 τοτὲ
102 1501 146 1537 μὴ
174 1501 275 1528 διδόναι
302 1502 352 1538 τὴν
381 1501 537 1537 ἱκανότητα.
568 1501 676 1527 Οῑκεῖον
702 1500 730 1526 δὲ
759 1499 808 1535 τῆς

9 1547 200 1582 (ρηστότητος
220 1547 267 1574 τοῦ
283 1547 350 1573 Θεοῦ
375 1548 452 1583 νικᾷν
475 1547 504 1574 ἐν
519 1546 559 1582 τῷ
584 1546 738 1582 εὐεργετεῖν
763 1545 808 1572 τὸν

9 1592 245 1628 νὺεργετούμενον
267 1592 494 1629 προλαμϐάνοντα
511 1593 556 1619 τὸν
572 1593 700 1627 ἐσόμενον
722 1591 807 1624 ἄξιον,

9 1638 49 1663 ιαὶ
68 1638 145 1674 πρὶν
166 1638 280 1674 γένηται
299 1633 373 1670 ἄξιος
391 1638 546 1674 κοσμοῦντα
570 1638 650 1665 αὑτὸν
667 1639 699 1673 τῇ
720 1638 808 1665 ἱκανό⁸

9 1691 75 1718 τητι,
90 1684 144 1710 ἵνα
162 1684 234 1719 μετὰ
247 1684 297 1719 τὴν
321 1684 467 1719 ἱκανότητα
483 1684 547 1720 ἔλθῃ
569 1684 614 1710 ἐπὶ
631 1684 661 1710 τὸ
680 1684 808 1718 γενέσθαι.

9 1729 90 1762 ιξιος,
110 1730 164 1757 καὶ
181 1731 220 1765 μὴ
237 1730 344 1762 πάντως
359 1730 414 1765 (57)
431 1730 484 1757 ἀπὸ
495 1730 541 1756 τοῦ
561 1728 630 1757 εἶναι
646 1730 719 1763 ἄξιος
741 1730 807 1765 φθά-

10 1786 53 1803 ων
79 1777 137 1803 τὸν
154 1776 338 1813 δωρούμενον,
356 1776 403 1803 καὶ
428 1776 572 1812 προλαϐὼν
590 1776 672 1802 αὑτοῦ
690 1775 738 1808 τὰς
760 1776 808 1811 χά-

9 1831 93 1854 νιτας,
110 1822 185 1858 ἔλθῃ
199 1823 246 1849 ἐπί
259 1823 290 1848 τὸ
303 1822 430 1857 γενέσθαι
449 1822 548 1854 ἱκανός.
570 1822 598 1848 '0
613 1821 701 1848 τοίνὺν
723 1822 808 1848 Ἰωάν-

9 1876 43 1902 ης
65 1868 148 1902 φησι
172 1867 249 1903 παρὰ
271 1867 321 1902 μὲν
347 1868 403 1899 τοῖς
425 1867 513 1903 τρισὶν
535 1867 585 1893 οὐκ
604 1864 673 1893 εἶναι
698 1866 807 1897 ἱκανὸς,

9 1913 78 1948 api
109 1912 144 1938 δὲ
174 1912 214 1948 τῷ
236 1913 346 1948 Ἰωάννῃ
371 1913 421 1940 οὐκ
447 1910 517 1940 εἶναι
549 1912 634 1945 ἄξιος.
660 1913 716 1938 Οὐκ
740 1913 808 1938 dim—

9 1959 132 1986 λεὶεται
149 1959 180 1985 δὲ
197 1959 226 1991 ὃς
241 1967 273 1992 γε
293 1957 390 1993 ἔλεγεν
413 1958 519 1986 οὐδέπω
546 1958 583 1985 ὢν
614 1958 705 1990 ἱκανὸς
729 1966 808 1992 γεγο-

9 2007 71 2033 Eva:
91 2005 210 2036 ἱκανὸς,
224 2006 248 2032 εἰ
266 2005 312 2031 καὶ
332 2005 370 2040 μὴ
384 2004 458 2037 ἄξιός
474 2013 517 2031 πω
530 2002 580 2040 ἦν·
602 2005 648 2031 καὶ
666 2004 746 2030 πάλιν
763 2005 807 2031 ὅτε

9 2059 94 2085 ιεγεν
111 2051 172 2076 οὐκ
189 2047 259 2076 εἶναι
276 2049 351 2082 ἄξιος
369 2049 420 2075 οὐκ
439 2048 476 2074 ὢν
492 2048 575 2081 ἄξιος,
600 2048 747 2083 ἐφθακέναι
762 2049 808 2074 ἐπὶ

9 2105 16 2123 ι
32 2095 204 2131 γεγονέναι
222 2095 313 2128 ἄξιος·
335 2095 359 2120 εἰ
378 2094 416 2130 μὴ
432 2094 485 2130 ἄρα
500 2103 542 2126 τις
558 2095 616 2130 ὲρεῖ
632 2095 677 2122 ἐπὶ
700 2095 731 2120 τὸ
748 2095 807 2121 κατ’

9 2143 74 2175 Ξὶαν
97 2141 162 2176 τῆς
184 2141 287 2172 λύσεως
310 2141 357 2167 καὶ
384 2141 540 2176 βίω-τάξεως
567 2141 624 2176 (58)
651 2141 750 2172 αὐτῶν,
771 2140 808 2176 μὴ

9 2188 158 2224 apo-36w;
174 2186 225 2221 τὴν
254 2186 353 2222 θνητὴν
380 2186 460 2221 φύσιν
483 2187 560 2222 ἥκειν
588 2186 663 2219 ποτὲ,
678 2185 808 2221 ἀληθευὸ-
824 2199 846 2227 D

9 2244 76 2262 ενον
95 2234 185 2270 ἔχειν
199 2233 231 2259 τὸ
251 2233 385 2268 μηδέποτε
407 2232 533 2267 γενέσθαι
559 2231 650 2259 ἱκανὸν
666 2231 745 2259 λῦσαι
763 2232 807 2258 τὸν

9 2284 101 2309 ἀντεῖ.
122 2280 189 2307 τῶν
211 2280 402 2314 ὑποδημάτων,
416 2280 463 2306 καὶ
481 2278 554 2311 ἄξιον
574 2277 621 2305 τοῦ
640 2278 740 2304 αὐτοῦ’
759 2278 809 2305 ὅσα

24 2328 85 2354 ἐὰν
115 2326 311 2362 χωρήσωμεν,
326 2325 366 2350 ἑτι
384 2323 559 2350 ὑπολείπεται
576 2323 609 2349 τὰ
632 2323 744 2358 μηδέπω
767 2332 810 2350 νε-

9 2374 146 2409 ημένα·
175 2380 186 2396 «
204 2371 281 2397 Ἐπεὶ
304 2371 368 2397 ὅταν
391 2370 539 2406 συντελέσῃ
564 2369 723 2405 ἄνθρωπος,
748 2369 808 2396 τότε

9 2427 131 2454 νχετειι-
156 2417 204 2443 καί
217 2417 280 2442 ὅταν
294 2416 388 2452 παύσῃ
404 2415 470 2450 (59),
485 2416 545 2442 τότε
563 2416 777 2452 ἀπορηοήσεται,
795 2426 804 2441 ι

11 2467 55 2492 τὰ
77 2464 149 2499 τὴν
169 2461 257 2497 Ἰησοῦ
275 2461 334 2487 υἱοῦ
346 2461 445 2496 Σειρὰχ
457 2460 566 2495 Σοφίαν.

864 226 909 245 sus
925 224 1048 245 Iuortutts
1060 224 1111 251 est,
1124 223 1151 246 et
1165 220 1325 251 resurrexit,
1340 224 1407 246 utet
1428 221 1544 248 mortuis
1569 227 1595 249 et
1613 223 1651 251 Vi-

863 265 989 292 ventibus
1006 266 1161 292 dominetur
1177 265 1218 297 ³⁶;
1240 275 1249 291 ›
1267 265 1343 302 [(56)
1356 267 1391 293 ob
1411 273 1525 301 eamque
1540 275 1654 296 causam

863 318 890 337 et
910 312 1001 338 vivum
1024 315 1051 338 et
1067 315 1202 338 mortuum
1218 311 1319 346 ligavit,
1335 311 1362 338 id
1375 316 1416 338 est
1435 316 1462 338 et
1483 319 1545 338 eum
1561 312 1607 346 qui
1628 314 1654 341 iu

864 362 946 388 terra,
958 361 1053 384 etcum
1070 357 1116 391 qui
1131 363 1169 383 est
1179 357 1248 390 apud
1260 356 1372 388 inferos,
1391 362 1421 383 ut
1436 361 1463 385 et
1478 357 1505 385 in
1521 358 1591 386 vivis
1607 360 1653 386 do-

863 402 982 428 minetur
996 406 1023 428 et
1037 402 1064 428 in
1081 401 1222 437 mortuis.]
1237 401 1303 434 Quis
1326 409 1391 437 ergo
1407 402 1520 429 idoneus
1535 408 1578 430 est
1589 411 1652 438 pro-

862 448 994 475 cumbens
1009 447 1117 475 solvere
1126 447 1271 481 corrigiam
1285 447 1378 474 laliqu
1393 448 1649 481 calceamentorum.

861 501 946 528 eaque
960 494 1049 520 soluta
1064 501 1117 520 non
1133 493 1338 524 dimittere,sed
1356 501 1388 520 ex
1405 494 1488 520 altera
1502 494 1649 523 idoneitate

860 547 891 567 ea
914 540 1035 574 recipere
1050 545 1076 566 et
1094 547 1211 572 gestare,
1225 547 1257 567 eo
1270 540 1342 574 quod
1359 539 1536 567 circumferat
1550 541 1576 568 in
1590 543 1648 568 me-

862 586 946 612 moria
963 593 1023 620 qu.e
1039 584 1228 613 intellexerit?

896 686 939 713 19.
956 686 1011 714 Nec
1023 686 1088 713 illud
1101 686 1206 714 sinatur
1220 687 1365 719 intactum,
1380 687 1492 720 Lucam,
1508 685 1648 714 similiter-

863 740 915 766 que
928 732 1060 760 Joannem
1086 740 1192 766 vocem,
1208 743 1217 758 ι
1236 733 1421 767 procumbens
1438 733 1472 764 ",
1488 742 1497 758 ι
1512 733 1648 760 omisisse.

863 778 896 805 Et
911 778 1038 806 fortassis
1060 779 1172 812 quidem
1189 779 1322 813 contingit
1338 783 1367 805 ιιι
1387 779 1433 813 qui
1460 778 1648 813 procubuerit,

860 825 959 856 solvat,
970 825 1048 857 juxta
1066 824 1091 852 id
1108 824 1180 859 quod
1201 829 1243 852 est
1258 825 1380 857 dictum;
1401 824 1449 852 sed
1472 824 1553 851 facile
1575 824 1648 851 factu

859 874 901 896 est
916 870 997 896 etiam
1014 874 1043 897 ttt
1061 870 1108 904 qui
1131 871 1260 897 observat
1282 868 1453 896 altitudinem
1469 868 1602 896 intervalli
1621 875 1649 896 et.

859 915 940 949 spatii
960 915 1121 943 exsistentis
1138 923 1152 942 a
1173 916 1253 950 Λόγῳ
1267 914 1348 950 [Filio
1361 913 1432 949 Dei,]
1452 914 1573 942 inveniat
1591 915 1648 941 eal-

858 965 1063 988 ceanlentorum
1087 961 1261 994 solutionem,
1287 968 1357 995 qua',
1376 968 1436 987 cum
1453 961 1515 995 quis
1529 967 1558 987 ea
1572 968 1647 995 quae-

859 1007 903 1038 rit,
923 1006 1004 1041 Iigata
1020 1011 1164 1040 apparent,
1191 1010 1221 1033 ut
1238 1014 1269 1034 ea
1292 1007 1353 1041 quis
1369 1014 1430 1033 cum
1458 1005 1570 1033 solverit
1592 1006 1648 1033 cal-

857 1056 1010 1083 ceameuta,
1026 1059 1088 1086 qua:
1104 1051 1269 1086 separabilia
1291 1056 1366 1084 sunt,
1383 1051 1473 1078 videat
1487 1050 1571 1085 Λόγον
1588 1050 1647 1086 [Dei

858 1095 968 1131 Filium]
984 1103 1032 1129 per
1049 1102 1078 1122 se
1099 1096 1202 1122 nudum
1221 1095 1303 1122 rebus
1317 1094 1504 1122 inferioribus.

896 1141 976 1177 136
998 1141 1042 1168 ΞΟ.
1062 1140 1212 1168 Perscribit
1236 1145 1325 1168 autem
1349 1139 1467 1168 Joannes
1480 1140 1503 1155 ³⁸
1525 1148 1533 1166 :
1553 1149 1563 1166 ι
1589 1139 1648 1168 Νοιι

857 1195 918 1216 sunt
931 1196 982 1220 ego
996 1187 1104 1222 dignus,
1125 1196 1134 1213 ι
1148 1187 1221 1221 quod
1233 1186 1304 1214 idem
1321 1194 1374 1216 non
1392 1191 1434 1213 est
1448 1193 1510 1213 cum
1521 1185 1573 1213 illis
1588 1193 1647 1213 ver-

859 1233 901 1260 bis
915 1233 938 1248 ³⁰
953 1241 961 1261 :
981 1241 990 1258 ι
1013 1232 1070 1260 Νοιι
1087 1240 1148 1260 sum
1162 1240 1212 1267 ego
1226 1233 1355 1266 idoneus;
1370 1240 1380 1258 ι
1399 1232 1456 1259 tieri
1474 1231 1545 1259 enim
1559 1235 1649 1266 potest

858 1278 942 1314 utqui
956 1279 1053 1313 dignus
1063 1286 1115 1306 non
1131 1278 1223 1310 sit,sit
1235 1278 1473 1311 idoneus;coutra
1489 1278 1534 1313 qui
1552 1278 1649 1313 dignus

858 1323 905 1354 sit,
924 1324 1042 1350 uotidum
1060 1325 1095 1351 sit
1112 1324 1236 1351 idoneus.
1254 1323 1282 1351 Si
1297 1324 1370 1351 enim
1383 1324 1465 1351 etiam
1482 1323 1516 1357 ad
1533 1325 1559 1351 id
1575 1325 1647 1358 quod

857 1369 967 1403 expedit
979 1369 1041 1395 data
1057 1374 1122 1396 sunt
1147 1369 1217 1396 dona
1231 1369 1267 1401 ⁸ο,
1291 1377 1342 1396 nec
1362 1369 1388 1396 id
1415 1374 1520 1396 tantum
1538 1377 1570 1396 ex
1590 1376 1649 1404 pro-

858 1414 982 1448 portione
1001 1414 1073 1447 fidei,
1099 1415 1145 1442 Dei
1166 1415 1315 1443 humanum
1340 1422 1426 1450 genus
1446 1415 1564 1442 amantis
1587 1414 1647 1442 olli-

859 1459 929 1486 cium
945 1460 997 1486 erit
1011 1460 1186 1494 praevidentis
1204 1465 1399 1488 nocumentum
1418 1468 1451 1487 ex
1472 1460 1591 1487 elatione
1605 1460 1648 1488 vel

860 1504 997 1532 inﬂatione
1021 1506 1190 1539 insecutura,
1212 1512 1247 1532 ne
1261 1505 1343 1540 digno
1364 1506 1473 1540 quidem
1502 1506 1650 1540 aliquando

859 1551 1034 1578 ldoueitatem
1062 1551 1137 1578 dare.
1164 1551 1407 1579 Aecommoalatum
1435 1557 1478 1578 est
1498 1556 1588 1579 autem
1612 1551 1648 1580 ad

859 1602 984 1624 naturam
1000 1598 1130 1625 bonitatis
1145 1598 1203 1631 Dei,
1229 1598 1341 1625 vincere
1363 1598 1390 1625 in
1411 1598 1586 1626 conferendis
1603 1599 1649 1626 be-

858 1643 963 1670 neficiis
975 1650 1037 1670 eum
1053 1644 1080 1670 iu
1101 1651 1181 1678 quem
1208 1643 1340 1671 beneficia
1358 1643 1552 1676 conferuntur,
1577 1644 1648 1671 anti-

857 1689 1004 1723 cipareque
1018 1697 1091 1721 eum,
1106 1689 1152 1724 qui
1165 1689 1263 1724 dignus
1280 1689 1387 1716 futurus
1395 1693 1447 1721 est,
1457 1693 1537 1723 atque
1549 1695 1649 1716 ornare

859 1734 1015 1764 idoneitate.
1034 1738 1062 1759 ut
1075 1736 1136 1768 post
1150 1733 1326 1761 idoneitatem
1353 1738 1516 1768 assequatur
1532 1741 1592 1761 esse
1605 1734 1631 1760 di
1644 1749 1650 1755 ι

858 1785 926 1813 guns
937 1787 943 1804 :
955 1778 1157 1813 uetalisdignus
1166 1778 1277 1805 omnino
1294 1785 1354 1804 cum
1369 1777 1461 1810 fuerit,
1479 1778 1649 1813 prazveniens

859 1823 942 1850 Deum
958 1830 1072 1850 munera
1087 1821 1262 1857 largienlem,
1280 1823 1418 1857 ipsiusque
1432 1823 1536 1857 gratias
1547 1824 1647 1855 antici-

858 1877 935 1903 paus,
958 1869 991 1895 ad
1013 1869 1063 1895 hoc
1081 1868 1216 1903 pertingat
1239 1872 1269 1895 ut
1286 1868 1322 1895 sit
1340 1868 1465 1895 idoneus.
1484 1868 1555 1903 Ergo
1575 1867 1648 1903 apud

858 1920 914 1942 tres
930 1913 1112 1948 evangelistas
1129 1919 1158 1941 se
1177 1920 1230 1940 non
1246 1920 1308 1941 esse
1333 1913 1460 1940 idoneum
1485 1914 1575 1948 inquit
1597 1913 1650 1941 Ba-

858 1960 951 1995 ptista,
970 1959 1039 1994 apud
1055 1958 1188 1986 Joannem
1203 1963 1293 1986 autent
1312 1966 1364 1986 non
1380 1966 1440 1986 esse
1456 1959 1578 1994 dignum.
1591 1959 1650 1988 Nec

857 2005 978 2041 profecto
1002 2005 1048 2040 qui
1067 2004 1179 2032 dixitse
1205 2005 1324 2032 nomium
1348 2006 1481 2032 exsistere
1498 2005 1647 2041 idoneum,

857 2050 1020 2082 exrluditur,
1037 2051 1081 2084 qui
1099 2049 1187 2086 factus
1201 2048 1284 2077 fuerit
1307 2053 1399 2084 postea
1416 2049 1546 2083 idoneus,
1563 2050 1647 2077 etiam

858 2096 880 2124 si
895 2096 1013 2123 uetulum
1032 2096 1130 2130 dignus
1148 2091 1239 2128 esset;
1255 2096 1301 2130 qui
1322 2095 1442 2122 vicissim
1456 2103 1518 2122 cum
1535 2095 1603 2122 dixit
1618 2102 1649 2123 se

859 2149 911 2168 nou
927 2149 986 2168 esse
1001 2142 1123 2176 dignum,
1138 2149 1200 2168 eum
1220 2150 1273 2168 nou
1291 2145 1366 2168 esset
1390 2141 1505 2175 dignus,
1524 2149 1578 2168 non
1601 2148 1650 2168 ex-

860 2187 987 2218 t-ltulilur,
1002 2187 1066 2222 quin
1082 2188 1114 2214 ad
1134 2188 1186 2215 hoc
1197 2195 1249 2214 nou
1262 2187 1442 2221 pet-tigeritut
1455 2192 1526 2213 esset
1538 2186 1648 2221 dignus;

861 2232 916 2259 Nisi
947 2233 1016 2259 forte
1030 2233 1090 2267 quis
1106 2233 1231 2260 dicturus
1245 2238 1297 2266 est,
1312 2240 1345 2260 eo
1361 2233 1432 2267 quod
1450 2233 1572 2260 mortalis
1600 2242 1649 2260 na—

859 2284 918 2305 tura
935 2287 988 2305 non
1009 2286 1095 2312 capax
1110 2279 1144 2305 sit
1160 2286 1248 2313 neque
1265 2279 1351 2312 possit
1368 2279 1413 2306 illo
1434 2279 1589 2313 pertingere
1600 2279 1651 2305 ali-

858 2326 968 2359 quando
987 2329 1015 2351 ut
1035 2325 1220 2351 ealceamenta
1244 2325 1302 2359 ipsa
1320 2325 1427 2352 solvere
1442 2330 1524 2359 atque
1542 2331 1648 2359 gestare

860 2370 957 2404 possit,
971 2374 1000 2396 ut
1015 2370 1124 2404 dignum
1142 2374 1184 2396 est
1198 2369 1264 2403 ipsis
1279 2389 1286 2401 ,
1303 2369 1436 2396 Joannem
1453 2378 1517 2397 vera
1533 2378 1647 2397 narrum
1666 2373 1672 2401 .1

860 2420 914 2443 lem
932 2415 1032 2441 habere
1047 2415 1124 2445 illud,
1144 2419 1172 2440 ut
1191 2422 1328 2448 nunquam
1341 2415 1425 2441 fuerit
1441 2415 1554 2442 idoneus
1573 2422 1605 2441 ac
1616 2421 1650 2441 ne

861 2462 960 2495 dignus
975 2460 1086 2495 quidem
1106 2461 1212 2487 solvere
1230 2461 1374 2495 corrigiam
1401 2461 1649 2489 calceamentorum

9 2523 24 2539 υ
57 2508 222 2545 dignitate
247 2507 331 2541 ipsius
357 2507 477 2539 Christi;
499 2507 716 2542 quia,quamris
740 2507 823 2535 multa
847 2507 1002 2542 cognitione
1024 2507 1207 2542 percepimus,
1228 2507 1316 2534 adhuc
1341 2506 1528 2542 relinquantur
1557 2513 1646 2535 tamen

9 2598 30 2612 ¹⁶
52 2596 166 2622 nom.
183 2598 241 2622 xiv,
260 2590 288 2618 9.
326 2590 348 2606 "
362 2590 445 2618 Marc.
460 2598 477 2622 ι,
493 2590 519 2618 7.

9 2675 82 2705 ‘55)
137 2668 348 2705 ’Υπεδήσατᾳ
368 2667 396 2694 1η
413 2667 508 2705 codice
527 2668 675 2705 Bodleiano
687 2703 691 2705 _
704 2667 805 2702 legitur

9 2703 179 2736 εδύέατο,
210 2705 305 2737 sicque
333 2704 395 2737 legit
427 2703 590 2734 Ferrarius;
624 2703 705 2729 vertit
730 2705 803 2737 enim

9 2742 140 2772 induit
154 2748 169 2770 ;
185 2736 267 2768 male,
283 2745 343 2764 nam
357 2736 485 2763 alluditur
503 2739 534 2763 ad
550 2736 802 2772 ὑποδήματαΙιΙυιιι

9 2783 62 2806 πει
82 2774 274 2808 Bodleiauus
286 2780 349 2799 mox
363 2772 441 2800 habet
451 2772 667 2808 ὑποδησάμενος,
682 2777 709 2798 et
724 2772 804 2806 paulo

9 2820 29 2841 »ι
56 2814 118 2839 his
144 2807 316 2834 ὑπεδύσατο.

11 2850 73 2884 56)
106 2844 192 2873 "ac
207 2851 221 2869 a
237 2841 363 2869 Feri-ario
373 2842 566 2876 praetermissa,
580 2849 595 2869 e
606 2841 730 2869 Perionio
742 2849 804 2876 snp-

565 2590 587 2606 "
598 2589 676 2617 Joan.
691 2599 712 2624 ι,
726 2591 772 2619 27.
809 2591 832 2607 ³³
846 2591 929 2619 Marc.
945 2599 963 2624 t,
975 2591 1000 2618 7.

1039 2591 1062 2607 ⁸ο
1080 2591 1160 2618 Rom.
1176 2598 1225 2624 xu,
1241 2590 1269 2618 6.

876 2669 1000 2696 leviluus.

857 2677 873 2704 Ρ
893 2704 950 2737 (57)
978 2704 1111 2737 Πάντως.
1127 2703 1217 2731 Codex
1233 2703 1407 2734 Bodleianus,
1421 2703 1522 2730 πάντα.

893 2706 938 2739 (57
978 2706 1111 2737 Πάντως.
1127 2706 1217 2731 Codex
1233 2706 1407 2734 liodleianus,
1421 2706 1522 2730 πάντα.

891 2706 1015 2781 (ὔὸἷΚᾳι
1029 2739 1218 2772 βαστάξεως.
1235 2739 1262 2766 In
1276 2739 1354 2766 codd.
1365 2738 1449 2773 Regio
1459 2743 1485 2766 et
1499 2738 1650 2767 Barberino

857 2774 932 2801 dee~t
945 2774 1002 2802 καί.

893 2809 949 2844 (59)
966 2810 1056 2838 Codex
1069 2809 1244 2843 Bodleianus,
1258 2808 1408 2843 παύσηται.
