1865 3041
59 125 102 153 SOI
579 121 756 149 COMMENT.
778 120 809 148 IN
830 121 925 149 JOAN.
944 121 1061 150 'I'OlflJS
1081 122 1124 149 Vl.

1621 122 1674 148 δυι

58 185 100 213 τὸν
122 184 167 212 ἐπὶ
191 181 317 211 τοσοῦτον
344 185 383 216 εἰς
402 183 482 219 βάθος
503 183 551 218 τῆς
567 184 663 210 ἑαυτοῦ
680 177 771 219 ψυχῆς
790 183 827 220 τὴ·

891 191 972 218 supra
987 191 1094 210 omnem
1119 184 1208 217 ignem
1225 182 1411 216 comburentc,
1425 182 1547 218 quisquis
1562 190 1594 209 eo
1611 190 1677 218 pro-

59 230 150 258 κακίαν
164 232 339 266 χωρήσαντα,
358 231 395 262 ὡς
411 230 537 264 γενέσθαι
551 230 633 257 αὑτὸν
651 230 703 265 γῆν
725 229 840 256 ἀκανθο-

60 278 144 313 φόρον.
161 278 215 304 Καὶ
231 277 322 312 δεήσει
339 276 386 303 ἐπὶ
407 276 456 311 τὴν
471 275 597 312 τοιαύτην
609 275 698 312 ψυχὴν
711 275 840 311 πεμφθῆ-

60 333 98 351 ναι
109 323 138 350 τὸ
150 323 275 358 εὑρίσκον
291 322 339 354 τὰς
354 322 474 354 ἀκάνθας
492 322 548 358 πῦρ
561 343 568 354 ,
589 323 636 349 καὶ
655 322 735 358 μέχρι
752 322 840 349 αὐτῶν

59 370 215 405 στησόμενον
231 369 275 396 διὰ
288 370 338 405 τὴν
354 369 450 396 ἑαυτοῦ
477 369 611 404 θειότητα,
635 369 682 395 καὶ
698 369 728 395 οὐ
758 377 841 404 προσ-

59 415 192 451 εμπρῆσον
217 415 354 450 ἆλωναςῆ
379 415 498 450 στάχυας
519 415 627 441 πεδίων.
652 414 704 440 Τοῦ
720 414 840 449 αἴροντος

58 461 107 497 (49)
123 461 151 488 δὲ
166 461 215 498 τὴν
236 461 375 497 ἁμαρτίαν
401 461 447 488 τοῦ
478 461 581 496 κόσμου
613 460 710 496 Ἀμνοῦ
728 460 770 487 διὰ
792 461 840 496 τῆς

60 507 120 539 ιδίας
148 507 255 543 σφαγῆς
278 507 430 543 ἀρχομένου
459 506 514 534 ὁδοὶ
529 507 692 542 τυγχάνουσι
709 506 838 539 πλείονες,

57 550 90 580 ὧν
112 554 138 581 αἱ
164 553 214 588 μὲν
242 554 337 588 σαφεῖς
351 552 421 580 εἶναι
438 555 493 584 τοῖς
519 553 625 584 πολλοῖς
650 553 794 585 δύνανται,
812 554 839 580 αἱ

58 598 82 624 δὲ
97 599 155 630 τοὺς
165 598 311 629 τοσούτους
327 598 507 626 λανθάνουσαι
520 600 576 631 τοῖς
587 599 637 634 τῆς
656 599 730 631 θείας
744 600 840 634 σοφίας

58 642 216 678 ἀξιουμένοις
233 663 240 675 ,
260 642 301 675 οἷς
325 644 414 679 μόνοις
436 645 489 671 εἰσὶ
513 644 656 680 γνώριμοι.
678 645 710 671 Τί
732 645 785 680 γὰρ
801 646 841 672 δεῖ

57 689 139 722 λέγειν
154 690 186 716 δι’
201 690 272 716 ὅσων
286 690 354 717 όδῶν
367 699 409 722 τις
425 691 472 717 ἐπὶ
483 691 514 717 τὸ
529 691 667 717 πιστεύειν
687 691 796 727 ἔρχεται
811 692 840 718 ἐν

56 733 211 770 ἀνθρώποις,
225 735 266 762 ἔτι
284 737 312 763 ὲν
328 736 367 771 τῷ
380 737 492 772 τοιούτῳ
507 737 614 772 σώματι
633 738 719 773 παρὸν
733 738 840 774 ἑκάστῳ

57 781 110 807 καθ’
126 781 205 808 αὑτὸν
223 782 396 815 ὲπισκοπείκη
412 783 481 819 πλὴν
498 784 542 810 διὰ
559 784 612 811 τῶν
627 784 693 811 ὁδῶν
716 785 773 811 ἐστι
793 784 839 810 τοῦ

58 827 185 855 πιστεύειν
202 829 251 855 καὶ
267 829 391 865 αἴρεσθαι
409 830 458 865 τὴν
474 830 618 865 ἁμαρτίαν,
629 830 673 857 διὰ
689 831 838 866 μαστίγων,

894 229 1034 256 fnnditatis
1049 236 1104 255 suae
1129 229 1213 262 ipsius
1228 229 1326 256 animm
1336 229 1447 256 admisit
1464 229 1574 260 vilium,
1591 233 1622 255 ut
1639 228 1680 255 fa-

893 280 953 302 ctus
979 275 1014 302 sit
1032 279 1105 301 terra
1122 275 1214 309 spinas
1236 275 1404 310 germinans.
1418 274 1452 302 Et
1474 275 1597 309 profecto
1610 282 1680 309 optts

892 321 944 348 erit
960 321 993 347 ad
1020 321 1174 356 hujusmodi
1195 321 1314 348 animant
1330 322 1419 357 ignem
1437 321 1508 348 milli
1533 321 1678 348 invenien-

893 371 947 395 tem
963 368 1066 403 spinas,
1081 375 1220 402 propeque
1237 375 1283 395 eas
1299 372 1429 400 stantem,
1444 375 1475 394 ac
1487 371 1678 402 penetrantem

891 420 940 441 sua
958 414 1043 448 ipsius
1057 413 1216 445 divinitate,
1233 421 1283 441 nec
1301 415 1505 442 combusturum
1532 421 1613 441 areas
1638 413 1680 440 vel

893 460 984 494 spicas
999 467 1168 494 camporum.
1188 459 1287 486 Verum
1307 460 1447 487 enimvero
1462 459 1534 494 Αεηί
1556 460 1680 488 tollentis

892 511 1033 541 peccatum
1057 506 1160 539 mtmdi,
1182 506 1263 541 idque
1282 514 1330 540 per
1343 506 1480 541 propriam
1495 507 1595 534 caedem
1610 507 1680 534 inci-

892 551 1002 585 pientis,
1015 552 1169 586 complures
1183 558 1246 579 sunt
1261 552 1311 579 rite
1324 560 1331 583 ;
1351 560 1466 587 quarum
1490 552 1550 580 alia:
1566 553 1676 589 quidem

893 597 1042 624 manifestae
1066 604 1180 632 possunt
1195 606 1256 626 esse
1281 599 1360 634 vulgo
1374 619 1382 632 ,
1406 599 1465 626 alite
1479 606 1543 626 vero
1557 619 1564 632 ,
1581 602 1678 635 vulgus

892 643 1006 671 latentes
1019 663 1026 676 ,
1046 644 1089 672 his
1105 645 1150 679 qui
1168 645 1258 672 divina
1275 646 1409 680 sapientia
1429 645 1502 680 digni
1520 645 1604 673 habiti
1621 646 1680 673 fue-

893 691 958 721 rint,
975 690 1074 724 quibus
1090 691 1156 718 solis
1169 696 1233 718 sunt
1256 697 1336 719 noue.
1355 691 1424 725 Quid
1447 691 1518 718 enim
1544 699 1612 727 opus
1640 697 1682 718 est

893 743 1034 764 recensere
1050 742 1118 771 quot
1135 737 1187 764 riis
1200 738 1233 765 ad
1247 739 1413 766 credendqu
1427 739 1518 767 veniat
1533 739 1594 773 quis
1613 738 1682 765 inter

891 781 1026 815 homines,
1050 789 1113 810 cum
1127 783 1212 810 liceat
1227 784 1385 818 unicuique,
1401 785 1464 811 dnm
1480 785 1568 812 adhuc
1585 786 1610 810 in
1630 784 1683 811 hoc

891 833 932 856 est
947 836 1072 865 corpore,
1095 837 1127 856 ex
1154 839 1184 858 se
1209 831 1236 858 id
1259 831 1461 858 considerare?
1487 831 1680 858 Verumtamen

57 874 96 899 καὶ
108 873 271 909 πνευμάτων
287 875 430 910 πονηρῶν,
458 875 503 901 καὶ
528 876 613 902 νόσων
629 875 827 910 χαλεπωτάτων

893 882 940 910 per
957 876 1016 902 vias
1032 877 1159 904 credendi
1185 877 1246 905 licet
1273 883 1415 911 peceatum
1440 874 1550 913 quoque
1568 877 1661 905 tollere
1675 897 1681 909 .

56 919 96 945 καὶ
110 919 250 954 μαλακιῷν
274 921 492 947 ὲπιπονωτάτων.
511 921 558 952 Τίς
577 918 622 948 οὖν
641 921 696 957 (50)
713 919 766 947 οἵδε
791 922 837 948 καὶ

55 965 84 992 τὰ
106 965 171 1000 μετὰ
192 965 300 999 ταῦτα;
334 967 493 1001 Ἀναγκαῖον
522 967 550 994 δὲ
579 965 613 1003 ἢν
630 967 701 1003 ὑπὲρ
724 967 771 993 τοῦ
800 967 837 1002 μὴ

56 1011 220 1046 ἀναινεθῆναι
231 1012 276 1038 τὸν
288 1012 417 1039 δοκοῦντα
427 1014 460 1048 τῇ
475 1013 596 1046 ἐξετάσει
610 1013 657 1040 τοῦ
674 1014 754 1048 λόγου
767 1022 839 1049 παρ-

57 1058 200 1086 ακολουθεῖν
221 1058 270 1086 τοῦ
290 1059 432 1094 λέγοντος·
457 1069 466 1085 ‹
490 1059 543 1086 Ἴδε
556 1061 570 1086 ὁ
588 1060 684 1095 Ἀμνὸς
699 1059 745 1086 τοῦ
757 1059 837 1093 Θεοῦ,

56 1104 68 1129 ὁ
82 1104 160 1140 αῑρων
172 1105 224 1141 τὴν
236 1105 373 1141 ἁμαρτίαν
390 1105 437 1132 τοῦ
459 1106 573 1141 κόσμου,
590 1115 599 1131 ι
620 1106 758 1132 ὲπιπλεῖον
775 1107 839 1142 περὶ

55 1149 147 1177 τούτων
162 1151 318 1183 διαλαϐεῖν,
342 1152 385 1184 ἶν’,
409 1151 509 1183 εἰδότες
532 1152 572 1178 ὅτι
599 1151 647 1178 καὶ
673 1150 751 1186 θυμῷ
770 1149 838 1177 Θεοῦ

56 1196 120 1223 ἔστιν
143 1197 322 1233 ἐλεγχθῆναι,
349 1199 395 1225 καὶ
409 1199 477 1234 ὀργῇ
495 1198 562 1224 Θεοῦ
580 1197 777 1233 παιδευθῆναι,
795 1197 838 1224 διὰ

55 1242 80 1268 τὸ
104 1244 140 1275 εἰς
155 1243 311 1279 ὑπερϐολὴν
331 1243 520 1279 φιλάνθρωπον
547 1244 642 1270 οὐδένα
662 1243 749 1278 πάντη
774 1243 837 1270 ἀνέ-

55 1287 157 1322 λεγκτον
175 1289 226 1316 καὶ
247 1289 407 1316 ἀπαίδευτον
429 1289 544 1322 ἐῶντος,
570 1289 658 1316 πάντα
679 1289 836 1324 ποιήσωμεν

56 1334 89 1365 εἰς
100 1333 128 1360 τὸ
140 1334 270 1370 δεηθῆναι
288 1334 344 1370 (51)
365 1334 492 1361 τοιούτων
509 1333 627 1369 ἐλέγχων
639 1354 645 1365 ,
665 1334 712 1361 καὶ
728 1333 778 1369 τῆς
794 1333 838 1360 διὰ

55 1379 101 1405 τῶν
115 1380 326 1407 ἐπιπονωτὰτων
339 1380 472 1411 παιδείας.

892 928 940 956 per
955 920 1071 956 ﬂagella,
1098 930 1146 957 per
1172 923 1286 957 spiritus
1303 923 1398 957 malos,
1415 932 1465 958 per
1487 923 1597 951 morbos
1612 922 1681 950 diﬂi—

891 964 1017 998 cillimos,
1033 973 1080 1000 per
1093 966 1267 994 infirmitates
1280 968 1519 996 laboriosissimus.
1533 968 1599 1002 Quis
1614 976 1680 1004 ergo

892 1012 966 1038 novit
978 1020 1038 1047 qua:
1052 1018 1117 1040 sunt
1131 1013 1213 1040 etiam
1229 1019 1288 1048 post
1304 1014 1384 1041 haec?
1401 1014 1536 1042 Cteterum
1553 1021 1680 1043 necessa-

892 1058 960 1084 riutn
975 1058 1033 1091 fuit,
1051 1065 1085 1085 ne
1100 1067 1291 1094 respueremus
1312 1067 1372 1086 eum
1391 1061 1436 1095 qui
1451 1060 1558 1094 assequi
1575 1060 1681 1088 videtur

891 1110 982 1131 veram
998 1104 1204 1140 intelligentiam
1224 1107 1359 1133 sermonis
1377 1106 1451 1134 illius
1477 1107 1525 1141 qui
1548 1106 1617 1134 dicit
1631 1107 1654 1122 "
1673 1115 1680 1133 ι

893 1159 902 1175 ‹
918 1149 989 1178 Ecce
1000 1151 1095 1185 Agnus
1110 1151 1154 1178 ille
1170 1151 1228 1185 Dei,
1248 1153 1292 1186 qui
1308 1153 1374 1179 tollit
1391 1157 1530 1187 peceatum
1547 1152 1651 1185 tnundi,
1669 1161 1678 1178 ι

890 1197 993 1225 diutius
1020 1198 1053 1224 de
1077 1198 1154 1225 hisce
1173 1199 1254 1226 rebus
1269 1199 1405 1226 disserere
1421 1219 1428 1232 ,
1449 1204 1478 1226 ut
1494 1199 1613 1227 scientes
1630 1206 1680 1226 nos

891 1247 918 1270 et
933 1243 1025 1270 furore
1039 1244 1084 1271 Dei
1099 1243 1244 1279 aliquando
1260 1245 1433 1280 redargui,et
1447 1246 1487 1273 ira
1503 1245 1549 1272 Dei
1566 1245 1681 1280 corripi,

891 1289 1027 1316 neminem
1040 1291 1075 1317 ob
1095 1298 1215 1318 amorem
1233 1298 1294 1326 erga
1311 1299 1395 1326 genus
1413 1291 1573 1324 humanum,
1588 1291 1629 1318 vel
1647 1291 1680 1318 ad

892 1335 1055 1370 hyperbolen
1073 1343 1168 1371 usque,
1183 1337 1299 1364 sitientis
1325 1337 1435 1364 omnino
1463 1337 1677 1372 irredargutum,

892 1385 973 1415 atque
991 1389 1043 1409 non
1061 1388 1215 1417 correptum
1231 1403 1238 1415 ,
1265 1383 1358 1410 omnia
1374 1382 1508 1410 faciamus
1533 1389 1560 1410 ttt
1581 1383 1681 1410 talibus

55 1426 288 1462 redargutionibus
301 1431 382 1462 atque
400 1428 572 1462 correptione
587 1435 618 1455 ea
642 1435 701 1463 qtae
717 1427 768 1455 sita
788 1431 832 1456 est
848 1428 876 1455 in
890 1429 971 1458 rebus
998 1430 1157 1464 asperrimis
1180 1435 1262 1466 atque
1290 1431 1501 1465 molestissimis,
1521 1439 1574 1459 non
1600 1439 1680 1467 egea-

55 1480 118 1500 mus.

83 1519 124 1547 '58.
145 1521 340 1548 Ἐπισκεπτέον
357 1521 384 1548 δὲ
402 1521 440 1557 τῷ
463 1522 653 1558 ἐντυγχάνοντι
678 1522 714 1549 τὰ
738 1522 767 1549 ὲν
783 1523 827 1548 τοῖι

928 1522 1009 1557 158
1027 1522 1072 1550 58.
1089 1521 1251 1550 Consideret
1269 1522 1379 1557 insuper
1395 1522 1480 1550 lector
1495 1526 1601 1557 oportet
1619 1530 1680 1558 qua:

55 1567 188 1602 προτέροις
206 1569 275 1603 ἡμῖν
296 1568 438 1604 εἰρημένα,
457 1569 525 1604 μετὰ
547 1569 723 1604 παραθέσεως
749 1568 838 1595 πλειό-

55 1620 100 1638 νων
120 1613 361 1649 παραδειγμάτων,
388 1615 450 1650 περὶ
470 1614 517 1641 τοῦ
538 1615 564 1641 τί
584 1615 746 1650 σημαίνεται
768 1614 838 1641 κατὰ

55 1660 97 1692 την
115 1659 225 1695 Γραφὴν
256 1660 289 1686 ἐκ
318 1660 369 1695 τῆς
396 1662 510 1695 κόσμος
527 1661 635 1696 φωνῆς·
658 1662 688 1687 οὺ
710 1660 764 1696 γὰρ
794 1660 839 1687 εὖ·

55 1703 123 1738 λογον
138 1706 288 1742 ἡγησάμην
305 1707 486 1741 παλιλλογεῖν.
502 1708 558 1734 Οὐκ
572 1706 722 1742 ἀγνοοῦμεν
735 1706 762 1732 δέ
777 1714 838 1733 τινα

55 1752 144 1787 κόσμον
159 1753 334 1789 ὲξειληφέναι
358 1754 404 1790 τὴν
428 1754 590 1788 Ἐκκλησίαν
614 1753 708 1789 μόνην,
735 1749 838 1788 κόσμον

55 1795 127 1825 οὖσαν
144 1799 190 1826 τοῦ
210 1800 332 1835 κόσμου·
358 1801 418 1826 ἐπεὶ
442 1801 489 1827 καὶ
508 1800 564 1834 φῶς
587 1799 695 1834 λέγεται
716 1799 762 1825 τοῦ
792 1799 838 1825 κό-

56 1851 128 1878 σμου-
152 1855 160 1871 ι
178 1846 274 1881 Ὑμεῖς
295 1846 348 1881 γὰρ
371 1847 446 1879 ἐστὲ,
470 1847 553 1881 φησι,
590 1845 621 1872 τὸ
647 1846 704 1880 φῶς
720 1845 766 1871 τοῦ
790 1845 837 1871 κό-

55 1898 124 1925 σμου.
140 1901 149 1917 ι
167 1892 278 1927 Κόσμος
290 1892 318 1918 δὲ
335 1892 381 1920 τοῦ
405 1893 508 1928 κόσμου
522 1894 538 1929 ἡ
560 1891 718 1927 Ἐκκλησία,
734 1891 836 1926 κόσμου

54 1937 128 1973 αὐτῆς
149 1938 294 1973 γινομένου
321 1938 439 1974 Χριστοῦ
455 1959 462 1970 ,
482 1938 529 1964 τοῦ
547 1938 654 1974 πρώτου
674 1937 761 1971 φωτὸς
789 1936 836 1963 τοῦ

55 1983 156 2019 κόσμου.
175 1984 367 2019 Κατανοητέον
377 1984 410 2019 δὴ
422 1985 445 2011 εί
458 1984 495 2020 μὴ
508 1985 554 2010 τοῦ
569 1983 650 2010 αὑτοῦ
663 1983 766 2018 κόσμου
779 1981 836 2016 φῶς

54 2026 114 2056 εἶναι
130 2030 240 2064 λέγεται
256 2031 269 2058 ὁ
282 2030 409 2065 Χριστος,
428 2031 475 2056 καὶ
490 2031 514 2056 οἱ
530 2029 650 2065 μαθηταὶ
664 2028 745 2055 αὐτοῦ
756 2035 762 2042 ε
779 2026 835 2053 ἁλλ’

54 2074 91 2100 ita
115 2076 162 2110 μὲν
185 2075 302 2111 Χριστὸς
327 2075 384 2109 φῶς
406 2075 454 2101 τοῦ
476 2075 579 2109 κόσμου
601 2074 676 2106 ἐστὶ,
700 2074 770 2108 τάχα
787 2072 836 2107 τῆς

59 2120 212 2157 Ἐκκλησίας
234 2122 292 2148 ἐστὶ
313 2122 379 2156 φῶς·
401 2122 446 2148 ὅτε
462 2121 489 2147 δὲ
503 2122 526 2148 et
543 2120 662 2156 μαθηταὶ
675 2119 758 2146 αὑτοῦ
778 2118 836 2153 φῶς

53 2167 93 2194 τοῦ
105 2168 216 2204 κόσμου,
235 2169 337 2204 μήποτε
356 2168 410 2195 τῶν
425 2168 676 2204 παρακαλουμὲνων
688 2166 740 2192 εἰσὶ
755 2166 812 2200 φῶς
826 2185 833 2198 ,

890 1577 972 1603 supra
993 1573 1056 1599 sunt
1070 1576 1084 1595 a
1103 1569 1180 1596 nobis
1199 1569 1284 1600 dicta,
1298 1576 1360 1595 cum
1376 1569 1547 1604 appositione
1561 1569 1681 1603 complu-

889 1613 960 1641 rium
977 1613 1166 1648 exemplorum
1182 1614 1214 1640 de
1228 1621 1260 1641 eo
1276 1615 1348 1649 quod
1363 1619 1415 1647 est,
1434 1615 1498 1649 quid
1513 1615 1681 1649 significetur

887 1659 964 1694 juxta
981 1658 1151 1693 Scripturam
1169 1666 1217 1693 per
1230 1667 1323 1687 vocem
1339 1661 1454 1687 mundus
1478 1660 1515 1693 "7;
1534 1669 1585 1688 nec
1606 1661 1679 1688 enim

890 1711 1103 1732 consentaneum
1130 1713 1189 1732 esse
1210 1706 1302 1740 putavi
1322 1711 1455 1740 repetere.
1478 1706 1540 1734 Non
1571 1708 1680 1742 ignora-

889 1759 949 1779 mus
964 1756 1055 1778 autem
1075 1751 1220 1785 quemdam
1239 1752 1401 1786 exposuisse
1419 1759 1467 1787 per
1483 1754 1612 1780 mundum
1626 1752 1680 1780 Ec-

888 1797 1000 1825 elesiatn
1017 1797 1102 1825 solam
1115 1816 1122 1829 ,
1146 1797 1276 1824 mundtun
1292 1802 1320 1824 et
1333 1804 1526 1825 ornamentum
1543 1799 1680 1826 exsistan-

890 1848 943 1871 tetn
958 1842 1072 1875 mundi;
1092 1842 1315 1877 quandoquidem
1333 1843 1377 1869 lux
1395 1843 1477 1869 etiam
1504 1843 1598 1870 mundi
1612 1843 1680 1870 dici-

890 1894 954 1916 tur:
973 1898 982 1914 ι
1005 1889 1059 1916 Vos
1084 1889 1157 1916 enim
1176 1889 1262 1920 estis,
1292 1889 1380 1923 inquit
1405 1888 1438 1922 ⁵⁸,
1459 1888 1504 1915 lux
1533 1888 1637 1916 mundi.
1665 1897 1676 1915 ι

888 1935 1002 1962 Mundus
1017 1939 1109 1962 autem
1122 1941 1150 1962 et
1166 1940 1358 1962 ornamentum
1375 1934 1468 1961 mundi
1486 1938 1527 1962 est
1545 1933 1676 1968 Ecclesia,

888 1980 995 2008 Christo
1019 1980 1169 2007 exsistente
1186 1981 1287 2007 mundo
1304 1984 1331 2006 et
1348 1984 1509 2006 ornamento
1535 1978 1677 2012 Ecclesiae,

888 2027 987 2062 quippe
1000 2027 1045 2061 qui
1064 2026 1099 2053 sit
1115 2027 1200 2060 prima
1214 2025 1258 2053 lux
1276 2025 1368 2053 mundi
1385 2025 1417 2052 η.
1443 2025 1676 2053 Considerandum

887 2078 978 2100 autem
1003 2077 1044 2100 est
1063 2080 1127 2099 num
1152 2071 1273 2106 ejusdem
1302 2072 1394 2098 tnttndi
1427 2071 1472 2099 lux
1494 2079 1554 2099 esse
1569 2071 1678 2098 dicatur

887 2118 1015 2146 Christus
1029 2123 1056 2145 et
1070 2118 1194 2153 discipuli
1208 2117 1278 2152 ejus.
1295 2117 1414 2145 Proinde
1427 2118 1499 2150 vide,
1512 2125 1558 2150 ne,
1569 2118 1678 2152 quando

887 2165 1012 2193 Christus
1029 2165 1073 2192 lux
1088 2171 1131 2193 est
1145 2166 1251 2197 mundi,
1267 2164 1395 2192 fortassis
1411 2164 1456 2191 lux
1472 2165 1507 2192 sit
1527 2164 1676 2198 Ecclesiae;

54 2214 145 2251 ἑτέρων
170 2216 256 2243 ὅντων
286 2215 361 2252 παρὰ
383 2214 431 2250 τὴν
463 2213 625 2249 Ἐκκλησίαν
640 2233 647 2245 ,
676 2213 770 2246 ὥσπερ
797 2210 827 2246 τᾷ

887 2212 996 2247 quando
1013 2220 1076 2239 vero
1101 2212 1225 2247 discipuli
1243 2212 1301 2247 ejus
1316 2212 1362 2238 lux
1385 2216 1450 2238 sunt
1464 2211 1570 2244 mundi,
1597 2211 1678 2238 inro-

54 2260 142 2297 Παύλῳ
166 2258 355 2298 περὶκτούτων
383 2261 490 2296 εἴρηται
513 2261 542 2286 ὲν
569 2259 608 2294 τῷ
628 2258 762 2294 προοιμίῳ
783 2257 834 2292 τῆς

54 2308 178 2344 προτέρας
194 2308 263 2344 πρὸς
278 2309 340 2340 τοὺς
350 2307 510 2344 Κορινθίους
533 2305 691 2340 Ἐπιστολῆς
702 2304 834 2340 γράφοντι

56 2362 64 2378 ι
76 2356 106 2390 τῇ
121 2354 269 2390 Ἐκκλησία
287 2354 334 2381 τοῦ
350 2354 417 2382 Θεοῦ
428 2374 434 2386 ,
453 2354 502 2381 σὺν
522 2354 590 2379 πᾶσι
617 2354 673 2383 τοῖς
694 2351 835 2378 ἐπικαλου-

56 2400 138 2433 μένοις
151 2402 181 2428 τὸ
197 2402 282 2437 ὁνομα
295 2401 342 2428 τοῦ
358 2401 462 2436 Κυρίου
483 2399 569 2435 Ἰησοῦ
589 2398 717 2435 Χριστοῦ.
739 2407 747 2423 ι
771 2397 833 2423 Ἐάν

53 2454 89 2478 τις
114 2448 212 2484 ὑπονοῇ
229 2447 276 2475 τοῦ
293 2448 396 2483 κόσμου
425 2445 482 2481 φῶς
502 2445 628 2479 λέγεσθαι
649 2444 699 2479 τὴν
721 2443 835 2478 Ἐκκληι

53 2493 117 2525 dav,
134 2495 213 2522 οἱονεὶ
231 2495 277 2522 τοῦ
294 2494 388 2521 λοιποῦ
406 2494 502 2528 γένους
521 2492 574 2519 τῶν
594 2491 744 2527 ἀνθρώπων
756 2511 763 2522 ,
787 2490 833 2517 καὶ
865 2523 868 2527 ’

52 2537 101 2565 τῶν
111 2540 242 2572 ἀπίστων,
256 2542 280 2567 εί
298 2541 345 2575 μὲν
368 2538 545 2576 προφητικῶς
567 2534 646 2565 τοῦτο
656 2538 700 2564 διὰ
712 2537 757 2563 τὸν
770 2536 833 2570 περὶ

53 2584 136 2617 τέλους
148 2586 226 2620 λόγον
240 2586 386 2623 ὲκλήψεται
397 2606 403 2618 ,
421 2585 492 2620 τάχα
508 2584 564 2620 ἔχει
588 2584 680 2619 χώραν
699 2583 730 2609 τὺ
753 2582 830 2616 λεγό·

55 2639 138 2665 μενον·
163 2634 187 2659 εἱ
205 2633 232 2660 δὲ
249 2633 286 2665 ὡς
303 2633 352 2669 ἢδη
381 2633 523 2668 γινόμενον
545 2631 618 2666 (ἐπεὶ
633 2631 664 2656 τὸ
680 2630 737 2665 φῶς
760 2638 833 2661 τινος

53 2678 154 2710 φωτίζει
179 2681 267 2707 ἐκεῖνο
281 2677 311 2707 οὗ
326 2681 384 2706 ἐστι
407 2679 501 2714 φῶς),
522 2677 703 2705 δεικνύτωσαν
720 2677 778 2709 πῶς
801 2677 832 2703 τὸ

888 2259 1007 2286 cautium
1024 2258 1079 2286 sint
1096 2259 1138 2286 lux
1156 2280 1162 2292 ,
1191 2259 1236 2293 qui
1265 2258 1365 2285 diversi
1391 2261 1456 2285 sunt
1482 2258 1517 2285 ab
1533 2256 1652 2284 Ecclesia
1667 2277 1676 2290 ,

888 2305 1117 2340 quemadmodum
1132 2310 1158 2331 'a
1186 2304 1270 2332 Paulo
1294 2305 1400 2332 dictum
1425 2308 1467 2331 est
1492 2304 1518 2331 in
1543 2305 1677 2339 protentio

888 2351 987 2387 prioris
1009 2351 1136 2385 Epistola:
1157 2350 1190 2378 ad
1213 2351 1368 2378 Corinthios
1386 2351 1526 2378 scribente
1546 2359 1555 2376 ι
1577 2350 1611 2377 ad
1625 2350 1677 2377 Ee-

889 2397 999 2425 clesiam
1026 2396 1086 2430 Dei,
1114 2404 1176 2424 cum
1204 2396 1330 2423 omnibus
1357 2396 1404 2431 qui
1432 2397 1562 2424 invocant
1577 2402 1675 2423 nomen

889 2443 995 2471 Domini
1014 2443 1100 2470 nostri
1118 2442 1182 2470 Jesu
1204 2442 1305 2470 Christi
1318 2443 1352 2469 ⁸ο.
1370 2452 1379 2468 ι
1397 2443 1425 2470 Si
1439 2443 1501 2477 quis
1522 2443 1678 2476 suspicetur

886 2484 1036 2516 Ecclesiam
1057 2489 1108 2515 dici
1126 2488 1212 2515 lucem
1230 2488 1334 2520 mundi,
1354 2487 1406 2515 hoc
1420 2493 1462 2514 est
1483 2487 1579 2522 reliqui
1594 2493 1678 2522 gene-

886 2537 923 2562 ris
934 2534 1072 2562 hominum
1087 2538 1113 2560 et
1128 2532 1289 2566 infidelium,
1306 2533 1437 2568 siquidem
1454 2532 1612 2567 prophetice
1624 2532 1676 2560 hoc

885 2579 1111 2614 interpretabitur
1135 2583 1246 2613 propter
1273 2585 1428 2605 sermonem
1451 2579 1484 2605 de
1498 2585 1674 2605 consumma.

885 2625 968 2658 tione,
988 2623 1105 2651 fortasse
1120 2623 1209 2651 locum
1226 2622 1384 2650 habetillud
1401 2623 1475 2658 quod
1491 2623 1612 2656 dicitur;
1631 2623 1673 2650 sin

887 2678 952 2698 vero
965 2675 1094 2705 tanquam
1104 2669 1160 2704 jam
1176 2668 1278 2696 factum
1294 2668 1320 2696 id
1336 2667 1522 2697 considerabit
1534 2668 1675 2703 (quoniam

82 2747 104 2764 “
120 2744 294 2784 Joan.r,29.‘
323 2751 345 2768 ⁸⁷
360 2751 439 2779 Joan.
456 2759 475 2785 ι,
490 2750 533 2779 to.
572 2750 595 2766 η
616 2749 713 2777 Matth.
729 2756 756 2780 ν,
779 2748 820 2775 ιι.

896 2746 1037 2779 Joaumtt,
1049 2745 1092 2772 l2.
1131 2745 1152 2761 ⁸⁸
1169 2745 1252 2774 lCot'.
1267 2753 1287 2778 ι,
1302 2744 1329 2772 2.

79 2809 135 2846 “9)
157 2810 215 2838 Τοῦ
229 2812 376 2846 αἴροντος,
397 2816 449 2839 etc.
470 2811 516 2839 Sic
542 2810 624 2838 habet
642 2809 728 2837 codex
755 2808 828 2837 Bod~

53 2839 203 2883 lenimen.
220 2839 303 2882 lle'gio
318 2839 394 2874 deest
410 2847 468 2883 τοῦ,

85 2879 137 2915 (50)
156 2876 246 2910 Codex
260 2876 438 2911 VBodleianus
463 2881 510 2914 Τίς
532 2878 577 2917 ἦν,
602 2879 705 2916 Regius
725 2879 758 2908 Τί
782 2876 827 2916 ἧν,

885 2809 977 2878 Ill-215:.)
998 2843 1050 2875 Εὶς
1067 2841 1099 2868 τὸ
1116 2838 1268 2876 δεηθῆναι.
1289 2840 1431 2870 Ferrarius
1448 2839 1556 2868 videtur
1577 2837 1677 2871 legiSse

884 2879 924 2911 εἰς
939 2878 970 2905 τὸ
988 2877 1026 2915 μὴ
1039 2878 1178 2915 δεηθῆναι.
1616 2887 1618 2889 ·
