1854 3043
183 133 238 162 503

911 129 1071 158 ORIGENIS

1757 134 1805 161 5οι

184 189 230 218 lux
247 189 363 225 alicujus
380 189 498 216 illustrat
521 187 587 216 illud
601 207 609 221 ,
626 186 704 223 cujus
718 191 759 216 est
780 186 849 223 lux),
874 190 916 215 ost

1072 186 1112 214 τὸν
1132 187 1210 222 γένος
1229 188 1376 223 φωτίζεται
1390 188 1442 216 ὑπὸ
1456 188 1506 226 τῆς
1517 190 1761 226 παρεπιδημούσης
1770 192 1804 226 τῷ

183 239 249 265 dant
271 236 405 272 quomodo
420 235 553 270 reliquum
578 241 663 270 genus
680 234 835 262 illustratur
858 233 893 262 ab
917 234 969 262 Ec-

183 284 266 312 clesia
291 282 481 318 peregrinante
493 281 520 309 in
538 282 649 310 mundo.
664 281 740 315 Quod
757 282 779 309 si
797 281 848 309 hoc
875 285 970 310 osten-

182 331 247 358 dere
266 333 417 364 nequeunt,
436 328 579 356 advertant
594 336 658 358 num
673 333 745 356 recte
760 328 969 363 exposuerimus

181 377 268 404 lucem
282 382 343 404 e55e
359 374 522 408 Ecclesiam,
539 379 567 402 et
583 374 713 402 mundum
730 374 901 402 invocantes.
915 374 969 402 Sed

181 421 275 450 vocula
288 430 350 457 quae
362 421 498 456 sequitur,
510 420 599 455 posita
615 419 641 446 in
654 419 800 455 Erangelio
812 427 827 446 ε
843 419 968 448 Μοιιιιωο

181 468 281 496 tradito
302 467 437 502 exprimet
462 466 663 495 enarrationem
680 466 705 493 ci
729 466 774 501 qui
791 465 969 501 diligentissi-

180 521 223 541 me
247 518 387 541 scrutatur
413 512 592 548 Scripturas:
610 521 619 538 ι
638 511 692 539 Vos
716 513 788 540 enim
802 531 810 545 ,
828 512 916 547 inquit
932 512 966 545 σί,

181 560 247 587 eatis
260 559 301 587 sal
319 564 420 592 terrae;
448 568 458 585 ι
486 559 601 586 fortasse
622 565 670 593 per
686 563 787 586 terram
814 558 969 594 intelligens

181 606 302 640 reliquos
312 605 449 638 homines,
459 611 574 639 quorum
592 604 632 632 sal
643 609 708 632 sunt
719 604 764 639 qui
778 604 965 635 crediderunt.

181 656 308 680 auctores
323 652 488 679 exsistentes
501 656 531 678 ut
551 651 670 679 mundus
685 653 812 679 servetur
825 655 967 686 propterea

181 699 251 732 quod
264 698 398 730 credant;
419 702 482 726 tunc
496 698 568 726 enim
585 698 785 726 consummatio
798 697 861 729 erit,
884 697 908 725 si
924 696 966 724 sal

182 745 332 772 infatuatus
346 743 442 777 fuerit,
456 749 483 772 et
499 752 553 772 non
569 745 604 772 sit
617 744 733 779 amplius
748 745 795 779 qui
811 744 890 772 saliat
904 752 968 772 con-

182 794 327 826 servetque
342 794 442 817 terram
459 799 466 817 :
483 789 610 824 quoniam
625 789 720 824 liquet,
737 790 760 817 si
779 789 892 824 impleta
908 790 968 817 fue-

182 837 217 863 rit
231 835 373 870 iniquitas,
384 839 411 862 et
424 834 581 870 refriguerit
598 835 719 862 charitas
738 842 821 870 super
835 839 934 863 terram
944 835 967 852 ⁵³

182 880 232 915 (ιιι
245 880 328 907 etiam
346 878 479 908 Servator
494 879 553 914 ipse
569 879 678 907 dubiam
699 879 805 914 profert
823 887 916 908 vocem
935 881 968 908 de

183 926 225 953 his
239 926 285 961 qui
306 926 332 953 in
347 932 398 953 suo
427 917 512 961 ipsius
539 926 658 953 adventu
684 931 783 960 erunt,
811 927 906 955 dicens
922 927 966 957 ¹³;

183 979 194 996 ι
211 970 402 998 Verumtamen
414 978 476 998 cum
496 970 600 998 venerit
612 970 696 999 Filius
709 972 840 1005 hominis.
851 981 913 1000 num
931 973 970 1000 in-

182 1016 274 1044 veniet
286 1015 366 1043 tidem
381 1023 462 1051 super
478 1021 578 1044 terram
591 1017 603 1043 ?
616 1017 640 1053 ι)
653 1017 774 1046 futuram
798 1026 969 1048 consumma-

182 1062 281 1090 tionem
311 1062 412 1090 satculi.
433 1062 544 1090 Dicatur
568 1063 660 1098 itaque
686 1063 810 1092 Ecclesia
839 1066 967 1100 mundus,

181 1107 289 1142 quando
297 1113 312 1133 a
322 1106 406 1134 Serva
411 1111 468 1134 tore
479 1107 629 1136 illustratur
637 1115 645 1142 ;
657 1116 707 1137 nos
713 1114 803 1138 autem
810 1112 968 1145 quaerimus,

181 1161 214 1181 au
232 1157 342 1188 propter
358 1153 443 1181 illud:
460 1162 469 1179 ι
488 1153 557 1182 Ecce
578 1154 672 1190 Agnus
686 1155 732 1183 ille
752 1156 812 1190 Dei,
835 1157 881 1192 qui
901 1157 969 1186 tollit

182 1201 262 1236 159
272 1205 414 1236 peceatum
436 1201 528 1229 mundi
544 1200 577 1235 ",
593 1210 602 1228 ι
623 1202 807 1238 interpretari,
821 1203 968 1233 debeamus

182 1248 311 1274 mundum
341 1246 520 1281 spiritualiter
546 1253 608 1276 esse
632 1247 783 1278 Ecclesiam
811 1248 969 1284 (ablatione

182 1297 356 1328 peccatorum
374 1292 553 1321 circnmclusa
580 1293 606 1320 in
633 1293 689 1321 sola
712 1294 866 1330 Ecclesia).
897 1296 970 1329 Quo-

182 1339 261 1367 modo
276 1339 348 1367 eniut
364 1339 437 1374 quod
452 1346 467 1366 a
478 1338 611 1374 discipulo
628 1346 678 1367 suo
692 1339 721 1368 in
737 1339 856 1375 Epistola
870 1340 970 1369 dicitur

181 1386 215 1414 de
233 1385 388 1419 Servatore,
401 1385 446 1420 qui
456 1384 611 1420 propitiatio
623 1390 665 1414 est
675 1393 724 1421 pro
737 1386 869 1422 peccatis,
885 1387 970 1415 inter-

181 1431 361 1466 pretabimur,
376 1432 417 1459 sic
429 1432 534 1460 habens
551 1441 558 1460 :
579 1441 588 1458 ε
604 1431 659 1460 Sed
670 1436 697 1460 et
719 1432 743 1459 si
759 1432 820 1467 quis
836 1440 967 1468 peccave-

181 1479 227 1512 rit,
263 1478 424 1506 advocatum
455 1479 588 1506 habemus
624 1479 695 1513 apud
732 1478 841 1507 Patrem
874 1479 968 1508 Jesum

1021 234 1116 270 κόσμῳ
1129 234 1303 271 Ἐκκλησίας.
1325 235 1356 262 Ei
1373 235 1402 262 δὲ
1417 235 1496 262 τοῦτο
1511 235 1648 263 δεικνύναι
1668 236 1699 263 οὐ
1721 237 1807 264 δύνειν-

1019 289 1075 313 ται,
1090 281 1316 316 ὲπιστησάτωσαν
1331 282 1435 317 μήποτε
1450 281 1534 316 ὑγιῶς
1553 282 1736 318 ὲξειλήφαμεν
1754 284 1809 319 qui»;

1021 327 1071 362 μὲν
1095 325 1230 363 εἶναιτὴν
1254 327 1431 364 Ἐκκλησίαν,
1458 328 1560 363 κόσμον
1579 328 1608 355 δὲ
1635 329 1700 360 τοὺς
1715 329 1809 356 ἐπικα-

1019 372 1176 408 λουμένους.
1200 373 1232 400 Ἡ
1258 373 1286 400 δὲ
1303 373 1367 409 ἑξῆς
1395 373 1471 410 φωνὴ
1492 373 1606 410 κειμένη
1628 374 1657 400 ὲν
1673 373 1714 410 τῷ
1741 375 1810 401 κατὰ

1019 417 1160 445 Ματθαίον
1179 418 1218 454 τῷ
1242 419 1441 454 ἐπιμελέστατα
1465 420 1611 455 ὲρευνῶντι
1630 420 1681 452 τὰς
1701 420 1721 446 Γ
1722 420 1808 456 ραφὰς

1020 464 1193 500 παραστήσει
1221 464 1270 499 τὴν
1298 464 1439 501 διήγησιν·
1467 474 1476 491 ι
1498 465 1595 501 Ὑμεῖς
1613 465 1680 501 γὰρ,
1707 466 1807 502 φησὶν,

1020 510 1082 536 ἐστὲ
1107 510 1138 536 τὸ
1157 510 1225 542 ἆλας
1241 511 1291 546 τῆς
1311 511 1378 546 γῆς·
1396 520 1406 537 ›
1433 511 1504 547 τάχα
1530 511 1580 547 τῆς
1600 511 1654 547 γῆς
1674 511 1731 539 τῶν
1756 512 1808 538 λοι-

1019 556 1079 584 πῶν
1111 557 1264 593 ἀνθρώπων
1291 557 1455 593 νοουμένων,
1479 554 1516 584 ὦν
1539 558 1606 589 ἅλας
1625 559 1694 585 εἰσιν
1714 559 1738 586 oi
1763 568 1808 585 πε-

1019 603 1205 637 πιστευκότες,
1221 603 1301 631 αἴτιοι
1315 604 1362 631 τοῦ
1378 603 1519 640 τηρεῖσθαι
1534 603 1580 631 τὸν
1596 603 1698 639 κόσμον
1710 604 1756 631 διὰ
1766 603 1808 631 τοῦ

1010 640 1158 676 ’πιστεύειν
1171 649 1365 685 τυγχάνοντες·
1382 649 1443 676 τότε
1456 649 1511 685 γὰρ
1525 650 1541 685 ἡ
1564 649 1703 677 συντέλεια
1716 650 1808 682 ἔσται,

1018 696 1067 723 ἐὰν
1083 695 1113 722 τδ
1127 695 1196 728 ἅλας
1209 695 1351 732 μωρανθῇ,
1369 696 1415 723 καὶ
1435 696 1532 732 μηκέτι
1588 697 1618 723 τὸ
1642 696 1746 728 ἁλίζον,
1764 696 1810 724 καὶ

1020 742 1171 778 συντηροῦν
1199 743 1248 779 τὴν
1272 743 1338 780 γῆν·
1364 744 1426 771 ἐπεὶ
1451 744 1551 778 σαφὲς,
1577 744 1634 775 ὅτι,
1667 743 1715 770 ἐὰν
1746 744 1812 779 πλη-

1019 788 1102 825 θυνθῇ
1126 790 1142 825 ἡ
1161 789 1277 825 ἀνομία,
1297 789 1345 817 καὶ
1370 789 1442 825 ψυχῇ
1462 790 1479 825 ἡ
1494 789 1588 825 ἀγάπη
1613 789 1660 816 ἐπὶ
1683 789 1734 825 τῆς
1760 789 1811 824 γῆς

1021 835 1075 871 (ὡς
1087 835 1133 863 καὶ
1151 836 1232 864 αὑτὸν
1255 836 1303 863 τὸν
1324 836 1441 872 Σωτῆρα
1457 835 1633 871 διστακτικὴν
1649 836 1813 871 προενέγκα-

1021 881 1082 908 σθαι
1106 882 1171 917 nep).
1204 881 1259 908 τῶν
1284 881 1314 908 ὲν
1338 882 1371 917 τῇ
1402 881 1535 917 ἐπιδημίᾳ
1566 880 1664 908 ἑαυτοῦ
1696 881 1787 916 φωνὴν
1803 902 1811 912 ,

1018 928 1130 962 λέγοντα
1142 935 1149 942 ’
1168 937 1177 953 ‹
1196 927 1280 963 Πλὴν,
1295 928 1309 954 ὁ
1333 927 1397 959 Υἱὸς
1423 926 1470 953 τοῦ
1488 926 1632 962 ἀνθρώπου
1650 925 1734 953 ἐλθὼν
1760 924 1812 962 ἆρα

1019 974 1130 1010 εὑρήσει
1145 973 1194 1009 τὴν
1218 973 1310 1000 πίστιν
1325 973 1372 1000 ἐπὶ
1387 973 1437 1008 τῆς
1450 973 1522 1008 γῆςς
1539 971 1548 1008 )
1570 982 1579 999 ι
1595 972 1658 999 τότε
1674 972 1811 999 συντέλεια

1019 1020 1095 1047 ἔσται
1103 1020 1149 1047 τοῦ
1162 1019 1269 1052 αἰῶνος.
1277 1019 1404 1054 Λεγέσθω
1413 1019 1503 1046 τοίνυν
1513 1020 1530 1055 ἡ
1542 1018 1691 1054 Ἐκκλησία
1701 1018 1811 1054 κόσμος,

1019 1068 1064 1096 ὅτε
1080 1067 1132 1094 ὑπὸ
1149 1066 1197 1094 τοῦ
1214 1067 1339 1102 Σωτῆρος
1360 1066 1519 1101 φωτίζεταν
1534 1067 1615 1102 ἡμεῖς
1631 1065 1661 1092 δὲ
1678 1065 1813 1101 ζητοῦμεν

1019 1115 1044 1141 εἰ
1056 1114 1128 1141 κατὰ
1141 1114 1186 1141 τό·
1207 1123 1216 1140 ι
1235 1113 1288 1140 Ἴδε
1302 1115 1315 1140 ό
1335 1113 1432 1149 ’Δμνὺς
1449 1113 1496 1140 τοῦ
1519 1112 1606 1145 Θεοῦ,
1626 1113 1641 1139 ὁ
1655 1113 1744 1148 αἴρων
1765 1111 1813 1146 τὴν

1020 1160 1157 1197 ἁμαρτίαν
1170 1160 1217 1187 τοῦ
1232 1160 1347 1196 κόσμου,
1364 1170 1373 1186 ι
1389 1159 1491 1195 κόσμον
1507 1159 1622 1195 ἡγητέον
1638 1158 1743 1194 νοητῶς
1757 1158 1812 1192 (Si)

1018 1207 1068 1243 τὴν
1094 1206 1256 1243 Ἐκκλησίαν
1282 1205 1516 1242 (περικλειομένου
1540 1205 1588 1232 τοῦ
1612 1204 1739 1241 αἴρεσθαι
1765 1204 1812 1239 τήν

1019 1254 1158 1291 ἁμαρτίαν
1170 1254 1211 1285 εἰς
1226 1253 1310 1289 μόνην
1323 1252 1372 1289 τὴν
1390 1251 1576 1288 Ἐκκλησίαν).
1591 1251 1655 1283 Πῶς
1669 1251 1725 1286 γὰρ
1741 1250 1773 1277 τὸ
1785 1251 1812 1276 ἐν

1019 1300 1052 1335 τῇ
1068 1298 1212 1334 Ἐπιστολῇ
1225 1297 1277 1325 ὑπὸ
1290 1298 1338 1325 τοῦ
1354 1297 1437 1325 αὑτοῦ
1454 1297 1575 1333 μαθητοῦ
1590 1297 1737 1332 εἰρημένον
1749 1297 1812 1332 περὶ

1019 1345 1066 1373 τοῦ
1078 1345 1206 1381 Σωτῆρος
1226 1343 1341 1380 ἱλασμοῦ
1357 1344 1422 1380 ἰτερῖ¹
1438 1343 1491 1370 τῶν
1508 1343 1650 1379 ἁμαρτιῶν
1665 1342 1812 1378 τυγχάνον-

1018 1400 1065 1424 τος
1074 1390 1272 1427 διηγησόμεθα,
1289 1390 1375 1422 οὕτως
1390 1389 1451 1425 ἔχον
1463 1398 1470 1405 ·
1486 1398 1495 1415 t
1511 1388 1566 1417 Καὶ
1575 1388 1624 1415 ἐάν
1639 1397 1682 1421 τις
1690 1387 1811 1424 ἁμάρτῃ.

1020 1437 1195 1473 παράκλητον
1216 1436 1313 1473 ἔχομεν
1330 1436 1399 1472 πρὸς
1423 1436 1469 1463 τὸν
1490 1434 1602 1470 Πατέρα
1618 1433 1724 1470 Ἰησοῦν
1746 1433 1813 1468 Χρι-

1021 1485 1083 1512 στδν
1107 1484 1243 1511 δίκαιον”«
1262 1483 1309 1510 καὶ
1339 1483 1420 1514 αὐτὸς
1446 1481 1559 1517 ἱλασμός
1584 1481 1642 1507 ἐστι
1666 1479 1733 1516 περὶ
1759 1478 1812 1505 τῶν

181 1525 320 1554 Christum
332 1525 454 1559 justum;
467 1529 496 1553 et
509 1525 566 1561 ipse
578 1529 619 1553 est
633 1525 790 1560 propitiatio
803 1533 853 1561 pro
868 1534 913 1562 pec

1080 1531 1162 1567 ρτιῶν
1179 1530 1258 1567 ἡμῶν
1269 1538 1276 1546 ο
1296 1529 1327 1556 οὐ
1347 1529 1412 1565 περὶ
1434 1529 1488 1555 τῶν
1504 1527 1646 1564 ἡμετέρων
1672 1527 1703 1553 δὲ
1720 1525 1811 1561 μόνον.

181 1573 218 1600 tis
244 1572 363 1604 nostris;
391 1579 445 1599 non
470 1578 520 1607 pro
537 1571 641 1599 nostris
664 1576 754 1599 autem
780 1576 896 1606 tantum,
920 1574 968 1602 sed

181 1618 263 1646 etiam
280 1625 330 1652 pro
344 1618 426 1646 totius
449 1618 542 1646 mundi
558 1618 603 1646 "f
616 1628 626 1645 ›
639 1618 673 1646 Et
684 1619 757 1654 quod
771 1620 842 1655 apud
854 1620 967 1648 Paulum

180 1670 234 1699 est,
245 1665 310 1693 huic
331 1672 393 1692 rcor
410 1672 471 1693 esse
488 1665 594 1698 simile,
621 1665 661 1694 sic
689 1665 793 1694 habens
811 1675 818 1694 :
836 1676 845 1692 ι
861 1667 911 1700 Qui
927 1672 969 1695 est

182 1711 313 1738 Servator
327 1712 446 1740 omnium
463 1711 615 1745 hominum,
637 1712 754 1740 maxime
769 1712 888 1740 ﬁdelium
901 1713 936 1742 ".
955 1723 966 1740 ι

183 1759 288 1785 Rursus
297 1758 330 1785 ad
344 1757 416 1785 hunc
433 1757 523 1785 locum
542 1756 691 1785 lleracleon
713 1757 824 1786 veniens
836 1779 844 1792 ,
866 1759 968 1794 absque

182 1805 272 1839 aliqua
289 1803 483 1839 approbatione
506 1807 534 1831 et
552 1803 722 1838 appositione
737 1804 968 1837 testimoniorum,

181 1852 305 1880 enuntiat
335 1850 467 1879 Joannem
502 1855 632 1888 tanquam
664 1851 823 1886 prophetam
851 1851 967 1879 dicere:

183 1912 193 1929 α
208 1903 300 1938 Agnus
317 1901 363 1929 Dei
387 1901 409 1917 ⁸⁷
422 1909 430 1934 ;
445 1910 457 1928 ι
483 1906 511 1930 et
525 1906 555 1929 ut
568 1899 786 1929 excellentiorem
799 1899 960 1934 prophetam

181 1948 285 1980 dicere,
311 1957 321 1973 ι
336 1947 384 1982 qui
409 1946 497 1973 aufert
526 1949 668 1980 peccatum
700 1942 805 1970 mundi.
820 1951 830 1968 ι
848 1941 968 1975 Quorum

181 1994 298 2028 primum
311 1992 453 2021 existimat
468 1991 501 2018 de
511 1998 626 2026 corpore
646 1990 705 2024 ejus
727 1988 794 2021 dici,
817 1989 967 2016 secundum

181 2047 246 2067 vero
260 2039 294 2067 de
307 2047 350 2071 eo,
364 2038 435 2073 quod
449 2042 491 2066 est
504 2037 532 2065 in
543 2044 668 2071 corpore,
686 2036 749 2071 quia
766 2043 853 2070 agnus
869 2035 970 2070 imper-

181 2085 270 2112 fectus
292 2084 328 2111 sit
350 2084 377 2111 in
394 2083 485 2111 ovium
509 2089 626 2117 genere;
653 2086 737 2116 atque
754 2081 808 2108 tale
827 2081 909 2108 etiam
932 2080 969 2108 sit

182 2136 283 2165 corpus
309 2128 513 2164 comparatione
538 2126 716 2154 inhabitantis
741 2126 769 2153 in
791 2125 859 2160 ipso.
881 2124 968 2152 «Per-

183 2175 326 2203 fectionem
349 2182 432 2208 vero,
461 2173 559 2208 inquit,
580 2173 604 2200 si
629 2172 739 2200 volebat
754 2171 861 2206 corpori
889 2171 968 2199 attri—

1020 1577 1088 1605 ἀλλὰ
1111 1578 1159 1604 καὶ
1182 1577 1247 1613 περὶ
1261 1576 1322 1604 ὅλου
1340 1575 1388 1602 τοῦ
1404 1574 1524 1610 κόσμους
1545 1583 1555 1600 ι
1574 1574 1621 1600 καὶ
1638 1573 1670 1600 τὸ
1686 1571 1813 1607 παρὰτῷ

1020 1623 1120 1659 Παύλῳ
1133 1624 1162 1650 δὲ
1177 1623 1279 1649 τούτων
1294 1621 1398 1658 νομίζω
1411 1619 1481 1648 εἶναι
1504 1619 1707 1655 παραπλήσιον,
1726 1617 1812 1648 οὕτως

1019 1669 1095 1705 ἕχον·
1115 1678 1124 1695 ι
1147 1669 1196 1700 ’⁷ος
1210 1669 1268 1695 ἐστι
1283 1667 1380 1703 Σωτὴρ
1395 1667 1502 1694 πάντων
1515 1664 1678 1700 ἀνθρώπων,
1695 1663 1813 1698 μάλιστα

1019 1715 1133 1743 πιστῶν.
1151 1725 1161 1741 ι
1180 1715 1265 1742 Πάλιν
1278 1715 1307 1742 ὲν
1317 1713 1356 1749 τῷ
1371 1713 1446 1748 τύπῳ
1455 1713 1469 1740 ό
1486 1711 1644 1747 ’Πρακλέων
1655 1709 1811 1745 γενόμενος,

1019 1762 1104 1797 χωρὶς
1117 1760 1208 1797 πάσης
1231 1759 1415 1794 κατασκευῆς,
1432 1758 1480 1785 καὶ
1505 1756 1685 1793 παραθέσεως
1704 1763 1810 1790 μαρτυ-

1019 1805 1096 1843 ριῶν,
1108 1805 1300 1841 ἀποφαίνεται,
1311 1804 1394 1832 ὅτιτὸ
1406 1803 1456 1839 μέν
1468 1811 1476 1818 ·
1491 1812 1501 1829 ‹
1526 1801 1623 1837 Ἀμνδς
1639 1800 1686 1827 τοῦ
1704 1799 1784 1830 Θεοῦ,
1798 1808 1807 1824 ι

1018 1852 1057 1884 ὡς
1076 1852 1219 1888 προφήτης
1233 1851 1316 1887 φησιν
1327 1850 1344 1877 ὀ
1363 1849 1505 1885 Ἰωάννης·
1522 1848 1551 1875 τδ
1565 1847 1595 1874 δέ
1607 1855 1614 1863 ⁸
1635 1857 1645 1873 ‹
1674 1847 1704 1873 Ὀ
1725 1846 1809 1881 αἴρων

1017 1896 1068 1933 τὴν
1086 1896 1223 1932 ἁμαρτίαν
1243 1895 1291 1922 τοῦ
1309 1895 1423 1931 κόσμου,
1446 1904 1455 1920 ι
1474 1893 1511 1925 ὡς
1527 1891 1721 1928 περισσότερον
1745 1899 1810 1926 προ-

1019 1944 1114 1980 φήτου.
1131 1943 1186 1970 Καὶ
1201 1943 1287 1970 οἴεται
1303 1942 1334 1969 τὸ
1347 1943 1397 1978 μὲν
1416 1941 1548 1978 πρότερον
1563 1939 1628 1976 περὶ
1650 1938 1699 1966 τοῦ
1717 1937 1810 1972 σώμα-

1017 1998 1064 2022 τος
1078 1988 1161 2016 αὐτοῦ
1176 1988 1316 2023 λέγεσθαι,
1329 1988 1360 2014 τὸ
1372 1988 1401 2014 δὲ
1424 1987 1550 2022 δεύτερον
1574 1985 1639 2022 περὶ
1659 1985 1707 2011 τοῦ
1725 1985 1756 2010 ὲν
1771 1982 1809 2018 τῷ

1020 2035 1136 2071 σώματι,
1152 2035 1192 2071 τῷ
1206 2035 1252 2062 τὸν
1264 2035 1349 2071 ὰμνδν
1360 2034 1442 2069 ἁτελῆ
1454 2031 1523 2060 εἶναι
1537 2033 1567 2059 ἐν
1580 2032 1619 2067 τῷ
1635 2030 1691 2058 τῶν
1707 2029 1810 2066 προεα-

1018 2089 1072 2108 των
1091 2082 1166 2116 γένει
1175 2089 1184 2097 α
1200 2080 1271 2108 οὕτω
1283 2081 1312 2108 δὲ
1323 2080 1369 2107 καὶ
1381 2080 1411 2107 τὸ
1426 2079 1505 2114 σῶμα
1520 2078 1671 2114 παραθέσει
1683 2076 1731 2104 τοῦ
1742 2077 1811 2103 ἐνοι-

1019 2126 1131 2158 κοῦντος
1146 2126 1231 2163 αὐτῷ.
1246 2135 1256 2152 (
1275 2126 1313 2153 Τδ
1325 2125 1354 2152 δὲ
1369 2125 1473 2151 τέλειον
1485 2125 1509 2151 εί
1521 2121 1659 2155 ἐϐούλετο,
1677 2122 1757 2158 φησι,
1773 2121 1809 2157 τῷ

1020 2171 1125 2207 σώματι
1143 2171 1326 2207 μαρτυρῆσαι,
1340 2169 1417 2206 κριὸν
1431 2167 1507 2196 εἶπεν
1530 2168 1562 2196 ἂν
1580 2168 1610 2195 τὸ
1629 2168 1726 2204 μέλλον
1753 2167 1809 2203 (ὥ)

181 2221 275 2253 liuere,
290 2221 401 2249 arietem
421 2220 508 2254 ipsum
529 2218 724 2246 immolandum
738 2218 862 2246 dixisset.
879 2227 889 2244 ι

1077 2216 1141 2244 πΘαι.
1150 2218 1219 2253 »Οὐχ
1229 2217 1349 2252 ἡγοῦμαι
1360 2215 1389 2242 δὲ
1404 2213 1474 2242 εἶναι
1488 2215 1636 2249 ἀναγκαῖον
1649 2212 1724 2249 μετὰ
1734 2212 1809 2247 τηλι-

183 2273 237 2295 non
251 2265 369 2293 arbitror
379 2265 565 2293 necessarium
575 2271 636 2292 esse
648 2269 709 2299 post
722 2268 763 2292 tot
775 2264 915 2299 inquisitio

1077 2270 1123 2293 τας
1143 2261 1327 2296 γεγενημένας
1345 2260 1483 2294 ἐξετάσεις
1502 2259 1639 2291 ταυτίζειν
1663 2258 1722 2294 (54)
1745 2258 1809 2293 περὶ

183 2311 286 2343 factas,
304 2311 398 2339 eadem
414 2310 466 2337 hoc
487 2310 515 2337 in
532 2310 593 2338 loco
609 2314 749 2345 repetere,
769 2310 915 2338 contendet

1081 2307 1173 2340 τόπον,
1188 2306 1404 2343 ἀγωνιζομένους
1427 2306 1495 2342 πρὸς
1509 2305 1544 2332 τὰ
1560 2303 1680 2337 εὐτελῶς
1695 2303 1748 2331 ὐπδ
1764 2303 1807 2331 sti

182 2361 277 2384 contra
293 2363 324 2384 ea
341 2363 402 2390 qua
416 2355 486 2383 dixit
501 2354 649 2385 Heracleon
670 2363 766 2390 parum
782 2356 870 2383 docte.
894 2354 914 2382 Τ

1077 2353 1211 2385 ακλέωνος
1233 2352 1375 2389 εἰρημένα.
1391 2352 1477 2379 Μόνον
1496 2352 1526 2378 δὲ
1546 2351 1626 2378 τοῦτο
1641 2352 1808 2386 ἐπισημειω-

185 2406 241 2429 tum
253 2401 305 2431 hoc
318 2399 406 2428 adhuc
421 2405 539 2434 notetur,
552 2401 635 2436 quod,
649 2405 679 2428 ut
693 2400 737 2428 vix
753 2400 869 2429 mundus
880 2407 917 2436 ca]

1075 2408 1091 2432 ν,
1106 2400 1157 2432 ὅτι,
1172 2400 1266 2435 ὥσπερ
1288 2398 1368 2434 μόγις
1383 2398 1440 2434 (55)
1463 2397 1602 2434 ἐχώρησεν
1623 2398 1637 2424 ό
1650 2398 1754 2432 κόσμος
1764 2396 1807 2423 τὸν

182 2448 255 2475 illius
278 2446 328 2474 fuit
341 2467 349 2480 ,
375 2447 421 2482 qui
439 2447 558 2482 seipsum
578 2446 701 2480 inanivit,
723 2447 764 2474 sic
782 2453 851 2482 agno
866 2451 894 2475 et

1074 2443 1176 2472 ὦσαντα
1186 2444 1291 2476 ἑαυτὸν,
1307 2443 1393 2475 οὕτως
1410 2443 1507 2479 ἀμνοῦ,
1527 2443 1575 2470 καὶ
1589 2442 1620 2470 οὺ
1638 2442 1719 2479 κριοῦ
1733 2441 1806 2476 ὲδεή-

182 2492 267 2521 ariete
283 2499 351 2528 opus
371 2492 455 2520 fuisse
470 2492 504 2520 ad
523 2492 594 2520 illius
617 2492 794 2520 auferendum
813 2496 914 2527 peccatu

814 2496 964 2527 peccatum.
1019 2490 1064 2527 θη,
1076 2491 1120 2518 ἵνα
1134 2490 1204 2527 ἀρθῇ
1218 2490 1299 2517 αὑτοῦ
1314 2491 1330 2526 ἡ
1347 2491 1468 2526 ἁμαρτία
1479 2490 1546 2526 (56).

560 2541 727 2569 Λείπουσιν
744 2540 772 2567 οι
785 2539 870 2574 τόμοι
883 2538 1020 2573 ἕϐδομος,
1035 2537 1084 2565 καί
1098 2538 1214 2572 ὄγδοος,
1231 2538 1280 2565 καὶ
1296 2538 1434 2572 ἕννατος.

215 2598 237 2613 ¹¹
251 2597 346 2625 Matth.
360 2605 387 2628 ν.
402 2596 445 2624 15.
491 2597 514 2612 ⁸¹
532 2595 626 2624 Matth.
641 2602 713 2627 xxiv,
731 2594 774 2622 12.
822 2594 846 2611 ⁸³
859 2593 925 2622 Luc.
940 2601 947 2620 ι

898 2601 925 2622 κο.
940 2600 1006 2627 xm,
1023 2593 1050 2620 8.
1087 2592 1110 2609 "
1123 2592 1202 2621 Joan.
1223 2601 1245 2627 ι,
1262 2594 1306 2622 29.
1353 2595 1377 2610 "
1394 2594 1494 2623 lJoan.
1510 2603 1540 2624 ιι.
1558 2596 1587 2628 Ι,
1604 2597 1630 2624 2.

182 2641 220 2666 tv,
238 2633 282 2660 10.
319 2633 341 2648 ⁵⁷
357 2631 435 2660 Joan.
452 2639 471 2665 ι,
483 2631 529 2659 29.

218 2685 275 2721 (52)
410 2693 440 2712 ν.
454 2683 500 2711 Sic
512 2683 588 2711 Bodl.
595 2692 609 2721 _:
623 2683 733 2719 Regius,
745 2683 855 2721 νοητέον
874 2682 950 2721 ὑγιῶς

1081 2689 1176 2721 teram,
1192 2683 1300 2721 τέξειν,
1316 2691 1366 2719 pro
1379 2691 1434 2719 quo
1453 2683 1569 2712 ﬂuetius
1589 2684 1738 2720 legendum
1753 2691 1813 2711 cen-

219 2716 275 2754 (53)
290 2716 335 2753 Τῷ
347 2716 460 2754 σώματι
471 2716 679 2754 μαρτυρῆσαιζ
691 2719 775 2753 κριὸν
787 2716 971 2754 bitter-Adero
1023 2716 1110 2754 sebat,
1126 2717 1274 2754 ἐξετάζειν.

183 2752 308 2791 μέλλω,
320 2752 376 2794 etc.
389 2752 440 2794 :lta
460 2752 546 2794 eode!
568 2752 741 2794 Bodleianns,
765 2759 857 2794 recte;
871 2752 973 2794 Regius
1043 2752 1117 2792 .(55)
1130 2752 1218 2794 ςοάᾱ.
1241 2753 1405 2794 Barberinus
1423 2759 1451 2782 et
1471 2753 1635 2782 Dodleianus
1657 2754 1750 2790 μόγις,
1766 2753 1816 2781 Re.

185 2788 327 2826 perperam
355 2791 436 2818 habet
453 2789 492 2824 τῷ
512 2788 608 2825 σῶμα·
629 2789 660 2815 τὸ
684 2789 876 2825 μαρτυρῆσαι,
898 2797 915 2814 κ

186 2827 274 2853 εἰπεῖν
292 2825 358 2861 αὐτὸ
377 2826 407 2861 τό
426 2824 532 2861 μέλλον,
554 2830 605 2852 etc.
671 2859 687 2861 _
718 2859 734 2861 μ
756 2859 761 2861 _
875 2857 893 2861 _

1073 2788 1191 2850 Ψόλις,
1208 2789 1280 2829 q_uod
1295 2789 1367 2816 idem
1380 2794 1431 2816 est.
1555 2825 1562 2832 ο
1702 2788 1706 2789 ⁷
1785 2825 1789 2830 .

1073 2840 1082 2861 ἒ.
1112 2823 1235 2861 )A_vt_ov
1254 2824 1273 2858 ἠ
1288 2824 1430 2861 ῥμρρτία.
1453 2824 1533 2853 Deest
1555 2832 1583 2853 tu
1606 2824 1705 2854 codice
1726 2825 1805 2861 Regio

186 2823 274 2853 εἰπεῖν
292 2825 358 2852 αὐτὸ
377 2826 407 2852 τὸ
426 2823 532 2861 μέλλον,
554 2823 605 2852 etc.
685 2823 690 2825 ⁷
726 2823 732 2824 ⁷
777 2823 782 2825 ⁷

223 2861 278 2897 (54)
307 2859 461 2891 Τὰυτίζειν.
490 2860 534 2888 Sic
562 2860 647 2888 codex
671 2859 849 2892 Bodleianus;
875 2857 918 2891 Re;

1081 2823 1120 2855 56)
1135 2823 1235 2851 Αὑτοῦ
1254 2824 1273 2858 ἠ
1293 2824 1430 2859 ἁμαρτία.
1453 2824 1533 2853 Deest
1555 2825 1583 2853 in
1606 2824 1705 2854 codice
1726 2825 1813 2862 Regio,

1091 2858 1243 2887 restituitur
1257 2866 1272 2886 e
1287 2858 1443 2887 Bodleiano.

1681 2596 1704 2612 "
1722 2596 1731 2623 Ι
1747 2595 1811 2623 Tim.
