1854 3043
52 77 99 107 505

571 78 749 106 COMMENT.
770 79 802 106 IN
821 79 917 108 JOAN.
935 79 1053 107 TOMUS
1070 79 1104 107 Χ.

1612 82 1663 109 506

617 259 1090 326 ΩΡΙΓΕΝΟΥΣ

341 375 409 404 ΠΙΝ
426 374 491 403 ΕΙΣ
511 377 553 403 T0
571 376 667 403 ΚΑΤΑ
685 376 852 404 ΙΩΔΝΝΗΝ
866 375 1108 404 ΕΥΔΓΓΕΛΙΟΝ
1123 374 1361 403 ΕΞΗΙἪΤΙΚΩΝ

730 458 923 502 ΤΟΜΟΣ
941 455 980 502 Ι’.

680 626 1022 687 ORIGENIS

259 740 644 774 COMMENTARIORUM
667 741 708 772 IN
730 740 995 773 EVANGELIUM
1017 739 1230 772 SECUNDUM
1250 737 1439 770 JOANNEM

698 830 909 878 TOMUS
942 831 1006 875 X.

73 999 97 1026 Ι.
111 1008 120 1026 t
135 999 215 1028 Μετὰ
225 1000 303 1028 τοῦσο
315 1000 416 1038 κατέϐη
429 1001 468 1034 είς
476 1001 667 1038 Καφαρναοὺμ
677 1001 768 1034 αὖτδς,
778 1010 805 1029 κς

940 999 995 1037 σο
1009 1000 1034 1028 l.
1055 1008 1065 1026 ι
1079 999 1178 1028 Postea
1193 997 1334 1027 descendit
1350 997 1542 1032 Capharnaum
1558 996 1627 1031 ipse,
1643 1001 1671 1023 et

43 1046 56 1080 ή
70 1046 156 1082 μήτηρ
172 1046 269 1079 αὑτοῦ,
281 1047 328 1074 καὶ
338 1048 361 1074 oi
375 1048 494 1083 ἀδελφοὶ,
510 1049 557 1075 καὶ
568 1049 593 1074 ol
611 1047 731 1084 μαθηται
743 1056 750 1064 ⁸
779 1048 826 1075 καὶ

43 1092 93 1118 ἐκεῖ
116 1092 228 1128 ἔμειναν
253 1093 284 1119 οὐ
308 1092 408 1126 πολλὰς
423 1093 542 1130 ἡμέρας.
565 1094 620 1121 Καὶ
647 1094 731 1128 ἐγγὺς
745 1090 780 1130 ἦν
795 1093 826 1120 τὸ

43 1136 128 1173 Πάσχα
142 1138 198 1165 τῶν
215 1138 361 1172 Ἰουδαίων,
382 1140 429 1166 καὶ
455 1139 540 1176 ἀνέϐη
561 1140 602 1172 είς
621 1140 794 1176 Ἱεροσόλυμα
811 1139 827 1165 ὁ

47 1182 150 1218 Ἰησοῦς,
165 1185 213 1211 καὶ
226 1181 306 1220 εὗρεν
325 1185 353 1213 ὲν
365 1185 404 1220 τῷ
421 1185 486 1221 ἱερῷ
498 1186 562 1218 τοὺς
576 1186 733 1219 πωλοῦντας
751 1186 824 1222 βόας,

41 1231 82 1256 καὶ
93 1230 229 1266 πρόϐατα,
247 1231 295 1258 καὶ⁴
309 1232 483 1268 περιστερὰς,
494 1232 541 1258 καὶ
560 1233 624 1265 τοὺς
640 1234 826 1270 κερματιστὰς

41 1276 202 1312 καθημένους
214 1285 221 1292 ·
239 1277 286 1303 καὶ
294 1278 410 1312 ποιήσας
421 1278 459 1309 ὡς
467 1277 631 1313 φραγέλλιον
644 1279 676 1305 ἐκ
689 1279 824 1314 σχοινίων,

40 1321 135 1354 πάντας
146 1322 277 1355 ἐξέϐαλεν
291 1323 323 1350 ὲκ
342 1323 390 1350 τοῦ
417 1323 503 1359 ἱεροῦ,
515 1323 551 1350 τά
565 1332 594 1350 τε
615 1324 749 1358 πρόὸατα,
780 1325 827 1352 καὶ

39 1368 94 1399 τοὺς
109 1368 185 1403 βόας,
201 1369 251 1395 καὶ
267 1368 321 1395 τῶν
337 1369 520 1396 κολλυϐιστῶν
537 1369 629 1405 ἐξέχεε
643 1370 677 1397 τὰ
688 1370 825 1407 κέρματα,

39 1414 138 1444 καὶτὰς
148 1415 294 1452 τραπέζας
311 1415 473 1452 ἀνέστρεψε,
487 1417 535 1444 καὶ
551 1418 608 1449 τοῖς
628 1417 678 1450 τὰς
702 1426 828 1453 περιστε-

40 1460 83 1495 ρὰς
99 1461 238 1488 πωλοῦσιν
264 1459 358 1488 εἶπεν·
374 1461 479 1498 ¹¹Αρατε
507 1462 594 1490 ταῦτα
622 1463 765 1490 ἐντεῦθενο
790 1464 827 1499 μὴ

39 1509 132 1535 ποιεῖτε
147 1508 196 1535 τὸν
219 1505 296 1534 οἷκον
313 1508 360 1535 τοῦ
382 1509 490 1544 Πατρός
518 1518 568 1545 μου
593 1507 666 1536 οἷκον
681 1510 826 1545 ἐμπορίου.

38 1552 96 1580 Τότε
110 1554 291 1589 ἐμνήσθησαν
310 1555 334 1581 οἱ
354 1556 474 1590 μαθηταὶ
497 1555 591 1588 αὑτοῦ,
606 1556 647 1584 ὅτι
669 1556 828 1592 γεγραμμέ-

37 1600 172 1632 νονὲστὶν,
186 1601 233 1627 ὅτι
251 1599 280 1627 '0
297 1599 377 1636 ζῆλος
397 1600 445 1627 τοῦ
467 1601 543 1628 οίκου
571 1611 618 1629 σου
636 1602 828 1638 καταφάγεταί

40 1653 78 1679 με.
112 1645 321 1682 Ἀπεκρίθησαν
333 1644 380 1673 οῦν
393 1648 416 1674 oi
438 1648 570 1680 Ἰουδαῖοι,
583 1649 632 1675 καὶ
646 1646 724 1677 εἷπον
741 1649 826 1684 αὐτῷ·

38 1691 66 1717 Τί
81 1694 192 1728 σημείον
203 1691 339 1724 δεικνύεις
352 1693 428 1728 ἡμῖν,
442 1694 483 1720 ὅτι
507 1694 594 1721 ταῦτα
618 1696 723 1727 ποιεϊς;
745 1695 827 1721 Ἀπε-

38 1737 111 1774 κρίθη
131 1738 253 1775 Ἰησοῦς,
267 1739 315 1765 καὶ
327 1738 406 1766 εἶπεο
423 1740 530 1767 Λύσατε
545 1741 591 1767 τὸν
606 1740 669 1767 ναὸν
686 1740 731 1767 τοῦ
748 1740 826 1773 Θεοῦ,

37 1783 78 1810 ml.
103 1785 131 1812 ἐν
149 1785 248 1820 τρισὶν
271 1785 388 1822 ἡμέραις
402 1786 491 1823 ἐγερῶ
516 1787 608 1813 αὐτόν.
628 1786 829 1822 Ἀπεκρίθησαν

37 1827 77 1857 οὖν
87 1832 110 1858 οἱ
130 1832 275 1859 Ἰουδαῖοι·
292 1832 502 1868 Τεσσαράκοντα
519 1833 565 1859 καὶ
582 1832 612 1866 ἒξ
626 1833 715 1859 ἔτεσιν
729 1832 829 1869 ᾠκοδο-

37 1876 105 1913 μήθη
117 1878 132 1905 ὁ
147 1878 214 1910 ναὸς
232 1875 322 1910 οὗτος,
336 1879 381 1905 καί¹
401 1879 432 1905 σὺ
446 1879 474 1906 ὲν
485 1879 574 1914 τρισὶν
589 1878 707 1915 ἡμέραις
724 1879 830 1914 ἐγερεῖς

36 1923 125 1957 adadv;
150 1925 276 1956 Ἐκεῖνος
290 1923 318 1951 δὲ
334 1924 412 1959 ἔλεγε
428 1924 549 1961 περὶτοῦ
564 1923 628 1951 ναοῦ
643 1923 690 1951 τοῦ
704 1924 830 1960 σώματος

35 1969 120 1996 αὑτοῦ.
139 1970 206 1998 Ὅτε
232 1968 282 1997 οὖν
304 1970 410 2007 ήγέρθη
432 1972 464 1998 ἐκ
480 1971 596 2007 νεκρῶν,
614 1971 790 2008 ἐμνήσθησαν
806 1971 834 1997 οἱ

37 2015 151 2051 μαθηταὶ
165 2016 265 2049 αὑτοῦ,
284 2017 325 2043 ὅτι
339 2017 419 2044 τοῦτο
433 2017 522 2052 ἔλεγε,
545 2018 592 2045 καὶ⁹
611 2017 775 2045 ἐπίστευσαν
796 2019 828 2054 τῇ

35 2059 122 2097 Γραφῇ
147 2063 196 2089 καὶ
219 2062 261 2098 τῷ
291 2062 367 2098 λόγῳ·
385 2063 415 2090 ὃν
436 2061 512 2091 εἶπεν
530 2064 545 2091 ό
562 2063 675 2100 Ἰησοῦς.
695 2064 738 2096 Ὠς
749 2064 777 2091 δὲ
796 2062 830 2099 ἦν

36 2106 62 2132 ὲν
86 2110 142 2139 τοῖς
163 2107 369 2145 Ἱεροσολύμοις
391 2110 421 2136 ἐν
443 2109 483 2145 τῷ
500 2110 608 2146 Πάσχα,
631 2111 660 2137 ἐν
677 2112 710 2147 τῇ
737 2112 829 2148 ἑορτῇ,

36 2151 196 2180 ἐπίστευσαν
215 2154 259 2185 εἰς
279 2153 311 2180 τὸ
337 2153 422 2190 ὄνομα
443 2155 527 2182 αὑτοῦ
551 2155 643 2183 πολλοὶ
665 2156 831 2192 θεωροῦντες

35 2198 110 2225 αὑτοῦ
131 2200 167 2227 τὰ
193 2201 301 2235 σημεῖα
325 2199 345 2227 ἃ
369 2200 465 2229 ἐποίει.
482 2201 610 2234 Λύτὸςδὲ
631 2203 645 2229 ὁ
661 2203 766 2240 Ἰησοῦς
781 2204 832 2231 οὐκ

36 2243 189 2274 ἐπίστευσεν
223 2246 324 2273 ἑαυτὸν
348 2247 450 2279 αὐτοῖς,
465 2247 509 2275 διὰ
535 2248 566 2275 τῦ
590 2249 670 2276 αὐτὸν
686 2249 831 2285 γινώσκειν

36 2291 144 2325 πάντας,
162 2293 213 2319 καὶ
228 2293 273 2319 ὅτι
288 2292 318 2318 οὐ
333 2293 427 2329 χρείαν
443 2291 515 2329 εἶχεν
532 2294 576 2322 ἵνα
598 2303 641 2327 τις
666 2297 831 2333 μαρτυρήσῃ

878 1051 965 1074 mater
977 1045 1046 1081 ejus,
1061 1050 1089 1073 et
1106 1045 1206 1073 fratres
1223 1044 1293 1079 ejus,
1305 1048 1333 1072 et
1351 1042 1476 1078 discipuli
1493 1042 1568 1076 ejus;
1590 1047 1617 1070 et
1632 1042 1669 1070 ibi

876 1097 1040 1121 manserunt
1072 1099 1127 1119 non
1156 1091 1250 1119 multis
1284 1090 1392 1118 diebus.
1425 1089 1548 1117 Instabat
1579 1093 1670 1117 autem

877 1140 982 1168 Pascha
993 1139 1161 1171 Judzeorum,
1174 1142 1202 1166 et
1212 1138 1336 1166 ascendit
1346 1136 1566 1172 Hierosolymam
1576 1135 1670 1168 Jesus,

877 1190 904 1214 et
918 1186 1021 1222 reperit
1040 1185 1068 1213 in
1083 1185 1184 1220 templo
1204 1191 1252 1212 eos
1275 1183 1322 1219 qui
1350 1184 1504 1212 vendebant
1529 1184 1623 1216 boves,
1645 1188 1672 1210 et

877 1240 952 1265 oves,
964 1237 991 1260 et
1007 1232 1157 1265 columbas,
1173 1234 1203 1259 et
1217 1231 1371 1258 mensarios
1388 1231 1515 1259 sedentes
1531 1239 1537 1256 :
1553 1237 1670 1264 cumque

878 1278 988 1307 fecisset
998 1278 1076 1313 quasi
1092 1277 1227 1313 ﬂagellum
1243 1284 1277 1305 ex
1293 1276 1422 1305 funiculis
1433 1298 1440 1310 ,
1453 1284 1548 1304 omnes
1561 1276 1640 1310 ejecit
1656 1284 1672 1303 e

878 1325 989 1361 templo,
1002 1332 1068 1354 oves
1083 1324 1175 1358 simul,
1192 1332 1224 1352 ac
1237 1324 1341 1358 boves;
1366 1328 1394 1351 et
1418 1323 1615 1351 mensariorum
1634 1330 1672 1349 as

878 1371 980 1404 effudit,
1004 1376 1032 1399 et
1052 1378 1162 1399 mensas
1179 1371 1331 1403 subvertit,
1360 1374 1388 1399 et
1409 1371 1452 1398 his
1468 1370 1513 1406 qui
1530 1369 1673 1397 columbas

878 1418 1033 1446 vendebant
1055 1418 1124 1445 dixit
1145 1426 1153 1445 :
1178 1417 1291 1445 Auferte
1316 1418 1367 1445 ista
1394 1418 1479 1450 hinc,
1506 1424 1558 1444 nec
1589 1416 1674 1444 facile

879 1465 988 1492 domum
1013 1464 1105 1492 Patris
1136 1464 1200 1499 mei,
1220 1464 1328 1491 domum
1356 1467 1501 1491 mercatus.
1526 1463 1671 1490 Recordati

879 1518 944 1538 vero
961 1514 1026 1538 sunt
1045 1510 1172 1545 discipuli
1198 1512 1257 1545 ejus
1275 1510 1347 1545 quod
1362 1509 1495 1545 scriptum
1509 1514 1551 1538 est
1567 1519 1573 1537 :
1590 1508 1673 1536 Zelus

880 1555 976 1584 domus
993 1561 1047 1583 tua:
1065 1556 1157 1583 exedit
1180 1563 1231 1584 me.
1251 1556 1463 1591 Responderunt
1486 1563 1553 1590 ergo
1571 1555 1671 1587 Judaei,

880 1606 907 1630 et
924 1601 1054 1629 dixerunt
1071 1601 1096 1629 ci
1111 1610 1119 1629 :
1134 1601 1211 1635 Quod
1229 1602 1338 1637 signum
1356 1601 1434 1629 nobis
1451 1601 1574 1628 ostendis
1586 1607 1674 1636 quan-

880 1647 1024 1682 doquidem
1037 1647 1089 1675 ista
1104 1647 1162 1682 agis
1174 1648 1186 1674 '!
1200 1647 1353 1682 Respondit
1375 1646 1455 1675 Jesus
1465 1667 1472 1680 ,
1488 1652 1514 1675 et
1525 1647 1592 1675 dixit
1608 1647 1649 1674 eis
1664 1655 1672 1673 ε

882 1693 1019 1721 Destruite
1031 1694 1160 1729 templum
1173 1693 1230 1726 Dei,
1245 1699 1271 1721 et
1285 1694 1312 1721 in
1327 1694 1413 1722 tribus
1424 1694 1521 1722 diebus
1535 1693 1674 1722 suscitabo

881 1739 957 1766 illud.
981 1740 1114 1768 Dixerunt
1138 1746 1203 1774 ergo
1231 1739 1318 1767 Judmi
1338 1739 1546 1775 :Quadraginta
1575 1743 1602 1767 et
1625 1747 1673 1767 sex

880 1785 959 1813 annis
969 1785 1134 1813 aediﬁcatum
1147 1790 1188 1813 est
1205 1785 1333 1820 templum
1356 1786 1419 1819 hoc,
1444 1790 1471 1813 et
1492 1791 1519 1813 tu
1538 1786 1566 1813 in
1587 1785 1674 1813 tribus

880 1832 976 1860 diebus
1002 1832 1148 1860 suseitabis
1166 1831 1254 1859 illud?
1273 1832 1308 1859 At
1331 1831 1375 1859 ille
1397 1831 1505 1859 dicebat
1521 1832 1554 1859 de
1572 1832 1673 1867 templo

880 1878 1004 1912 corporis
1019 1878 1069 1906 sui.
1085 1877 1152 1905 Cum
1172 1885 1236 1912 ergo
1260 1877 1410 1905 suscitatus
1425 1882 1498 1905 esset
1513 1885 1529 1905 e
1546 1879 1671 1910 mortuis,

881 1923 1016 1952 recordati
1036 1929 1100 1951 sunt
1123 1923 1248 1959 discipuli
1265 1924 1324 1959 ejus
1341 1924 1413 1958 quod
1429 1924 1481 1951 hoc
1506 1924 1629 1957 dixisset,
1646 1930 1673 1951 et

881 1970 1054 1998 crediderunt
1072 1970 1221 2004 Scriptum
1233 1990 1240 2002 ,
1258 1974 1286 1997 et
1304 1970 1423 1998 sermoni
1436 1990 1443 2002 ,
1468 1978 1549 2005 quem
1567 1971 1676 1998 dixerat

880 2016 971 2045 Jesus.
987 2016 1054 2044 Cum
1070 2021 1161 2044 autem
1180 2022 1253 2043 esset
1266 2016 1460 2051 Hierosolymis
1475 2017 1500 2043 in
1517 2016 1631 2048 Pascha,
1646 2016 1672 2043 in

881 2063 927 2091 die
940 2062 1022 2096 festo,
1037 2062 1113 2090 multi
1125 2062 1301 2090 crediderunt
1313 2062 1338 2089 in
1351 2069 1450 2089 nomen
1466 2062 1535 2097 ejus,
1551 2061 1674 2089 videntes

881 2109 959 2144 signa
976 2109 1043 2145 ejus,
1061 2116 1121 2144 quze
1137 2107 1244 2136 edebat.
1259 2108 1319 2144 Ipse
1338 2112 1428 2135 autem
1446 2107 1524 2136 Jesus
1542 2116 1595 2136 non
1612 2115 1674 2136 crc-

882 2155 1153 2191 debatsetnetipsum
1167 2155 1218 2188 eis,
1238 2163 1271 2183 eo
1283 2155 1357 2190 quod
1380 2155 1438 2190 ipse
1457 2160 1548 2182 nosset
1565 2162 1673 2187 omnes,

882 2209 933 2229 nec
949 2209 1016 2236 opus
1032 2201 1144 2229 haberet
1169 2206 1199 2229 ut
1219 2201 1319 2236 aliquis
1332 2204 1479 2228 testaretur
1497 2202 1530 2228 de
1550 2201 1670 2228 homine.

882 2247 943 2282 Ipse
954 2248 1027 2275 enim
1042 2247 1145 2275 sciebat
1158 2248 1223 2283 quid
1241 2253 1313 2276 esset
1326 2247 1353 2275 in
1366 2247 1475 2275 homine
1485 2248 1519 2276 “.
1533 2257 1542 2274 ι
1560 2247 1672 2276 Numeri

882 2294 927 2329 qui
944 2293 971 2321 in
986 2293 1045 2329 ipso
1060 2293 1241 2322 Numerorum
1263 2295 1333 2323 libro
1348 2295 1444 2330 scripti
1459 2295 1583 2328 fuerunt,
1596 2294 1673 2328 juxta

37 2338 94 2373 mp1
108 2337 272 2375 ἀνθρώπου.
292 2338 378 2370 Αὐτὸς
402 2338 457 2375 γὰρ
472 2339 604 2374 ἐγίνωσκε
630 2341 657 2368 τί
682 2339 717 2377 ἦν
739 2343 769 2369 ὲν

940 2340 1027 2368 mdam
1055 2342 1258 2375 proportionem
1285 2342 1492 2370 convenientem
1524 2341 1672 2376 unicuique

36 2385 175 2421 ἀνθρώπῳ.
197 2396 208 2412 ι
229 2385 277 2412 Ἑν
291 2384 359 2420 αὺτῇ
375 2383 430 2420 (57)
445 2385 687 2422 ἀναγεγραμμένοι
707 2386 830 2423 ἀριθμοὶ,

37 2431 101 2458 κατὰ
113 2440 176 2458 τινα
191 2429 346 2464 ἀναλογίαν
364 2429 538 2466 ἁρμόζουσαν
553 2432 661 2468 ἑκάστῳ
675 2433 830 2469 πράγματι,

37 2476 142 2514 Γραφῆς
157 2477 334 2513 ἠξιώθησαν.
359 2477 533 2512 Ἐξεταστέον
547 2478 574 2506 δὲ
588 2479 625 2515 μή
637 2487 703 2506 ποτε
720 2479 769 2514 μία
777 2478 832 2506 τῶν

70 2581 91 2597 ⁸⁸
108 2581 189 2609 Joan.
213 2590 246 2614 η,
271 2581 304 2608 12
323 2589 403 2616 scqq..

70 2674 122 2709 (57)
139 2674 235 2702 Codex
254 2673 418 2710 Bodleianus
433 2674 462 2710 iw
476 2674 555 2709 αὐτῇ.
567 2679 632 2706 etc.;
647 2674 757 2710 Regius,
772 2682 835 2709 per-

38 2715 136 2741 peram,
147 2710 177 2735 ὲν
189 2708 284 2740 αὐτοί,
297 2713 350 2735 etc.
364 2708 440 2743 Apud
454 2708 599 2743 utrumque
610 2708 740 2737 locusest
753 2708 837 2736 ninni-

39 2745 275 2780 testermendosus.
283 2743 321 2771 Ita
330 2743 436 2780 videtur
445 2744 540 2780 legisse
548 2745 702 2780 Ferrarius:
711 2745 757 2772 'Ev
766 2745 834 2780 αὐτῇ

44 2779 298 2822 ςᾼριθμῶνιςῇίὸλιιξ
322 2779 562 2822 ἀναγεγραμμένοι
578 2779 707 2822 ἱιξριθμοί.
735 2780 835 2822 Quidni

40 2813 165 2854 legatur}
179 2813 270 2844 Αὐτοὶ
287 2813 528 2851 ἀναγεγραμμένοι
547 2813 668 2852 ἀριθμοῖ,
687 2816 757 2844 κατὰ
776 2823 838 2845 τινα.

885 2386 935 2420 rei,
950 2386 1092 2422 Scriptura
1104 2386 1176 2422 digiti
1190 2387 1275 2414 habiti
1289 2394 1363 2415 sunt.
1376 2387 1568 2423 Inquirendum
1580 2392 1672 2415 autem

885 2438 927 2461 est
938 2441 972 2461 an
986 2441 1055 2462 unus
1066 2441 1097 2462 ex
1110 2433 1211 2470 Moysis
1221 2434 1298 2462 libris
1306 2433 1486 2462 Numerorum
1496 2435 1674 2470 Inscriptione

886 2484 1005 2513 notatus,
1030 2480 1163 2508 rationem
1182 2487 1356 2508 numerorum
1375 2481 1475 2508 eximie
1500 2481 1595 2509 doceat
1613 2488 1676 2513 eos,

883 2673 1028 2711 ἀναλογίαν
1050 2674 1352 2711 ἀρμόζουσανγέκάστῳ
1375 2674 1535 2711 πράγματι,
1560 2673 1669 2711 Γραφῆς

883 2708 1047 2745 ὴξιώθησαν,
1060 2708 1218 2743 ἐξεταστέον
1230 2709 1261 2745 δὴ
1278 2708 1487 2745 μήποτείειοιῗ
1501 2708 1587 2737 Certe
1599 2708 1670 2745 ejus-

885 2746 956 2772 Inodi
974 2744 1053 2772 lectio
1067 2746 1156 2772 mimis
1168 2744 1269 2772 absona
1280 2744 1399 2777 'vi'detnr,
1414 2748 1452 2777 et,
1469 2745 1490 2771 si
1509 2744 1552 2772 eui
1569 2745 1668 2779 placet,

885 2781 1014 2819 vertenda
1029 2781 1101 2819 erit_:
1119 2781 1172 2819 (εἰ
1185 2780 1282 2819 litteris
1296 2779 1446 2815 consignati
1460 2779 1580 2819 Ntllneri,
1594 2779 1670 2813 juxta

886 2816 1030 2851 quamdam
1051 2816 1196 2852 unicuique
1215 2815 1254 2844 rei
1277 2823 1426 2851 congruam
1449 2815 1671 2851 proportionem.
