1869 3046
61 98 106 126 τιίὸ

590 97 770 126 (ΣΟΜΜΕΝΤ.
789 98 823 126 IN
840 97 937 128 «ΙΟΛΝ,
957 98 1077 127 TOMUS
1095 99 1131 128 Χ.

1623 102 1677 130 3H.

61 156 164 191 γήσςων.
179 153 255 188 Δόξει
266 153 356 181 τοίνυν
369 153 408 190 τῷ
421 155 542 192 ἱστορίαν
558 154 627 183 εἶναι
640 156 776 192 νομίζοντι
791 155 834 192 τὴι

937 156 996 185 loco
1009 159 1157 195 secundum
1173 158 1474 194 circumscriptionem,
1491 160 1587 188 eodem
1609 164 1678 188 tem-

60 201 150 230 τούτων
162 200 270 236 γραφὴν
286 200 355 236 ἢδιὰ
369 201 474 234 εἰκόνος
493 202 633 238 ἱστορικῆς
645 203 713 238 πρός
727 211 788 229 τινα
803 203 838 230 τὰ

61 249 114 276 5m
128 247 295 283 παραστῆσαι
311 247 461 283 πράγματα
487 247 553 283 (7i),
572 249 675 276 καὶτὸν
691 249 757 275 Θεὸν
772 250 838 275 ὑπο-

59 293 208 330 λαμϐάνοντι
225 293 296 320 κατὰ
311 293 487 330 περιγραφὴν
504 293 574 321 εἶναι
590 295 619 321 ὲν
630 295 716 330 τόπῳ.
733 295 770 331 μὴ
790 295 837 321 δυ-

60 340 162 375 νάμενον
173 338 212 374 τῷ
230 338 305 374 αὺτῷ
325 339 451 372 πλείονας
467 340 555 375 ἑαυτῷ
572 341 721 376 ἐμποιῆσαι
736 350 838 376 φαντα-

60 387 112 418 σίας
135 385 259 418 πλείοσιν,
282 386 312 412 ὲν
332 385 437 412 πλείοσι
454 386 557 419 τόποις,
574 387 621 413 καὶ
646 387 755 414 πλείονα
779 387 837 424 ἅμα

59 431 145 466 λέγειν,
171 431 280 458 δυνατὸν
299 431 355 467 (72)
379 429 448 458 εἶναι
464 432 607 467 ἀληθεύειν
628 432 675 466 οὓς
697 433 837 470 ὑπεθέμην

58 477 188 512 τέσσαρας,
211 476 251 513 τῷ
263 477 393 504 ἀδύνατον
408 475 476 505 εἶναι
497 479 526 505 ὲν
543 479 612 514 τῷδέ
626 488 679 506 τινι
702 479 741 515 τῷ
760 489 837 508 τετα-

58 523 140 559 γμένῳ
154 522 240 559 καιρῷ
255 523 300 549 τὸν
313 522 379 550 Θεὸν
398 521 476 555 εἶναι,
492 523 539 550 ἆτε
558 524 605 551 καὶ
619 524 690 551 κατὰ
704 532 837 561 περιγρα-

58 569 104 605 φὴν
118 569 193 596 αὑτὸν
214 568 375 604 νενοημένον
394 569 422 595 ἐν
436 569 511 604 τόπῳ
529 566 610 602 εἶναι,
629 570 675 597 καὶ
691 571 768 606 τῷδε,
789 570 836 597 καὶ

57 615 116 651 τῷδε
133 615 218 650 λέγειν
236 615 310 648 τάδε,
326 615 374 642 καὶ
392 614 521 647 τάδε,καὶ
539 617 626 642 ποιεῖν
639 616 711 649 τάδε,
732 617 778 643 καὶ
801 616 836 643 τὰ

58 663 151 695 τούτοις
166 663 284 695 ἐναντία,
305 663 362 695 καὶ,
380 662 445 698 φέρε
459 663 558 694 είπεῖν,
574 661 754 698 καθεζόμενον
768 663 835 699 ἅμα,

58 710 98 737 καὶ
106 709 203 736 ἑστῶτα
219 708 297 736 εἶναι·
311 710 334 736 εί
347 710 361 736 6
374 709 424 744 μὲν
444 708 511 744 τῷδε
525 707 564 744 τῷ
576 708 665 744 καιρῴ
679 709 766 744 λέγων
781 709 836 745 (75)

57 756 129 784 αὑτὸν
140 755 243 783 ἑστῶτα
256 756 318 784 τάδε
335 756 396 784 τινὰ
411 756 562 792 εἰρηκέναι.
578 756 595 793 ἢ
610 756 790 792 πεποιηκέναι
806 757 838 785 ἐν

57 802 116 838 τῷδε
131 803 168 838 τῷ
181 802 269 838 τόπῳ,
286 803 301 829 6
315 803 344 830 δὲ
360 803 552 838 καθεζόμενον.

889 209 956 238 pore
971 208 1152 237 nequeuntem
1170 204 1261 237 plures
1279 204 1312 232 de
1332 205 1392 239 ipso
1413 205 1573 239 ingenerare
1597 199 1678 233 visio-

890 257 939 276 nes
955 248 1093 283 pluribus,
1121 249 1147 276 in
1164 249 1288 284 pluribus
1306 249 1391 282 locis,
1420 258 1470 278 nec
1493 250 1570 285 plura
1594 251 1676 278 etiam

889 294 968 322 simul
981 294 1088 327 dicere,
1105 294 1242 321 videbitur
1257 295 1423 329 impossibile
1438 303 1500 323 esse
1517 300 1546 323 ut
1564 297 1591 324 hi
1609 304 1678 331 qua.

889 343 961 373 tuor,
975 348 1043 375 quos
1058 341 1251 375 supposuimus
1262 361 1270 374 ,
1282 348 1347 369 vera
1367 347 1478 369 narrent
1492 350 1525 371 ex
1540 350 1572 371 eo
1583 364 1590 377 ,
1603 343 1677 378 quod

889 386 969 414 facile
983 385 1056 413 factu
1071 394 1124 414 non
1136 387 1172 414 sit
1186 386 1270 414 Deum
1283 394 1344 416 esse
1359 387 1386 414 in
1402 388 1454 416 hoc
1469 390 1585 423 quodam
1600 393 1675 417 certo

890 438 1028 468 tempore,
1053 433 1116 468 quia
1142 433 1223 461 etiam
1247 435 1436 463 consideratus
1460 435 1544 462 fuerit
1563 443 1625 463 esse
1646 435 1674 463 in

888 479 947 506 loco
960 479 1108 506 secundum
1122 479 1403 514 circumscriptiOnom
1414 500 1422 511 ,
1437 485 1463 508 et
1488 480 1563 512 huic,
1583 485 1611 508 et
1638 479 1676 508 illi

889 525 957 556 haec,
974 530 1002 552 et
1017 524 1059 552 illa
1075 525 1179 558 dicere,
1194 529 1222 553 et
1240 525 1329 553 facere
1346 526 1421 558 tunc,
1445 531 1472 553 et
1497 526 1540 554 his
1566 532 1677 554 contra-

888 571 988 604 ria,et,
1003 576 1031 598 ut
1050 571 1086 598 ita
1109 571 1215 603 dicam,
1240 571 1379 599 sedentem
1407 571 1487 599 simul
1505 577 1532 599 et
1558 576 1674 600 stantem

887 625 964 649 esse;
982 617 1114 652 siquidem
1131 624 1200 644 unus
1215 617 1287 645 dicat
1313 618 1362 645 hoc
1378 621 1500 652 tempore
1521 625 1582 645 eum
1601 623 1676 644 stau-

889 667 941 688 tem
955 662 1012 689 tunc
1027 661 1129 690 dixisse
1140 683 1148 695 ,
1164 667 1192 692 et
1209 662 1267 690 lucc
1281 662 1380 690 fecisse
1400 662 1427 689 in
1445 663 1496 691 hoc
1515 663 1585 696 loco,
1605 662 1676 691 alius

888 715 952 736 vero
967 708 1121 741 sedentem.

86 845 110 872 ί.
120 832 221 883 Ὠσπερ
234 832 279 874 οὖν
292 847 339 874 ἰπὶ
353 832 468 879 τούτωνξ
481 843 517 874 ὦν
526 846 675 882 ὑπεθέμην,
690 846 834 882 ὲκληφθεὶς

922 850 948 879 4.
970 849 1006 878 Ut
1020 849 1103 885 igitur
1119 856 1215 877 sensus
1229 852 1373 884 perceptus
1386 846 1593 879 historicorum,
1610 846 1676 875 eba-

56 891 69 918 ὸ
83 890 138 923 νοῦς
148 891 201 919 τῶν
219 892 374 928 ἱστορικῶν,
389 893 544 928 χαρακτῆρι
558 892 741 928 βουληθέντων
761 893 836 929 ἡμᾶς

55 935 148 969 διδάξαι
160 935 192 963 τὰ
204 936 257 963 ὑπὸ
273 936 319 963 τοῦ
332 936 378 964 νοῦ
392 937 483 964 αὐτῶν
491 937 694 973 τεθεωρημένα,
707 938 836 974 οὐδεμίαν

56 982 85 1009 ἂν
99 982 215 1018 εὑρεθείη
233 982 301 1018 ἔχων
317 983 475 1018 διαφωνίαν,
494 985 518 1011 εί
536 984 560 1010 οἱ
575 984 706 1021 τέσσαρες
721 983 775 1012 εἶεν
790 993 835 1012 σο-

57 1028 104 1062 φοί·
118 1028 184 1056 οὕτω
195 1029 307 1065 νοητέον
317 1029 364 1056 καὶ
379 1030 425 1056 ὲπὶ
439 1029 492 1057 τῶν
508 1029 648 1065 τεσσάρων
663 1029 735 1066 ἔχειν
751 1031 834 1065 εὐαγ-

55 1074 183 1108 γέλια-τῶν,
200 1075 455 1112 καταχρησαμένων
470 1076 519 1112 μὲν
532 1076 638 1108 πολλοῖς
649 1076 704 1103 τῶν
723 1076 793 1103 κατὰ
806 1077 835 1103 τὸ

56 1121 183 1156 τεράστιον
206 1122 256 1148 καὶ
279 1121 495 1158 παραδοξότατον
516 1122 566 1157 τῆς
589 1122 729 1158 δυνάμεως
748 1122 834 1158 Ἰησοῦ

56 1167 248 1203 πεπραγμένοις
262 1168 309 1195 καὶ
324 1168 489 1204 είρημένοις,
505 1168 560 1194 ἐσθ’
577 1168 644 1195 ὅπου
668 1168 715 1195 καὶ
735 1177 836 1204 προσυ-

56 1213 184 1247 φηνάντων
202 1215 237 1250 τῇ
254 1214 349 1250 Γραφῇ
377 1214 448 1250 μετά
470 1214 579 1247 λέξεως,
597 1215 635 1246 ὡς
652 1215 717 1250 περὶ
739 1215 834 1252 αἰσθη-

54 1259 100 1286 τῶν
114 1260 180 1295 (74),
199 1260 230 1287 τὸ
245 1260 373 1297 καθαρῶς
389 1261 493 1296 νοητῶς
513 1261 605 1294 αὐτοῖς
620 1261 833 1297 τετρανωμένον.

56 1305 88 1332 υὺ
101 1306 294 1341 καταγινώσκω
313 1307 399 1342 δήπου
418 1307 466 1335 καὶ
481 1307 522 1341 τὺ,
539 1307 577 1340 ὡς
603 1308 673 1334 κατά
693 1307 742 1344 τὴν
764 1309 835 1335 ἱστο-

57 1353 117 1388 ρίαν,
140 1355 240 1391 ἑτέρως
262 1354 418 1390 γενόμενον,
445 1354 514 1390 πρὸς
534 1354 564 1381 τὸ
582 1355 717 1390 χρήσιμον
732 1355 835 1382 τούτων

57 1400 174 1434 μυστικοῦ
189 1400 292 1428 σκοποῦ
314 1400 486 1436 μετατιθέναι
502 1409 561 1432 πως
582 1401 690 1434 αὐτοὺς,
703 1401 773 1428 ῶστε
795 1402 834 1428 εί⁴

55 1448 107 1474 πεῖν
118 1447 146 1474 τὸ
158 1449 186 1474 ἂν
202 1448 278 1484 τόπῳ
294 1447 448 1483 γενόμενον,
465 1447 503 1479 ὼς
515 1449 543 1474 ὲν
555 1448 649 1484 ἑτέρῳ·
670 1447 687 1483 ἢ
699 1447 730 1474 τὸ
739 1448 767 1474 ἐν
779 1447 834 1482 τῷ-

53 1492 121 1529 δετῷ
134 1493 231 1529 καιρῷ,
249 1493 287 1526 ὡς
302 1494 331 1520 ἐν
347 1493 431 1529 ἄλλῳ,
447 1493 494 1521 καὶ
510 1493 540 1520 τὺ
551 1494 651 1521 οὑτωσὶ
666 1493 833 1528 ἀπαγγελλό-
848 1507 870 1536 c

55 1547 126 1573 μενον
136 1540 191 1576 (75)
211 1540 282 1576 μετά
294 1548 366 1572 τινος
382 1539 559 1576 παραλλαγῆς
573 1539 672 1571 αὐτοὺς
687 1539 836 1574 πεποιηκέ-

53 1593 100 1612 ναι.
113 1587 258 1621 Προέκειτο
269 1586 324 1622 γὰρ
339 1586 440 1618 αὐτοῖς,
462 1586 530 1613 ὅπου
545 1586 594 1621 μὲν
611 1585 750 1621 ἐνεχώρει,
770 1585 836 1623 ἀλη-

54 1630 132 1659 θεύειν
147 1633 342 1668 πνευματικῶς
358 1632 417 1668 ἅμα
443 1632 490 1659 καὶ
514 1631 688 1667 σωματικῶς·
713 1632 780 1659 ὅπου
798 1632 835 1668 μὴ

53 1678 180 1714 ἐνεδέχετο
187 1679 362 1715 ἀμφοτέρως,
379 1677 536 1714 προκρίνειν
550 1677 580 1704 τὸ
591 1676 775 1712 πνευματικὸν
788 1677 835 1705 τοῦ

54 1726 209 1760 σωματικοῦ,
230 1725 384 1761 σωζομένου
404 1724 533 1756 πολλάκις
555 1723 602 1750 τοῦ
618 1723 735 1760 ἀληθοῦς
756 1732 837 1751 πνευ-

54 1770 159 1804 ματικοῦ
180 1772 210 1798 ὲν
224 1770 265 1806 τῷ
280 1770 440 1806 σωματικῷ,
457 1770 495 1802 ὼς
521 1769 555 1796 ἂν
568 1769 641 1796 εἴποι
663 1777 715 1802 τις,
731 1769 833 1804 ψευδεῖ·

52 1814 85 1847 ὡς
104 1817 126 1843 εἰ
143 1818 189 1844 καὶ
214 1817 271 1844 ἀπὸ
291 1817 341 1852 τῆς
358 1816 478 1852 ἱστορίας
493 1815 629 1851 λέγοιμεν,
641 1815 682 1842 ὅτι
703 1816 717 1842 6
739 1815 836 1842 Ἰακὼϐ

52 1862 154 1895 φάσκων
170 1862 210 1899 τῷ
234 1863 336 1890 Ἰσαάκ”
353 1872 362 1888 ι
386 1861 456 1897 Ἐγὼ
477 1861 564 1889 Ἦσαῦ
577 1862 592 1888 6
605 1861 775 1898 πρωτότοκός
789 1870 836 1888 σου

51 1907 112 1940 υίὸς,
124 1918 133 1934 ι
147 1910 218 1936 κατά
231 1909 281 1945 μὲν
295 1909 327 1935 τὸ
340 1908 523 1944 πνευματικὸν
539 1908 665 1944 ἡλήθευε,
678 1907 837 1942 μεταλαϐὼν

50 1953 98 1980 τῶν
114 1955 307 1991 πρωτοτοκίων
329 1955 379 1991 ἤδη
400 1955 429 1981 ὲν
447 1954 486 1990 τῷ
503 1954 611 1990 ἀδελφῷ
628 1953 838 1989 παραπολλυμέ-

50 2009 107 2033 νων,
121 2002 167 2028 καὶ
178 2002 224 2029 διὰ
234 2002 284 2037 τῆς
295 2002 392 2037 στολῆς
407 2002 460 2029 τῶν
473 2010 502 2028 τε
514 2000 626 2037 ἑριφίων
638 2000 780 2036 δερμάτων
791 2000 837 2027 τὸν

50 2045 142 2078 ἔξωθεν
160 2048 324 2084 χαρακτῆρα
349 2047 396 2075 τοῦ
418 2046 503 2074 Ἠσαῦ
526 2046 679 2079 ἀναλασὼν,
699 2047 745 2074 καὶ
761 2047 838 2081 γενόι

52 2100 124 2126 μενος
137 2094 223 2130 χωρὶς
236 2094 286 2129 τῆς
302 2092 431 2128 αίνοὺσης
443 2093 488 2119 τὸν
503 2092 569 2119 Θεὸν
578 2092 669 2128 φωνῆς
683 2092 779 2125 Ἡσαῦ,
793 2093 837 2120 ἵνα

50 2137 134 2173 χώραν
154 2139 224 2175 λάϐῃ
244 2139 312 2175 πρὸς
326 2139 356 2166 τὸ
371 2137 550 2174 ιὺλογηθῆναι
572 2138 685 2174 ὕστερον
702 2138 716 2165 ὁ
740 2137 835 2166 Ἡσαῦ.

886 901 992 925 ractere
1008 901 1034 925 et
1048 896 1134 924 forma
1161 896 1189 923 in
1214 895 1259 924 bis
1286 902 1355 930 quos
1382 894 1512 929 supposui
1535 893 1604 921 velle
1627 901 1676 921 nus

886 944 988 976 dicere,
1008 950 1069 979 qua
1084 950 1164 970 mens
1179 942 1298 978 ipsorum
1314 941 1497 976 perspexerit,
1516 940 1616 967 nullam
1634 940 1677 968 in-

886 989 1023 1015 veniretur
1037 988 1138 1015 habere
1157 987 1370 1018 dissonantium,
1389 987 1411 1014 si
1429 990 1545 1020 quatuor
1567 985 1672 1013 iuerint

886 1035 1038 1070 sapientes;
1057 1035 1098 1062 sic
1120 1035 1203 1061 etiam
1226 1033 1253 1060 in
1274 1038 1394 1068 quatuor
1416 1032 1592 1067 evangelistis
1617 1039 1674 1059 rem

885 1087 915 1109 se
935 1081 1038 1110 habere
1065 1079 1271 1114 intelligendum
1296 1083 1356 1112 est,
1379 1078 1554 1105 abutentibus
1582 1077 1675 1105 multis

886 1131 942 1154 tum
955 1126 1036 1154 dictis
1047 1125 1128 1158 Iesu,
1140 1125 1218 1160 juxta
1233 1125 1305 1152 illius
1327 1124 1511 1158 Prodigiosam
1536 1128 1564 1151 et
1588 1124 1674 1151 admi-

886 1171 1078 1200 rabilissimam
1093 1170 1260 1206 potentiam;
1285 1169 1422 1197 interdum
1449 1170 1532 1197 etiam
1553 1174 1675 1196 attcxeu-

887 1217 957 1244 tibus
976 1216 1008 1244 ad
1026 1216 1195 1251 Scripturam
1209 1223 1271 1244 cum
1289 1215 1407 1242 dictione
1426 1215 1508 1242 veluti
1533 1215 1566 1241 de
1586 1215 1675 1242 sensi-

886 1263 995 1295 bilibus,
1009 1262 1079 1297 quod
1097 1261 1150 1289 illis
1163 1269 1230 1296 puro
1246 1269 1278 1289 ac
1291 1261 1349 1289 solo
1361 1261 1498 1288 intellectu
1517 1262 1675 1288 manifesta-

885 1313 942 1336 tum
969 1313 1039 1335 erat.
1069 1306 1130 1334 Non
1160 1307 1330 1341 reprehendo
1362 1313 1453 1335 autem
1480 1308 1555 1342 ipsos
1582 1307 1676 1342 aliquo

885 1360 965 1390 pacto
995 1352 1195 1389 transposuisse
1220 1354 1254 1381 ad
1284 1353 1428 1381 utilitatem
1459 1354 1580 1390 mysticae
1610 1361 1677 1381 con-

885 1403 1057 1430 siderationis
1083 1403 1179 1430 harum
1205 1409 1314 1434 rerum,
1352 1401 1380 1429 id
1418 1401 1508 1435 quod,
1541 1405 1675 1435 quantum

886 1450 984 1477 attinet
999 1449 1032 1476 ad
1048 1449 1203 1481 historiam,
1217 1448 1271 1476 alio
1288 1448 1368 1474 modo
1384 1447 1485 1475 factum
1508 1447 1610 1478 fuerat,
1637 1446 1672 1473 ita

887 1499 916 1522 ut
929 1494 1002 1529 quod
1019 1502 1073 1522 uno
1087 1494 1146 1522 loco
1164 1494 1267 1521 factum
1292 1493 1396 1524 funerat.
1423 1497 1553 1527 tanquam
1570 1492 1598 1519 in
1622 1491 1675 1519 alio

887 1545 991 1576 gestum
1004 1541 1051 1574 sit,
1067 1545 1229 1572 narrarent;
1246 1539 1322 1575 165
1337 1539 1378 1566 vel
1390 1540 1462 1574 quod
1474 1547 1526 1566 uno
1541 1543 1675 1573 tempore,

887 1591 1016 1622 tanquam
1031 1587 1058 1614 in
1074 1586 1142 1619 alio;
1161 1592 1189 1613 et
1202 1585 1281 1617 illud.
1297 1585 1368 1619 quod
1386 1593 1439 1612 uno
1457 1584 1536 1612 modo
1555 1592 1678 1619 pronun—

888 1633 983 1660 tiatum
1012 1632 1112 1664 fuerat.
1137 1639 1200 1659 cum
1217 1631 1334 1665 quadam
1353 1630 1514 1657 alteratione
1530 1630 1675 1657 referrent.

886 1677 1060 1712 Propositum
1076 1677 1150 1705 enim
1172 1677 1226 1703 illis
1249 1681 1308 1704 erat
1331 1683 1396 1703 vera
1413 1683 1543 1707 narrare,
1561 1679 1588 1702 et
1598 1675 1677 1710 spiri-

888 1723 998 1751 tualiter
1010 1727 1037 1750 et
1052 1722 1241 1757 corporaliter,
1258 1722 1304 1749 ubi
1320 1722 1429 1753 liceret;
1449 1721 1494 1749 ubi
1515 1727 1606 1749 autem
1623 1729 1676 1748 non

887 1769 1063 1804 contingebat
1089 1774 1245 1803 utrumque,
1270 1776 1327 1796 rem
1356 1767 1486 1802 pra-ferre
1506 1767 1676 1802 spiritualem

888 1816 928 1844 rei
951 1823 1102 1850 corporeae,
1121 1819 1228 1842 servata
1255 1821 1328 1848 sa'pe
1350 1814 1465 1841 veritate
1490 1813 1624 1848 spirituali
1650 1813 1676 1840 in

888 1860 1037 1896 corporali,
1060 1864 1090 1887 ut
1110 1860 1210 1894 aliquis
1227 1859 1348 1891 diceret,
1369 1859 1521 1887 mendacio.
1537 1857 1676 1891 Quemad-

887 1907 996 1934 modum
1013 1905 1036 1934 εἰ
1055 1906 1137 1933 etiam
1161 1913 1195 1932 ex
1223 1905 1336 1932 historia
1355 1904 1510 1931 diceremus
1533 1903 1620 1931 Jucob
1635 1903 1677 1930 di—

888 1957 993 1981 centem
1007 1951 1098 1980 Isaac:
1126 1960 1135 1978 ι
1153 1951 1208 1986 Ego
1222 1959 1281 1978 sum
1301 1951 1372 1977 Esau
1393 1949 1590 1985 primogenitus
1615 1954 1678 1976 tuus

889 1998 961 2026 ﬁlius
972 1998 1006 2031 ⁷⁵,
1024 2007 1033 2023 ι
1053 1997 1200 2025 secundum
1223 1996 1390 2023 intellectum
1413 1995 1521 2030 quidem
1546 1995 1677 2030 spiritua-

888 2044 940 2071 lem
956 2051 1082 2071 narrasse
1094 2050 1158 2071 vera
1176 2042 1346 2077 (participem
1363 2041 1464 2069 factum
1481 2041 1678 2075 primogenitu-

889 2098 999 2123 rarum.
1019 2097 1079 2124 quae
1107 2089 1133 2116 in
1152 2089 1236 2117 fratre
1259 2088 1315 2124 jam
1342 2088 1498 2123 perierant,
1513 2091 1541 2115 et
1571 2091 1677 2122 recepta

889 2135 975 2162 forma
989 2139 1016 2162 et
1032 2135 1117 2169 figura
1144 2134 1216 2161 Esau
1241 2139 1357 2160 externa
1374 2141 1421 2168 per
1435 2137 1537 2160 vestetn
1555 2132 1676 2159 haedina-

50 2183 119 2219 Τάχα
130 2185 185 2221 γὰρ
199 2186 225 2212 εί
249 2185 286 2222 μὴ
303 2185 437 2222 ηὐλόγητο
458 2183 555 2211 Ἰακὼὸ
570 2184 607 2216 ὼς
628 2184 724 2216 Ἡσαῦ,
740 2184 790 2211 οὐκ
802 2183 834 2210 ἂν

923 2189 948 2207 m
964 2180 1100 2216 pellium).
1122 2185 1204 2215 atque
1229 2179 1332 2207 factum
1349 2179 1420 2206 Esau
1447 2178 1507 2206 sine
1528 2185 1594 2206 vace
1621 2178 1678 2205 lau-

49 2229 103 2258 οὐδὲ
123 2232 207 2259 Ἡσαῦ
220 2232 282 2260 καθ’
296 2232 392 2259 ἑαυτὸν
402 2230 529 2263 δέξασθαι
538 2231 588 2266 τὴν
600 2231 724 2265 εὐλογίαν
739 2228 794 2264 οἷός
805 2240 834 2258 τε

49 2273 88 2309 ἧν.
99 2277 154 2304 Καὶ
169 2279 184 2305 ὸ
203 2278 308 2313 Ἰησοῦς
327 2277 418 2305 τοίνυν
434 2276 519 2304 πολλά
534 2277 592 2303 ἔστι
616 2278 676 2308 ταῖς
691 2277 836 2309 ἐπινοίαις,

48 2317 82 2348 ὧν
90 2324 216 2352 ἐπινοιῶν
224 2325 297 2356 είκδς
306 2324 370 2356 τοὺς
377 2322 571 2358 εὐαγγελιστὰς
579 2322 722 2358 διαφόρους
732 2323 836 2355 ἐννοίας

48 2367 240 2403 λαμϐάνοντας,
253 2370 309 2398 Ξσθ’
325 2369 369 2396 ὅτε
381 2369 429 2396 καὶ
440 2368 663 2404 συμφερομένους
676 2367 834 2403 ἄλλους(76)

47 2415 106 2450 περί
122 2424 204 2443 τινων
219 2415 439 2452 ἀναγεγραφέναι
453 2414 486 2442 τὰ
498 2414 661 2449 Εὑαγγέλια·
671 2411 726 2442 οἷον
736 2413 834 2449 ἀληθὲς

47 2461 127 2489 εἰπεῖν
142 2463 188 2494 τὰ,
201 2463 240 2495 ὡς
257 2463 326 2499 πρὸς
337 2463 387 2498 τὴν
407 2461 490 2494 λέξιν,
510 2461 684 2496 ἀντικείμενα
704 2459 769 2495 περὶ
786 2459 832 2486 τοῦ

47 2507 142 2544 Κυρίου
158 2509 250 2546 ἡμῶν,
268 2510 308 2538 ὅτι
328 2510 439 2545 γέγονεν
453 2509 486 2535 ὲκ
502 2507 598 2540 Δαυῖδ,
616 2507 663 2534 καὶ
677 2507 708 2533 οὐ
722 2506 833 2541 γέγονεν

78 2554 101 2570 ’⁸
114 2555 186 2584 Gen.
200 2564 291 2590 nvu,
311 2557 355 2584 t9.

78 2616 135 2652 (71)
157 2619 193 2647 Ἡ
217 2618 267 2646 διὰ
289 2619 406 2651 εἰκόνος
429 2616 583 2652 ἱστορικῆς
608 2616 683 2652 πρός
707 2615 836 2652 τινα-»τὰ

47 2652 115 2682 ὄντα
126 2649 334 2689 ’παραστῆσαι
348 2649 580 2689 πρᾶγματάηὸἷὲ
592 2649 653 2689 cod.
669 2651 761 2689 ΒορΙά
783 2649 836 2677 lte-

48 2689 103 2720 xius
117 2685 262 2723 perperam
273 2685 376 2720 liabet;
401 2685 454 2716 ίδὶα
469 2688 575 2720 είκὸνος
597 2685 737 2722 ίστορικῆς
750 2693 835 2721 προσ-

47 2723 129 2752 θοιτὺν
143 2724 210 2752 ὄντα
226 2724 402 2760 παραστῆσαι
417 2723 452 2751 τὰ
467 2723 627 2760 πράγματα.

81 2759 135 2793 (72)
154 2755 302 2788 Δυνατόν.
320 2755 431 2788 Videtur
445 2755 619 2787 scribendum
634 2755 776 2788 ἀδύνατον,
794 2755 832 2783 uti

51 2793 112 2827 legit
126 2793 282 2822 Ferrarius.

82 2830 137 2867 (73)
156 2829 271 2866 Λέγων.
286 2830 402 2859 Omnino
417 2828 589 2858 scribendum
603 2832 645 2856 cst
656 2827 741 2862 λέγοι.

888 2227 970 2255 dante
984 2227 1085 2260 Deum,
1115 2231 1144 2254 ut
1167 2227 1266 2254 deinde
1291 2226 1379 2253 locum
1405 2226 1540 2254 inveniret
1557 2225 1627 2253 Esau
1645 2224 1678 2251 ad

888 2273 1105 2301 benedictionem
1120 2273 1350 2308 consequendam.
1369 2272 1435 2299 Nam
1447 2271 1572 2303 fortasse,
1587 2273 1613 2298 ni
1629 2272 1679 2299 he-

889 2320 1015 2348 nedictus
1028 2319 1125 2348 fuisset
1140 2319 1225 2348 Jacob
1243 2325 1371 2354 tauquam
1389 2319 1469 2349 Esau.
1487 2326 1522 2346 ne
1536 2318 1606 2345 Esau
1619 2318 1679 2352 qui-

888 2366 950 2394 dem
971 2374 1071 2402 capere
1087 2366 1222 2401 quivissct
1246 2373 1280 2392 ex
1298 2373 1329 2393 se
1355 2364 1583 2393 benedictionem.
1600 2362 1679 2391 Jestvs

889 2412 970 2447 igitur
983 2412 1067 2440 multa
1076 2417 1117 2440 est
1126 2412 1273 2440 secundum
1284 2413 1376 2439 varias
1387 2411 1522 2443 notiones,
1532 2418 1564 2438 ex
1581 2409 1678 2444 quibus

887 2459 1028 2494 probabile
1040 2465 1084 2486 est
1100 2458 1281 2494 evangelistas
1295 2458 1420 2485 notiones
1432 2460 1572 2484 sumentes
1587 2455 1678 2482 diver-

887 2513 947 2539 sas,
961 2505 1097 2534 interdum
1109 2505 1190 2533 etiam
1205 2506 1273 2533 alias
1284 2504 1318 2532 de
1329 2502 1491 2539 quibusdam
1505 2501 1678 2530 consentien-

1203 2580 1220 2594 ε

923 2611 979 2647 (74)
1005 2611 1052 2647 Ὡς
1065 2611 1134 2647 περὶ
1147 2608 1308 2645 αἰσθητῶν.
1333 2607 1416 2636 Forte
1432 2606 1606 2635 scribendum
1628 2604 1680 2632 ὠσ-

887 2646 966 2681 περεὶ
981 2646 1119 2681 αἰσθητόν,
1135 2652 1188 2673 etc.

922 2656 1284 2744 {isfiﬁiiﬂatfvhgd‘leianua
1298 2678 1397 2707 οὑτωσὶ
1418 2675 1656 2711 ἀπαγγελλόμενον
1667 2683 1676 2691 ·

922 2726 972 2744 rex
989 2717 1099 2744 Regius.
1115 2716 1194 2744 male.
1207 2715 1294 2744 οὕτως
1313 2715 1338 2741 εί
1355 2712 1598 2744 ἐπαγγελλόμενον.
1616 2711 1674 2738 Μιικ

886 2711 975 2747 codex,
989 2717 1099 2751 Regius,
1115 2716 1194 2747 male.
1207 2715 1294 2748 οὕτως
1313 2715 1338 2741 εί
1355 2712 1598 2751 ἐπαγγελλόμενον.
1616 2711 1674 2738 Μιικ

885 2754 969 2781 codex
978 2747 1160 2814 ἐΒοιῙΙιξίέέηιιε,
1182 2755 1266 2784 recte,
1281 2748 1475 2785 πεποιηκέναι,
1496 2747 1606 2782 Regius,
1623 2755 1673 2772 m-

887 2796 975 2814 ποντικ
993 2797 1046 2814 ναι.

887 2796 1046 2816 πονηκεναι.

920 2805 990 2861 lviii)“
997 2805 1135 2858 ιᾸῖίλους.
1154 2821 1333 2851 Scribcudum
1350 2819 1456 2848 videtur
1470 2816 1603 2853 ἀλλήλοις.
