1854 3043
202 94 255 122 319

932 93 1094 122 ORIGENIS

1786 91 1834 118 3L0

202 154 302 188 accipit
317 163 324 181 :
341 163 351 180 t
367 154 406 181 Tu
423 162 451 181 es
464 153 570 186 Petrus,
582 158 610 181 et
620 159 701 187 super
716 153 786 181 hanc
801 159 906 190 petratn
920 153 987 181 tedi-

1077 153 1118 184 ίας
1136 152 1213 188 μόλις
1233 151 1297 179 ποτὲ
1314 151 1362 178 καὶ
1379 151 1491 188 ὕστερον
1511 150 1647 187 λαμὸάνει
1663 150 1712 176 τό’
1734 158 1743 175 ι
1759 149 1796 175 Σὺ
1814 148 1834 175 εἴ

204 200 291 227 ﬁcabo
307 199 456 228 Ecclesium
471 206 558 226 meam
569 199 590 214 "
602 199 623 227 ‘.
638 198 782 226 »Ειιῐεευηι
795 199 904 233 quidem
918 199 988 233 apud

202 245 335 274 Joannem
343 250 493 281 agnoscunt
506 244 646 279 baptizare
662 244 791 272 Pharisaei
805 245 832 272 in
849 245 989 280 discipulis

203 292 273 328 ejus,
288 300 349 320 cum
368 291 430 318 aliis
440 291 523 319 rebus
535 290 681 326 praecipuis
696 291 781 318 etiam
793 291 843 318 hoc
864 290 987 319 faciens:

204 343 232 365 at
250 338 319 373 apud
337 342 390 365 tres
404 337 483 366 Iesus
495 337 704 372 haudquaquam
721 337 852 372 baptizat.
877 337 990 372 Insuper

203 382 323 418 Baptista
345 381 464 411 Joannes
479 384 548 419 apud
570 382 692 418 ejusdem
717 383 836 410 nominis
851 383 990 418 evangeli-

201 434 272 455 stam
285 434 440 462 perseverat
456 437 507 456 non
523 429 664 464 conjectus
679 429 705 456 in
723 436 874 456 carcerem.
888 428 989 456 Contra

201 475 272 508 apud
289 474 447 502 Mattlmum
463 475 519 503 fere
533 480 637 503 tentato
651 475 714 503 Jesu
730 475 758 502 in
777 483 915 503 carcerem
936 480 991 503 tra-

201 520 289 552 ditur;
303 528 384 555 quam
399 521 434 548 ob
447 529 559 548 causam
574 522 677 549 secedit
692 521 774 548 etiam
794 519 873 548 Iesus
888 521 915 547 in
933 520 989 548 Ga-

201 565 312 599 lilaeam,
331 574 431 594 cavens
444 567 514 594 trudi
531 567 556 594 in
570 574 709 595 carcerem
721 574 728 593 :
740 566 822 602 168
835 566 944 601 quando
957 574 990 594 ne

200 611 306 638 carceri
335 612 445 646 quidem
473 613 587 640 traditus
617 612 754 640 invenitur
775 612 896 647 Baptista
920 612 991 647 apud

198 657 343 684 Joannem.
367 657 485 685 Proinde
500 659 563 693 quis
584 658 652 686 adeo
669 658 777 693 sapiens
793 662 820 685 et
841 658 868 685 in
884 661 990 685 tantum

201 702 316 730 idoneus
326 707 378 735 est,
394 708 422 730 ut
437 708 520 730 totum
529 702 621 732 Jesum
637 711 670 731 ex
685 709 805 739 quatuor
815 703 995 739 evangelistis

201 748 301 782 discat,
321 750 421 784 quique
439 750 526 777 valeat
543 757 763 784 unamquamque
786 757 842 777 rem
863 749 989 784 privatim

200 802 361 828 agnoscere,
385 803 534 831 omnesque
544 795 645 824 Christi
667 795 759 822 videre
774 794 815 823 vel
833 795 990 830 peregrina-

201 840 301 873 tiones,
320 841 361 868 vel
384 849 540 874 sermones,
560 841 603 869 vel
628 841 730 876 opera?
747 842 783 870 Ac
796 843 989 870 convenienter
1005 835 1026 862 Β

199 887 307 922 quidem
320 889 445 922 praesenti
460 888 519 916 loco
526 888 712 916 existimamus
719 892 794 916 sexto
805 888 848 915 die
860 888 988 916 Servato-

200 941 271 966 rem,
285 933 395 968 quando
412 934 512 961 factum
530 938 571 961 est
593 934 731 970 negotium
755 933 820 960 illud
833 933 987 967 nuptiarum

200 979 228 1006 in
255 979 327 1007 Caua
349 979 476 1014 Galilaem,
502 979 675 1008 descendisse
700 978 901 1013 Capltarnaum,
917 979 989 1013 quod

199 1024 398 1059 interpretatur
413 1034 477 1060 ager
491 1025 691 1058 consolationis,
709 1031 770 1051 cum
789 1029 885 1057 matre,
897 1029 924 1052 et
936 1025 989 1052 l'ra-

200 1070 296 1103 tribus,
310 1074 338 1097 et
349 1070 499 1105 discipulis.
516 1070 556 1097 Ad
572 1077 668 1104 agrum
691 1077 808 1104 namque
823 1069 988 1097 consolatio—

200 1117 244 1143 nis
257 1121 317 1151 post
332 1116 439 1150 epulum
453 1117 518 1144 illud
531 1117 593 1144 vino
604 1116 712 1143 celebre
724 1123 785 1142 cum
798 1119 896 1147 matre,
912 1123 988 1144 cum-

199 1169 252 1196 que
268 1162 407 1197 discipulis
422 1163 514 1190 venire
528 1161 702 1189 Servalorcm
723 1168 836 1189 necesse
847 1165 907 1188 erat
922 1167 987 1188 con-

199 1208 351 1236 solaturum
377 1209 534 1243 discipulos,
557 1214 639 1243 atque
658 1216 718 1236 eam
741 1209 860 1236 animam
879 1216 940 1243 qua:
954 1204 1005 1234 ex'

200 1254 302 1289 Spiritu
322 1260 417 1281 sancto
431 1259 603 1289 conceperat,
620 1259 647 1281 et
655 1261 704 1281 eos
718 1255 763 1289 qui
780 1254 834 1281 illic
843 1254 986 1281 utilitatem

198 1304 382 1333 perceperunt
396 1307 403 1324 :
420 1299 637 1331 consolaturum,
655 1297 945 1333 inquam,efructibus
961 1297 990 1324 in

198 1351 265 1377 agro
280 1344 360 1378 pleno
374 1344 482 1371 futuris.

1039 199 1156 234 Πέτρος,
1177 199 1224 225 καί
1244 199 1291 225 ἐπὶ
1312 198 1397 234 ταύτῃ
1420 199 1454 233 τῇ
1480 198 1569 233 πέτρᾳ
1591 196 1771 231 οἰκοδομήσω
1788 204 1835 230 μω

1038 245 1087 280 τὴν
1106 244 1298 280 Ἐκκλησίαν.»
1316 245 1372 271 Καὶ
1393 246 1407 272 ὁ
1422 245 1473 280 μὲν
1492 244 1569 280 παρὰ
1583 243 1622 279 τῷ
1647 243 1766 279 Ἰωάννῃ
1789 243 1835 277 Ἰη-

1040 290 1103 321 σοῦς
1125 289 1289 324 γινώσκεται
1303 290 1381 327 παρὰ
1398 292 1456 321 τοῖς
1475 289 1632 325 Φαρισαίοις
1648 287 1794 324 βαπτίζων
1809 288 1835 314 ὲν

1039 337 1095 368 τοῖς
1111 337 1244 373 μαθηταῖς
1261 337 1355 369 αὑτοῦ,
1379 335 1517 372 βαπτίζων
1534 336 1589 372 (86)
1619 336 1668 362 καὶ
1684 335 1759 371 μετὰ
1785 334 1835 361 τῶν

1039 381 1126 408 ἄλλων
1148 381 1295 418 ὲξαιρέτων
1311 382 1358 409 καὶ
1372 381 1452 408 τοῦτο
1472 383 1570 410 ποιῶν-
1585 381 1599 407 ὸ
1615 381 1645 408 δὲ
1671 380 1753 416 παρὰ
1782 381 1835 410 τοῖς

1039 428 1128 464 τρισὶν
1158 427 1262 463 Ἰησοῦς
1291 427 1416 463 οὐδαμῶς
1443 427 1578 463 βαπτίζει.
1607 427 1668 454 Ἔτι
1694 426 1727 453 δὲ
1751 426 1801 452 καὶ
1823 427 1836 452 ὸ

1040 472 1195 509 Βαπτιστὴς
1221 473 1347 509 Ἰωάννης
1368 474 1450 510 μέχρι
1473 473 1571 500 πολλοῦ
1595 473 1673 509 παρὰ
1693 471 1736 508 τῷ
1760 472 1835 507 ὁμω-

1040 519 1117 555 νύμῳ
1134 520 1315 555 εὐαγγελιπῇ
1338 520 1455 555 διαρκεῖ,
1472 519 1509 555 μὴ
1532 518 1701 555 βεϐλημένος
1720 518 1762 549 είς
1788 527 1835 552 ςυ-

1040 566 1137 601 λακήν.
1157 565 1185 593 '0
1202 566 1231 593 δὲ
1250 566 1326 602 παρὰ
1347 566 1386 601 τῷ
1399 565 1533 600 Ματθαίῳ
1547 565 1638 600 σχεδὸν
1659 564 1750 600 Ἰησοῦ

1042 611 1192 648 ραζομένου
1214 612 1254 643 εἰς
1271 612 1319 647 τὴν
1342 610 1464 646 φυλακὴν
1483 610 1675 645 παραδίδοται·
1692 610 1729 636 δι’
1745 609 1776 636 ὃν
1791 610 1836 635 καὶ

1040 658 1204 694 ἀναχωρεῖὸ
1222 657 1323 694 Ἰησοῦς
1344 658 1384 689 είς
1400 657 1448 692 τὴν
1460 656 1604 683 Γαλιλαίαν
1621 655 1835 691 περιιστάμενος

1039 703 1070 730 τὸ
1093 703 1220 738 γενέσθαι
1235 704 1264 730 ὲν
1280 705 1314 739 τῇ
1339 703 1462 739 φυλακῇ*
1481 702 1537 730 ἀλλ’
1549 702 1609 729 οὐδὲ
1624 702 1789 738 εὑρίσκεται
1810 702 1837 726 ἐν

1041 748 1080 784 τῷ
1099 749 1210 786 Ἰωάννῃ
1227 750 1241 776 ὁ
1263 750 1420 786 Βαπτιστὴς
1448 749 1661 786 παραδιδόμενος
1682 748 1726 780 :1;
1751 748 1837 783 φυλα-

1042 795 1104 831 κήν.
1119 795 1168 827 Τίς
1190 795 1213 822 δ’
1232 795 1319 828 οὕτως
1343 795 1434 830 σοφὸς,
1451 795 1499 822 καὶ
1516 795 1564 821 ὲπὶ
1578 794 1705 821 τοσοῦτον
1729 794 1837 824 ἱκανὸς,

1039 840 1078 872 ὡς
1101 840 1191 867 πάντα
1214 840 1261 867 τὸν
1282 840 1386 876 Ἰησοῦν
1401 839 1456 867 ἀπὸ
1470 840 1524 867 τῶν
1546 840 1687 875 τεσσάρων
1719 839 1836 873 εὐαγγε-

1040 885 1138 912 λιστῶν
1167 885 1279 921 μαθεῖν,
1309 886 1356 913 καὶ
1385 885 1503 913 ἕκαστον
1533 885 1587 922 ίδίᾳ
1618 884 1748 921 χωρῆσαι
1775 885 1837 920 νοῆ-

1040 940 1086 958 σαι
1109 931 1176 967 (87),
1190 932 1238 960 καὶ⁴
1261 931 1352 964 πάσας
1371 932 1454 959 αὐτοῦ
1469 932 1519 964 τὰς
1535 931 1595 958 καθ’
1614 932 1733 958 ἕκαστον
1755 931 1837 958 τόπον

1042 977 1106 1004 ἰδεῖν
1119 977 1276 1013 ἐπιδημίας,
1285 978 1333 1005 καὶ
1340 977 1446 1013 λόγους,
1457 978 1505 1005 καὶ
1515 977 1599 1013 ἐργα;
1610 977 1667 1004 Καὶ
1677 977 1694 1004 ἃ
1707 976 1836 1013 μέντοιγε

1039 1024 1111 1050 κατὰ
1125 1023 1170 1050 τὸν
1185 1023 1241 1060 (88)
1266 1024 1447 1060 προκείμενον
1471 1024 1564 1057 τόπον,
1582 1023 1739 1056 ἀκολούθως
1758 1024 1837 1059 νομί-

1041 1069 1124 1105 ζομεν
1140 1070 1174 1106 τῇ
1192 1069 1262 1106 ἕκτῃ
1282 1070 1375 1106 ἡμέρα
1391 1071 1437 1098 τὸν
1458 1070 1573 1106 Σωτῆρα
1592 1069 1648 1105 (89)
1660 1089 1668 1101 ,
1686 1070 1732 1096 π
1756 1070 1838 1103 γεγέ-

1041 1124 1122 1151 νηται
1134 1116 1151 1151 ἡ
1171 1115 1242 1142 κατὰ
1259 1116 1304 1143 τὸν
1318 1116 1407 1152 γάμον
1421 1117 1563 1152 οἰκονομία
1576 1117 1605 1143 ὲν
1622 1114 1702 1149 Κανᾷ
1721 1115 1775 1150 τῆς
1788 1115 1838 1141 Γα-

1041 1161 1164 1194 λιλαίας,
1191 1161 1411 1198 καταδεδηκὲναι
1436 1163 1496 1197 ἆμα
1519 1163 1553 1198 τῇ
1583 1162 1688 1198 μητρὶ,
1712 1162 1761 1188 καὶ
1782 1163 1838 1191 τοῖς

1041 1207 1178 1242 ἀδελφοῖς,
1194 1208 1241 1234 καὶ
1261 1209 1317 1240 τοῖς
1336 1207 1470 1244 μαθηταῖς
1495 1209 1534 1239 είς
1561 1207 1610 1243 τὴν
1627 1208 1836 1243 Καφαρναοὺμ,

1039 1253 1107 1288 ὅπερ
1119 1253 1299 1289 ἑρμηνεύεται
1314 1254 1405 1289 ἀγρὸς
1419 1253 1641 1288 παρακλήσεως
1654 1253 1721 1289 (90).
1738 1253 1837 1289 Ἐχρῆν

1040 1298 1096 1334 γὰρ
1119 1299 1190 1334 μετὰ
1204 1299 1253 1334 τὴν
1275 1300 1303 1326 ὲν
1318 1299 1357 1335 τῷ
1374 1299 1438 1335 οἴνῳ
1457 1299 1575 1336 εὐωχίαν
1596 1299 1645 1326 καὶ
1664 1300 1704 1330 εἰς
1727 1299 1774 1326 τὸν
1789 1299 1838 1333 τῆς

1040 1345 1238 1380 παρακλήσεως
1259 1345 1344 1381 ἀγρὸν
1363 1345 1423 1381 ἅμα
1446 1347 1479 1382 τῇ
1499 1345 1593 1381 μητρὶ,
1610 1345 1659 1372 καί
1672 1346 1730 1376 τοῖς
1749 1344 1836 1379 μαθη-

1776 573 1833 584 9:5.

1780 582 1820 590 ..θ-

196 1390 256 1421 ταῖς
280 1389 438 1425 ἐληλυθέναι
456 1389 502 1417 τὸν
528 1389 657 1425 Σωτῆρα,
688 1388 914 1425 παρακαλέσοντα
940 1389 987 1416 ἐπὶ
1016 1391 1072 1423 τοῖς
1103 1393 1132 1418 ἐν
1156 1391 1196 1427 τῷ
1225 1391 1324 1428 πλήρει
1359 1391 1437 1428 ἀγρῷ
1465 1392 1604 1428 ἐσομένοις
1633 1393 1752 1427 καρποῖς
1774 1390 1836 1421 τοίς

200 1435 437 1471 μαθητευομὲνους
464 1436 512 1463 καὶ
534 1436 583 1472 τὴν
603 1435 794 1472 συπιειληφυίαν
818 1437 908 1474 ψυχὴν
928 1437 984 1473 (91)
1003 1438 1036 1464 ἐκ
1060 1438 1107 1466 τοῦ
1127 1439 1204 1473 ἁγίου
1223 1439 1400 1475 Πνεύματος,
1422 1440 1438 1476 ῆ
1465 1440 1529 1471 τοὺς
1551 1439 1608 1465 ἐκεῖ
1630 1437 1835 1474 ὠφελημένους.

237 1481 264 1506 7.
279 1481 459 1514 Quaerendum
474 1485 595 1507 attamen
609 1488 696 1515 quare
709 1481 743 1507 ad
768 1482 878 1516 nuptias
891 1481 990 1510 fratres
1004 1485 1026 1516 C

200 1526 259 1560 ejus
273 1534 326 1554 non
343 1532 490 1559 vocentur;
506 1526 554 1554 sed
568 1533 655 1562 neque
670 1532 746 1554 erant
759 1527 831 1561 illic;
853 1536 902 1556 nec
916 1528 988 1556 enitn

201 1572 303 1600 dictum
318 1577 379 1600 est:
394 1572 422 1599 ln
438 1572 628 1607 Capharnaum
642 1577 732 1600 autem
748 1573 914 1602 descendunt
929 1582 990 1602 cum

202 1618 272 1653 ipso,
288 1622 316 1645 et
335 1622 422 1646 matre
442 1626 502 1652 sua,
518 1623 546 1646 et
559 1619 710 1654 discipulis.
729 1619 842 1655 Insuper
864 1628 991 1656 quteren-

201 1669 265 1690 dum
291 1672 376 1699 quare
401 1672 474 1691 nunc
496 1671 549 1692 nou
570 1663 759 1699 ingrediuntur
782 1665 989 1700 Capharnaum,

202 1717 290 1744 neque
303 1710 455 1738 ascendunt
474 1710 508 1737 ad
524 1711 621 1745 ipsam.
637 1711 684 1739 sed
709 1713 886 1739 descendunt.
903 1712 991 1745 Quare

201 1756 263 1783 vide
277 1764 310 1783 an
329 1757 381 1784 hoc
397 1757 424 1783 in
442 1756 502 1784 loco
515 1764 564 1792 per
576 1756 677 1784 fratres
692 1757 873 1792 intelligenda:
885 1758 939 1785 sint
952 1759 992 1785 liae

200 1802 330 1837 potentia:
347 1809 407 1837 quae
424 1809 486 1829 cum
509 1803 569 1837 ipso
594 1802 808 1835 descenderunt,
829 1810 889 1838 quae
909 1803 991 1830 etiam

201 1850 234 1875 ad
265 1849 373 1884 nuptias
389 1852 491 1876 vocatae
516 1856 570 1876 non
595 1854 661 1876 sunt
682 1849 717 1876 ob
737 1856 769 1876 ea
787 1856 846 1883 quze
866 1847 992 1884 prmdixi-

202 1903 274 1928 mus,
289 1903 351 1923 cum
370 1896 441 1923 inl'ra
455 1901 483 1923 et
501 1896 527 1923 in
544 1895 611 1923 locis
629 1895 821 1923 humilioribus
833 1895 961 1930 juventur
973 1893 992 1921 ii

200 1942 247 1976 qui
264 1942 364 1970 Christi
379 1942 515 1970 habentur
529 1941 667 1976 discipuli,
695 1947 723 1970 et
747 1941 860 1969 alterius
882 1940 993 1976 generis

201 1988 339 2020 homines;
362 1989 507 2022 quoniam,
530 1989 552 2016 si
574 1993 688 2016 vocatur
721 1993 810 2015 mater
835 1987 910 2023 ejus.
937 1989 993 2018 sint

201 2036 311 2070 quidam
324 2035 499 2069 proﬁcientes
512 2041 539 2062 et
552 2033 762 2067 l'ructilicantes,
779 2034 811 2062 ad
825 2042 893 2069 quos
910 2035 992 2062 etiam

201 2080 345 2107 descendit
363 2079 492 2107 Dominus
511 2079 569 2114 ipse
587 2087 649 2107 cum
664 2080 796 2108 ministris
814 2081 890 2108 verbi
907 2080 952 2108 Dei
965 2085 993 2108 et

201 2124 352 2159 discipulis,
382 2125 449 2152 tales
467 2124 616 2159 adjuvans,
637 2130 724 2152 matre
751 2125 801 2153 sibi
824 2126 906 2153 etiam
924 2126 994 2153 assi-

201 2175 300 2198 stente.
317 2171 388 2198 Sane
403 2171 449 2206 qui
464 2171 636 2206 appellantur
650 2171 852 2206 Capharnaum,
868 2171 993 2199 videntur

203 2222 257 2242 non
270 2223 366 2249 capere
382 2215 582 2242 diuturniorem
599 2215 674 2248 Jesu,
693 2223 854 2251 eorumque,
870 2217 915 2251 qui
931 2224 992 2244 cum

203 2261 263 2295 ipso
286 2261 494 2293 descenderant,
518 2261 588 2296 apud
612 2270 642 2289 se
667 2263 905 2297 consuetudinem,
924 2263 994 2290 unde

203 2313 316 2334 tnanent
328 2308 437 2342 quidem
455 2309 525 2343 apud
542 2308 614 2343 ipsos
629 2316 681 2336 non
699 2309 792 2337 multis
804 2309 913 2337 diebus.
927 2309 994 2337 Nam

203 2361 267 2388 nget‘
282 2354 475 2382 c0n50lutionis
491 2354 601 2382 infernae
612 2362 666 2382 non
680 2357 753 2391 capit
767 2355 994 2383 illuminationem

204 2401 238 2430 de
251 2401 342 2430 multis
350 2402 530 2437 dogmatibus,
543 2411 632 2431 rerum
644 2404 764 2434 teuuium
774 2410 836 2431 cum
849 2403 885 2431 sit
897 2410 995 2438 capax.

237 2475 260 2492 ⁹¹
276 2479 284 2488 ·
298 2477 392 2506 Matth.
405 2485 459 2512 xvt,
474 2477 518 2512 l8,

241 2547 298 2581 ς86)
317 2548 476 2579 Βαπτίζων.
492 2549 573 2577 Dcest
589 2549 615 2577 in
632 2549 694 2578 cod.
714 2548 856 2577 Bodleian.
874 2553 902 2577 et
923 2548 995 2577 vide-

204 2589 250 2611 tur
264 2586 449 2611 resecuntlum.

240 2618 298 2651 (87)
316 2619 384 2655 ἰδίᾳ
397 2619 530 2654 χωρῆσαι
538 2619 657 2654 νοῆσαι.
672 2619 709 2647 Ita
723 2619 808 2648 codex
821 2619 997 2655 Bodleianus;

205 2653 316 2690 Regius,
329 2654 498 2690 διαχωρῆσαι
509 2655 614 2690 νοῆσαι.

242 2689 298 2719 (88)
318 2691 372 2717 Καὶ
386 2690 404 2717 ἂ
417 2689 554 2725 μέντοιγε
566 2691 641 2717 κατά
656 2691 718 2723 τόν,
732 2696 786 2718 etc.
805 2691 841 2717 Ita
857 2689 955 2724 legitur
968 2689 993 2716 in

206 2725 333 2762 οιιιιιίΙιυε
343 2728 447 2762 nostris
463 2734 545 2762 mss.;
569 2726 684 2754 Huctius
705 2734 770 2754 vero
785 2726 929 2762 legendum
947 2733 995 2759 pn-

207 2760 271 2786 tavit
285 2760 356 2796 κατὰ
368 2761 491 2796 μέντοιγε
502 2761 558 2794 τόν,
582 2766 635 2788 etc.

241 2795 303 2833 t89)_
319 2794 384 2824 Post
408 2794 523 2833 Σωτῆρα
549 2798 635 2824 codex
660 2796 824 2825 Bodleianus
844 2795 920 2824 addit
945 2804 994 2822 πε-

208 2831 360 2867 umquam,
382 2833 429 2861 sed
445 2831 556 2862 omnino
571 2833 714 2861 redundat.

1010 2158 1030 2185 Ι)

1079 1483 1104 1510 7.
1125 1484 1262 1520 Ζητητέον
1287 1485 1412 1520 μέντοιγε
1434 1484 1480 1511 διὰ.
1493 1484 1520 1511 τί
1544 1485 1584 1516 είς
1606 1484 1656 1519 μὲν
1677 1483 1724 1511 τὸν
1750 1483 1836 1519 γάμοι

1041 1529 1072 1556 οὐ
1085 1529 1229 1557 καλοῦνται
1246 1532 1270 1557 οἱ
1291 1531 1400 1565 ἀδελφοὶ
1414 1530 1496 1557 αὐτοῦ
1507 1539 1514 1545 -
1532 1530 1590 1556 ἀλλ’
1605 1530 1666 1556 οὐδὲ
1681 1527 1754 1565 ἦσαν
1771 1531 1837 1560 ἐκεῖ,

1040 1575 1071 1602 οὐ
1096 1575 1150 1611 γὰρ
1172 1575 1296 1611 εἴρηται·
1317 1577 1357 1608 εἰς
1375 1576 1405 1602 δὲ
1421 1576 1471 1612 τὴν
1495 1575 1688 1611 Καφαρναοὺμ
1706 1575 1836 1602 καταϐαί-

1041 1629 1116 1648 νουσι
1140 1621 1199 1656 μετ’
1221 1621 1314 1653 αὑτοῦ,
1337 1623 1384 1649 καὶ
1405 1622 1456 1657 τῆς
1473 1622 1579 1657 μητρὸς
1601 1621 1698 1653 αὑτοῦ,
1722 1621 1838 1648 καὶτῶν

1043 1666 1180 1702 μαθητῶν.
1196 1668 1258 1694 Ἔτι
1279 1668 1307 1694 δὲ
1327 1667 1485 1702 ἐξεταστέον
1504 1667 1548 1695 διὰ
1563 1667 1590 1694 τί
1610 1666 1657 1694 νῦν
1674 1667 1726 1693 οὐκ
1747 1667 1837 1701 εἰσέρη

1041 1721 1134 1748 χονται
1151 1714 1191 1746 είς
1209 1714 1259 1750 τὴν
1278 1714 1479 1750 Καφαρναοὺμ,
1495 1713 1563 1750 μηδὲ
1587 1713 1783 1740 ἀναϐαίνουσιν
1800 1714 1839 1744 εἰς

1041 1758 1137 1794 αὐτὴν,
1160 1758 1228 1785 ἀλλὰ
1254 1759 1475 1787 καταϐαίνουσιν.
1495 1758 1568 1795 Ὅρα
1594 1757 1641 1786 οὖν
1668 1760 1694 1786 εἰ
1722 1759 1839 1786 ἐνταῦθα

1041 1805 1105 1837 τοὺς
1127 1805 1257 1840 ἀδελφοὺς
1289 1806 1348 1832 ἀντὶ
1370 1805 1426 1833 τῶν
1460 1805 1741 1840 συγκαταὸεὸηκυιῶν
1765 1805 1837 1840 αὐτῷ

1041 1850 1183 1886 δυνάμεων
1204 1851 1364 1887 ὲκληπτέον,
1382 1851 1412 1878 οὐ
1430 1851 1606 1886 καλουμένων
1629 1852 1670 1882 εις
1687 1851 1734 1877 τὸν
1751 1850 1837 1885 γάμον

1043 1896 1103 1922 καθ’
1116 1896 1150 1928 ας
1172 1898 1289 1932 εἴπαμεν
1309 1897 1465 1933 διηγήσεις,
1489 1895 1640 1932 κατωτέρω
1655 1896 1686 1922 δὲ
1699 1897 1729 1922 ὲν
1746 1896 1839 1922 ὑποδε-

1042 1942 1164 1979 εστέροις
1179 1943 1233 1969 τῶν
1249 1943 1472 1979 χρηματιζόντων
1490 1942 1619 1978 μαθητῶν
1634 1942 1683 1969 τοῦ
1705 1942 1839 1977 Χριστοῦ,

1043 1989 1090 2015 καὶ
1105 1989 1185 2016 ἄλλου
1201 1989 1290 2021 εἴδους
1310 1988 1495 2025 ὼφελημένων
1505 1997 1511 2004 ·
1526 1989 1578 2020 ὃτι,
1598 1989 1622 2015 εἰ
1643 1987 1771 2014 καλεῖται
1787 1988 1839 2023 μή·

1042 2043 1095 2070 τηρ
1122 2033 1215 2067 αὑτοῦ,
1239 2035 1292 2061 εἰσι
1317 2043 1389 2066 τινες
1415 2033 1673 2070 καρποφοροῦντες,
1698 2035 1770 2069 πρὸς
1795 2033 1839 2065 οὓς

1044 2080 1125 2112 αὑτός
1142 2088 1172 2106 τε
1196 2079 1354 2107 καταῦαίνει
1378 2081 1393 2107 ὁ
1413 2080 1515 2115 Κύριος
1538 2080 1586 2106 σὺν
1604 2080 1661 2110 τοῖς
1687 2079 1839 2114 ὑπηρέταις

1043 2124 1090 2152 τοῦ
1109 2126 1206 2161 Λόγου,
1228 2126 1275 2152 καὶ
1293 2125 1444 2162 μαθηταῖς,
1461 2126 1523 2156 τοὺς
1547 2123 1689 2156 τοιούτους
1714 2124 1838 2159 ὠφελῶν,

1046 2172 1093 2199 καὶ
1105 2173 1156 2208 τῆς
1179 2173 1282 2208 μητρὸς
1299 2172 1374 2208 αὺτῷ
1398 2171 1604 2208 συμπαρούσης.
1624 2170 1750 2197 Ἐοίκασί
1770 2178 1803 2204 γε
1818 2171 1840 2197 οὶ

1042 2218 1204 2254 καλούμενοι
1228 2220 1419 2255 Καιραρναοὺμ
1444 2220 1480 2255 μὴ
1505 2219 1605 2254 χωρεῖν
1620 2217 1670 2253 τὴν
1699 2216 1841 2244 ὲπιπλεῖον

1041 2265 1182 2301 διατριϐὴν
1207 2267 1272 2302 παρ’
1287 2266 1378 2298 αὐτοῖς
1397 2265 1444 2292 τοῦ
1465 2265 1563 2301 Ἰησοῦ,
1586 2265 1634 2292 καὶ
1659 2264 1714 2292 τῶν
1738 2273 1843 2298 συγκα-

1043 2311 1225 2339 ταΰαινόντων
1247 2312 1338 2348 αὐτῷ·
1362 2312 1422 2339 ὅθεν
1449 2312 1559 2347 μένουσι
1584 2310 1634 2347 μὲν
1659 2309 1725 2346 παρ’
1750 2310 1841 2340 αὐτοῖς

1044 2357 1074 2384 οὐ
1093 2358 1146 2394 μὴν
1166 2358 1268 2390 πολλὰς
1282 2359 1403 2395 ἡμέρας
1422 2359 1467 2385 τὸν
1483 2357 1536 2394 γὰρ
1552 2357 1617 2393 περὶ
1633 2357 1768 2384 πλειόνων
1785 2356 1840 2392 (9‘2)

1045 2404 1189 2440 ὂ)γμάτων
1208 2406 1347 2441 φωτισμὸν
1365 2405 1379 2431 ὁ
1394 2405 1445 2440 τῆς
1467 2404 1616 2440 κατωτέρω
1638 2403 1841 2439 παρακλήσεως

1083 2546 1141 2580 (90)
1170 2544 1394 2582 Καφαίηρᾳρύμ.
1421 2543 1494 2577 ὅπερ
1510 2540 1713 2582 ἑρμηνεᾷεςαι
1733 2539 1834 2582 Ἀγρὸς

1047 2577 1280 2617 πάραᾶιλησὲωξ.
1308 2577 1487 2617 llieronymus
1506 2577 1544 2604 De
1569 2577 1701 2617 ηοξηίῃίιιΓ
1729 2577 1838 2617 H_eor._;

1047 2611 1353 2651 Cupharnuumfagtr,
1374 2611 1417 2651 rei
1440 2612 1502 2640 villa
1521 2611 1721 2639 consolationis.
1745 2611 1770 2637 A
1786 2614 1845 2641 *ει

1046 2650 1141 2687 pagus,
1155 2656 1183 2678 et
1199 2657 1267 2681 ΒΜ,
1289 2650 1440 2687 consolatus
1458 2653 1506 2687 est.

1081 2680 1140 2722 ("illi
1153 2684 1375 2722 Συνειληφυῖαν
1381 2683 1502 2722 damur.
1510 2682 1556 2722 lta_
1564 2682 1650 2710 codex
1660 2680 1840 2713 Bodleianus;

1047 2718 1159 2756 Regius,
1176 2718 1368 2755 πνειληιρυῖαν
1392 2718 1589 2756 αὐτὴν-ψυχήν,
1605 2724 1661 2745 etc.

1085 2751 1142 2791 (92)
1154 2751 1231 2791 ’Περὶ
1241 2751 1400 2787 πλέιόνων,
1412 2751 1475 2791 etc.
1482 2751 1512 2791 ιη
1525 2751 1646 2791 ellitioue
1663 2751 1754 2780 lluetii
1769 2751 1841 2780 deest

1050 2787 1124 2828 περί,
1135 2787 1209 2828 ’ψιυᾶ
1229 2791 1382 2820 restituitur
1396 2797 1411 2817 c
1427 2789 1521 2817 codice
1535 2787 1696 2817 Bodleiano.
