1869 3046
20 121 59 149 521

20 180 91 217 ιγρδς
111 179 141 207 οὐ
163 178 264 215 χωρεῖ,
288 177 461 215 ὀλιγωτέρων
488 177 631 213 τυγχάνων
661 177 795 208 δεκτικὸς.
812 177 834 206 Α

20 225 178 263 [Ιαραθετέον
207 225 236 252 δὲ
264 225 333 260 πρὸς
357 224 387 252 τδ
415 224 554 260 θεωρῆσαι
580 223 712 260 διαφορὰς
744 223 799 250 τῶν

20 275 146 301 ῖπιπλεῖον
162 273 178 310 ἦ
196 273 306 300 ἔλαττον
327 271 479 308 δεχομένων
499 271 546 298 τδν
571 268 676 306 Ἰησοῦν
697 269 726 295 ὲν
742 268 797 304 τῷ·

20 330 23 345 ι
40 319 111 346 Ἐκεῖ
126 318 235 354 ἔμειναν
253 318 284 344 οὐ
302 317 402 349 πολλὰς
415 316 533 353 ἡμέρας,
550 325 559 342 1
576 315 607 341 τὸ
625 316 653 341 ὲν
668 314 707 350 τῷ
729 314 800 341 κατὰ

20 365 145 392 δίατϐαἴον
158 364 197 400 τῷ
213 364 360 392 ἀναστάντι
375 364 407 390 ἐκ
422 362 527 398 νεκρῶν
548 360 799 398 μεμαθητευμένοις

20 411 162 446 ιεγόμενον,
186 410 233 437 καὶ
254 409 497 445 ἀποστελλομένοις
517 407 687 443 μαθητεῦσαι
711 406 800 433 πάντα

20 457 43 483 τὰ
59 457 131 492 ἔθνη,
149 456 234 488 οὕτως
250 456 327 491 ἔχον’
349 465 358 481 ι
378 455 454 488 Ἰδοὺ,
474 454 533 490 μεθ’
545 453 623 489 ὑμῶν
638 454 696 488 εἰμι
710 453 801 484 ¹πιάσας

20 501 57 533 τὰς
79 501 184 537 ἡμέρας
196 501 248 533 ἓως
267 501 318 536 τῆς
332 499 487 532 συντελείας
509 499 556 526 τοῦ
581 498 695 531 αἰῶνος·
713 508 723 525 1
745 500 800 530 τοῖς

20 547 59 573 ιὲν
81 548 136 582 γὰρ
163 548 252 574 πάντα
274 547 324 574 ὅσα
354 547 489 582 ἐνδέχεται
519 546 600 580 φύσιν
627 545 800 581 ἀνθρωπίνην

20 593 107 626 nam
126 593 167 619 ἔτι
187 593 302 620 ἐνταῦθα
316 593 502 628 τυγχάνουσαν
523 591 673 627 εἶσομένοις
691 590 800 625 λέγεται

20 639 149 671 ἱεικτικῶς
165 639 211 666 τό’
239 647 248 665 ι
269 638 340 673 Ἐγὼ
365 639 424 675 μεθ’
448 638 525 675 ὑμῶν
540 639 612 674 εἰμι·
627 648 636 664 ι
663 637 711 664 καὶ
736 636 801 672 περὶ

20 685 98 720 τάπης
113 685 163 721 τῆς
179 685 208 711 ὲν
222 686 278 716 τοῖς
294 684 493 721 θεωρουμένοις
510 684 565 720 (95)
587 682 719 719 ἀνατολῆς
733 682 801 718 ἡμέ-

20 739 59 761 νας
89 730 215 762 πλείονας
246 730 376 766 ποιούσης
409 732 466 763 τοῖς
503 730 723 766 μακαριωτάτοις
750 729 798 755 τό·

20 777 124 808 [Πὰσας
144 777 195 809 τὰς
218 777 340 812 ἡμέρας,
360 777 414 808 ἕως
433 776 484 812 τῆς
506 776 660 808 συντελείας
673 774 721 802 τοῦ
741 774 802 802 αἰῶ-

20 831 67 854 ιος·
81 832 90 848 1
110 823 177 859 περὶ
199 823 227 849 δὲ
250 823 304 849 τῶν
323 824 352 849 ἐν
376 822 581 858 Καφαρναοὺμ,
594 821 663 858 πρὸς
686 821 748 854 οὓς,
763 820 801 852 ὡς

20 866 219 902 ὓπώεεστέρους
245 866 465 898 καταϐαίνουσιν,
487 867 517 892 οὐ
544 866 623 902 μόνον
646 867 660 893 ὁ
682 865 799 901 Ἰησοῦς,

20 912 73 938 me
94 913 142 939 καὶ
164 913 181 947 ἡ
202 913 292 948 μήτηρ
319 911 420 945 αὐτοῢ,
444 912 491 939 καὶ
510 912 534 938 οἱ
560 911 670 946 ἁδελφοὶ
701 910 798 943 αὑτοῦ,

20 958 54 984 ui.
73 959 97 986 οἱ
123 958 259 995 μαθηταί·
287 968 296 985 ι
313 959 386 986 Ἐκεῖ
413 958 524 993 ἔμειναν
549 958 579 985 οὺ
608 957 708 989 πολλὰς
730 957 799 993 ὴμέ-

20 1014 67 1037 >ις.
84 1015 93 1031 1

43 1052 69 1079 8.
88 1052 172 1083 Εἰκὸς
195 1051 223 1078 δὲ
238 1051 289 1078 οὐκ
305 1051 409 1086 ἀλόγως
432 1050 560 1086 ζητήσειν
584 1050 670 1082 τινὰς,
693 1050 717 1076 εί
733 1049 800 1085 μετὰ

20 1098 96 1128 τάσεις
113 1099 167 1130 τὰς
186 1098 293 1133 ἡμέρας
308 1097 403 1124 τούτου
415 1097 462 1123 τοῦ
482 1096 579 1129 αἰῶνος
593 1097 644 1123 οὐκ
660 1095 700 1123 ἔτι
723 1096 799 1122 ἔσται

20 1143 133 1170 ιείτεών·
157 1153 166 1170 ι
186 1143 252 1170 Ἰδοὺ
266 1144 321 1178 ἐγὼ
335 1143 396 1178 μεθ’
415 1142 502 1178 ὑμῶν,
518 1151 527 1168 1
551 1142 622 1178 μετὰ
636 1141 690 1169 τῶν
708 1150 799 1177 χωρη-

20 1189 110 1217 ῖὰντων
132 1189 225 1221 αὑτὸν,
253 1198 261 1214 ι
274 1188 327 1220 ἕως
342 1188 392 1224 τῆς
420 1188 573 1220 συντελείας
589 1187 636 1214 τοῦ
662 1187 773 1216 αἰῶνος·
787 1196 796 1212 1

20 1235 38 1261 τὸ
58 1235 110 1272 γὰρ
126 1235 194 1268 ἕως,
209 1235 290 1262 οἱονεὶ
317 1234 494 1270 περιγραφήν
509 1242 570 1260 τινα,
585 1234 660 1269 δηλοῖ
690 1233 796 1269 χρόνου.

20 1281 120 1308 λεκτέον
138 1280 169 1307 δὲ
191 1281 238 1307 καὶ
253 1280 321 1316 πρὸς
339 1279 428 1311 τοῦτο,
450 1279 489 1305 ὅτι
511 1279 542 1305 οὐ
558 1278 654 1305 ταύτόν
678 1279 736 1304 ἐστι
757 1278 797 1310 τὸ,

20 1327 97 1354 ιΜεθ*
122 1326 201 1362 ὑμῶν
224 1327 281 1362 εἰμι
299 1326 365 1361 (94),
380 1335 388 1351 1
409 1326 458 1361 τῷ.
481 1326 524 1353 Ἐν
540 1326 604 1360 ὑμῖν
630 1326 697 1361 εἰμι.
722 1325 798 1360 Τάχα

20 1371 51 1399 ,ἰν
64 1371 233 1408 κυριώτερον
248 1371 375 1407 λέγοιμεν
389 1372 439 1398 οὐκ
454 1372 481 1398 ἐν
495 1373 551 1403 τοῖς
569 1370 799 1407 μαθητευομένοις

23 1417 73 1447 ἷναι
95 1419 142 1446 τὸν
167 1419 299 1454 Σωτῆρα,
324 1418 392 1446 ἀλλὰ
416 1418 474 1454 μετ’
497 1417 596 1451 αὐτῶν,
620 1418 681 1444 ὅσον
700 1417 740 1453 τῷ
760 1416 798 1452 νῷ

20 1466 54 1492 ὡκ
70 1466 223 1500 ἐφοάκασιν
242 1465 298 1500 (95)
318 1465 365 1490 ἐπὶ
388 1464 436 1500 τὴν
452 1463 499 1490 τοῦ
515 1463 612 1495 αἰῶνος
631 1463 796 1490 συντέλειαν.

20 1512 93 1539 Ἐπὰν
113 1512 144 1538 δὲ
163 1511 211 1546 τὴν
227 1511 274 1538 τοῦ
292 1511 394 1546 κόσμου
416 1509 618 1545 σταυρωθέντος
636 1510 727 1541 αὐτοῖς
749 1509 799 1545 τὴν
813 1517 836 1548 C

20 1557 164 1584 τυντέλειαν
189 1555 272 1583 αὑτοῦ
300 1556 432 1583 ἐνστᾶσαν
453 1555 483 1582 τὺ
506 1556 568 1582 ὅσον
589 1555 636 1582 ἐπὶ
653 1556 686 1590 τῇ
710 1553 799 1581 αὐτῶν

20 1605 169 1639 πρασκευῇ
196 1602 374 1638 θεωρήσωσι,
395 1601 456 1628 τότε
483 1602 533 1628 οὐκ
554 1601 594 1628 ἔτι
618 1602 676 1637 μετ’
697 1601 798 1632 αὐτῶν,

20 1648 60 1674 ιλλ¹
72 1649 100 1675 ὲν
115 1648 211 1679 αὐτοῖς
221 1649 366 1682 γενομένου
380 1646 427 1674 τοῦ
444 1645 543 1682 Ἰησοῦ,
558 1645 651 1682 ἐροῦσι
664 1645 705 1678 τὸ,
721 1654 730 1671 ι
743 1645 800 1671 Οὐκ

23 1704 45 1720 τι
60 1694 97 1726 ζῶ
114 1693 185 1728 ἐγὼ,
209 1693 243 1729 ζῇ
257 1693 286 1720 δὲ
302 1694 332 1719 ὲν
353 1693 416 1728 ἐμοὶ
432 1692 564 1728 Χριστός·
580 1702 589 1719 1
612 1692 660 1719 καὶ
681 1692 722 1724 τὸ,
743 1701 752 1717 ι
766 1692 799 1718 Εἰ

20 1742 116 1777 οκιμὴν
133 1742 243 1776 ζητεῖτε
262 1740 309 1767 τοῦ
331 1741 360 1767 ὲν
385 1741 448 1776 ἐμοὶ
470 1739 613 1771 λαλοῦντος
636 1738 770 1775 Χριστοῦ;
787 1748 796 1764 1

20 1787 95 1815 Γαῦτα
113 1788 145 1814 δὲ
168 1787 300 1823 λέγομεν,
324 1786 496 1822 τηρουμένης
519 1794 579 1817 πως
596 1785 649 1821 ἰδίᾳ
674 1785 720 1811 καὶ
749 1784 799 1820 τῆς

20 1834 178 1868 ταριστάσης
200 1832 313 1868 ὲκδοχῆς
335 1832 376 1864 τὸ,
397 1841 406 1857 ι
420 1831 510 1863 πάσας
530 1831 580 1862 τὰς
601 1830 707 1866 ἡμέρας
721 1839 730 1855 1
753 1829 798 1855 λέ-

20 1879 110 1912 tabat,
125 1879 179 1910 τὰς
198 1887 208 1904 ι
222 1878 274 1910 ἕως
288 1877 442 1909 συντελείας
455 1877 503 1904 τοῦ
523 1875 631 1908 αἰῶνος,
643 1886 652 1902 1
674 1874 746 1902 κατὰ
764 1875 798 1902 τὰ

22 1924 101 1957 μετὰ
121 1924 158 1959 τῇ
176 1922 334 1959 ἀνθρωπίνῃ
351 1922 431 1957 φύσει
445 1921 609 1949 καταλαϐεῖν
623 1920 664 1947 ἔτι
681 1920 799 1948 ἐνταῦθα

22 1969 191 2006 υγχανούσῃ·
217 1969 275 1995 ἐστι
299 1968 353 2004 γὰρ
373 1968 420 1995 καὶ
445 1968 552 2002 ἐκείνης
575 1967 626 2002 τῆς
650 1965 798 2003 ἑρμηνείας

20 2015 176 2050 τηρουμένης
198 2014 346 2048 ἐπιστῆσαι
369 2013 409 2048 τῷ
424 2012 565 2049 (9ἰ)ὲγώ,
588 2012 632 2039 ἴνα
647 2013 661 2039 ὁ
681 2012 730 2048 μὲν
746 2012 798 2043 ἓως

20 2058 53 2093 ἧς
79 2060 239 2092 συντελείας
267 2059 337 2095 μετὰ
363 2058 418 2086 τῶν
444 2058 683 2093 ἀποστελλομένων
711 2057 798 2094 μαθη-

23 2106 90 2133 εύειν
106 2106 198 2134 πάντα
213 2106 248 2132 τὰ
266 2103 362 2142 ἕθνηῇ
381 2107 395 2132 ό
410 2104 532 2137 κενώσας
555 2105 660 2138 ἑαυτὸν,
680 2105 727 2132 καὶ
748 2106 798 2142 τὴν

22 2152 49 2178 οὗ
73 2153 169 2180 δούλου
194 2153 302 2189 μορφὴν
326 2151 430 2178 λαϐὼν·
448 2151 569 2187 ὡσπερεὶ
592 2151 621 2178 δὲ
635 2152 714 2178 τοῦτο
741 2151 796 2188 (97)

20 2204 95 2232 τερος
120 2197 151 2224 ὲν
172 2197 206 2232 τῇ
233 2196 397 2223 καταστάσει
421 2195 469 2228 ὢν,
485 2198 518 2232 τῇ
541 2195 595 2232 πρὸ
609 2196 656 2223 τοῦ
680 2197 797 2224 κενῶσαι
815 2190 835 2217 D

20 2242 108 2273 αυτὸν.
129 2243 201 2278 μετὰ
222 2243 272 2278 τὴν
298 2242 453 2270 συντέλειαν
479 2242 526 2269 τοῦ
547 2243 660 2276 αἰῶνος,
682 2243 797 2279 γένηται

20 2288 75 2314 uti
101 2289 225 2321 τούτων,
255 2289 355 2320 «ἕως»
384 2289 436 2316 ὑπὸ
463 2289 511 2315 τοῦ
542 2289 649 2325 Πατρὺς
675 2290 797 2317 ιτεθῶσι

20 2335 106 2368 πάντες
133 2337 158 2362 οἱ
185 2335 278 2371 ἐχθροὶ
294 2336 377 2363 αὑτοῦ
399 2335 544 2363 ὑποπόδιον
564 2335 617 2362 τῶν
635 2335 724 2363 ποδῶν
749 2337 798 2363 αὑ-

21 2382 60 2413 οὖ,
73 2392 82 2408 1
110 2383 182 2418 μετὰ
198 2383 283 2410 ταῦτα
301 2393 310 2409 ι
326 2383 371 2410 ὅτε
393 2382 576 2418 παραδίδωσιν
587 2392 597 2408 1
616 2383 630 2409 ὁ
643 2383 707 2415 Υἱὸς
725 2392 735 2409 ι
748 2383 796 2419 τὴν

20 2428 145 2456 ιισιλείαν
159 2429 199 2465 τῷ
213 2429 272 2466 Θεῷ
287 2429 333 2456 καὶ
350 2429 449 2465 Πατρὶ,
462 2438 471 2455 1
486 2428 533 2455 τοῦ
550 2428 656 2464 Πατρδς
672 2428 799 2465 ἐροῦντος

343 2505 366 2521 ’³
385 2504 480 2532 Matth.
501 2510 597 2536 xxvm,
612 2502 658 2530 20.
715 2501 738 2518 ⁸⁸
752 2501 839 2529 Galat.

305 2539 328 2556 "
341 2539 423 2567 Hebr.
442 2548 469 2572 ι,
485 2540 526 2567 15.

57 2505 80 2520 "
94 2504 176 2532 Joan.
195 2511 225 2536 tt,
245 2503 287 2531 12.

21 2539 29 2553 ⁷
42 2539 163 2575 Philipp.
180 2546 208 2573 ιι,
224 2540 249 2566 7.

46 2614 103 2649 (93)
115 2614 241 2650 Λέγεται
249 2613 451 2650 δεικτικῶς-,τη
463 2613 498 2650 ἐξ
507 2611 570 2650 τοῖς
580 2611 802 2650 θεωρουμέιςοις.

20 2646 73 2677 decc
87 2646 182 2678 omnia
199 2651 300 2677 desum
318 2650 345 2676 in
365 2649 461 2676 codice
476 2647 571 2682 Regio,
592 2654 624 2674 ac
648 2646 760 2682 proinde
775 2647 803 2682 in

20 2685 135 2724 editione
154 2683 262 2718 Huetii;
291 2684 338 2712 sed
362 2680 543 2712 restituuntur
571 2689 587 2709 e
612 2681 706 2709 codice
730 2680 803 2708 Bod-

20 2726 113 2748 £1300.

49 2755 106 2790 ιθι)
127 2755 219 2783 Codex
247 2754 411 2783 Bodleiunus
435 2752 554 2790 restituit
576 2752 637 2790 τῷ,
668 2752 713 2779 Ἐν
736 2751 801 2788 ὑμῖν

20 2791 81 2823 ειμι,
97 2789 170 2825 quod
184 2791 356 2818 desideratur
373 2790 400 2817 in
411 2789 611 2825 codiccliegio.

48 2822 114 2860 (95)
135 2826 228 2852 Ὅσον
241 2825 283 2859 τῷ
302 2825 346 2858 νῷ
365 2826 421 2852 οὐκ
439 2823 624 2860 ὲφθάκαιζιν,
639 2822 687 2860 Ita?
700 2822 801 2860 optime

23 2857 194 2890 nabct'codex
208 2857 383 2895 Bodleianus;
397 2857 466 2889 male
481 2867 545 2888 vero
559 2857 670 2895 Regius,
680 2859 748 2886 ὅσων
761 2857 800 2893 τῷ

555 118 736 147 COMMENT.
754 117 788 145 IN
808 117 904 146 JOAN.
923 119 1043 149 TOMUS
1061 120 1097 148 Χ.

1585 125 1638 152 522

848 177 983 205 Prmterca
995 182 1024 206 ut
1035 178 1172 206 videamus
1181 177 1363 206 differentiam
1373 185 1465 207 eorum
1474 180 1517 215 qui
1531 181 1589 216 plus
1597 183 1638 209 vel

851 222 941 250 minus
954 222 1106 258 suscipiunt
1118 221 1223 255 Iesum,
1237 223 1390 250 addemth
1404 230 1447 252 est
1460 226 1551 253 verbis
1565 226 1618 254 illis
1631 236 1639 254 :

853 278 862 294 ι
877 268 934 297 lllic
947 274 1104 296 manserunt
1120 276 1174 296 non
1192 268 1283 295 multis
1299 269 1379 305 169
1391 270 1484 299 diebus
1497 272 1532 304 ",
1547 282 1557 298 1
1574 273 1640 300 illud

851 315 922 349 quod
938 315 1039 342 dicitur
1052 323 1067 342 ο
1079 314 1192 342 Domino
1209 316 1370 343 resuscitato
1386 324 1420 344 ex
1436 319 1551 346 mortuis
1569 319 1640 354 apud

850 360 1016 394 Matthteum,
1024 361 1164 396 discipulis
1173 360 1263 389 missis
1272 362 1304 388 ad
1315 363 1463 390 docendum
1472 371 1568 391 omnes
1576 372 1638 399 gen-

851 412 902 439 tes,
918 407 958 434 sic
975 407 1097 434 habens:
1114 416 1123 433 ι
1136 407 1205 435 Ecce
1217 415 1267 443 ego
1281 407 1424 436 vobiscum
1437 416 1497 436 sum
1513 410 1641 437 omnibus

851 453 956 486 diebus,
973 459 1057 486 usque
1070 453 1103 479 ad
1119 452 1382 480 consummationem
1397 453 1544 482 satculi".1
1559 453 1641 481 Nam-

851 506 904 534 que
915 499 1050 534 agnituris
1065 498 1175 533 quidem
1196 499 1286 526 omnia
1309 506 1478 534 quaecunque
1491 507 1640 534 agnoscere

851 548 940 579 potest
955 544 1073 571 humana
1090 547 1197 576 natura,
1212 544 1275 571 dum
1304 544 1349 571 hic
1367 544 1459 579 degit,
1478 545 1577 572 dicitur
1593 547 1641 574 de-

852 590 1028 618 monstrative
1039 590 1090 617 hoc
1105 598 1112 617 :
1131 599 1140 616 (
1157 589 1214 625 Ego
1230 590 1370 618 vobiscum
1387 597 1446 619 sum
1461 598 1468 616 :
1489 600 1498 617 1
1517 591 1550 618 de
1564 591 1640 619 omni

851 643 917 664 vero
933 641 1005 670 ortu,
1022 641 1049 664 et
1069 635 1282 671 illuminatione,
1304 644 1364 671 qua:
1377 636 1421 664 his
1441 636 1577 670 exoritur,
1593 637 1639 671 qui

852 684 1038 719 speculantur,
1055 691 1170 718 qumque
1194 683 1252 711 dies
1273 683 1364 719 plures
1393 683 1428 712 ob
1451 683 1546 711 oculos
1566 683 1642 718 ponit

853 728 1029 761 bealissitnis,
1057 728 1144 756 illud:
1169 737 1178 755 t
1201 729 1334 757 Omnibus
1363 729 1469 760 diebus,
1494 735 1579 762 usque
1599 727 1634 755 ad

852 773 1117 802 c0nsumnmtionem
1141 775 1250 808 seculi;
1266 785 1276 802 1
1296 775 1329 802 de
1347 775 1390 802 his
1404 779 1493 802 autem
1513 775 1559 809 qui
1574 778 1641 802 sunt

853 819 880 847 in
902 820 1074 855 Capharnao,
1091 820 1124 847 ad
1150 828 1230 855 quos,
1254 825 1350 856 utpote
1367 820 1437 848 infra
1457 821 1640 853 cxsistentes,

853 869 1020 896 descendunt
1038 877 1091 897 non
1117 869 1203 896 solum
1223 869 1313 903 Jesus,
1336 878 1430 898 verum
1446 871 1529 898 etiam
1553 874 1641 897 ntater

851 915 918 949 eius,
940 920 968 943 et
989 916 1090 944 fratres
1109 918 1185 953 ejus,
1208 922 1236 944 et
1254 917 1400 952 discipuli,
1419 916 1537 944 dicitur:
1557 926 1566 942 ι
1584 917 1640 944 Illic

851 968 1012 990 manserunt
1026 971 1080 991 non
1099 964 1190 991 multis
1203 964 1309 992 diebus.
1318 973 1327 990 1

889 1055 916 1082 8.
933 1054 1071 1083 Credibile
1090 1060 1180 1082 autem
1206 1059 1248 1082 est
1274 1054 1381 1089 aliquos
1404 1062 1458 1082 non
1476 1054 1534 1082 sine
1557 1061 1639 1082 causa

851 1102 1014 1137 qumsituros
1029 1109 1063 1128 an
1084 1105 1146 1135 post
1169 1107 1265 1128 onmes
1287 1100 1371 1134 hujus
1396 1100 1489 1127 stcculi
1513 1100 1571 1127 dies
1586 1107 1639 1128 non

852 1148 967 1182 amplius
993 1147 1101 1174 futurus
1127 1146 1163 1174 sit
1184 1154 1245 1174 cum
1269 1146 1311 1174 his
1333 1146 1379 1181 qui
1404 1153 1467 1174 eum
1483 1146 1640 1180 acceperint

852 1202 938 1229 usque
953 1194 985 1221 ad
1004 1193 1270 1221 consummationem
1287 1192 1390 1225 saeculi,
1409 1192 1453 1219 ille
1474 1193 1520 1227 qui
1543 1192 1612 1219 dixit
1628 1200 1636 1219 :

853 1250 862 1266 ι
879 1239 950 1267 Ecce
970 1247 1019 1274 ego
1036 1239 1174 1266 vobiscum
1191 1245 1251 1265 sum
1265 1245 1352 1272 usque
1369 1238 1404 1265 ad
1427 1238 1640 1265 consummatio-

851 1292 912 1312 nem
928 1284 1039 1316 saaruli;
1060 1293 1070 1309 1
1087 1290 1149 1309 nam
1163 1283 1296 1318 particula
1320 1291 1402 1318 usque
1423 1282 1506 1310 veluti
1521 1283 1639 1310 circum-

850 1330 1026 1365 scriptionem
1042 1329 1190 1364 quamdam
1216 1329 1326 1356 denotat
1354 1329 1493 1363 temporis.
1521 1328 1640 1356 Proinde

851 1375 884 1403 ad
899 1376 951 1403 hoc
964 1375 1046 1403 etiam
1066 1379 1109 1402 est
1130 1374 1284 1407 dicendum,
1303 1382 1357 1401 non
1375 1374 1446 1401 idem
1461 1381 1532 1406 esse,
1548 1383 1558 1400 ι
1584 1372 1638 1400 Vo-

850 1423 955 1450 biscum
972 1429 1043 1454 sum,
1063 1430 1072 1447 1
1091 1425 1129 1454 et,
1147 1420 1174 1448 ln
1190 1420 1267 1448 vobis
1290 1427 1361 1447 sum.
1379 1420 1562 1453 Quamobrem
1585 1419 1640 1446 for-

852 1471 924 1494 tasse
943 1467 1030 1501 magis
1053 1466 1162 1500 proprie
1185 1465 1357 1497 diceremus,
1385 1472 1438 1492 non
1458 1465 1485 1490 in
1501 1462 1639 1498 discipulis

853 1511 1023 1539 Scrvatorcm
1042 1518 1111 1543 esse,
1137 1510 1185 1538 sed
1207 1517 1268 1538 cum
1296 1510 1375 1544 ipsis,
1398 1514 1531 1544 quatttum
1550 1513 1639 1536 mente

851 1566 904 1585 non
933 1558 1114 1593 prmvencrint
1144 1557 1405 1584 consummationem
1429 1555 1534 1584 saeculi.
1570 1554 1638 1582 Cum

849 1611 916 1631 vero
939 1605 1086 1631 instantem
1115 1602 1381 1630 consummationem
1403 1602 1499 1629 mundi
1522 1601 1639 1628 viderint

849 1651 901 1679 sibi
917 1651 1053 1683 cruciﬁxi,
1067 1655 1199 1685 quantum
1215 1650 1248 1677 ad
1262 1651 1372 1677 illorum
1384 1654 1511 1677 conatum
1529 1649 1638 1680 attinet,

852 1701 916 1724 tunc
932 1705 987 1724 non
999 1696 1116 1732 amplius
1127 1704 1189 1724 cum
1206 1696 1283 1730 ipsis,
1303 1697 1350 1724 sed
1370 1696 1396 1723 in
1411 1695 1477 1731 ipsis
1490 1696 1640 1723 exsislente

849 1742 924 1774 Jesu,
940 1742 1033 1768 dicent
1063 1741 1147 1768 illud:
1169 1750 1178 1767 ι
1194 1739 1253 1768 Νοιι
1277 1741 1394 1776 amplius
1411 1741 1473 1768 vivo
1497 1748 1564 1776 ego,
1591 1740 1639 1767 sed

849 1788 917 1815 vivit
940 1787 966 1814 in
991 1794 1033 1814 me
1058 1787 1184 1814 Christus
1196 1786 1237 1818 ’⁸,
1256 1794 1265 1811 1
1288 1791 1316 1814 et
1337 1786 1402 1813 illud
1420 1794 1426 1813 :
1443 1796 1452 1812 ι
1469 1787 1511 1812 An
1531 1787 1640 1820 experi-

849 1837 970 1858 mentum
987 1831 1108 1865 quzeritis
1125 1829 1259 1865 loquentis
1275 1830 1301 1857 in
1322 1838 1366 1857 me
1383 1830 1483 1858 Christi
1497 1830 1562 1857 "T1
1577 1830 1641 1860 Haec

849 1881 940 1905 autern
962 1876 1090 1907 dicimus.
1114 1876 1260 1904 observata
1276 1876 1405 1910 privatim
1421 1884 1436 1902 a
1455 1876 1534 1906 nobis
1551 1878 1642 1913 aliquo

849 1924 930 1952 modo
943 1930 975 1951 ea
998 1922 1168 1957 expositione
1187 1929 1247 1957 quae
1261 1922 1351 1954 docet,
1371 1931 1381 1947 ι
1396 1922 1523 1951 omnibus
1534 1923 1640 1957 diebus,

849 1977 935 2005 usque
953 1969 987 1996 ad
1008 1968 1275 1997 consummationem
1296 1967 1386 1996 szeculi
1404 1977 1414 1994 1
1431 1968 1484 1997 dici
1503 1970 1582 2005 juxta
1610 1977 1641 1998 ea

849 2025 909 2052 qua:
937 2017 1057 2043 humana
1085 2020 1181 2042 natura
1205 2014 1441 2048 comprehendere
1463 2021 1561 2050 potest,
1577 2017 1641 2044 dum

849 2063 900 2090 hoc
909 2062 937 2089 in
953 2061 1053 2089 mundo
1064 2060 1190 2093 exsistit;
1200 2068 1262 2087 natu
1273 2067 1415 2094 possumus
1428 2061 1521 2094 etiam,
1533 2065 1640 2088 servata

849 2108 893 2135 illa
910 2106 1148 2141 interpretatione,
1164 2110 1259 2132 notare
1268 2105 1430 2133 vocabulum
1442 2114 1500 2140 ego,
1513 2111 1542 2132 ut
1555 2113 1641 2140 usque

849 2153 882 2180 ad
899 2151 1163 2180 consummationem
1176 2157 1238 2177 cum
1255 2150 1299 2178 his
1313 2151 1360 2185 qui
1377 2150 1518 2177 mittentur
1538 2153 1571 2178 ad
1592 2153 1640 2178 do-

851 2199 967 2227 cendum
994 2204 1091 2225 omnes
1114 2202 1210 2232 gentes
1227 2197 1261 2230 ⁹⁶,
1282 2196 1317 2223 sit
1341 2196 1395 2229 ille,
1425 2197 1471 2232 qui
1498 2198 1642 2225 evacuavit

849 2246 981 2280 seipsum,
995 2243 1081 2271 forma
1099 2243 1169 2270 servi
1183 2247 1288 2277 sumpta
1300 2242 1322 2258 "'
1340 2252 1346 2269 :
1362 2246 1489 2277 tauquam
1504 2247 1593 2269 autent
1607 2243 1641 2269 ab

852 2291 903 2318 hoc
920 2289 990 2317 alius
1006 2289 1033 2316 in
1044 2294 1115 2316 statu
1131 2287 1293 2323 praecedenti
1319 2294 1396 2314 suam
1413 2287 1639 2319 exinanilioucm,

849 2342 913 2373 post
925 2336 1189 2365 consummationem
1206 2334 1296 2363 saculi
1311 2334 1347 2362 sit
1358 2342 1418 2362 cum
1429 2335 1498 2367 istis,
1511 2344 1520 2361 ι
1535 2336 1637 2362 donem

850 2393 865 2412 a
882 2384 966 2412 Patre
982 2393 992 2410 ι
1013 2382 1095 2418 positi
1110 2381 1214 2409 fuerint
1226 2389 1321 2409 omnes
1336 2381 1438 2408 inimici
1454 2380 1512 2415 cjus
1535 2380 1640 2408 subsel-

852 2430 916 2458 lium
933 2430 1031 2466 pedum
1055 2429 1146 2465 ejus"
1165 2438 1175 2455 1
1197 2432 1258 2464 post
1271 2428 1340 2461 hare,
1355 2437 1365 2454 ι
1385 2435 1449 2455 cum
1471 2427 1614 2455 tradiderit
1628 2437 1638 2452 1

855 2507 892 2535 tt,
905 2500 951 2529 20.
1007 2499 1030 2517 ’⁵
1047 2500 1070 2528 Il
1085 2500 1148 2530 Cor.
1165 2508 1229 2534 xm,
1247 2503 1274 2531 5.
1331 2504 1354 2521 "
1373 2503 1469 2533 Matth.
1487 2513 1581 2540 xxvm,
1597 2505 1640 2534 l9.

857 2609 896 2647 νῷ
913 2610 962 2647 οὐκ
973 2608 1132 2647 ἐφραὶιρσιν.

895 2646 951 2681 (96)
979 2639 1030 2681 Τῷ.
1043 2644 1093 2681 Sic_
1102 2642 1188 2671 codex
1200 2640 1365 2681 Bodleianus
1377 2649 1396 2681 ;_
1407 2639 1519 2681 Regius,
1533 2639 1574 2666 τό.

894 2673 951 2716 (97)
968 2673 1068 2716 Τοῦτο.
1082 2678 1153 2716 Lege
1164 2677 1270 2716 τούτου.
1280 2676 1378 2716 Totum
1390 2673 1463 2716 hunc
1481 2676 1568 2716 locum
1580 2673 1648 2716 Fet-:-

859 2709 949 2744 rarius'
965 2715 1070 2742 videtur
1094 2709 1192 2748 legisse
1207 2721 1213 2739 :
1229 2711 1324 2748 ὥσπερ
1341 2713 1365 2738 εἰ
1380 2709 1441 2748 εἶπε
1451 2709 1545 2748 iob-ro:
1555 2709 1647 2748 vertit.

857 2752 943 2784 enim,
958 2755 1083 2785 tanquam
1092 2744 1176 2775 ιίἹισσ
1192 2744 1316 2785 dixisset,
1328 2746 1397 2785 quod
1413 2747 1446 2774 sit
1458 2754 1517 2785 cum
1533 2744 1574 2785 Itis
1587 2748 1646 2778 post

854 2781 1105 2814 cottsuntmaiionem
1120 2784 1213 2811 anuli
1226 2782 1308 2816 alius,
1317 2781 1444 2809 casinam
1455 2781 1482 2808 in
1495 2784 1567 2808 statu
1577 2786 1646 2814 prte-

855 2822 955 2850 tedenti
966 2828 1042 2849 suam
1057 2818 1272 2848 exinaniu'onem.
