1854 3043
208 100 261 128 321

944 96 1105 126 ORIGENIS

1777 98 1815 126 392

208 160 362 188 discederet
372 161 406 193 ιδ,
427 159 652 194 interpretatione
666 164 719 192 est,
742 159 872 186 habitatio
888 158 981 194 ejicien

1077 159 1179 186 ηάλεααν
1202 158 1285 186 αὑτὸν
1304 159 1455 195 μεταϐῆναι
1481 159 1513 185 ἐκ
1533 158 1588 186 τῶν
1610 158 1694 194 ὀριων
1711 158 1818 186 αὑτῶνσί

207 207 285 233 tium.
302 206 418 233 Rursum
441 206 473 233 de
486 206 648 240 Capharnao
663 206 721 233 haec
740 206 821 233 etiam
837 205 996 233 observavi-

206 258 278 283 mus.
296 250 367 277 inea
387 257 439 277 non
465 250 551 277 solum
576 250 726 285 praedicare
755 249 900 277 Dominum
922 249 997 276 incc-

205 295 276 331 pisse
290 305 297 322 :
317 305 325 321 ι
340 295 425 323 Instat
441 296 573 323 caelorum
593 303 726 331 regnum;
742 305 751 322 ι
771 303 877 329 verum,
894 300 924 323 ut
939 300 995 323 tres

203 341 375 375 evangelistae
400 342 555 376 ostendunt,
574 343 678 377 primas
697 341 752 368 illic
774 342 855 369 etiam
879 342 994 369 virtutes

203 387 331 415 edidisse.
346 387 465 420 Quorum
479 389 572 415 nullus
584 389 610 415 in
628 389 670 415 ltis
683 387 854 415 mirabilibus
865 395 926 423 quze
938 388 993 422 pri-

203 441 275 460 mum
289 433 359 460 facta
374 433 459 461 fuisse
472 434 581 468 scripsit
593 434 620 460 in
635 433 807 467 Capharnao,
817 433 938 460 imitatus
950 438 993 461 est

203 478 229 506 in
248 479 368 507 notando
380 480 468 515 pritno
484 480 618 507 miraculo
629 480 789 515 discipulum
802 479 933 507 Joannem
950 479 992 506 di-

202 531 310 552 centem
322 534 328 551 :
341 525 414 553 «Hoc
424 526 530 553 initium
542 526 681 562 signorum
695 525 865 553 ediditJesus
878 526 904 552 in
919 526 993 553 Cana

201 572 318 599 Galilzere
332 572 380 599 ι’.»
391 572 485 607 Neque
498 573 569 600 enim
581 578 640 600 erat
656 573 763 600 initium
776 573 915 607 signorum
929 572 994 600 illud

202 618 273 652 quod
285 619 387 645 editum
403 619 454 646 fuit
469 619 495 646 in
511 619 682 653 Capharnao,
699 627 731 647 eo
743 620 814 654 quod
826 620 992 654 praecipuum

200 665 309 699 quidem
322 665 426 700 signum
437 665 497 692 Filii
509 666 552 692 Dei
565 666 601 692 sit
613 666 776 693 exhilaratio
785 674 792 698 ;
801 671 827 692 at
839 671 952 700 propter
961 672 993 692 ea

201 717 262 744 quae
284 711 440 738 hominibus
455 712 591 744 accidunt,
606 712 640 738 sit
655 712 922 746 reprmsentativum;
939 718 992 738 non

202 762 256 783 tam
286 765 334 791 per
353 759 519 785 curationem
543 758 634 786 Verbo
657 758 886 793 pulchritudinem
916 765 993 785 suam

200 806 365 836 ostentante,
383 803 446 829 dtnn
458 810 546 838 aegros
568 807 656 835 curat,
673 810 755 837 quam
776 803 838 830 dum
850 802 942 829 sobria
951 809 995 836 po-

1047 204 1102 231 τῶν
1129 205 1230 240 χοίρων
1255 205 1310 240 (10)
1341 205 1459 237 πολῖται,
1489 204 1672 241 ἑρμηνεύεται
1700 206 1819 239 παροικιά

1047 251 1283 285 ἐκϐεϐληκότων.
1304 251 1364 278 Ἔτι
1381 251 1410 278 δὲ
1427 251 1475 278 καὶ
1489 251 1569 278 τοῦτο
1584 252 1649 287 περὶ
1665 251 1712 286 τῆς
1725 251 1820 286 Καφαρ-

1046 296 1134 332 ναοὺμ
1148 297 1352 333 τετηρήκαμεν,
1376 297 1417 324 ὅτι
1432 297 1463 324 οὺ
1483 297 1563 332 μόνον
1586 298 1616 324 ὲν
1642 297 1710 332 αὐτῇ
1731 296 1819 332 κηρύτ-

1046 349 1103 368 σειν
1120 340 1161 374 τὸ,
1179 350 1188 367 ‹
1210 342 1344 375 Ἤγγικεν
1361 342 1377 377 ὴ
1395 341 1519 376 βασιλεία
1538 340 1592 367 τῶν
1608 340 1739 377 ούρανῶν,
1756 351 1765 367 ι
1780 342 1821 376 ἦρι

1046 387 1119 418 ξατο·
1136 386 1214 419 ἀλλὰ,
1229 387 1300 414 κατὰ
1315 388 1379 419 τοὺς
1395 387 1687 423 τρεῖςεὺαγγελιστὰς,
1704 387 1750 420 τὰς
1762 387 1822 423 πρώ-

1043 440 1093 464 τας
1115 432 1243 468 δυνάμεις
1264 433 1323 459 ἐκεῖ
1344 433 1504 469 πεποίηκεν.
1526 433 1620 464 Οὐδεὶς
1636 433 1665 459 δὲ
1680 432 1733 459 τῶν
1749 432 1821 469 τριῶν

1044 478 1087 513 ἐφ’
1102 477 1143 511 οἷς
1157 479 1265 514 πρῶτον
1282 478 1420 515 ἀνέγραψε
1440 478 1604 515 παραδόξοις
1623 480 1652 506 ὲν
1670 481 1702 515 τῇ
1719 480 1821 516 Καφαρ-

1044 525 1132 560 ναοὺμ
1157 525 1352 561 γεγενημένοις
1373 525 1423 561 τὴν
1441 525 1487 552 τοῦ
1507 525 1629 561 μαθητοῦ
1651 526 1771 552 Ἰωάννου
1784 526 1823 552 ἔτιὶ

1043 571 1082 607 τῷ
1105 571 1206 607 πρώτῳ
1235 572 1309 608 ἔργῳ
1338 571 1489 607 σημείωσιν
1515 572 1662 607 πετωίηται
1694 571 1821 606 λέγοντος·

1047 626 1056 643 ι
1073 617 1180 652 Ταύτην
1197 617 1283 653 ἀρχὴν
1299 617 1354 644 τῶν
1369 617 1491 652 σημείων
1507 617 1635 653 ἐποίησεν
1652 618 1666 644 ὀ
1692 618 1789 652 Ἰησοῦς
1801 619 1823 644 ὲν

1044 663 1123 698 Κανᾷ
1133 663 1183 698 τῆς
1196 662 1350 695 Γαλιλαίας.
1365 673 1375 690 ι
1389 664 1427 690 υύ
1445 664 1499 699 γὰρ
1510 661 1543 700 ἦν
1558 663 1629 699 ἀρχὴ
1643 663 1698 690 τῶν
1716 664 1825 698 σημείων

1044 709 1074 735 τὸ
1097 710 1126 735 έν
1141 709 1341 744 Καφαρναοὺμ,
1358 709 1398 744 τῷ
1415 709 1622 746 προηγούμενον
1638 710 1688 744 μὲν
1715 710 1825 744 σημείων

1044 752 1115 781 εἷναι
1131 754 1178 781 τοῦ
1193 754 1259 781 Υίοῦ
1276 755 1322 782 τοῦ
1340 755 1408 782 Θεοῦ
1423 755 1473 791 τὴν
1492 755 1662 791 εὐφροσύνην
1675 763 1682 770 θ
1702 756 1746 782 διὰ
1760 755 1786 782 δὲ
1798 755 1825 782 τὰ

1045 802 1099 833 τοῖς
1109 800 1263 837 ἀνθρώποις
1279 801 1472 837 συμϐεϐηκότα
1486 802 1691 837 παραστατικὸν
1704 803 1770 837 (Η),
1783 803 1826 837 οὔχ

199 848 273 874 tione
286 855 332 875 eos
348 849 493 882 cxltilarat,
506 849 603 884 quibus
615 856 662 884 per
675 849 856 876 valetudinem
866 848 983 876 com/ivit

1077 854 1129 877 τως
1144 846 1194 881 τὴν
1215 846 1365 882 θεραπείαν
1387 847 1609 882 ἐπιδεικνυμένου
1635 847 1684 873 τοῦ
1701 847 1786 881 Λόγου
1802 847 1826 873 τὸ

200 893 333 922 itttcrcsse
349 895 421 921 licet.

1045 891 1110 918 ἴδιον
1135 890 1242 922 κάλλος,
1271 891 1300 918 ὲν
1319 891 1359 927 τῷ
1381 891 1544 927 θεραπεύειν
1567 892 1630 924 τοὺς
1655 892 1827 924 πεπονθότας,

198 942 260 969 ὅσον
277 943 306 969 ὲν
322 942 361 978 τῷ
375 943 532 978 εὐφραίνειν
555 942 594 978 τῷ
611 942 735 978 νηφαλὶῳ
752 943 853 977 πόματι
866 942 928 973 τοὺς
947 940 991 968 διὰ
1006 937 1052 966 τοῦ
1069 938 1200 974 ὑγιαίνειν
1211 939 1258 966 καὶ
1275 939 1376 975 εὐωχία
1390 940 1531 975 σχολάζειν
1547 939 1727 975 δυναμένους.

232 1000 273 1026 ll.
293 1009 302 1025 ί
322 1001 356 1027 Et
375 1001 526 1035 proximum
543 1007 601 1029 erat
621 1002 722 1029 Pascha
739 1001 894 1030 Iudaeorum
913 1004 947 1032 ".
972 1012 984 1031 ι

193 1045 392 1081 Sapientissimi
408 1047 521 1075 Joannis
536 1048 701 1083 diligentiam
721 1056 828 1076 mecum
843 1055 985 1086 reputans,

197 1092 352 1126 quaerebam
366 1092 430 1126 quid
445 1092 496 1120 sibi
513 1092 578 1119 velit
591 1092 806 1120 additamentum
817 1092 986 1118 Iudaeorum.

195 1138 261 1171 Quae
277 1137 349 1165 enim
366 1137 418 1165 alia
433 1145 498 1173 gens
512 1138 595 1165 habet
609 1137 753 1165 Paschalis
764 1138 964 1165 solemnitatem
977 1135 989 1163 ἵ

195 1183 331 1217 Quocirca
355 1191 415 1212 cum
442 1183 593 1211 sult‘ecisset
615 1184 724 1211 dicere:
741 1184 774 1210 Et
787 1183 814 1210 in
835 1184 988 1217 propinquo

195 1235 254 1257 erat
268 1229 370 1256 Pascha
386 1241 392 1257 :
409 1229 470 1257 vide
484 1237 518 1256 ne
535 1229 603 1256 forte
619 1229 722 1256 Pascha
737 1228 890 1256 Iudaeorum
908 1228 982 1255 dica-

195 1281 239 1302 tur
251 1275 284 1302 ad
309 1274 495 1302 ditlerentiam
519 1273 663 1301 Paschatis
688 1273 774 1301 divini
792 1283 798 1301 ε
816 1273 987 1308 quandoqui-

195 1322 256 1348 dem
273 1321 390 1348 alterum
408 1326 450 1348 est
467 1320 571 1347 Pascha
597 1319 757 1352 humanum,
781 1326 878 1353 nempe
892 1326 985 1346 eorum

194 1367 241 1401 qni
271 1374 323 1393 non
355 1366 497 1394 celebrant
520 1366 584 1393 illud
600 1373 634 1392 ex
658 1365 798 1392 voluntate
820 1364 984 1400 Scriptum;

195 1413 310 1439 alterum
327 1419 392 1439 vero
409 1411 543 1443 divinum,
559 1419 652 1438 verum
672 1410 790 1442 scilicet.
802 1410 874 1445 quod
886 1411 984 1446 spiritu

195 1463 223 1486 et
246 1458 364 1484 veritate
385 1457 525 1492 perficitur
548 1458 583 1485 ab
600 1457 643 1484 his
666 1457 712 1492 qui
734 1457 816 1484 Detur.
834 1457 930 1491 spiritu
957 1461 984 1485 et

195 1504 312 1532 veritate
329 1503 454 1531 adorant.
476 1503 628 1530 Audiamus
652 1503 735 1538 igitur
757 1502 862 1530 Domini
878 1503 911 1530 dc
933 1503 984 1530 Pa-
998 1516 1019 1545 ο

195 1549 291 1577 schate
311 1549 397 1584 legem
423 1548 572 1575 sancientis
589 1547 684 1580 verba,
700 1547 808 1582 quando
827 1548 907 1575 etiam
928 1549 984 1584 pri-

195 1601 269 1622 mum
289 1593 456 1620 nominatum
474 1592 525 1620 l‘uit
537 1593 562 1619 in
577 1593 718 1627 Scriptura
736 1593 757 1608 "
772 1601 779 1619 :
802 1602 810 1618 ι
830 1593 862 1620 Ει
878 1592 984 1620 locutus

193 1645 235 1667 est
248 1639 378 1666 Dominus
391 1638 425 1666 ad
445 1639 555 1674 Moysen
572 1644 600 1666 et
612 1639 702 1665 Aaron
716 1639 742 1665 in
765 1642 837 1666 terra
859 1639 982 1674 Egypti.

194 1685 312 1714 dicens:
331 1683 409 1721 [(15)
430 1683 531 1712 Mensis
548 1685 598 1712 iste
614 1684 691 1711 vobis
716 1684 822 1711 initium
849 1685 981 1712 mensium

195 1731 248 1759 erit
261 1740 269 1758 :
290 1731 396 1766 primus
418 1732 470 1757 erit
482 1730 560 1757 vobis
575 1729 601 1757 in
616 1730 754 1757 mensibus
768 1729 842 1757 anni.
859 1730 983 1764 Loquere

192 1777 226 1805 ad
254 1777 411 1804 universum
439 1781 541 1803 ctetum
568 1775 688 1803 ﬁliorum
713 1775 814 1808 Israel.
843 1777 981 1813 dicens:]

194 1822 273 1858 173
280 1823 389 1850 Decima
399 1822 500 1849 mensis
509 1821 589 1856 hujus
599 1822 675 1849 tollat
684 1821 869 1856 unusquisque
881 1830 982 1858 agnum

191 1877 240 1903 per
256 1869 383 1901 familias,
400 1873 427 1895 et
443 1868 538 1895 domos
546 1875 677 1902 suasmet.
687 1872 749 1902 post
767 1874 863 1902 pauca,
881 1868 907 1895 in
921 1869 982 1903 qui-

192 1915 243 1942 bus
258 1915 377 1942 nondum
395 1914 500 1941 Pascha
517 1915 677 1941 nominatim
692 1914 793 1941 dictttm
811 1913 983 1946 luerat,sub-

189 1962 282 1997 jungit
295 1961 316 1978 ⁵⁸
331 1969 337 1988 :
357 1971 366 1987 ι
382 1961 427 1988 Sic
450 1965 538 1987 autem
559 1959 633 1986 illum
651 1959 801 1987 comedetis
816 1967 823 1986 :
838 1959 927 1987 Renes
939 1967 982 1988 ve-

190 2009 239 2036 stri
250 2007 435 2035 circumcincti
451 2011 544 2037 erunt.
555 2009 582 2032 et
591 2004 777 2032 calceamenta
790 2010 880 2032 vestra
892 2005 918 2032 in
933 2013 980 2040 pe-

191 2054 270 2082 dibus
285 2053 395 2086 vestris,
411 2057 438 2080 et
453 2051 540 2078 baculi
552 2050 578 2078 in
594 2051 719 2078 manibus
732 2051 839 2085 vestris,
851 2055 878 2078 et
890 2058 981 2078 come-

192 2100 263 2126 detis
276 2099 362 2133 ipsum
370 2105 432 2125 cum
445 2096 623 2123 festinatione
636 2104 643 2123 :
657 2095 761 2123 Pascha
776 2101 817 2123 est
832 2096 955 2123 Domini:
968 2105 977 2121 ι

191 2152 242 2173 nec
256 2145 329 2172 enim
344 2145 427 2172 dicit:
444 2143 547 2170 Pascha
560 2147 601 2169 est
612 2147 741 2169 vestrum.
754 2143 785 2170 Et
799 2143 879 2177 paulo
891 2147 948 2177 post
958 2143 980 2160 ¹⁹

189 2191 231 2219 sic
245 2191 343 2218 iterum
358 2189 483 2216 nominat
504 2188 701 2215 solemnitatem
717 2196 724 2214 :
743 2197 753 2214 ι
771 2188 801 2214 Et
819 2189 880 2220 erit,
896 2188 919 2215 si
935 2188 974 2215 di-
994 2189 1015 2216 D

190 2237 280 2264 xerint
292 2236 369 2263 vobis
381 2235 427 2261 lilii
443 2233 525 2260 vestri
542 2242 548 2260 :
562 2233 626 2266 Qua:
637 2238 678 2260 est
691 2233 740 2261 ista
753 2234 868 2269 religio?
883 2234 979 2261 dicetis

190 2281 224 2308 ad
239 2287 288 2308 eos
305 2289 312 2306 :
330 2279 447 2306 Victima
463 2284 504 2305 est
517 2277 622 2305 Pascha
642 2279 758 2310 Domini.
773 2278 900 2313 quoniam
913 2286 976 2313 pro-

190 2325 258 2352 texit
275 2324 370 2351 domos
383 2323 498 2351 ﬁliorum
515 2323 607 2351 Israel.
623 2332 632 2348 ι
648 2323 822 2357 Rursumque
835 2327 896 2356 post
910 2330 977 2357 pau-

188 2375 221 2395 ca
237 2368 281 2394 ":
301 2375 309 2392 ι
329 2367 448 2394 Locutus
471 2371 512 2394 est
537 2371 628 2394 autem
653 2367 783 2394 Dominus
807 2368 840 2394 ad
865 2367 975 2402 Moysen

188 2418 216 2441 ct
232 2414 322 2440 Aaron
345 2412 457 2440 dicens:
481 2412 543 2440 ﬂare
569 2417 610 2440 est
635 2413 678 2439 lex
702 2412 861 2440 Paschalis:
879 2412 975 2440 Omnis

188 2459 340 2494 alienigena
360 2466 393 2485 ex
413 2466 445 2485 eo
467 2466 519 2486 non
545 2458 670 2487 comedet
681 2459 713 2485 ¹¹.
726 2467 735 2485 ι
754 2456 787 2485 Ει
803 2466 897 2485 rursus
915 2461 976 2493 post

189 2510 274 2539 pauca
290 2512 298 2530 :
317 2511 328 2529 ι
343 2502 372 2531 Si
390 2503 453 2538 quis
471 2508 562 2531 autem
577 2504 728 2532 accesserit
747 2504 781 2531 ad
795 2510 842 2531 vos
855 2503 977 2541 prosely—

243 2584 265 2600 “
284 2584 377 2613 Matth.
397 2593 456 2618 vnt,
475 2585 512 2617 ις
528 2585 610 2613 Marr.
628 2594 655 2620 v,
673 2586 719 2618 l7;
737 2586 802 2615 Luc.
819 2593 879 2618 VIII,
900 2585 941 2612 l7.
981 2587 1002 2602 "
1016 2587 1094 2614 Joan.
1111 2595 1140 2620 tt,
1158 2588 1200 2614 ll.

243 2619 290 2647 )id.
306 2620 349 2647 tl.
403 2621 424 2637 "
439 2621 503 2649 ibid.
517 2621 564 2649 26.
575 2621 615 2649 (27,
674 2621 697 2637 ³ο
713 2621 779 2649 ibid.
792 2620 836 2648 45.
889 2621 910 2636 ¹¹
925 2622 991 2649 ibid.
1007 2622 1054 2649 Η.

925 2629 991 2649 ιυια.
1007 2629 1054 2649 41.

190 2619 212 2636 ¹⁰
226 2619 290 2647 ibid.
306 2620 349 2647 11.
403 2621 424 2637 ¹⁹
439 2621 503 2649 ibid.
517 2621 564 2653 26,
575 2621 615 2651 (27,
648 2619 651 2620 ⁷
674 2621 697 2637 ¹⁰
713 2621 779 2649 ibid.
792 2620 836 2648 45.

225 2705 282 2742 (l0)
299 2707 420 2742 Χοὶρων.
437 2706 617 2735 Scribendum
633 2707 742 2742 videtur
754 2705 874 2742 χωρίων.

223 2740 279 2777 (Η)
296 2740 539 2776 Πειραστατικόν.
556 2742 600 2770 Sic
623 2743 707 2770 codex
729 2740 908 2773 Bodleianus;
928 2740 982 2768 Re-

189 2776 486 2813 είυιςίπεριστατικόν.
511 2777 631 2813 Huetius
648 2777 755 2813 legebat
781 2776 982 2812 περιστατικά,

190 2812 239 2847 οὐχ
257 2812 343 2845 οὕτως
361 2814 432 2841 κατὰ
450 2813 498 2848 τὴν
518 2812 677 2848 θεραπείαν.

1077 996 1119 1023 ll.
1141 1006 1151 1022 ί
1172 994 1227 1023 Καὶ
1245 998 1328 1032 ἐγγὺς
1344 995 1378 1034 ἦν
1400 998 1431 1024 τὸ
1451 998 1549 1035 Πάσχα
1572 998 1627 1026 τῶν
1659 999 1800 1026 Ἰουδαίων.
1816 1009 1825 1025 ι

1039 1043 1095 1079 Τὴν
1120 1043 1167 1070 τοῦ
1194 1043 1348 1078 σοφωτάτου
1381 1044 1504 1072 Ἰωάννου
1531 1044 1668 1078 ἐξετάζων
1692 1045 1828 1081 ἀκρίϐειαν

1038 1089 1097 1115 κατ’
1110 1089 1238 1124 ἐμαυτὸν,
1256 1089 1370 1126 ἐζήτουν
1380 1090 1407 1117 τί
1422 1091 1546 1126 βούλεται
1560 1090 1635 1126 αὐτῷ
1650 1092 1667 1127 ἡ
1680 1092 1829 1128 προσθήκῃ,

1036 1133 1097 1162 τῶν
1119 1135 1276 1163 Ἰουδαίων.
1292 1136 1372 1163 Ποίου
1389 1136 1444 1172 γὰρ
1458 1136 1538 1164 ἄλλου
1553 1137 1646 1169 ἔθνους
1662 1138 1737 1164 ἐστὶν
1754 1138 1828 1174 ἑορτὴ

1037 1180 1068 1207 τὸ
1079 1181 1192 1217 nam;
1212 1182 1314 1218 Διόπερ
1330 1182 1466 1218 αὗταρκες
1484 1180 1518 1218 ἦν
1539 1183 1626 1209 εἰπεῖν
1645 1183 1712 1219 (12)·
1731 1184 1785 1211 Καὶ
1799 1182 1829 1218 ἦν

1039 1226 1121 1261 ἐγγὺς
1133 1226 1163 1253 τὸ
1178 1227 1282 1262 Πάσχα·
1299 1228 1405 1263 μήποτε
1425 1228 1453 1254 δὲ
1466 1229 1527 1255 ἐπεὶ
1545 1229 1577 1256 τὸ
1593 1228 1642 1265 μέν
1656 1230 1684 1257 τί
1700 1229 1760 1256 ἐστι
1775 1230 1829 1256 [ιά-

1039 1281 1091 1308 σχα
1106 1273 1274 1309 ἀνθρώπινον
1297 1273 1351 1300 τῶν
1369 1274 1406 1311 μὴ
1421 1274 1492 1302 κατὰ
1507 1274 1636 1312 βούλησιν
1653 1276 1704 1311 τῆς
1721 1276 1831 1312 Γραζρῆς

1037 1318 1234 1347 ἐπιτελούντων
1247 1319 1329 1346 αὐτόν
1347 1320 1378 1347 τὺ
1394 1320 1423 1347 δέ
1436 1330 1461 1348 τι
1476 1321 1558 1353 θεῖον,
1578 1321 1609 1348 τὸ
1622 1321 1736 1358 ἀληθὲς,
1754 1322 1832 1348 πνεύ-

1039 1373 1104 1401 ματι
1127 1366 1174 1392 καὶ
1190 1366 1303 1403 ἀληθείᾳ
1326 1367 1522 1403 ὲνεργούμενον
1540 1368 1593 1394 ὑπὸ
1617 1368 1674 1395 τῶν
1698 1368 1834 1403 πνεύματι

1037 1411 1084 1438 καὶ
1096 1411 1210 1448 ἀληθεία
1232 1413 1457 1449 προσκυνούντων
1470 1414 1515 1441 τὸν
1529 1414 1606 1446 Θεὸν,
1617 1415 1666 1441 ἀντ
1672 1414 1805 1441 ιδιέοταλτ
1811 1422 1833 1439 ιι

1037 1457 1106 1492 πρὸς
1120 1457 1166 1485 τὸν
1186 1458 1267 1490 θεῖον,
1281 1459 1312 1485 τὸ
1327 1458 1473 1494 λεγόμενον
1489 1459 1549 1486 τῶν
1562 1460 1724 1488 Ἰουδαίων.
1741 1459 1834 1487 Ἀκού-

1039 1509 1129 1537 σωμεν
1143 1502 1208 1536 γοῦν
1225 1503 1271 1529 τοῦ
1289 1504 1392 1538 Κυρίου
1408 1505 1617 1539 νομοθετοῦντος
1632 1505 1664 1532 τὸ
1680 1505 1793 1540 Πάσχα,
1809 1506 1834 1533 τί

1037 1555 1113 1582 φησι,
1138 1548 1181 1575 ὅτε
1203 1549 1250 1575 καὶ
1279 1549 1386 1584 πρῶτον
1414 1550 1571 1586 ὠνόμασται
1600 1552 1629 1577 ἐν
1657 1552 1692 1587 τῇ
1719 1551 1741 1577 Γ
1743 1553 1832 1586 ραφῇ-

1039 1604 1048 1621 ι
1065 1596 1118 1622 Καὶ
1135 1594 1196 1622 εἷπε
1213 1597 1315 1632 Κύριος
1333 1598 1402 1633 πρὸς
1423 1598 1544 1634 Μωῡσῇν
1556 1598 1602 1625 καὶ
1625 1598 1732 1634 Ἀαρὼν
1750 1600 1780 1625 ὲν
1799 1600 1833 1634 γῇ

1034 1641 1173 1675 Αἰγύπτου
1190 1642 1287 1677 λέγων·
1315 1644 1344 1669 '0
1367 1643 1420 1679 μὴν
1440 1640 1517 1676 οὗτος
1541 1644 1606 1679 ὑμῖν
1625 1644 1700 1680 ἀρχὴ
1727 1644 1835 1680 μηνῶν,

1034 1687 1144 1722 πρῶτός
1164 1688 1237 1714 ἐστιν
1254 1687 1318 1724 ὑμῖν
1334 1689 1362 1715 ὲν
1378 1690 1434 1721 τοῖς
1447 1688 1513 1725 μησὶ
1526 1689 1573 1716 τοῦ
1588 1690 1727 1717 ἐνιαυτοῦ.
1746 1691 1838 1725 Λὰλη-

1034 1740 1080 1758 σον
1097 1731 1164 1767 πρὸς
1189 1733 1278 1760 πᾶσαν
1301 1734 1461 1770 συναγωγὴν
1482 1734 1549 1761 υἱῶν
1573 1735 1705 1771 Ἰσραὴλ,
1734 1735 1834 1770 λέγων·

1034 1778 1073 1814 Τῇ
1098 1778 1198 1815 δεκάτῃ
1226 1778 1272 1806 τοῦ
1301 1780 1384 1815 μηνὸς
1409 1779 1504 1807 τούτου
1529 1779 1692 1808 λαϐέτωσαν
1715 1781 1836 1814 ἕκαστος

1033 1824 1168 1860 πρόϐατον
1183 1825 1244 1852 κατ*
1265 1826 1356 1858 οἴκους
1370 1827 1502 1862 πατριῶνι
1523 1837 1532 1853 ι
1552 1828 1599 1854 καὶ
1616 1828 1677 1863 μετ’
1694 1829 1790 1863 ὀλίγα,
1808 1830 1836 1855 ὲν

1032 1867 1073 1902 οἷς
1095 1870 1199 1897 οὐδέπω
1221 1870 1251 1897 τὸ
1274 1871 1371 1907 Πάσχα
1394 1872 1523 1907 ὀνομαστὶ
1547 1872 1658 1908 εἴρητο,
1680 1874 1834 1910 ἐπιφέρει·

1035 1923 1044 1940 ‹
1066 1914 1144 1942 Οὕτω
1159 1916 1187 1942 δὲ
1205 1916 1325 1951 φάγεσθε
1350 1918 1430 1945 αὐτοι
1445 1920 1472 1945 αἱ
1484 1919 1584 1954 ὀσφύες
1598 1919 1678 1955 ὑμῶν
1696 1919 1839 1956 περιεζω-

1033 1961 1140 1996 σμέναι,
1155 1962 1202 1989 καὶ
1215 1962 1249 1990 τὰ
1263 1963 1424 1999 ὑποδήματα
1438 1964 1452 1991 ὑ
1457 1965 1515 2001 μῶν
1529 1966 1558 1992 ὲν
1571 1966 1629 1997 τοῖς
1643 1966 1728 1993 ποσὶν
1742 1966 1836 2001 ὑμῶν,

1031 2007 1078 2034 καὶ
1096 2008 1125 2034 αι
1142 2006 1288 2044 βακτηρίαι
1313 2009 1341 2035 ὲν
1357 2011 1418 2043 ταῖς
1433 2011 1529 2047 χερσὶν
1551 2011 1641 2046 ὑμῶν,
1666 2012 1716 2038 καὶ
1741 2011 1838 2038 ἔδεσῢε

1030 2050 1097 2078 αὐτὸ
1114 2051 1183 2087 μετὰ
1201 2052 1328 2088 σπουδῆς·
1351 2054 1448 2090 Πάσχα
1465 2055 1524 2081 ἐστὶ
1547 2053 1595 2081 τοῦ
1620 2055 1744 2090 Κυρίου,
1773 2065 1783 2080 ι
1801 2056 1839 2082 Οὐ

1031 2096 1086 2132 γάρ
1102 2105 1186 2132 φησι·
1208 2097 1304 2133 Πάσχα
1319 2099 1393 2126 ἐστὶν
1409 2099 1495 2135 ὑμῶν.
1514 2099 1570 2126 Καὶ
1591 2100 1651 2135 μετ’
1673 2099 1758 2134 ὀλίγα
1775 2100 1840 2127 δεύ-

1031 2150 1109 2178 τερον
1126 2142 1213 2175 οὕτως
1228 2144 1354 2179 ὀνομάζει
1369 2144 1417 2181 τὴν
1436 2146 1548 2181 ἑορτήν·
1567 2155 1576 2170 ι
1604 2146 1661 2172 Καὶ
1673 2146 1770 2178 ἔσται,
1791 2146 1840 2172 ἐὰν

1029 2187 1128 2222 λέγωσι
1143 2188 1212 2224 πρὸς
1222 2190 1294 2225 ὑμᾶς
1305 2191 1329 2217 οἱ
1345 2191 1399 2217 υἱοὶ
1410 2190 1496 2225 ὑμῶν·
1514 2191 1562 2223 Τίς
1575 2193 1592 2227 ἡ
1605 2191 1726 2228 λατρεία
1740 2191 1819 2228 αὕτη
1832 2201 1838 2223 ς

1029 2233 1077 2260 καὶ
1093 2235 1181 2270 ἐρεῖτε
1195 2235 1302 2267 αὐτοῖς’
1325 2236 1411 2263 Θυσία
1431 2236 1461 2262 τὸ
1479 2237 1576 2272 Πάσχα
1590 2237 1638 2264 τοῦ
1653 2238 1782 2273 Κυρίου,
1800 2238 1842 2269 ὡς

1027 2278 1164 2306 ὲσχέπασε
1181 2281 1244 2313 τοὺς
1256 2281 1346 2313 οἴκους
1357 2282 1412 2308 τῶν
1423 2281 1489 2308 υἱῶν
1507 2282 1627 2318 Ἰσραήλ.
1647 2291 1657 2308 ι
1674 2283 1735 2309 Καὶ
1752 2283 1843 2310 πάλιν

1026 2322 1055 2351 δὲ
1072 2325 1130 2360 μετ’
1143 2325 1221 2361 ὀλίγα
1233 2335 1240 2342 ·
1266 2337 1275 2353 ι
1297 2326 1365 2354 Eine
1383 2328 1412 2355 δὲ
1431 2328 1534 2364 Κύριος
1554 2329 1624 2364 πρὸς
1640 2329 1776 2364 Μωῦσῆν
1793 2330 1844 2356 καὶ

1032 2370 1137 2407 ’Δαρὼν
1153 2372 1239 2407 λέγων
1249 2381 1255 2388 ⁶
1271 2372 1354 2406 Οὗτος
1368 2375 1381 2401 ὀ
1401 2374 1482 2410 νόμος
1497 2374 1543 2401 τοῦ
1565 2375 1662 2410 Πάσχα
1675 2383 1682 2390 ·
1701 2376 1772 2407 Πᾶς
1791 2376 1842 2402 ἁλ-

1028 2416 1140 2453 λογενὴς
1162 2419 1211 2446 οὒκ
1235 2419 1322 2447 ἔδεται
1340 2421 1386 2447 ἀπ’
1413 2421 1504 2447 αὑτοῦ.
1536 2431 1544 2447 ι
1568 2421 1626 2448 Καὶ
1652 2422 1743 2449 πάλιν
1776 2421 1843 2457 μετ’

1028 2461 1120 2497 ὀλίγα·
1142 2473 1151 2489 ι
1174 2464 1237 2491 Ἐὰν
1258 2465 1287 2492 δέ
1303 2475 1345 2497 τις
1359 2466 1495 2502 προσέλθῃ
1517 2466 1586 2502 πρὸς
1598 2467 1674 2502 ὑμᾶς
1685 2468 1844 2503 προσήλυ-

1029 2516 1085 2542 τος,
1104 2510 1150 2537 καὶ
1165 2511 1226 2546 ποιῇ
1247 2511 1277 2538 τὸ
1293 2511 1388 2547 Πάσχα
1402 2512 1517 2549 Κυρίου,
1533 2513 1730 2547 περιτεμείται
1747 2512 1846 2539 αὑτοῦ

1273 2588 1294 2604 ¹⁸
1313 2588 1378 2617 ibid.
1394 2590 1438 2618 15.
1496 2589 1518 2605 ¹⁷
1533 2588 1619 2618 Exod.
1633 2597 1681 2623 stt,
1698 2590 1756 2617 1-5
1773 2597 1844 2625 seq.

1069 2705 1125 2740 (l2)
1142 2706 1254 2742 Είπεῖν.
1272 2707 1364 2736 Codex
1378 2707 1550 2742 Bodleianus,
1568 2711 1593 2737 εί
1607 2707 1696 2738 εἶπεν.

1035 2742 1127 2803 ωᾶὲό)
1149 2741 1213 2770 Haec
1236 2750 1268 2770 ex
1294 2743 1520 2780 interpretatione
1543 2746 1664 2774 Perionii
1692 2751 1800 2784 suppt.
1814 2749 1851 2774 vi<
