1869 3046
47 123 87 152 ὅθί
580 122 758 151 COMMENT.
782 122 785 149 l

580 122 758 151 COMMENT.
782 121 815 149 IN
835 120 931 151 JOAN.
954 123 1073 153 TUMUS
1092 124 1125 152 Χ.

1608 126 1660 155 362

49 191 84 211 ται
95 181 156 216 μετὰ
170 181 200 209 τὸ
217 182 432 211 ἐπικαθεσθὲντα
447 183 493 211 τδν
515 184 619 220 Ἰησοῦν
630 185 670 216 εἰς
685 184 718 211 τὰ
740 185 787 220 Ὶερ

937 192 970 212 ex
997 186 1210 216 circumcisione
1234 192 1314 222 quam
1340 193 1386 214 eos
1403 189 1449 222 qui
1475 194 1507 214 ex
1536 186 1660 223 gentibus

48 229 133 263 σόλυμα
153 228 360 264 ἀναϐεϐηκέναι,
377 230 427 256 οὐκ
443 230 583 257 ἀκίνδυνον
604 231 701 263 εἰπεῖν,
723 239 816 266 μυστι-

47 275 86 301 xiv
98 273 146 308 γὰρ
163 273 290 308 ἐχόμενον
305 275 354 310 τῆς
371 275 435 311 περὶ
452 275 506 302 τῶν
524 276 609 310 ἁγίων
626 277 666 308 εἰς
685 276 816 311 ἀγγέλους

46 319 190 355 μεταϐολῆς,
204 320 478 356 ἀποσταλησομένους
495 321 566 348 κατὰ
578 322 623 348 τὸν
639 322 706 358 μετὰ
724 322 816 349 τοῦτον

44 365 127 396 αἰῶνα,
141 365 339 401 παραπλησίως
356 367 412 397 τοῖς
427 367 468 397 εἰς
483 366 618 393 διακονίαν
631 367 816 404 ἁποσταλησφ

44 411 123 447 μένοις
131 410 325 450 λειτουργικοζς
338 411 474 447 πνεύμασι
484 411 527 438 διὰ
538 413 600 444 τοὺς
612 413 680 440 κατά
689 422 720 447 γε
729 413 816 440 ταῦτα

44 457 173 493 μέλλοντας
181 458 357 493 κληρονομεῖν
370 457 443 493 ζωὴν
453 457 570 485 αἰώνιον.
581 459 611 485 Εἰ
623 459 651 485 δὲ
664 460 680 494 ὴ
697 459 756 491 δνος
770 461 816 486 καὶ

41 504 51 530 ς
66 503 146 534 πῶλος
161 503 195 529 τὰ
211 503 314 530 παλαιὰ
329 504 375 530 καὶ
391 504 425 530 τὰ
444 503 523 531 καινὰ
542 505 583 540 εἴη
598 505 760 540 γράμματα,
775 502 815 536 οἷς

38 550 51 576 ό
61 549 138 584 Λόγος
157 550 258 585 ὀχεῖται
274 550 319 576 τοῦ
335 550 413 583 Θεοῦ,
435 551 466 577 οὐ
488 551 557 578 πάνυ
572 559 598 578 τι
611 551 726 586 χαλεπὸν
741 551 815 578 ἔσται

38 594 201 630 παραστῆσαι
218 595 277 627 πῶς
292 595 503 624 ἀποστέλλονται
517 596 563 623 τοῦ
576 597 663 631 Λόγου
681 598 710 624 ἐν
725 598 816 630 αὐτοῖς

37 641 165 675 φανέντος,
182 641 212 668 οὺ
230 641 263 677 [Ῑ.
280 642 352 678 οὐδὲ]
375 642 483 678 μένουσι
499 643 568 679 μετᾶ
585 644 615 670 τὺ
632 644 762 671 εἰσελθεῖν
776 646 816 677 εἰς

41 687 206 723 Ἰεροσόλυμα
221 688 266 715 τὸν
282 688 368 724 Λόγον
383 690 412 716 ὲν
425 692 480 722 τοῖς
494 691 696 727 ἀποϐεϐληκόσι
711 692 815 725 πάντας

34 734 91 766 τοὺς
107 733 275 767 πωλοῦντας,
294 735 341 762 καὶ
365 736 550 771 ἀγοράζοντας
569 737 723 773 λογισμούς.
745 738 816 773 Ἐγὼ

33 779 58 806 δὲ
67 776 140 815 οἶμαι
154 780 192 816 μὴ
209 781 296 817 μάτην
311 781 407 817 κώμην
420 791 450 809 τε
465 781 534 810 εἶναι
548 783 593 810 τὸν
608 784 690 811 τόπον
707 784 815 817 τοῦτον,

30 826 91 852 ὅπου
109 824 143 862 ἦν
163 827 180 862 ἡ
203 827 331 863 δεδεμένη
353 828 423 860 ὄνος,
441 829 488 855 καὶ
505 830 519 856 ὁ
543 830 642 862 πῶλος,
665 831 713 857 καὶ
731 831 816 858 τοῦτο

29 871 180 907 ἀνώνυμον·
200 872 279 908 κώμη
292 873 346 909 γὰρ
359 873 396 906 ὡς
413 874 482 910 πρὸς
502 875 547 901 τὸν
563 876 592 902 ὲν
605 876 712 912 οὐρανῷ
729 877 816 904 πάντα

27 918 123 954 κόσμον
145 919 162 954 ἡ
180 919 257 946 πᾶσά
279 920 336 946 ἐστι
356 920 404 956 γῆ,
428 921 493 948 ὅπου
520 922 604 955 ἐστὶν,
622 924 637 958 ἡ
656 923 783 959 δεδεμένη
799 925 814 960 ὴ

27 964 81 995 ὖνος
102 965 149 991 καὶ
171 965 186 991 ὁ
214 964 318 996 πῶλοςο
339 965 386 992 καὶ
411 966 427 1002 ἠ
455 965 535 1002 κώμη
562 966 707 1003 αὐτάρκως
732 969 815 1004 χωρὶς

24 1011 181 1047 προσθήκης
193 1011 286 1048 ἑτέρου
298 1012 428 1048 ὀνόματος
442 1013 607 1049 καλουμένη.
626 1014 692 1041 Ἀπὸ
707 1014 816 1050 Βηθφα-

24 1058 72 1093 γῆς
84 1058 113 1085 δὲ
136 1059 151 1085 ό
172 1058 314 1090 Ματοαῖός
329 1067 410 1094 φησιν
428 1059 638 1087 ἀποστέλλεσθαι
651 1061 714 1093 τοὺς
728 1070 815 1096 παρα-

21 1104 192 1141 ληψομένους
215 1105 265 1141 τὴν
280 1105 342 1133 ὄνον
359 1107 406 1133 καὶ
429 1106 476 1133 τὸν
496 1106 595 1138 πῶλον,
611 1107 672 1142 ἥτις
687 1108 769 1140 τόπος
781 1105 815 1143 ἦν

22 1151 166 1187 ἱερατικδς,
211 1148 300 1184 Οἶκος
316 1151 469 1185 σιαγόνων
508 1152 734 1189 ἑρμηνευόμενος.
761 1154 816 1181 Καὶ

17 1196 101 1224 ταῦτα
124 1197 177 1233 μὲν
193 1196 267 1224 κατὰ
288 1197 402 1233 δύναμιν
425 1198 464 1229 εἰς
487 1197 521 1224 τὰ
541 1197 616 1233 παρὰ
628 1196 667 1233 τῷ
683 1197 815 1232 Ματθαεῳ

18 1243 135 1276 λεκτέον,
149 1243 200 1271 τοῦ
213 1243 361 1280 ὁλοκλήρου
375 1244 422 1271 καὶ
435 1243 510 1279 παρὰ
522 1243 608 1270 ταῦτα
618 1243 814 1279 ἀκριϐεστέρου

15 1288 91 1324 λόγου
119 1290 336 1326 εὐκαιρότερον,
363 1290 427 1317 ὅταν
453 1290 492 1322 εἰς
519 1289 549 1316 τὸ
574 1289 645 1316 κατὰ
674 1289 814 1317 Ματθαῖον

14 1336 77 1370 ἡμῖν
92 1335 188 1370 λέγειν
209 1335 285 1371 δοθῇ,
296 1336 503 1372 λεχθησομένου.
524 1336 553 1363 '0
569 1336 597 1363 δὲ
613 1335 726 1373 Μάρκος
739 1335 787 1363 καὶ
800 1336 814 1362 ὸ

10 1382 116 1414 Λουκᾶς
131 1382 229 1409 πῶλον
243 1382 394 1418 δεδεμένον,
407 1382 448 1416 ἐφ’
459 1382 488 1410 ὃν
501 1382 588 1415 οὐδείς
605 1390 648 1409 πω
663 1381 814 1418 ἀνθρώπων

10 1426 150 1459 ἐκάθισεν,
174 1426 316 1463 εὑρῆσθαί
337 1436 403 1463 φησι
427 1427 497 1454 κατὰ
518 1427 568 1464 τὴν
593 1425 740 1465 πρόσταξιν
766 1427 813 1454 τοῦ

7 1471 109 1508 Κυρίου
128 1473 187 1500 ὑπὸ
201 1473 260 1500 τῶν
281 1472 328 1500 δύο
344 1473 482 1509 μαθητῶν,
499 1474 589 1500 ὅντινα
605 1473 734 1506 λύσαντες
747 1474 814 1509 ἤγα-

6 1527 51 1564 γον
70 1519 144 1555 πρὸς
161 1519 215 1546 τὸν
241 1519 354 1555 Κύριον.
381 1519 548 1555 Προστίθησι
562 1520 590 1547 δὲ
605 1520 619 1546 ὁ
632 1521 756 1556 Μάρκος,
771 1520 812 1547 ὅτι
826 1534 848 1564 C

8 1563 82 1602 εὖρον
103 1566 155 1593 τὸν
178 1565 275 1592 πῶλον
289 1565 430 1601 δεδεμένον
445 1566 513 1603 προς
529 1566 612 1602 θύραν
627 1566 679 1599 ἕξω
704 1567 750 1594 ἐπὶ
766 1566 813 1594 τοῦ

7 1612 138 1646 ὶμφόδου.
166 1612 223 1643 Τίς
250 1612 278 1639 δὲ
303 1612 370 1646 Ego);
385 1612 410 1639 oi
428 1612 482 1639 ἀπὸ
504 1612 558 1639 τῶν
579 1612 674 1644 ἐθνῶν,
695 1613 720 1639 οἳ
743 1610 814 1649 ἦσαν

7 1654 72 1686 ξένοι
90 1655 151 1682 τῶν
176 1656 339 1691 Διαθηκῶν,
356 1656 403 1683 καὶ
419 1656 553 1692 ἀλλότριοι
582 1657 630 1693 τῆς
648 1658 813 1692 ἐπαγγελίας

6 1702 42 1728 τοῦ
55 1702 142 1733 Θεοῦ,
169 1702 225 1728 ἐπὶ
241 1701 289 1729 τοῦ
310 1703 443 1737 ἀμφόδου,
460 1703 507 1730 καὶ
523 1703 583 1738 οὐχὶ
606 1703 658 1730 ὑπὸ
680 1703 780 1739 στέγην
795 1704 812 1740 ἦ

8 1747 87 1773 ιίκίαν
99 1747 333 1785 ἀναπαυόμενοι,
343 1748 478 1784 δεδεμένοι
492 1749 552 1780 ταῖς
565 1748 643 1780 ἰδίαις
655 1749 812 1784 ἁμαρτίαις,

6 1794 41 1820 :1“.
57 1795 200 1829 λυόμενοι
217 1794 274 1821 ὑπο
294 1794 343 1830 τῆς
365 1795 567 1831 προειρημένης
589 1795 686 1830 διπλῆς
703 1795 814 1830 ἐπιστή-

7 1849 49 1875 ιης
60 1840 120 1867 τῶν
146 1840 251 1874 Ἰησοῦ
265 1841 421 1877 γνωρίμων.
438 1842 469 1868 οι
485 1841 513 1868 δὲ
529 1841 624 1877 δεσμοὶ
641 1840 688 1868 τοῦ
703 1841 813 1877 δεδεμέ-

6 1896 34 1914 ου
52 1888 169 1921 πώλου,
188 1887 247 1915 καὶ
264 1888 293 1914 αἱ
315 1888 448 1924 ἁμαρτίαι
470 1888 535 1923 περὶ
554 1888 609 1923 (82)
623 1888 669 1915 τὸν
685 1887 749 1923 ὑγιῆ
767 1897 812 1922 γε-

9 1935 149 1970 ενημέναι
166 1935 262 1969 λόγον
276 1933 454 1969 ἐλεγχόμεναι
469 1934 514 1961 ὑπ’
529 1933 624 1967 αὐτοῦ,
641 1934 726 1970 θύρας
747 1943 812 1969 τυγ-

6 1980 122 2013 ίὶνοντος
138 1979 241 2016 ζωῆς,
259 1979 327 2015 πρὸς
340 1980 448 2016 ἑκεῐνην
463 1980 534 2015 λέγω
549 1980 581 2016 δὴ
598 1980 646 2016 τῆς
663 1980 747 2016 θύρας
757 1977 811 2015 (85)

8 2034 57 2052 σαν
73 2027 131 2053 οὐκ
147 2027 251 2058 ἔνδον,
268 2025 325 2052 ἀλλ’
340 2025 391 2058 ἔξω
401 2033 407 2040 ·
424 2025 496 2061 τάχα
508 2026 562 2062 γὰρ
579 2025 650 2052 ἔνδον
667 2026 716 2061 τῆς
727 2025 812 2062 θύρας

6 2073 88 2108 εσμὸς
102 2072 258 2108 γενέσθαι
278 2072 329 2107 τῆς
351 2072 450 2104 κακίας
475 2072 505 2099 ού
524 2071 645 2099 δύναται.
665 2072 811 2108 Ἐστήκασι

6 2120 11 2144 Ξ
33 2129 114 2152 τινες
141 2118 237 2155 παρὰ
265 2118 305 2154 τῷ
332 2118 465 2154 δεδεμένῳ
490 2118 588 2155 πώλῳ,
603 2118 641 2151 ὡς
667 2120 681 2145 ὁ
698 2119 812 2155 Μάρκος

6 2168 85 2202 gelv,
114 2165 224 2203 οἶμαι,
246 2166 289 2193 ὅτι
311 2166 334 2192 οἱ
359 2165 490 2201 δήσαντες
514 2165 613 2198 αὐτὸν,
642 2166 680 2198 ὡς
705 2166 812 2199 Λουκᾶς

870 235 962 264 postea
997 231 1184 260 crediderunt.
1216 230 1317 259 Verum
1348 233 1490 260 enimvero
1524 235 1662 269 quomodo

870 283 931 304 mox
949 284 1042 304 rursus
1060 277 1086 305 hi
1106 277 1262 311 mittuntur,
1276 283 1416 314 postquam
1432 279 1552 308 insidens
1578 279 1663 307 asina:

870 321 1004 350 Dominus
1028 322 1227 358 Jerosolymam
1252 325 1396 358 ascendit,
1415 325 1466 353 dici
1495 333 1547 353 non
1572 333 1659 364 potest

869 369 928 396 sine
958 369 1091 404 periculo,
1118 377 1163 398 res
1182 370 1282 407 alioqui
1301 371 1414 408 mystica
1428 392 1436 405 ,
1463 377 1490 399 et
1513 372 1658 408 conjuncta

869 415 1014 444 mutationi
1034 421 1192 444 sanctorum
1210 416 1237 444 in
1255 418 1368 452 angelos
1391 417 1538 445 mittendos
1563 418 1590 445 in
1616 418 1659 445 fu—

871 467 931 490 turo
946 463 1054 495 saeculo,
1073 463 1186 498 perinde
1200 467 1282 498 atque
1297 463 1336 490 illi
1360 463 1588 492 administratorii
1605 464 1660 500 spi-

871 509 939 536 ritus
953 509 986 541 ‘5,
1004 509 1050 544 qui
1076 509 1221 536 mittuntur
1244 509 1271 536 in
1290 509 1469 537 ministerium
1494 517 1588 538 eorum
1612 511 1658 545 qui

870 554 1056 581 hmreditatem
1083 554 1234 583 sortientur
1249 555 1310 582 vita:
1328 559 1437 583 :elernze
1453 561 1566 591 propter
1590 557 1657 584 haec.

870 598 945 631 Quod
971 599 993 626 si
1023 599 1098 626 asina
1126 603 1154 626 et
1184 598 1271 632 pullus
1299 599 1397 626 littera:
1413 603 1521 627 veteres
1539 604 1566 626 et
1581 607 1659 626 nova:

869 649 932 672 sunt
946 665 953 677 ,
977 644 1074 679 quibus
1090 644 1187 672 Sermo
1202 644 1246 672 ille
1270 645 1317 672 Dei
1335 645 1454 677 vehitur,
1476 644 1546 672 baud
1563 645 1658 672 admo-

870 691 932 718 dum
949 690 1060 718 dillicile
1078 690 1159 718 fuerit
1173 691 1317 719 ostendere
1330 710 1337 724 ,
1363 695 1507 726 postquam
1530 691 1660 718 insederit

870 745 951 771 super
966 737 1020 764 illis
1041 736 1148 770 Sermo,
1162 741 1189 764 et
1203 741 1346 772 postquam
1364 737 1504 772 ingressus
1516 736 1598 764 fuerit
1612 736 1660 764 Je-

870 783 1046 818 rosolymam,
1076 783 1213 817 quomodo
1239 782 1414 810 remittantur
1438 790 1492 810 non
1520 788 1661 810 manentes

871 830 944 857 inter
961 837 1008 858 eos
1034 829 1079 865 qui
1104 830 1243 864 eiecerunt
1266 836 1282 856 a
1307 836 1338 857 se
1361 829 1540 864 cogitationes
1565 837 1661 857 omnes

869 876 1017 903 vendentes
1041 881 1068 903 et
1085 879 1218 903 ementes.
1236 874 1364 903 Arbitror
1383 882 1447 903 vero
1463 882 1513 909 ego
1527 883 1580 903 non
1600 875 1658 902 fru<

867 927 923 949 stra
943 923 1024 949 etiam
1041 922 1144 956 vicum,
1159 928 1274 957 eumque
1287 921 1347 950 sine
1362 922 1481 953 nomine,
1498 929 1557 949 esse
1568 922 1658 950 locum

867 969 952 1002 hunc,
968 968 1013 996 ubi
1027 969 1133 1003 alligata
1151 968 1227 996 asina
1249 973 1309 996 erat
1323 972 1351 995 et
1365 968 1465 1003 pullus.
1485 967 1568 995 Vicus
1585 968 1657 995 enim

867 1015 1073 1049 comparatione
1101 1015 1186 1042 totius
1201 1019 1327 1046 ornatus.
1343 1015 1389 1049 qui
1405 1014 1486 1041 estin
1502 1013 1582 1046 coelo,
1599 1014 1659 1041 uni—

867 1068 946 1088 versa
962 1067 1004 1088 est
1020 1065 1103 1094 terra,
1121 1060 1166 1088 ubi
1180 1065 1221 1088 est
1242 1060 1352 1096 alligata
1369 1060 1445 1087 asina
1460 1064 1486 1087 ct
1502 1059 1591 1095 pullus
1609 1067 1616 1086 :
1633 1065 1660 1086 et

868 1108 944 1135 vicus
961 1112 1109 1135 contentus
1125 1107 1218 1136 vocari
1243 1107 1345 1142 absque
1370 1107 1522 1141 adiectione
1545 1106 1658 1134 alterius

868 1154 998 1181 nominis.
1015 1153 1035 1181 Α
1052 1153 1210 1189 Betltpltage
1221 1161 1286 1181 vero
1301 1153 1444 1180 Matthazus
1455 1153 1544 1187 inquit
1557 1152 1579 1168 ⁸⁷
1593 1152 1659 1179 mis-

867 1206 911 1226 sos
926 1199 1005 1234 192
1022 1198 1115 1232 fuisse,
1131 1199 1177 1233 qui
1192 1201 1363 1226 assumerent
1379 1197 1483 1224 asinam
1500 1201 1525 1224 et
1544 1196 1656 1232 pullum.

869 1245 942 1273 Sane
957 1245 1015 1273 haec
1031 1245 1187 1280 Bethphage
1214 1244 1301 1272 locus'
1314 1249 1356 1271 cst
1371 1243 1559 1278 sacerdotalis,
1575 1250 1657 1279 quem

866 1291 889 1318 si
925 1290 1114 1326 interpreteris
1129 1311 1137 1323 .
1163 1297 1264 1318 voearc
1285 1291 1374 1326 possis
1400 1289 1507 1317 domum
1532 1289 1658 1317 maxilla-

866 1344 935 1364 rum.
954 1335 987 1363 Et
1003 1335 1059 1363 haec
1071 1335 1180 1371 quidem
1197 1334 1352 1366 habuimus,
1378 1341 1438 1369 qua:
1461 1333 1657 1361 dissereremns

867 1391 915 1418 pro
930 1382 1002 1410 virili
1019 1382 1053 1409 de
1069 1382 1112 1410 bis
1135 1389 1196 1417 qum
1211 1386 1274 1408 sunt
1299 1380 1371 1416 apud
1396 1379 1553 1407 Matthzeum
1570 1388 1577 1413 ;
1597 1380 1656 1414 ple-

865 1430 970 1458 niorem
996 1433 1078 1464 atque
1107 1427 1305 1455 accuratiorem
1334 1433 1490 1454 sermonem
1522 1424 1656 1456 habituri,

866 1476 938 1504 nacti
948 1475 1161 1503 commodiorem
1171 1473 1344 1501 occasionem
1357 1472 1555 1508 interpretandi
1569 1472 1656 1499 Evan-

865 1522 963 1558 gelium
976 1529 991 1548 a
1007 1520 1134 1548 Matthaeo
1152 1520 1291 1548 traditum.
1308 1519 1344 1546 At
1359 1518 1467 1546 Marcus
1482 1523 1509 1546 et
1525 1518 1614 1546 Lucas
1632 1518 1654 1533 "

864 1568 968 1604 pullum
982 1566 1120 1602 alligatum
1134 1586 1142 1600 ,
1158 1572 1239 1600 super
1261 1572 1341 1600 quem
1362 1564 1452 1592 nullus
1466 1571 1584 1599 unquam
1603 1564 1654 1590 ho-

864 1614 968 1642 minum
994 1613 1131 1645 sedisset,
1164 1616 1303 1647 repertum
1330 1610 1426 1638 dicunt
1445 1609 1522 1645 juxta
1547 1609 1653 1636 Domini

861 1660 1014 1695 iussionem
1028 1667 1042 1687 a
1058 1659 1164 1687 duobus
1186 1657 1326 1691 discipulis
1338 1677 1346 1691 ,
1363 1663 1443 1691 quem
1470 1655 1589 1683 solutum
1617 1655 1652 1681 ad

865 1706 1008 1733 Dominum
1027 1703 1163 1732 duxerint.
1182 1702 1265 1730 Addit
1281 1706 1371 1730 autem
1388 1701 1497 1729 Marcus
1517 1705 1654 1735 repertum

864 1752 968 1787 pullum
987 1751 1128 1786 alligatum
1155 1749 1188 1777 ad
1212 1749 1326 1784 januam
1356 1747 1422 1775 foris
1442 1748 1468 1775 in
1498 1748 1581 1776 bivio.
1601 1747 1654 1775 Sed

863 1799 925 1834 quis
941 1797 1007 1825 foris
1022 1801 1093 1832 erat,
1112 1796 1163 1824 nisi
1177 1795 1301 1832 gentiles,
1318 1795 1442 1823 extranei
1457 1802 1472 1821 a
1494 1793 1656 1821 Testamen-

865 1846 910 1877 tis,
926 1849 954 1872 et
972 1843 1054 1871 alieni
1082 1851 1097 1870 a
1120 1842 1304 1878 promissione
1323 1841 1368 1868 Dei
1384 1841 1423 1874 ⁵⁹;
1447 1841 1472 1867 in
1490 1840 1575 1873 bivio,
1600 1848 1653 1867 non

863 1892 912 1920 sub
931 1896 1002 1919 tecto
1017 1891 1131 1919 domove
1148 1889 1359 1925 acquiesccntcs
1372 1908 1380 1921 ,
1402 1887 1520 1923 propriis
1535 1888 1654 1921 peccatis

862 1937 955 1968 vincti,
973 1942 1000 1964 et
1015 1935 1096 1964 soluti
1111 1942 1125 1962 a
1139 1934 1270 1970 prmdicta
1289 1933 1390 1968 duplici
1403 1932 1518 1961 scientia
1533 1931 1653 1959 familia:

864 1983 933 2010 rium
959 1981 1048 2009 Jesn?
1074 1979 1187 2009 Vincula
1205 1986 1271 2008 vero
1297 1978 1416 2015 alligata:
1438 1978 1533 2011 asina,
1549 1982 1577 2006 et
1594 1985 1655 2014 pec~

863 2032 922 2056 cata
943 2027 1011 2055 facta
1041 2027 1114 2055 circa
1143 2033 1236 2054 sanam
1266 2025 1418 2054 doctrinam
1443 2025 1588 2060 redarguta
1619 2025 1654 2051 ah

863 2074 932 2109 ipso,
951 2073 997 2108 qui
1014 2077 1075 2100 erat
1096 2071 1181 2107 janna
1197 2072 1260 2099 vitae
1276 2071 1311 2103 ⁸ο,
1328 2075 1453 2106 respectu
1479 2070 1551 2097 illius
1563 2070 1654 2104 januze

864 2120 936 2153 vitae,
953 2127 1005 2147 non
1028 2123 1107 2147 erant
1124 2118 1194 2145 intra
1210 2116 1334 2153 jauuam,
1355 2116 1402 2144 sed
1418 2116 1495 2144 foris.
1511 2114 1579 2143 Nam
1598 2115 1654 2143 for-

864 2165 947 2194 tassis
962 2166 1031 2192 intra
1047 2164 1158 2200 ianuam
1183 2163 1241 2191 ﬁeri
1264 2162 1360 2198 nequit
1379 2162 1518 2189 vinculum
1542 2161 1653 2189 vitiosi-

6 2214 164 2250 θαγράφει,
194 2211 290 2240 εἶπαν
313 2212 338 2239 οἱ
359 2211 448 2248 κύριοι
470 2211 516 2239 τοῦ
542 2211 631 2239 πώλου
654 2212 722 2248 προς

915 2219 938 2238 s.
957 2211 1100 2238 Steterunt
1116 2213 1216 2242 autem,
1243 2213 1272 2236 ut
1295 2207 1403 2236 Marcus
1418 2206 1524 2239 scribit.
1543 2207 1651 2242 quidam

6 2259 125 2295 ιθητάς·
158 2259 226 2286 «Ti
256 2257 334 2285 λύετε
357 2258 403 2285 τὸν
430 2258 554 2291 πῶλον;ι
580 2258 677 2294 Κύριοι
702 2259 756 2296 γὰρ
784 2260 810 2286 οἱ

6 2307 197 2339 τοτάξαντες,
219 2304 276 2332 καὶ
290 2303 421 2340 δήσαντες
435 2304 480 2331 τὸν
494 2305 682 2340 ἡμαρτηκότα,
696 2305 811 2341 παράνο-

6 2362 31 2383 κ,
42 2353 159 2385 οἵτινες
174 2351 214 2379 οὐ
236 2349 369 2377 δύνανται
379 2350 536 2386 ἀντιϐλέψαι
549 2350 587 2386 τῷ
599 2351 706 2386 ἀληθῶς
714 2352 809 2388 Κυρίῳ

6 2397 134 2425 ;ἐλκοντι
164 2395 225 2423 τοῦ
260 2394 362 2430 δεσμοῦ
388 2394 477 2421 αὐτῶν
497 2395 542 2422 τὴν
563 2395 661 2422 πῶλον.
681 2397 742 2423 ’Ὁτι
764 2394 811 2424 οὖν

6 2453 59 2473 ισιν
74 2445 102 2472 οι
123 2440 292 2480 μαθηταί·
312 2450 322 2466 ι
342 2441 370 2467 '0
391 2441 493 2477 Κύριος
508 2440 590 2468 αὑτοῦ
613 2440 707 2477 χρείαν
720 2441 807 2477 Exn,»

6 2492 59 2526 ιδὲν
71 2490 282 2526 δυνηθέντων
291 2486 344 2513 τῶν
354 2487 480 2522 πονηρῶν
491 2487 593 2522 κυρίων
602 2487 808 2523 ἀποκρίνεσθαι,

8 2546 69 2565 ωσι
98 2536 184 2574 πρὸς
210 2533 271 2561 τὸν
299 2531 402 2567 Ἰησοῦν
417 2532 462 2559 τὸν
486 2532 575 2559 πῶλον
594 2533 707 2568 γυμνὸν,
731 2535 810 2570 ὲπιρ-

8 2592 104 2611 ιτουσι
127 2583 187 2609 τὸν
204 2580 287 2608 ἴδιον
302 2578 414 2614 κόσμον,
429 2579 472 2605 ἵνα
490 2580 547 2610 τοῖς
569 2578 740 2615 ὲπιὸληθεῖσι
755 2581 809 2607 τῶν

8 2630 108 2667 θητῶν
133 2627 287 2666 ἱματίοις
303 2625 492 2656 ὲπικαθεσθεὶς
506 2626 521 2651 ό
534 2624 636 2660 Κύριος
649 2625 809 2661 ἀναπαύση-

10 2696 18 2703 .
31 2677 77 2703 Τὰ
87 2677 121 2704 δὲ
134 2673 241 2702 λοιπὰ
258 2672 296 2698 ὲκ
309 2671 363 2698 τῶν
375 2671 527 2707 εἰρημένων
540 2670 616 2707 παρὰ
629 2670 668 2706 τῷ
676 2671 807 2708 Ματθαίῳ

17 2726 42 2741 ⁵⁸
61 2725 162 2754 Hebr.
197 2730 222 2755 ι.
250 2719 302 2747 Mx.
347 2719 370 2738 -"
386 2718 480 2746 Matth.
497 2726 559 2752 χχι,
578 2719 604 2751 1,
619 2718 648 2746 2.

9 2761 195 2843 ἐξῃξιίἱεῗ.
205 2802 404 2843 Βυδιοῑιιῃυῆ
419 2800 483 2843 περι
496 2809 502 2815 ·
519 2800 620 2843 Regius
631 2821 638 2832 ,
653 2800 739 2843 παρὰ.

9 2834 57 2875 g7?)
77 2834 154 2879 ἧηῆξ
171 2841 306 2875 θύρας.
336 2834 514 2864 Scribendum
545 2836 660 2870 \idelur,
685 2834 733 2871 τὴν

115 2834 154 2879 δέ
171 2841 306 2875 θύρας.
336 2834 514 2864 Scribendum
545 2836 660 2870 \idelur,
685 2834 733 2871 τὴν
761 2834 853 2870 θύραν.

92 2893 269 2921 Ριτιιοι.
300 2882 357 2913 Gn.
376 2881 462 2912 XIV.

691 2719 714 2735 ⁸³
725 2718 811 2751 Marc.
831 2730 869 2757 xt,
888 2722 916 2754 9,
935 2721 962 2754 Δ,
980 2720 1016 2755 7;
1034 2719 1098 2747 Luc.
1116 2726 1172 2751 xtx,
1186 2718 1232 2751 '50,
1252 2717 1298 2751 δί,
1313 2716 1358 2744 55.

866 2257 937 2292 apud
964 2256 1104 2290 alligatum
1129 2255 1252 2290 pullum,
1277 2253 1408 2282 nimirum
1428 2253 1474 2288 qui
1500 2253 1654 2289 ligaverunt

865 2304 964 2340 ipsum,
984 2302 1049 2338 pulli
1068 2301 1181 2335 domini,
1198 2305 1228 2328 ut
1246 2300 1333 2328 Lucas
1348 2299 1455 2333 scribit.
1474 2299 1654 2334 dixeruntque

866 2351 899 2378 ad
907 2349 1056 2384 discipulos
1071 2357 1077 2375 :
1096 2357 1105 2374 ‹
1119 2347 1173 2375 Cur
1187 2346 1287 2382 pullum
1301 2345 1425 2373 solvitis?
1436 2354 1445 2370 ι
1459 2344 1567 2373 Domini
1580 2344 1652 2372 enim

866 2399 911 2434 qui
928 2396 1100 2433 subiecerant
1115 2398 1143 2422 et
1153 2393 1306 2429 ligaverant
1321 2395 1504 2427 peccatorem,
1527 2390 1615 2425 iniqui
1626 2396 1653 2416 et

864 2445 974 2479 exleges
992 2446 1065 2474 sunt,
1082 2440 1128 2475 qui
1141 2439 1280 2473 respicere
1296 2441 1434 2471 nequeunt
1450 2436 1477 2463 in
1489 2443 1584 2463 verum
1602 2435 1654 2463 Dn-

864 2490 968 2517 miuum
982 2487 1144 2514 liberantcm
1160 2482 1260 2519 pullum
1279 2489 1294 2509 a
1308 2481 1566 2516 vineulisipsorum.
1584 2479 1654 2513 Qun.

865 2535 938 2563 niam
956 2540 1021 2568 ergo
1038 2531 1164 2566 inquiunt
1180 2527 1307 2564 discipuli
1325 2535 1333 2554 :
1354 2536 1364 2553 ε
1379 2526 1512 2554 Dominus
1526 2524 1572 2552 illo
1585 2532 1653 2558 opus

865 2579 960 2613 habet,
980 2588 989 2604 ι
1008 2576 1076 2605 nihil
1093 2574 1247 2603 valentibus
1269 2573 1360 2609 pravis
1371 2571 1489 2600 dominis
1504 2569 1652 2604 respondi-,-

862 2635 904 2659 re,
921 2626 1026 2654 ducunt
1051 2623 1084 2651 ad
1110 2622 1199 2651 Jesum
1216 2620 1318 2656 pullum
1338 2619 1452 2652 nudum,
1477 2621 1507 2646 ct
1529 2617 1653 2644 subster-

861 2679 929 2702 nunt
942 2671 1078 2708 proprium
1093 2675 1293 2702 ornamentum,
1306 2674 1335 2697 ut
1351 2669 1459 2705 iniectis
1485 2663 1654 2693 vestimentis

1412 2715 1434 2732 "
1452 2714 1551 2750 Ephesi.
1564 2721 1592 2742 ιι,
1609 2715 1654 2741 η.
