1854 3043
245 86 295 112 565

980 91 1144 119 ORIGENIS
1807 92 1840 118 Sil

244 145 436 180 disripniorum
450 146 569 175 insidens
580 146 658 175 Jesns
672 147 805 183 quiescat.
822 148 925 178 (holera
942 157 967 176 Cl

1081 151 1110 176 οὐ
1129 150 1198 177 πάνυ
1217 159 1242 177 τι
1259 150 1335 177 ἔσται
1351 151 1455 186 ἀσαφῆ,
1472 151 1532 177 τίνα
1551 150 1654 186 τρόπον
1676 159 1685 176 ι
1697 150 1810 186 ἔρχονται
1819 152 1842 182 ες

244 198 303 225 qua:
321 191 391 218 dicta
410 197 473 219 sunt
501 193 570 227 apud
589 193 746 229 Matthreum
763 215 771 228 ,
800 203 853 222 nou
880 196 1026 224 admodum

242 237 355 264 obscura
385 243 488 265 erunt:
509 246 607 272 nempe
633 247 752 274 quonam
777 246 857 275 pacto
886 250 896 267 ε
916 241 1027 268 veniunt

240 281 434 317 Jerosolymam
449 282 482 314 ε’,
497 288 524 310 et
538 283 677 318 ingressus
696 286 721 312 in
736 286 864 320 templum
881 287 964 322 (ιωρὶι
980 286 1028 321 eji-

241 335 303 355 cere
330 328 480 356 vendentes
519 334 545 356 et
573 335 695 358 ementes
717 331 743 365 in
763 331 884 366 templo:
907 341 916 358 ι
935 332 976 360 vcl
993 332 1026 364 θ’,

242 383 252 398 ‹
274 378 303 400 ιιι
319 374 559 409 appropinquavit,
581 375 696 404 intuitus
721 377 872 412 civitatem,
891 378 966 406 llevit
980 386 1026 406 su-

238 425 286 453 per
310 419 400 453 illam;
419 427 535 454 cumque
563 421 705 456 ingressus
721 427 795 450 esset
821 423 847 451 in
873 423 1001 459 templum
1017 444 1025 458 ,

238 466 322 500 cmpit
337 466 438 500 ejicere
449 467 608 496 vendentes.
631 478 640 494 ›
660 468 688 496 lu
705 468 842 504 aliquibus
864 470 963 498 etenim
976 471 1024 497 lia-

237 512 364 540 beutibus
385 512 413 540 in
435 520 465 540 se
478 512 620 548 templum,
639 514 713 549 cjicit
728 522 823 543 omnes
838 516 983 544 vendentes
999 521 1026 544 et

237 564 359 587 eruentes
376 560 404 587 in
431 560 548 595 templo;
569 561 594 588 in
617 561 678 589 aliis
705 570 771 590 vero
797 571 850 590 non
880 563 1024 591 admodum

237 605 396 639 parentibus
421 606 540 632 sermoni
566 606 624 638 Dei,
643 612 747 634 tantum
764 608 829 635 facit
847 609 952 636 initiunt
973 607 1023 642 eji-

236 650 325 678 cieudi
355 650 504 678 vendentcs
528 655 555 678 et
585 657 720 680 ementes.
747 653 849 681 Praeter
881 653 930 681 hos
959 661 1024 681 vero

237 700 301 724 sunt
319 697 400 723 etiam
423 697 506 730 tertii,
531 698 557 724 iu
581 699 680 734 quibus
705 701 786 734 cmpit
801 699 899 735 ejicere
917 705 1022 727 tantum

237 743 396 774 \‘endenlcs,
416 743 494 779 193
512 751 565 771 non
581 745 661 772 etiam
680 750 813 773 ementes.
835 746 935 773 Verum
951 747 1022 781 apud

234 788 365 817 Joannem
392 789 415 805 °’
440 798 534 818 omnes
556 790 700 824 ejiciuntur
719 791 825 826 ﬂagello
838 794 871 819 e'v
895 791 1022 820 funiculis

1087 197 1270 233 Ἰεροσόλυμα,
1287 198 1334 224 καὶ
1356 196 1484 224 εἰσελθὼν
1505 197 1545 228 είς
1564 196 1595 223 τὸ
1615 196 1688 231 ἱερὸν
1708 196 1801 231 ἤρξατο
1815 197 1842 222 ἐι

1079 244 1187 271 ϐάλλειν
1212 245 1276 275 τοὺς
1303 243 1461 276 πωλοῦντας
1497 243 1545 270 καὶ
1575 241 1759 278 ἀγοράζοντας
1778 243 1802 268 ἐν
1820 242 1843 276 τῷ

1080 291 1154 326 ίερῷ,
1169 300 1178 316 ι
1190 290 1206 326 ἣ
1219 300 1228 316 ι
1243 290 1281 322 ὡς
1297 290 1420 324 ἤγγισεν,
1438 289 1499 316 ἰδὼν
1517 289 1567 325 τὴν
1582 289 1670 320 πόλιν,
1686 287 1805 315 ἔκλαυσεν
1817 288 1843 315 ἐπ’

1079 337 1173 372 αὐτὴν,
1188 336 1236 363 καὶ
1255 334 1382 362 εἰσελθὼν
1400 335 1440 366 εἰς
1456 335 1487 361 τὺ
1506 333 1589 369 ἱερὸν,
1609 333 1711 369 ἡρξατο
1730 332 1843 360 ἐκεί-ωειλ

1078 382 1140 413 τοὺς
1155 380 1322 412 πωλοῦντας.
1334 389 1343 406 t
1369 380 1412 406 ‘Ev
1427 376 1467 410 οἷς
1482 379 1531 414 μὲν
1548 378 1603 413 γὰρ
1619 377 1674 404 τῶν
1692 376 1844 412 έχόντωνβῌ

1077 428 1108 454 τὺ
1122 427 1193 463 ἱερὸν
1206 427 1235 454 ἐν
1250 427 1351 458 αὐτοῖς,
1374 425 1500 453 ἐκϐάλλει
1515 425 1619 456 πάντας
1634 424 1698 455 τοὺς
1713 423 1845 453 πωλοῦντας

1077 474 1125 500 καὶ
1138 471 1322 508 ἀγοράζοντας
1336 472 1364 498 ὲν
1378 471 1417 506 τῷ
1433 470 1498 506 ίερῷ
1508 479 1515 485 ·
1534 470 1563 496 ἐν
1585 470 1691 505 ἑτέροις
1708 469 1736 495 δὲ
1754 468 1788 504 μὴ
1799 468 1845 502 σςά

1077 515 1127 552 δρα
1140 515 1310 550 πειθομένοις
1326 514 1365 550 τῷ
1384 514 1456 550 λόγῳ
1470 514 1516 541 τοῦ
1538 513 1605 540 Θεοῦ
1626 514 1706 549 μόνον
1721 513 1767 549 τὴν
1781 513 1845 548 ἀρχὴν

1077 562 1194 588 ποιεῖται
1211 560 1259 587 τοῦ
1282 560 1422 587 ἐκϐάλλειν
1443 559 1505 591 τοὺς
1528 558 1686 591 πωλοῦντας
1702 559 1749 585 καὶ
1769 559 1847 593 ἀγορά-

1077 605 1182 638 ζοντας.
1199 606 1291 642 Τρίτοι
1309 606 1338 632 δέ
1360 607 1412 633 εισι
1431 605 1506 641 παρὰ
1520 605 1644 638 τούτους,
1667 606 1695 631 ἐν
1714 602 1754 636 οἷς
1769 605 1847 640 ἤρξω

1075 651 1217 678 ἐκϐάλλειν
1233 651 1330 686 μόνους
1342 652 1405 683 τοὺς
1429 650 1598 683 πωλοῦντας,
1616 650 1677 685 οὗχὶ
1700 650 1729 677 δὲ
1747 651 1791 677 καὶ
1803 652 1847 681 τρὶς

1076 694 1269 733 άγοράζῶτας.
1296 698 1328 725 0i
1347 698 1375 724 δὲ
1392 697 1467 733 παρὰ
1488 697 1528 733 τῷ
1551 697 1664 734 Ἰωάννῃ
1684 696 1784 729 πάντες
1807 697 1847 731 ἅμα

1074 745 1131 777 τοῖς
1145 744 1292 780 προϐάτοις
1309 744 1357 771 καὶ
1372 745 1427 776 τοῖς
1444 742 1521 779 βουσὶ
1542 742 1581 779 τῷ
1597 743 1730 769 πλακέντι
1751 744 1782 769 ὲκ
1796 751 1847 777 ηει-

1073 791 1138 818 νίων
1151 791 1305 827 φραγελλίῳ
1314 790 1498 818 ὲκϐάλλονται.
1512 790 1674 824 Ἐπίστησον
1684 790 1713 816 δὲ
1723 789 1847 825 ἐπιμελῶς,

234 834 351 868 plicato,
381 843 432 862 ttna
458 843 520 862 cum
544 835 641 863 ovibus
659 840 686 863 el.
711 836 806 864 bobus.
828 837 934 872 luspicc
957 845 967 864 ι

1081 838 1096 864 τί
1112 838 1224 864 δυνατὸν
1244 837 1282 870 ὡς
1303 837 1352 869 τάς
1366 845 1398 871 γε
1408 836 1554 871 ἐναλλαγιὶς
1575 836 1630 863 τῶν
1654 836 1847 871 γεγραμμένωι,

233 879 378 915 diligenter
394 888 428 908 an
441 881 618 909 alteralioucs
641 889 732 909 rerum
753 883 917 917 scriptarum
934 882 1021 911 disso-

232 925 387 959 nantiacque
402 925 511 953 dissolvi
535 926 639 961 possint
662 930 740 961 tropo
757 927 906 962 anagogieo
923 934 930 954 :
944 927 1021 954 nimi-

231 977 289 996 rum
315 978 479 1006 uuoquoque
501 971 729 1006 evangelistarum
755 972 879 1000 diversas
896 973 1019 1000 actiones

231 1014 371 1044 Sermonis
386 1015 557 1045 dcscribente
582 1017 607 1044 in
624 1016 740 1045 diversis
761 1018 916 1046 animarum
931 1018 1017 1046 mori-

228 1061 293 1095 bus,
314 1070 368 1089 non
384 1062 488 1096 eadem,
506 1062 552 1090 sed
575 1063 676 1090 similia
693 1064 816 1098 quaedam
832 1064 1017 1100 perlicientes.

227 1107 297 1142 Quin
329 1107 484 1136 ditTerentia
512 1109 595 1137 etiam
624 1109 668 1136 illa
698 1116 759 1144 qua:
783 1110 891 1138 videtur
908 1118 968 1137 esse
985 1110 1019 1137 de

227 1153 435 1182 ascensionibus
461 1155 570 1183 Domini
588 1155 620 1182 ad
634 1154 833 1192 Jerosolymam
849 1156 920 1191 apud
935 1155 1018 1183 Joan-

228 1206 301 1231 nem,
317 1200 362 1234 qui
380 1200 567 1235 Evangelium,
586 1201 659 1235 qttod
677 1201 704 1228 in
726 1201 851 1230 manibus
872 1202 1017 1235 habemus,

229 1245 309 1272 aliter
325 1253 405 1281 quam
424 1250 490 1278 tres,
504 1246 623 1282 scripsit,
640 1251 670 1273 ut
689 1247 865 1281 exposuimus
881 1247 908 1274 in
927 1247 1018 1275 verbis

227 1293 359 1326 ipsorum,
368 1292 408 1319 sic
419 1292 506 1319 solum
517 1292 618 1319 servari
632 1296 732 1326 potest,
743 1291 849 1321 Joanne
862 1293 960 1321 similia
974 1301 1017 1322 as-

226 1344 344 1372 serente,
360 1343 387 1367 et
404 1338 523 1371 dicente,
539 1345 588 1372 pro
600 1336 699 1365 excisis
712 1337 745 1363 ab
766 1338 911 1365 arboribus
922 1339 1015 1370 ramis,

226 1384 269 1411 vel
287 1384 427 1411 frondibus
440 1391 471 1411 ex
492 1383 564 1418 agris
578 1387 604 1410 et
618 1383 711 1410 stratis
736 1382 762 1409 iu
782 1383 836 1417 via,
854 1391 945 1411 ramos
959 1384 1016 1419 pal-

226 1437 332 1457 marum
348 1429 460 1457 multam
482 1429 601 1461 turbam,
630 1436 690 1463 quae
707 1433 820 1456 venerat
836 1430 870 1457 ad
886 1429 957 1458 diem
976 1430 1015 1458 fe-

225 1481 297 1504 stum
313 1475 346 1508 ⁸⁵,
377 1475 515 1509 accepisse
540 1478 567 1502 et
597 1474 765 1509 processisse
789 1475 895 1503 obviam
920 1475 944 1503 ei
962 1476 1016 1503 ela-

1072 883 1119 910 καὶ
1135 882 1184 915 τὰς
1201 883 1349 918 διαφωνίας
1365 881 1521 909 διαλύεσθαι
1543 881 1618 917 παρὰ
1633 881 1680 908 τὸν
1697 882 1749 916 τῆς
1764 882 1847 914 ἀναγω-

1071 928 1124 964 γῆς
1136 928 1246 964 τρόπον,
1262 927 1378 954 ἑκάστου
1393 927 1446 954 τῶν
1460 926 1661 961 εὐαγγελιστῶν
1672 926 1847 961 διαγράφοντος

1070 973 1215 1010 διαφόρους
1233 973 1279 1000 τοῦ
1297 973 1384 1008 Λόγου
1408 972 1549 1009 ἐνεργείας
1572 973 1600 999 ὲν
1624 971 1766 1008 διαφόροις
1791 971 1847 1007 fﬁeri

1069 1017 1173 1056 ψυχῶν,
1193 1021 1224 1047 ού
1243 1021 1277 1047 τὰ
1296 1019 1376 1052 αὐτὰ,
1399 1019 1469 1046 ἀλλά
1485 1027 1547 1045 τινα
1569 1018 1754 1054 παραπλήσια
1778 1018 1847 1044 sane

1069 1065 1178 1097 λούσας.
1197 1065 1253 1092 Καὶ
1271 1066 1288 1101 ἡ
1305 1065 1420 1092 δοκοῦσα
1439 1065 1468 1091 δὲ
1481 1064 1598 1099 διακοπὴ
1621 1063 1678 1090 τῶν
1692 1065 1733 1095 εἰς
1755 1063 1847 1099 Ἰεροςὸ

1069 1111 1141 1147 λυμα
1155 1111 1256 1138 ἀνόδων
1267 1110 1314 1138 τοῦ
1335 1110 1422 1147 Ἰησοῦ
1439 1109 1514 1146 παρὰ
1530 1109 1570 1145 τῷ
1584 1110 1615 1136 τὺ
1628 1110 1658 1136 ὲν
1672 1109 1767 1145 χερσὶν
1779 1109 1847 1141 Εὖατη

1068 1156 1157 1191 γέλιον
1180 1156 1369 1191 ἀναγράψαντι
1394 1155 1496 1191 ἑτέρως
1520 1154 1596 1190 παρὰ
1623 1155 1688 1186 τοὺς
1714 1155 1799 1190 τρεῖς,
1824 1153 1847 1184 ὡς

1068 1200 1218 1236 essemus
1238 1200 1288 1232 τὰς
1308 1200 1395 1233 λέξεις
1412 1200 1512 1231 αὐτῶν,
1526 1199 1598 1226 οὕτω
1624 1199 1715 1235 μόνως
1731 1199 1847 1231 σώζεσθαι

1067 1246 1177 1273 δύναται
1199 1247 1255 1277 τοῖς
1277 1246 1480 1282 παραπλησίοις
1501 1245 1662 1281 πράγμασιν
1687 1245 1847 1276 ἐπιπεσόντες

1066 1291 1114 1318 τοῦ
1137 1291 1271 1323 Ἰωάννου,
1285 1291 1346 1320 ἀντὶ
1355 1290 1411 1318 τῶν
1422 1291 1598 1326 κοπτομένων
1614 1289 1668 1317 ἀπὸ
1681 1290 1735 1317 τῶν
1748 1290 1847 1325 δένδρω

1067 1337 1182 1369 κλάδων,
1197 1337 1213 1373 ἢ
1229 1336 1360 1364 στιϐάδων
1378 1337 1410 1362 ἐκ
1426 1336 1480 1362 τῶν
1500 1335 1603 1372 ἀγρῶν,
1621 1337 1669 1362 καὶ
1689 1335 1847 1371 στρωννυμέι

1066 1392 1119 1411 νων
1134 1383 1163 1410 ἐν
1177 1384 1211 1419 τῇ
1225 1382 1288 1418 ὁδῷ,
1305 1382 1369 1418 βάῖα
1385 1382 1440 1410 τῶν
1457 1383 1586 1418 φοινίκων
1603 1383 1757 1418 εἰληφέναι,
1773 1382 1847 1415 λέγον

1064 1438 1111 1461 τος
1136 1429 1182 1456 τὸν
1205 1430 1288 1456 πολὺν
1312 1428 1502 1465 ἐξεληλυθέναι
1526 1429 1566 1460 είς
1588 1428 1638 1464 τὴν
1656 1428 1753 1464 ἑορτὴν
1776 1427 1847 1462 ὄχλον.

1064 1475 1114 1502 καὶ
1139 1474 1329 1511 ἐξεληλυθέναι
1357 1475 1398 1506 είς
1418 1474 1571 1510 ἀπάντησιν
1596 1473 1672 1509 αύτῷ
1688 1473 1840 1509 κεκραγότα

225 1527 343 1550 tuantem
359 1529 366 1548 :
386 1531 395 1548 ι
415 1521 578 1548 Benedictus
592 1520 637 1555 qui
660 1520 734 1547 venit
749 1520 775 1547 in
794 1521 904 1549 nomine
919 1521 967 1549 Dor

1089 1522 1276 1558 Εὐλογημένος
1290 1522 1303 1548 ὁ
1318 1522 1464 1558 ἐρχόμενος
1472 1522 1500 1547 ὲν
1517 1521 1630 1556 ὀνόματι
1642 1520 1757 1555 Κυρίου,
1780 1529 1789 1544 ι
1804 1519 1847 1551 2:1,

224 1569 263 1601 ni,
276 1577 286 1594 ι
297 1573 325 1596 et
336 1576 342 1594 :
355 1577 364 1594 ι
375 1566 433 1595 Rex
445 1566 488 1594 ille
501 1566 609 1594 lsraelis
617 1566 651 1593 ⁸³.
667 1576 677 1591 ι
688 1565 819 1594 Cancrum
831 1567 865 1595 ab
881 1567 937 1602 ipso
949 1567 1012 1596 Jesu

223 1614 312 1650 inquit
335 1613 455 1641 Joannes
485 1613 507 1628 “
529 1617 666 1648 repertum
689 1612 815 1646 asellum,
831 1620 912 1649 super
930 1621 1012 1649 quem

223 1661 293 1687 sedit
306 1660 446 1692 Christus;
464 1658 550 1692 majus
567 1658 695 1694 quiddam
713 1657 790 1686 nobis
807 1659 842 1687 ob
860 1659 954 1687 oculos
965 1667 1012 1695 po-

223 1714 291 1734 nens
306 1713 352 1741 per
382 1705 453 1733 hunc
469 1705 584 1732 asellum
599 1705 638 1733 sic
664 1705 767 1740 tropice
783 1705 885 1734 dictum
901 1706 946 1740 qui
964 1707 1011 1734 bc-

222 1753 348 1780 neiicium
366 1752 452 1787 majus
466 1752 572 1788 accepit
589 1761 599 1777 c
619 1759 673 1780 non
689 1751 724 1778 ab
739 1751 902 1786 hominibus,
922 1759 1011 1787 neque

219 1807 268 1835 per
290 1799 413 1827 homines
428 1820 436 1833 ,
453 1799 500 1826 sed
516 1806 564 1833 per
587 1798 680 1828 Jesum
704 1800 842 1828 Christum
858 1799 891 1826 ⁸⁷.
911 1807 921 1824 ι
937 1798 1009 1831 Quin

220 1855 255 1874 ne
269 1845 387 1874 Joannes
400 1846 509 1881 quidem
525 1846 583 1881 ipse
597 1846 711 1882 protulit
723 1846 896 1882 pr0pbetiam
912 1845 1009 1872 iisdem

219 1893 320 1925 verbis,
335 1892 382 1920 scd
398 1899 446 1927 pro
461 1899 492 1919 ea
508 1891 577 1919 dixit
593 1901 601 1919 :
621 1902 630 1918 ι
647 1892 706 1920 Noli
723 1893 831 1924 timere,
849 1891 904 1917 ﬁlia
921 1889 986 1918 Sion
1000 1899 1007 1920 ε

218 1947 282 1967 ecce
298 1947 344 1967 rex
360 1943 422 1966 tuus
436 1939 510 1967 vertit
524 1939 623 1966 sedens
634 1946 716 1973 super
730 1937 832 1972 pullum
850 1937 934 1965 asinae
948 1937 981 1970 “,
997 1946 1005 1963 ι

218 1990 268 2018 pro
288 1991 331 2015 eo,
347 1982 420 2016 quod
432 1987 474 2010 est
488 1991 495 2009 :
511 1991 520 2008 ι
544 1982 704 2010 Ascendens
721 1989 804 2017 super
827 1981 1007 2017 subjugalem,

216 2034 244 2056 et
268 2028 371 2064 pullum
387 2035 488 2056 novum
504 2027 549 2054 ⁸⁸⁸.
568 2037 578 2053 ι
597 2027 664 2055 Illud
679 2035 762 2055 vero:
783 2036 792 2053 ι
811 2026 871 2055 Noli
890 2028 986 2055 timere
999 2047 1007 2061 ,

217 2075 271 2102 tilia
298 2074 377 2107 Sion,
397 2083 407 2100 ι
426 2073 634 2108 haudquaquam
660 2073 764 2100 dictum
789 2078 842 2100 est.
863 2073 1007 2101 Verumta-

216 2127 279 2148 men
296 2126 358 2147 cum
373 2118 552 2154 exposuerint
575 2125 671 2146 omnes
696 2118 886 2153 propheticum
902 2126 1006 2146 sermo-

1067 1577 1077 1594 ι
1100 1567 1130 1594 '0
1144 1567 1275 1599 Βασιλεὺς
1287 1567 1334 1593 τοῦ
1357 1566 1474 1602 Ἰσραήλ.
1488 1575 1497 1592 ι
1513 1565 1586 1601 Πλὴν
1602 1562 1680 1597 οὗτος
1705 1565 1752 1592 ὑπ’
1782 1561 1847 1590 αύτεὶ

1063 1622 1130 1650 φησι
1145 1613 1192 1640 τοῦ
1211 1613 1297 1649 Ἰησοῦ
1314 1612 1488 1649 εὑρίσκεσθαι
1505 1612 1536 1639 τὸ
1553 1612 1672 1648 ὀνάριον,
1702 1613 1745 1646 ἐφ’
1769 1613 1784 1638 ὅ
1797 1611 1847 1637 κιθη

1063 1659 1154 1692 ίζεται
1178 1660 1191 1686 ὁ
1208 1659 1335 1696 Χριστὸς,
1357 1659 1437 1686 πλέον
1455 1667 1480 1685 τι
1496 1659 1560 1694 περὶ
1584 1658 1681 1684 τούτου
1697 1657 1755 1693 (85)
1769 1665 1847 1692 τρεπῖη

1062 1705 1181 1741 κώτερον
1196 1705 1361 1741 δηλουμένου
1375 1704 1484 1740 ὁναρίου
1498 1703 1645 1740 παριστὰς,
1660 1703 1774 1739 μείζονα
1786 1703 1847 1735 eis?

1061 1752 1155 1786 γεσίαν
1170 1751 1344 1788 χωρήσαντος
1355 1750 1405 1786 τὴν
1417 1759 1426 1775 ι
1440 1750 1490 1776 οὐκ
1502 1750 1556 1776 ἀπὸ
1572 1749 1736 1785 ἀνθρώπων,
1749 1748 1814 1775 οὐδὲ
1827 1748 1847 1772 ξι

1061 1797 1223 1833 ἀνθρώπων,
1242 1795 1309 1823 ἀλλὰ
1328 1795 1373 1822 διὰ
1400 1795 1488 1831 Ἰησοῦ
1504 1794 1634 1831 Χριστοῦ.
1647 1804 1656 1820 ι
1680 1794 1747 1821 Οὐδὲ
1769 1794 1847 1820 Ὶωᾶτμ

1061 1851 1110 1878 νης
1128 1842 1156 1869 δὲ
1179 1842 1317 1875 αὑτολεξεὶ
1338 1841 1369 1868 τὸ
1393 1841 1562 1877 προφητικὸν
1578 1840 1698 1874 ἐξέθετο,
1720 1840 1782 1866 ἀλλ’
1805 1841 1847 1866 th:

1060 1887 1142 1915 αὑτοῦ
1162 1887 1206 1914 τό’
1226 1888 1292 1924 (Μὴ
1308 1888 1401 1922 φοϐοῦ,
1420 1888 1540 1924 θύγατερ
1557 1887 1637 1919 Σιὼν,
1663 1887 1719 1914 ἰδοὺ
1743 1888 1759 1913 ὁ
1785 1886 1847 1922 βαςῖη

1060 1933 1123 1966 λεύς
1139 1942 1186 1960 σου
1201 1934 1321 1970 ἔρχεται,
1337 1934 1502 1970 καθήμενος,
1517 1943 1526 1959 ο
1544 1933 1606 1961 ἀντὶ
1626 1932 1674 1960 τοῦ
1687 1942 1694 1947 ·
1717 1942 1726 1958 ι
1749 1932 1847 1959 Ἐπιὸεη

1059 1979 1151 2016 δηκὼς
1163 1980 1230 2016 (85‘)
1249 1980 1296 2006 ἐπὶ
1310 1980 1399 2007 πῶλον
1417 1980 1490 2013 ὄνου,
1514 1979 1561 2006 καὶ
1580 1979 1627 2006 ἐπὶ
1647 1979 1799 2013 ὑποζύγιον
1814 1976 1847 2004 xli

1059 2026 1148 2053 πῶλον
1164 2026 1232 2054 νέον.
1247 2035 1256 2051 ι
1279 2026 1315 2052 Τὸ
1332 2026 1375 2053 δέ·
1403 2035 1412 2052 ι
1424 2027 1471 2061 Μὴ
1487 2025 1582 2061 φοϐοῦ,
1607 2025 1728 2060 θύγατερ
1746 2025 1830 2052 Σιὼν.
1846 2031 1847 2048 l

1057 2073 1110 2100 οὐδ’
1127 2073 1196 2103 ὅλως
1222 2072 1338 2108 εἴρηται.
1361 2072 1433 2108 Πλὴν
1454 2070 1556 2107 ἴδωμεν
1577 2071 1630 2098 ὑπὸ
1650 2072 1763 2098 πάντων
1784 2073 1847 2098 ἐκτει

1058 2118 1150 2150 θέντος
1165 2118 1212 2145 τοῦ
1231 2119 1400 2155 προφητικώ
1424 2118 1514 2153 λόγου,
1533 2119 1558 2145 εί
1574 2117 1612 2154 μὴ
1626 2118 1734 2153 χαίρειν
1753 2118 1847 2152 σφόδρι

216 2173 278 2193 nem
290 2186 298 2198 ,
321 2165 463 2193 videamus
477 2172 512 2192 an
526 2172 580 2192 non
596 2165 754 2192 neceSSario
780 2165 952 2201 gaudendum

1081 2165 1193 2201 δγατέρα
1204 2165 1273 2192 Σιὼν
1290 2165 1454 2199 ἀναγκαῖον
1469 2164 1517 2200 τὴν
1538 2164 1566 2190 δὲ
1584 2164 1730 2200 κρείττονα
1755 2164 1847 2197 ταύτῃ

217 2212 278 2238 tilia:
296 2211 372 2244 Sion,
392 2216 474 2246 atque
497 2210 547 2237 hac
570 2211 754 2245 pratslantiori
774 2211 836 2238 tilia:
854 2210 1003 2239 Jerusalem

217 2265 269 2284 nou
295 2256 382 2284 solum
397 2255 476 2283 valde
489 2255 611 2290 gaudere
622 2274 630 2287 ,
646 2262 740 2284 verum
756 2256 838 2284 etiam
855 2258 1003 2292 praedicare

215 2309 327 2329 necesse
341 2302 481 2336 sitregem
506 2308 585 2328 suum
609 2301 812 2335 advenientem,
835 2301 949 2338 justum.
975 2308 1003 2331 et

214 2352 378 2380 servantem,
394 2352 421 2375 et
439 2352 621 2381 mansuetum,
638 2355 671 2376 eo
691 2348 762 2383 quod
777 2355 859 2382 super
875 2349 1003 2385 subjuga-

212 2393 266 2420 lcm
289 2398 315 2421 et
339 2393 442 2429 pullum
467 2401 566 2422 novum
591 2394 758 2422 ascenderit.
775 2394 905 2430 Quisquis
920 2396 1001 2431 igitur

184 2466 188 2470 ,
213 2438 301 2473 ipsum
327 2439 470 2473 receperit,
498 2447 550 2467 non
575 2440 602 2467 in
627 2444 767 2474 posterum
786 2440 943 2469 formidabit
959 2442 1000 2469 di-

213 2492 299 2513 versa:
315 2489 397 2512 secta:
410 2484 533 2513 homines
557 2485 720 2521 eloquentia:
746 2486 852 2514 viribus
865 2492 998 2520 armatos,

211 2529 258 2564 qui
271 2536 368 2558 currus
385 2528 511 2565 Ephraim
528 2530 667 2564 dicuntur,
679 2536 709 2559 et
721 2539 736 2558 a
751 2531 808 2560 Deo
827 2532 950 2560 exscindi
964 2533 998 2566 δ’,

211 2575 314 2610 quique
337 2574 438 2603 multos
454 2575 552 2604 laedunt
565 2595 574 2610 ,
593 2576 744 2606 Jerusalem
769 2577 893 2606 habitare
908 2583 936 2606 et
954 2580 998 2606 in-

211 2620 322 2648 tendere
346 2621 466 2649 voleutes
489 2629 562 2650 sana:
585 2624 715 2652 doctrinae
739 2633 745 2652 :
765 2631 818 2652 non
840 2624 998 2652 forntidabit

247 2681 267 2696 ⁸³
292 2681 374 2710 Marc.
394 2683 490 2715 X515.

211 2717 233 2731 ⁸⁷
245 2716 330 2744 Galat.
344 2725 363 2750 ι,
378 2717 405 2744 1.
443 2719 465 2734 ⁸⁸
479 2718 558 2746 Joan.
575 2719 682 2752 xu,15.
723 2718 756 2734 ⁵⁸’
771 2718 855 2746 Zaeh.
871 2719 939 2752 tx,9.

248 2772 303 2811 (fit)
333 2773 492 2811 ‘Exdrtwr.
513 2775 557 2802 Sic
585 2775 668 2804 codex
698 2775 878 2810 Bodleianus,
904 2780 995 2809 recte;

211 2806 319 2841 Regius,
334 2806 413 2843 mide,
427 2810 570 2845 ἀρχόντων.

536 2683 559 2700 ⁸³
584 2683 650 2710 Luc.
668 2683 782 2715 xm“,
796 2683 841 2711 45.
882 2683 905 2700 θ’
922 2683 1000 2711 Joan.
1021 2692 1051 2717 tt,
1070 2685 1113 2713 15.

536 2728 558 2746 ‘l.
575 2726 625 2748 xu.
640 2719 682 2746 15.
723 2718 756 2734 ⁵⁸’
771 2718 855 2746 Zaeh.
871 2719 939 2748 tx.9.
986 2719 1007 2735 ⁸⁸
1024 2720 1089 2747 ibid.
1104 2720 1138 2748 10

1024 2728 1089 2747 ιυιιι.
1104 2728 1148 2748 ‘IU.

1059 2211 1196 2247 θυγατέρα
1214 2211 1393 2247 Ἰερουσαλὴμ
1403 2211 1433 2238 ού
1447 2210 1527 2246 μόνον
1540 2210 1647 2246 χαίρειν
1662 2210 1780 2246 σφόδρα,
1793 2209 1847 2237 sm

1058 2258 1105 2284 uel.
1119 2257 1267 2293 κηρύσσειν
1282 2257 1322 2283 δεῖ
1332 2257 1379 2284 τοῦ
1397 2256 1528 2292 βασιλέως
1544 2256 1630 2292 αὐτῆς
1642 2257 1798 2292 ἐρχομένου
1814 2254 1847 2282 to?

1056 2300 1172 2336 δικαίου,
1183 2303 1231 2329 καὶ
1245 2302 1387 2335 σώζοντος,
1399 2303 1446 2330 κα)⁸
1457 2302 1556 2339 πράου,
1568 2302 1613 2329 διὰ
1625 2302 1674 2329 τοῦ
1689 2303 1847 2337 ὲπιὸεὖηῑὲη

1057 2358 1100 2377 ναι
1112 2348 1151 2385 τῷ
1165 2349 1303 2385 ὑποζυγίῳ
1318 2349 1364 2376 καὶ
1376 2349 1416 2384 τῷ
1429 2349 1481 2384 νέῳ
1493 2348 1584 2384 πώλῳ.
1599 2348 1658 2381 Πᾶς
1673 2348 1738 2383 γοῦν
1753 2350 1769 2375 ὁ
1783 2350 1847 2381 δεξᾶα

1058 2404 1136 2431 μενος
1148 2395 1228 2422 αὑτὸν
1240 2395 1332 2422 οὐκέτι
1346 2395 1528 2431 φοϐηθήσεται
1541 2396 1604 2427 τοὺς
1619 2395 1674 2422 τῶν
1687 2395 1827 2430 ὲτεροόὁξι
1837 2404 1847 2419 u

1053 2442 1243 2478 ὡπλισμένους
1262 2443 1318 2474 τοῖς
1335 2443 1457 2474 πιθανοῖς
1477 2442 1576 2476 λόγοις,
1595 2441 1710 2478 ἅρματα
1728 2441 1847 2478 Ἐςραῖμ

1054 2488 1198 2524 λεγόμενα,
1219 2487 1271 2514 ὑπὸ
1286 2488 1333 2514 τοῦ
1352 2488 1454 2524 Κυρίου
1478 2487 1717 2523 ἑξολοθρευόμενα,
1729 2487 1798 2514 οὐδὲ
1813 2488 1847 2513 τὶς

1053 2534 1138 2570 ψευδῆ
1151 2535 1234 2562 ἵππον
1247 2535 1287 2567 εἰς
1306 2535 1452 2570 σωτηρίαν,
1471 2534 1612 2570 θηλυμανῆ
1630 2534 1785 2569 ἐπιθυμίαν
1800 2537 1847 2567 τιί,

1053 2579 1190 2615 αἰσθητοῖς
1203 2580 1391 2616 οἱκειωμένην,
1406 2580 1454 2607 καὶ
1468 2580 1583 2612 πολλοὺς
1596 2579 1652 2607 τῶν
1664 2580 1694 2607 ἐν
1711 2580 1804 2615 Ὶερου
1811 2589 1847 2607 ςαη

1052 2625 1108 2661 λὴμ
1121 2626 1205 2652 οἰκεῖν
1221 2625 1362 2659 θελόντων,
1385 2626 1432 2653 καὶ
1446 2625 1485 2661 τῷ
1502 2626 1575 2661 ὑγιεί
1591 2625 1664 2661 λόγῳ
1688 2627 1847 2662 προσέχειν

1162 2685 1184 2701 ⁸⁵
1199 2685 1277 2713 Joan.
1294 2693 1330 2713 xtt
1343 2705 1350 2719 ,
1372 2685 1417 2713 12.
1464 2686 1485 2703 ⁶¹
1505 2685 1571 2713 ibid.
1591 2685 1635 2713 15.
1675 2686 1697 2702 ⁸⁸
1717 2686 1792 2715 ibid.
1812 2690 1847 2716 Η.

1089 2776 1145 2814 (ξξί)
1159 2777 1246 2814 Codex
1263 2777 1435 2814 Qadleiattus.
1456 2778 1550 2814 τούτου
1563 2778 1703 2814 (Regius,
1718 2779 1816 2808 τοῦτο.

1088 2812 1155 2848 (85‘)
1170 2813 1258 2852 Codex
1274 2813 1387 2848 Regius,
1407 2813 1614 2848 μεταϐεΰηκώς.
1626 2812 1662 2835 ὲ
1673 2813 1768 2843 Locus
1794 2823 1847 2843 tur-
