1854 3043
35 106 81 133 575
571 101 745 130 COMMENT.
767 101 799 128 IN
819 100 916 128 JOAN.
939 99 1060 128 TOMUS
1080 98 1113 126 Χ.
1593 98 1647 125 ευ

41 161 142 199 Ἰσραὴλ,
167 159 236 196 ἣτῷ
261 159 380 197 Χριστοῦ
403 160 527 195 σώματι,

37 209 138 244 Κύριος·
154 218 162 233 ε
181 206 380 243 Διεσκορπίσθη
398 206 486 233 πάντα
502 206 536 233 τὰ
551 207 619 234 ὀστᾶ.
633 216 684 242 μου
695 227 703 240 ,
721 217 730 233 ι
752 207 807 234 τῶν

37 253 180 288 σωματικῶν
196 253 297 280 ὀστέων
311 252 392 279 αὑτοῦ
411 253 449 289 μὴ
464 253 722 285 διασκεδασθέντων,
739 253 807 281 ἀλλὰ

37 299 92 334 μηδὲ
107 300 288 336 συντριϐέντος
307 299 379 330 τινὸς
397 299 426 331 ἐξ
450 299 560 332 αὐτῶν;
575 299 640 326 Ὅτε
654 299 683 326 δὲ
697 300 804 334 γίνεται

36 345 91 380 αὑτὴ
104 345 118 379 ὴ
129 345 273 376 ἀνάστασις
285 344 332 371 τοῦ
347 343 475 380 ἀληθινοῦ
490 345 537 372 καὶ
553 345 723 381 τελειοτέρου
740 346 807 382 Χρι-

36 390 87 417 στοῦ
103 390 241 425 σώματος,
263 390 325 416 τότε
350 390 384 417 τὰ
409 390 478 425 μέλη
498 390 546 416 τοῦ
559 390 677 426 Χριστοῦ
695 391 729 417 τὰ
747 391 804 423 νῦν,

35 437 64 467 ὡς
77 436 139 471 πρὸς
150 436 179 462 τὸ
195 436 300 471 μέλλον,
316 435 387 471 ξηρὰ
401 436 469 462 ὀστᾶ
485 436 695 472 συναχθήσεται,
710 436 806 464 ὀστοῦν

35 482 92 517 πρὸς
106 480 212 514 ὀστοῦν,
233 482 280 508 καὶ
295 482 414 517 ἁρμονία
437 482 505 517 πρὸς
527 481 677 518 ἁρμονίαν,
699 480 807 514 οὐδενὸς

35 527 78 553 τῶν
101 527 287 563 ὲστερημένων
307 528 439 563 ἁρμονίας
464 528 680 564 καταντήσαντος
701 528 742 560 εἰς
762 527 806 554 τέ-

34 579 90 599 λειον
105 573 193 609 ἄνδρα,
212 583 220 598 ι
235 574 274 604 είς
288 573 319 599 τὺ
333 573 432 609 μέτρον
446 573 497 608 τῆς
512 572 619 608 ἡλικίας
635 573 684 600 τοῦ
700 572 808 608 πληρώ-

35 627 104 653 ματος
114 618 158 645 τοῦ
183 618 306 654 σώματος
325 619 373 646 τοῦ
392 619 511 655 Χριστοῦ
523 628 530 635 ⁸
550 629 560 645 ι
575 620 621 646 καὶ
644 620 704 646 τότε
721 619 806 646 πολλὰ

34 665 89 699 μέλη
101 664 129 691 τὸ
143 664 171 691 ἓν
187 664 263 691 ἔσται
281 664 360 700 σῶμα
371 685 378 697 ,
405 665 515 692 πάντων
535 665 583 692 τοῦ
609 665 734 702 σώματος
759 674 806 702 με·

32 710 76 736 λῶν
90 711 188 737 πολλῶν
203 711 289 738 ὄντων
305 711 454 746 γινομένων
471 711 530 743 ἑνὸς
547 711 687 747 σώματος·
709 713 760 747 τὴν
777 711 806 738 es

33 756 109 791 κρίσιν
123 757 199 789 ποδὸς
211 778 218 789 ,
235 757 281 783 καὶ
296 757 387 793 χειρὸς
398 777 405 790 ,
424 757 471 784 καὶ
483 757 633 793 ὀφθαλμοῦ,
649 759 697 785 καὶ
708 759 804 793 ἀκοῆς,

32 803 70 828 καὶ
85 802 237 838 ὀσφρήσεως
252 803 307 830 τῶν
320 802 553 839 συμπληρούντων
570 803 623 839 ίδίᾳ
638 803 687 838 μὲν
698 803 747 839 τὴν
760 812 806 830 κε-

32 848 114 883 φαλὴν,
133 848 183 884 ἰδίᾳ
197 849 225 875 δὲ
239 849 303 881 τοὺς
316 850 410 881 πόδας,
426 851 473 877 καὶ
488 849 523 877 τὰ
538 849 618 876 λοιπὰ
631 850 686 877 τῶν
703 850 803 886 μελῶν,

31 895 60 920 τά
71 903 97 921 τε
108 895 298 932 ἀσθενέστερα,
317 896 363 923 καὶ
378 897 556 932 ταπεινότερα
567 917 574 929 ,
591 897 637 924 καὶ
650 898 802 933 ἀσχήμονα,

31 940 69 966 ναὶ
91 940 258 975 εὐσχήμονα,
288 942 369 976 μόνου
395 941 461 968 Θεοῦ
486 943 544 968 ὲστι
568 942 750 978 ποιήσασθαι,
774 943 804 975 ὃς

33 987 178 1022 συγκερασει
193 987 224 1013 τὸ
250 987 348 1023 σῶμα·
370 987 415 1014 καὶ
434 988 495 1014 τότε
517 988 617 1023 μᾶλλον
632 989 679 1014 τοῦ
696 987 745 1015 νῦν
764 988 803 1024 τῷ

33 1030 171 1066 ὑστεροῦντι
187 1032 385 1068 περισσοτέραν
395 1033 484 1064 διδοὺς
501 1034 595 1069 τιμὴν,
613 1034 657 1061 ἵνα
674 1034 805 1070 μηδαμῶς

32 1074 44 1113 ᾗ
56 1077 145 1113 σχίσμα
159 1079 188 1104 ὲν
203 1077 243 1113 τῷ
258 1079 379 1114 σώματι,
394 1079 462 1106 ἀλλὰ
475 1079 506 1106 τὺ
520 1079 586 1111 αὐτὸ
602 1080 672 1116 ὑπὲρ
688 1080 745 1116 (ιει
759 1081 806 1107 ἁλ-

31 1121 103 1157 λήλων
125 1124 277 1159 μεριμνῶσι
299 1123 336 1150 τὰ
355 1124 423 1160 μέλη
435 1144 442 1156 ,
460 1125 507 1151 καὶ
524 1124 552 1150 εἴ
572 1133 634 1151 τινα
656 1124 805 1152 εὐπάθειαν

31 1168 76 1202 ἔχει
96 1169 187 1204 μέλος,
209 1170 405 1206 συνευπαθήσῃ
422 1170 511 1197 πάντα
530 1171 566 1198 τὰ
582 1171 649 1207 μέλη
661 1191 668 1203 ,
693 1171 747 1198 εἴτε
761 1171 805 1198 δο-

32 1213 124 1245 ξάζεται
134 1235 140 1247 ,
162 1214 300 1252 συγχαίρῃ
316 1215 350 1241 τὰ
363 1216 461 1243 πάντα.

552 162 617 196 περὶ
641 158 671 188 οὗ
686 161 778 195 ἔλεγεν
792 161 799 186 t'

887 163 961 192 istra,
979 158 1090 186 abscissi
1104 162 1209 186 sumus.
1228 166 1237 183 ι
1255 156 1359 190 Quibus
1371 156 1444 184 enim
1459 156 1566 185 ossibus
1579 157 1647 185 dici-

860 211 903 234 tur
923 215 929 232 :
949 214 958 230 (
976 204 1075 231 Audite
1101 204 1212 231 verbum
1244 203 1362 236 Domini,
1391 212 1400 230 ι
1430 207 1564 238 tanquam,
1586 211 1647 238 qua:

858 251 977 279 sentiant
1001 249 1113 276 verbum
1137 248 1253 280 Domini,
1271 254 1453 283 tanquamqne
1473 255 1535 283 qua:
1548 248 1603 276 sint
1619 249 1645 276 in

859 297 938 325 domo
954 296 1048 328 israel,
1072 295 1123 323 nisi
1143 295 1244 323 Christi
1270 296 1388 330 corpori,
1411 296 1444 323 de
1469 304 1524 331 quo
1539 296 1646 324 dicebat

857 342 989 371 Dominus
1011 342 1034 358 ⁸⁸
1058 351 1065 369 :
1094 350 1103 368 I
1123 341 1255 376 Dissipata
1271 347 1335 369 sunt
1350 342 1441 369 omnia
1458 349 1520 369 ossa
1539 349 1611 375 mea,
1634 351 1644 368 ι

857 397 918 418 cum
944 389 1046 424 alioqui
1073 395 1134 416 ossa
1160 388 1244 423 ipsius
1270 389 1423 424 corporalia
1447 389 1576 423 dissipata
1591 396 1645 416 non

857 436 970 469 fuerint,
984 435 1032 464 sed
1058 443 1092 463 ne
1119 443 1201 462 unum
1214 435 1323 470 quidetn
1344 442 1378 463 ex
1395 435 1460 470 ipsis
1474 435 1622 462 contritum
1634 433 1647 460 τ

857 482 974 510 Proinde
987 489 1050 509 cum
1065 481 1183 510 eﬂicilur
1199 481 1364 509 resurrectio
1381 480 1439 508 haec
1457 481 1515 508 veri
1534 484 1561 507 et
1584 487 1646 515 per-

857 527 980 556 fectioris
1000 527 1126 562 corporis
1151 526 1265 559 Christi,
1292 531 1356 554 tunc
1383 526 1504 554 membra
1532 525 1644 557 Christi.

857 574 985 601 nimirum
1002 579 1064 601 ossa
1079 579 1112 600 ea
1128 580 1188 608 quae
1213 574 1240 600 in
1260 572 1416 608 prasentia,
1433 572 1516 599 iutnri
1536 579 1646 606 compa-

858 620 976 652 ratione,
991 624 1054 647 sunt
1071 619 1160 651 arida,
1176 619 1386 654 conjungentur,
1401 625 1432 645 os
1446 617 1550 646 scilicet
1567 618 1600 644 ad
1616 624 1647 644 os

856 674 946 699 suum,
964 670 991 694 et
1007 665 1135 701 junctum
1149 666 1182 693 ad
1194 665 1351 699 juncturam
1364 665 1424 681 ⁹⁶·⁹⁸
1440 673 1447 692 :
1464 665 1584 697 nemine,
1600 665 1646 699 qui

857 713 977 748 privatus
995 712 1030 739 sit
1051 712 1193 746 jnnctura,
1217 718 1366 740 occursuro
1387 711 1414 738 in
1444 711 1533 738 virum
1558 709 1646 745 perie-

856 763 940 790 etum,
961 766 969 783 ι
991 758 1018 784 in
1042 765 1197 785 mensuram
1214 757 1302 785 (etatis
1319 757 1496 792 plenitudinis
1523 756 1647 791 corporis

857 803 957 830 Christi
967 803 1028 832 "’1:
1041 810 1050 829 ι
1061 808 1087 830 et
1101 807 1163 830 tunc
1176 803 1295 830 membra
1307 801 1390 830 multa
1402 810 1484 830 unum
1496 806 1576 829 erunt
1587 809 1647 829 cor-

821 841 917 884 Bpus,
948 856 1011 876 cum
1037 849 1127 876 omnia
1157 848 1282 883 corporis
1304 848 1447 881 membra,
1475 855 1536 884 qnze
1562 850 1646 874 multa

858 899 931 927 sunt,
950 895 1015 922 ﬁent
1037 896 1119 923 unius
1134 895 1257 930 corporis
1280 895 1314 922 ⁸⁸.
1339 895 1374 922 At
1398 895 1546 923 discrimen
1571 894 1647 929 pedis

858 947 1017 975 manusque,
1033 945 1116 975 atque
1141 941 1223 974 oculi,
1241 947 1273 968 ac
1285 940 1401 976 denique
1413 941 1522 968 auditus
1533 945 1561 968 et
1575 940 1645 968 olfa-

856 991 929 1018 ctus,
943 987 1041 1020 quibus
1055 986 1227 1021 complentur
1250 986 1405 1022 singulatim
1420 987 1529 1022 quidem
1551 991 1646 1022 caput,

857 1030 1012 1064 singulatim
1044 1037 1109 1058 vero
1133 1031 1217 1064 pedes
1239 1036 1267 1059 et
1295 1037 1394 1059 extera
1421 1031 1561 1064 membra,
1589 1035 1646 1058 tum

858 1076 1046 1108 imbecilliora,
1073 1081 1127 1104 tum
1145 1077 1303 1112 nbjectiora,
1334 1084 1365 1104 ac
1384 1085 1415 1104 ca
1431 1085 1491 1112 quae
1516 1082 1646 1112 palantur

856 1123 995 1155 indecora,
1011 1127 1038 1150 et
1050 1123 1162 1155 decora,
1175 1123 1259 1151 solius
1274 1124 1320 1152 Dei
1335 1129 1376 1151 est
1388 1124 1491 1157 facere,
1505 1124 1550 1158 qui
1563 1124 1646 1151 simul

857 1169 1019 1203 temperabit
1033 1176 1144 1204 corpus,
1161 1170 1242 1196 etiam
1263 1170 1350 1205 magis
1366 1177 1449 1204 quam
1465 1177 1537 1197 nunc
1551 1170 1645 1205 eopio-

857 1218 958 1245 siorem
977 1218 1110 1246 honorem
1129 1218 1232 1246 addens
1246 1219 1270 1245 ei
1284 1218 1317 1251 ’9,
1335 1218 1376 1245 cui
1396 1217 1494 1250 deerit,
1517 1225 1550 1245 ne
1566 1217 1647 1245 dissi-

31 1261 90 1287 ritum
103 1262 135 1289 sit
149 1263 174 1289 in
190 1269 316 1297 corpore,
332 1263 380 1291 sed
407 1263 521 1290 invicem
547 1264 599 1291 alia
624 1271 673 1299 pro
695 1264 756 1293 aliis
780 1264 991 1294 sollicitudinem
1019 1266 1142 1294 eamdem
1167 1271 1262 1301 gerant
1278 1266 1420 1299 membra;
1437 1270 1464 1294 et
1479 1266 1501 1294 si
1517 1265 1580 1301 quid
1598 1274 1646 1300 pa-

31 1309 85 1336 titur
107 1317 185 1337 unum
213 1311 390 1343 membrum,
419 1311 502 1338 simul
533 1311 671 1347 patientur
704 1313 795 1340 omnia
815 1313 946 1347 membra,
982 1314 1039 1341 sive
1058 1313 1225 1350 glorificatur
1253 1316 1336 1340 utrum
1356 1313 1532 1347 membrum,
1566 1313 1646 1340 simul

31 1357 171 1389 gaudebunt
184 1359 277 1386 omnia
298 1357 431 1387 membra.

57 1404 94 1432 2|.
111 1405 200 1434 Ταῦτά
217 1415 265 1442 μοι
278 1407 327 1433 οὐκ
342 1407 490 1443 ἀλλοτρίως
509 1407 556 1434 τοῦ
573 1407 664 1444 ἱεροῦ,
688 1407 799 1436 καὶτῶν

889 1408 936 1436 21.
955 1407 1020 1435 ﬂare
1034 1409 1097 1434 sunt
1110 1413 1125 1433 α
1138 1413 1181 1433 me
1194 1405 1277 1439 dicta,
1294 1412 1343 1433 nec
1367 1409 1465 1440 prmter
1477 1405 1644 1436 institutum,

29 1449 66 1474 ἀπ’
83 1450 159 1478 αὐτοῦ
183 1450 420 1486 ἐξελαυνομένων,
438 1452 502 1487 περὶ
525 1448 556 1478 οὗ
572 1451 645 1486 λέγει
662 1451 676 1478 ὀ
691 1452 800 1488 Σωτήρ·

32 1504 37 1519 ι
55 1495 79 1521 '0
93 1495 167 1531 ζῆλος
179 1496 229 1523 τοῦ
249 1495 325 1522 οἴκου
343 1505 389 1523 σου
407 1497 594 1532 καταφάγεταί
619 1506 652 1532 με
664 1517 671 1529 ,
693 1506 701 1523 ι
727 1497 802 1534 εἴρη-

28 1547 76 1569 τιι,
99 1539 149 1565 τῶν
174 1548 203 1566 τε
220 1539 370 1567 αἰτούντων
394 1541 506 1576 σημεῖον
548 1541 684 1568 Ἰουδαίων
709 1542 802 1575 αὐτοῖς

27 1583 161 1620 δειχθῆναι,
177 1586 223 1612 καὶ
237 1585 288 1620 τῆς
304 1585 351 1612 τοῦ
368 1586 470 1622 Κυρίου
488 1587 555 1622 πρὸς
571 1587 670 1619 αὐτοὺς
686 1588 803 1624 ἀποκρί-

28 1638 98 1663 σεως,
115 1633 294 1665 συνάπτοντος
309 1633 355 1660 τὸν
376 1633 423 1659 τοῦ
444 1633 508 1660 ναοῦ
528 1633 607 1668 λόγον
625 1633 664 1670 τῷ
681 1635 729 1661 τοῦ
745 1634 800 1671 (13)

30 1675 80 1702 ἰδίου
99 1677 232 1714 σώματος,
261 1678 308 1705 καὶ
325 1678 494 1713 φάσκοντος’
509 1689 517 1705 ι
538 1679 645 1706 Λύσατε
669 1679 714 1706 τὸν
737 1679 802 1708 ναὸν

27 1721 117 1755 τοῦτον,
148 1724 195 1750 καὶ
228 1723 319 1759 τρισὶν
353 1724 470 1760 ἡμέραις
504 1724 592 1759 ἐγερῶ
625 1724 715 1751 αὐτόν.
736 1724 802 1751 ’Λπδ

28 1766 70 1802 γὰρ
94 1769 183 1796 τούτου
211 1769 261 1796 τοῦ
293 1769 376 1802 ναοῦ,
414 1770 490 1802 ὗντος
514 1770 639 1806 σώματος
669 1771 801 1806 Χριστοῦ,

28 1813 59 1839 δεῖ
78 1815 273 1843 ἀπελαύνεσθαι
289 1816 373 1843 ταῦτα
388 1816 454 1842 ὂντα
479 1816 533 1851 (ixi)
558 1816 642 1851 ἄλογα
653 1837 660 1849 ,
677 1818 724 1843 καὶ
751 1819 801 1852 ἐμ-

29 1860 126 1894 πορικὰ,
146 1863 187 1888 ἵνα
206 1862 307 1898 μηκέτι
327 1859 401 1893 οἶκος
423 1861 555 1897 ἐμπορίου
627 1863 683 1889 Καὶ
709 1862 804 1889 τοῦτον

25 1906 61 1932 τὶν
78 1908 135 1934 ναὸν
160 1908 277 1944 λυθῆναι
303 1908 344 1935 δεῖ
367 1908 419 1934 ὑπδ
445 1907 499 1934 τῶν
517 1907 746 1936 ἐπιϐουλευόντων
762 1909 801 1944 τῷ

26 1950 84 1987 λόγῳ
101 1953 146 1980 τοῦ
168 1955 258 1987 Θεοῦ,
284 1955 331 1981 καὶ
361 1954 430 1990 μετὰ
454 1954 484 1981 τὸ
512 1954 626 1989 λυθῆναι
644 1955 678 1990 τῇ
706 1963 801 1990 προει-

27 1997 117 2035 ρημένῃ
143 2000 208 2035 ἡμῖν
237 2000 315 2036 τρίτῃ
345 1999 436 2036 ἡμέρᾳ
471 1999 526 2035 (15)
556 1999 721 2035 ἐγερθῆναι·
756 2000 801 2026 ὅτε

26 2044 62 2068 κιὶ
73 2045 94 2069 οι
108 2045 237 2081 μαθηταὶ,
260 2046 300 2072 ὅτι
320 2045 395 2080 ἔλεγε
411 2046 474 2081 πρὶν
489 2045 602 2080 λυθῆναι
613 2045 657 2072 τὸν
675 2045 737 2072 ναὸν
753 2045 801 2072 τοῦ

854 1454 888 1482 de
903 1453 1015 1487 templo,
1029 1453 1116 1488 deque
1131 1459 1164 1479 ex
1180 1452 1240 1486 ipso
1250 1451 1382 1487 expulsis,
1397 1451 1431 1479 de
1445 1459 1499 1486 quo
1514 1451 1646 1478 Servatur

854 1499 919 1527 dicit
935 1508 941 1526 :
959 1508 969 1525 ι
986 1498 1066 1526 Zelus
1085 1498 1181 1525 domus
1197 1502 1250 1525 tua:
1266 1497 1383 1524 comedit
1407 1505 1450 1525 me
1473 1496 1496 1512 ‘“
1511 1505 1518 1527 '.
1537 1506 1546 1523 ι
1563 1501 1645 1531 atque

853 1545 936 1572 etiam
953 1544 985 1571 de
996 1543 1097 1571 Judaeis
1114 1543 1269 1578 petentibus
1287 1543 1394 1577 signum
1409 1542 1462 1570 sibi
1478 1542 1598 1575 ostendi,
1613 1550 1645 1569 ac

853 1591 971 1626 denique
987 1590 1020 1618 de
1035 1590 1139 1618 Domini
1156 1589 1190 1617 ad
1214 1590 1289 1625 ipsos
1314 1589 1503 1624 responsione,
1530 1588 1645 1622 conjun-

853 1637 943 1672 gentis
962 1643 1118 1664 sermonem
1136 1635 1229 1670 templi
1255 1636 1373 1663 sermoni
1388 1636 1492 1671 proprii
1507 1635 1644 1670 corporis,

853 1687 880 1709 et
899 1682 1036 1710 dicentis:
1058 1690 1068 1706 ι
1092 1682 1229 1709 Destruite
1243 1682 1372 1716 templum
1394 1681 1459 1714 hoc,
1477 1685 1503 1709 et
1515 1681 1541 1708 in
1559 1681 1645 1708 tribus

854 1728 949 1755 diebus
972 1728 1076 1763 crigam
1101 1727 1168 1754 illud
1195 1727 1229 1754 εί.
1258 1736 1266 1754 ι
1293 1727 1335 1754 Ab
1356 1728 1406 1755 hoc
1431 1727 1504 1754 enim
1532 1727 1643 1761 templo,

853 1773 924 1808 quod
943 1778 985 1800 est
1008 1779 1107 1807 corpus
1129 1772 1242 1806 Christi,
1258 1772 1428 1806 expelluntur
1453 1772 1511 1798 haec
1537 1776 1644 1806 oportet

853 1827 912 1855 qua:
933 1819 1048 1846 rationis
1061 1819 1171 1852 capacia
1188 1827 1240 1846 non
1259 1822 1323 1847 sunt
1342 1824 1369 1846 et
1386 1827 1445 1854 qua:
1460 1823 1642 1846 mercaturam

853 1870 992 1899 exercent,
1004 1870 1032 1892 ut
1045 1873 1097 1892 non
1112 1865 1138 1892 in
1153 1871 1290 1900 posterum
1305 1866 1340 1893 sit
1351 1867 1446 1893 domus
1461 1870 1641 1893 mercaturam

853 1912 1051 1939 exercentium.
1066 1911 1172 1939 Destrui
1188 1911 1270 1938 etiam
1285 1911 1336 1939 hoc
1351 1911 1478 1946 templum
1492 1912 1525 1938 ab
1539 1911 1581 1938 his
1594 1912 1640 1945 qui

853 1958 1016 1985 insidiantur
1025 1958 1144 1985 sermoni
1158 1957 1203 1985 Dei
1213 1965 1324 1985 necesse
1333 1962 1383 1991 est,
1394 1964 1510 1991 eumque
1522 1957 1641 1984 dirutum

853 2003 946 2035 fuerit,
958 2003 1051 2037 tertia,
1063 2011 1142 2038 quam
1153 2003 1337 2038 prrediximus,
1347 2003 1389 2030 die
1397 2003 1522 2037 excitari;
1532 2003 1641 2037 quando

854 2048 934 2083 199
950 2049 1031 2075 etiam
1056 2048 1182 2083 discipuli
1202 2048 1261 2083 ejus
1277 2048 1496 2076 recordabuntur
1512 2047 1583 2081 quod
1600 2048 1640 2074 di-

25 2087 79 2115 θεοῦ
92 2091 104 2116 ὀ
119 2091 212 2125 Λόγος,
225 2091 309 2118 αὑτοῦ
326 2091 526 2127 μνησθήσονται
543 2088 573 2118 οὗ
590 2091 677 2125 ἔλεγε,
692 2091 740 2118 καὶ
757 2100 799 2117 πι-

890 2095 924 2120 rit
936 2093 1020 2121 Filius
1036 2094 1102 2127 Dei,
1120 2098 1267 2129 antequam
1284 2093 1475 2121 destrueretur
1497 2097 1639 2128 templum,

27 2134 148 2163 ςτεύσουσι
162 2137 231 2174 (16),
253 2137 444 2173 τελειουμένης
465 2136 553 2163 αὐτῶν
575 2137 637 2163 τότε
660 2136 729 2172 μετὰ
750 2137 800 2172 τῆς

25 2181 133 2215 γνώσεως
149 2185 195 2211 καὶ
206 2186 258 2219 τῆς
270 2185 397 2217 πίστεως,
415 2184 482 2211 ἀλλὰ
494 2185 540 2211 καὶ
551 2183 590 2221 τῷ
599 2184 671 2220 λόγῳ
681 2185 710 2211 ὃν
724 2183 800 2212 εἶπεν

25 2226 36 2250 ὁ
52 2227 154 2262 Ἰησοῦς.
170 2231 227 2257 Καὶ
240 2230 355 2262 ἕκαστος
367 2230 395 2256 δὲ
412 2229 466 2257 τῶν
477 2229 598 2262 τοιῶνδε,
620 2230 707 2265 Ἰησοῦ
719 2231 799 2257 αὑτὸν

25 2272 191 2309 καθαίροντος,
208 2275 377 2311 ἀποθέμενος
391 2275 425 2303 τὰ
438 2275 521 2310 ἄλογα
535 2275 582 2302 καὶ
598 2275 632 2302 τὰ
648 2275 799 2309 πωλοῦντα,

25 2316 59 2343 διὰ
71 2319 111 2347 τὸν
121 2321 166 2347 τοῦ
181 2323 210 2348 ἐν
216 2322 310 2353 αὐτοῖς
319 2322 406 2356 Λόγου
420 2321 498 2357 ζῆλον
513 2321 739 2358 καταλυθήσεται,
755 2323 801 2349 ἐπὶ

24 2361 56 2396 τῷ
68 2363 114 2390 ὑπὸ
139 2366 227 2402 Ἰησοῦ
252 2367 408 2403 ἐγερθῆναι,
424 2368 454 2394 οὐ
471 2369 503 2404 τῇ
523 2367 604 2405 τρίτῃ
618 2369 722 2405 ἡμέρᾳ,
739 2371 801 2397 ὅσον

26 2407 62 2433 ἐπὶ
77 2411 106 2444 τῇ
126 2413 295 2448 προκειμένῃ
314 2413 395 2446 λέξει·
417 2414 447 2440 οὐ
467 2414 521 2450 γὰρ
535 2414 700 2450 γέγραπται·
723 2426 731 2441 ι
751 2416 801 2443 Λύ-

26 2460 77 2480 nte
98 2455 140 2483 τὸν
158 2458 222 2484 ναὸν
247 2458 358 2491 τοῦτον,
377 2459 428 2487 καί
443 2458 481 2494 τῇ
491 2460 573 2494 τρίτῃ
588 2461 682 2496 ἡμέρᾳ
711 2462 800 2497 ἐγερῶ

25 2497 103 2533 αὑτὸν,
121 2510 130 2527 ι
143 2502 199 2528 ἀλλ’
221 2503 258 2530 ἐν
278 2504 379 2538 τρισὶν
393 2505 528 2540 ἡμέραις.
553 2505 702 2542 Ἐγείρεται
717 2506 771 2542 γὰρ
783 2507 800 2542 ἡ

853 2137 972 2173 perfecta
986 2143 1048 2165 tune
1063 2145 1123 2166 eum
1146 2139 1302 2173 cognitione
1317 2138 1368 2166 iidc
1395 2139 1477 2166 etiam
1497 2139 1618 2174 ipsorum
1633 2159 1640 2171 ,

853 2190 879 2211 et
893 2185 1006 2212 credent
1024 2185 1154 2217 sermoni,
1168 2192 1248 2219 quem
1263 2185 1361 2212 dixerit
1373 2182 1460 2212 Jesus.
1478 2185 1547 2218 Quin
1563 2193 1643 2212 unus-

854 2231 972 2266 quisque
983 2230 1029 2264 qui
1048 2230 1102 2257 erit
1120 2230 1289 2266 hujusmodi,
1303 2230 1366 2258 Jesu
1381 2230 1455 2257 illum
1470 2231 1640 2265 puriiicante.

855 2284 915 2303 cum
931 2275 1084 2310 deposuerit
1098 2283 1158 2310 qua:
1174 2275 1264 2302 aliena
1281 2281 1345 2303 sunt
1361 2284 1375 2302 a
1391 2276 1504 2309 ratione,
1525 2284 1557 2303 ac
1574 2284 1640 2303 ren-

854 2323 956 2354 dentia,
969 2326 1079 2357 propter
1098 2322 1279 2350 inhabitantis
1296 2323 1323 2349 in
1339 2329 1369 2350 se
1382 2323 1442 2350 Filii
1468 2324 1515 2351 Dei
1539 2323 1640 2357 zelum,

854 2369 1017 2401 destruetur,
1034 2373 1062 2396 ut
1078 2377 1092 2395 a
1111 2367 1175 2397 Jesu
1188 2369 1308 2404 erigatur
1323 2378 1330 2396 :
1345 2377 1398 2396 non
1413 2371 1490 2397 tertia
1502 2370 1556 2403 die,
1570 2371 1641 2404 quod

853 2415 887 2441 ad
904 2415 1068 2449 propositam
1092 2413 1236 2443 lectionem
1261 2414 1379 2448 attinet;
1403 2423 1452 2442 nec
1475 2415 1547 2442 enim
1577 2416 1642 2442 scri-

854 2465 927 2494 ptum
940 2465 1002 2487 est:
1022 2469 1030 2486 ι
1047 2460 1182 2488 Destruite
1205 2461 1332 2495 templum
1352 2460 1415 2491 hoc.
1442 2465 1470 2488 ct
1498 2461 1575 2488 tertia
1597 2461 1640 2488 die

852 2504 916 2534 illud
940 2504 1085 2541 erigam,r
1104 2508 1152 2537 sed
1163 2525 1171 2539 ,
1205 2517 1214 2534 ι
1228 2508 1254 2536 in
1269 2509 1355 2537 tribus
1373 2508 1480 2536 diebus.
1495 2517 1507 2534 ›
1522 2508 1641 2544 Erigitur

53 2591 73 2635 ξξ
97 2592 162 2635 [ἐνί.
189 2596 305 2635 χιι,]3.
319 2597 401 2635 “'f'”
426 2594 524 2635 Ezcehr.
539 2605 641 2632 xxxvu,
655 2599 681 2626 7.
722 2599 767 2617 ¹·³⁷
784 2599 799 2627 ΙΞ

903 2606 940 2631 ιν,
956 2598 1000 2625 15.
1039 2598 1063 2614 ³⁸
1085 2598 1096 2625 ι
1112 2599 1177 2626 Cor.
1193 2607 1241 2632 χιι,
1264 2599 1305 2633 12,
1319 2606 1377 2635 seq.
1417 2600 1439 2616 "
1452 2599 1517 2627 ibid.
1532 2599 1570 2626 24
1582 2606 1637 2634 seq.

25 2623 44 2641 δ’
57 2626 118 2657 Psal.
130 2638 224 2662 vanr.
238 2623 280 2658 ιθ.
318 2631 340 2648 δ’
351 2623 535 2666 Mummii—.9.

40 2675 105 2735 Tid”)
126 2677 220 2713 Ύπέρ.
240 2678 277 2706 Ita
294 2680 364 2707 idem
384 2680 471 2709 codex
491 2681 670 2714 Dodieianus;
687 2682 797 2717 Regius,

27 2717 165 2787 manu;
189 2748 254 2775 τοῦ.
284 2749 331 2777 Sic
358 2751 444 2778 codex
472 2750 653 2784 Bodleianus;
683 2752 796 2786 Regius,

26 2786 70 2803 tm
85 2786 137 2808 τοι),

55 2815 105 2850 lli)
128 2818 223 2846 "Oi-ra.
242 2820 285 2847 Sic
301 2821 386 2849 codex
401 2820 577 2858 Bodleianus;
595 2822 705 2858 Regius,
718 2823 761 2851 τά.
791 2848 795 2859 ,

887 2682 945 2716 (15)
966 2682 1079 2717 Ἡμέρᾳ.
1093 2682 1131 2710 lla
1148 2683 1218 2710 idem
1232 2683 1317 2711 codex
1329 2683 1505 2716 Bodleianus;
1525 2682 1639 2717 Regius,

851 2725 1010 2753 perperam,
1029 2718 1107 2752 μετά,

887 2751 943 2788 (l6)
963 2751 1176 2788 marsdo'ovd'r.
1201 2753 1247 2782 Sic
1273 2753 1358 2782 codex
1383 2753 1562 2783 Dodleianus;
1585 2751 1639 2779 Re-

854 2788 923 2824 gius,
941 2787 1107 2814 πιστεύουσι.
