1854 3043
32 100 77 127 389
571 103 752 134 COMMENT.
769 106 802 134 IN
822 106 920 136 JOAN.
939 106 1058 135 TOMUS
1075 107 1107 134 X.

1606 113 1661 144 590

32 161 72 184 υεν
83 158 159 194 μέχρι
171 158 261 191 τέλους
275 160 313 196 μὴ
324 160 512 195 φυλάττοντες.
528 162 559 188 Εἰ
572 163 695 197 μέντοιγε
708 164 745 199 μὴ
758 163 788 198 μέ

874 163 920 190 hac
948 163 973 190 in
1002 171 1030 190 rc
1054 161 1352 196 facere.enarrationls
1377 164 1581 199 Scripturarum
1595 177 1661 197 ron-

31 205 103 239 λομεν
114 206 242 240 γραωδῶς
253 205 300 233 καὶ
317 206 470 240 Ἰουδαϊκῶς
484 207 533 240 τὰς
550 209 625 244 παρὰ
642 210 698 241 τοῖς
710 211 817 246 προφή-

30 259 90 282 ταις,
103 250 218 286 μάλιστα
227 251 255 278 δὲ
270 251 311 288 τῷ
325 253 424 289 Ἡσαΐᾳ
438 254 689 290 ἀναγεγραμμένας
701 256 817 290 ἐπαγγες

30 297 84 328 λίας
97 298 177 327 νοεῖν,
193 297 229 328 ὡς
239 298 437 335 ὲσομένας(59)
452 302 516 336 περὶ
531 300 579 336 τὴν
595 301 641 328 ἐπὶ
655 302 707 336 γῆς
718 302 816 338 Ἰερου-

29 343 120 377 σαλὴμ,
136 343 243 379 ἀνάγκη
255 344 306 379 ἔτι,
320 346 343 372 εἰ
361 345 429 380 μετὰ
439 346 488 381 τὴν
504 347 692 382 αἰχμαλωσίαν
704 348 751 375 καὶ
766 348 815 384 τὴν

29 389 208 431 καταστροφὴν
232 389 280 417 τοῦ
294 391 357 418 ναοῦ
375 391 483 426 λέγεταί
508 402 567 420 τινα
590 394 683 427 ἔνδοξα
713 396 814 431 συμὸε-

28 434 116 469 θῆσθαι
132 437 172 468 εἰς
185 436 327 473 οἰκοδομὴν
342 437 390 464 τοῦ
403 439 479 472 ναοῦ,
495 439 542 466 καὶ
558 440 606 476 τὴν
621 441 813 469 ἀποκατάστα-

28 489 64 507 σιν
80 481 124 507 τοῦ
141 481 206 508 λαοῦ
224 483 278 509 ἀπὸ
293 484 343 520 τῆς
360 485 560 520 αἰχμαλωσίας,
577 486 666 521 λέγειν
678 488 751 523 ἡμᾶς
767 497 812 522 γε·

26 527 123 560 γονέι-σαι
150 528 196 554 τὸν
219 529 283 556 ναὸν
298 550 305 562 ,
333 531 380 557 καὶ
410 532 636 567 ῂχμαλωτεῦσθαι
658 533 704 560 τὸν
724 533 786 561 λαὺν
801 555 808 566 ,

27 573 243 602 ἐπανελεύσεσθαι
260 576 288 602 δὲ
306 576 353 602 ἐπὶ
365 576 414 612 τὴν
426 578 569 611 Ἰουδαίαν,
583 580 630 605 καὶ
645 579 694 614 τὴν
708 580 809 616 Ἰερου-

28 621 106 656 σαλὴμ
122 642 128 653 ,
158 623 205 648 καὶ
231 623 491 660 οἰκοδομηθήσεσοαι
517 627 573 657 τοῖς
590 626 709 661 ἑντίμοις
725 627 809 659 λίθοις

26 665 67 700 τὴν
86 666 271 704 Ἰερουσαλήμ.
302 671 357 696 υὺκ
387 669 445 697 οἶδα
473 671 500 697 δὲ
525 673 549 698 εἰ
568 675 687 708 μακραῖς
704 674 807 709 χρόνων

26 712 148 746 περιόδοις
170 714 420 750 ἀνακυκλουμέναις
455 717 489 743 τὰ
518 719 698 754 παραπλήσια
727 719 806 746 πάλιν

22 756 124 784 δυνατὸν
146 760 283 793 γενέσθαι,
307 761 344 793 ὡς
364 763 409 789 ἐπὶ
433 763 463 789 τὺ
492 765 592 798 χεῖρον.
613 765 688 800 Ἔχει
715 765 743 792 δὲ
772 766 806 792 τὰ

24 801 69 827 τῶν
85 804 254 837 ἐπαγγελιῶν
284 806 313 832 ὲν
338 805 378 841 τῷ
405 807 505 843 Ἡσαΐᾳ
525 808 626 840 οὕτως·
650 819 658 834 t
671 809 735 836 Ἰδοὺ
751 809 805 844 ἐγὼ

872 209 1023 236 sonantiam
1063 217 1115 237 non
1154 210 1325 238 servantibus
1360 218 1375 238 ο
1407 212 1541 248 principio
1577 222 1662 249 usque

871 255 904 281 ad
941 255 1031 282 ﬁnem.
1064 254 1121 282 Nisi
1156 256 1264 283 aniliter
1297 261 1408 290 tamen,
1439 262 1521 292 atque
1556 259 1663 287 .Iudaso—

869 308 930 327 rum
969 308 1067 334 more,
1098 301 1293 335 promissioncs
1325 309 1372 330 eas
1402 310 1462 338 quae
1494 305 1563 339 apud
1598 313 1662 339 pro-

869 347 965 382 phetas
990 352 1016 374 et
1048 348 1200 382 praesertim
1236 347 1334 376 Isaiam
1351 350 1460 385 scripta:
1486 356 1560 384 sunt,
1578 352 1657 387 207

869 397 997 427 tauquam
1028 398 1173 420 eventuras
1202 397 1317 421 terrena:
1353 394 1523 428 Jerusalem,
1553 397 1659 424 intelle-

866 440 937 466 cturi
951 447 1056 472 sumus,
1072 438 1141 475 [(60)
1159 440 1181 467 si
1198 444 1259 473 post
1272 441 1458 475 captivitatem
1472 443 1658 471 eversionem-

866 492 919 520 que
946 485 1039 520 tt-mpli
1065 485 1195 512 nonnulla
1221 486 1348 520 praeclara
1378 488 1502 515 evenisse
1530 489 1563 515 ad
1588 493 1657 517 tent-

865 530 901 564 pli
928 531 1138 558 aediﬁcationem
1165 531 1312 566 populique
1325 537 1425 559 statum
1441 538 1467 560 et
1484 535 1657 562 constitutio-

865 584 924 603 nem
955 584 969 603 a
996 577 1156 611 captivitate
1182 577 1332 610 dicantur,
1361 578 1463 614 dicere]
1492 587 1540 606 nos
1571 580 1655 608 fuisse

863 622 991 656 templum
1020 627 1133 649 necesse
1158 627 1217 654 est,
1238 628 1266 649 et
1282 624 1448 658 captivatum
1474 624 1558 653 fuisse
1570 633 1655 660 popu-

862 667 927 699 lum,
942 667 988 694 sed
1006 669 1156 694 rediturum
1173 669 1206 695 ad
1217 668 1337 696 Judaeum
1353 674 1381 695 et
1394 668 1557 704 Jerusalem,
1572 677 1654 706 atque

862 712 995 747 lapidibus
1010 714 1135 748 pretiosis
1161 713 1314 742 Jerusalem
1340 716 1425 750 ipsam
1454 717 1652 745 tediﬁcandam.

860 759 936 787 llaud
954 761 1009 788 scin
1026 765 1116 788 autent
1134 769 1168 788 an
1189 766 1341 796 temporum
1357 762 1476 797 periodis
1491 763 1578 798 longis
1607 772 1651 791 re—

859 806 957 834 volutis
981 807 1083 834 similia
1100 807 1157 835 ﬁeri
1174 809 1290 842 possint,
1308 809 1392 836 veluti
1419 810 1445 836 in
1473 810 1563 846 pejus.
1595 811 1650 838 Ha-

23 849 146 884 ἐτοιμαζω
162 859 203 877 σοι
217 851 341 887 ἄνθρακα
358 852 404 879 τὸν
417 852 490 879 λίθον
508 862 564 885 σου,
591 854 637 880 καὶ
662 855 696 881 τὰ
724 855 788 891 θεμέ

874 857 921 879 ent
941 856 1031 879 autem
1048 854 1245 886 promissioues
1261 855 1331 888 apud
1345 854 1441 882 Isaiam
1459 856 1530 883 hunc
1546 858 1572 883 in
1589 865 1649 884 mo-

23 895 60 921 ‘m’t
80 904 124 922 σου
157 897 327 934 σάπφειρον·
348 898 394 925 καὶ
423 898 497 934 θήσω
526 899 576 931 τὰς
604 900 730 932 ἐπάλξεις
759 909 805 928 σου

23 942 118 974 ἴασπιν,
141 943 188 969 καὶ
205 942 254 975 τὰς
273 943 360 975 πύλας
378 952 425 971 σου
446 944 536 977 λίθους
558 946 735 980 κρυστάλλου,
759 947 805 973 καὶ

23 988 60 1013 τὴν
75 989 213 1024 περίϐολόν
232 998 278 1016 σου
293 990 382 1022 λίθους
396 991 551 1024 ἐκλεκτοὺς,
566 993 613 1019 καὶ
626 993 729 1025 πάντας
742 994 805 1025 τοὺς

23 1033 85 1064 tiri;
99 1042 141 1060 σου
158 1034 301 1067 διδακτοὺς
319 1036 386 1062 Θεοῦ
397 1044 404 1051 ·
421 1037 468 1063 καὶ
494 1037 523 1063 ἐν
551 1036 634 1072 πολλῇ
660 1038 755 1073 εἰρήνῃ
771 1038 804 1064 τὰ

23 1079 96 1106 τέκνα
115 1089 159 1107 σου
171 1101 178 1112 ,
199 1081 248 1108 καὶ
264 1083 294 1108 ὲν
314 1082 472 1119 δικαιοσύνῃ
489 1083 698 1119 οἰκοδομηθήσῃ.
720 1094 729 1108 ι
749 1083 804 1110 Καὶ

24 1126 72 1160 μετ’
85 1127 160 1160 ὀλίγα
183 1127 254 1163 πρὸς
277 1127 326 1163 τὴν
349 1128 434 1164 αὐτὴν
458 1129 645 1164 Ἰερουσαλήμ’
681 1139 689 1154 ε
707 1130 760 1156 Καὶ
787 1130 803 1164 ἡ

22 1171 74 1203 δόξα
86 1172 129 1198 τοῦ
144 1173 262 1199 Λιϐάνου
289 1173 357 1208 πρὸς
376 1174 405 1201 σὲ
426 1173 485 1209 ἥξει
512 1174 540 1200 ὲν
564 1175 737 1210 κυπαρίσσῳ.
754 1177 801 1202 καὶ

24 1217 108 1253 πεύκη,
127 1219 173 1244 καὶ
205 1219 297 1254 κέδρῳ
322 1219 379 1255 ἃμα
404 1219 545 1252 δοξάσουσι
565 1220 611 1246 τὸν
628 1220 710 1247 τόπον
726 1221 803 1255 ἅγιόν

24 1271 76 1296 μου.
92 1263 142 1290 Καὶ
158 1265 339 1300 πορεύσονται
353 1266 422 1301 πρὸς
436 1266 466 1291 σὲ
479 1265 626 1298 δεδοικότες
641 1267 694 1292 uio).
707 1275 803 1293 ταπει-

22 1309 149 1336 νωσάντων
163 1311 211 1337 καὶ
234 1311 444 1346 παροξυνάντων
457 1320 485 1337 σε
500 1320 506 1326 ·
522 1312 568 1338 καὶ
588 1311 710 1348 κληθήσῃ
726 1312 803 1344 πόλις

22 1354 110 1389 Κυρίου
136 1356 206 1382 Σιὼν
227 1356 305 1391 ἁγίου
329 1357 437 1393 Ἰσραὴλ
450 1377 456 1389 ,
474 1356 517 1383 διὰ
534 1357 564 1383 τὸ
582 1357 744 1393 γεγενῆσθαί
768 1366 798 1384 σε

22 1398 303 1436 ἐγκαταλελειμμένην,
323 1402 369 1427 καὶ
386 1402 587 1438 μεμισημένην,
606 1403 651 1428 καὶ
665 1403 715 1429 οὐκ
731 1400 764 1438 ἦν
786 1403 801 1429 ό

21 1443 120 1480 βοηθῶν.
145 1447 201 1474 Καὶ
221 1447 296 1482 θήσω
318 1456 348 1474 σε
377 1447 533 1483 ἀγαλλίαμα
557 1447 682 1481 αἰώνιον,
700 1449 800 1484 εὐφρο-

21 1490 90 1526 συνην
115 1492 216 1526 γενεῶν
242 1494 365 1527 γενεαῖς·
383 1493 430 1520 καὶ
447 1493 574 1529 θηλάσεις
598 1488 670 1528 γάλα
692 1494 776 1522 ὲθνῶν
791 1515 799 1527 ,

20 1537 58 1563 καὶ
71 1537 180 1565 πλοῦτον
195 1538 330 1574 βασιλέων
345 1539 473 1574 φάγεσαι,
492 1540 538 1566 καὶ
560 1540 651 1576 γνώσῃ
663 1560 670 1573 ,
687 1541 727 1567 ὅτι
744 1540 799 1575 ἐγὼ

857 897 919 924 dum
939 897 982 924 ὀε
1002 907 1011 923 ι
1031 898 1068 925 En
1086 906 1138 933 ego
1162 907 1284 934 przeparo
1298 899 1346 927 tibi
1363 901 1557 929 carbunculum
1581 903 1649 937 lapi-

857 943 916 970 dem
933 948 1019 976 tuum,
1031 949 1057 971 et
1069 944 1244 972 fundamenta
1262 952 1306 973 tua
1322 947 1499 981 sapphirum:
1511 954 1538 975 et
1550 956 1647 983 ponam

857 990 1058 1024 propugnacula
1083 996 1127 1018 tua
1151 991 1264 1026 jaspin,
1290 996 1317 1019 et
1339 998 1433 1027 portas
1461 998 1523 1020 tuas
1545 994 1649 1028 lapides

856 1034 990 1068 crystalli,
1008 1039 1034 1061 et
1049 1034 1162 1062 loricata
1181 1043 1321 1063 murorum
1347 1041 1454 1063 tuorum
1476 1038 1580 1071 lapides
1592 1039 1648 1066 ele-

856 1085 924 1112 ctos,
940 1085 967 1107 et
980 1088 1076 1108 omnes
1101 1081 1170 1109 ﬁlios
1185 1087 1244 1109 tuos
1259 1091 1274 1109 a
1296 1083 1349 1110 Deo
1366 1083 1461 1111 doctos
1477 1093 1483 1111 :
1498 1089 1525 1111 et
1539 1084 1564 1111 in
1578 1092 1647 1117 pace

856 1125 940 1152 multa
956 1126 1002 1153 ﬁlii
1018 1127 1067 1159 lui,
1083 1131 1110 1153 et
1126 1128 1152 1153 in
1168 1127 1272 1161 justitia
1288 1128 1478 1155 :ediﬁcaberis.
1495 1139 1504 1155 ι
1521 1129 1552 1156 Et
1565 1130 1647 1164 paulo

855 1175 916 1205 pett
932 1171 964 1197 ad
992 1172 1076 1206 ipsam
1088 1171 1238 1200 Jerusalem
1253 1173 1274 1189 ⁹¹
1295 1181 1303 1200 :
1321 1182 1330 1198 c
1348 1173 1381 1200 Et
1396 1174 1482 1208 gloria
1498 1174 1593 1202 Libani
1611 1176 1645 1202 ad

855 1221 881 1244 te
903 1218 994 1245 veniet
1011 1219 1042 1246 ‘in
1068 1220 1220 1254 cyparisso,
1237 1223 1264 1247 et
1281 1220 1354 1254 piuo,
1372 1225 1399 1248 et
1416 1222 1498 1248 cedro
1513 1230 1565 1249 uua
1581 1231 1643 1250 cttm

854 1263 1072 1298 glmiﬁcantibus
1085 1265 1175 1292 locum
1198 1270 1324 1293 sanctum
1351 1274 1451 1294 meum.
1471 1268 1503 1295 Et
1517 1268 1595 1295 ibunt
1609 1269 1643 1295 ad

854 1315 882 1338 te
906 1309 1208 1343 timenteshliicorum,
1225 1311 1269 1346 qui
1288 1317 1313 1339 te
1331 1312 1552 1346 humiliavernnt,
1567 1315 1642 1342 ctir-

854 1356 1005 1383 vitaverunt
1030 1361 1121 1384 tezet
1149 1358 1293 1385 vocaberis
1319 1358 1417 1385 civitas
1440 1358 1547 1386 Domini
1575 1359 1641 1388 Sion

852 1403 941 1429 sanctl
959 1402 1089 1436 Israelis,
1113 1410 1162 1438 pro
1188 1410 1221 1430 eo
1238 1403 1311 1437 quod
1336 1403 1422 1431 fueris
1447 1400 1589 1437 dcréiicta.
1615 1410 1643 1432 et

852 1448 915 1475 odio
943 1448 1047 1481 habita,
1074 1456 1124 1475 nec
1142 1453 1235 1481 esset,
1263 1449 1307 1484 qui
1337 1449 1383 1477 tibi
1403 1457 1480 1485 opem
1498 1449 1593 1478 ferret.
1609 1450 1642 1478 Et

853 1501 949 1528 ponam
966 1498 992 1520 te
1005 1494 1214 1522 exsultationem
1224 1496 1432 1530 sempiternam,
1441 1495 1638 1530 jucunditatem

852 1540 1056 1574 generationunt
1081 1540 1371 1575 generationibusch
1397 1549 1479 1575 suges
1504 1541 1545 1569 lac
1572 1549 1639 1576 gen-

20 1582 107 1618 Κύριος
129 1585 143 1611 ὁ
171 1584 268 1616 σώζων
295 1593 346 1617 σε,
382 1585 429 1611 καὶ
461 1584 652 1621 ἐξαιρούμενός
679 1594 708 1611 σε
733 1586 788 1612 Θεδ.

874 1591 929 1615 um,
945 1588 972 1610 et
988 1591 1081 1619 regum
1094 1585 1203 1612 divitias
1216 1585 1354 1617 comedes,
1366 1590 1393 1613 et
1408 1593 1557 1621 cognosces
1568 1587 1640 1620 quod

25 1628 126 1666 Ἰσραήλ.
145 1631 201 1658 Καὶ
218 1631 279 1657 ἀντὶ
301 1630 403 1666 χαλκοῦ
416 1630 482 1657 οτσω
498 1639 538 1657 σοι
555 1631 677 1666 χρυσίον,
693 1631 754 1658 ἀντὶ
770 1632 788 1658 δε

874 1635 900 1663 go
916 1628 1049 1656 Dominus
1070 1637 1185 1657 servans
1201 1634 1239 1662 te,
1256 1634 1284 1657 et
1298 1638 1398 1658 eruens
1420 1636 1445 1658 te
1459 1632 1529 1658 Deus
1543 1631 1637 1660 Israel.

21 1674 113 1710 σιδήρου
137 1676 203 1702 οἴσω
219 1684 260 1702 σοι
275 1676 420 1712 ἀργύριον·
442 1676 504 1703 ἀντὶ
526 1676 554 1702 δὲ
577 1676 662 1708 ξύλων
676 1677 741 1704 οίσω
757 1686 787 1703 σο

875 1679 884 1701 ι
899 1682 948 1709 pro
963 1683 1017 1702 tere
1030 1675 1143 1702 all‘eram
1159 1676 1207 1702 tibi
1227 1683 1333 1710 aurum,
1355 1682 1381 1703 et
1398 1685 1446 1712 pro
1465 1677 1538 1705 ferro
1554 1678 1639 1705 addu-

21 1721 114 1754 χειλκὸν,
131 1723 191 1749 ἀντὶ
216 1722 244 1748 δὲ
264 1722 345 1749 λίθων
367 1722 491 1758 σίδηρον·
509 1722 557 1748 καὶ
574 1721 652 1748 δώσω
671 1722 734 1754 τοὺς
750 1723 788 1758 ἄρ

874 1727 908 1746 tm
925 1720 971 1748 tibi
988 1726 1131 1756 argentum
1149 1730 1156 1750 :
1172 1730 1221 1756 pro
1241 1722 1321 1756 lignis
1345 1728 1434 1750 autem
1459 1723 1572 1750 aﬁ'cram
1589 1724 1636 1750 tibi

20 1767 99 1799 χηντίις
113 1776 157 1794 σου
168 1769 197 1794 ὲν
216 1768 323 1803 εἰρήνῃ,
351 1768 397 1794 καὶ
426 1768 489 1799 τοὺς
514 1767 680 1800 ἐπισκόπους
706 1777 751 1794 σου
768 1769 788 1794 at

874 1773 894 1798 s,
912 1771 939 1793 ct
964 1773 1013 1800 pro
1040 1766 1176 1801 lapidibus
1202 1767 1304 1795 ferrum
1321 1777 1327 1795 :
1344 1773 1373 1794 et
1400 1768 1470 1795 dabo
1499 1769 1635 1803 principes

20 1810 158 1849 δικαιοσύνῃ
170 1823 176 1828 -
195 1813 243 1840 καὶ
263 1814 314 1840 οὐκ
329 1813 529 1848 ἀκουσθήσεται
548 1813 587 1840 ἑτι
607 1813 698 1841 ἀδικία
715 1814 743 1840 ἐν
761 1816 788 1849 τῇ

874 1819 908 1838 tos
922 1811 949 1838 in
964 1818 1043 1845 pace,
1067 1817 1094 1838 et
1108 1813 1251 1847 episcopos
1268 1817 1329 1840 tuos
1353 1813 1378 1840 in
1395 1813 1500 1848 justitia
1514 1822 1521 1841 :
1538 1818 1566 1841 et
1579 1814 1633 1840 ini-

20 1857 48 1891 γῇ
58 1865 110 1889 σου,
118 1858 176 1885 οὐδὲ
191 1858 351 1894 σύντριμμα
361 1858 409 1885 καὶ
421 1858 593 1893 ταλαιπωρία
608 1859 635 1885 ἐν
643 1859 699 1890 τοῖς
712 1859 788 1893 ὁρίοις

875 1857 935 1884 iitas
952 1864 1004 1883 non
1019 1857 1145 1884 audietur
1160 1857 1231 1885 ultra
1247 1859 1273 1885 in
1289 1863 1362 1886 terra
1379 1863 1422 1886 tua
1434 1879 1442 1892 ,
1459 1866 1547 1893 neque
1566 1866 1635 1886 cen-

21 1910 79 1929 σου-
103 1904 168 1931 ἀλλὰ
192 1904 359 1940 κληθήσεται
387 1905 518 1940 σωτήριον
552 1904 586 1930 τὰ
616 1904 692 1940 τείχη
730 1913 788 1936 σου,

874 1902 931 1935 itio,
946 1908 973 1930 et
991 1902 1102 1930 miseria
1120 1903 1146 1930 in
1163 1903 1290 1931 terminis
1304 1904 1356 1930 tuis
1372 1912 1379 1932 :
1397 1904 1444 1931 sed
1463 1905 1635 1931 vocabuntur

20 1950 58 1975 καὶ
75 1951 100 1976 αἱ
117 1951 198 1978 πύλαι
224 1960 270 1978 σου
288 1951 412 1986 γλὺμμα.
434 1951 486 1977 Καὶ
509 1950 558 1977 οὐκ
575 1950 650 1977 ἐσται
667 1959 707 1976 σοι
724 1950 764 1977 ἔτι
780 1952 788 1977 ἐ

878 1949 964 1976 lutare
990 1949 1062 1976 muri
1082 1949 1119 1976 tui
1133 1969 1140 1982 ,
1158 1954 1185 1977 et
1200 1954 1288 1984 porta:
1314 1956 1367 1978 tua:
1382 1949 1531 1984 sculptura.
1545 1950 1578 1977 Et
1594 1950 1635 1977 sol

19 1994 81 2028 ἥλιος
95 1997 132 2029 εἰς
147 1997 205 2032 φῶς
220 1997 338 2033 ἡμέρας,
353 1996 413 2023 οὐδὲ
430 1996 546 2032 ἀνατολὴ
562 1996 676 2032 σελήνης
699 1998 788 2030 φωτιεῖ

874 2003 897 2021 ιιι
912 1996 965 2022 erit
983 1995 1029 2022 tibi
1052 1995 1122 2022 ultra
1137 1995 1164 2022 in
1179 1994 1265 2022 lucem
1281 1995 1346 2027 diei,
1370 2003 1459 2030 neque
1472 1999 1547 2023 ortus
1564 1995 1633 2022 luna:

21 2048 51 2066 σοι
66 2042 109 2077 τήν
129 2043 214 2069 νύκτα
224 2051 230 2058 ·
247 2042 304 2069 ἀλλ’
325 2042 400 2069 ἔσται
417 2050 458 2068 σοι
470 2042 587 2077 Χριστὸς
601 2041 658 2076 φῶς
673 2041 788 2073 αἰώνιον1

875 2050 935 2068 men
959 2041 1090 2076 praebebit
1113 2041 1162 2069 tibi
1181 2046 1262 2069 noctu
1279 2043 1346 2069 :sed
1362 2043 1415 2069 erit
1433 2042 1480 2069 tibi
1506 2041 1632 2068 Christus

20 2087 57 2111 καὶ
71 2088 83 2113 ὁ
99 2088 161 2121 Θεὸς
176 2089 240 2122 δόξα
259 2097 315 2116 σοι·
330 2089 361 2115 οὐ
373 2088 427 2124 γὰρ
439 2087 547 2114 δύσεταί
563 2097 603 2114 σοι
617 2089 631 2114 ὁ
645 2087 730 2123 ἥλιος,
745 2089 788 2114 καί

874 2095 888 2113 x
906 2087 1083 2122 sempiterna,
1102 2091 1130 2115 et
1153 2087 1223 2114 Deus
1236 2086 1322 2122 gloria
1343 2091 1388 2114 tua
1405 2095 1413 2115 ι
1427 2094 1481 2113 non
1494 2086 1566 2113 enim
1583 2093 1630 2112 σιξ-ι

19 2133 134 2170 ήσελήνη
152 2144 193 2162 σοι
216 2135 267 2162 οὐκ
282 2135 418 2170 ὲκλείψει’
444 2135 520 2161 ἔσται
548 2134 602 2170 γὰρ
623 2134 724 2170 Κύριός
751 2142 788 2160 σοι

874 2133 915 2159 det
930 2133 979 2159 tibi
1005 2131 1045 2159 sol
1058 2152 1066 2164 ,
1081 2136 1108 2158 et
1132 2132 1195 2159 luna
1215 2136 1260 2159 tua
1277 2139 1329 2159 non
1349 2132 1459 2159 deﬁciet
1474 2140 1480 2158 :
1494 2131 1546 2158 erit
1558 2131 1630 2157 enim

19 2178 66 2211 φῶς
89 2180 192 2207 αἰώνιον
211 2201 218 2213 ,
243 2181 290 2207 καὶ
321 2180 546 2216 πληρωθήσονται
567 2181 595 2206 αἱ
621 2180 724 2215 ἡμέραι
744 2180 788 2207 τοί

874 2177 976 2204 )miuus
992 2177 1039 2204 tibi
1058 2177 1101 2203 lux
1115 2177 1291 2210 sempitenta,
1313 2181 1339 2204 ct
1352 2176 1561 2210 complebunlor
1572 2175 1630 2202 dies

19 2224 116 2257 πένθους
131 2235 205 2253 σου.»
221 2226 313 2254 Ταῦτα
326 2226 381 2262 γὰρ
398 2226 489 2260 σαφῶς
507 2226 571 2261 περὶ
587 2225 633 2252 τοῦ
653 2225 788 2261 μέλλοντος

874 2229 932 2251 ctus
947 2224 995 2249 tui.
1026 2232 1035 2248 I
1055 2222 1116 2250 Haec
1140 2223 1211 2249 enim
1237 2222 1387 2257 apertede
1408 2221 1500 2248 futuro
1530 2220 1629 2248 saeculo

19 2269 101 2302 αἰῶνος
115 2273 316 2308 προφητεύεται
331 2274 388 2304 τοῖς
402 2273 430 2298 ὲν
451 2270 622 2306 αἰχμαλωσίᾳ
638 2269 712 2297 οὖσιν
726 2272 793 2302 υἱοῖς

24 2313 129 2351 Ἰσραὴλ,
147 2318 188 2352 ἐφ’
205 2317 254 2349 οὓς
275 2315 356 2353 ἦλθεν
378 2316 434 2353 (61)
459 2316 621 2347 ἀποσταλεὶς
643 2316 657 2342 ὁ
686 2315 770 2350 λέγων
783 2325 790 2332 ·

23 2367 29 2383 ι
45 2361 94 2388 Οὐκ
106 2363 261 2399 ἀπεστάλην
277 2364 300 2390 εί
319 2363 357 2399 μὴ
383 2363 423 2394 εἰς
444 2361 479 2388 τὰ
505 2361 628 2397 πρόϐατα
640 2361 674 2387 τὰ
687 2361 792 2388 ἀπολω-

19 2404 71 2432 λότα
83 2407 153 2434 οἴκου
174 2407 293 2444 Ἰσραήλ.
313 2417 321 2433 ι
337 2408 369 2434 Εἰ
381 2406 409 2433 δὲ
429 2405 596 2441 αἰχμάλωτοι
613 2405 688 2437 ὄντες
706 2405 792 2432 ταῦτα

19 2449 42 2475 ἐν
64 2452 92 2487 τῇ
113 2452 218 2488 πατρίδι
241 2451 331 2478 αὐτῶν
349 2450 544 2486 ἀπολήψονται,
569 2450 612 2476 ὅτε
628 2450 675 2476 καὶ
690 2450 794 2485 προσή-

19 2494 80 2522 λυτοι
98 2498 321 2533 προσελεύσονται
344 2497 438 2528 αὐτοῖς
465 2496 510 2523 διὰ
532 2495 579 2522 τοῦ
595 2495 728 2531 Χριστοῦ,
745 2495 792 2521 καὶ

21 2540 54 2566 ἐπ’
73 2543 163 2575 αὐτοὺς
176 2543 389 2578 καταφεύξονται
404 2542 477 2569 κατὰ
492 2542 522 2568 τὸ
538 2541 691 2576 λεγόμενον·
706 2551 714 2566 ι
728 2540 790 2567 Ἰδοὺ

22 2588 165 2623 προσήλυτοι
179 2589 405 2625 προσελεύσονταί
421 2596 463 2614 σοι
476 2587 508 2613 δι’
529 2586 609 2622 ἐμοῦ,
633 2586 680 2613 καὶ
700 2586 746 2612 ἐπὶ
760 2585 789 2612 σὲ

23 2634 225 2668 ωταςεύξονται,
236 2644 244 2660 ι
259 2635 353 2670 δῆλον,
372 2634 413 2660 ὅτι
431 2633 494 2669 περὶ
509 2633 554 2659 τον
568 2631 630 2659 ναὸν
642 2632 789 2666 τυγχάνον-

23 2676 58 2706 τές
82 2687 141 2706 ποτε
168 2682 192 2707 οἱ
219 2679 504 2716 αἱχμαλιιντευθὲντες,
529 2679 576 2705 καὶ
595 2677 675 2705 πάλιν
699 2678 788 2703 ἐκεῖσε

52 2723 125 2752 "lsa.
141 2734 196 2756 LIV.
212 2728 240 2754 ll
259 2735 317 2761 seq.
364 2728 385 2744 ἰ
400 2727 448 2753 lsa.
467 2733 512 2759 ιχ,
530 2725 563 2753 l5
581 2732 639 2759 seq.

50 2770 97 2805 (59)
121 2773 287 2807 Ἐσομὲνας.
307 2772 352 2800 Sic
367 2764 650 2803 cottex'uottleianus;
671 2769 782 2805 Regius,

23 2811 158 2840 perperam,
175 2808 340 2844 σεσωμένας.

843 2268 988 2303 prophetat
1003 2267 1066 2294 ﬁliis
1085 2267 1168 2294 Israel
1188 2267 1212 2292 in
1232 2267 1391 2301 captivitate
1406 2266 1582 2300 degentibus,
1595 2266 1630 2292 ad

843 2319 910 2347 quos
926 2313 1024 2339 missus
1040 2311 1118 2338 venit
1139 2311 1185 2337 ille
1213 2312 1258 2344 qui
1285 2311 1391 2338 dicebat
1406 2311 1428 2326 θ’
1444 2319 1451 2337 :
1475 2319 1484 2336 ι
1504 2311 1559 2345 Ego
1576 2318 1629 2337 non

842 2366 901 2386 sum
919 2358 1029 2390 missus,
1053 2357 1106 2384 nisi
1122 2357 1154 2383 ad
1174 2364 1238 2384 oves
1255 2356 1377 2391 perditas
1393 2357 1489 2383 domus
1506 2356 1598 2383 Israel.
1616 2364 1626 2382 ο

843 2404 920 2437 Quod
936 2404 957 2431 si
976 2402 1074 2438 captivi
1090 2403 1255 2430 exsistentes
1277 2402 1335 2429 haec
1352 2402 1377 2428 in
1391 2402 1479 2437 patria
1493 2410 1540 2429 sua
1560 2402 1629 2428 reci-

844 2450 928 2484 pient,
943 2449 1052 2484 quando
1069 2448 1150 2475 etiam
1165 2447 1295 2482 proselyti
1311 2447 1343 2474 ad
1362 2447 1434 2482 ipsos
1449 2446 1559 2474 venient
1579 2453 1628 2479 per

843 2495 993 2525 Christum,
1020 2498 1047 2520 et
1061 2493 1094 2520 ad
1111 2493 1185 2528 ipsos
1201 2493 1283 2527 208
1306 2491 1455 2526 diﬁ‘ugient,
1479 2490 1626 2518 secundum

842 2540 913 2575 quod
924 2539 1029 2570 dicitur
1043 2539 1066 2554 ’³
1082 2548 1088 2566 :
1106 2547 1115 2564 ι
1134 2538 1204 2565 Ecce
1218 2538 1346 2573 proselyti
1362 2537 1395 2564 ad
1414 2542 1439 2564 te
1453 2536 1562 2563 venient
1578 2542 1627 2569 pt-r

843 2592 886 2610 tne
899 2603 906 2615 ,
924 2588 950 2610 et
975 2583 1007 2610 ad
1035 2588 1060 2609 te
1086 2582 1224 2617 diﬁugieut
1239 2602 1246 2614 ,
1267 2591 1276 2608 ι
1303 2582 1475 2617 perspicuum
1494 2584 1536 2607 est
1553 2580 1624 2614 quod

840 2630 939 2665 captivi
958 2630 1004 2664 qui
1031 2629 1057 2656 in
1086 2628 1186 2663 templo
1205 2628 1281 2655 fuere
1305 2628 1461 2663 aliquando,
1484 2627 1566 2653 etiam
1590 2625 1624 2652 ad

843 2677 908 2704 illud
927 2683 1022 2703 rursus
1049 2675 1173 2702 redibunt.
1203 2675 1403 2706 reazdiﬁcandi,
1431 2671 1624 2708 pretiosissimi

687 2724 710 2739 “
725 2723 822 2752 Matth.
837 2730 884 2755 xv,
897 2722 942 2749 24.
981 2722 1004 2738 ⁹³
1017 2721 1069 2750 lsa.
1086 2729 1139 2752 LIV,
1159 2721 1202 2748 15.

874 2768 931 2802 (60)
951 2768 1015 2804 [late
1030 2767 1212 2804 supprlcvintus
1224 2774 1256 2793 ex
1276 2765 1411 2804 Perionio.
1439 2799 1456 2804 ﬂ
1485 2799 1502 2804 Π
1524 2799 1529 2804 Ι

874 2799 930 2840 (ﬁl)
950 2799 1266 2836 'ILtOs-r'.Desideratur
1286 2802 1312 2829 in
1330 2801 1423 2828 codice
1439 2799 1598 2826 Bodleiano.
