  <div class='ocr_page' id='page_1' title='image "/cluster/home/n/w/nwhite01/storage/ocr_20150623/14/njp.32101077772448/204.png"; bbox 0 0 1869 3046; ppageno 0'>
   <div class='ocr_carea' id='block_1_1' title="bbox 66 95 106 121">
    <p class='ocr_par' dir='ltr' id='par_1_1' title="bbox 66 95 106 121">
     <span class='ocr_line' id='line_1_1' title="bbox 66 95 106 121; baseline 0 0"><span class='ocrx_word' id='word_1_1' title='bbox 66 95 106 121; x_wconf 69' lang='grc' dir='ltr'><strong>ὅξιὸ</strong></span> 
     </span>
    </p>
   </div>
   <div class='ocr_carea' id='block_1_2' title="bbox 63 137 824 179">
    <p class='ocr_par' dir='ltr' id='par_1_2' title="bbox 63 137 824 179">
     <span class='ocr_line' id='line_1_2' title="bbox 63 137 824 179; baseline -0.009 -9"><span class='ocrx_word' id='word_1_2' title='bbox 63 143 130 179; x_wconf 73' lang='grc' dir='ltr'><strong>ὑμῶν,</strong></span> <span class='ocrx_word' id='word_1_3' title='bbox 143 142 183 169; x_wconf 79' lang='grc' dir='ltr'>ὅτι</span> <span class='ocrx_word' id='word_1_4' title='bbox 202 141 339 177; x_wconf 78' lang='grc' dir='ltr'>βλέπουσι,</span> <span class='ocrx_word' id='word_1_5' title='bbox 350 140 396 166; x_wconf 68' lang='grc' dir='ltr'>καὶ</span> <span class='ocrx_word' id='word_1_6' title='bbox 407 139 440 166; x_wconf 75' lang='grc' dir='ltr'>τὰ</span> <span class='ocrx_word' id='word_1_7' title='bbox 453 137 510 166; x_wconf 77' lang='grc' dir='ltr'>ὦτα</span> <span class='ocrx_word' id='word_1_8' title='bbox 526 139 601 175; x_wconf 78' lang='grc' dir='ltr'>ὑμῶν</span> <span class='ocrx_word' id='word_1_9' title='bbox 617 140 658 165; x_wconf 75' lang='grc' dir='ltr'><strong>ὅτι</strong></span> <span class='ocrx_word' id='word_1_10' title='bbox 670 138 806 165; x_wconf 82' lang='grc' dir='ltr'>ἀκούουσι·</span> <span class='ocrx_word' id='word_1_11' title='bbox 817 147 824 161; x_wconf 84' lang='lat'><strong>1</strong></span> 
     </span>
    </p>
   </div>
   <div class='ocr_carea' id='block_1_3' title="bbox 62 183 826 221">
    <p class='ocr_par' dir='ltr' id='par_1_3' title="bbox 62 183 826 221">
     <span class='ocr_line' id='line_1_3' title="bbox 62 183 826 221; baseline -0.008 -6"><span class='ocrx_word' id='word_1_12' title='bbox 62 189 98 215; x_wconf 75' lang='grc' dir='ltr'><strong>καὶ</strong></span> <span class='ocrx_word' id='word_1_13' title='bbox 114 188 151 214; x_wconf 85' lang='grc' dir='ltr'><strong>τό·</strong></span> <span class='ocrx_word' id='word_1_14' title='bbox 167 198 174 211; x_wconf 79' lang='grc' dir='ltr'><strong>ι</strong></span> <span class='ocrx_word' id='word_1_15' title='bbox 187 187 283 213; x_wconf 79' lang='grc' dir='ltr'>Πολλοὶ</span> <span class='ocrx_word' id='word_1_16' title='bbox 298 186 434 221; x_wconf 69' lang='grc' dir='ltr'>προφῆται</span> <span class='ocrx_word' id='word_1_17' title='bbox 452 185 499 212; x_wconf 79' lang='grc' dir='ltr'>καὶ</span> <span class='ocrx_word' id='word_1_18' title='bbox 523 184 622 211; x_wconf 81' lang='grc' dir='ltr'>δίκαιοι</span> <span class='ocrx_word' id='word_1_19' title='bbox 650 183 826 218; x_wconf 78' lang='grc' dir='ltr'>ἐπεθύμησαν</span> 
     </span>
    </p>
   </div>
   <div class='ocr_carea' id='block_1_4' title="bbox 62 228 828 268">
    <p class='ocr_par' dir='ltr' id='par_1_4' title="bbox 62 228 828 268">
     <span class='ocr_line' id='line_1_4' title="bbox 62 228 828 268; baseline -0.008 -7"><span class='ocrx_word' id='word_1_20' title='bbox 62 234 111 261; x_wconf 74' lang='grc' dir='ltr'>[δεῖν</span> <span class='ocrx_word' id='word_1_21' title='bbox 122 233 136 260; x_wconf 77' lang='lat' dir='ltr'><strong>a</strong></span> <span class='ocrx_word' id='word_1_22' title='bbox 154 233 275 268; x_wconf 73' lang='grc' dir='ltr'>βλέπετε,</span> <span class='ocrx_word' id='word_1_23' title='bbox 290 232 337 258; x_wconf 75' lang='grc' dir='ltr'>καὶ</span> <span class='ocrx_word' id='word_1_24' title='bbox 355 231 405 258; x_wconf 77' lang='grc' dir='ltr'><strong>οὐκ</strong></span> <span class='ocrx_word' id='word_1_25' title='bbox 420 229 499 262; x_wconf 75' lang='grc' dir='ltr'>εἶδον,</span> <span class='ocrx_word' id='word_1_26' title='bbox 517 231 562 256; x_wconf 73' lang='grc' dir='ltr'>καὶ</span> <span class='ocrx_word' id='word_1_27' title='bbox 580 230 694 256; x_wconf 77' lang='grc' dir='ltr'>ἀκοῦσαι</span> <span class='ocrx_word' id='word_1_28' title='bbox 707 230 723 256; x_wconf 77' lang='grc' dir='ltr'>ἃ</span> <span class='ocrx_word' id='word_1_29' title='bbox 736 228 828 255; x_wconf 85' lang='grc' dir='ltr'>ἀκούε-</span> 
     </span>
    </p>
   </div>
   <div class='ocr_carea' id='block_1_5' title="bbox 58 273 827 312">
    <p class='ocr_par' dir='ltr' id='par_1_5' title="bbox 58 273 827 312">
     <span class='ocr_line' id='line_1_5' title="bbox 58 273 827 312; baseline -0.007 -7"><span class='ocrx_word' id='word_1_30' title='bbox 58 289 89 310; x_wconf 73' lang='grc' dir='ltr'><strong>τε,</strong></span> <span class='ocrx_word' id='word_1_31' title='bbox 105 279 143 305; x_wconf 77' lang='grc' dir='ltr'>καὶ</span> <span class='ocrx_word' id='word_1_32' title='bbox 159 279 207 304; x_wconf 68' lang='grc' dir='ltr'><strong>οὐκ</strong></span> <span class='ocrx_word' id='word_1_33' title='bbox 223 278 350 312; x_wconf 76' lang='grc' dir='ltr'>ἥκουσαν.</span> <span class='ocrx_word' id='word_1_34' title='bbox 368 287 377 301; x_wconf 99' lang='lat'><strong>1</strong></span> <span class='ocrx_word' id='word_1_35' title='bbox 403 275 554 311; x_wconf 78' lang='grc' dir='ltr'>Ἀγαπητδν</span> <span class='ocrx_word' id='word_1_36' title='bbox 577 275 605 301; x_wconf 83' lang='grc' dir='ltr'><strong>δὲ</strong></span> <span class='ocrx_word' id='word_1_37' title='bbox 627 275 674 301; x_wconf 80' lang='grc' dir='ltr'><strong>καὶ</strong></span> <span class='ocrx_word' id='word_1_38' title='bbox 691 273 737 300; x_wconf 77' lang='grc' dir='ltr'>τὸν</span> <span class='ocrx_word' id='word_1_39' title='bbox 763 275 827 300; x_wconf 82' lang='grc' dir='ltr'>ὑπο-</span> 
     </span>
    </p>
   </div>
   <div class='ocr_carea' id='block_1_6' title="bbox 57 320 828 359">
    <p class='ocr_par' dir='ltr' id='par_1_6' title="bbox 57 320 828 359">
     <span class='ocr_line' id='line_1_6' title="bbox 57 320 828 359; baseline -0.008 -8"><span class='ocrx_word' id='word_1_40' title='bbox 57 325 177 359; x_wconf 75' lang='grc' dir='ltr'>δεέστερον</span> <span class='ocrx_word' id='word_1_41' title='bbox 193 323 285 350; x_wconf 74' lang='grc' dir='ltr'>λαϐεῖν</span> <span class='ocrx_word' id='word_1_42' title='bbox 311 322 484 358; x_wconf 76' lang='grc' dir='ltr'><strong>μακαρισμὸν</strong></span> <span class='ocrx_word' id='word_1_43' title='bbox 510 322 634 356; x_wconf 75' lang='grc' dir='ltr'>λέγον-ια’</span> <span class='ocrx_word' id='word_1_44' title='bbox 666 331 674 346; x_wconf 86' lang='grc' dir='ltr'><strong>ι</strong></span> <span class='ocrx_word' id='word_1_45' title='bbox 690 320 828 356; x_wconf 80' lang='grc' dir='ltr'><strong>Μακάριοι</strong></span> 
     </span>
    </p>
   </div>
   <div class='ocr_carea' id='block_1_7' title="bbox 55 365 828 406">
    <p class='ocr_par' dir='ltr' id='par_1_7' title="bbox 55 365 828 406">
     <span class='ocr_line' id='line_1_7' title="bbox 55 365 828 406; baseline -0.006 -10"><span class='ocrx_word' id='word_1_46' title='bbox 55 371 75 397; x_wconf 83' lang='grc' dir='ltr'>οι</span> <span class='ocrx_word' id='word_1_47' title='bbox 87 369 117 406; x_wconf 81' lang='grc' dir='ltr'>μὴ</span> <span class='ocrx_word' id='word_1_48' title='bbox 133 369 229 401; x_wconf 77' lang='grc' dir='ltr'><strong>ἰδόντες</strong></span> <span class='ocrx_word' id='word_1_49' title='bbox 241 369 288 395; x_wconf 78' lang='grc' dir='ltr'><strong>καὶ</strong></span> <span class='ocrx_word' id='word_1_50' title='bbox 305 367 507 399; x_wconf 81' lang='grc' dir='ltr'>πιστεύσαντες.</span> <span class='ocrx_word' id='word_1_51' title='bbox 525 377 533 393; x_wconf 88' lang='lat'><strong>1</strong></span> <span class='ocrx_word' id='word_1_52' title='bbox 553 367 615 398; x_wconf 83' lang='grc' dir='ltr'><strong>Πῶς</strong></span> <span class='ocrx_word' id='word_1_53' title='bbox 637 366 665 393; x_wconf 85' lang='grc' dir='ltr'><strong>δὲ</strong></span> <span class='ocrx_word' id='word_1_54' title='bbox 688 365 828 402; x_wconf 77' lang='grc' dir='ltr'>μακαριώ-</span> 
     </span>
    </p>
   </div>
   <div class='ocr_carea' id='block_1_8' title="bbox 56 411 828 453">
    <p class='ocr_par' dir='ltr' id='par_1_8' title="bbox 56 411 828 453">
     <span class='ocr_line' id='line_1_8' title="bbox 56 411 828 453; baseline -0.005 -11"><span class='ocrx_word' id='word_1_55' title='bbox 56 424 116 451; x_wconf 67' lang='grc' dir='ltr'>προι</span> <span class='ocrx_word' id='word_1_56' title='bbox 128 416 150 441; x_wconf 79' lang='grc' dir='ltr'>οἱ</span> <span class='ocrx_word' id='word_1_57' title='bbox 168 414 300 450; x_wconf 52' lang='grc' dir='ltr'>ὀρθαλμοὶ</span> <span class='ocrx_word' id='word_1_58' title='bbox 316 414 340 440; x_wconf 74' lang='grc' dir='ltr'><strong>οἱ</strong></span> <span class='ocrx_word' id='word_1_59' title='bbox 360 413 412 440; x_wconf 74' lang='grc' dir='ltr'><strong>ὑπὸ</strong></span> <span class='ocrx_word' id='word_1_60' title='bbox 429 414 475 440; x_wconf 79' lang='grc' dir='ltr'>τοῦ</span> <span class='ocrx_word' id='word_1_61' title='bbox 499 412 587 449; x_wconf 77' lang='grc' dir='ltr'>Ἰησοῦ</span> <span class='ocrx_word' id='word_1_62' title='bbox 603 412 657 448; x_wconf 81' lang='grc'>(67)</span> <span class='ocrx_word' id='word_1_63' title='bbox 678 411 828 453; x_wconf 57' lang='grc' dir='ltr'>μακαριζᾷτ</span> 
     </span>
    </p>
   </div>
   <div class='ocr_carea' id='block_1_9' title="bbox 55 457 827 497">
    <p class='ocr_par' dir='ltr' id='par_1_9' title="bbox 55 457 827 497">
     <span class='ocr_line' id='line_1_9' title="bbox 55 457 827 497; baseline -0.006 -9"><span class='ocrx_word' id='word_1_64' title='bbox 55 471 118 497; x_wconf 81' lang='grc' dir='ltr'>μενοι</span> <span class='ocrx_word' id='word_1_65' title='bbox 137 462 181 488; x_wconf 73' lang='grc' dir='ltr'>ἐπὶ</span> <span class='ocrx_word' id='word_1_66' title='bbox 198 462 254 492; x_wconf 77' lang='grc' dir='ltr'><strong>τοῖς</strong></span> <span class='ocrx_word' id='word_1_67' title='bbox 269 459 483 495; x_wconf 78' lang='grc' dir='ltr'>τεθεωρημένοις</span> <span class='ocrx_word' id='word_1_68' title='bbox 497 480 504 491; x_wconf 85' lang='grc'><em>,</em></span> <span class='ocrx_word' id='word_1_69' title='bbox 530 459 584 485; x_wconf 81' lang='grc' dir='ltr'><strong>τῶν</strong></span> <span class='ocrx_word' id='word_1_70' title='bbox 603 459 640 494; x_wconf 84' lang='grc' dir='ltr'>μὴ</span> <span class='ocrx_word' id='word_1_71' title='bbox 666 457 827 493; x_wconf 69' lang='grc' dir='ltr'>φθασάντιὼ</span> 
     </span>
    </p>
   </div>
   <div class='ocr_carea' id='block_1_10' title="bbox 55 503 827 543">
    <p class='ocr_par' dir='ltr' id='par_1_10' title="bbox 55 503 827 543">
     <span class='ocr_line' id='line_1_10' title="bbox 55 503 827 543; baseline -0.005 -9"><span class='ocrx_word' id='word_1_72' title='bbox 55 508 92 534; x_wconf 76' lang='grc' dir='ltr'>ἐπὶ</span> <span class='ocrx_word' id='word_1_73' title='bbox 103 508 146 543; x_wconf 80' lang='grc' dir='ltr'><strong>τὴν</strong></span> <span class='ocrx_word' id='word_1_74' title='bbox 159 507 212 534; x_wconf 83' lang='grc' dir='ltr'>τῶν</span> <span class='ocrx_word' id='word_1_75' title='bbox 225 506 353 533; x_wconf 77' lang='grc' dir='ltr'><strong>τοιούτων</strong></span> <span class='ocrx_word' id='word_1_76' title='bbox 370 506 434 532; x_wconf 79' lang='grc' dir='ltr'>θέαν</span> <span class='ocrx_word' id='word_1_77' title='bbox 445 515 451 520; x_wconf 91' lang='grc'><strong>·</strong></span> <span class='ocrx_word' id='word_1_78' title='bbox 474 506 502 532; x_wconf 87' lang='lat'><strong>&#39;0</strong></span> <span class='ocrx_word' id='word_1_79' title='bbox 515 504 542 532; x_wconf 73' lang='grc' dir='ltr'><strong>δὲ</strong></span> <span class='ocrx_word' id='word_1_80' title='bbox 553 503 665 540; x_wconf 84' lang='grc' dir='ltr'>Συμεὼν</span> <span class='ocrx_word' id='word_1_81' title='bbox 676 503 771 538; x_wconf 81' lang='grc' dir='ltr'>ἀγαπᾷ</span> <span class='ocrx_word' id='word_1_82' title='bbox 788 503 827 535; x_wconf 71' lang='grc' dir='ltr'><strong>εἰς</strong></span> 
     </span>
    </p>
   </div>
   <div class='ocr_carea' id='block_1_11' title="bbox 53 549 828 586">
    <p class='ocr_par' dir='ltr' id='par_1_11' title="bbox 53 549 828 586">
     <span class='ocr_line' id='line_1_11' title="bbox 53 549 828 586; baseline -0.005 -7"><span class='ocrx_word' id='word_1_83' title='bbox 53 553 94 584; x_wconf 64' lang='grc' dir='ltr'><strong>τὰς</strong></span> <span class='ocrx_word' id='word_1_84' title='bbox 106 552 223 586; x_wconf 78' lang='grc' dir='ltr'>ἀγκάλας</span> <span class='ocrx_word' id='word_1_85' title='bbox 241 550 331 578; x_wconf 80' lang='grc' dir='ltr'>λαϐὼν</span> <span class='ocrx_word' id='word_1_86' title='bbox 344 551 374 577; x_wconf 81' lang='grc' dir='ltr'><strong>τὸ</strong></span> <span class='ocrx_word' id='word_1_87' title='bbox 391 551 523 586; x_wconf 78' lang='grc' dir='ltr'>σωτήριον</span> <span class='ocrx_word' id='word_1_88' title='bbox 534 549 581 576; x_wconf 84' lang='grc' dir='ltr'>τοῦ</span> <span class='ocrx_word' id='word_1_89' title='bbox 599 549 676 582; x_wconf 78' lang='grc' dir='ltr'>Θεοῦ,</span> <span class='ocrx_word' id='word_1_90' title='bbox 700 550 746 576; x_wconf 80' lang='grc' dir='ltr'><strong>καὶ</strong></span> <span class='ocrx_word' id='word_1_91' title='bbox 765 549 828 576; x_wconf 81' lang='grc' dir='ltr'>θεα-</span> 
     </span>
    </p>
   </div>
   <div class='ocr_carea' id='block_1_12' title="bbox 52 593 825 633">
    <p class='ocr_par' dir='ltr' id='par_1_12' title="bbox 52 593 825 633">
     <span class='ocr_line' id='line_1_12' title="bbox 52 593 825 633; baseline -0.004 -9"><span class='ocrx_word' id='word_1_92' title='bbox 52 598 154 633; x_wconf 77' lang='grc' dir='ltr'>σάμενος</span> <span class='ocrx_word' id='word_1_93' title='bbox 171 598 236 624; x_wconf 81' lang='grc' dir='ltr'>αὐτὸ</span> <span class='ocrx_word' id='word_1_94' title='bbox 255 595 332 624; x_wconf 82' lang='grc' dir='ltr'>εἷπε·</span> <span class='ocrx_word' id='word_1_95' title='bbox 353 607 362 622; x_wconf 84' lang='grc' dir='ltr'><strong>ι</strong></span> <span class='ocrx_word' id='word_1_96' title='bbox 377 596 435 623; x_wconf 78' lang='grc' dir='ltr'><strong>Νῦν</strong></span> <span class='ocrx_word' id='word_1_97' title='bbox 449 595 575 627; x_wconf 81' lang='grc' dir='ltr'><strong>ἀπολύεις</strong></span> <span class='ocrx_word' id='word_1_98' title='bbox 594 595 638 622; x_wconf 80' lang='grc' dir='ltr'><strong>τὸν</strong></span> <span class='ocrx_word' id='word_1_99' title='bbox 654 593 746 622; x_wconf 80' lang='grc' dir='ltr'>δοῦλόν</span> <span class='ocrx_word' id='word_1_100' title='bbox 769 604 825 627; x_wconf 80' lang='grc' dir='ltr'>σου,</span> 
     </span>
    </p>
   </div>
   <div class='ocr_carea' id='block_1_13' title="bbox 50 640 826 679">
    <p class='ocr_par' dir='ltr' id='par_1_13' title="bbox 50 640 826 679">
     <span class='ocr_line' id='line_1_13' title="bbox 50 640 826 679; baseline -0.006 -8"><span class='ocrx_word' id='word_1_101' title='bbox 50 645 169 678; x_wconf 72' lang='grc' dir='ltr'>Δέσποτα,</span> <span class='ocrx_word' id='word_1_102' title='bbox 186 643 256 671; x_wconf 84' lang='grc' dir='ltr'>κατὰ</span> <span class='ocrx_word' id='word_1_103' title='bbox 275 644 306 670; x_wconf 81' lang='grc' dir='ltr'><strong>τὸ</strong></span> <span class='ocrx_word' id='word_1_104' title='bbox 318 643 395 679; x_wconf 70' lang='grc' dir='ltr'>ῥῆμά</span> <span class='ocrx_word' id='word_1_105' title='bbox 419 651 476 675; x_wconf 87' lang='grc' dir='ltr'>σου,</span> <span class='ocrx_word' id='word_1_106' title='bbox 497 643 526 668; x_wconf 81' lang='grc' dir='ltr'>ὲν</span> <span class='ocrx_word' id='word_1_107' title='bbox 542 641 648 678; x_wconf 82' lang='grc' dir='ltr'>εἰρήνῃ·</span> <span class='ocrx_word' id='word_1_108' title='bbox 661 642 701 667; x_wconf 80' lang='grc' dir='ltr'>ὅτι</span> <span class='ocrx_word' id='word_1_109' title='bbox 717 640 785 667; x_wconf 74' lang='grc' dir='ltr'>εἶδον</span> <span class='ocrx_word' id='word_1_110' title='bbox 802 642 826 667; x_wconf 91' lang='grc' dir='ltr'>οἰ</span> 
     </span>
    </p>
   </div>
   <div class='ocr_carea' id='block_1_14' title="bbox 48 687 827 725">
    <p class='ocr_par' dir='ltr' id='par_1_14' title="bbox 48 687 827 725">
     <span class='ocr_line' id='line_1_14' title="bbox 48 687 827 725; baseline -0.003 -10"><span class='ocrx_word' id='word_1_111' title='bbox 48 689 168 724; x_wconf 71' lang='grc' dir='ltr'>ὀφθαλμοί</span> <span class='ocrx_word' id='word_1_112' title='bbox 189 698 238 725; x_wconf 84' lang='grc' dir='ltr'>μου</span> <span class='ocrx_word' id='word_1_113' title='bbox 247 689 276 715; x_wconf 74' lang='grc' dir='ltr'><strong>τὸ</strong></span> <span class='ocrx_word' id='word_1_114' title='bbox 289 689 421 724; x_wconf 83' lang='grc' dir='ltr'>σωτήριόν</span> <span class='ocrx_word' id='word_1_115' title='bbox 434 697 489 714; x_wconf 77' lang='grc' dir='ltr'>σου.</span> <span class='ocrx_word' id='word_1_116' title='bbox 504 698 512 713; x_wconf 89' lang='lat'><strong>1</strong></span> <span class='ocrx_word' id='word_1_117' title='bbox 527 689 624 723; x_wconf 80' lang='grc' dir='ltr'>Διόπερ</span> <span class='ocrx_word' id='word_1_118' title='bbox 639 687 827 722; x_wconf 71' lang='grc' dir='ltr'><strong>φιλοτιμητέον</strong></span> 
     </span>
    </p>
   </div>
   <div class='ocr_carea' id='block_1_15' title="bbox 48 732 828 770">
    <p class='ocr_par' dir='ltr' id='par_1_15' title="bbox 48 732 828 770">
     <span class='ocr_line' id='line_1_15' title="bbox 48 732 828 770; baseline -0.004 -9"><span class='ocrx_word' id='word_1_119' title='bbox 48 735 154 769; x_wconf 80' lang='grc' dir='ltr'>ἀνοίγειν</span> <span class='ocrx_word' id='word_1_120' title='bbox 176 735 239 766; x_wconf 72' lang='grc' dir='ltr'>τοὺς</span> <span class='ocrx_word' id='word_1_121' title='bbox 258 734 424 770; x_wconf 71' lang='grc' dir='ltr'><strong>ὀφθαλμοῦς,</strong></span> <span class='ocrx_word' id='word_1_122' title='bbox 440 734 508 760; x_wconf 78' lang='grc' dir='ltr'>κατὰ</span> <span class='ocrx_word' id='word_1_123' title='bbox 524 733 569 760; x_wconf 79' lang='grc' dir='ltr'>τὸν</span> <span class='ocrx_word' id='word_1_124' title='bbox 585 733 744 768; x_wconf 76' lang='grc' dir='ltr'>Σολομῶντα</span> <span class='ocrx_word' id='word_1_125' title='bbox 756 753 762 764; x_wconf 87' lang='grc'>,</span> <span class='ocrx_word' id='word_1_126' title='bbox 785 732 828 758; x_wconf 75' lang='grc' dir='ltr'><strong>ἵνα</strong></span> 
     </span>
    </p>
   </div>
   <div class='ocr_carea' id='block_1_16' title="bbox 45 779 827 818">
    <p class='ocr_par' dir='ltr' id='par_1_16' title="bbox 45 779 827 818">
     <span class='ocr_line' id='line_1_16' title="bbox 45 779 827 818; baseline -0.004 -11"><span class='ocrx_word' id='word_1_127' title='bbox 45 781 126 816; x_wconf 84' lang='grc' dir='ltr'>ἄρτων</span> <span class='ocrx_word' id='word_1_128' title='bbox 144 780 357 816; x_wconf 83' lang='grc' dir='ltr'><strong>ὲμπλησθῶμεν.</strong></span> <span class='ocrx_word' id='word_1_129' title='bbox 385 781 454 815; x_wconf 74' lang='grc' dir='ltr'><strong>Φησὶ</strong></span> <span class='ocrx_word' id='word_1_130' title='bbox 478 780 548 815; x_wconf 82' lang='grc' dir='ltr'>γάρ·</span> <span class='ocrx_word' id='word_1_131' title='bbox 581 779 741 818; x_wconf 33' lang='grc' dir='ltr'>«ιΔιάνοιξον</span> <span class='ocrx_word' id='word_1_132' title='bbox 766 779 827 808; x_wconf 69' lang='grc' dir='ltr'>τοὺς</span> 
     </span>
    </p>
   </div>
   <div class='ocr_carea' id='block_1_17' title="bbox 45 823 825 861">
    <p class='ocr_par' dir='ltr' id='par_1_17' title="bbox 45 823 825 861">
     <span class='ocr_line' id='line_1_17' title="bbox 45 823 825 861; baseline -0.004 -9"><span class='ocrx_word' id='word_1_133' title='bbox 45 825 191 861; x_wconf 62' lang='grc' dir='ltr'>ὀφθαλμούς</span> <span class='ocrx_word' id='word_1_134' title='bbox 207 835 264 856; x_wconf 82' lang='grc' dir='ltr'>σου,</span> <span class='ocrx_word' id='word_1_135' title='bbox 281 826 326 852; x_wconf 67' lang='grc' dir='ltr'>καὶ</span> <span class='ocrx_word' id='word_1_136' title='bbox 344 825 515 860; x_wconf 79' lang='grc' dir='ltr'>ὲμπλήσθητι</span> <span class='ocrx_word' id='word_1_137' title='bbox 533 824 649 860; x_wconf 66' lang='grc' dir='ltr'>ἅρτωω</span> <span class='ocrx_word' id='word_1_138' title='bbox 669 824 722 850; x_wconf 74' lang='grc' dir='ltr'><strong>Καὶ</strong></span> <span class='ocrx_word' id='word_1_139' title='bbox 739 823 825 849; x_wconf 70' lang='grc' dir='ltr'>ταῦτά</span> 
     </span>
    </p>
   </div>
   <div class='ocr_carea' id='block_1_18' title="bbox 44 868 825 907">
    <p class='ocr_par' dir='ltr' id='par_1_18' title="bbox 44 868 825 907">
     <span class='ocr_line' id='line_1_18' title="bbox 44 868 825 907; baseline -0.005 -9"><span class='ocrx_word' id='word_1_140' title='bbox 44 881 83 907; x_wconf 85' lang='grc' dir='ltr'><strong>μοι</strong></span> <span class='ocrx_word' id='word_1_141' title='bbox 100 871 142 898; x_wconf 76' lang='grc' dir='ltr'><strong>διὰ</strong></span> <span class='ocrx_word' id='word_1_142' title='bbox 158 871 199 898; x_wconf 85' lang='grc' dir='ltr'><strong>τό·</strong></span> <span class='ocrx_word' id='word_1_143' title='bbox 212 882 221 897; x_wconf 86' lang='grc'><strong>‹</strong></span> <span class='ocrx_word' id='word_1_144' title='bbox 234 871 411 899; x_wconf 77' lang='grc' dir='ltr'>Ἐπίστευσαν</span> <span class='ocrx_word' id='word_1_145' title='bbox 424 868 456 906; x_wconf 77' lang='grc' dir='ltr'>τῇ</span> <span class='ocrx_word' id='word_1_146' title='bbox 473 871 578 906; x_wconf 62' lang='grc' dir='ltr'>Γραφῇ,</span> <span class='ocrx_word' id='word_1_147' title='bbox 598 869 691 904; x_wconf 75' lang='grc' dir='ltr'>καὶτῷ</span> <span class='ocrx_word' id='word_1_148' title='bbox 702 869 784 903; x_wconf 75' lang='grc' dir='ltr'><strong>λόγῳ,</strong></span> <span class='ocrx_word' id='word_1_149' title='bbox 797 868 825 894; x_wconf 71' lang='grc' dir='ltr'>ὃν</span> 
     </span>
    </p>
   </div>
   <div class='ocr_carea' id='block_1_19' title="bbox 43 915 824 952">
    <p class='ocr_par' dir='ltr' id='par_1_19' title="bbox 43 915 824 952">
     <span class='ocr_line' id='line_1_19' title="bbox 43 915 824 952; baseline -0.005 -9"><span class='ocrx_word' id='word_1_150' title='bbox 43 915 139 943; x_wconf 79' lang='grc' dir='ltr'>εἶπενὸ</span> <span class='ocrx_word' id='word_1_151' title='bbox 156 916 261 952; x_wconf 78' lang='grc' dir='ltr'><strong>Ἰησοῦς</strong></span> <span class='ocrx_word' id='word_1_152' title='bbox 274 936 280 948; x_wconf 85' lang='grc'><em>,</em></span> <span class='ocrx_word' id='word_1_153' title='bbox 299 926 306 940; x_wconf 86' lang='lat'><strong>1</strong></span> <span class='ocrx_word' id='word_1_154' title='bbox 320 916 454 952; x_wconf 75' lang='grc' dir='ltr'>εἰρήσθω·</span> <span class='ocrx_word' id='word_1_155' title='bbox 471 916 513 942; x_wconf 82' lang='grc' dir='ltr'><strong>ἵνα</strong></span> <span class='ocrx_word' id='word_1_156' title='bbox 537 915 567 942; x_wconf 72' lang='grc' dir='ltr'>τὸ</span> <span class='ocrx_word' id='word_1_157' title='bbox 587 915 688 942; x_wconf 76' lang='grc' dir='ltr'>τέλειον</span> <span class='ocrx_word' id='word_1_158' title='bbox 711 915 759 950; x_wconf 77' lang='grc' dir='ltr'><strong>τῆς</strong></span> <span class='ocrx_word' id='word_1_159' title='bbox 779 915 824 940; x_wconf 75' lang='grc' dir='ltr'>πί-</span> 
     </span>
    </p>
   </div>
   <div class='ocr_carea' id='block_1_20' title="bbox 39 961 827 997">
    <p class='ocr_par' dir='ltr' id='par_1_20' title="bbox 39 961 827 997">
     <span class='ocr_line' id='line_1_20' title="bbox 39 961 827 997; baseline -0.004 -8"><span class='ocrx_word' id='word_1_160' title='bbox 39 971 120 994; x_wconf 80' lang='grc' dir='ltr'>στεως</span> <span class='ocrx_word' id='word_1_161' title='bbox 144 964 177 989; x_wconf 82' lang='grc' dir='ltr'><strong>ὲκ</strong></span> <span class='ocrx_word' id='word_1_162' title='bbox 196 962 250 988; x_wconf 76' lang='grc' dir='ltr'>τῶν</span> <span class='ocrx_word' id='word_1_163' title='bbox 265 961 329 997; x_wconf 70' lang='grc' dir='ltr'>περὶ</span> <span class='ocrx_word' id='word_1_164' title='bbox 349 962 467 993; x_wconf 82' lang='grc' dir='ltr'>πίστεως</span> <span class='ocrx_word' id='word_1_165' title='bbox 492 961 682 996; x_wconf 78' lang='grc' dir='ltr'>ὲξητασμένων</span> <span class='ocrx_word' id='word_1_166' title='bbox 709 961 827 986; x_wconf 71' lang='grc' dir='ltr'>καταλά-</span> 
     </span>
    </p>
   </div>
   <div class='ocr_carea' id='block_1_21' title="bbox 40 1006 826 1044">
    <p class='ocr_par' dir='ltr' id='par_1_21' title="bbox 40 1006 826 1044">
     <span class='ocr_line' id='line_1_21' title="bbox 40 1006 826 1044; baseline -0.005 -9"><span class='ocrx_word' id='word_1_167' title='bbox 40 1009 125 1044; x_wconf 82' lang='grc' dir='ltr'>ίωμεν</span> <span class='ocrx_word' id='word_1_168' title='bbox 153 1009 222 1044; x_wconf 77' lang='grc' dir='ltr'>ἡμῖν</span> <span class='ocrx_word' id='word_1_169' title='bbox 247 1007 406 1043; x_wconf 74' lang='grc' dir='ltr'><strong>δοθήσεσθαι</strong></span> <span class='ocrx_word' id='word_1_170' title='bbox 434 1009 462 1034; x_wconf 80' lang='grc' dir='ltr'><strong>ἐν</strong></span> <span class='ocrx_word' id='word_1_171' title='bbox 487 1009 519 1043; x_wconf 78' lang='grc' dir='ltr'>τῇ</span> <span class='ocrx_word' id='word_1_172' title='bbox 540 1007 645 1043; x_wconf 76' lang='grc' dir='ltr'>μεγάλῃ</span> <span class='ocrx_word' id='word_1_173' title='bbox 670 1008 702 1033; x_wconf 82' lang='grc' dir='ltr'>ἐκ</span> <span class='ocrx_word' id='word_1_174' title='bbox 721 1006 826 1042; x_wconf 75' lang='grc' dir='ltr'>νεκρῶν</span> 
     </span>
    </p>
   </div>
   <div class='ocr_carea' id='block_1_22' title="bbox 38 1053 826 1088">
    <p class='ocr_par' dir='ltr' id='par_1_22' title="bbox 38 1053 826 1088">
     <span class='ocr_line' id='line_1_22' title="bbox 38 1053 826 1088; baseline -0.004 -7"><span class='ocrx_word' id='word_1_175' title='bbox 38 1055 184 1082; x_wconf 67' lang='grc' dir='ltr'>ἀναστάσει</span> <span class='ocrx_word' id='word_1_176' title='bbox 207 1054 253 1081; x_wconf 74' lang='grc' dir='ltr'>τοῦ</span> <span class='ocrx_word' id='word_1_177' title='bbox 274 1054 374 1086; x_wconf 79' lang='grc' dir='ltr'>παντὸς</span> <span class='ocrx_word' id='word_1_178' title='bbox 402 1053 488 1088; x_wconf 77' lang='grc' dir='ltr'>Ἰησοῦ</span> <span class='ocrx_word' id='word_1_179' title='bbox 519 1053 659 1088; x_wconf 79' lang='grc' dir='ltr'>σώματος,</span> <span class='ocrx_word' id='word_1_180' title='bbox 679 1053 729 1087; x_wconf 75' lang='grc' dir='ltr'><strong>τῆς</strong></span> <span class='ocrx_word' id='word_1_181' title='bbox 747 1053 826 1086; x_wconf 69' lang='grc' dir='ltr'>ἁγίας</span> 
     </span>
    </p>
   </div>
   <div class='ocr_carea' id='block_1_23' title="bbox 43 1099 824 1136">
    <p class='ocr_par' dir='ltr' id='par_1_23' title="bbox 43 1099 824 1136">
     <span class='ocr_line' id='line_1_23' title="bbox 43 1099 824 1136; baseline -0.004 -9"><span class='ocrx_word' id='word_1_182' title='bbox 43 1101 206 1136; x_wconf 77' lang='grc' dir='ltr'>Ἑκκλησίας</span> <span class='ocrx_word' id='word_1_183' title='bbox 222 1100 314 1127; x_wconf 74' lang='grc' dir='ltr'>αὐτοῦ.</span> <span class='ocrx_word' id='word_1_184' title='bbox 332 1101 421 1135; x_wconf 83' lang='grc' dir='ltr'>Ὅπερ</span> <span class='ocrx_word' id='word_1_185' title='bbox 435 1099 489 1134; x_wconf 77' lang='grc' dir='ltr'><strong>γὰρ</strong></span> <span class='ocrx_word' id='word_1_186' title='bbox 505 1099 550 1125; x_wconf 75' lang='grc' dir='ltr'><strong>ἐπὶ</strong></span> <span class='ocrx_word' id='word_1_187' title='bbox 568 1099 694 1133; x_wconf 82' lang='grc' dir='ltr'>γνώσεως</span> <span class='ocrx_word' id='word_1_188' title='bbox 708 1099 824 1134; x_wconf 73' lang='grc' dir='ltr'>εἴρηται·</span> 
     </span>
    </p>
   </div>
   <div class='ocr_carea' id='block_1_24' title="bbox 37 1144 827 1182">
    <p class='ocr_par' dir='ltr' id='par_1_24' title="bbox 37 1144 827 1182">
     <span class='ocr_line' id='line_1_24' title="bbox 37 1144 827 1182; baseline -0.001 -11"><span class='ocrx_word' id='word_1_189' title='bbox 37 1157 45 1171; x_wconf 73' lang='grc' dir='ltr'><strong>ι</strong></span> <span class='ocrx_word' id='word_1_190' title='bbox 59 1148 136 1182; x_wconf 76' lang='grc' dir='ltr'>Ἄρτι</span> <span class='ocrx_word' id='word_1_191' title='bbox 164 1145 295 1180; x_wconf 81' lang='grc' dir='ltr'>γινώσκω</span> <span class='ocrx_word' id='word_1_192' title='bbox 317 1147 350 1173; x_wconf 81' lang='grc' dir='ltr'><strong>ὲκ</strong></span> <span class='ocrx_word' id='word_1_193' title='bbox 373 1146 481 1181; x_wconf 80' lang='grc' dir='ltr'><strong>μέρους,</strong></span> <span class='ocrx_word' id='word_1_194' title='bbox 498 1155 507 1170; x_wconf 89' lang='lat'><strong>1</strong></span> <span class='ocrx_word' id='word_1_195' title='bbox 526 1145 585 1172; x_wconf 84' lang='grc' dir='ltr'>τόδε</span> <span class='ocrx_word' id='word_1_196' title='bbox 607 1145 653 1172; x_wconf 73' lang='grc' dir='ltr'>καὶ</span> <span class='ocrx_word' id='word_1_197' title='bbox 669 1146 713 1171; x_wconf 76' lang='grc' dir='ltr'><strong>ἐπὶ</strong></span> <span class='ocrx_word' id='word_1_198' title='bbox 727 1144 827 1176; x_wconf 70' lang='grc' dir='ltr'>παντὸς</span> 
     </span>
    </p>
   </div>
   <div class='ocr_carea' id='block_1_25' title="bbox 34 1188 826 1227">
    <p class='ocr_par' dir='ltr' id='par_1_25' title="bbox 34 1188 826 1227">
     <span class='ocr_line' id='line_1_25' title="bbox 34 1188 826 1227; baseline -0.001 -9"><span class='ocrx_word' id='word_1_199' title='bbox 34 1191 113 1218; x_wconf 74' lang='grc' dir='ltr'>καλοῦ</span> <span class='ocrx_word' id='word_1_200' title='bbox 138 1191 287 1218; x_wconf 74' lang='grc' dir='ltr'>ἀκόλουθον</span> <span class='ocrx_word' id='word_1_201' title='bbox 308 1189 383 1227; x_wconf 77' lang='grc' dir='ltr'>οἶμαι</span> <span class='ocrx_word' id='word_1_202' title='bbox 401 1191 506 1226; x_wconf 78' lang='grc' dir='ltr'>λέγειν·</span> <span class='ocrx_word' id='word_1_203' title='bbox 530 1188 560 1217; x_wconf 78' lang='grc' dir='ltr'>ἓν</span> <span class='ocrx_word' id='word_1_204' title='bbox 583 1191 611 1217; x_wconf 82' lang='grc' dir='ltr'><strong>δὲ</strong></span> <span class='ocrx_word' id='word_1_205' title='bbox 633 1190 688 1217; x_wconf 84' lang='grc' dir='ltr'>τῶν</span> <span class='ocrx_word' id='word_1_206' title='bbox 708 1191 826 1226; x_wconf 75' lang='grc' dir='ltr'>ἄλλωνὴ</span> 
     </span>
    </p>
   </div>
   <div class='ocr_carea' id='block_1_26' title="bbox 34 1236 827 1274">
    <p class='ocr_par' dir='ltr' id='par_1_26' title="bbox 34 1236 827 1274">
     <span class='ocr_line' id='line_1_26' title="bbox 34 1236 827 1274; baseline -0.003 -10"><span class='ocrx_word' id='word_1_207' title='bbox 34 1239 130 1270; x_wconf 77' lang='grc' dir='ltr'>πὶστις,</span> <span class='ocrx_word' id='word_1_208' title='bbox 148 1238 262 1274; x_wconf 83' lang='grc' dir='ltr'><strong>Διόπερ,</strong></span> <span class='ocrx_word' id='word_1_209' title='bbox 282 1247 291 1262; x_wconf 76' lang='grc' dir='ltr'><strong>ι</strong></span> <span class='ocrx_word' id='word_1_210' title='bbox 310 1237 388 1274; x_wconf 81' lang='grc' dir='ltr'><strong>ΙἈρτι</strong></span> <span class='ocrx_word' id='word_1_211' title='bbox 407 1247 416 1262; x_wconf 82' lang='grc' dir='ltr'><strong>ι</strong></span> <span class='ocrx_word' id='word_1_212' title='bbox 432 1237 570 1264; x_wconf 77' lang='grc' dir='ltr'>πιστεύω(</span> <span class='ocrx_word' id='word_1_213' title='bbox 591 1238 622 1263; x_wconf 81' lang='grc' dir='ltr'>ἐκ</span> <span class='ocrx_word' id='word_1_214' title='bbox 638 1238 746 1273; x_wconf 81' lang='grc' dir='ltr'>μέρους·</span> <span class='ocrx_word' id='word_1_215' title='bbox 763 1236 827 1262; x_wconf 83' lang='grc' dir='ltr'>ὅταν</span> 
     </span>
    </p>
   </div>
   <div class='ocr_carea' id='block_1_27' title="bbox 29 1282 827 1319">
    <p class='ocr_par' dir='ltr' id='par_1_27' title="bbox 29 1282 827 1319">
     <span class='ocr_line' id='line_1_27' title="bbox 29 1282 827 1319; baseline -0.003 -10"><span class='ocrx_word' id='word_1_216' title='bbox 29 1283 56 1310; x_wconf 72' lang='lat'><strong>6&#39;;</strong></span> <span class='ocrx_word' id='word_1_217' title='bbox 69 1284 134 1319; x_wconf 76' lang='grc' dir='ltr'>ἔλθῃ</span> <span class='ocrx_word' id='word_1_218' title='bbox 152 1284 187 1310; x_wconf 77' lang='grc' dir='ltr'>τὸ</span> <span class='ocrx_word' id='word_1_219' title='bbox 209 1284 312 1310; x_wconf 79' lang='grc' dir='ltr'>τέλειον</span> <span class='ocrx_word' id='word_1_220' title='bbox 332 1293 341 1309; x_wconf 85' lang='lat'><strong>1</strong></span> <span class='ocrx_word' id='word_1_221' title='bbox 369 1283 418 1319; x_wconf 80' lang='grc' dir='ltr'><strong>τῆς</strong></span> <span class='ocrx_word' id='word_1_222' title='bbox 444 1282 576 1314; x_wconf 81' lang='grc' dir='ltr'>πίστεως,</span> <span class='ocrx_word' id='word_1_223' title='bbox 591 1292 600 1307; x_wconf 80' lang='grc' dir='ltr'><strong>ι</strong></span> <span class='ocrx_word' id='word_1_224' title='bbox 625 1282 655 1308; x_wconf 84' lang='grc' dir='ltr'>τὸ</span> <span class='ocrx_word' id='word_1_225' title='bbox 676 1283 709 1308; x_wconf 70' lang='grc' dir='ltr'><strong>ἐκ</strong></span> <span class='ocrx_word' id='word_1_226' title='bbox 729 1282 827 1318; x_wconf 74' lang='grc' dir='ltr'>μέρους</span> 
     </span>
    </p>
   </div>
   <div class='ocr_carea' id='block_1_28' title="bbox 30 1328 827 1365">
    <p class='ocr_par' dir='ltr' id='par_1_28' title="bbox 30 1328 827 1365">
     <span class='ocr_line' id='line_1_28' title="bbox 30 1328 827 1365; baseline -0.003 -10"><span class='ocrx_word' id='word_1_227' title='bbox 30 1329 306 1365; x_wconf 66' lang='grc' dir='ltr'><strong>καταργηθήσεται.»</strong></span> <span class='ocrx_word' id='word_1_228' title='bbox 334 1329 383 1364; x_wconf 68' lang='grc' dir='ltr'><strong>τῆς</strong></span> <span class='ocrx_word' id='word_1_229' title='bbox 407 1329 451 1355; x_wconf 74' lang='grc' dir='ltr'><strong>διὰ</strong></span> <span class='ocrx_word' id='word_1_230' title='bbox 480 1329 565 1360; x_wconf 78' lang='grc' dir='ltr'>εἴδους</span> <span class='ocrx_word' id='word_1_231' title='bbox 593 1329 710 1359; x_wconf 80' lang='grc' dir='ltr'>πίστεως</span> <span class='ocrx_word' id='word_1_232' title='bbox 738 1328 827 1363; x_wconf 79' lang='grc' dir='ltr'>πολλῷ</span> 
     </span>
    </p>
   </div>
   <div class='ocr_carea' id='block_1_29' title="bbox 26 1374 827 1412">
    <p class='ocr_par' dir='ltr' id='par_1_29' title="bbox 26 1374 827 1412">
     <span class='ocr_line' id='line_1_29' title="bbox 26 1374 827 1412; baseline -0.001 -11"><span class='ocrx_word' id='word_1_233' title='bbox 26 1375 216 1412; x_wconf 67' lang='grc' dir='ltr'>διαφερούσης</span> <span class='ocrx_word' id='word_1_234' title='bbox 233 1375 293 1410; x_wconf 81' lang='grc' dir='ltr'><strong>τῆς,</strong></span> <span class='ocrx_word' id='word_1_235' title='bbox 308 1375 341 1401; x_wconf 86' lang='grc' dir='ltr'><strong>ἶν’</strong></span> <span class='ocrx_word' id='word_1_236' title='bbox 353 1374 438 1406; x_wconf 67' lang='grc' dir='ltr'>οὕτως</span> <span class='ocrx_word' id='word_1_237' title='bbox 451 1374 530 1406; x_wconf 82' lang='grc' dir='ltr'>εἴπω,</span> <span class='ocrx_word' id='word_1_238' title='bbox 544 1375 577 1401; x_wconf 83' lang='grc' dir='ltr'><strong>δι’</strong></span> <span class='ocrx_word' id='word_1_239' title='bbox 594 1375 724 1410; x_wconf 74' lang='grc' dir='ltr'>ἐσόπτρου</span> <span class='ocrx_word' id='word_1_240' title='bbox 737 1375 785 1402; x_wconf 68' lang='grc' dir='ltr'><strong>καὶ</strong></span> <span class='ocrx_word' id='word_1_241' title='bbox 799 1376 827 1401; x_wconf 81' lang='grc' dir='ltr'>ὲν</span> 
     </span>
    </p>
   </div>
   <div class='ocr_carea' id='block_1_30' title="bbox 29 1420 684 1457">
    <p class='ocr_par' dir='ltr' id='par_1_30' title="bbox 29 1420 684 1457">
     <span class='ocr_line' id='line_1_30' title="bbox 29 1420 684 1457; baseline -0.002 -9"><span class='ocrx_word' id='word_1_242' title='bbox 29 1422 187 1457; x_wconf 77' lang='grc' dir='ltr'><strong>αἰνίγματι,</strong></span> <span class='ocrx_word' id='word_1_243' title='bbox 200 1422 303 1457; x_wconf 84' lang='grc' dir='ltr'>ὁμοίως</span> <span class='ocrx_word' id='word_1_244' title='bbox 316 1422 350 1457; x_wconf 80' lang='grc' dir='ltr'>τῇ</span> <span class='ocrx_word' id='word_1_245' title='bbox 367 1421 415 1448; x_wconf 80' lang='grc' dir='ltr'>νῦν</span> <span class='ocrx_word' id='word_1_246' title='bbox 435 1420 544 1455; x_wconf 85' lang='grc' dir='ltr'>γνώσει,</span> <span class='ocrx_word' id='word_1_247' title='bbox 557 1421 684 1452; x_wconf 80' lang='grc' dir='ltr'>πίστεως.</span> 
     </span>
    </p>
   </div>
   <div class='ocr_carea' id='block_1_31' title="bbox 54 1556 829 1594">
    <p class='ocr_par' dir='ltr' id='par_1_31' title="bbox 54 1556 829 1594">
     <span class='ocr_line' id='line_1_31' title="bbox 54 1556 829 1594; baseline -0.004 -7"><span class='ocrx_word' id='word_1_248' title='bbox 54 1559 102 1587; x_wconf 76' lang='grc'><strong>28.</strong></span> <span class='ocrx_word' id='word_1_249' title='bbox 123 1570 134 1585; x_wconf 77' lang='grc' dir='ltr'>ί</span> <span class='ocrx_word' id='word_1_250' title='bbox 150 1559 199 1590; x_wconf 82' lang='grc' dir='ltr'><strong>Ὠς</strong></span> <span class='ocrx_word' id='word_1_251' title='bbox 209 1558 239 1585; x_wconf 76' lang='grc' dir='ltr'><strong>δὲ</strong></span> <span class='ocrx_word' id='word_1_252' title='bbox 254 1556 288 1593; x_wconf 81' lang='grc' dir='ltr'>ἦν</span> <span class='ocrx_word' id='word_1_253' title='bbox 306 1559 334 1584; x_wconf 80' lang='grc' dir='ltr'>ἐν</span> <span class='ocrx_word' id='word_1_254' title='bbox 351 1560 406 1590; x_wconf 83' lang='grc' dir='ltr'>τοῖς</span> <span class='ocrx_word' id='word_1_255' title='bbox 420 1558 616 1594; x_wconf 81' lang='grc' dir='ltr'>Ἰεροσολύμοις</span> <span class='ocrx_word' id='word_1_256' title='bbox 631 1559 660 1584; x_wconf 80' lang='grc' dir='ltr'>ἐν</span> <span class='ocrx_word' id='word_1_257' title='bbox 672 1557 711 1593; x_wconf 77' lang='grc' dir='ltr'>τῷ</span> <span class='ocrx_word' id='word_1_258' title='bbox 723 1558 829 1594; x_wconf 82' lang='grc' dir='ltr'><strong>Πάσχα,</strong></span> 
     </span>
    </p>
   </div>
   <div class='ocr_carea' id='block_1_32' title="bbox 19 1603 840 1643">
    <p class='ocr_par' dir='ltr' id='par_1_32' title="bbox 19 1603 840 1643">
     <span class='ocr_line' id='line_1_32' title="bbox 19 1603 840 1643; baseline -0.004 -11"><span class='ocrx_word' id='word_1_259' title='bbox 19 1606 47 1632; x_wconf 79' lang='grc' dir='ltr'>ἐν</span> <span class='ocrx_word' id='word_1_260' title='bbox 58 1608 92 1641; x_wconf 84' lang='grc' dir='ltr'>τῇ</span> <span class='ocrx_word' id='word_1_261' title='bbox 110 1607 217 1642; x_wconf 77' lang='grc' dir='ltr'>ἑορτῇ,</span> <span class='ocrx_word' id='word_1_262' title='bbox 243 1604 335 1632; x_wconf 76' lang='grc' dir='ltr'>πολλοὶ</span> <span class='ocrx_word' id='word_1_263' title='bbox 356 1605 518 1631; x_wconf 79' lang='grc' dir='ltr'>ἐπίστευσαν</span> <span class='ocrx_word' id='word_1_264' title='bbox 532 1605 572 1636; x_wconf 82' lang='grc' dir='ltr'>εἰς</span> <span class='ocrx_word' id='word_1_265' title='bbox 587 1603 617 1630; x_wconf 79' lang='grc' dir='ltr'>τὸ</span> <span class='ocrx_word' id='word_1_266' title='bbox 633 1603 718 1639; x_wconf 76' lang='grc' dir='ltr'>ὄνομα</span> <span class='ocrx_word' id='word_1_267' title='bbox 735 1604 840 1643; x_wconf 37' lang='grc' dir='ltr'>αύτοῦκ</span> 
     </span>
    </p>
   </div>
   <div class='ocr_carea' id='block_1_33' title="bbox 15 1650 832 1689">
    <p class='ocr_par' dir='ltr' id='par_1_33' title="bbox 15 1650 832 1689">
     <span class='ocr_line' id='line_1_33' title="bbox 15 1650 832 1689; baseline -0.001 -12"><span class='ocrx_word' id='word_1_268' title='bbox 15 1652 202 1689; x_wconf 72' lang='grc' dir='ltr'>Θεωροῦντες</span> <span class='ocrx_word' id='word_1_269' title='bbox 226 1651 309 1678; x_wconf 73' lang='grc' dir='ltr'>αὐτοῦ</span> <span class='ocrx_word' id='word_1_270' title='bbox 327 1652 361 1678; x_wconf 82' lang='grc' dir='ltr'>τὰ</span> <span class='ocrx_word' id='word_1_271' title='bbox 381 1653 500 1686; x_wconf 80' lang='grc' dir='ltr'>σημεῖα,</span> <span class='ocrx_word' id='word_1_272' title='bbox 518 1650 535 1677; x_wconf 80' lang='grc' dir='ltr'>ἃ</span> <span class='ocrx_word' id='word_1_273' title='bbox 551 1651 647 1677; x_wconf 78' lang='grc' dir='ltr'>ἐποίει.</span> <span class='ocrx_word' id='word_1_274' title='bbox 669 1650 756 1682; x_wconf 83' lang='grc' dir='ltr'>Λὺτὸς</span> <span class='ocrx_word' id='word_1_275' title='bbox 772 1650 801 1676; x_wconf 84' lang='grc' dir='ltr'><strong>δὲ</strong></span> <span class='ocrx_word' id='word_1_276' title='bbox 818 1652 832 1677; x_wconf 77' lang='grc' dir='ltr'>ὁ</span> 
     </span>
    </p>
   </div>
   <div class='ocr_carea' id='block_1_34' title="bbox 21 1695 831 1734">
    <p class='ocr_par' dir='ltr' id='par_1_34' title="bbox 21 1695 831 1734">
     <span class='ocr_line' id='line_1_34' title="bbox 21 1695 831 1734; baseline -0.004 -10"><span class='ocrx_word' id='word_1_277' title='bbox 21 1698 133 1734; x_wconf 81' lang='grc' dir='ltr'><strong>Ἰησοῦς</strong></span> <span class='ocrx_word' id='word_1_278' title='bbox 150 1699 210 1725; x_wconf 78' lang='grc' dir='ltr'><strong>οὐκ</strong></span> <span class='ocrx_word' id='word_1_279' title='bbox 231 1697 389 1724; x_wconf 75' lang='grc' dir='ltr'>ἐπίστευσεν</span> <span class='ocrx_word' id='word_1_280' title='bbox 411 1697 492 1723; x_wconf 78' lang='grc' dir='ltr'>αὑτὸν</span> <span class='ocrx_word' id='word_1_281' title='bbox 519 1697 610 1728; x_wconf 74' lang='grc' dir='ltr'>αὐτοῖς</span> <span class='ocrx_word' id='word_1_282' title='bbox 638 1696 682 1722; x_wconf 73' lang='grc' dir='ltr'><strong>διὰ</strong></span> <span class='ocrx_word' id='word_1_283' title='bbox 704 1696 734 1722; x_wconf 83' lang='grc' dir='ltr'><strong>τὸ</strong></span> <span class='ocrx_word' id='word_1_284' title='bbox 750 1695 831 1722; x_wconf 74' lang='grc' dir='ltr'>αὑτὸν</span> 
     </span>
    </p>
   </div>
   <div class='ocr_carea' id='block_1_35' title="bbox 14 1741 831 1778">
    <p class='ocr_par' dir='ltr' id='par_1_35' title="bbox 14 1741 831 1778">
     <span class='ocr_line' id='line_1_35' title="bbox 14 1741 831 1778; baseline -0.004 -7"><span class='ocrx_word' id='word_1_285' title='bbox 14 1744 175 1777; x_wconf 60' lang='grc' dir='ltr'>γινώσκειν</span> <span class='ocrx_word' id='word_1_286' title='bbox 194 1743 321 1774; x_wconf 77' lang='grc' dir='ltr'>πάντας,</span> <span class='ocrx_word' id='word_1_287' title='bbox 348 1743 394 1769; x_wconf 76' lang='grc' dir='ltr'>καὶ</span> <span class='ocrx_word' id='word_1_288' title='bbox 414 1743 455 1769; x_wconf 79' lang='grc' dir='ltr'>ὅτι</span> <span class='ocrx_word' id='word_1_289' title='bbox 470 1743 501 1769; x_wconf 82' lang='grc' dir='ltr'>οὐ</span> <span class='ocrx_word' id='word_1_290' title='bbox 521 1742 615 1778; x_wconf 79' lang='grc' dir='ltr'>χρείαν</span> <span class='ocrx_word' id='word_1_291' title='bbox 630 1741 712 1777; x_wconf 79' lang='grc' dir='ltr'>εἶχεν,</span> <span class='ocrx_word' id='word_1_292' title='bbox 730 1742 774 1768; x_wconf 84' lang='grc' dir='ltr'><strong>ἵνα</strong></span> <span class='ocrx_word' id='word_1_293' title='bbox 790 1751 831 1773; x_wconf 86' lang='grc' dir='ltr'>τις</span> 
     </span>
    </p>
   </div>
   <div class='ocr_carea' id='block_1_36' title="bbox 16 1787 831 1825">
    <p class='ocr_par' dir='ltr' id='par_1_36' title="bbox 16 1787 831 1825">
     <span class='ocr_line' id='line_1_36' title="bbox 16 1787 831 1825; baseline -0.002 -10"><span class='ocrx_word' id='word_1_294' title='bbox 16 1790 200 1825; x_wconf 59' lang='grc' dir='ltr'>μαρτυρήσῃ</span> <span class='ocrx_word' id='word_1_295' title='bbox 218 1789 284 1824; x_wconf 78' lang='grc' dir='ltr'>περὶ</span> <span class='ocrx_word' id='word_1_296' title='bbox 299 1787 453 1824; x_wconf 79' lang='grc' dir='ltr'>ἀνθρώπου.</span> <span class='ocrx_word' id='word_1_297' title='bbox 471 1788 556 1819; x_wconf 72' lang='grc' dir='ltr'><strong>Αὐτὸς</strong></span> <span class='ocrx_word' id='word_1_298' title='bbox 581 1787 635 1823; x_wconf 83' lang='grc' dir='ltr'>γὰρ</span> <span class='ocrx_word' id='word_1_299' title='bbox 659 1788 789 1821; x_wconf 78' lang='grc' dir='ltr'>ἐγίνωσκε</span> <span class='ocrx_word' id='word_1_300' title='bbox 805 1787 831 1813; x_wconf 87' lang='grc' dir='ltr'><strong>τί</strong></span> 
     </span>
    </p>
   </div>
   <div class='ocr_carea' id='block_1_37' title="bbox 12 1832 832 1872">
    <p class='ocr_par' dir='ltr' id='par_1_37' title="bbox 12 1832 832 1872">
     <span class='ocr_line' id='line_1_37' title="bbox 12 1832 832 1872; baseline -0.006 -9"><span class='ocrx_word' id='word_1_301' title='bbox 12 1834 44 1872; x_wconf 69' lang='grc' dir='ltr'>ἦν</span> <span class='ocrx_word' id='word_1_302' title='bbox 60 1837 94 1863; x_wconf 87' lang='grc' dir='ltr'>ἐν</span> <span class='ocrx_word' id='word_1_303' title='bbox 110 1836 156 1872; x_wconf 79' lang='grc' dir='ltr'>τῷ</span> <span class='ocrx_word' id='word_1_304' title='bbox 178 1834 323 1870; x_wconf 79' lang='grc' dir='ltr'>ἀνθρώπῳ</span> <span class='ocrx_word' id='word_1_305' title='bbox 340 1833 405 1869; x_wconf 85' lang='grc'>(68).</span> <span class='ocrx_word' id='word_1_306' title='bbox 427 1843 435 1859; x_wconf 89' lang='lat'><strong>1</strong></span> <span class='ocrx_word' id='word_1_307' title='bbox 461 1834 581 1868; x_wconf 84' lang='grc' dir='ltr'>Ζητήσαι</span> <span class='ocrx_word' id='word_1_308' title='bbox 594 1841 636 1864; x_wconf 88' lang='grc' dir='ltr'><strong>τις</strong></span> <span class='ocrx_word' id='word_1_309' title='bbox 651 1832 684 1859; x_wconf 78' lang='grc' dir='ltr'><strong>ἂν</strong></span> <span class='ocrx_word' id='word_1_310' title='bbox 702 1832 760 1863; x_wconf 76' lang='grc' dir='ltr'>πῶς</span> <span class='ocrx_word' id='word_1_311' title='bbox 777 1833 832 1863; x_wconf 79' lang='grc' dir='ltr'><strong>τοῖς</strong></span> 
     </span>
    </p>
   </div>
   <div class='ocr_carea' id='block_1_38' title="bbox 15 1877 832 1918">
    <p class='ocr_par' dir='ltr' id='par_1_38' title="bbox 15 1877 832 1918">
     <span class='ocr_line' id='line_1_38' title="bbox 15 1877 832 1918; baseline -0.009 -9"><span class='ocrx_word' id='word_1_312' title='bbox 15 1881 299 1918; x_wconf 68' lang='grc' dir='ltr'>ιεμαρτυρημένοις</span> <span class='ocrx_word' id='word_1_313' title='bbox 322 1880 478 1911; x_wconf 80' lang='grc' dir='ltr'>πιστεύειν,</span> <span class='ocrx_word' id='word_1_314' title='bbox 502 1878 596 1904; x_wconf 77' lang='grc' dir='ltr'>ἑαυτὸν</span> <span class='ocrx_word' id='word_1_315' title='bbox 621 1878 672 1904; x_wconf 80' lang='grc' dir='ltr'>οὑκ</span> <span class='ocrx_word' id='word_1_316' title='bbox 690 1877 832 1903; x_wconf 79' lang='grc' dir='ltr'>ἐπίστευεν</span> 
     </span>
    </p>
   </div>
   <div class='ocr_carea' id='block_1_39' title="bbox 15 1924 832 1964">
    <p class='ocr_par' dir='ltr' id='par_1_39' title="bbox 15 1924 832 1964">
     <span class='ocr_line' id='line_1_39' title="bbox 15 1924 832 1964; baseline -0.007 -9"><span class='ocrx_word' id='word_1_317' title='bbox 15 1928 62 1964; x_wconf 81' lang='grc'><strong>69)</strong></span> <span class='ocrx_word' id='word_1_318' title='bbox 77 1930 94 1956; x_wconf 84' lang='grc' dir='ltr'><em>ὁ</em></span> <span class='ocrx_word' id='word_1_319' title='bbox 119 1927 256 1963; x_wconf 75' lang='grc' dir='ltr'><strong>Ἰησοῦς.</strong></span> <span class='ocrx_word' id='word_1_320' title='bbox 271 1925 387 1952; x_wconf 81' lang='grc' dir='ltr'>Λεκτέον</span> <span class='ocrx_word' id='word_1_321' title='bbox 400 1925 428 1951; x_wconf 80' lang='grc' dir='ltr'><strong>δὲ</strong></span> <span class='ocrx_word' id='word_1_322' title='bbox 444 1924 511 1960; x_wconf 69' lang='grc' dir='ltr'>πρὸς</span> <span class='ocrx_word' id='word_1_323' title='bbox 527 1924 615 1956; x_wconf 75' lang='grc' dir='ltr'>τοῦτο,</span> <span class='ocrx_word' id='word_1_324' title='bbox 640 1925 680 1950; x_wconf 75' lang='grc' dir='ltr'><strong>ὅτι</strong></span> <span class='ocrx_word' id='word_1_325' title='bbox 703 1924 763 1959; x_wconf 73' lang='grc' dir='ltr'>οὐχὶ</span> <span class='ocrx_word' id='word_1_326' title='bbox 777 1924 832 1955; x_wconf 77' lang='grc' dir='ltr'>τοῖς</span> 
     </span>
    </p>
   </div>
   <div class='ocr_carea' id='block_1_40' title="bbox 14 1969 831 2005">
    <p class='ocr_par' dir='ltr' id='par_1_40' title="bbox 14 1969 831 2005">
     <span class='ocr_line' id='line_1_40' title="bbox 14 1969 831 2005; baseline -0.007 -4"><span class='ocrx_word' id='word_1_327' title='bbox 14 1975 212 2001; x_wconf 69' lang='grc' dir='ltr'>πιστεύουσιν</span> <span class='ocrx_word' id='word_1_328' title='bbox 230 1972 269 2003; x_wconf 80' lang='grc' dir='ltr'><strong>εἰς</strong></span> <span class='ocrx_word' id='word_1_329' title='bbox 285 1971 366 1998; x_wconf 75' lang='grc' dir='ltr'>αὐτὸν</span> <span class='ocrx_word' id='word_1_330' title='bbox 381 1971 411 1997; x_wconf 78' lang='grc' dir='ltr'>οὐ</span> <span class='ocrx_word' id='word_1_331' title='bbox 429 1970 551 1997; x_wconf 81' lang='grc' dir='ltr'>πιστεύει</span> <span class='ocrx_word' id='word_1_332' title='bbox 569 1970 664 1996; x_wconf 73' lang='grc' dir='ltr'>ἑαυτὸν</span> <span class='ocrx_word' id='word_1_333' title='bbox 684 1971 697 1994; x_wconf 76' lang='grc' dir='ltr'>ὁ</span> <span class='ocrx_word' id='word_1_334' title='bbox 718 1969 831 2005; x_wconf 74' lang='grc' dir='ltr'><strong>Ἰησοῦς,</strong></span> 
     </span>
    </p>
   </div>
   <div class='ocr_carea' id='block_1_41' title="bbox 13 2015 833 2051">
    <p class='ocr_par' dir='ltr' id='par_1_41' title="bbox 13 2015 833 2051">
     <span class='ocr_line' id='line_1_41' title="bbox 13 2015 833 2051; baseline -0.005 -6"><span class='ocrx_word' id='word_1_335' title='bbox 13 2021 74 2047; x_wconf 55' lang='lat' dir='ltr'><strong>alii</strong></span> <span class='ocrx_word' id='word_1_336' title='bbox 103 2021 176 2051; x_wconf 82' lang='grc' dir='ltr'>τοῖς</span> <span class='ocrx_word' id='word_1_337' title='bbox 213 2016 390 2044; x_wconf 81' lang='grc' dir='ltr'>πιστεύουσιν</span> <span class='ocrx_word' id='word_1_338' title='bbox 402 2018 442 2047; x_wconf 83' lang='grc' dir='ltr'><strong>εἱς</strong></span> <span class='ocrx_word' id='word_1_339' title='bbox 460 2017 491 2042; x_wconf 81' lang='grc' dir='ltr'>τὺ</span> <span class='ocrx_word' id='word_1_340' title='bbox 503 2017 588 2051; x_wconf 75' lang='grc' dir='ltr'>ὄνομα</span> <span class='ocrx_word' id='word_1_341' title='bbox 601 2015 693 2043; x_wconf 76' lang='grc' dir='ltr'>αὑτοῦ·</span> <span class='ocrx_word' id='word_1_342' title='bbox 709 2015 833 2050; x_wconf 72' lang='grc' dir='ltr'>διαφέρει</span> 
     </span>
    </p>
   </div>
   <div class='ocr_carea' id='block_1_42' title="bbox 17 2062 833 2102">
    <p class='ocr_par' dir='ltr' id='par_1_42' title="bbox 17 2062 833 2102">
     <span class='ocr_line' id='line_1_42' title="bbox 17 2062 833 2102; baseline -0.009 -8"><span class='ocrx_word' id='word_1_343' title='bbox 17 2067 54 2102; x_wconf 70' lang='grc' dir='ltr'>ἂρ</span> <span class='ocrx_word' id='word_1_344' title='bbox 72 2067 131 2094; x_wconf 77' lang='grc' dir='ltr'>τοῦ</span> <span class='ocrx_word' id='word_1_345' title='bbox 163 2064 318 2092; x_wconf 72' lang='grc' dir='ltr'>πιστεύειν</span> <span class='ocrx_word' id='word_1_346' title='bbox 342 2065 381 2094; x_wconf 80' lang='grc' dir='ltr'><strong>είς</strong></span> <span class='ocrx_word' id='word_1_347' title='bbox 398 2063 478 2089; x_wconf 80' lang='grc' dir='ltr'>αὑτὸν</span> <span class='ocrx_word' id='word_1_348' title='bbox 492 2063 522 2088; x_wconf 81' lang='grc' dir='ltr'><strong>τὸ</strong></span> <span class='ocrx_word' id='word_1_349' title='bbox 539 2063 676 2089; x_wconf 76' lang='grc' dir='ltr'>πιστεύειν</span> <span class='ocrx_word' id='word_1_350' title='bbox 693 2063 731 2093; x_wconf 77' lang='grc' dir='ltr'><strong>εἰς</strong></span> <span class='ocrx_word' id='word_1_351' title='bbox 748 2062 833 2096; x_wconf 72' lang='grc' dir='ltr'>ὄνομα</span> 
     </span>
    </p>
   </div>
   <div class='ocr_carea' id='block_1_43' title="bbox 16 2108 834 2146">
    <p class='ocr_par' dir='ltr' id='par_1_43' title="bbox 16 2108 834 2146">
     <span class='ocr_line' id='line_1_43' title="bbox 16 2108 834 2146; baseline -0.004 -8"><span class='ocrx_word' id='word_1_352' title='bbox 16 2113 100 2140; x_wconf 64' lang='grc' dir='ltr'><strong>ἱστοῦ,</strong></span> <span class='ocrx_word' id='word_1_353' title='bbox 132 2113 170 2140; x_wconf 87' lang='lat'><strong>&#39;0</strong></span> <span class='ocrx_word' id='word_1_354' title='bbox 189 2110 265 2146; x_wconf 75' lang='grc' dir='ltr'>γοῦν</span> <span class='ocrx_word' id='word_1_355' title='bbox 281 2110 326 2136; x_wconf 72' lang='grc' dir='ltr'><strong>διὰ</strong></span> <span class='ocrx_word' id='word_1_356' title='bbox 343 2110 434 2136; x_wconf 82' lang='grc' dir='ltr'>πίστιν</span> <span class='ocrx_word' id='word_1_357' title='bbox 456 2110 493 2146; x_wconf 82' lang='grc' dir='ltr'>μὴ</span> <span class='ocrx_word' id='word_1_358' title='bbox 508 2109 705 2145; x_wconf 76' lang='grc' dir='ltr'>κριθησόμενος</span> <span class='ocrx_word' id='word_1_359' title='bbox 731 2108 769 2144; x_wconf 82' lang='grc' dir='ltr'>τῷ</span> <span class='ocrx_word' id='word_1_360' title='bbox 794 2110 834 2140; x_wconf 84' lang='grc' dir='ltr'><strong>εἰς</strong></span> 
     </span>
    </p>
   </div>
   <div class='ocr_carea' id='block_1_44' title="bbox 12 2155 834 2191">
    <p class='ocr_par' dir='ltr' id='par_1_44' title="bbox 12 2155 834 2191">
     <span class='ocr_line' id='line_1_44' title="bbox 12 2155 834 2191; baseline -0.006 -5"><span class='ocrx_word' id='word_1_361' title='bbox 12 2159 83 2185; x_wconf 70' lang='grc' dir='ltr'>ὑτδν</span> <span class='ocrx_word' id='word_1_362' title='bbox 117 2155 287 2185; x_wconf 80' lang='grc' dir='ltr'>πιστεύειν</span> <span class='ocrx_word' id='word_1_363' title='bbox 307 2155 338 2181; x_wconf 74' lang='grc' dir='ltr'><strong>οὐ</strong></span> <span class='ocrx_word' id='word_1_364' title='bbox 361 2155 493 2191; x_wconf 82' lang='grc' dir='ltr'>κρίνεται,</span> <span class='ocrx_word' id='word_1_365' title='bbox 509 2155 570 2191; x_wconf 64' lang='grc' dir='ltr'>οὐχ)</span> <span class='ocrx_word' id='word_1_366' title='bbox 591 2155 618 2182; x_wconf 76' lang='grc' dir='ltr'>δὲ</span> <span class='ocrx_word' id='word_1_367' title='bbox 638 2155 678 2187; x_wconf 76' lang='grc' dir='ltr'><strong>εἰς</strong></span> <span class='ocrx_word' id='word_1_368' title='bbox 699 2155 728 2181; x_wconf 72' lang='grc' dir='ltr'>τὸ</span> <span class='ocrx_word' id='word_1_369' title='bbox 749 2155 834 2190; x_wconf 74' lang='grc' dir='ltr'>ὗνομα</span> 
     </span>
    </p>
   </div>
   <div class='ocr_carea' id='block_1_45' title="bbox 13 2201 830 2240">
    <p class='ocr_par' dir='ltr' id='par_1_45' title="bbox 13 2201 830 2240">
     <span class='ocr_line' id='line_1_45' title="bbox 13 2201 830 2240; baseline -0.006 -8"><span class='ocrx_word' id='word_1_370' title='bbox 13 2205 96 2232; x_wconf 61' lang='lat' dir='ltr'><strong>Sta-3&#39;</strong></span> <span class='ocrx_word' id='word_1_371' title='bbox 119 2203 207 2240; x_wconf 70' lang='grc' dir='ltr'>φησὶ</span> <span class='ocrx_word' id='word_1_372' title='bbox 228 2202 285 2237; x_wconf 76' lang='grc' dir='ltr'><strong>γὰρ</strong></span> <span class='ocrx_word' id='word_1_373' title='bbox 296 2202 310 2227; x_wconf 84' lang='grc' dir='ltr'><strong>ό</strong></span> <span class='ocrx_word' id='word_1_374' title='bbox 325 2201 442 2237; x_wconf 83' lang='grc' dir='ltr'>Κύριος·</span> <span class='ocrx_word' id='word_1_375' title='bbox 459 2211 468 2226; x_wconf 78' lang='grc' dir='ltr'><strong>ι</strong></span> <span class='ocrx_word' id='word_1_376' title='bbox 487 2202 516 2228; x_wconf 81' lang='lat'>&#39;0</span> <span class='ocrx_word' id='word_1_377' title='bbox 534 2201 667 2228; x_wconf 75' lang='grc' dir='ltr'>πιστεύων</span> <span class='ocrx_word' id='word_1_378' title='bbox 684 2201 722 2233; x_wconf 82' lang='grc' dir='ltr'>είς</span> <span class='ocrx_word' id='word_1_379' title='bbox 737 2201 787 2236; x_wconf 79' lang='grc' dir='ltr'><strong>ἐμὲ</strong></span> <span class='ocrx_word' id='word_1_380' title='bbox 800 2201 830 2227; x_wconf 80' lang='grc' dir='ltr'>οὐ</span> 
     </span>
    </p>
   </div>
   <div class='ocr_carea' id='block_1_46' title="bbox 11 2246 830 2282">
    <p class='ocr_par' dir='ltr' id='par_1_46' title="bbox 11 2246 830 2282">
     <span class='ocr_line' id='line_1_46' title="bbox 11 2246 830 2282; baseline -0.006 -4"><span class='ocrx_word' id='word_1_381' title='bbox 11 2252 131 2278; x_wconf 59' lang='grc' dir='ltr'>πίνεται</span> <span class='ocrx_word' id='word_1_382' title='bbox 145 2258 154 2264; x_wconf 90' lang='grc'><strong>·</strong></span> <span class='ocrx_word' id='word_1_383' title='bbox 184 2258 196 2274; x_wconf 87' lang='lat'><strong>1</strong></span> <span class='ocrx_word' id='word_1_384' title='bbox 220 2246 286 2281; x_wconf 71' lang='grc' dir='ltr'>οὐχὶ</span> <span class='ocrx_word' id='word_1_385' title='bbox 300 2246 339 2278; x_wconf 74' lang='grc' dir='ltr'><strong>δὲ,</strong></span> <span class='ocrx_word' id='word_1_386' title='bbox 359 2246 387 2273; x_wconf 83' lang='lat'><strong>&#39;0</strong></span> <span class='ocrx_word' id='word_1_387' title='bbox 403 2247 537 2273; x_wconf 81' lang='grc' dir='ltr'>πιστεύων</span> <span class='ocrx_word' id='word_1_388' title='bbox 560 2247 598 2279; x_wconf 78' lang='grc' dir='ltr'><strong>εἰς</strong></span> <span class='ocrx_word' id='word_1_389' title='bbox 618 2247 647 2273; x_wconf 79' lang='grc' dir='ltr'><strong>τὸ</strong></span> <span class='ocrx_word' id='word_1_390' title='bbox 671 2247 756 2282; x_wconf 75' lang='grc' dir='ltr'>ὄνομά</span> <span class='ocrx_word' id='word_1_391' title='bbox 780 2256 830 2282; x_wconf 67' lang='grc' dir='ltr'><strong>μου</strong></span> 
     </span>
    </p>
   </div>
   <div class='ocr_carea' id='block_1_47' title="bbox 14 2293 832 2333">
    <p class='ocr_par' dir='ltr' id='par_1_47' title="bbox 14 2293 832 2333">
     <span class='ocr_line' id='line_1_47' title="bbox 14 2293 832 2333; baseline -0.004 -10"><span class='ocrx_word' id='word_1_392' title='bbox 14 2308 16 2318; x_wconf 69' lang='grc' dir='ltr'>ν</span> <span class='ocrx_word' id='word_1_393' title='bbox 36 2297 194 2333; x_wconf 78' lang='grc' dir='ltr'>κρίνεται</span> <span class='ocrx_word' id='word_1_394' title='bbox 209 2303 218 2310; x_wconf 90' lang='grc'><strong>·</strong></span> <span class='ocrx_word' id='word_1_395' title='bbox 249 2294 340 2320; x_wconf 74' lang='grc' dir='ltr'>οὐκέτι</span> <span class='ocrx_word' id='word_1_396' title='bbox 364 2293 392 2320; x_wconf 78' lang='grc' dir='ltr'><strong>δέ</strong></span> <span class='ocrx_word' id='word_1_397' title='bbox 409 2301 500 2328; x_wconf 79' lang='grc' dir='ltr'>φησιν,</span> <span class='ocrx_word' id='word_1_398' title='bbox 525 2293 552 2319; x_wconf 90' lang='lat'><strong>&#39;0</strong></span> <span class='ocrx_word' id='word_1_399' title='bbox 574 2293 707 2319; x_wconf 81' lang='grc' dir='ltr'>πιστεύων</span> <span class='ocrx_word' id='word_1_400' title='bbox 726 2293 766 2324; x_wconf 80' lang='grc' dir='ltr'><strong>εἰς</strong></span> <span class='ocrx_word' id='word_1_401' title='bbox 782 2293 832 2328; x_wconf 69' lang='grc' dir='ltr'><strong>ἐμὲ</strong></span> 
     </span>
    </p>
   </div>
   <div class='ocr_carea' id='block_1_48' title="bbox 10 2339 831 2379">
    <p class='ocr_par' dir='ltr' id='par_1_48' title="bbox 10 2339 831 2379">
     <span class='ocr_line' id='line_1_48' title="bbox 10 2339 831 2379; baseline -0.005 -9"><span class='ocrx_word' id='word_1_402' title='bbox 10 2346 34 2379; x_wconf 65' lang='lat' dir='ltr'><strong>ir,</strong></span> <span class='ocrx_word' id='word_1_403' title='bbox 58 2344 248 2379; x_wconf 78' lang='grc' dir='ltr'>κέκριται·</span> <span class='ocrx_word' id='word_1_404' title='bbox 272 2341 342 2375; x_wconf 74' lang='grc' dir='ltr'>τάχα</span> <span class='ocrx_word' id='word_1_405' title='bbox 367 2339 448 2375; x_wconf 76' lang='grc' dir='ltr'>γὰρὸ</span> <span class='ocrx_word' id='word_1_406' title='bbox 465 2339 600 2366; x_wconf 83' lang='grc' dir='ltr'>πιστεύων</span> <span class='ocrx_word' id='word_1_407' title='bbox 625 2340 665 2370; x_wconf 84' lang='grc' dir='ltr'>είς</span> <span class='ocrx_word' id='word_1_408' title='bbox 688 2339 718 2365; x_wconf 78' lang='grc' dir='ltr'>τὸ</span> <span class='ocrx_word' id='word_1_409' title='bbox 746 2339 831 2374; x_wconf 71' lang='grc' dir='ltr'>ὄνομα</span> 
     </span>
    </p>
   </div>
   <div class='ocr_carea' id='block_1_49' title="bbox 13 2384 832 2421">
    <p class='ocr_par' dir='ltr' id='par_1_49' title="bbox 13 2384 832 2421">
     <span class='ocr_line' id='line_1_49' title="bbox 13 2384 832 2421; baseline -0.006 -5"><span class='ocrx_word' id='word_1_410' title='bbox 13 2390 76 2416; x_wconf 53' lang='lat' dir='ltr'><strong>«to-3</strong></span> <span class='ocrx_word' id='word_1_411' title='bbox 99 2386 264 2415; x_wconf 73' lang='grc' dir='ltr'>πιστεύει</span> <span class='ocrx_word' id='word_1_412' title='bbox 281 2387 340 2421; x_wconf 79' lang='grc' dir='ltr'>μὲν,</span> <span class='ocrx_word' id='word_1_413' title='bbox 358 2386 452 2421; x_wconf 78' lang='grc' dir='ltr'>διόπερ</span> <span class='ocrx_word' id='word_1_414' title='bbox 468 2386 518 2412; x_wconf 79' lang='grc' dir='ltr'>οὐκ</span> <span class='ocrx_word' id='word_1_415' title='bbox 537 2384 610 2411; x_wconf 77' lang='grc' dir='ltr'>ἐστιν</span> <span class='ocrx_word' id='word_1_416' title='bbox 630 2385 704 2417; x_wconf 79' lang='grc' dir='ltr'>ἄξιος</span> <span class='ocrx_word' id='word_1_417' title='bbox 719 2385 768 2420; x_wconf 79' lang='grc' dir='ltr'><strong>ἥδη</strong></span> <span class='ocrx_word' id='word_1_418' title='bbox 787 2392 832 2412; x_wconf 59' lang='grc' dir='ltr'><strong>κεη</strong></span> 
     </span>
    </p>
   </div>
   <div class='ocr_carea' id='block_1_50' title="bbox 10 2430 833 2467">
    <p class='ocr_par' dir='ltr' id='par_1_50' title="bbox 10 2430 833 2467">
     <span class='ocr_line' id='line_1_50' title="bbox 10 2430 833 2467; baseline -0.001 -8"><span class='ocrx_word' id='word_1_419' title='bbox 10 2436 123 2466; x_wconf 62' lang='grc' dir='ltr'>λίςΘαι,</span> <span class='ocrx_word' id='word_1_420' title='bbox 146 2432 297 2460; x_wconf 72' lang='grc' dir='ltr'>ἐλάττων</span> <span class='ocrx_word' id='word_1_421' title='bbox 312 2431 366 2467; x_wconf 84' lang='grc'>(70)</span> <span class='ocrx_word' id='word_1_422' title='bbox 391 2431 420 2458; x_wconf 78' lang='grc' dir='ltr'><strong>δέ</strong></span> <span class='ocrx_word' id='word_1_423' title='bbox 439 2432 496 2457; x_wconf 78' lang='grc' dir='ltr'>ἐστι</span> <span class='ocrx_word' id='word_1_424' title='bbox 521 2430 567 2457; x_wconf 75' lang='grc' dir='ltr'>τοῦ</span> <span class='ocrx_word' id='word_1_425' title='bbox 597 2430 770 2462; x_wconf 76' lang='grc' dir='ltr'>πιστεύοντος</span> <span class='ocrx_word' id='word_1_426' title='bbox 793 2433 833 2463; x_wconf 72' lang='grc' dir='ltr'><strong>εἰς</strong></span> 
     </span>
    </p>
   </div>
   <div class='ocr_carea' id='block_1_51' title="bbox 15 2475 831 2513">
    <p class='ocr_par' dir='ltr' id='par_1_51' title="bbox 15 2475 831 2513">
     <span class='ocr_line' id='line_1_51' title="bbox 15 2475 831 2513; baseline -0.006 -5"><span class='ocrx_word' id='word_1_427' title='bbox 15 2482 82 2508; x_wconf 68' lang='grc' dir='ltr'>τόν.</span> <span class='ocrx_word' id='word_1_428' title='bbox 116 2480 185 2508; x_wconf 78' lang='grc' dir='ltr'><strong>Διά</strong></span> <span class='ocrx_word' id='word_1_429' title='bbox 210 2476 302 2504; x_wconf 71' lang='grc' dir='ltr'>τοῦτο</span> <span class='ocrx_word' id='word_1_430' title='bbox 320 2478 359 2513; x_wconf 83' lang='grc' dir='ltr'><strong>τῷ</strong></span> <span class='ocrx_word' id='word_1_431' title='bbox 376 2475 530 2504; x_wconf 77' lang='grc' dir='ltr'>πιστεύοντι</span> <span class='ocrx_word' id='word_1_432' title='bbox 547 2477 587 2508; x_wconf 80' lang='grc' dir='ltr'>εἰς</span> <span class='ocrx_word' id='word_1_433' title='bbox 601 2476 631 2503; x_wconf 82' lang='grc' dir='ltr'><strong>τὸ</strong></span> <span class='ocrx_word' id='word_1_434' title='bbox 647 2476 732 2511; x_wconf 72' lang='grc' dir='ltr'>ὄνομα</span> <span class='ocrx_word' id='word_1_435' title='bbox 749 2477 831 2503; x_wconf 77' lang='grc' dir='ltr'>αὑτοῦ</span> 
     </span>
    </p>
   </div>
   <div class='ocr_carea' id='block_1_52' title="bbox 10 2522 831 2559">
    <p class='ocr_par' dir='ltr' id='par_1_52' title="bbox 10 2522 831 2559">
     <span class='ocr_line' id='line_1_52' title="bbox 10 2522 831 2559; baseline -0.009 -3"><span class='ocrx_word' id='word_1_436' title='bbox 10 2530 85 2556; x_wconf 59' lang='grc' dir='ltr'>δτὸν</span> <span class='ocrx_word' id='word_1_437' title='bbox 107 2528 150 2555; x_wconf 80' lang='grc' dir='ltr'><strong>οὐ</strong></span> <span class='ocrx_word' id='word_1_438' title='bbox 187 2523 332 2552; x_wconf 80' lang='grc' dir='ltr'>πιστεύει</span> <span class='ocrx_word' id='word_1_439' title='bbox 348 2525 362 2550; x_wconf 87' lang='grc' dir='ltr'><strong>ὀ</strong></span> <span class='ocrx_word' id='word_1_440' title='bbox 384 2522 496 2559; x_wconf 76' lang='grc' dir='ltr'><strong>Ἰησοῦς.</strong></span> <span class='ocrx_word' id='word_1_441' title='bbox 515 2522 600 2549; x_wconf 76' lang='grc' dir='ltr'>Αὑτοῦ</span> <span class='ocrx_word' id='word_1_442' title='bbox 628 2522 716 2548; x_wconf 67' lang='grc' dir='ltr'>τοίνυν</span> <span class='ocrx_word' id='word_1_443' title='bbox 733 2522 831 2557; x_wconf 75' lang='grc' dir='ltr'>μᾶλλον</span> 
     </span>
    </p>
   </div>
   <div class='ocr_carea' id='block_1_53' title="bbox 606 2155 678 2187">
    <p class='ocr_par' dir='ltr' id='par_1_53' title="bbox 606 2155 678 2187">
     <span class='ocr_line' id='line_1_53' title="bbox 606 2155 678 2187; baseline 0 -6"><span class='ocrx_word' id='word_1_444' title='bbox 606 2155 618 2181; x_wconf 75' lang='grc' dir='ltr'><strong>ὲ</strong></span> <span class='ocrx_word' id='word_1_445' title='bbox 638 2155 678 2187; x_wconf 76' lang='grc' dir='ltr'><strong>εἰς</strong></span> 
     </span>
    </p>
   </div>
   <div class='ocr_carea' id='block_1_54' title="bbox 10 2592 814 2627">
    <p class='ocr_par' dir='ltr' id='par_1_54' title="bbox 10 2592 814 2627">
     <span class='ocr_line' id='line_1_54' title="bbox 10 2592 814 2627; baseline -0.006 -3"><span class='ocrx_word' id='word_1_446' title='bbox 10 2602 18 2615; x_wconf 74' lang='grc' dir='ltr'><strong>ι</strong></span> <span class='ocrx_word' id='word_1_447' title='bbox 36 2599 163 2627; x_wconf 65' lang='grc' dir='ltr'><strong>ΜΛΝ».</strong></span> <span class='ocrx_word' id='word_1_448' title='bbox 190 2602 272 2624; x_wconf 70' lang='grc' dir='ltr'>χιιι,</span> <span class='ocrx_word' id='word_1_449' title='bbox 290 2594 331 2621; x_wconf 79' lang='lat'><strong>16.</strong></span> <span class='ocrx_word' id='word_1_450' title='bbox 391 2593 476 2620; x_wconf 82' lang='lat' dir='ltr'><strong>’ibid.</strong></span> <span class='ocrx_word' id='word_1_451' title='bbox 492 2593 537 2620; x_wconf 71' lang='lat' dir='ltr'><strong>2L</strong></span> <span class='ocrx_word' id='word_1_452' title='bbox 586 2593 596 2609; x_wconf 87' lang='grc'>³</span> <span class='ocrx_word' id='word_1_453' title='bbox 614 2592 690 2620; x_wconf 81' lang='lat' dir='ltr'><strong>Joan.</strong></span> <span class='ocrx_word' id='word_1_454' title='bbox 711 2601 756 2624; x_wconf 77' lang='lat' dir='ltr'><strong>xx,</strong></span> <span class='ocrx_word' id='word_1_455' title='bbox 770 2593 814 2620; x_wconf 69' lang='lat'><strong>29.</strong></span> 
     </span>
    </p>
   </div>
   <div class='ocr_carea' id='block_1_55' title="bbox 25 2628 843 2663">
    <p class='ocr_par' dir='ltr' id='par_1_55' title="bbox 25 2628 843 2663">
     <span class='ocr_line' id='line_1_55' title="bbox 25 2628 843 2663; baseline -0.017 1"><span class='ocrx_word' id='word_1_456' title='bbox 25 2638 106 2663; x_wconf 75' lang='lat' dir='ltr'><strong>Cur.</strong></span> <span class='ocrx_word' id='word_1_457' title='bbox 132 2641 221 2663; x_wconf 74' lang='grc' dir='ltr'>χιιι,</span> <span class='ocrx_word' id='word_1_458' title='bbox 249 2629 295 2656; x_wconf 74' lang='grc'><strong>12.</strong></span> <span class='ocrx_word' id='word_1_459' title='bbox 342 2630 353 2645; x_wconf 87' lang='grc'><em>⁸</em></span> <span class='ocrx_word' id='word_1_460' title='bbox 372 2629 436 2656; x_wconf 85' lang='lat' dir='ltr'><strong>ibid.</strong></span> <span class='ocrx_word' id='word_1_461' title='bbox 456 2629 498 2656; x_wconf 77' lang='grc'><strong>10.</strong></span> <span class='ocrx_word' id='word_1_462' title='bbox 538 2628 629 2656; x_wconf 79' lang='lat' dir='ltr'><strong>’ibid.</strong></span> <span class='ocrx_word' id='word_1_463' title='bbox 646 2628 689 2654; x_wconf 69' lang='grc'><strong>12.</strong></span> <span class='ocrx_word' id='word_1_464' title='bbox 740 2629 760 2644; x_wconf 84' lang='grc'><strong>¹⁶</strong></span> <span class='ocrx_word' id='word_1_465' title='bbox 775 2628 843 2656; x_wconf 77' lang='lat' dir='ltr'><strong>Joan</strong></span> 
     </span>
    </p>
   </div>
   <div class='ocr_carea' id='block_1_56' title="bbox 11 2684 830 2728">
    <p class='ocr_par' dir='ltr' id='par_1_56' title="bbox 11 2684 830 2728">
     <span class='ocr_line' id='line_1_56' title="bbox 11 2684 830 2728; baseline -0.012 -7"><span class='ocrx_word' id='word_1_466' title='bbox 11 2693 75 2728; x_wconf 73' lang='lat'><strong>’67)</strong></span> <span class='ocrx_word' id='word_1_467' title='bbox 111 2686 270 2725; x_wconf 81' lang='grc' dir='ltr'><strong>Ἰησοῦ.</strong></span> <span class='ocrx_word' id='word_1_468' title='bbox 303 2686 349 2713; x_wconf 83' lang='lat' dir='ltr'><strong>Sic</strong></span> <span class='ocrx_word' id='word_1_469' title='bbox 383 2686 469 2713; x_wconf 71' lang='lat' dir='ltr'><strong>codex</strong></span> <span class='ocrx_word' id='word_1_470' title='bbox 501 2685 681 2717; x_wconf 82' lang='lat' dir='ltr'><strong>Bodleianus;</strong></span> <span class='ocrx_word' id='word_1_471' title='bbox 714 2684 830 2719; x_wconf 77' lang='lat' dir='ltr'><strong>Regius,</strong></span> 
     </span>
    </p>
   </div>
   <div class='ocr_carea' id='block_1_57' title="bbox 10 2739 830 2793">
    <p class='ocr_par' dir='ltr' id='par_1_57' title="bbox 10 2739 830 2793">
     <span class='ocr_line' id='line_1_57' title="bbox 10 2739 830 2793; baseline -0.002 -11"><span class='ocrx_word' id='word_1_472' title='bbox 10 2739 72 2793; x_wconf 43' lang='lat' dir='ltr'><strong>is,</strong></span> <span class='ocrx_word' id='word_1_473' title='bbox 109 2762 180 2788; x_wconf 72' lang='grc' dir='ltr'>ἐν</span> <span class='ocrx_word' id='word_1_474' title='bbox 223 2755 281 2793; x_wconf 74' lang='grc' dir='ltr'><strong>τῷ</strong></span> <span class='ocrx_word' id='word_1_475' title='bbox 303 2754 658 2793; x_wconf 15' lang='grc' dir='ltr'>ἀνθρώπῳ.νὲὒοείιιοιπιιιιι·</span> <span class='ocrx_word' id='word_1_476' title='bbox 683 2755 708 2781; x_wconf 91' lang='lat' dir='ltr'><strong>in</strong></span> <span class='ocrx_word' id='word_1_477' title='bbox 737 2756 830 2783; x_wconf 74' lang='lat' dir='ltr'><strong>codice</strong></span> 
     </span>
    </p>
   </div>
   <div class='ocr_carea' id='block_1_58' title="bbox 10 2790 676 2838">
    <p class='ocr_par' dir='ltr' id='par_1_58' title="bbox 10 2790 676 2838">
     <span class='ocr_line' id='line_1_58' title="bbox 10 2790 676 2838; baseline -0.003 -20"><span class='ocrx_word' id='word_1_478' title='bbox 93 2797 164 2826; x_wconf 61' lang='lat' dir='ltr'><strong>sed</strong></span> <span class='ocrx_word' id='word_1_479' title='bbox 191 2791 370 2821; x_wconf 73' lang='lat' dir='ltr'><strong>restituitur</strong></span> <span class='ocrx_word' id='word_1_480' title='bbox 384 2799 398 2817; x_wconf 86' lang='lat' dir='ltr'><strong>e</strong></span> <span class='ocrx_word' id='word_1_481' title='bbox 413 2791 507 2817; x_wconf 79' lang='lat' dir='ltr'><strong>codice</strong></span> <span class='ocrx_word' id='word_1_482' title='bbox 523 2790 676 2817; x_wconf 76' lang='lat' dir='ltr'><strong>Bodleiano.</strong></span> 
     </span>
    </p>
   </div>
   <div class='ocr_carea' id='block_1_59' title="bbox 133 2837 498 2876">
    <p class='ocr_par' dir='ltr' id='par_1_59' title="bbox 133 2837 498 2876">
     <span class='ocr_line' id='line_1_59' title="bbox 133 2837 498 2876; baseline -0.005 -4"><span class='ocrx_word' id='word_1_483' title='bbox 133 2845 319 2876; x_wconf 68' lang='grc' dir='ltr'><strong>ΡΑτηοι..</strong></span> <span class='ocrx_word' id='word_1_484' title='bbox 336 2838 394 2868; x_wconf 69' lang='lat' dir='ltr'><strong>tiu.</strong></span> <span class='ocrx_word' id='word_1_485' title='bbox 413 2837 498 2870; x_wconf 68' lang='lat' dir='ltr'><strong>XIV.</strong></span> 
     </span>
    </p>
   </div>
   <div class='ocr_carea' id='block_1_60' title="bbox 586 85 1120 118">
    <p class='ocr_par' dir='ltr' id='par_1_60' title="bbox 586 85 1120 118">
     <span class='ocr_line' id='line_1_60' title="bbox 586 85 1120 118; baseline -0.009 -1"><span class='ocrx_word' id='word_1_486' title='bbox 586 89 762 118; x_wconf 65' lang='lat' dir='ltr'><strong>COMMICNT.</strong></span> <span class='ocrx_word' id='word_1_487' title='bbox 781 89 813 116; x_wconf 70' lang='lat' dir='ltr'><strong>RN</strong></span> <span class='ocrx_word' id='word_1_488' title='bbox 830 87 925 115; x_wconf 67' lang='lat' dir='ltr'><strong>JOAN.</strong></span> <span class='ocrx_word' id='word_1_489' title='bbox 949 86 1068 114; x_wconf 55' lang='lat' dir='ltr'><strong>TORIIiS</strong></span> <span class='ocrx_word' id='word_1_490' title='bbox 1089 85 1120 112; x_wconf 84' lang='lat' dir='ltr'><strong>X.</strong></span> 
     </span>
    </p>
   </div>
   <div class='ocr_carea' id='block_1_61' title="bbox 1611 81 1662 108">
    <p class='ocr_par' dir='ltr' id='par_1_61' title="bbox 1611 81 1662 108">
     <span class='ocr_line' id='line_1_61' title="bbox 1611 81 1662 108; baseline 0.039 -2"><span class='ocrx_word' id='word_1_491' title='bbox 1611 81 1662 108; x_wconf 65' lang='grc' dir='ltr'><strong>ΞΜ</strong></span> 
     </span>
    </p>
   </div>
   <div class='ocr_carea' id='block_1_62' title="bbox 841 129 1663 170">
    <p class='ocr_par' dir='ltr' id='par_1_62' title="bbox 841 129 1663 170">
     <span class='ocr_line' id='line_1_62' title="bbox 841 129 1663 170; baseline -0.007 -8"><span class='ocrx_word' id='word_1_492' title='bbox 841 141 863 168; x_wconf 70' lang='grc' dir='ltr'><strong>Α</strong></span> <span class='ocrx_word' id='word_1_493' title='bbox 880 136 990 170; x_wconf 84' lang='lat' dir='ltr'><strong>perinde</strong></span> <span class='ocrx_word' id='word_1_494' title='bbox 1003 140 1085 168; x_wconf 81' lang='lat' dir='ltr'><strong>atque</strong></span> <span class='ocrx_word' id='word_1_495' title='bbox 1100 133 1215 167; x_wconf 61' lang='lat' dir='ltr'><strong>apostoli</strong></span> <span class='ocrx_word' id='word_1_496' title='bbox 1234 132 1297 159; x_wconf 87' lang='lat' dir='ltr'><strong>illud</strong></span> <span class='ocrx_word' id='word_1_497' title='bbox 1311 131 1404 158; x_wconf 88' lang='lat' dir='ltr'><strong>audire</strong></span> <span class='ocrx_word' id='word_1_498' title='bbox 1424 130 1516 157; x_wconf 85' lang='lat' dir='ltr'><strong>valens</strong></span> <span class='ocrx_word' id='word_1_499' title='bbox 1532 139 1538 156; x_wconf 85' lang='lat'><strong>:</strong></span> <span class='ocrx_word' id='word_1_500' title='bbox 1556 138 1565 154; x_wconf 80' lang='grc' dir='ltr'><strong>ι</strong></span> <span class='ocrx_word' id='word_1_501' title='bbox 1588 129 1663 156; x_wconf 81' lang='lat' dir='ltr'><strong>Beati</strong></span> 
     </span>
    </p>
   </div>
   <div class='ocr_carea' id='block_1_63' title="bbox 878 176 1665 214">
    <p class='ocr_par' dir='ltr' id='par_1_63' title="bbox 878 176 1665 214">
     <span class='ocr_line' id='line_1_63' title="bbox 878 176 1665 214; baseline -0.009 -6"><span class='ocrx_word' id='word_1_502' title='bbox 878 182 948 208; x_wconf 89' lang='lat' dir='ltr'><strong>oeuli</strong></span> <span class='ocrx_word' id='word_1_503' title='bbox 967 181 1046 207; x_wconf 81' lang='lat' dir='ltr'><strong>vestri</strong></span> <span class='ocrx_word' id='word_1_504' title='bbox 1062 180 1124 214; x_wconf 87' lang='lat' dir='ltr'><strong>quia</strong></span> <span class='ocrx_word' id='word_1_505' title='bbox 1139 180 1240 211; x_wconf 72' lang='lat' dir='ltr'><strong>rident,</strong></span> <span class='ocrx_word' id='word_1_506' title='bbox 1256 182 1283 205; x_wconf 88' lang='lat' dir='ltr'><strong>et</strong></span> <span class='ocrx_word' id='word_1_507' title='bbox 1301 185 1381 204; x_wconf 86' lang='lat' dir='ltr'><strong>aures</strong></span> <span class='ocrx_word' id='word_1_508' title='bbox 1409 182 1504 204; x_wconf 71' lang='lat' dir='ltr'><strong>vestrm</strong></span> <span class='ocrx_word' id='word_1_509' title='bbox 1527 176 1592 210; x_wconf 89' lang='lat' dir='ltr'><strong>quia</strong></span> <span class='ocrx_word' id='word_1_510' title='bbox 1620 184 1665 202; x_wconf 85' lang='lat' dir='ltr'><strong>an-</strong></span> 
     </span>
    </p>
   </div>
   <div class='ocr_carea' id='block_1_64' title="bbox 879 220 1663 257">
    <p class='ocr_par' dir='ltr' id='par_1_64' title="bbox 879 220 1663 257">
     <span class='ocr_line' id='line_1_64' title="bbox 879 220 1663 257; baseline -0.006 -6"><span class='ocrx_word' id='word_1_511' title='bbox 879 225 957 251; x_wconf 88' lang='lat' dir='ltr'><strong>diunt</strong></span> <span class='ocrx_word' id='word_1_512' title='bbox 975 224 1002 255; x_wconf 80' lang='lat'><strong>‘;</strong></span> <span class='ocrx_word' id='word_1_513' title='bbox 1023 233 1031 249; x_wconf 88' lang='lat'><strong>1</strong></span> <span class='ocrx_word' id='word_1_514' title='bbox 1050 228 1076 250; x_wconf 85' lang='lat' dir='ltr'><strong>et</strong></span> <span class='ocrx_word' id='word_1_515' title='bbox 1093 223 1180 250; x_wconf 86' lang='lat' dir='ltr'><strong>iliud:</strong></span> <span class='ocrx_word' id='word_1_516' title='bbox 1201 232 1209 248; x_wconf 79' lang='grc' dir='ltr'><strong>ι</strong></span> <span class='ocrx_word' id='word_1_517' title='bbox 1233 222 1307 249; x_wconf 84' lang='lat' dir='ltr'><strong>Mulli</strong></span> <span class='ocrx_word' id='word_1_518' title='bbox 1324 222 1462 257; x_wconf 75' lang='lat' dir='ltr'><strong>prophetae</strong></span> <span class='ocrx_word' id='word_1_519' title='bbox 1481 225 1508 248; x_wconf 89' lang='lat' dir='ltr'><strong>ct</strong></span> <span class='ocrx_word' id='word_1_520' title='bbox 1528 220 1593 254; x_wconf 85' lang='lat' dir='ltr'><strong>justi</strong></span> <span class='ocrx_word' id='word_1_521' title='bbox 1616 228 1663 247; x_wconf 87' lang='lat' dir='ltr'><strong>cu-</strong></span> 
     </span>
    </p>
   </div>
   <div class='ocr_carea' id='block_1_65' title="bbox 880 268 1665 304">
    <p class='ocr_par' dir='ltr' id='par_1_65' title="bbox 880 268 1665 304">
     <span class='ocr_line' id='line_1_65' title="bbox 880 268 1665 304; baseline -0.003 -10"><span class='ocrx_word' id='word_1_522' title='bbox 880 270 987 304; x_wconf 83' lang='lat' dir='ltr'><strong>pierunt</strong></span> <span class='ocrx_word' id='word_1_523' title='bbox 1002 269 1092 295; x_wconf 90' lang='lat' dir='ltr'><strong>videre</strong></span> <span class='ocrx_word' id='word_1_524' title='bbox 1107 276 1167 302; x_wconf 62' lang='lat' dir='ltr'><strong>qua:</strong></span> <span class='ocrx_word' id='word_1_525' title='bbox 1184 268 1291 300; x_wconf 84' lang='lat' dir='ltr'><strong>videtis,</strong></span> <span class='ocrx_word' id='word_1_526' title='bbox 1303 272 1330 295; x_wconf 89' lang='lat' dir='ltr'><strong>et</strong></span> <span class='ocrx_word' id='word_1_527' title='bbox 1343 275 1394 294; x_wconf 89' lang='lat' dir='ltr'><strong>non</strong></span> <span class='ocrx_word' id='word_1_528' title='bbox 1413 268 1555 299; x_wconf 81' lang='lat' dir='ltr'><strong>viderunt;</strong></span> <span class='ocrx_word' id='word_1_529' title='bbox 1571 271 1599 293; x_wconf 87' lang='lat' dir='ltr'><strong>et</strong></span> <span class='ocrx_word' id='word_1_530' title='bbox 1615 273 1665 293; x_wconf 85' lang='lat' dir='ltr'><strong>au-</strong></span> 
     </span>
    </p>
   </div>
   <div class='ocr_carea' id='block_1_66' title="bbox 880 312 1666 349">
    <p class='ocr_par' dir='ltr' id='par_1_66' title="bbox 880 312 1666 349">
     <span class='ocr_line' id='line_1_66' title="bbox 880 312 1666 349; baseline -0.004 -7"><span class='ocrx_word' id='word_1_531' title='bbox 880 315 938 342; x_wconf 83' lang='lat' dir='ltr'><strong>dire</strong></span> <span class='ocrx_word' id='word_1_532' title='bbox 954 322 1013 349; x_wconf 75' lang='lat' dir='ltr'><strong>qua:</strong></span> <span class='ocrx_word' id='word_1_533' title='bbox 1037 314 1148 345; x_wconf 84' lang='lat' dir='ltr'><strong>auditis,</strong></span> <span class='ocrx_word' id='word_1_534' title='bbox 1164 318 1191 340; x_wconf 85' lang='lat' dir='ltr'><strong>el</strong></span> <span class='ocrx_word' id='word_1_535' title='bbox 1209 322 1262 340; x_wconf 90' lang='lat' dir='ltr'><strong>non</strong></span> <span class='ocrx_word' id='word_1_536' title='bbox 1292 314 1436 340; x_wconf 84' lang='lat' dir='ltr'><strong>audierunt</strong></span> <span class='ocrx_word' id='word_1_537' title='bbox 1454 314 1475 341; x_wconf 85' lang='lat'><strong>&#39;.</strong></span> <span class='ocrx_word' id='word_1_538' title='bbox 1507 322 1515 338; x_wconf 91' lang='lat'><strong>1</strong></span> <span class='ocrx_word' id='word_1_539' title='bbox 1542 312 1666 339; x_wconf 82' lang='lat' dir='ltr'><strong>Amabiie</strong></span> 
     </span>
    </p>
   </div>
   <div class='ocr_carea' id='block_1_67' title="bbox 881 359 1665 393">
    <p class='ocr_par' dir='ltr' id='par_1_67' title="bbox 881 359 1665 393">
     <span class='ocr_line' id='line_1_67' title="bbox 881 359 1665 393; baseline -0.003 -7"><span class='ocrx_word' id='word_1_540' title='bbox 881 365 971 387; x_wconf 85' lang='lat' dir='ltr'><strong>tamen</strong></span> <span class='ocrx_word' id='word_1_541' title='bbox 999 360 1081 387; x_wconf 88' lang='lat' dir='ltr'><strong>etiam</strong></span> <span class='ocrx_word' id='word_1_542' title='bbox 1099 363 1141 386; x_wconf 87' lang='lat' dir='ltr'><strong>est</strong></span> <span class='ocrx_word' id='word_1_543' title='bbox 1168 359 1300 386; x_wconf 84' lang='lat' dir='ltr'><strong>minorem</strong></span> <span class='ocrx_word' id='word_1_544' title='bbox 1319 360 1442 393; x_wconf 82' lang='lat' dir='ltr'><strong>accipere</strong></span> <span class='ocrx_word' id='word_1_545' title='bbox 1470 359 1665 386; x_wconf 82' lang='lat' dir='ltr'><strong>beatitudinem</strong></span> 
     </span>
    </p>
   </div>
   <div class='ocr_carea' id='block_1_68' title="bbox 879 404 1664 439">
    <p class='ocr_par' dir='ltr' id='par_1_68' title="bbox 879 404 1664 439">
     <span class='ocr_line' id='line_1_68' title="bbox 879 404 1664 439; baseline -0.004 -6"><span class='ocrx_word' id='word_1_546' title='bbox 879 406 1016 433; x_wconf 86' lang='lat' dir='ltr'><strong>dicenlem</strong></span> <span class='ocrx_word' id='word_1_547' title='bbox 1032 414 1040 433; x_wconf 76' lang='grc' dir='ltr'><strong>ι</strong></span> <span class='ocrx_word' id='word_1_548' title='bbox 1059 414 1068 430; x_wconf 75' lang='grc' dir='ltr'><strong>ι</strong></span> <span class='ocrx_word' id='word_1_549' title='bbox 1089 404 1163 431; x_wconf 81' lang='lat' dir='ltr'><strong>Beati</strong></span> <span class='ocrx_word' id='word_1_550' title='bbox 1186 405 1231 439; x_wconf 89' lang='lat' dir='ltr'><strong>qui</strong></span> <span class='ocrx_word' id='word_1_551' title='bbox 1258 412 1310 431; x_wconf 91' lang='lat' dir='ltr'><strong>non</strong></span> <span class='ocrx_word' id='word_1_552' title='bbox 1335 405 1460 431; x_wconf 88' lang='lat' dir='ltr'><strong>viderunt</strong></span> <span class='ocrx_word' id='word_1_553' title='bbox 1489 410 1516 432; x_wconf 89' lang='lat' dir='ltr'><strong>et</strong></span> <span class='ocrx_word' id='word_1_554' title='bbox 1544 404 1664 431; x_wconf 86' lang='lat' dir='ltr'><strong>credide-</strong></span> 
     </span>
    </p>
   </div>
   <div class='ocr_carea' id='block_1_69' title="bbox 880 450 1666 485">
    <p class='ocr_par' dir='ltr' id='par_1_69' title="bbox 880 450 1666 485">
     <span class='ocr_line' id='line_1_69' title="bbox 880 450 1666 485; baseline -0.004 -7"><span class='ocrx_word' id='word_1_555' title='bbox 880 454 943 478; x_wconf 80' lang='lat' dir='ltr'><strong>runt</strong></span> <span class='ocrx_word' id='word_1_556' title='bbox 961 451 982 478; x_wconf 79' lang='grc'><strong>³.</strong></span> <span class='ocrx_word' id='word_1_557' title='bbox 1006 460 1014 477; x_wconf 96' lang='lat'><strong>1</strong></span> <span class='ocrx_word' id='word_1_558' title='bbox 1032 451 1174 484; x_wconf 87' lang='lat' dir='ltr'><strong>Quomodo</strong></span> <span class='ocrx_word' id='word_1_559' title='bbox 1197 451 1269 477; x_wconf 88' lang='lat' dir='ltr'><strong>cnim</strong></span> <span class='ocrx_word' id='word_1_560' title='bbox 1290 459 1342 478; x_wconf 94' lang='lat' dir='ltr'><strong>non</strong></span> <span class='ocrx_word' id='word_1_561' title='bbox 1360 451 1495 478; x_wconf 86' lang='lat' dir='ltr'><strong>beatiores</strong></span> <span class='ocrx_word' id='word_1_562' title='bbox 1520 451 1591 477; x_wconf 89' lang='lat' dir='ltr'><strong>oculi</strong></span> <span class='ocrx_word' id='word_1_563' title='bbox 1620 450 1666 485; x_wconf 89' lang='lat' dir='ltr'><strong>qui</strong></span> 
     </span>
    </p>
   </div>
   <div class='ocr_carea' id='block_1_70' title="bbox 879 494 1668 531">
    <p class='ocr_par' dir='ltr' id='par_1_70' title="bbox 879 494 1668 531">
     <span class='ocr_line' id='line_1_70' title="bbox 879 494 1668 531; baseline -0.001 -7"><span class='ocrx_word' id='word_1_564' title='bbox 879 504 893 524; x_wconf 86' lang='lat' dir='ltr'><strong>a</strong></span> <span class='ocrx_word' id='word_1_565' title='bbox 911 494 974 524; x_wconf 81' lang='lat' dir='ltr'><strong>Jesu</strong></span> <span class='ocrx_word' id='word_1_566' title='bbox 992 497 1183 524; x_wconf 81' lang='lat' dir='ltr'><strong>bcatiﬂeautnr</strong></span> <span class='ocrx_word' id='word_1_567' title='bbox 1195 497 1230 523; x_wconf 92' lang='lat' dir='ltr'><strong>ob</strong></span> <span class='ocrx_word' id='word_1_568' title='bbox 1246 503 1289 523; x_wconf 91' lang='lat' dir='ltr'><strong>res</strong></span> <span class='ocrx_word' id='word_1_569' title='bbox 1307 497 1390 530; x_wconf 80' lang='lat' dir='ltr'><strong>visas,</strong></span> <span class='ocrx_word' id='word_1_570' title='bbox 1409 496 1451 523; x_wconf 90' lang='lat' dir='ltr'><strong>his</strong></span> <span class='ocrx_word' id='word_1_571' title='bbox 1466 497 1511 531; x_wconf 90' lang='lat' dir='ltr'><strong>qui</strong></span> <span class='ocrx_word' id='word_1_572' title='bbox 1535 504 1587 523; x_wconf 88' lang='lat' dir='ltr'><strong>non</strong></span> <span class='ocrx_word' id='word_1_573' title='bbox 1606 504 1668 531; x_wconf 84' lang='lat' dir='ltr'><strong>per-</strong></span> 
     </span>
    </p>
   </div>
   <div class='ocr_carea' id='block_1_71' title="bbox 881 537 1667 573">
    <p class='ocr_par' dir='ltr' id='par_1_71' title="bbox 881 537 1667 573">
     <span class='ocr_line' id='line_1_71' title="bbox 881 537 1667 573; baseline 0.001 -5"><span class='ocrx_word' id='word_1_574' title='bbox 881 537 1014 569; x_wconf 61' lang='lat' dir='ltr'><strong>iencrnnt</strong></span> <span class='ocrx_word' id='word_1_575' title='bbox 1028 542 1061 569; x_wconf 80' lang='lat' dir='ltr'><strong>ad</strong></span> <span class='ocrx_word' id='word_1_576' title='bbox 1079 541 1172 568; x_wconf 85' lang='lat' dir='ltr'><strong>talium</strong></span> <span class='ocrx_word' id='word_1_577' title='bbox 1201 548 1292 568; x_wconf 87' lang='lat' dir='ltr'><strong>rerum</strong></span> <span class='ocrx_word' id='word_1_578' title='bbox 1308 542 1463 569; x_wconf 86' lang='lat' dir='ltr'><strong>visionem?</strong></span> <span class='ocrx_word' id='word_1_579' title='bbox 1481 543 1589 569; x_wconf 89' lang='lat' dir='ltr'><strong>Simcon</strong></span> <span class='ocrx_word' id='word_1_580' title='bbox 1614 543 1667 573; x_wconf 67' lang='lat' dir='ltr'><strong>igi-</strong></span> 
     </span>
    </p>
   </div>
   <div class='ocr_carea' id='block_1_72' title="bbox 881 586 1668 621">
    <p class='ocr_par' dir='ltr' id='par_1_72' title="bbox 881 586 1668 621">
     <span class='ocr_line' id='line_1_72' title="bbox 881 586 1668 621; baseline 0.001 -7"><span class='ocrx_word' id='word_1_581' title='bbox 881 594 934 619; x_wconf 89' lang='lat' dir='ltr'><strong>tur,</strong></span> <span class='ocrx_word' id='word_1_582' title='bbox 956 592 1102 614; x_wconf 87' lang='lat' dir='ltr'><strong>contentus</strong></span> <span class='ocrx_word' id='word_1_583' title='bbox 1117 586 1268 621; x_wconf 85' lang='lat' dir='ltr'><strong>sumpsisse</strong></span> <span class='ocrx_word' id='word_1_584' title='bbox 1283 587 1310 614; x_wconf 89' lang='lat' dir='ltr'><strong>in</strong></span> <span class='ocrx_word' id='word_1_585' title='bbox 1326 587 1405 614; x_wconf 82' lang='lat' dir='ltr'><strong>ulnas</strong></span> <span class='ocrx_word' id='word_1_586' title='bbox 1421 588 1540 615; x_wconf 84' lang='lat' dir='ltr'><strong>salutare</strong></span> <span class='ocrx_word' id='word_1_587' title='bbox 1562 589 1620 620; x_wconf 90' lang='lat' dir='ltr'><strong>Dei,</strong></span> <span class='ocrx_word' id='word_1_588' title='bbox 1636 589 1668 615; x_wconf 84' lang='lat' dir='ltr'><strong>il-</strong></span> 
     </span>
    </p>
   </div>
   <div class='ocr_carea' id='block_1_73' title="bbox 881 632 1668 668">
    <p class='ocr_par' dir='ltr' id='par_1_73' title="bbox 881 632 1668 668">
     <span class='ocr_line' id='line_1_73' title="bbox 881 632 1668 668; baseline 0.001 -8"><span class='ocrx_word' id='word_1_589' title='bbox 881 632 982 668; x_wconf 91' lang='lat' dir='ltr'><strong>ludque</strong></span> <span class='ocrx_word' id='word_1_590' title='bbox 1000 633 1201 668; x_wconf 88' lang='lat' dir='ltr'><strong>contemplatus</strong></span> <span class='ocrx_word' id='word_1_591' title='bbox 1216 652 1224 665; x_wconf 86' lang='lat'><strong>,</strong></span> <span class='ocrx_word' id='word_1_592' title='bbox 1251 632 1322 660; x_wconf 79' lang='lat' dir='ltr'><strong>dixit</strong></span> <span class='ocrx_word' id='word_1_593' title='bbox 1338 642 1344 660; x_wconf 75' lang='grc' dir='ltr'><strong>ι</strong></span> <span class='ocrx_word' id='word_1_594' title='bbox 1368 642 1377 658; x_wconf 77' lang='grc' dir='ltr'><strong>ι</strong></span> <span class='ocrx_word' id='word_1_595' title='bbox 1393 633 1468 660; x_wconf 80' lang='lat' dir='ltr'><strong>Nunc</strong></span> <span class='ocrx_word' id='word_1_596' title='bbox 1485 634 1598 661; x_wconf 87' lang='lat' dir='ltr'><strong>dimittis</strong></span> <span class='ocrx_word' id='word_1_597' title='bbox 1612 642 1668 661; x_wconf 87' lang='lat' dir='ltr'><strong>ser-</strong></span> 
     </span>
    </p>
   </div>
   <div class='ocr_carea' id='block_1_74' title="bbox 880 680 1667 712">
    <p class='ocr_par' dir='ltr' id='par_1_74' title="bbox 880 680 1667 712">
     <span class='ocr_line' id='line_1_74' title="bbox 880 680 1667 712; baseline 0.001 -6"><span class='ocrx_word' id='word_1_598' title='bbox 880 688 942 707; x_wconf 91' lang='lat' dir='ltr'><strong>vum</strong></span> <span class='ocrx_word' id='word_1_599' title='bbox 968 684 1043 706; x_wconf 92' lang='lat' dir='ltr'><strong>tuum</strong></span> <span class='ocrx_word' id='word_1_600' title='bbox 1056 699 1064 712; x_wconf 90' lang='lat'><strong>,</strong></span> <span class='ocrx_word' id='word_1_601' title='bbox 1085 680 1219 712; x_wconf 87' lang='lat' dir='ltr'><strong>Domine,</strong></span> <span class='ocrx_word' id='word_1_602' title='bbox 1245 680 1392 707; x_wconf 79' lang='lat' dir='ltr'><strong>secundum</strong></span> <span class='ocrx_word' id='word_1_603' title='bbox 1410 681 1521 706; x_wconf 86' lang='lat' dir='ltr'><strong>verbum</strong></span> <span class='ocrx_word' id='word_1_604' title='bbox 1549 684 1624 706; x_wconf 90' lang='lat' dir='ltr'><strong>tuum</strong></span> <span class='ocrx_word' id='word_1_605' title='bbox 1642 681 1667 707; x_wconf 90' lang='lat' dir='ltr'><strong>in</strong></span> 
     </span>
    </p>
   </div>
   <div class='ocr_carea' id='block_1_75' title="bbox 881 725 1666 761">
    <p class='ocr_par' dir='ltr' id='par_1_75' title="bbox 881 725 1666 761">
     <span class='ocr_line' id='line_1_75' title="bbox 881 725 1666 761; baseline 0 -9"><span class='ocrx_word' id='word_1_606' title='bbox 881 734 961 761; x_wconf 80' lang='lat' dir='ltr'><strong>pace;</strong></span> <span class='ocrx_word' id='word_1_607' title='bbox 975 725 1103 760; x_wconf 88' lang='lat' dir='ltr'><strong>quoniam</strong></span> <span class='ocrx_word' id='word_1_608' title='bbox 1121 725 1326 753; x_wconf 76' lang='lat' dir='ltr'><strong>\‘ideruntoculi</strong></span> <span class='ocrx_word' id='word_1_609' title='bbox 1341 725 1393 752; x_wconf 90' lang='lat' dir='ltr'><strong>mei</strong></span> <span class='ocrx_word' id='word_1_610' title='bbox 1405 726 1524 752; x_wconf 80' lang='lat' dir='ltr'><strong>salutare</strong></span> <span class='ocrx_word' id='word_1_611' title='bbox 1537 725 1640 752; x_wconf 67' lang='lat' dir='ltr'><strong>tunm‘.</strong></span> <span class='ocrx_word' id='word_1_612' title='bbox 1657 736 1666 752; x_wconf 90' lang='lat'><strong>1</strong></span> 
     </span>
    </p>
   </div>
   <div class='ocr_carea' id='block_1_76' title="bbox 881 771 1669 807">
    <p class='ocr_par' dir='ltr' id='par_1_76' title="bbox 881 771 1669 807">
     <span class='ocr_line' id='line_1_76' title="bbox 881 771 1669 807; baseline 0.001 -10"><span class='ocrx_word' id='word_1_613' title='bbox 881 771 1015 804; x_wconf 79' lang='lat' dir='ltr'><strong>Quocirca</strong></span> <span class='ocrx_word' id='word_1_614' title='bbox 1034 772 1230 798; x_wconf 81' lang='lat' dir='ltr'><strong>contendamus</strong></span> <span class='ocrx_word' id='word_1_615' title='bbox 1251 778 1361 799; x_wconf 84' lang='lat' dir='ltr'><strong>necesse</strong></span> <span class='ocrx_word' id='word_1_616' title='bbox 1383 777 1425 799; x_wconf 85' lang='lat' dir='ltr'><strong>est</strong></span> <span class='ocrx_word' id='word_1_617' title='bbox 1440 773 1548 807; x_wconf 84' lang='lat' dir='ltr'><strong>aperire</strong></span> <span class='ocrx_word' id='word_1_618' title='bbox 1565 771 1669 803; x_wconf 84' lang='lat' dir='ltr'><strong>oculos,</strong></span> 
     </span>
    </p>
   </div>
   <div class='ocr_carea' id='block_1_77' title="bbox 843 817 1670 853">
    <p class='ocr_par' dir='ltr' id='par_1_77' title="bbox 843 817 1670 853">
     <span class='ocr_line' id='line_1_77' title="bbox 843 817 1670 853; baseline 0 -10"><span class='ocrx_word' id='word_1_619' title='bbox 843 822 861 849; x_wconf 68' lang='grc' dir='ltr'><strong>ιι</strong></span> <span class='ocrx_word' id='word_1_620' title='bbox 876 817 950 852; x_wconf 79' lang='lat' dir='ltr'><strong>juxta</strong></span> <span class='ocrx_word' id='word_1_621' title='bbox 975 817 1161 850; x_wconf 80' lang='lat' dir='ltr'><strong>Salomonem,</strong></span> <span class='ocrx_word' id='word_1_622' title='bbox 1179 822 1208 844; x_wconf 89' lang='lat' dir='ltr'><strong>ut</strong></span> <span class='ocrx_word' id='word_1_623' title='bbox 1233 818 1397 852; x_wconf 88' lang='lat' dir='ltr'><strong>impleamur</strong></span> <span class='ocrx_word' id='word_1_624' title='bbox 1429 817 1555 853; x_wconf 84' lang='lat' dir='ltr'><strong>panibus.</strong></span> <span class='ocrx_word' id='word_1_625' title='bbox 1579 817 1670 852; x_wconf 83' lang='lat' dir='ltr'><strong>lnquit</strong></span> 
     </span>
    </p>
   </div>
   <div class='ocr_carea' id='block_1_78' title="bbox 879 863 1668 900">
    <p class='ocr_par' dir='ltr' id='par_1_78' title="bbox 879 863 1668 900">
     <span class='ocr_line' id='line_1_78' title="bbox 879 863 1668 900; baseline 0 -10"><span class='ocrx_word' id='word_1_626' title='bbox 879 865 952 890; x_wconf 74' lang='lat' dir='ltr'><strong>cnim</strong></span> <span class='ocrx_word' id='word_1_627' title='bbox 967 872 974 890; x_wconf 90' lang='lat'>:</span> <span class='ocrx_word' id='word_1_628' title='bbox 995 873 1003 888; x_wconf 84' lang='grc' dir='ltr'><strong>ι</strong></span> <span class='ocrx_word' id='word_1_629' title='bbox 1020 864 1101 897; x_wconf 81' lang='lat' dir='ltr'><strong>Aperi</strong></span> <span class='ocrx_word' id='word_1_630' title='bbox 1114 863 1217 896; x_wconf 92' lang='lat' dir='ltr'><strong>oculos,</strong></span> <span class='ocrx_word' id='word_1_631' title='bbox 1234 869 1259 891; x_wconf 90' lang='lat' dir='ltr'><strong>et</strong></span> <span class='ocrx_word' id='word_1_632' title='bbox 1278 865 1398 899; x_wconf 83' lang='lat' dir='ltr'><strong>repleare</strong></span> <span class='ocrx_word' id='word_1_633' title='bbox 1411 866 1526 900; x_wconf 87' lang='lat' dir='ltr'><strong>panibus</strong></span> <span class='ocrx_word' id='word_1_634' title='bbox 1541 866 1562 891; x_wconf 78' lang='lat'><strong>&#39;.</strong></span> <span class='ocrx_word' id='word_1_635' title='bbox 1585 875 1593 890; x_wconf 91' lang='lat'><strong>1</strong></span> <span class='ocrx_word' id='word_1_636' title='bbox 1616 865 1668 892; x_wconf 86' lang='lat' dir='ltr'><strong>Sed</strong></span> 
     </span>
    </p>
   </div>
   <div class='ocr_carea' id='block_1_79' title="bbox 881 910 1670 944">
    <p class='ocr_par' dir='ltr' id='par_1_79' title="bbox 881 910 1670 944">
     <span class='ocr_line' id='line_1_79' title="bbox 881 910 1670 944; baseline 0.003 -8"><span class='ocrx_word' id='word_1_637' title='bbox 881 910 1009 937; x_wconf 83' lang='lat' dir='ltr'><strong>hactenus</strong></span> <span class='ocrx_word' id='word_1_638' title='bbox 1029 910 1062 936; x_wconf 85' lang='lat' dir='ltr'><strong>de</strong></span> <span class='ocrx_word' id='word_1_639' title='bbox 1077 918 1109 936; x_wconf 87' lang='lat' dir='ltr'><strong>eo</strong></span> <span class='ocrx_word' id='word_1_640' title='bbox 1120 930 1127 942; x_wconf 91' lang='lat'><strong>,</strong></span> <span class='ocrx_word' id='word_1_641' title='bbox 1144 910 1215 944; x_wconf 88' lang='lat' dir='ltr'><strong>quod</strong></span> <span class='ocrx_word' id='word_1_642' title='bbox 1232 911 1330 937; x_wconf 88' lang='lat' dir='ltr'><strong>dicitur</strong></span> <span class='ocrx_word' id='word_1_643' title='bbox 1345 920 1352 938; x_wconf 90' lang='lat'>:</span> <span class='ocrx_word' id='word_1_644' title='bbox 1372 920 1381 936; x_wconf 86' lang='grc' dir='ltr'><strong>ι</strong></span> <span class='ocrx_word' id='word_1_645' title='bbox 1399 911 1578 938; x_wconf 75' lang='lat' dir='ltr'><strong>Crediderunt</strong></span> <span class='ocrx_word' id='word_1_646' title='bbox 1593 911 1670 939; x_wconf 85' lang='lat' dir='ltr'><strong>Scri-</strong></span> 
     </span>
    </p>
   </div>
   <div class='ocr_carea' id='block_1_80' title="bbox 881 955 1671 990">
    <p class='ocr_par' dir='ltr' id='par_1_80' title="bbox 881 955 1671 990">
     <span class='ocr_line' id='line_1_80' title="bbox 881 955 1671 990; baseline 0.006 -11"><span class='ocrx_word' id='word_1_647' title='bbox 881 959 964 988; x_wconf 61' lang='lat' dir='ltr'><strong>ptura!</strong></span> <span class='ocrx_word' id='word_1_648' title='bbox 978 975 984 985; x_wconf 92' lang='lat'><strong>,</strong></span> <span class='ocrx_word' id='word_1_649' title='bbox 1001 960 1027 981; x_wconf 91' lang='lat' dir='ltr'><strong>et</strong></span> <span class='ocrx_word' id='word_1_650' title='bbox 1051 955 1172 982; x_wconf 87' lang='lat' dir='ltr'><strong>sermoni</strong></span> <span class='ocrx_word' id='word_1_651' title='bbox 1189 963 1270 990; x_wconf 91' lang='lat' dir='ltr'><strong>quem</strong></span> <span class='ocrx_word' id='word_1_652' title='bbox 1286 956 1354 983; x_wconf 79' lang='lat' dir='ltr'><strong>dixit</strong></span> <span class='ocrx_word' id='word_1_653' title='bbox 1374 955 1453 983; x_wconf 85' lang='lat' dir='ltr'><strong>Jcsus</strong></span> <span class='ocrx_word' id='word_1_654' title='bbox 1468 956 1488 988; x_wconf 73' lang='grc'><strong>⁸,</strong></span> <span class='ocrx_word' id='word_1_655' title='bbox 1507 965 1516 982; x_wconf 86' lang='lat'><strong>1</strong></span> <span class='ocrx_word' id='word_1_656' title='bbox 1537 961 1566 983; x_wconf 88' lang='lat' dir='ltr'><strong>ut</strong></span> <span class='ocrx_word' id='word_1_657' title='bbox 1578 964 1611 983; x_wconf 75' lang='lat' dir='ltr'><strong>ex</strong></span> <span class='ocrx_word' id='word_1_658' title='bbox 1628 956 1671 984; x_wconf 78' lang='lat' dir='ltr'><strong>bis</strong></span> 
     </span>
    </p>
   </div>
   <div class='ocr_carea' id='block_1_81' title="bbox 881 1001 1670 1036">
    <p class='ocr_par' dir='ltr' id='par_1_81' title="bbox 881 1001 1670 1036">
     <span class='ocr_line' id='line_1_81' title="bbox 881 1001 1670 1036; baseline 0.005 -10"><span class='ocrx_word' id='word_1_659' title='bbox 881 1008 940 1035; x_wconf 67' lang='lat' dir='ltr'><strong>quae</strong></span> <span class='ocrx_word' id='word_1_660' title='bbox 956 1001 988 1028; x_wconf 88' lang='lat' dir='ltr'><strong>de</strong></span> <span class='ocrx_word' id='word_1_661' title='bbox 1009 1001 1062 1028; x_wconf 79' lang='lat' dir='ltr'><strong>iide</strong></span> <span class='ocrx_word' id='word_1_662' title='bbox 1077 1002 1277 1036; x_wconf 80' lang='lat' dir='ltr'><strong>quuisivimus</strong></span> <span class='ocrx_word' id='word_1_663' title='bbox 1291 1024 1297 1036; x_wconf 93' lang='lat'><strong>,</strong></span> <span class='ocrx_word' id='word_1_664' title='bbox 1316 1002 1510 1036; x_wconf 79' lang='lat' dir='ltr'><strong>perfectionem</strong></span> <span class='ocrx_word' id='word_1_665' title='bbox 1529 1004 1589 1030; x_wconf 76' lang='lat' dir='ltr'><strong>fidei</strong></span> <span class='ocrx_word' id='word_1_666' title='bbox 1613 1005 1670 1030; x_wconf 88' lang='lat' dir='ltr'><strong>dari</strong></span> 
     </span>
    </p>
   </div>
   <div class='ocr_carea' id='block_1_82' title="bbox 882 1046 1672 1083">
    <p class='ocr_par' dir='ltr' id='par_1_82' title="bbox 882 1046 1672 1083">
     <span class='ocr_line' id='line_1_82' title="bbox 882 1046 1672 1083; baseline 0.004 -10"><span class='ocrx_word' id='word_1_667' title='bbox 882 1046 960 1074; x_wconf 87' lang='lat' dir='ltr'><strong>nobis</strong></span> <span class='ocrx_word' id='word_1_668' title='bbox 989 1047 1257 1080; x_wconf 83' lang='lat' dir='ltr'><strong>comprchetnlamus</strong></span> <span class='ocrx_word' id='word_1_669' title='bbox 1285 1049 1311 1075; x_wconf 89' lang='lat' dir='ltr'><strong>in</strong></span> <span class='ocrx_word' id='word_1_670' title='bbox 1342 1056 1441 1083; x_wconf 76' lang='lat' dir='ltr'><strong>magna</strong></span> <span class='ocrx_word' id='word_1_671' title='bbox 1472 1050 1672 1077; x_wconf 75' lang='lat' dir='ltr'><strong>resurrectione</strong></span> 
     </span>
    </p>
   </div>
   <div class='ocr_carea' id='block_1_83' title="bbox 883 1093 1672 1130">
    <p class='ocr_par' dir='ltr' id='par_1_83' title="bbox 883 1093 1672 1130">
     <span class='ocr_line' id='line_1_83' title="bbox 883 1093 1672 1130; baseline 0.004 -10"><span class='ocrx_word' id='word_1_672' title='bbox 883 1094 967 1120; x_wconf 85' lang='lat' dir='ltr'><strong>totius</strong></span> <span class='ocrx_word' id='word_1_673' title='bbox 986 1094 1109 1128; x_wconf 83' lang='lat' dir='ltr'><strong>corporis</strong></span> <span class='ocrx_word' id='word_1_674' title='bbox 1127 1093 1239 1127; x_wconf 83' lang='lat' dir='ltr'><strong>Christi,</strong></span> <span class='ocrx_word' id='word_1_675' title='bbox 1268 1103 1365 1130; x_wconf 82' lang='lat' dir='ltr'><strong>nempe</strong></span> <span class='ocrx_word' id='word_1_676' title='bbox 1390 1101 1491 1123; x_wconf 76' lang='lat' dir='ltr'><strong>sancta:</strong></span> <span class='ocrx_word' id='word_1_677' title='bbox 1516 1096 1600 1130; x_wconf 81' lang='lat' dir='ltr'><strong>ipsius</strong></span> <span class='ocrx_word' id='word_1_678' title='bbox 1621 1096 1672 1123; x_wconf 81' lang='lat' dir='ltr'><strong>Ec-</strong></span> 
     </span>
    </p>
   </div>
   <div class='ocr_carea' id='block_1_84' title="bbox 881 1137 1671 1174">
    <p class='ocr_par' dir='ltr' id='par_1_84' title="bbox 881 1137 1671 1174">
     <span class='ocr_line' id='line_1_84' title="bbox 881 1137 1671 1174; baseline 0.005 -9"><span class='ocrx_word' id='word_1_679' title='bbox 881 1138 982 1166; x_wconf 58' lang='lat' dir='ltr'><strong>clesia.</strong></span> <span class='ocrx_word' id='word_1_680' title='bbox 1012 1137 1078 1165; x_wconf 78' lang='lat' dir='ltr'><strong>Nam</strong></span> <span class='ocrx_word' id='word_1_681' title='bbox 1112 1139 1183 1173; x_wconf 89' lang='lat' dir='ltr'><strong>quod</strong></span> <span class='ocrx_word' id='word_1_682' title='bbox 1212 1139 1246 1166; x_wconf 88' lang='lat' dir='ltr'><strong>de</strong></span> <span class='ocrx_word' id='word_1_683' title='bbox 1275 1141 1430 1174; x_wconf 79' lang='lat' dir='ltr'><strong>cognitione</strong></span> <span class='ocrx_word' id='word_1_684' title='bbox 1458 1146 1500 1168; x_wconf 89' lang='lat' dir='ltr'><strong>cst</strong></span> <span class='ocrx_word' id='word_1_685' title='bbox 1535 1141 1638 1168; x_wconf 78' lang='lat' dir='ltr'><strong>dictum</strong></span> <span class='ocrx_word' id='word_1_686' title='bbox 1663 1150 1671 1169; x_wconf 92' lang='lat'>:</span> 
     </span>
    </p>
   </div>
   <div class='ocr_carea' id='block_1_85' title="bbox 883 1185 1674 1222">
    <p class='ocr_par' dir='ltr' id='par_1_85' title="bbox 883 1185 1674 1222">
     <span class='ocr_line' id='line_1_85' title="bbox 883 1185 1674 1222; baseline 0.009 -13"><span class='ocrx_word' id='word_1_687' title='bbox 883 1192 893 1209; x_wconf 83' lang='grc'><strong>‹</strong></span> <span class='ocrx_word' id='word_1_688' title='bbox 912 1185 988 1211; x_wconf 83' lang='lat' dir='ltr'><strong>Nunc</strong></span> <span class='ocrx_word' id='word_1_689' title='bbox 1003 1191 1138 1219; x_wconf 76' lang='lat' dir='ltr'><strong>cognosco</strong></span> <span class='ocrx_word' id='word_1_690' title='bbox 1153 1192 1185 1211; x_wconf 78' lang='lat' dir='ltr'><strong>ex</strong></span> <span class='ocrx_word' id='word_1_691' title='bbox 1202 1189 1278 1218; x_wconf 88' lang='lat' dir='ltr'><strong>parte</strong></span> <span class='ocrx_word' id='word_1_692' title='bbox 1293 1186 1314 1218; x_wconf 88' lang='grc'><strong>⁷,</strong></span> <span class='ocrx_word' id='word_1_693' title='bbox 1332 1195 1340 1212; x_wconf 93' lang='lat'><strong>1</strong></span> <span class='ocrx_word' id='word_1_694' title='bbox 1358 1186 1384 1213; x_wconf 88' lang='lat' dir='ltr'><strong>id</strong></span> <span class='ocrx_word' id='word_1_695' title='bbox 1405 1187 1488 1213; x_wconf 87' lang='lat' dir='ltr'><strong>etiam</strong></span> <span class='ocrx_word' id='word_1_696' title='bbox 1503 1195 1674 1222; x_wconf 80' lang='lat' dir='ltr'><strong>consequen-</strong></span> 
     </span>
    </p>
   </div>
   <div class='ocr_carea' id='block_1_86' title="bbox 882 1231 1673 1268">
    <p class='ocr_par' dir='ltr' id='par_1_86' title="bbox 882 1231 1673 1268">
     <span class='ocr_line' id='line_1_86' title="bbox 882 1231 1673 1268; baseline 0.005 -11"><span class='ocrx_word' id='word_1_697' title='bbox 882 1237 922 1258; x_wconf 90' lang='lat' dir='ltr'><strong>ter</strong></span> <span class='ocrx_word' id='word_1_698' title='bbox 939 1232 972 1258; x_wconf 88' lang='lat' dir='ltr'><strong>de</strong></span> <span class='ocrx_word' id='word_1_699' title='bbox 987 1231 1083 1266; x_wconf 84' lang='lat' dir='ltr'><strong>quovis</strong></span> <span class='ocrx_word' id='word_1_700' title='bbox 1102 1232 1172 1258; x_wconf 90' lang='lat' dir='ltr'><strong>bono</strong></span> <span class='ocrx_word' id='word_1_701' title='bbox 1182 1232 1233 1258; x_wconf 88' lang='lat' dir='ltr'><strong>diei</strong></span> <span class='ocrx_word' id='word_1_702' title='bbox 1252 1231 1383 1265; x_wconf 83' lang='lat' dir='ltr'><strong>arbitror,</strong></span> <span class='ocrx_word' id='word_1_703' title='bbox 1399 1241 1514 1268; x_wconf 88' lang='lat' dir='ltr'><strong>quorum</strong></span> <span class='ocrx_word' id='word_1_704' title='bbox 1530 1242 1612 1260; x_wconf 91' lang='lat' dir='ltr'><strong>unum</strong></span> <span class='ocrx_word' id='word_1_705' title='bbox 1630 1239 1673 1262; x_wconf 79' lang='lat' dir='ltr'><strong>est</strong></span> 
     </span>
    </p>
   </div>
   <div class='ocr_carea' id='block_1_87' title="bbox 880 1278 1671 1314">
    <p class='ocr_par' dir='ltr' id='par_1_87' title="bbox 880 1278 1671 1314">
     <span class='ocr_line' id='line_1_87' title="bbox 880 1278 1671 1314; baseline 0.004 -10"><span class='ocrx_word' id='word_1_706' title='bbox 880 1279 962 1305; x_wconf 86' lang='lat' dir='ltr'><strong>etiam</strong></span> <span class='ocrx_word' id='word_1_707' title='bbox 979 1279 1055 1305; x_wconf 88' lang='lat' dir='ltr'><strong>tides.</strong></span> <span class='ocrx_word' id='word_1_708' title='bbox 1083 1278 1277 1311; x_wconf 82' lang='lat' dir='ltr'><strong>Quamobrem,</strong></span> <span class='ocrx_word' id='word_1_709' title='bbox 1301 1280 1383 1306; x_wconf 91' lang='lat' dir='ltr'><strong>credo</strong></span> <span class='ocrx_word' id='word_1_710' title='bbox 1402 1289 1410 1305; x_wconf 82' lang='grc' dir='ltr'><strong>ι</strong></span> <span class='ocrx_word' id='word_1_711' title='bbox 1430 1287 1501 1306; x_wconf 87' lang='lat' dir='ltr'><strong>mmc</strong></span> <span class='ocrx_word' id='word_1_712' title='bbox 1520 1287 1552 1307; x_wconf 79' lang='lat' dir='ltr'><strong>ex</strong></span> <span class='ocrx_word' id='word_1_713' title='bbox 1571 1285 1646 1314; x_wconf 84' lang='lat' dir='ltr'><strong>parte</strong></span> <span class='ocrx_word' id='word_1_714' title='bbox 1664 1289 1671 1307; x_wconf 91' lang='lat'><strong>:</strong></span> 
     </span>
    </p>
   </div>
   <div class='ocr_carea' id='block_1_88' title="bbox 881 1325 1673 1360">
    <p class='ocr_par' dir='ltr' id='par_1_88' title="bbox 881 1325 1673 1360">
     <span class='ocr_line' id='line_1_88' title="bbox 881 1325 1673 1360; baseline 0.004 -9"><span class='ocrx_word' id='word_1_715' title='bbox 881 1332 943 1352; x_wconf 90' lang='lat' dir='ltr'><strong>cum</strong></span> <span class='ocrx_word' id='word_1_716' title='bbox 974 1332 1038 1351; x_wconf 83' lang='lat' dir='ltr'><strong>vero</strong></span> <span class='ocrx_word' id='word_1_717' title='bbox 1063 1325 1168 1352; x_wconf 83' lang='lat' dir='ltr'><strong>venerit</strong></span> <span class='ocrx_word' id='word_1_718' title='bbox 1195 1325 1325 1360; x_wconf 78' lang='lat' dir='ltr'><strong>perfectio</strong></span> <span class='ocrx_word' id='word_1_719' title='bbox 1344 1335 1353 1351; x_wconf 93' lang='lat'><strong>1</strong></span> <span class='ocrx_word' id='word_1_720' title='bbox 1373 1325 1456 1359; x_wconf 87' lang='lat' dir='ltr'><strong>tidei,</strong></span> <span class='ocrx_word' id='word_1_721' title='bbox 1482 1335 1492 1352; x_wconf 76' lang='grc' dir='ltr'><strong>ι</strong></span> <span class='ocrx_word' id='word_1_722' title='bbox 1515 1327 1673 1354; x_wconf 83' lang='lat' dir='ltr'><strong>destruetur</strong></span> 
     </span>
    </p>
   </div>
   <div class='ocr_carea' id='block_1_89' title="bbox 881 1371 1674 1408">
    <p class='ocr_par' dir='ltr' id='par_1_89' title="bbox 881 1371 1674 1408">
     <span class='ocr_line' id='line_1_89' title="bbox 881 1371 1674 1408; baseline 0.005 -11"><span class='ocrx_word' id='word_1_723' title='bbox 881 1371 952 1406; x_wconf 85' lang='lat' dir='ltr'><strong>quod</strong></span> <span class='ocrx_word' id='word_1_724' title='bbox 977 1379 1008 1398; x_wconf 76' lang='lat' dir='ltr'><strong>ex</strong></span> <span class='ocrx_word' id='word_1_725' title='bbox 1029 1377 1107 1406; x_wconf 85' lang='lat' dir='ltr'><strong>parte</strong></span> <span class='ocrx_word' id='word_1_726' title='bbox 1127 1377 1169 1399; x_wconf 89' lang='lat' dir='ltr'><strong>est</strong></span> <span class='ocrx_word' id='word_1_727' title='bbox 1182 1372 1211 1404; x_wconf 81' lang='grc'><strong>³;</strong></span> <span class='ocrx_word' id='word_1_728' title='bbox 1232 1381 1241 1397; x_wconf 90' lang='lat'><strong>1</strong></span> <span class='ocrx_word' id='word_1_729' title='bbox 1261 1373 1312 1399; x_wconf 82' lang='lat' dir='ltr'><strong>[ide</strong></span> <span class='ocrx_word' id='word_1_730' title='bbox 1341 1380 1372 1399; x_wconf 84' lang='lat' dir='ltr'><strong>ea</strong></span> <span class='ocrx_word' id='word_1_731' title='bbox 1401 1380 1462 1406; x_wconf 62' lang='lat' dir='ltr'><strong>qua:</strong></span> <span class='ocrx_word' id='word_1_732' title='bbox 1489 1381 1537 1408; x_wconf 79' lang='lat' dir='ltr'><strong>per</strong></span> <span class='ocrx_word' id='word_1_733' title='bbox 1557 1373 1674 1401; x_wconf 77' lang='lat' dir='ltr'><strong>formant</strong></span> 
     </span>
    </p>
   </div>
   <div class='ocr_carea' id='block_1_90' title="bbox 882 1416 1674 1454">
    <p class='ocr_par' dir='ltr' id='par_1_90' title="bbox 882 1416 1674 1454">
     <span class='ocr_line' id='line_1_90' title="bbox 882 1416 1674 1454; baseline 0.005 -12"><span class='ocrx_word' id='word_1_734' title='bbox 882 1416 1017 1448; x_wconf 83' lang='lat' dir='ltr'><strong>subsistit,</strong></span> <span class='ocrx_word' id='word_1_735' title='bbox 1033 1416 1113 1451; x_wconf 78' lang='lat' dir='ltr'><strong>longe</strong></span> <span class='ocrx_word' id='word_1_736' title='bbox 1137 1417 1309 1452; x_wconf 78' lang='lat' dir='ltr'><strong>przecellcnte</strong></span> <span class='ocrx_word' id='word_1_737' title='bbox 1325 1418 1370 1444; x_wconf 89' lang='lat' dir='ltr'><strong>illa</strong></span> <span class='ocrx_word' id='word_1_738' title='bbox 1392 1418 1445 1445; x_wconf 85' lang='lat' dir='ltr'><strong>ﬁde</strong></span> <span class='ocrx_word' id='word_1_739' title='bbox 1460 1426 1520 1452; x_wconf 70' lang='lat' dir='ltr'><strong>quae</strong></span> <span class='ocrx_word' id='word_1_740' title='bbox 1547 1427 1594 1453; x_wconf 86' lang='lat' dir='ltr'><strong>per</strong></span> <span class='ocrx_word' id='word_1_741' title='bbox 1609 1427 1674 1454; x_wconf 89' lang='lat' dir='ltr'><strong>spe-</strong></span> 
     </span>
    </p>
   </div>
   <div class='ocr_carea' id='block_1_91' title="bbox 881 1463 1673 1500">
    <p class='ocr_par' dir='ltr' id='par_1_91' title="bbox 881 1463 1673 1500">
     <span class='ocr_line' id='line_1_91' title="bbox 881 1463 1673 1500; baseline 0.004 -10"><span class='ocrx_word' id='word_1_742' title='bbox 881 1463 984 1496; x_wconf 85' lang='lat' dir='ltr'><strong>cuium,</strong></span> <span class='ocrx_word' id='word_1_743' title='bbox 1002 1468 1031 1489; x_wconf 89' lang='lat' dir='ltr'><strong>ut</strong></span> <span class='ocrx_word' id='word_1_744' title='bbox 1048 1463 1083 1489; x_wconf 89' lang='lat' dir='ltr'><strong>ita</strong></span> <span class='ocrx_word' id='word_1_745' title='bbox 1099 1463 1206 1498; x_wconf 85' lang='lat' dir='ltr'><strong>loquar,</strong></span> <span class='ocrx_word' id='word_1_746' title='bbox 1219 1469 1271 1496; x_wconf 88' lang='lat' dir='ltr'><strong>est,</strong></span> <span class='ocrx_word' id='word_1_747' title='bbox 1292 1465 1352 1491; x_wconf 80' lang='lat' dir='ltr'><strong>etin</strong></span> <span class='ocrx_word' id='word_1_748' title='bbox 1371 1465 1516 1499; x_wconf 64' lang='lat' dir='ltr'><strong>aenigmate</strong></span> <span class='ocrx_word' id='word_1_749' title='bbox 1525 1466 1545 1498; x_wconf 81' lang='grc'>⁹,</span> <span class='ocrx_word' id='word_1_750' title='bbox 1562 1467 1673 1500; x_wconf 85' lang='lat' dir='ltr'><strong>perinde</strong></span> 
     </span>
    </p>
   </div>
   <div class='ocr_carea' id='block_1_92' title="bbox 881 1511 1245 1544">
    <p class='ocr_par' dir='ltr' id='par_1_92' title="bbox 881 1511 1245 1544">
     <span class='ocr_line' id='line_1_92' title="bbox 881 1511 1245 1544; baseline 0.003 -9"><span class='ocrx_word' id='word_1_751' title='bbox 881 1513 962 1543; x_wconf 87' lang='lat' dir='ltr'><strong>atque</strong></span> <span class='ocrx_word' id='word_1_752' title='bbox 979 1517 1100 1544; x_wconf 71' lang='lat' dir='ltr'><strong>praesens</strong></span> <span class='ocrx_word' id='word_1_753' title='bbox 1115 1511 1245 1544; x_wconf 77' lang='lat' dir='ltr'><strong>cognitio.</strong></span> 
     </span>
    </p>
   </div>
   <div class='ocr_carea' id='block_1_93' title="bbox 915 1555 1671 1592">
    <p class='ocr_par' dir='ltr' id='par_1_93' title="bbox 915 1555 1671 1592">
     <span class='ocr_line' id='line_1_93' title="bbox 915 1555 1671 1592; baseline 0.003 -10"><span class='ocrx_word' id='word_1_754' title='bbox 915 1555 962 1582; x_wconf 77' lang='lat'><strong>28.</strong></span> <span class='ocrx_word' id='word_1_755' title='bbox 982 1564 990 1580; x_wconf 85' lang='grc' dir='ltr'><strong>ι</strong></span> <span class='ocrx_word' id='word_1_756' title='bbox 1011 1555 1078 1582; x_wconf 82' lang='lat' dir='ltr'><strong>Cum</strong></span> <span class='ocrx_word' id='word_1_757' title='bbox 1096 1561 1185 1583; x_wconf 85' lang='lat' dir='ltr'><strong>autem</strong></span> <span class='ocrx_word' id='word_1_758' title='bbox 1201 1562 1273 1583; x_wconf 83' lang='lat' dir='ltr'><strong>esset</strong></span> <span class='ocrx_word' id='word_1_759' title='bbox 1297 1556 1477 1592; x_wconf 77' lang='lat' dir='ltr'><strong>Jcrosoiymis</strong></span> <span class='ocrx_word' id='word_1_760' title='bbox 1502 1557 1528 1584; x_wconf 92' lang='lat' dir='ltr'><strong>in</strong></span> <span class='ocrx_word' id='word_1_761' title='bbox 1557 1556 1671 1589; x_wconf 70' lang='lat' dir='ltr'><strong>l‘asciut,</strong></span> 
     </span>
    </p>
   </div>
   <div class='ocr_carea' id='block_1_94' title="bbox 882 1601 1674 1638">
    <p class='ocr_par' dir='ltr' id='par_1_94' title="bbox 882 1601 1674 1638">
     <span class='ocr_line' id='line_1_94' title="bbox 882 1601 1674 1638; baseline 0.001 -10"><span class='ocrx_word' id='word_1_762' title='bbox 882 1602 909 1628; x_wconf 91' lang='lat' dir='ltr'><strong>in</strong></span> <span class='ocrx_word' id='word_1_763' title='bbox 934 1601 980 1630; x_wconf 84' lang='lat' dir='ltr'><strong>die</strong></span> <span class='ocrx_word' id='word_1_764' title='bbox 996 1602 1076 1634; x_wconf 82' lang='lat' dir='ltr'><strong>festo,</strong></span> <span class='ocrx_word' id='word_1_765' title='bbox 1093 1602 1169 1630; x_wconf 90' lang='lat' dir='ltr'><strong>multi</strong></span> <span class='ocrx_word' id='word_1_766' title='bbox 1186 1603 1362 1630; x_wconf 88' lang='lat' dir='ltr'><strong>crediderunt</strong></span> <span class='ocrx_word' id='word_1_767' title='bbox 1380 1604 1405 1630; x_wconf 93' lang='lat' dir='ltr'><strong>in</strong></span> <span class='ocrx_word' id='word_1_768' title='bbox 1421 1604 1529 1631; x_wconf 75' lang='lat' dir='ltr'><strong>llOllIillC</strong></span> <span class='ocrx_word' id='word_1_769' title='bbox 1545 1604 1614 1638; x_wconf 84' lang='lat' dir='ltr'><strong>ejus,</strong></span> <span class='ocrx_word' id='word_1_770' title='bbox 1634 1612 1674 1630; x_wconf 72' lang='lat'><strong>1:.-</strong></span> 
     </span>
    </p>
   </div>
   <div class='ocr_carea' id='block_1_95' title="bbox 882 1647 1675 1684">
    <p class='ocr_par' dir='ltr' id='par_1_95' title="bbox 882 1647 1675 1684">
     <span class='ocr_line' id='line_1_95' title="bbox 882 1647 1675 1684; baseline 0.004 -10"><span class='ocrx_word' id='word_1_771' title='bbox 882 1647 978 1675; x_wconf 81' lang='lat' dir='ltr'><strong>dentes</strong></span> <span class='ocrx_word' id='word_1_772' title='bbox 1004 1648 1089 1682; x_wconf 89' lang='lat' dir='ltr'><strong>ipsius</strong></span> <span class='ocrx_word' id='word_1_773' title='bbox 1116 1648 1190 1683; x_wconf 76' lang='lat' dir='ltr'><strong>signa</strong></span> <span class='ocrx_word' id='word_1_774' title='bbox 1207 1656 1267 1683; x_wconf 75' lang='lat' dir='ltr'><strong>quae</strong></span> <span class='ocrx_word' id='word_1_775' title='bbox 1284 1649 1411 1676; x_wconf 81' lang='lat' dir='ltr'><strong>faciebat.</strong></span> <span class='ocrx_word' id='word_1_776' title='bbox 1437 1650 1496 1684; x_wconf 88' lang='lat' dir='ltr'><strong>Ipse</strong></span> <span class='ocrx_word' id='word_1_777' title='bbox 1515 1657 1578 1677; x_wconf 87' lang='lat' dir='ltr'><strong>vero</strong></span> <span class='ocrx_word' id='word_1_778' title='bbox 1593 1649 1675 1677; x_wconf 79' lang='lat' dir='ltr'><strong>JcSus</strong></span> 
     </span>
    </p>
   </div>
   <div class='ocr_carea' id='block_1_96' title="bbox 883 1695 1672 1731">
    <p class='ocr_par' dir='ltr' id='par_1_96' title="bbox 883 1695 1672 1731">
     <span class='ocr_line' id='line_1_96' title="bbox 883 1695 1672 1731; baseline 0.005 -11"><span class='ocrx_word' id='word_1_779' title='bbox 883 1701 936 1720; x_wconf 90' lang='lat' dir='ltr'><strong>non</strong></span> <span class='ocrx_word' id='word_1_780' title='bbox 953 1695 1081 1721; x_wconf 87' lang='lat' dir='ltr'><strong>credebat</strong></span> <span class='ocrx_word' id='word_1_781' title='bbox 1093 1695 1212 1729; x_wconf 88' lang='lat' dir='ltr'><strong>seipsum</strong></span> <span class='ocrx_word' id='word_1_782' title='bbox 1233 1695 1296 1727; x_wconf 87' lang='lat' dir='ltr'><strong>illis,</strong></span> <span class='ocrx_word' id='word_1_783' title='bbox 1312 1702 1344 1721; x_wconf 89' lang='lat' dir='ltr'><strong>eo</strong></span> <span class='ocrx_word' id='word_1_784' title='bbox 1363 1696 1433 1729; x_wconf 87' lang='lat' dir='ltr'><strong>quod</strong></span> <span class='ocrx_word' id='word_1_785' title='bbox 1453 1695 1510 1730; x_wconf 81' lang='lat' dir='ltr'><strong>ipse</strong></span> <span class='ocrx_word' id='word_1_786' title='bbox 1527 1704 1672 1731; x_wconf 63' lang='lat' dir='ltr'><strong>cognosce-</strong></span> 
     </span>
    </p>
   </div>
   <div class='ocr_carea' id='block_1_97' title="bbox 885 1741 1675 1777">
    <p class='ocr_par' dir='ltr' id='par_1_97' title="bbox 885 1741 1675 1777">
     <span class='ocr_line' id='line_1_97' title="bbox 885 1741 1675 1777; baseline 0.001 -9"><span class='ocrx_word' id='word_1_787' title='bbox 885 1746 924 1768; x_wconf 85' lang='lat' dir='ltr'><strong>ret</strong></span> <span class='ocrx_word' id='word_1_788' title='bbox 944 1747 1052 1774; x_wconf 87' lang='lat' dir='ltr'><strong>omnes,</strong></span> <span class='ocrx_word' id='word_1_789' title='bbox 1076 1749 1125 1768; x_wconf 87' lang='lat' dir='ltr'><strong>nec</strong></span> <span class='ocrx_word' id='word_1_790' title='bbox 1139 1748 1208 1775; x_wconf 87' lang='lat' dir='ltr'><strong>opus</strong></span> <span class='ocrx_word' id='word_1_791' title='bbox 1227 1741 1342 1769; x_wconf 83' lang='lat' dir='ltr'><strong>haberet</strong></span> <span class='ocrx_word' id='word_1_792' title='bbox 1359 1747 1389 1768; x_wconf 92' lang='lat' dir='ltr'><strong>ut</strong></span> <span class='ocrx_word' id='word_1_793' title='bbox 1403 1742 1598 1769; x_wconf 80' lang='lat' dir='ltr'><strong>testiﬁcaretur</strong></span> <span class='ocrx_word' id='word_1_794' title='bbox 1613 1744 1675 1777; x_wconf 82' lang='lat' dir='ltr'><strong>quis</strong></span> 
     </span>
    </p>
   </div>
   <div class='ocr_carea' id='block_1_98' title="bbox 883 1786 1674 1822">
    <p class='ocr_par' dir='ltr' id='par_1_98' title="bbox 883 1786 1674 1822">
     <span class='ocr_line' id='line_1_98' title="bbox 883 1786 1674 1822; baseline 0.003 -9"><span class='ocrx_word' id='word_1_795' title='bbox 883 1786 918 1814; x_wconf 93' lang='lat' dir='ltr'><strong>de</strong></span> <span class='ocrx_word' id='word_1_796' title='bbox 934 1787 1054 1814; x_wconf 86' lang='lat' dir='ltr'><strong>homine.</strong></span> <span class='ocrx_word' id='word_1_797' title='bbox 1079 1787 1138 1822; x_wconf 85' lang='lat' dir='ltr'><strong>Ipse</strong></span> <span class='ocrx_word' id='word_1_798' title='bbox 1155 1788 1229 1814; x_wconf 90' lang='lat' dir='ltr'><strong>enim</strong></span> <span class='ocrx_word' id='word_1_799' title='bbox 1243 1788 1347 1815; x_wconf 84' lang='lat' dir='ltr'><strong>sciebat</strong></span> <span class='ocrx_word' id='word_1_800' title='bbox 1362 1789 1426 1822; x_wconf 85' lang='lat' dir='ltr'><strong>quid</strong></span> <span class='ocrx_word' id='word_1_801' title='bbox 1450 1793 1524 1815; x_wconf 85' lang='lat' dir='ltr'><strong>esset</strong></span> <span class='ocrx_word' id='word_1_802' title='bbox 1540 1789 1565 1815; x_wconf 90' lang='lat' dir='ltr'><strong>in</strong></span> <span class='ocrx_word' id='word_1_803' title='bbox 1583 1789 1674 1816; x_wconf 61' lang='lat' dir='ltr'><strong>homi«</strong></span> 
     </span>
    </p>
   </div>
   <div class='ocr_carea' id='block_1_99' title="bbox 884 1833 1674 1870">
    <p class='ocr_par' dir='ltr' id='par_1_99' title="bbox 884 1833 1674 1870">
     <span class='ocr_line' id='line_1_99' title="bbox 884 1833 1674 1870; baseline 0.001 -10"><span class='ocrx_word' id='word_1_804' title='bbox 884 1833 962 1861; x_wconf 82' lang='lat' dir='ltr'><strong>ne“.</strong></span> <span class='ocrx_word' id='word_1_805' title='bbox 984 1843 992 1858; x_wconf 91' lang='lat'><strong>1</strong></span> <span class='ocrx_word' id='word_1_806' title='bbox 1023 1834 1133 1867; x_wconf 70' lang='lat' dir='ltr'><strong>Qnmrat</strong></span> <span class='ocrx_word' id='word_1_807' title='bbox 1162 1833 1260 1868; x_wconf 83' lang='lat' dir='ltr'><strong>aliquis</strong></span> <span class='ocrx_word' id='word_1_808' title='bbox 1285 1834 1366 1869; x_wconf 79' lang='lat'><strong>210</strong></span> <span class='ocrx_word' id='word_1_809' title='bbox 1391 1835 1528 1869; x_wconf 84' lang='lat' dir='ltr'><strong>quomodo</strong></span> <span class='ocrx_word' id='word_1_810' title='bbox 1553 1835 1674 1870; x_wconf 86' lang='lat' dir='ltr'><strong>seipsmn</strong></span> 
     </span>
    </p>
   </div>
   <div class='ocr_carea' id='block_1_100' title="bbox 885 1879 1677 1913">
    <p class='ocr_par' dir='ltr' id='par_1_100' title="bbox 885 1879 1677 1913">
     <span class='ocr_line' id='line_1_100' title="bbox 885 1879 1677 1913; baseline -0.003 -6"><span class='ocrx_word' id='word_1_811' title='bbox 885 1888 938 1907; x_wconf 89' lang='lat' dir='ltr'><strong>non</strong></span> <span class='ocrx_word' id='word_1_812' title='bbox 963 1879 1087 1907; x_wconf 83' lang='lat' dir='ltr'><strong>crederet</strong></span> <span class='ocrx_word' id='word_1_813' title='bbox 1102 1879 1182 1906; x_wconf 79' lang='lat' dir='ltr'><strong>Jcsns</strong></span> <span class='ocrx_word' id='word_1_814' title='bbox 1207 1879 1250 1906; x_wconf 86' lang='lat' dir='ltr'><strong>his</strong></span> <span class='ocrx_word' id='word_1_815' title='bbox 1264 1879 1297 1906; x_wconf 90' lang='lat' dir='ltr'><strong>de</strong></span> <span class='ocrx_word' id='word_1_816' title='bbox 1311 1879 1410 1913; x_wconf 86' lang='lat' dir='ltr'><strong>quibus</strong></span> <span class='ocrx_word' id='word_1_817' title='bbox 1429 1883 1558 1906; x_wconf 84' lang='lat' dir='ltr'><strong>testatum</strong></span> <span class='ocrx_word' id='word_1_818' title='bbox 1588 1879 1677 1905; x_wconf 78' lang='lat' dir='ltr'><strong>fuerat.</strong></span> 
     </span>
    </p>
   </div>
   <div class='ocr_carea' id='block_1_101' title="bbox 884 1926 1675 1962">
    <p class='ocr_par' dir='ltr' id='par_1_101' title="bbox 884 1926 1675 1962">
     <span class='ocr_line' id='line_1_101' title="bbox 884 1926 1675 1962; baseline -0.003 -8"><span class='ocrx_word' id='word_1_819' title='bbox 884 1927 955 1962; x_wconf 85' lang='lat' dir='ltr'><strong>quod</strong></span> <span class='ocrx_word' id='word_1_820' title='bbox 973 1927 1119 1954; x_wconf 74' lang='lat' dir='ltr'><strong>crederent</strong></span> <span class='ocrx_word' id='word_1_821' title='bbox 1136 1934 1143 1953; x_wconf 91' lang='lat'><strong>:</strong></span> <span class='ocrx_word' id='word_1_822' title='bbox 1162 1926 1194 1953; x_wconf 85' lang='lat' dir='ltr'><strong>ad</strong></span> <span class='ocrx_word' id='word_1_823' title='bbox 1221 1927 1293 1960; x_wconf 87' lang='lat' dir='ltr'><strong>quod</strong></span> <span class='ocrx_word' id='word_1_824' title='bbox 1317 1926 1462 1953; x_wconf 86' lang='lat' dir='ltr'><strong>dicendum</strong></span> <span class='ocrx_word' id='word_1_825' title='bbox 1478 1931 1529 1958; x_wconf 82' lang='lat' dir='ltr'><strong>est,</strong></span> <span class='ocrx_word' id='word_1_826' title='bbox 1553 1933 1606 1953; x_wconf 91' lang='lat' dir='ltr'><strong>non</strong></span> <span class='ocrx_word' id='word_1_827' title='bbox 1632 1926 1675 1953; x_wconf 88' lang='lat' dir='ltr'><strong>his</strong></span> 
     </span>
    </p>
   </div>
   <div class='ocr_carea' id='block_1_102' title="bbox 885 1972 1675 2009">
    <p class='ocr_par' dir='ltr' id='par_1_102' title="bbox 885 1972 1675 2009">
     <span class='ocr_line' id='line_1_102' title="bbox 885 1972 1675 2009; baseline -0.001 -9"><span class='ocrx_word' id='word_1_828' title='bbox 885 1975 929 2009; x_wconf 94' lang='lat' dir='ltr'><strong>qui</strong></span> <span class='ocrx_word' id='word_1_829' title='bbox 945 1974 1063 2001; x_wconf 88' lang='lat' dir='ltr'><strong>credunt</strong></span> <span class='ocrx_word' id='word_1_830' title='bbox 1092 1973 1117 1999; x_wconf 87' lang='lat' dir='ltr'><strong>in</strong></span> <span class='ocrx_word' id='word_1_831' title='bbox 1148 1973 1235 2008; x_wconf 89' lang='lat' dir='ltr'><strong>ipsmn</strong></span> <span class='ocrx_word' id='word_1_832' title='bbox 1256 1981 1308 2000; x_wconf 89' lang='lat' dir='ltr'><strong>non</strong></span> <span class='ocrx_word' id='word_1_833' title='bbox 1323 1980 1353 2000; x_wconf 87' lang='lat' dir='ltr'><strong>se</strong></span> <span class='ocrx_word' id='word_1_834' title='bbox 1369 1973 1481 2000; x_wconf 82' lang='lat' dir='ltr'><strong>credere</strong></span> <span class='ocrx_word' id='word_1_835' title='bbox 1503 1972 1607 2005; x_wconf 75' lang='lat' dir='ltr'><strong>Jcsum,</strong></span> <span class='ocrx_word' id='word_1_836' title='bbox 1626 1973 1675 1999; x_wconf 86' lang='lat' dir='ltr'><strong>scd</strong></span> 
     </span>
    </p>
   </div>
   <div class='ocr_carea' id='block_1_103' title="bbox 886 2018 1673 2055">
    <p class='ocr_par' dir='ltr' id='par_1_103' title="bbox 886 2018 1673 2055">
     <span class='ocr_line' id='line_1_103' title="bbox 886 2018 1673 2055; baseline -0.003 -8"><span class='ocrx_word' id='word_1_837' title='bbox 886 2021 927 2048; x_wconf 85' lang='lat' dir='ltr'><strong>his</strong></span> <span class='ocrx_word' id='word_1_838' title='bbox 943 2021 987 2055; x_wconf 87' lang='lat' dir='ltr'><strong>qtti</strong></span> <span class='ocrx_word' id='word_1_839' title='bbox 1002 2021 1118 2047; x_wconf 81' lang='lat' dir='ltr'><strong>credunt</strong></span> <span class='ocrx_word' id='word_1_840' title='bbox 1133 2020 1158 2045; x_wconf 89' lang='lat' dir='ltr'><strong>in</strong></span> <span class='ocrx_word' id='word_1_841' title='bbox 1178 2019 1287 2047; x_wconf 83' lang='lat' dir='ltr'><strong>nomine</strong></span> <span class='ocrx_word' id='word_1_842' title='bbox 1312 2019 1380 2053; x_wconf 83' lang='lat' dir='ltr'><strong>ejus.</strong></span> <span class='ocrx_word' id='word_1_843' title='bbox 1401 2018 1496 2047; x_wconf 59' lang='grc' dir='ltr'>[ἥσει-ι</span> <span class='ocrx_word' id='word_1_844' title='bbox 1512 2019 1586 2046; x_wconf 87' lang='lat' dir='ltr'><strong>enim</strong></span> <span class='ocrx_word' id='word_1_845' title='bbox 1610 2026 1673 2045; x_wconf 85' lang='lat' dir='ltr'><strong>cre-</strong></span> 
     </span>
    </p>
   </div>
   <div class='ocr_carea' id='block_1_104' title="bbox 885 2065 1676 2101">
    <p class='ocr_par' dir='ltr' id='par_1_104' title="bbox 885 2065 1676 2101">
     <span class='ocr_line' id='line_1_104' title="bbox 885 2065 1676 2101; baseline 0.001 -8"><span class='ocrx_word' id='word_1_846' title='bbox 885 2067 950 2093; x_wconf 80' lang='lat' dir='ltr'><strong>dere</strong></span> <span class='ocrx_word' id='word_1_847' title='bbox 966 2067 991 2093; x_wconf 93' lang='lat' dir='ltr'><strong>in</strong></span> <span class='ocrx_word' id='word_1_848' title='bbox 1011 2066 1110 2101; x_wconf 91' lang='lat' dir='ltr'><strong>ipsum,</strong></span> <span class='ocrx_word' id='word_1_849' title='bbox 1125 2065 1158 2092; x_wconf 87' lang='lat' dir='ltr'><strong>ab</strong></span> <span class='ocrx_word' id='word_1_850' title='bbox 1177 2073 1209 2092; x_wconf 88' lang='lat' dir='ltr'><strong>eo</strong></span> <span class='ocrx_word' id='word_1_851' title='bbox 1225 2066 1296 2100; x_wconf 86' lang='lat' dir='ltr'><strong>quod</strong></span> <span class='ocrx_word' id='word_1_852' title='bbox 1315 2071 1356 2092; x_wconf 89' lang='lat' dir='ltr'><strong>est</strong></span> <span class='ocrx_word' id='word_1_853' title='bbox 1378 2067 1489 2093; x_wconf 86' lang='lat' dir='ltr'><strong>credere</strong></span> <span class='ocrx_word' id='word_1_854' title='bbox 1510 2066 1534 2092; x_wconf 92' lang='lat' dir='ltr'><strong>in</strong></span> <span class='ocrx_word' id='word_1_855' title='bbox 1566 2066 1676 2094; x_wconf 80' lang='lat' dir='ltr'><strong>nomine</strong></span> 
     </span>
    </p>
   </div>
   <div class='ocr_carea' id='block_1_105' title="bbox 887 2110 1674 2146">
    <p class='ocr_par' dir='ltr' id='par_1_105' title="bbox 887 2110 1674 2146">
     <span class='ocr_line' id='line_1_105' title="bbox 887 2110 1674 2146; baseline 0.001 -9"><span class='ocrx_word' id='word_1_856' title='bbox 887 2112 984 2146; x_wconf 51' lang='lat' dir='ltr'><strong>ipsius.</strong></span> <span class='ocrx_word' id='word_1_857' title='bbox 1011 2110 1106 2145; x_wconf 75' lang='lat' dir='ltr'><strong>Itaque</strong></span> <span class='ocrx_word' id='word_1_858' title='bbox 1133 2111 1179 2145; x_wconf 91' lang='lat' dir='ltr'><strong>qui</strong></span> <span class='ocrx_word' id='word_1_859' title='bbox 1205 2119 1253 2145; x_wconf 85' lang='lat' dir='ltr'><strong>per</strong></span> <span class='ocrx_word' id='word_1_860' title='bbox 1270 2110 1349 2137; x_wconf 78' lang='lat' dir='ltr'><strong>ﬁderit</strong></span> <span class='ocrx_word' id='word_1_861' title='bbox 1375 2118 1429 2138; x_wconf 90' lang='lat' dir='ltr'><strong>non</strong></span> <span class='ocrx_word' id='word_1_862' title='bbox 1446 2116 1487 2138; x_wconf 87' lang='lat' dir='ltr'><strong>est</strong></span> <span class='ocrx_word' id='word_1_863' title='bbox 1502 2111 1674 2145; x_wconf 70' lang='lat' dir='ltr'><strong>iudicandus,</strong></span> 
     </span>
    </p>
   </div>
   <div class='ocr_carea' id='block_1_106' title="bbox 888 2157 1674 2192">
    <p class='ocr_par' dir='ltr' id='par_1_106' title="bbox 888 2157 1674 2192">
     <span class='ocr_line' id='line_1_106' title="bbox 888 2157 1674 2192; baseline 0.003 -9"><span class='ocrx_word' id='word_1_864' title='bbox 888 2165 940 2184; x_wconf 85' lang='lat' dir='ltr'><strong>non</strong></span> <span class='ocrx_word' id='word_1_865' title='bbox 954 2157 1091 2191; x_wconf 78' lang='lat' dir='ltr'><strong>jndieatnr</strong></span> <span class='ocrx_word' id='word_1_866' title='bbox 1106 2165 1138 2183; x_wconf 87' lang='lat' dir='ltr'><strong>eo</strong></span> <span class='ocrx_word' id='word_1_867' title='bbox 1152 2158 1223 2191; x_wconf 90' lang='lat' dir='ltr'><strong>quod</strong></span> <span class='ocrx_word' id='word_1_868' title='bbox 1239 2158 1332 2184; x_wconf 84' lang='lat' dir='ltr'><strong>credat</strong></span> <span class='ocrx_word' id='word_1_869' title='bbox 1347 2157 1372 2184; x_wconf 91' lang='lat' dir='ltr'><strong>in</strong></span> <span class='ocrx_word' id='word_1_870' title='bbox 1393 2157 1491 2192; x_wconf 86' lang='lat' dir='ltr'><strong>ipsum,</strong></span> <span class='ocrx_word' id='word_1_871' title='bbox 1512 2166 1566 2185; x_wconf 91' lang='lat' dir='ltr'><strong>non</strong></span> <span class='ocrx_word' id='word_1_872' title='bbox 1585 2163 1674 2185; x_wconf 83' lang='lat' dir='ltr'><strong>autent</strong></span> 
     </span>
    </p>
   </div>
   <div class='ocr_carea' id='block_1_107' title="bbox 887 2203 1677 2237">
    <p class='ocr_par' dir='ltr' id='par_1_107' title="bbox 887 2203 1677 2237">
     <span class='ocr_line' id='line_1_107' title="bbox 887 2203 1677 2237; baseline 0.003 -8"><span class='ocrx_word' id='word_1_873' title='bbox 887 2211 918 2230; x_wconf 89' lang='lat' dir='ltr'><strong>eo</strong></span> <span class='ocrx_word' id='word_1_874' title='bbox 933 2204 1004 2237; x_wconf 87' lang='lat' dir='ltr'><strong>quod</strong></span> <span class='ocrx_word' id='word_1_875' title='bbox 1022 2204 1115 2230; x_wconf 81' lang='lat' dir='ltr'><strong>credat</strong></span> <span class='ocrx_word' id='word_1_876' title='bbox 1133 2203 1158 2230; x_wconf 91' lang='lat' dir='ltr'><strong>in</strong></span> <span class='ocrx_word' id='word_1_877' title='bbox 1178 2204 1288 2230; x_wconf 89' lang='lat' dir='ltr'><strong>nomine</strong></span> <span class='ocrx_word' id='word_1_878' title='bbox 1310 2203 1406 2237; x_wconf 89' lang='lat' dir='ltr'><strong>ipsius.</strong></span> <span class='ocrx_word' id='word_1_879' title='bbox 1429 2203 1515 2237; x_wconf 89' lang='lat' dir='ltr'><strong>luquit</strong></span> <span class='ocrx_word' id='word_1_880' title='bbox 1529 2205 1602 2230; x_wconf 86' lang='lat' dir='ltr'><strong>enim</strong></span> <span class='ocrx_word' id='word_1_881' title='bbox 1623 2205 1677 2232; x_wconf 88' lang='lat' dir='ltr'><strong>Do-</strong></span> 
     </span>
    </p>
   </div>
   <div class='ocr_carea' id='block_1_108' title="bbox 888 2250 1677 2284">
    <p class='ocr_par' dir='ltr' id='par_1_108' title="bbox 888 2250 1677 2284">
     <span class='ocr_line' id='line_1_108' title="bbox 888 2250 1677 2284; baseline 0.003 -8"><span class='ocrx_word' id='word_1_882' title='bbox 888 2250 976 2277; x_wconf 89' lang='lat' dir='ltr'><strong>minus</strong></span> <span class='ocrx_word' id='word_1_883' title='bbox 994 2259 999 2275; x_wconf 97' lang='lat'>:</span> <span class='ocrx_word' id='word_1_884' title='bbox 1024 2263 1031 2274; x_wconf 76' lang='grc' dir='ltr'><strong>ι</strong></span> <span class='ocrx_word' id='word_1_885' title='bbox 1050 2250 1100 2283; x_wconf 83' lang='lat' dir='ltr'><strong>Qui</strong></span> <span class='ocrx_word' id='word_1_886' title='bbox 1121 2251 1208 2277; x_wconf 87' lang='lat' dir='ltr'><strong>credit</strong></span> <span class='ocrx_word' id='word_1_887' title='bbox 1228 2251 1254 2277; x_wconf 90' lang='lat' dir='ltr'><strong>in</strong></span> <span class='ocrx_word' id='word_1_888' title='bbox 1270 2258 1322 2282; x_wconf 87' lang='lat' dir='ltr'><strong>me,</strong></span> <span class='ocrx_word' id='word_1_889' title='bbox 1342 2258 1394 2277; x_wconf 92' lang='lat' dir='ltr'><strong>non</strong></span> <span class='ocrx_word' id='word_1_890' title='bbox 1408 2250 1547 2283; x_wconf 84' lang='lat' dir='ltr'><strong>judicalur</strong></span> <span class='ocrx_word' id='word_1_891' title='bbox 1562 2251 1601 2284; x_wconf 85' lang='lat'><strong>“;</strong></span> <span class='ocrx_word' id='word_1_892' title='bbox 1622 2261 1632 2277; x_wconf 92' lang='lat'><strong>1</strong></span> <span class='ocrx_word' id='word_1_893' title='bbox 1649 2256 1677 2278; x_wconf 85' lang='lat' dir='ltr'><strong>at</strong></span> 
     </span>
    </p>
   </div>
   <div class='ocr_carea' id='block_1_109' title="bbox 888 2296 1675 2331">
    <p class='ocr_par' dir='ltr' id='par_1_109' title="bbox 888 2296 1675 2331">
     <span class='ocr_line' id='line_1_109' title="bbox 888 2296 1675 2331; baseline 0.005 -9"><span class='ocrx_word' id='word_1_894' title='bbox 888 2304 941 2322; x_wconf 90' lang='lat' dir='ltr'><strong>non</strong></span> <span class='ocrx_word' id='word_1_895' title='bbox 957 2297 1021 2323; x_wconf 88' lang='lat' dir='ltr'><strong>item</strong></span> <span class='ocrx_word' id='word_1_896' title='bbox 1033 2317 1040 2328; x_wconf 91' lang='lat'><strong>,</strong></span> <span class='ocrx_word' id='word_1_897' title='bbox 1053 2297 1099 2331; x_wconf 90' lang='lat' dir='ltr'><strong>qni</strong></span> <span class='ocrx_word' id='word_1_898' title='bbox 1116 2298 1201 2325; x_wconf 88' lang='lat' dir='ltr'><strong>credit</strong></span> <span class='ocrx_word' id='word_1_899' title='bbox 1219 2298 1244 2325; x_wconf 93' lang='lat' dir='ltr'><strong>in</strong></span> <span class='ocrx_word' id='word_1_900' title='bbox 1261 2298 1370 2324; x_wconf 89' lang='lat' dir='ltr'><strong>nomine</strong></span> <span class='ocrx_word' id='word_1_901' title='bbox 1386 2305 1447 2324; x_wconf 88' lang='lat' dir='ltr'><strong>meo</strong></span> <span class='ocrx_word' id='word_1_902' title='bbox 1464 2296 1675 2331; x_wconf 80' lang='lat' dir='ltr'><strong>nottjudicatur.</strong></span> 
     </span>
    </p>
   </div>
   <div class='ocr_carea' id='block_1_110' title="bbox 888 2341 1676 2379">
    <p class='ocr_par' dir='ltr' id='par_1_110' title="bbox 888 2341 1676 2379">
     <span class='ocr_line' id='line_1_110' title="bbox 888 2341 1676 2379; baseline 0.003 -10"><span class='ocrx_word' id='word_1_903' title='bbox 888 2341 942 2370; x_wconf 88' lang='lat' dir='ltr'><strong>Nec</strong></span> <span class='ocrx_word' id='word_1_904' title='bbox 959 2347 1048 2370; x_wconf 82' lang='lat' dir='ltr'><strong>tamen</strong></span> <span class='ocrx_word' id='word_1_905' title='bbox 1067 2343 1164 2379; x_wconf 85' lang='lat' dir='ltr'><strong>inquit,</strong></span> <span class='ocrx_word' id='word_1_906' title='bbox 1180 2344 1231 2377; x_wconf 85' lang='lat' dir='ltr'><strong>Qui</strong></span> <span class='ocrx_word' id='word_1_907' title='bbox 1248 2344 1334 2371; x_wconf 86' lang='lat' dir='ltr'><strong>credit</strong></span> <span class='ocrx_word' id='word_1_908' title='bbox 1351 2344 1377 2370; x_wconf 95' lang='lat' dir='ltr'><strong>in</strong></span> <span class='ocrx_word' id='word_1_909' title='bbox 1395 2351 1447 2376; x_wconf 85' lang='lat' dir='ltr'><strong>tne,</strong></span> <span class='ocrx_word' id='word_1_910' title='bbox 1463 2344 1520 2379; x_wconf 83' lang='lat' dir='ltr'><strong>jam</strong></span> <span class='ocrx_word' id='word_1_911' title='bbox 1537 2344 1676 2378; x_wconf 80' lang='lat' dir='ltr'><strong>judicatus</strong></span> 
     </span>
    </p>
   </div>
   <div class='ocr_carea' id='block_1_111' title="bbox 887 2387 1676 2424">
    <p class='ocr_par' dir='ltr' id='par_1_111' title="bbox 887 2387 1676 2424">
     <span class='ocr_line' id='line_1_111' title="bbox 887 2387 1676 2424; baseline 0.003 -10"><span class='ocrx_word' id='word_1_912' title='bbox 887 2393 939 2415; x_wconf 89' lang='lat' dir='ltr'><strong>est.</strong></span> <span class='ocrx_word' id='word_1_913' title='bbox 962 2387 1099 2416; x_wconf 81' lang='lat' dir='ltr'><strong>Fortassis</strong></span> <span class='ocrx_word' id='word_1_914' title='bbox 1125 2389 1197 2416; x_wconf 89' lang='lat' dir='ltr'><strong>enim</strong></span> <span class='ocrx_word' id='word_1_915' title='bbox 1215 2389 1261 2423; x_wconf 88' lang='lat' dir='ltr'><strong>qui</strong></span> <span class='ocrx_word' id='word_1_916' title='bbox 1288 2389 1376 2416; x_wconf 89' lang='lat' dir='ltr'><strong>credit</strong></span> <span class='ocrx_word' id='word_1_917' title='bbox 1401 2389 1428 2416; x_wconf 93' lang='lat' dir='ltr'><strong>in</strong></span> <span class='ocrx_word' id='word_1_918' title='bbox 1455 2389 1564 2416; x_wconf 87' lang='lat' dir='ltr'><strong>nomine</strong></span> <span class='ocrx_word' id='word_1_919' title='bbox 1580 2389 1676 2424; x_wconf 79' lang='lat' dir='ltr'><strong>ipsius,</strong></span> 
     </span>
    </p>
   </div>
   <div class='ocr_carea' id='block_1_112' title="bbox 886 2434 1675 2470">
    <p class='ocr_par' dir='ltr' id='par_1_112' title="bbox 886 2434 1675 2470">
     <span class='ocr_line' id='line_1_112' title="bbox 886 2434 1675 2470; baseline 0.001 -9"><span class='ocrx_word' id='word_1_920' title='bbox 886 2434 972 2462; x_wconf 86' lang='lat' dir='ltr'><strong>credit</strong></span> <span class='ocrx_word' id='word_1_921' title='bbox 988 2434 1109 2468; x_wconf 86' lang='lat' dir='ltr'><strong>quidem,</strong></span> <span class='ocrx_word' id='word_1_922' title='bbox 1132 2441 1218 2468; x_wconf 84' lang='lat' dir='ltr'><strong>quare</strong></span> <span class='ocrx_word' id='word_1_923' title='bbox 1241 2435 1368 2470; x_wconf 81' lang='lat' dir='ltr'><strong>indignus</strong></span> <span class='ocrx_word' id='word_1_924' title='bbox 1383 2436 1484 2470; x_wconf 84' lang='lat' dir='ltr'><strong>estqui</strong></span> <span class='ocrx_word' id='word_1_925' title='bbox 1499 2435 1554 2470; x_wconf 85' lang='lat' dir='ltr'><strong>jam</strong></span> <span class='ocrx_word' id='word_1_926' title='bbox 1565 2434 1675 2469; x_wconf 84' lang='lat' dir='ltr'><strong>judica-</strong></span> 
     </span>
    </p>
   </div>
   <div class='ocr_carea' id='block_1_113' title="bbox 887 2481 1673 2515">
    <p class='ocr_par' dir='ltr' id='par_1_113' title="bbox 887 2481 1673 2515">
     <span class='ocr_line' id='line_1_113' title="bbox 887 2481 1673 2515; baseline 0.001 -8"><span class='ocrx_word' id='word_1_927' title='bbox 887 2486 929 2507; x_wconf 90' lang='lat' dir='ltr'><strong>tus</strong></span> <span class='ocrx_word' id='word_1_928' title='bbox 942 2481 1044 2512; x_wconf 87' lang='lat' dir='ltr'><strong>sil,sed</strong></span> <span class='ocrx_word' id='word_1_929' title='bbox 1062 2481 1150 2507; x_wconf 86' lang='lat' dir='ltr'><strong>minor</strong></span> <span class='ocrx_word' id='word_1_930' title='bbox 1164 2488 1197 2507; x_wconf 90' lang='lat' dir='ltr'><strong>eo</strong></span> <span class='ocrx_word' id='word_1_931' title='bbox 1214 2481 1313 2515; x_wconf 88' lang='lat' dir='ltr'><strong>estqui</strong></span> <span class='ocrx_word' id='word_1_932' title='bbox 1328 2481 1415 2508; x_wconf 85' lang='lat' dir='ltr'><strong>credit</strong></span> <span class='ocrx_word' id='word_1_933' title='bbox 1431 2481 1456 2508; x_wconf 92' lang='lat' dir='ltr'><strong>in</strong></span> <span class='ocrx_word' id='word_1_934' title='bbox 1476 2481 1573 2515; x_wconf 76' lang='lat' dir='ltr'><strong>ipsum.</strong></span> <span class='ocrx_word' id='word_1_935' title='bbox 1588 2482 1673 2514; x_wconf 86' lang='lat' dir='ltr'><strong>Quam</strong></span> 
     </span>
    </p>
   </div>
   <div class='ocr_carea' id='block_1_114' title="bbox 885 2527 1673 2562">
    <p class='ocr_par' dir='ltr' id='par_1_114' title="bbox 885 2527 1673 2562">
     <span class='ocr_line' id='line_1_114' title="bbox 885 2527 1673 2562; baseline 0 -8"><span class='ocrx_word' id='word_1_936' title='bbox 885 2527 919 2554; x_wconf 85' lang='lat' dir='ltr'><strong>ob</strong></span> <span class='ocrx_word' id='word_1_937' title='bbox 933 2530 1044 2554; x_wconf 81' lang='lat' dir='ltr'><strong>causam</strong></span> <span class='ocrx_word' id='word_1_938' title='bbox 1063 2527 1185 2554; x_wconf 86' lang='lat' dir='ltr'><strong>credenti</strong></span> <span class='ocrx_word' id='word_1_939' title='bbox 1201 2527 1227 2554; x_wconf 91' lang='lat' dir='ltr'><strong>in</strong></span> <span class='ocrx_word' id='word_1_940' title='bbox 1243 2527 1352 2553; x_wconf 87' lang='lat' dir='ltr'><strong>nomine</strong></span> <span class='ocrx_word' id='word_1_941' title='bbox 1371 2528 1457 2562; x_wconf 86' lang='lat' dir='ltr'><strong>ipsius</strong></span> <span class='ocrx_word' id='word_1_942' title='bbox 1471 2528 1590 2561; x_wconf 77' lang='lat' dir='ltr'><strong>seipsnm</strong></span> <span class='ocrx_word' id='word_1_943' title='bbox 1619 2535 1673 2554; x_wconf 80' lang='lat' dir='ltr'><strong>non</strong></span> 
     </span>
    </p>
   </div>
   <div class='ocr_carea' id='block_1_115' title="bbox 865 2593 1128 2625">
    <p class='ocr_par' dir='ltr' id='par_1_115' title="bbox 865 2593 1128 2625">
     <span class='ocr_line' id='line_1_115' title="bbox 865 2593 1128 2625; baseline 0 -5"><span class='ocrx_word' id='word_1_944' title='bbox 865 2594 874 2609; x_wconf 77' lang='grc'><strong>⁸</strong></span> <span class='ocrx_word' id='word_1_945' title='bbox 891 2593 955 2620; x_wconf 88' lang='lat' dir='ltr'><strong>an.</strong></span> <span class='ocrx_word' id='word_1_946' title='bbox 973 2601 1004 2625; x_wconf 88' lang='grc' dir='ltr'>ιι,</span> <span class='ocrx_word' id='word_1_947' title='bbox 1020 2593 1066 2625; x_wconf 66' lang='lat'><strong>29,</strong></span> <span class='ocrx_word' id='word_1_948' title='bbox 1085 2593 1128 2620; x_wconf 81' lang='grc'><strong>50.</strong></span> 
     </span>
    </p>
   </div>
   <div class='ocr_carea' id='block_1_116' title="bbox 848 2628 1026 2663">
    <p class='ocr_par' dir='ltr' id='par_1_116' title="bbox 848 2628 1026 2663">
     <span class='ocr_line' id='line_1_116' title="bbox 848 2628 1026 2663; baseline 0 -8"><span class='ocrx_word' id='word_1_949' title='bbox 848 2649 855 2655; x_wconf 93' lang='grc'><strong><em>.</em></strong></span> <span class='ocrx_word' id='word_1_950' title='bbox 874 2637 902 2659; x_wconf 88' lang='grc' dir='ltr'>ιι.</span> <span class='ocrx_word' id='word_1_951' title='bbox 915 2628 950 2656; x_wconf 74' lang='lat'><strong>&#39;25</strong></span> <span class='ocrx_word' id='word_1_952' title='bbox 968 2636 1026 2663; x_wconf 73' lang='lat' dir='ltr'><strong>seq.</strong></span> 
     </span>
    </p>
   </div>
   <div class='ocr_carea' id='block_1_117' title="bbox 841 1505 862 1532">
    <p class='ocr_par' dir='ltr' id='par_1_117' title="bbox 841 1505 862 1532">
     <span class='ocr_line' id='line_1_117' title="bbox 841 1505 862 1532; baseline 0 0"><span class='ocrx_word' id='word_1_953' title='bbox 841 1505 862 1532; x_wconf 71' lang='grc' dir='ltr'><strong>(Σ</strong></span> 
     </span>
    </p>
   </div>
   <div class='ocr_carea' id='block_1_118' title="bbox 851 2179 872 2206">
    <p class='ocr_par' dir='ltr' id='par_1_118' title="bbox 851 2179 872 2206">
     <span class='ocr_line' id='line_1_118' title="bbox 851 2179 872 2206; baseline 0 0"><span class='ocrx_word' id='word_1_954' title='bbox 851 2179 872 2206; x_wconf 94' lang='lat' dir='ltr'><strong>D</strong></span> 
     </span>
    </p>
   </div>
   <div class='ocr_carea' id='block_1_119' title="bbox 1177 2593 1400 2626">
    <p class='ocr_par' dir='ltr' id='par_1_119' title="bbox 1177 2593 1400 2626">
     <span class='ocr_line' id='line_1_119' title="bbox 1177 2593 1400 2626; baseline 0.004 -7"><span class='ocrx_word' id='word_1_955' title='bbox 1177 2593 1188 2609; x_wconf 91' lang='grc'><strong><em>⁸</em></strong></span> <span class='ocrx_word' id='word_1_956' title='bbox 1201 2593 1278 2620; x_wconf 81' lang='lat' dir='ltr'><strong>Prov.</strong></span> <span class='ocrx_word' id='word_1_957' title='bbox 1294 2601 1339 2626; x_wconf 75' lang='lat' dir='ltr'><strong>xx,</strong></span> <span class='ocrx_word' id='word_1_958' title='bbox 1359 2594 1400 2620; x_wconf 77' lang='grc'><strong>15.</strong></span> 
     </span>
    </p>
   </div>
   <div class='ocr_carea' id='block_1_120' title="bbox 1068 2629 1306 2659">
    <p class='ocr_par' dir='ltr' id='par_1_120' title="bbox 1068 2629 1306 2659">
     <span class='ocr_line' id='line_1_120' title="bbox 1068 2629 1306 2659; baseline -0.008 -3"><span class='ocrx_word' id='word_1_959' title='bbox 1068 2630 1086 2644; x_wconf 88' lang='grc'>¹¹</span> <span class='ocrx_word' id='word_1_960' title='bbox 1107 2629 1184 2656; x_wconf 80' lang='lat' dir='ltr'><strong>Joan.</strong></span> <span class='ocrx_word' id='word_1_961' title='bbox 1205 2629 1306 2659; x_wconf 75' lang='lat'>111.18.</span> 
     </span>
    </p>
   </div>
   <div class='ocr_carea' id='block_1_121' title="bbox 1450 2594 1671 2626">
    <p class='ocr_par' dir='ltr' id='par_1_121' title="bbox 1450 2594 1671 2626">
     <span class='ocr_line' id='line_1_121' title="bbox 1450 2594 1671 2626; baseline 0.005 -6"><span class='ocrx_word' id='word_1_962' title='bbox 1450 2594 1461 2609; x_wconf 82' lang='grc'>⁶</span> <span class='ocrx_word' id='word_1_963' title='bbox 1478 2594 1557 2621; x_wconf 87' lang='lat' dir='ltr'><strong>.Ioan.</strong></span> <span class='ocrx_word' id='word_1_964' title='bbox 1575 2602 1605 2626; x_wconf 87' lang='lat' dir='ltr'><strong>It,</strong></span> <span class='ocrx_word' id='word_1_965' title='bbox 1626 2594 1671 2621; x_wconf 61' lang='grc' dir='ltr'>ἓξ).</span> 
     </span>
    </p>
   </div>
   <div class='ocr_carea' id='block_1_122' title="bbox 921 2685 1674 2721">
    <p class='ocr_par' dir='ltr' id='par_1_122' title="bbox 921 2685 1674 2721">
     <span class='ocr_line' id='line_1_122' title="bbox 921 2685 1674 2721; baseline 0.001 -8"><span class='ocrx_word' id='word_1_966' title='bbox 921 2686 977 2720; x_wconf 77' lang='lat'><strong>(69)</strong></span> <span class='ocrx_word' id='word_1_967' title='bbox 997 2685 1087 2713; x_wconf 76' lang='lat' dir='ltr'><strong>Codex</strong></span> <span class='ocrx_word' id='word_1_968' title='bbox 1106 2686 1215 2721; x_wconf 79' lang='lat' dir='ltr'><strong>Regius,</strong></span> <span class='ocrx_word' id='word_1_969' title='bbox 1233 2686 1370 2712; x_wconf 77' lang='grc' dir='ltr'>πιστεύειν</span> <span class='ocrx_word' id='word_1_970' title='bbox 1387 2687 1430 2712; x_wconf 75' lang='grc' dir='ltr'><strong>ἐπ’</strong></span> <span class='ocrx_word' id='word_1_971' title='bbox 1443 2687 1534 2718; x_wconf 68' lang='grc' dir='ltr'>αὑτὸν,</span> <span class='ocrx_word' id='word_1_972' title='bbox 1548 2687 1598 2713; x_wconf 76' lang='grc' dir='ltr'>οὐκ</span> <span class='ocrx_word' id='word_1_973' title='bbox 1614 2685 1674 2714; x_wconf 67' lang='grc' dir='ltr'><strong>ἑπι-</strong></span> 
     </span>
    </p>
   </div>
   <div class='ocr_carea' id='block_1_123' title="bbox 886 2729 1006 2747">
    <p class='ocr_par' dir='ltr' id='par_1_123' title="bbox 886 2729 1006 2747">
     <span class='ocr_line' id='line_1_123' title="bbox 886 2729 1006 2747; baseline 0.008 -1"><span class='ocrx_word' id='word_1_974' title='bbox 886 2729 1006 2747; x_wconf 79' lang='grc' dir='ltr'>στενσεν.</span> 
     </span>
    </p>
   </div>
   <div class='ocr_carea' id='block_1_124' title="bbox 921 2756 1607 2792">
    <p class='ocr_par' dir='ltr' id='par_1_124' title="bbox 921 2756 1607 2792">
     <span class='ocr_line' id='line_1_124' title="bbox 921 2756 1607 2792; baseline 0.003 -10"><span class='ocrx_word' id='word_1_975' title='bbox 921 2758 976 2791; x_wconf 79' lang='lat'><strong>(70)</strong></span> <span class='ocrx_word' id='word_1_976' title='bbox 996 2757 1067 2784; x_wconf 80' lang='lat' dir='ltr'><strong>Idem</strong></span> <span class='ocrx_word' id='word_1_977' title='bbox 1081 2757 1164 2784; x_wconf 78' lang='lat' dir='ltr'><strong>codex</strong></span> <span class='ocrx_word' id='word_1_978' title='bbox 1185 2756 1294 2792; x_wconf 69' lang='lat' dir='ltr'><strong>Regius,</strong></span> <span class='ocrx_word' id='word_1_979' title='bbox 1313 2764 1468 2792; x_wconf 85' lang='lat' dir='ltr'><strong>perperam,</strong></span> <span class='ocrx_word' id='word_1_980' title='bbox 1483 2756 1607 2784; x_wconf 76' lang='grc' dir='ltr'>ἔλαττον.</span> 
     </span>
    </p>
   </div>
   <div class='ocr_carea' id='block_1_125' title="bbox 1516 2834 1554 2864">
    <p class='ocr_par' dir='ltr' id='par_1_125' title="bbox 1516 2834 1554 2864">
     <span class='ocr_line' id='line_1_125' title="bbox 1516 2834 1554 2864; baseline -0.026 0"><span class='ocrx_word' id='word_1_981' title='bbox 1516 2834 1554 2864; x_wconf 87' lang='grc'><strong>13</strong></span> 
     </span>
    </p>
   </div>
  </div>
