1854 3043
202 121 255 148 595

923 121 988 150 0th

1077 122 1085 149 5
1779 126 1822 153 59v

203 181 291 208 credit
303 179 392 208 Jesns.
410 179 497 215 Ipsum
516 181 608 216 igitur,
631 181 720 216 potius
732 189 813 217 quam
829 190 907 210 suum
940 191 988 210 no-

1077 182 1122 209 τοῦ
1139 182 1271 218 ὀνόματος
1284 183 1366 210 αὐτοῦ
1383 183 1492 218 ἔχεσθαι
1506 184 1556 217 δεῖ,
1572 183 1617 210 ἵνα
1645 183 1694 220 μὴ,
1716 186 1755 222 τῷ
1775 184 1823 210 ὀνύ-

205 235 266 254 men
290 227 436 254 habeamus
451 235 562 255 necesse
576 232 628 259 est,
648 235 681 255 ne
697 228 723 255 in
739 229 847 257 nomine
861 230 920 264 ejus
934 230 989 256 vir-

205 277 276 300 tutes
295 273 425 300 facientes
441 273 585 300 audiamus
601 281 660 308 qua:
678 274 711 301 ab
735 274 794 310 ipso
810 276 881 303 dicta
899 276 990 303 audie-

204 325 266 346 runt
282 319 328 354 qui
352 319 538 354 gloriabantur
553 320 580 346 in
599 320 708 347 nomine
723 320 817 355 ipsius,
843 321 889 349 sed
903 323 989 349 conti-

204 365 301 392 damus
317 365 469 392 imitatores
487 364 550 391 facti
563 364 638 392 Pauli
652 366 745 394 dicere
759 376 766 394 :
788 375 797 392 ι
817 366 913 394 Omnia
927 375 990 402 pos-

204 418 262 437 sum
288 412 314 438 in
341 410 404 439 .lesu
429 410 537 438 Christo
553 418 596 438 me
612 413 811 440 corroboranle
830 415 862 441 ".
883 423 893 440 ›
923 414 988 442 Illud

202 462 290 484 autent
306 457 505 485 observandum
521 463 561 485 est
575 479 582 491 ,
598 459 668 493 quod
689 460 814 493 superius
827 460 935 494 quidem
952 461 991 488 di-

201 509 246 531 cat
265 503 287 519 "
303 511 384 539 prope
398 511 459 531 eSse
481 504 584 532 Pascha
600 504 768 537 Judarorum,
787 506 831 533 hic
850 513 913 534 vero
935 514 988 534 non

201 552 227 578 in
244 550 376 579 Pnschalc
389 550 556 583 lnda‘orum,
568 551 614 578 sed
624 551 650 578 in
667 551 800 580 Paschate
813 551 989 588 Jerosolymis

201 603 259 626 erat
285 599 364 625 Jesus
384 597 423 629 “;
448 603 475 623 et
492 597 546 624 illic
560 598 668 633 quidem
699 598 809 633 quando
834 597 987 627 Judzeorum

203 645 304 672 dicitur
316 644 433 676 Pascha,
448 651 501 671 non
517 645 617 671 dictum
632 649 672 671 est
689 644 747 672 dies
761 645 855 679 festus,
868 646 911 673 hic
925 653 988 673 vero

203 691 333 725 scriptum
353 689 435 717 fuisse
449 688 541 717 Jesum
557 697 617 718 esse
636 690 662 717 in
679 691 722 718 die
742 690 810 718 festo
827 701 835 720 :
850 690 988 727 Jerosoly-

202 737 256 764 mis
269 737 339 764 enim
355 736 489 763 cxsistens
504 735 627 763 Christus
647 736 672 763 in
693 736 826 764 Paschate
842 741 900 764 erat
916 741 943 764 et
961 738 986 765 in

202 783 245 810 die
274 783 363 816 l'eslo,
386 782 476 810 multis
506 783 683 810 credentibus
714 783 796 810 etiam
826 783 851 810 in
880 783 988 810 nomine

201 829 295 864 ipsius.
313 830 350 856 Ac
368 829 491 864 profecto
509 828 574 855 illud
602 829 685 856 etiam
709 829 912 857 observandum
935 834 986 862 est,

1045 237 1110 263 ματι
1132 228 1214 255 αὑτοῦ
1239 229 1367 264 δυνάμεις
1384 229 1533 263 ποιοῦντες,
1550 230 1713 266 ἀκούσωμεν
1734 230 1767 257 τὰ
1784 231 1826 257 tr‘.

1042 273 1082 309 τῷ
1111 274 1221 309 ὀνόματι
1252 275 1325 310 μόνῳ
1347 275 1563 310 καυχησαμένων
1582 275 1666 302 αὑτοῦ
1682 276 1825 311 εἰρημένα·

1042 319 1110 346 ἀλλὰ
1133 319 1314 356 θαρρήσωμεν
1343 321 1459 356 μιμηταὶ
1475 320 1536 347 Δτοῦ
1571 321 1681 348 Παύλου
1701 322 1827 356 γινόμενοι

1043 366 1146 392 εἰπεῖν·
1166 375 1175 390 ι
1196 366 1289 393 Πάντα
1305 367 1389 401 ἰσχύω
1405 367 1434 393 ἐν
1447 367 1487 401 τῷ
1506 366 1700 402 ἐνδυναμοῦντί
1717 376 1750 402 με
1764 368 1826 402 Χρι-

1043 411 1098 447 στῷ
1121 412 1218 447 Ἰησοῦ.
1232 423 1241 439 ›
1260 413 1472 449 Παρατηρητέον
1489 413 1517 440 δὲ
1532 413 1578 440 καὶ
1599 413 1690 445 τοῦτο,
1706 415 1746 440 ὅτι
1763 414 1828 440 ἀνω-

1041 458 1113 494 τέρω
1131 459 1180 494 μὲν
1194 460 1278 494 ἐγγύς
1291 467 1373 494 φησιν
1386 456 1455 485 εἶναι
1472 459 1502 485 τὸ
1516 459 1611 494 Πάσχα
1628 459 1684 495 (71)
1695 459 1748 485 τῶν
1765 459 1827 485 Ἰου-

1041 504 1133 537 δαίων,
1149 505 1242 532 ὲνθάδε
1258 505 1286 531 δὲ
1303 505 1353 532 οὐκ
1373 506 1402 532 ὲν
1421 505 1459 540 τῷ
1479 505 1575 540 Πάσχα
1597 505 1653 532 τῶν
1679 505 1807 532 Ἰουδαίων
1819 525 1826 536 ,

1042 551 1098 578 ἀλλ’
1113 551 1141 578 ὲν
1156 550 1195 586 τῷ
1211 551 1307 586 Πάσχα
1325 550 1520 587 Ἱεροσολύμοις
1535 548 1569 586 ἦν
1585 551 1599 577 ὁ
1622 550 1736 586 Ἰησοῦς
1755 552 1828 577 κάκεῖ

1043 594 1103 629 μὲν,
1119 595 1163 620 ὅτε
1185 595 1320 621 Ἰουδαίων
1343 594 1453 629 λέγεται
1473 595 1504 621 τὸ
1523 595 1621 630 Πάσχα
1633 615 1640 627 ,
1658 596 1709 622 οὐκ
1726 596 1827 631 εῐρηται

1041 641 1139 676 ἑορτή-
1156 640 1249 667 ἐνθάδε
1264 640 1292 667 δὲ
1309 642 1322 667 ὁ
1341 640 1444 676 Ἰησοῦς
1469 641 1676 676 ἀναγέγραπται
1708 638 1775 667 εἶναι
1802 642 1827 666 ἐν

1040 687 1073 721 τῇ
1094 686 1191 722 ἑορτῇ·
1220 686 1249 713 ὲν
1265 687 1321 718 τοῖς
1354 686 1550 722 Ἰεροσολύμοις
1568 686 1623 722 γὰρ
1640 687 1779 721 τυγχάνων
1802 687 1829 712 ὲν

1041 734 1137 769 Πάσχα
1151 734 1197 760 καὶ
1210 735 1289 770 ἑορτῇ
1301 732 1346 770 ἦν,
1362 734 1468 761 πολλῶν
1483 735 1666 762 πιστευόντων
1683 735 1735 762 κᾶν
1747 735 1784 766 εἰς
1801 734 1828 760 τὸ

1040 779 1124 816 δνομα
1142 780 1233 807 αὑτοῦ.
1251 781 1306 808 Καὶ
1322 781 1530 816 παρατηρητέον
1545 790 1576 815 γε
1587 801 1594 813 ,
1618 782 1660 808 ὅτι
1677 780 1769 807 πολλοὶ
1781 781 1829 806 οὐκ

1040 827 1080 858 είς
1094 827 1185 858 αὑτὸν,
1195 826 1251 852 ἀλλ’
1261 826 1304 857 τίς
1315 826 1345 852 τὸ
1355 826 1439 862 δνομα
1452 825 1534 852 αὑτοῦ
1549 825 1688 852 πιστεύειν
1698 825 1829 859 λέγονται.

201 876 301 903 multos
316 875 367 903 dici
385 876 496 903 credere
512 883 565 902 non
584 875 609 902 in
636 875 724 910 ipsum
741 896 749 908 ,
769 876 815 903 sed
833 876 859 903 in
879 876 988 904 nomine

1085 871 1113 898 δὲ
1133 872 1171 904 είς
1186 872 1266 898 αὑτὸν
1281 871 1457 904 πιστεύοντες
1481 873 1521 904 είς
1535 872 1584 907 τὴν
1613 871 1709 907 στενὴν
1726 871 1773 897 καὶ
1790 879 1830 897 τε·

200 922 295 956 ipsins.
325 921 373 955 Qui
393 929 456 948 vero
478 921 504 948 in
525 921 599 948 illum
629 921 764 953 credunt,
792 921 819 948 hi
849 926 914 949 sunt
941 922 985 956 qui

200 967 340 994 ambulant
358 974 406 1002 per
419 967 488 993 viam
504 971 607 994 arctam
631 971 713 1001 alque
728 970 870 1000 angustam
886 967 987 994 ducen-

200 1018 254 1040 tem
270 1013 302 1040 ad
318 1013 411 1046 vitam,
431 1020 490 1047 qua:
503 1020 517 1039 τι
532 1012 793 1048 quampaucissimis
807 1012 985 1040 invenitur".

201 1058 272 1085 Fieri
289 1063 407 1086 attamen
421 1062 508 1093 potest
526 1063 555 1085 ut
573 1057 649 1084 multi
667 1065 700 1085 ex
716 1058 757 1085 his
774 1058 821 1093 qui
835 1059 860 1085 in
877 1058 987 1086 nomine

200 1104 285 1138 ipsius
302 1103 427 1136 credunt,
451 1104 610 1131 recuntbant
622 1111 682 1130 cum
694 1102 846 1136 Abraham,
856 1109 883 1131 et
898 1103 985 1137 Isaac,

199 1155 226 1178 et
237 1149 320 1178 Jacob
342 1150 368 1177 in
385 1157 468 1184 regno
485 1149 634 1182 caelorum;
652 1150 782 1184 quoniam
810 1159 819 1176 ε
848 1150 923 1176 multi
952 1151 987 1178 ab

200 1196 311 1224 Oriente
324 1200 352 1223 et
367 1194 514 1222 Occidente
538 1195 658 1227 venient,
687 1200 714 1222 et
739 1195 899 1222 recumbeut
925 1203 986 1223 cum

200 1242 349 1274 Abraham,
362 1245 388 1268 et
403 1240 489 1271 Isaac,
502 1245 529 1267 et
540 1239 624 1268 Jacob
635 1239 662 1267 itt
680 1248 763 1275 regno
778 1240 907 1268 caelorum
923 1241 954 1273 ⁸³,
974 1251 983 1268 ο

199 1295 260 1323 quae
274 1287 370 1314 domus
385 1291 427 1314 est
448 1285 550 1317 Patris.
578 1286 604 1313 in
633 1294 686 1321 qua
711 1287 869 1314 mansiones
896 1286 987 1314 inultae

199 1338 261 1360 sunt
281 1333 311 1360 ".
330 1332 419 1367 Atque
435 1332 516 1359 etiam
536 1331 586 1358 hoc
602 1331 802 1358 observandum
819 1336 872 1363 est,
888 1331 987 1359 multos

199 1380 344 1406 credentes
369 1379 395 1404 in
418 1377 529 1404 nomine
554 1377 659 1412 ipsius,
687 1384 739 1404 non
759 1377 986 1412 quemadmodum

199 1425 333 1456 Andreas.
358 1428 386 1451 et
409 1423 519 1454 Petrus,
549 1427 575 1449 et
602 1422 765 1455 Nathanael,
784 1427 811 1449 et
834 1423 985 1458 Philippus,

200 1471 312 1498 credere
339 1470 371 1501 “',
387 1470 434 1496 sed
461 1469 617 1495 testimonio
644 1468 758 1496 Joannis
782 1476 878 1503 parere
895 1470 986 1497 dicen-

202 1517 235 1544 tis
248 1516 270 1532 "
285 1524 293 1543 :
312 1525 320 1541 ι
334 1514 404 1542 Ecce
418 1515 511 1549 Agnus
529 1514 573 1541 ille
590 1514 636 1541 Dei
653 1522 660 1546 ;
679 1523 686 1540 I
708 1514 748 1541 vel
767 1514 877 1542 Christo
888 1516 921 1542 ah
936 1515 987 1542 An-

199 1563 265 1590 drca
281 1565 400 1597 reperto,
413 1560 453 1587 vel
470 1560 518 1595 ipsi
534 1553 708 1588 Jesu‘dinenti
724 1561 757 1587 ad
770 1561 921 1596 Philippum
938 1562 959 1577 ὀ
977 1570 984 1589 :

203 1618 211 1633 ι
230 1607 353 1642 Sequere
378 1613 439 1638 tne;
461 1614 470 1631 ›
489 1605 529 1632 vel
547 1605 669 1639 Philippo
686 1605 786 1632 dicenti
804 1606 823 1621 "
841 1614 849 1634 :
871 1615 880 1632 ι
899 1606 985 1639 Quem

200 1652 312 1687 scripsit
335 1651 461 1686 Moyses,
482 1656 509 1677 et
533 1651 691 1685 prophetae,
719 1652 870 1679 invenimus
891 1651 985 1680 Jesum

202 1698 285 1725 lilium
299 1696 398 1731 Joseph
413 1704 427 1723 ει
444 1697 525 1731 21],
540 1695 684 1723 Nazareth.
699 1706 708 1722 ι
725 1696 755 1723 lli
772 1701 861 1724 autem
877 1706 886 1722 ι
903 1698 987 1725 credi-

199 1744 299 1771 derunt
323 1743 348 1769 iu
365 1743 474 1770 nomine
491 1743 561 1776 ejus,
579 1742 702 1769 videntes
728 1742 815 1777 ipsius
830 1743 907 1779 signa
921 1751 982 1778 qua:

201 1789 364 1821 fut-iebat“;
380 1797 390 1814 ι
409 1793 489 1822 atque
504 1788 581 1821 signa
607 1787 782 1814 credentibus
810 1795 863 1815 non
892 1789 918 1815 in
944 1788 986 1823 ip-

199 1843 271 1868 sum,
289 1835 336 1862 sed
356 1835 382 1862 in
404 1834 514 1862 nomine
530 1833 598 1867 ejus,
615 1840 667 1860 non
690 1834 818 1861 credebat
844 1833 923 1862 Iesus
944 1842 988 1861 se-

201 1883 286 1917 ipsunt
302 1882 352 1914 eis,
381 1889 475 1908 omnes
495 1887 657 1915 agnoscens,
672 1884 699 1906 et
716 1889 769 1907 non
797 1888 865 1915 opus
880 1881 987 1909 habens

199 1934 229 1955 ut
243 1927 304 1963 quis
334 1927 525 1955 testificaretur
554 1927 587 1954 de
613 1927 733 1959 homine,
752 1933 784 1952 eo
800 1927 871 1960 quod
902 1934 987 1962 agno-

198 1979 288 2001 sceret
304 1972 459 2007 singulatim
490 1971 554 2006 quid
577 1976 650 1999 esset
686 1971 712 1998 in
741 1979 904 2006 unoquoque
936 1973 988 2000 lto-

201 2022 282 2049 mine.
981 2028 984 2030 ‘

232 2067 277 2095 29.
304 2065 367 2092 llaec
386 2065 484 2097 verba,
502 2073 511 2088 ι
524 2071 577 2091 non
600 2071 668 2098 opus
687 2063 806 2092 habebat
823 2068 853 2090 ut
872 2065 932 2099 quis
945 2069 987 2093 te-

200 2113 368 2141 stiﬁcaretur
379 2112 411 2137 de
428 2110 548 2141 homine,
563 2118 572 2134 ι
584 2113 736 2144 opportune
757 2109 855 2136 utenda
873 2114 938 2137 sunt
953 2110 987 2137 ad

201 2158 445 2186 demonstrandum
467 2155 540 2189 quod
565 2155 651 2182 Filius
676 2154 723 2182 Dei
743 2162 758 2181 a
782 2155 870 2190 seipso
893 2156 988 2184 videre

1038 917 1188 954 ολιμμὲνην
1205 918 1274 945 εἰσιν
1289 918 1438 951 ὁδεύοντες,
1454 919 1614 953 ἀπάγουσαν
1630 919 1671 949 εἱς
1684 918 1733 954 τὴν
1749 917 1828 952 ζωὴν.

1037 965 1099 991 ὅσον
1110 965 1163 991 ὐπδ
1170 964 1224 991 τῶν
1238 965 1338 999 ὀλίγων
1352 965 1560 1001 εὑρισκομένην.
1576 965 1694 992 Δυνατον

1037 1011 1151 1043 πολλοὺς
1174 1011 1228 1038 τῶν
1253 1012 1292 1043 εἰς
1307 1011 1337 1037 τὺ
1350 1011 1436 1046 δνομα
1457 1011 1540 1038 αὐτοῦ
1564 1011 1748 1038 πιστευόντων
1767 1011 1830 1037 ἀνα-

1037 1058 1169 1094 κληθῆναι
1186 1057 1255 1093 μετὰ
1275 1057 1410 1092 Ἀϐραὰμ,
1427 1057 1474 1084 καὶ
1501 1056 1604 1088 Ἰσαὰκ,
1624 1058 1671 1083 καὶ
1690 1056 1786 1084 Ἰακὼῦ
1803 1058 1829 1082 ἐν

1037 1105 1070 1140 τῇ
1087 1103 1211 1138 βασιλείᾳ
1230 1103 1285 1129 τῶν
1308 1103 1445 1137 οὐρανῶν·
1467 1103 1528 1130 ἐπεὶ
1547 1113 1556 1128 ι
1575 1103 1668 1129 πολλοὶ
1683 1102 1728 1129 ἀπ⁸
1753 1102 1831 1128 Ἀνα-

1037 1149 1118 1183 τολῆς
1149 1149 1197 1175 καὶ
1223 1147 1339 1183 Δυσμῶν
1374 1147 1488 1183 ἥξουσι,
1519 1148 1567 1175 καὶ
1604 1147 1829 1182 ἀνακλιθήσονται

1039 1195 1106 1230 μετὰ
1138 1194 1284 1231 Ἀϐραὰμ,
1311 1195 1357 1221 καὶ
1399 1195 1502 1227 Ἰσαὰκ,
1536 1195 1583 1221 καὶ
1617 1194 1713 1221 Ἰακὼὸ
1741 1195 1770 1220 ἑν
1797 1196 1828 1228 τῇ

1038 1240 1162 1276 βασιλείᾳ.
1186 1241 1239 1267 τῶν
1254 1240 1387 1276 οὐρανῶν,
1404 1250 1413 1266 ι
1432 1240 1604 1277 τυγχανούσῃ
1620 1241 1693 1277 οἰκίᾳ
1704 1240 1753 1267 τοῦ
1775 1241 1829 1266 Πα-

1037 1286 1111 1322 τρδς,
1132 1288 1161 1313 ὲν
1183 1284 1200 1324 ᾖ
1223 1286 1319 1313 πολλαὶ
1341 1287 1419 1322 μοναί
1443 1287 1505 1313 εἰσι.
1537 1287 1592 1313 Καὶ
1609 1286 1687 1312 τοῦτο
1702 1286 1730 1312 δὲ
1745 1294 1828 1321 τηρῇ-

1037 1331 1113 1364 τέον,
1132 1332 1173 1358 ὅτι
1202 1331 1305 1363 πολλοὶ,
1333 1332 1508 1363 πιστεύοντες
1525 1333 1565 1363 εἰς
1581 1332 1610 1358 τὸ
1626 1332 1710 1367 ὄνομα
1727 1331 1810 1358 αὐτοῦ
1821 1350 1830 1363 ,

1037 1377 1087 1411 οὐχ
1101 1377 1139 1408 ὡς
1160 1376 1297 1412 Ἀνδρέας,
1321 1377 1369 1403 καὶ
1392 1377 1512 1412 Πέτρος,
1539 1377 1587 1404 καὶ
1611 1377 1768 1412 Ναθαναὴλ,
1785 1378 1830 1403 ut

1037 1422 1169 1454 Φίλιππος
1186 1422 1375 1449 πιστεύουσιν·
1397 1422 1466 1449 ἀλλὰ
1491 1424 1523 1458 τῇ
1548 1423 1687 1459 μαρτυρίᾳ
1707 1424 1831 1450 Ἰωάννου

1038 1467 1175 1494 πείθονται
1197 1468 1324 1502 λέγοντος
1335 1476 1341 1483 ·
1359 1478 1367 1493 ι
1391 1468 1454 1495 ’ἰδοὺ
1470 1469 1485 1494 ό
1506 1469 1602 1504 ’Λμνδς
1619 1468 1667 1495 τοῦ
1691 1468 1771 1495 Θεοῦ·
1790 1478 1799 1494 ι
1814 1469 1831 1504 ἲ,

1037 1513 1076 1548 τῷ
1088 1514 1133 1540 ὑπ’
1155 1513 1279 1549 Ἀνδρέου
1302 1514 1440 1549 εὑρεθέντι
1464 1513 1576 1550 Χριστῷ
1590 1534 1596 1546 ,
1625 1514 1642 1549 ἢ
1664 1514 1704 1549 τῷ
1726 1514 1831 1540 εἰπόντι

1045 1559 1132 1595 Ἰησοῦ
1153 1558 1192 1594 τῷ
1211 1559 1346 1595 Φιλίππῳ·
1373 1569 1382 1585 ι
1409 1560 1562 1587 Ἀκολούθει
1586 1569 1643 1596 μοι,
1662 1570 1671 1586 ι
1695 1560 1768 1596 ἦτῷ
1783 1560 1830 1594 ςα-

1039 1613 1130 1631 σκοντι
1169 1605 1308 1641 Φιλίππῳδ
1338 1615 1347 1631 ι
1369 1606 1416 1632 Ὃν
1446 1605 1549 1642 ἔγραψε
1573 1606 1713 1641 Μωῦσῆς.
1743 1606 1789 1632 καὶ
1810 1606 1832 1631 οἱ

1037 1651 1194 1686 προφῆται,
1212 1652 1369 1687 εὑρήκαμεν
1389 1651 1492 1687 Ἰησοῦν
1511 1652 1568 1678 υίδν
1587 1651 1636 1678 τοῦ
1659 1652 1759 1687 Ίωσὴςῑι
1782 1651 1833 1677 ἀπὸ

1038 1698 1174 1733 Ναζαρέτ.
1189 1708 1198 1723 ι
1217 1696 1295 1725 Οὗτοι
1307 1698 1336 1724 δὲ
1347 1708 1356 1723 ι
1367 1699 1529 1725 ἐπίστευσαν
1545 1699 1585 1730 εἰς
1597 1698 1629 1724 τὸ
1639 1698 1726 1734 ὄνομα
1740 1697 1833 1729 αὐτοῦ,

1038 1743 1203 1780 θεωροῦντες
1212 1743 1294 1770 αὑτοῦ
1313 1743 1348 1770 τὰ
1368 1744 1479 1779 σημεῖα,
1495 1743 1513 1770 ἃ
1531 1743 1619 1770 ἐποίει
1630 1752 1636 1758 ·
1647 1753 1655 1767 ι
1673 1743 1720 1769 καὶ
1735 1745 1834 1778 σημεῖα

1038 1789 1210 1816 πιστεύουσιν
1223 1790 1272 1816 οὐκ
1287 1790 1327 1820 είς
1340 1789 1419 1815 αὐτὸν
1432 1808 1439 1821 ,
1456 1789 1512 1816 ἀλλ’
1535 1790 1574 1820 εἰς
1595 1788 1626 1815 τὸ
1642 1789 1728 1825 ὄνομα
1742 1788 1833 1819 αὐτοῦ,

1038 1837 1052 1862 ὁ
1066 1835 1169 1871 Ἰησοῦς
1180 1836 1229 1862 οὐκ
1238 1835 1397 1862 ἐπίστευσεν
1413 1835 1508 1862 ἑαυτὸν
1521 1835 1624 1866 αὐτοῖς,
1637 1835 1744 1866 πάντας
1756 1834 1834 1869 γινώ-

1039 1889 1121 1913 σκων,
1139 1882 1186 1907 καὶ
1200 1880 1238 1916 μὴ
1254 1881 1346 1917 χρείαν
1361 1880 1444 1915 ἔχων,
1463 1881 1505 1907 ἵνα
1523 1889 1564 1912 τις
1581 1881 1751 1918 μαρτυρήσῃ
1775 1883 1832 1915 περὶ

1039 1927 1194 1964 ἀνθρώπου,
1210 1927 1249 1963 τῷ
1263 1927 1407 1962 γινώσκειν
1424 1927 1452 1953 τί
1468 1929 1540 1955 ἐστιν
1552 1928 1581 1954 ὲν
1598 1928 1709 1963 ἑκάστῳ
1723 1927 1780 1954 τῶν
1793 1928 1834 1954 ἀν-

1039 1972 1166 2009 θρὼπων.

1074 2065 1118 2092 29.
1136 2065 1181 2100 Τῷ
1200 2065 1244 2092 δέ’
1264 2075 1272 2091 ι
1292 2065 1329 2091 Οὐ
1346 2065 1440 2100 χρείαν
1461 2062 1533 2099 εἶχεν
1550 2064 1593 2090 ἵνα
1608 2073 1652 2096 τις
1673 2065 1835 2101 μαρτυρήσῃ

1039 2113 1103 2148 περὶ
1116 2111 1271 2148 ἀνθρώπου,
1292 2122 1301 2138 ›
1318 2112 1454 2147 εὐκαίρως
1469 2111 1620 2147 χρηστέον,
1640 2112 1683 2143 είς
1701 2111 1835 2147 παράστα-

1040 2167 1083 2185 σιν
1096 2158 1143 2184 τοῦ
1159 2157 1224 2184 Υἱοῦ
1239 2158 1286 2184 τοῦ
1301 2157 1368 2184 Θεοῦ
1383 2158 1428 2192 ἀφ’
1441 2156 1539 2184 ἑαυτοῦ
1555 2156 1708 2192 δυναμένου
1725 2156 1835 2191 θεωρεὶν

201 2203 321 2238 singulas
340 2209 383 2229 res
407 2201 546 2228 hominum
560 2200 657 2232 valeat,
671 2200 801 2235 nulloque
815 2201 928 2228 omnino
944 2205 981 2229 le-

1077 2203 1102 2239 ρὶ
1115 2203 1230 2230 ἑκάστου
1248 2203 1302 2230 τῶν
1326 2202 1494 2239 ἀνθρώπων,
1509 2203 1556 2228 καὶ
1574 2202 1714 2237 μηδαμῶς
1734 2210 1835 2238 μειρτυ⁴

201 2249 328 2276 stimonio
349 2247 511 2281 cujusquam
535 2254 597 2274 eum
622 2252 711 2281 egere.
740 2245 874 2273 Caeterum
904 2248 986 2274 verba

202 2295 260 2326 illa,
283 2303 292 2320 ι
308 2301 360 2321 non
381 2300 449 2328 opus
469 2292 586 2320 habebat
609 2296 638 2319 ut
658 2293 721 2327 quis
738 2293 933 2320 testiﬁcaretur
953 2294 987 2321 de

201 2340 309 2367 homine
321 2349 330 2365 ι
351 2338 541 2372 distinguenda
555 2342 619 2366 sunt
635 2339 670 2366 ab
686 2338 740 2365 illis
755 2347 762 2365 :
776 2337 835 2365 Non
853 2346 922 2373 opus
939 2339 988 2366 ha-

199 2386 246 2414 bet
261 2389 291 2413 ut
307 2384 369 2420 quis
384 2389 499 2411 testetur
520 2384 553 2412 de
572 2384 673 2419 aliquo.
688 2384 754 2411 Nam
770 2385 791 2412 si
808 2384 878 2412 hanc
891 2393 985 2412 vocem

199 2431 315 2463 homine,
338 2437 478 2458 sumamus
492 2430 524 2457 de
538 2430 635 2465 quovis
658 2430 703 2465 qui
730 2431 764 2456 sit
790 2429 822 2456 ad
841 2429 984 2464 imaginem

200 2476 260 2510 Dei,
274 2475 316 2503 vel
334 2476 366 2503 de
377 2476 450 2503 omni
465 2476 579 2503 rationis
593 2479 728 2510 compote.
746 2482 799 2501 non
819 2482 888 2509 opus
901 2475 986 2502 habe-

200 2523 240 2550 bit
254 2521 378 2550 Christus
394 2526 423 2549 ut
435 2522 494 2556 quis
510 2523 542 2550 de
557 2522 615 2556 ipso
634 2526 749 2549 testetur
767 2521 811 2557 (de
823 2528 988 2556 quocunque

1037 2249 1096 2285 ρίου
1108 2248 1211 2275 δεῖσθαι
1225 2248 1272 2275 τοῦ
1287 2248 1341 2275 ἀπό
1356 2257 1438 2280 τινος.
1452 2247 1489 2274 Τὸ
1501 2247 1529 2274 δέ
1541 2256 1548 2262 '
1567 2257 1576 2273 ι
1592 2248 1630 2273 Οὐ
1652 2247 1754 2282 χρείαν
1770 2245 1836 2280 εἶχεν

1037 2295 1080 2321 ἵνα
1093 2303 1134 2326 τις
1149 2295 1310 2330 μαρτυρήσῃ
1323 2294 1386 2330 περὶ
1400 2293 1556 2329 ἀνθρώπου,
1569 2303 1580 2320 ›
1595 2292 1834 2320 ἁντιδιασταλτέον

1037 2340 1104 2376 πρὸς
1116 2341 1215 2373 τὸμοὑ
1227 2340 1321 2376 χρείαν
1337 2340 1393 2375 ἔχει
1405 2340 1448 2366 ἴνα
1467 2339 1636 2374 μαρτυρήσῃ
1646 2338 1712 2374 περί
1727 2346 1804 2368 τινος
1813 2344 1833 2361 Ἰ

1036 2386 1060 2411 εἰ
1078 2385 1127 2420 μὲν
1147 2387 1201 2422 γὰρ
1222 2385 1253 2412 τὸ
1275 2385 1451 2420 ἀνθρώπου,
1476 2384 1686 2419 λαμϐανόμενον
1710 2383 1772 2418 (7-2)
1795 2383 1836 2408 ὲπς

1040 2431 1141 2463 παντὸς
1156 2431 1204 2458 τοῦ
1225 2432 1285 2458 κατ’
1306 2431 1397 2458 εἰκόνα
1411 2429 1494 2462 Θεοῦ,
1512 2430 1529 2465 ἢ
1547 2430 1650 2461 παντὸς
1668 2427 1795 2463 λογικοῦ,
1809 2426 1835 2452 οὗ

1040 2476 1133 2512 χρείαν
1148 2477 1204 2511 ἕξει
1224 2477 1267 2503 ῐνα
1281 2486 1323 2509 τις
1343 2476 1505 2513 μαρτυρήσῃ
1523 2475 1588 2511 περὶ
1604 2475 1691 2502 αὐτοῦ
1702 2494 1710 2506 ,
1727 2475 1795 2510 περὶ
1808 2469 1834 2498 οὗ

1041 2522 1140 2558 δήποτε
1158 2523 1213 2558 (75)
1226 2523 1279 2549 τῶν
1292 2522 1426 2557 λογικῶν,
1442 2521 1488 2557 ἀφ’
1503 2520 1601 2548 ἑαυτοῦ
1615 2521 1764 2556 γινώσκων
1778 2519 1835 2547 τώς

236 2619 260 2652 Ῥ
273 2617 394 2652 Philipp.
406 2624 443 2648 tv.
460 2617 503 2645 l3.
542 2617 563 2632 "
576 2616 655 2652 Joan.
669 2615 780 2652 H.715.”
799 2615 832 2652 7‘},
843 2615 913 2652 ibid:
924 2614 984 2652 25.77
1005 2615 1032 2652 ξ’
1045 2614 1138 2652 Matth.
1155 2622 1204 2652 vn,
1221 2615 1265 2652 μ.
1305 2615 1327 2630 ¹⁸
1338 2613 1501 2652 ΜῃιΙιδ-ω,
1517 2612 1561 2639 Η.
1600 2612 1622 2629 ¹⁷
1637 2610 1720 2640 Joau.
1740 2617 1799 2641 xxv,
1810 2608 1834 2635 3-

201 2653 222 2668 ”
239 2651 318 2681 Joan.
332 2651 352 2686 ι,
367 2651 450 2679 40-ιῖ
463 2659 522 2686 seq.

239 2729 296 2764 ('li)
316 2728 406 2757 Codex
429 2727 540 2765 Regius,
558 2729 656 2761 habet,
682 2729 775 2764 ἐγγὺς,
800 2729 893 2764 φησιν,
911 2726 945 2765 ἦν
959 2730 990 2756 τὸ

210 2765 558 2834 Πῗξέῗᾌημσανόμενον.
591 2799 736 2827 Ferrarius
751 2799 825 2835 Ilegit
853 2799 990 2836 λαμϐάνο-

207 2843 266 2870 μεν.
286 2836 356 2867 quod
377 2835 441 2862 tuihi
457 2836 597 2868 probatur,

560 2652 580 2667 "
597 2651 663 2679 ibid.
677 2651 724 2679 36.
761 2651 782 2666 ²⁰
798 2651 864 2680 ibid.
880 2651 925 2678 45.
965 2651 986 2666 ²¹
1004 2651 1069 2678 ibid.
1082 2649 1128 2676 ιδ.

1182 2651 1204 2665 ¹¹
1219 2649 1299 2677 Joan.
1317 2657 1346 2681 ll,
1360 2648 1456 2676 25-25.

1080 2729 1135 2764 (75)
1155 2728 1222 2762 Περὶ
1237 2728 1341 2760 αὑτοῦ,
1356 2728 1420 2761 περὶ
1436 2725 1472 2755 οὗ
1484 2727 1676 2764 δήξοτεηειο.
1690 2727 1738 2764 Sic
1750 2725 1834 2764 ςοιξςι

1045 2757 1224 2799 Βοῖίιιέὶιιιιιιξς
1245 2757 1356 2795 Regius,
1381 2757 1446 2799 περὶ
1470 2757 1552 2799 αὐτοῦ
1575 2757 1626 2799 τοῦ
1650 2762 1717 2798 περὶ
1791 2759 1833 2799 Et}:

1044 2807 1120 2834 πρτε,
1131 2804 1184 2826 etc.
1198 2798 1279 2826 Forte
1295 2795 1447 2834 legendum,
1463 2798 1527 2833 περὶ
1537 2795 1698 2833 ἀνθρώπου,
1710 2796 1761 2824 καὶ
1774 2795 1831 2827 περὶ

1044 2832 1075 2859 οὗ
1090 2834 1202 2870 δήποτε,
1213 2838 1265 2861 etc.
