1853 3050
70 117 113 145 δεδι

603 115 777 143 (ΙΟΜΜΕΝΤ.
799 114 831 141 IN
850 113 944 142 JOAN.
965 113 1083 142 TOMUS
1103 113 1136 140 Χ.

1615 115 1668 144 598

72 177 163 206 πάντας
187 174 256 200 κατὰ
280 174 328 210 τὴν
349 174 492 210 δεδομένην
512 173 585 209 αὺτῷ
601 174 714 209 δύναμιν
731 172 842 200 ἀπὸτοῦ

934 172 1003 200 idem
1027 171 1129 199 dixeris
1151 170 1263 197 rationis
1281 170 1427 205 compote),
1446 179 1460 197 ιι
1473 171 1561 205 seipse
1577 179 1677 207 cogno-

71 219 177 254 Πατρός.
195 219 226 245 Ei
251 219 279 245 δὲ
300 219 331 245 τὸ
349 218 505 252 ἀνθρώπου
531 219 700 254 τηρήσαιμεν
723 218 774 244 ὑπὸ
794 217 841 243 τοῦ

71 263 157 300 Θνητοῦ
188 264 296 298 λογικοῦ
331 263 486 299 ζωουμένου
509 263 600 300 (74),
617 265 631 290 ὁ
657 264 705 299 μέν
721 272 762 295 τις
785 263 844 298 ἐρεῖ

69 309 153 346 χρείαν
168 308 237 344 ἔχειν
253 309 394 340 αὐτὸν,ῖνα
403 318 444 341 τις
460 310 619 346 μαρτυρήσῃ
632 310 695 346 περὶ
708 309 762 335 τῶν
773 308 843 344 ὑπὲρ

69 355 108 382 τὸν
119 355 258 391 ἄνθρωπον
269 375 276 386 ,
292 355 352 382 οὐδὲ
368 356 503 391 ἀρκοῦντα
519 357 617 391 ὁμοίως
635 358 691 387 τοῖς
705 355 843 391 ἀνθρωπίο

68 408 117 432 νοις
137 399 279 434 γινώσκειν
298 401 345 427 καὶ
368 401 402 428 τὰ
427 401 491 436 περὶ
505 401 626 428 ἐκείνων.
646 400 741 432 ’Ἄλλος
761 400 789 426 δέ
803 399 844 431 τίς

69 455 128 481 φησι
140 446 184 472 τὸν
199 446 352 473 κενώσαντα
371 447 466 473 ἑαυτὸν
482 446 519 482 μὴ
533 446 625 481 χρείαν
640 445 711 480 ἔχειν
721 465 727 476 ,
745 446 787 472 ἵνα
803 454 844 477 τις

68 493 222 528 μαρτυρήσῃ
237 492 301 528 περὶ
314 491 466 528 ἀνθρώπου,
482 492 576 528 χρείαν
586 491 614 518 δὲ
630 491 701 526 ἔχειν
715 491 777 526 περὶ
791 492 843 518 τῶν

68 536 220 572 κρειττόνων
236 537 252 571 ἢ
269 536 336 563 κατὰ
353 536 503 572 ἄνθρωπον.

98 671 138 698 30.
148 671 202 697 Kal.
209 670 288 698 τοῦτο
297 671 325 698 δὲ
336 671 476 707 ζητητέον,
486 672 555 698 πόσα
568 674 667 708 σημεῖα
680 671 761 700 αὑτοῦ
777 672 844 700 θεω-

67 717 170 752 ροῦντες
182 717 206 743 οἱ
230 717 319 744 πολλοὶ
337 717 478 744 ἐπίστευον
499 719 538 750 εἰς
558 719 638 745 αὐτόν
650 727 656 734 ο
671 719 699 745 οὺ
715 719 769 754 γὰρ
782 719 845 745 ἅνα-

66 763 212 798 γέγραπται
234 765 335 799 σημεῖα
352 764 530 799 πεποιηκέναι
549 766 577 791 ὲν
598 765 789 801 Ἰεροσολύμοις
800 774 806 780 ”
822 765 844 791 εί

65 809 100 843 μὴ
114 808 168 844 ἄρα
183 809 324 844 γεγένηται
342 809 390 844 μὲν
407 811 516 845 σημεῖα,
528 811 578 837 οὐκ
592 811 795 848 ᾲναγέγραπται
805 810 842 836 δέ.

64 853 157 880 Σκόπει
182 854 211 881 δὲ
228 855 252 881 εί
267 855 378 882 δυνατὸν
399 856 438 887 είς
455 857 555 891 σημεῖα
573 856 729 892 λογισθῆναι
750 856 781 882 τὸ
797 865 845 882 πε-

63 900 201 936 ποιηκέναι
215 901 373 936 φραγέλλιον
388 902 419 928 ἐκ
431 902 553 937 σχοινίων
563 921 571 934 ,
590 903 637 929 καὶ
654 903 757 934 πάντας
770 903 846 930 ἐκϐε-

62 945 188 981 ϐληκέναι
202 945 248 972 τοῦ
267 946 350 982 ἱεροῦ,
363 947 398 973 τά
412 955 441 973 τε
459 947 596 982 πρόϐατα,
613 948 661 974 καὶ
682 948 744 979 τοὺς
771 947 845 983 βόας,

60 991 105 1017 καὶ
124 991 180 1017 τῶν
195 991 375 1019 κολλυϐιστῶν
389 992 422 1019 τὰ
444 991 760 1028 κέρματαέκκεχυκὲναι
771 1013 778 1025 ,
800 995 846 1020 καὶ

60 1036 105 1068 τὰς
128 1037 269 1072 τραπέζας
290 1038 515 1074 ἀνατετραφέναι.
539 1039 611 1073 Πρὸς
637 1039 762 1074 μέντοιγε
784 1040 847 1071 τοὺς

60 1081 261 1117 ὑπονοήσαντας
280 1082 312 1109 ἂν
336 1083 398 1118 περὶ
419 1083 505 1118 μόνων
524 1083 675 1119 ἀνθρώπων
693 1085 729 1120 μὴ
751 1085 846 1120 χρείαν

60 1127 128 1162 ἔχειν
145 1128 227 1155 αὐτὸν
243 1128 398 1165 μαρτύρων,
413 1129 486 1163 λέγει
498 1150 504 1161 ,
520 1130 561 1156 ὅτι
576 1130 622 1156 δύο
638 1130 712 1166 αὑτῷ
728 1132 741 1157 ό
758 1131 847 1165 Εὐαγ-

60 1173 187 1209 γελιστὴς
204 1174 410 1210 μεμαρτύρηκε,
425 1174 455 1201 τό
471 1184 499 1201 τε
513 1174 656 1209 γινώσκειν
671 1176 785 1207 πάντας,
800 1177 848 1203 καὶ

59 1216 88 1242 τὸ
105 1217 142 1252 μὴ
159 1218 254 1253 χρείαν
270 1218 341 1253 ἔχειν
358 1219 400 1245 ἴνα
413 1227 456 1250 τις
474 1220 634 1256 μαρτυρήσῃ
655 1220 718 1256 περὶ
741 1219 846 1256 ἀνθρώ-

60 1269 109 1288 που
119 1271 125 1277 ·
145 1264 170 1289 εἰ
185 1262 239 1299 γὰρ
254 1264 357 1296 πάντας
371 1264 528 1299 ἐγίνωσκεν,
539 1265 569 1291 ού
584 1265 662 1300 μόνον
675 1265 845 1301 ἀνθρώπους,

59 1307 126 1334 ἀλλὰ
139 1309 189 1335 καὶ
203 1309 238 1336 τὰ
257 1309 326 1345 ὑπὲρ
338 1310 383 1336 τὸν
398 1310 539 1346 ἄνθρωπον
555 1311 685 1345 ἐγίνωσκε
696 1332 703 1344 ,
720 1312 765 1338 καὶ
780 1312 848 1338 πάν-

58 1361 105 1385 τας
120 1354 184 1386 τοὺς
203 1354 255 1387 ἔξω
270 1355 396 1382 τοιούτων
416 1356 548 1391 σωμάτων
558 1365 564 1372 '
583 1357 711 1391 ἐγίνωσκέ
727 1366 755 1383 τε
770 1357 795 1383 τι
814 1355 848 1393 ἦν

56 1400 84 1427 ιν
107 1400 148 1435 τῷ
170 1400 322 1436 ἀνθρώπῳ,
344 1401 391 1429 ᾶτε
415 1401 514 1438 μείζων
540 1404 680 1439 τυγχάνων
697 1403 750 1429 τῶν
768 1404 796 1430 ἐν
808 1403 848 1439 τῷ

56 1445 244 1481 προφητεύειν
268 1447 430 1483 ἐλεγχόντων
445 1448 514 1484 (7'3).
529 1469 536 1476 .
547 1469 553 1475 .
563 1469 569 1475 .
584 1449 629 1475 mi.
643 1449 787 1484 κρινόντων
802 1449 847 1476 καὶ

895 225 974 245 scens
994 224 1089 244 omnes
1111 216 1190 250 juxta
1211 216 1363 244 facultatem
1386 224 1400 243 a
1425 216 1505 244 Patre
1524 217 1575 244 sibi
1593 220 1677 245 tradi-

897 268 961 290 tam.
980 262 1028 289 Sin
1051 269 1115 288 vero
1135 262 1205 289 hanc
1229 269 1336 293 vocem,
1358 262 1472 295 homine,
1490 264 1677 291 observaveri-

896 316 956 336 mus
980 309 1013 336 de
1037 309 1144 335 mortali
1164 307 1302 335 animante
1327 308 1439 335 rationis
1460 315 1594 344 compote,
1609 310 1677 338 alius

896 353 1004 388 quidem
1024 353 1148 380 dicturus
1172 357 1214 380 est
1229 352 1365 380 Christum
1382 353 1467 388 ipsum
1482 362 1549 389 opus
1565 355 1676 388 habere,

897 403 926 426 ιιι
940 399 1000 433 quis
1014 402 1128 425 testetur
1146 399 1179 425 de
1203 398 1247 425 his
1268 405 1328 432 qua:
1348 403 1411 426 sunt
1427 407 1510 433 supra
1529 400 1676 432 hominem.

897 450 927 471 ut
950 444 997 479 qui
1021 444 1091 474 ha‘c,
1116 443 1226 477 perinde
1253 447 1332 478 atque
1359 446 1488 477 humana,
1513 454 1678 481 cognoscere

896 497 950 518 non
973 489 1103 517 sulliciat.
1131 488 1207 516 Alius
1228 493 1317 516 autem
1343 490 1476 525 quispiam
1505 492 1592 527 inquit
1616 501 1676 521 eum

897 536 942 570 qui
968 535 1086 569 seipsum
1105 533 1228 565 inanivit,
1244 541 1297 561 non
1318 542 1385 568 opus
1407 536 1507 563 habere
1521 542 1550 564 ut
1565 537 1625 572 quis
1639 543 1678 565 te-

897 584 984 607 stetur
999 580 1033 607 de
1049 579 1169 612 homine,
1185 579 1231 606 sed
1251 586 1318 613 opus
1338 579 1438 607 habere
1452 586 1480 607 ut
1491 582 1552 615 quis
1565 587 1678 610 testetur

898 626 931 653 de
946 625 987 652 his
1003 625 1048 659 qui
1066 624 1269 660 praestantiores
1289 629 1354 652 sunt
1368 620 1534 654 hominibus.

933 670 978 697 50.
999 670 1070 703 Quin
1088 671 1140 698 hoc
1162 670 1247 698 etiam
1268 671 1442 705 quaerendum
1456 676 1507 704 est,
1524 676 1589 707 quot
1601 673 1677 708 signa

899 714 983 749 ipsius
1013 714 1089 742 multi
1122 715 1257 749 ridentes,
1277 715 1451 743 crediderunt
1476 717 1502 744 in
1527 725 1599 744 eum.
1621 718 1678 745 Non

898 760 969 787 enim
984 761 1114 794 scriptum
1139 764 1180 788 est
1203 760 1279 795 signa
1306 760 1403 789 fecisse
1427 761 1613 798 Jerosolymis,
1629 763 1678 790 nisi

900 805 1017 833 fortasse
1037 806 1107 832 facta
1131 806 1208 841 signa
1233 807 1334 841 scripta
1354 815 1406 835 non
1422 808 1541 838 fuerunt.
1564 809 1679 837 Proinde

863 857 884 884 Β
898 852 1041 879 considera
1058 859 1093 879 an
1111 852 1182 879 inter
1195 854 1270 888 signa
1287 854 1406 888 reputari
1423 855 1507 889 possit
1523 857 1592 890 quod
1609 856 1680 884 fet-e-

899 898 933 925 rit
952 905 967 925 e
990 898 1119 926 funiculis
1146 897 1293 933 ﬂagellum,
1307 907 1400 927 omnes
1421 907 1436 928 e
1454 900 1553 935 templo
1567 901 1679 934 eiicien-

897 944 940 975 do,
954 947 1009 970 tum
1027 951 1101 978 oves,
1126 947 1182 970 tttm
1206 945 1300 978 boves,
1314 950 1394 980 atque
1416 946 1630 979 argentariorum
1644 954 1680 973 ms

896 989 1066 1022 effundenda,
1083 994 1109 1016 et
1130 997 1236 1017 mensas
1259 990 1442 1017 subrertemlo
1451 991 1484 1017 “.
1504 992 1544 1018 Ad
1559 999 1605 1018 eos
1619 1000 1680 1026 pro-

897 1035 968 1063 fecto
986 1036 1031 1070 Qui
1047 1036 1221 1070 suspicantur
1236 1037 1269 1064 de
1280 1036 1345 1064 solis
1362 1037 1528 1069 hominibus.
1545 1046 1597 1065 non
1613 1047 1680 1073 opus

898 1082 998 1109 habere
1011 1082 1097 1117 ipsum
1115 1082 1239 1116 testibus,
1257 1083 1348 1110 dicere
1371 1088 1479 1119 opm-tet
1493 1085 1545 1112 duo
1565 1092 1680 1120 evange-

898 1128 987 1156 listam
1002 1128 1039 1156 illi
1052 1129 1209 1157 attribuisse
1222 1139 1229 1156 ι
1241 1130 1368 1162 alterum,
1386 1131 1456 1165 quod
1471 1136 1599 1166 agnoscat
1619 1139 1679 1158 om-

899 1180 966 1207 nes;
984 1173 1107 1205 alterunt.
1126 1174 1196 1208 quod
1216 1183 1282 1209 opus
1303 1183 1355 1203 non
1369 1175 1468 1203 habeat
1482 1181 1510 1203 ut
1523 1177 1583 1211 quis
1598 1180 1680 1204 teste-

899 1224 942 1246 tur
954 1219 986 1246 de
1003 1219 1121 1246 homine.
1144 1219 1210 1247 Nam
1228 1220 1250 1248 si
1273 1228 1368 1249 omnes
1381 1223 1554 1256 agnoscebat,
1571 1230 1623 1250 non
1637 1230 1681 1250 so-

899 1264 952 1291 lum
968 1265 1100 1296 homines.
1119 1264 1166 1291 sed
1183 1265 1266 1292 etiam
1283 1273 1343 1301 qua:
1359 1275 1440 1301 supra
1455 1268 1591 1295 hominem
1606 1273 1679 1299 sunt.

898 1311 979 1338 etiam
997 1318 1092 1338 omnes
1106 1309 1151 1344 qui
1168 1316 1258 1338 essent
1281 1316 1357 1339 extra
1379 1313 1436 1340 haec
1457 1320 1580 1348 corpora,
1598 1321 1695 1365 agno}

898 1357 1002 1391 scebat,
1023 1362 1104 1393 atque
1128 1358 1192 1394 quid
1211 1362 1284 1386 esset
1304 1358 1330 1385 in
1357 1358 1467 1386 homine
1486 1366 1494 1385 :
1515 1359 1612 1394 quippe
1633 1357 1680 1394 qui

899 1403 985 1438 major
1002 1405 1147 1432 exsisteret
1161 1405 1215 1436 his.
1238 1405 1285 1440 qui
1308 1404 1334 1432 in
1354 1406 1541 1440 prophetando
1567 1405 1682 1433 manife-

899 1454 983 1482 stant,
993 1453 1020 1476 et
1030 1449 1165 1484 judicant,
1179 1450 1283 1478 occulta
1293 1450 1385 1477 cordis
1399 1450 1481 1476 etiam
1496 1450 1586 1477 omnia
1600 1449 1681 1485 212

53 1490 86 1517 τὰ
103 1492 220 1527 κρυπτὰ
233 1492 282 1527 τῆς
295 1492 407 1529 καρδίας
421 1494 461 1525 είς
475 1494 589 1529 φανερὸν
605 1494 724 1529 ἀγόντων
739 1494 844 1521 πάντων

937 1501 960 1521 ιε
972 1494 1092 1529 Spiritus
1107 1494 1161 1521 illis
1173 1494 1305 1530 suggerit,
1324 1495 1350 1521 in
1367 1499 1492 1529 apertum
1507 1494 1636 1522 ducentes
1647 1496 1681 1522 “.

52 1533 89 1562 ὧν
101 1537 160 1571 (76)
174 1537 208 1564 τὸ
222 1538 330 1574 Πνεῦμα
344 1538 486 1566 ὑποϐάλλει
505 1539 605 1571 αὐτοῖς.
622 1539 736 1566 Δύναται
752 1540 781 1566 δὲ
795 1540 826 1566 τό
838 1548 844 1555 ·

934 1545 1033 1567 elerum
1057 1539 1139 1573 illud,
1158 1549 1167 1565 ι
1187 1529 1350 1575 agnoscebat
1372 1540 1436 1574 quid
1461 1545 1532 1567 esset
1555 1540 1581 1567 in
1595 1541 1683 1568 homi-

54 1592 64 1609 ι
86 1583 243 1618 Ἐγίνωσκε
257 1584 282 1610 τί
304 1582 337 1620 ἦν
359 1585 387 1611 ὲν
408 1584 447 1620 τῷ
464 1585 598 1621 ἀνθρώπῳ
610 1606 617 1617 ,
636 1595 644 1611 t
663 1586 846 1621 λαμϐάνεσθαι

52 1628 98 1655 καὶ
110 1629 161 1656 ἐπὶ
174 1628 232 1655 τῶν
249 1630 414 1665 ὲνεργουσῶν
427 1630 566 1666 δυνάμεων
583 1632 709 1667 χειρόνων
724 1632 740 1667 ἣ
758 1641 847 1667 κρειτ-

49 1675 141 1706 τόνων,
151 1676 183 1702 ὲν
204 1675 371 1711 ἀνθρώποις·
388 1677 412 1703 εί
427 1677 476 1712 μὲν
493 1676 546 1713 γὰρ
558 1677 648 1704 δίδωσί
660 1686 701 1709 τις
713 1678 794 1705 τόπον
808 1678 846 1713 τῷ

50 1720 192 1756 διαϐόλῳ,
218 1721 367 1757 εἰσέρχεται
390 1723 430 1754 είς
454 1723 535 1749 αὐτὸν
557 1723 571 1749 ό
596 1723 731 1754 Σατανᾶς·
753 1721 847 1758 ὥσπερ

47 1764 152 1792 εᾶυκεν
179 1765 298 1798 Ἰούδας,
323 1776 333 1792 ι
351 1767 397 1794 τοῦ
419 1767 541 1795 διαϐόλου
559 1768 719 1804 βεϐληκότος
742 1770 782 1801 εἰς
798 1769 848 1805 τὴν

48 1811 168 1846 καρδίαν
192 1812 293 1844 αὐτοῦ,
310 1813 353 1839 ἵνα
376 1813 490 1849 παραδῷ
509 1814 554 1841 τὸν
571 1814 690 1850 Ἰησοῦν·
712 1824 721 1840 ι
743 1815 782 1842 διδ
801 1816 847 1842 καὶ

49 1866 59 1883 ε
77 1858 153 1893 μετὰ
168 1858 204 1885 τὸ
228 1858 334 1894 ψωμίον
354 1859 474 1894 εἰσ-ἦλθεν
492 1861 531 1892 εἰς
543 1860 623 1887 αὐτὸν
642 1861 656 1886 ό
673 1861 793 1892 Σατανᾶς
806 1870 812 1876 ·
836 1871 844 1887 ι

47 1906 70 1931 εἰ
87 1905 118 1931 δὲ
135 1904 236 1932 δίδωσι
249 1905 329 1932 τόπον
342 1905 381 1940 τῷ
392 1905 460 1941 Θεῷ,
476 1906 608 1941 μακάριος
619 1906 722 1940 γίνεται
733 1916 739 1923 ·
759 1916 768 1932 ι
787 1908 847 1934 Μα-

46 1951 147 1987 κάριος
164 1951 225 1985 γὰρ
241 1947 271 1977 οὗ
285 1953 357 1978 ἐστιν
369 1951 508 1987 ἀντίληψις
522 1951 604 1979 αὑτοῦ
619 1951 695 1988 παρὰ
707 1952 754 1979 τοῦ
769 1952 847 1985 Θεοῦ,

44 1998 94 2024 καὶ
110 1997 255 2029 ἀνάϐασις
276 1998 305 2024 ἐν
329 1999 361 2034 τῇ
387 1998 485 2034 καρδίᾳ
508 1998 589 2025 αὐτοῦ
606 2007 615 2024 ι
636 1998 690 2025 ἀπὸ
705 1998 752 2025 τοῦ
770 1998 847 2026 Θεοῦ.

44 2043 64 2069 Γ
67 2043 207 2075 ινώσκεις
223 2043 250 2070 τί
266 2041 299 2079 ἦν
316 2044 345 2070 ἐν
358 2043 397 2079 τῷ
407 2043 547 2082 γάνθρώπῳ
561 2045 575 2071 ό
592 2044 732 2079 γινώσκων
749 2044 848 2077 πάντα,

44 2090 93 2116 Υἱὲ
107 2090 161 2117 τοῦ
173 2089 257 2116 Θεοῦ.
272 2089 339 2125 Ἤδη
354 2089 383 2116 δὲ
393 2089 441 2125 τὴν
454 2090 577 2125 αὐτάρκη
594 2090 764 2126 περιγραφὴν
778 2091 850 2126 είλη-

43 2135 129 2169 φότος
146 2135 203 2162 καὶ
218 2134 265 2161 τοῦ
281 2135 392 2161 δεκάτου
410 2135 464 2170 (77)
481 2136 581 2170 τόμον,
599 2135 714 2162 ἐνταῦθα
733 2143 785 2161 που
802 2144 849 2161 κα-

41 2181 188 2207 ram-36m
192 2188 247 2215 μεν
261 2180 306 2207 τὸν
318 2180 396 2215 λόγον
408 2180 472 2216 (78).

79 2261 105 2277 ³³
117 2260 216 2288 Joa‘n.
236 2267 267 2291 ιι,
283 2259 326 2286 l5.
365 2258 407 2285 "l
420 2258 482 2286 Cor.
498 2266 552 2289 xn'.
566 2258 610 2292 24,
629 2258 674 2286 25.
713 2259 736 2275 “
763 2258 842 2286 Joan.

934 2257 970 2284 ιδ.

40 2303 170 2328 unm,
188 2294 225 2322 6.

75 2376 140 2411 (76)
165 2371 363 2406 Ζωουμένου.
378 2372 424 2400 Sic
442 2372 524 2400 codex
544 2371 721 2405 Bodleianus;
739 2371 848 2406 Regius.

37 2411 115 2444 ζὼου
138 2410 272 2447 μςῖνονι,,
340 2443 346 2447 ,
465 2441 483 2447 ..
542 2442 548 2447 .
612 2442 618 2447 .

73 2441 146 2480 (7εεί
160 2446 237 2473 Post
250 2443 417 2480 ἐλεγχόντων
434 2441 596 2477 relinquitur
612 2442 638 2470 in
654 2441 848 2476 manuscriptis

35 2479 198 2510 codicibus
217 2479 337 2512 spatium
349 2485 481 2512 _vacuutn.

73 2517 138 2552 (76)
174 2509 310 2542 Πάὶετων
343 2509 404 2545 ὧν,
435 2516 487 2540 etc.
523 2511 701 2540 Scribendum
741 2511 847 2539 videtur

36 2553 132 2580 πάντα
148 2553 187 2583 a.
203 2555 262 2577 etc.

899 1585 974 1618 ne“,
989 1595 999 1611 ι
1015 1586 1085 1613 sumi
1110 1586 1191 1613 etiam
1209 1591 1299 1621 potest
1317 1587 1349 1614 de
1376 1586 1520 1614 virtutibus
1542 1588 1620 1615 malis
1640 1588 1682 1615 vel

899 1631 986 1665 bonis,
1009 1633 1183 1667 operantibus
1212 1633 1240 1659 in
1264 1633 1428 1661 hominibus.
1446 1633 1513 1660 Nam
1530 1635 1552 1661 si
1578 1634 1684 1661 dederit

899 1679 959 1712 quis
980 1678 1068 1706 locutu
1093 1678 1210 1712 diabolo,
1228 1680 1379 1714 ingreditur
1407 1680 1434 1707 in
1458 1679 1533 1707 illum
1555 1679 1682 1712 Satanas,

899 1723 1124 1757 quemadmodum
1153 1723 1226 1751 dedit
1249 1724 1343 1755 Judas,
1374 1733 1459 1753 tcum
1481 1726 1537 1759 jam
1562 1726 1683 1753 diabolus

900 1767 1018 1794 misisset
1037 1768 1062 1795 in
1080 1775 1127 1795 cor
1141 1767 1209 1802 ejus,
1235 1773 1264 1795 ut
1289 1770 1407 1797 traderet
1424 1769 1516 1798 Jesutn
1528 1770 1566 1804 '5;
1578 1779 1587 1796 ι
1602 1779 1682 1804 quam

899 1813 934 1841 ob
946 1821 1056 1841 causam
1079 1823 1089 1840 ι
1101 1819 1160 1849 post
1174 1815 1324 1842 buccellam
1342 1816 1454 1844 intravit
1470 1816 1496 1843 in
1515 1816 1588 1843 illum
1606 1816 1684 1844 Sata-

901 1867 949 1886 nas
960 1859 993 1886 ".
1007 1868 1018 1886 ›
1035 1858 1083 1886 Sin
1100 1865 1191 1886 autem
1208 1859 1262 1887 Deo
1278 1860 1366 1888 locum
1382 1861 1497 1893 dederit,
1516 1861 1611 1888 beatus
1630 1862 1659 1888 ilt
1675 1870 1682 1888 :

902 1913 911 1929 ι
929 1904 1026 1932 Beatus
1040 1913 1049 1930 ι
1064 1905 1149 1938 enim,
1167 1913 1176 1930 ι
1189 1905 1265 1939 cujus
1286 1911 1326 1933 est
1341 1906 1378 1933 illi
1403 1907 1544 1934 retributio
1559 1916 1568 1933 ι
1585 1915 1599 1934 a
1618 1907 1683 1938 Deo.

902 1959 911 1975 t
922 1954 949 1977 et
966 1950 1089 1977 ascensio
1111 1950 1137 1977 in
1161 1951 1243 1977 corde
1262 1950 1320 1985 ejus
1334 1960 1343 1976 ι
1359 1958 1374 1977 a
1388 1951 1441 1979 Deo
1450 1951 1482 1978 ’⁸.
1497 1950 1585 1984 Quare
1597 1959 1682 1986 agno-

901 1996 965 2028 scis,
979 2004 996 2023 ο
1011 1995 1062 2023 Fili
1082 1995 1127 2023 Dei
1140 1996 1231 2023 omnia
1251 2004 1410 2032 agnoscens,
1425 1996 1489 2030 quid
1503 1996 1538 2023 sit
1550 1995 1575 2022 in
1594 1996 1682 2023 homi-

902 2050 944 2071 ne.
964 2042 1016 2070 Sed
1032 2050 1093 2070 cum
1116 2042 1171 2076 jam
1194 2043 1260 2070 satis
1275 2042 1430 2078 scriptionis
1444 2043 1590 2078 sumpserit
1610 2042 1683 2069 deci-

903 2096 961 2115 tuus
975 2094 1073 2121 toruus,
1089 2088 1132 2115 hic
1146 2087 1271 2116 ﬁniemus
1285 2096 1451 2117 sermonem.

1337 2258 1358 2274 17

1019 2258 1043 2273 ’⁸⁵
1070 2256 1148 2285 Joan.
1167 2265 1226 2291 χιιι,
1255 2259 1284 2285 2.
1337 2258 1358 2274 ’⁷
1388 2257 1454 2284 ibid.
1480 2256 1525 2283 27.
1565 2257 1586 2273 ³⁸
1610 2257 1682 2284 Psal.

936 2372 991 2408 (TI)
1012 2372 1100 2399 Codex
1126 2371 1287 2408 Bodleianus
1313 2372 1395 2399 habet
1416 2372 1445 2408 in,
1466 2376 1539 2408 textu
1561 2370 1683 2408 agama-

899 2405 958 2448 3m.
973 2405 1040 2448 ctjn
1060 2408 1180 2442 margine
1201 2406 1324 2438 δεκάτου,
1340 2408 1378 2433 uti
1396 2407 1493 2442 legitur
1515 2407 1540 2433 in
1560 2405 1644 2440 Regio
1658 2412 1684 2432 et

901 2442 1061 2468 Barberino.

898 2476 990 2538 16:13.)
1010 2476 1100 2505 Codex
1122 2476 1221 2512 Regius
1253 2475 1349 2508 habet,
1373 2477 1404 2505 τὸ
1436 2475 1537 2511 βιϐλίον
1563 2483 1613 2511 pro
1627 2475 1680 2514 ,τὸν

931 2520 987 2546 γον.
