1853 3050
188 102 240 130 399

905 98 1065 128 ORIGENIS

1759 96 1797 123 till)

192 167 1794 196 Mm

770 253 1240 320 ΩΡΙΓΕΝΟΥΣ

504 373 573 401 ΤΩΝ
589 372 648 399 ΕΙΣ
669 373 711 398 ΤΟ
727 371 818 398 ΚΑΤΑ
838 368 1008 398 ιΩΑΝΝΠΝ
1020 367 1252 396 ΕΥΑΓΓΕΛΙΟΝ
1263 367 1496 395 ΕΞΙΙΓΗΤΙΚΩΝ

856 450 1044 495 ΤΟΜΟΣ
1071 450 1150 492 II".

835 620 1171 678 ORIGENlS

542 732 925 765 COMMENTARIORUM
948 732 988 762 IN
1003 731 1138 763 EVANG
1146 731 1266 762 ELIUM
1283 730 1447 762 JOANNIS

592 821 716 868 TOM
728 822 795 867 US
832 821 1093 867 DECIMUS
1128 821 1407 866 TERTIUS.

227 977 252 1003 Ι.
271 975 331 1002 Tibi
357 974 477 1009 quidem,
507 972 555 1000 Dei
578 972 765 1000 amantissime
788 979 820 1000 ac
849 973 970 1007 piissime

1068 992 1083 1000 ,.
1098 973 1176 1005 Ἴσως
1190 973 1239 1008 μὲν
1251 972 1284 999 ἂν
1295 972 1369 1005 ἔδοξέ
1383 980 1423 998 σοι
1432 970 1497 1006 (79),
1513 970 1694 1005 φιλοθεώτατε
1709 970 1758 998 καὶ
1768 971 1806 998 εὐ-

191 1021 326 1053 Ambrosi,
347 1027 401 1047 non
416 1019 559 1046 videbatur
577 1018 691 1046 fortasse
704 1018 870 1046 scindendus
883 1025 973 1052 sermo

191 1065 373 1097 Snmaritidis,
392 1065 429 1092 ita
454 1070 481 1092 ut
495 1065 567 1092 illius
589 1072 653 1098 pars
671 1070 743 1092 esset
765 1064 793 1092 in
814 1065 973 1092 duodecimo

191 1116 274 1143 tonio.
293 1116 319 1138 et
332 1111 452 1145 reliqua,
469 1117 529 1144 qua:
547 1110 696 1142 restabant,
717 1110 744 1137 in
760 1110 840 1137 tertio
855 1110 971 1138 decimo.

191 1157 243 1184 Sed
267 1157 395 1192 quoniam
414 1155 572 1183 videbamus
592 1155 779 1182 duodecimum
803 1154 974 1182 Commenta-

190 1202 292 1228 riorum
310 1205 411 1228 tomum
434 1199 502 1227 satis
524 1200 702 1234 scriptionum
723 1199 871 1234 accepisse,
886 1200 973 1227 visum

191 1251 234 1275 est
249 1246 327 1273 nobis
348 1244 473 1273 desinere
488 1244 514 1272 in
531 1251 685 1272 sermonem
700 1244 912 1278 Samaritidis",
927 1245 973 1272 ubi

193 1292 355 1328 loquebatur
378 1291 435 1326 ipsa
465 1291 498 1318 de
528 1295 619 1324 puteo,
647 1291 872 1325 quemadmodum
890 1289 974 1318 Iacob

190 1337 255 1365 illud
270 1336 386 1369 dederit,
401 1341 428 1364 et
445 1335 501 1370 ipse
517 1342 550 1362 ex
575 1342 609 1362 eo
633 1335 741 1368 biberit,
757 1340 784 1363 et
801 1336 848 1363 lilii
866 1335 933 1370 ejus,
947 1340 974 1363 et

191 1389 288 1416 pecora
304 1381 373 1416 eius,
388 1380 496 1408 tertium
518 1380 653 1408 decimum
681 1385 782 1408 tomum
815 1381 973 1415 incepturis,

193 1427 236 1455 ubi
251 1426 382 1454 Dominus
398 1426 431 1453 ad
447 1427 532 1461 ipsam
557 1426 721 1460 respondet.
740 1435 750 1452 c
764 1425 912 1461 Respondit
926 1425 974 1454 Je-

193 1482 239 1501 sus
255 1478 282 1501 et
301 1473 370 1500 dixit
389 1473 428 1500 illi
444 1471 559 1500 :Omnis
581 1472 628 1506 qui
649 1472 748 1499 biberit
762 1479 795 1499 ex
822 1479 891 1506 aqua
911 1472 972 1506 hac,

193 1520 269 1547 sitiet
283 1520 380 1547 iterum
394 1527 402 1552 ;
420 1518 465 1553 qui
482 1522 570 1544 autem
585 1518 683 1544 biberit
695 1524 727 1544 ex
744 1524 813 1552 aqua
831 1525 911 1552 quam
925 1525 974 1553 ego

193 1565 230 1592 illi
249 1565 357 1597 dedero,
373 1565 419 1590 ﬁet
433 1563 494 1591 fons
518 1563 546 1590 in
566 1569 599 1590 eo
622 1569 698 1596 aqua:
712 1562 834 1590 salientis
851 1563 876 1590 in
891 1564 972 1590 vitam

192 1609 364 1638 aeternam“.
379 1618 388 1635 ι
404 1608 459 1636 lloc
481 1609 624 1642 respondet
641 1608 761 1636 secundo
779 1607 857 1636 Jesus
873 1609 905 1635 ad
921 1609 973 1636 Sa-

194 1655 363 1688 maritideln,
380 1654 495 1688 primum
510 1654 617 1689 quidem
633 1653 727 1681 dicens
743 1662 750 1679 :
767 1663 775 1680 ι
791 1653 819 1681 Si
833 1654 918 1682 scires
928 1655 975 1681 do~

193 1708 258 1728 ntun
273 1700 330 1733 Dei,
344 1704 372 1727 et
387 1700 449 1734 quis
464 1703 503 1727 est
532 1699 576 1733 qui
591 1699 656 1726 dicit
676 1699 720 1726 tibi
737 1708 745 1726 :
761 1699 798 1726 Da
823 1700 887 1726 mihi
903 1699 975 1734 quod

194 1747 296 1778 bibam,
313 1750 340 1773 tu
358 1745 483 1773 fortassis
498 1746 532 1773 ab
543 1753 576 1772 eo
594 1745 732 1779 petiisses,
747 1751 773 1773 et
789 1745 906 1773 dedisset
927 1747 974 1774 tibi

193 1798 290 1826 aquam
302 1790 389 1818 vivam
399 1789 420 1805 "
433 1797 440 1822 ;
455 1799 464 1815 ι
480 1795 508 1816 et
519 1796 590 1816 nunc
602 1789 708 1824 quando
721 1789 867 1816 admonens
880 1789 975 1823 ipsam,

193 1836 273 1872 213
289 1840 318 1863 ut
332 1841 436 1870 peteret
450 1843 547 1870 aquam
561 1835 660 1867 vivam,
674 1834 739 1862 dicit
758 1842 817 1869 quae
840 1834 976 1861 recensui-

194 1890 270 1916 mus;
286 1887 313 1910 et
326 1882 358 1909 ad
376 1882 490 1916 primam
503 1881 614 1916 quidem
626 1880 832 1915 responsionem
848 1880 915 1906 nihil
934 1879 976 1907 lo-

193 1929 285 1965 quitur
309 1927 461 1958 Samaritis,
486 1927 534 1953 sed
557 1927 700 1954 addubitat
717 1926 750 1954 de
771 1925 977 1960 comparatione

193 1981 342 2009 aquarum;
368 1977 427 2006 post
443 1972 588 1999 secundam
609 1979 675 1998 vero
695 1971 805 1999 Domini
822 1971 977 2006 responsio.

989 1645 1011 1672 B

193 2028 254 2047 nem
274 2019 421 2046 admittens
444 2024 506 2051 qua:
527 2017 561 2043 ab
587 2017 647 2051 ipso
671 2017 744 2044 dicta
770 2017 919 2044 fuerautzr
940 2017 975 2044 Da
992 2028 1004 2040 ο

193 2065 257 2092 milii
281 2065 363 2096 hanc,
395 2063 500 2098 inquit,
532 2070 630 2097 aquam
643 2063 676 2090 ".
695 2071 704 2088 ι
738 2061 872 2090 Fortassis
902 2062 974 2089 enim

193 2112 290 2146 dogma
301 2115 353 2141 est,
372 2110 506 2137 neminem
520 2109 619 2136 donum
634 2108 754 2135 divinum
764 2108 890 2143 accipere
903 2115 974 2143 pra:-

194 2163 236 2183 tcr
251 2159 388 2191 potentem
409 2154 483 2181 illud.
496 2153 675 2188 Quamobrem
693 2152 866 2180 Servatorem
888 2153 976 2187 ipsum

194 2202 275 2229 Pater
296 2201 353 2236 ipse
377 2205 469 2235 petere
489 2200 615 2227 admonet
634 2206 683 2234 per
705 2198 848 2234 psalmum,
868 2198 906 2224 uti
924 2198 976 2226 sibi

195 2247 319 2278 douelur,
340 2244 564 2280 quemadmodum
585 2245 662 2271 docet
684 2244 803 2278 nosipse
825 2243 920 2275 Filius,
933 2243 977 2270 di-

195 2299 259 2318 cens
271 2290 293 2307 ³³
309 2300 316 2319 :
332 2300 341 2317 ι
360 2291 488 2318 Dominus
513 2290 581 2317 dixit
606 2289 638 2317 ad
660 2297 702 2316 me
716 2298 722 2315 ε
736 2288 819 2316 Filius
844 2296 920 2316 meus
946 2296 975 2316 es

1025 1019 1166 1045 σεόέστατε
1186 1019 1342 1054 Ἀμϐρόσιῆ
1357 1017 1402 1044 τδν
1416 1017 1480 1052 περὶ
1494 1016 1544 1051 τῆς
1559 1016 1756 1053 Σαμαρείτιδος
1771 1017 1808 1043 λό-

1023 1073 1071 1099 γον
1086 1065 1123 1100 μὴ
1140 1065 1317 1100 διακοπῆναι,
1335 1063 1372 1096 ὥς
1389 1072 1418 1090 τε
1437 1064 1518 1099 μέρος
1539 1063 1588 1098 μέν
1604 1072 1630 1089 τι
1644 1063 1727 1090 αὑτοῦ
1744 1061 1809 1089 εἶναι

1024 1112 1052 1137 ὲν
1069 1110 1108 1145 τῷ
1125 1110 1268 1145 δωδεκάτῳ
1287 1109 1378 1145 τόμῳ,
1393 1108 1426 1135 τὰ
1438 1108 1466 1135 δὲ
1487 1108 1548 1143 ἑξῆς
1561 1109 1589 1134 ὲν
1601 1107 1640 1143 τῷ
1655 1108 1809 1143 τρισκαιδε-

1024 1157 1098 1192 κάτῳ
1109 1165 1115 1172 ·
1125 1156 1181 1183 ἀλλ’
1195 1156 1256 1182 ἐπεὶ
1267 1155 1396 1191 ἑωρῶμεν
1412 1154 1536 1189 αὐτάρκη
1552 1153 1725 1189 περιγραφὴν
1741 1153 1810 1187 εἰλη-

1024 1203 1101 1237 φέναι
1116 1202 1161 1228 τὸν
1181 1201 1330 1228 δωδέκατον
1351 1199 1405 1227 τῶν
1425 1199 1624 1235 Ἐξηγητικῶν,
1639 1199 1729 1231 ἔδοξεν
1749 1200 1810 1234 ἡμῖν

1024 1247 1172 1283 καταλῆξαι
1202 1248 1242 1277 εἰς
1264 1247 1309 1273 τὸν
1334 1246 1384 1281 τῆς
1414 1245 1609 1281 Σαμαρείτιδος
1638 1245 1716 1279 λόγον
1751 1247 1810 1281 περὶ

1022 1293 1069 1319 τοῦ
1096 1293 1152 1328 (80)
1171 1292 1316 1327 λεγομένου
1333 1292 1378 1318 ὑπ’
1398 1290 1483 1325 αὐτῆς
1504 1290 1640 1325 φρέατος,
1661 1290 1699 1322 ὡς
1720 1291 1736 1317 ὁ
1770 1291 1812 1317 Ἰα-

1024 1338 1081 1365 κὼϐ
1097 1338 1196 1365 ἔδωκεν
1212 1338 1291 1370 αὐτὸ,
1307 1337 1353 1364 καὶ
1375 1336 1454 1368 αὐτὸς
1476 1336 1507 1369 ἐξ
1521 1336 1603 1364 αὑτοῦ
1621 1336 1681 1362 ἔπιε
1694 1357 1701 1370 ,
1719 1336 1770 1363 καὶ
1791 1338 1810 1362 ol

1023 1384 1075 1410 υἱοὶ
1088 1383 1171 1411 αὐτοῦ
1183 1403 1190 1415 ,
1205 1382 1254 1410 καὶ
1272 1382 1307 1409 τὰ
1327 1382 1472 1417 θρέμματα
1487 1381 1580 1414 αὐτοῦ,
1607 1382 1649 1408 ῐνα
1665 1381 1811 1417 ἀρξώμεθα

1023 1429 1070 1457 τοῦ
1086 1428 1308 1466 τρισκαιδεκάτου
1328 1428 1382 1454 ἀπὸ
1394 1428 1442 1463 τῆς
1460 1428 1632 1463 ἀποκρίσεως
1647 1427 1694 1454 τοῦ
1708 1428 1811 1463 Κυρίου

1024 1473 1090 1508 πρδς
1107 1473 1161 1508 (8i)
1186 1473 1277 1508 αὑτήν.
1297 1481 1306 1498 ι
1331 1472 1478 1508 Ἀπεκρίθη
1495 1473 1509 1499 6
1530 1472 1649 1508 Ἰησοῦς,
1669 1473 1717 1499 καὶ
1739 1471 1813 1500 εἶπεν

1023 1520 1091 1554 αὐτῇ
1105 1528 1110 1534 ·
1126 1519 1183 1550 Πᾶς
1195 1519 1209 1545 6
1224 1518 1308 1545 πίνων
1325 1519 1356 1545 ὲκ
1387 1517 1434 1544 τοῦ
1470 1518 1565 1550 ὕδατος
1593 1518 1686 1545 τούτου
1707 1519 1812 1555 διψήσῃ

1024 1565 1118 1592 πάλιν·
1131 1564 1160 1596 ὃς
1172 1565 1194 1591 δ’
1206 1564 1239 1591 ἂν
1254 1565 1304 1601 πίῃ
1315 1565 1346 1590 ὲκ
1361 1564 1407 1591 τοῦ
1421 1564 1516 1596 ὕδατος
1529 1561 1559 1590 οὗ
1573 1564 1627 1599 ἐγὼ
1640 1564 1720 1592 δώσω
1731 1566 1812 1600 αὐτῷ,

1024 1610 1167 1646 γενήσεται
1185 1610 1259 1646 πηγὴ
1273 1611 1303 1636 ὲν
1317 1609 1391 1644 αὐτῷ
1412 1609 1506 1641 ὕδατος
1525 1609 1672 1645 ἁλλομένου
1689 1612 1732 1643 εἰς
1745 1611 1814 1647 ζωὴν

1025 1655 1142 1683 αἰώνιον.
1163 1665 1173 1681 ι
1189 1655 1319 1691 Δεύτερον
1333 1654 1413 1682 τοῦτο
1427 1655 1603 1691 ἀποκρίνεται
1617 1656 1685 1692 πρὸς
1700 1657 1752 1692 τὴν
1765 1658 1814 1684 Σα-

1027 1702 1149 1737 μαρεττιν
1161 1701 1175 1727 6
1197 1700 1310 1736 Ἰησοῦς,
1331 1701 1462 1736 πρότερον
1477 1701 1526 1736 μὲν
1542 1701 1628 1736 λέγων
1639 1710 1646 1717 ·
1663 1712 1674 1728 ‹
1691 1702 1724 1729 Εἰ
1745 1703 1814 1738 ᾕδεις

1025 1747 1074 1782 τὴν
1091 1745 1193 1781 δωρεὰν
1210 1746 1256 1772 τοῦ
1272 1745 1350 1779 Θεοῦ,
1367 1746 1415 1772 καὶ
1429 1746 1470 1777 τίς
1483 1747 1556 1772 ἐστιν
1568 1747 1582 1772 6
1597 1746 1685 1781 λέγων
1700 1756 1744 1774 σοι
1765 1750 1814 1780 Δίς

1023 1800 1073 1825 μοι
1085 1791 1178 1822 πιεῖν,
1199 1791 1231 1817 σὺ
1258 1790 1291 1817 ἂν
1307 1790 1411 1826 ᾔτησας
1423 1790 1521 1823 αὐτὸν,
1539 1791 1586 1817 καὶ
1608 1791 1711 1818 ἔδωκεν
1728 1793 1761 1819 ἂν
1778 1801 1814 1818 σοι

1027 1836 1098 1871 ὕδωρ
1117 1835 1171 1868 ζῶν
1184 1844 1190 1850 ·
1211 1845 1221 1861 ι
1238 1836 1284 1862 καὶ
1305 1836 1362 1868 νῦν,
1378 1835 1416 1867 ὡς
1439 1836 1600 1872 προτρέπων
1620 1836 1706 1872 αὐτὴν
1727 1838 1775 1864 ἐπὶ
1789 1837 1814 1863 τὸ

1025 1881 1134 1916 αἰτῆσαι
1151 1880 1181 1907 τὸ
1195 1880 1248 1913 ζῶν
1264 1881 1334 1916 ὓδωρ
1347 1901 1354 1912 ,
1375 1880 1450 1915 λέγει
1463 1881 1497 1907 τὰ
1517 1881 1667 1916 ἐκκείμενα
1679 1890 1686 1897 ·
1701 1883 1753 1909 καὶ
1774 1884 1815 1908 ἐπὶ

1027 1927 1076 1962 μὲν
1089 1927 1128 1962 τῷ
1141 1927 1265 1962 προτέρῳ
1280 1927 1330 1953 οὐκ
1345 1924 1421 1952 εἶπεν
1435 1927 1510 1953 οὐδὲν
1526 1927 1591 1962 (82),
1610 1927 1668 1953 ἀλλ’
1685 1928 1816 1964 ἑπαπορεῐ

1026 1973 1090 2009 περὶ
1102 1972 1150 2007 τῆς
1165 1972 1332 2008 συγκρίσεως
1345 1972 1398 1998 τῶν
1412 1972 1515 1998 ὑδάτων
1530 1973 1546 2007 ἡ
1558 1973 1742 2009 Σαμαρεῖτις·
1754 1976 1815 2009 μετὰ

1024 2018 1052 2045 δὲ
1066 2018 1114 2054 τὴν
1130 2018 1257 2054 δευτέραν
1269 2018 1414 2054 ἀπόκρισιν
1425 2017 1471 2044 τοῦ
1488 2018 1587 2052 Κυρίου
1605 2019 1814 2054 παραδεξαμένη

1025 2065 1059 2091 τὰ
1073 2064 1204 2100 ειρημένα
1218 2063 1297 2098 φησι·
1315 2073 1325 2089 ι
1346 2063 1394 2094 Δός
1419 2071 1463 2098 μοι
1477 2063 1556 2089 τοῦτο
1568 2063 1598 2089 τὺ
1613 2063 1698 2100 ὕδωρ.
1720 2075 1729 2090 ι
1746 2065 1815 2099 Τάχα

1026 2110 1080 2146 γὰρ
1092 2110 1179 2146 δόγμα
1191 2110 1217 2136 τί
1239 2110 1311 2141 ἐστι,
1333 2108 1433 2144 μηδένα
1456 2108 1603 2144 λαμὸάνειν
1620 2109 1699 2137 θείαν
1716 2111 1814 2146 δωρεὰ-ι

1026 2156 1080 2183 τῶν
1093 2156 1129 2192 μὴ
1142 2155 1288 2182 αἰτούντων
1300 2156 1394 2190 αὑτήν.
1409 2156 1463 2182 Καὶ
1474 2155 1553 2182 αὑτὸν
1564 2154 1631 2189 γοῦν
1643 2156 1690 2182 τὸν
1706 2157 1813 2191 Σωτῆρα

1024 2202 1069 2229 διὰ
1081 2201 1128 2228 τοῦ
1141 2201 1249 2237 ψαλμοῦ
1265 2201 1412 2237 προτρέπει
1426 2201 1511 2228 αἰτεῖν
1525 2202 1538 2227 ὸ
1554 2201 1651 2236 Πατὴρ
1660 2221 1668 2233 ,
1682 2203 1728 2228 ἴνα
1745 2202 1813 2236 αὐτῷ

1025 2247 1180 2284 δωρήσηται
1191 2256 1198 2263 ·
1211 2248 1250 2279 ὼς
1264 2247 1344 2279 αὐτὸς
1362 2247 1416 2282 (85)
1429 2247 1502 2282 ἡμᾶς
1523 2247 1645 2274 διδάσκει
1666 2249 1682 2275 ὁ
1696 2248 1761 2279 Υἱὸς
1776 2249 1812 2274 λέ-

1026 2302 1082 2328 γων
1094 2302 1100 2308 ·
1118 2303 1127 2319 ‹
1145 2294 1246 2329 Κύριος
1267 2291 1327 2320 εἷπε
1344 2292 1412 2329 πρὸς
1434 2302 1467 2328 με
1479 2302 1486 2308 ο
1501 2293 1564 2324 Υἱός
1580 2302 1632 2328 μου
1658 2292 1685 2320 εἰ
1701 2295 1734 2321 σύ
1746 2303 1753 2311 ·
1774 2294 1811 2320 αῖ-

196 2343 223 2364 tu
241 2346 247 2364 :
264 2336 367 2372 postula
380 2344 394 2362 ιι
410 2343 462 2367 me.
478 2340 506 2363 et
527 2335 596 2362 dabo
607 2334 655 2362 tibi
679 2339 773 2369 gentes
792 2333 975 2361 luereditatem

1068 2348 1108 2365 σαι
1124 2340 1188 2375 παρ’
1199 2339 1276 2374 ἐμοῦ,
1292 2339 1338 2365 καὶ
1350 2339 1427 2365 δώσω
1443 2347 1482 2365 σοι
1497 2338 1559 2373 ἔθνη
1573 2339 1623 2374 τὴν
1636 2339 1812 2376 κληρονομξαν

196 2388 280 2414 tuam,
295 2386 322 2409 et
338 2381 533 2415 possessionem
555 2385 629 2407 tuam
655 2380 785 2407 terminos
802 2384 891 2406 terrae.
908 2388 917 2404 ι
932 2379 976 2406 Di-

195 2428 232 2454 rit
245 2427 325 2455 etiam
343 2427 470 2454 Servator
483 2434 490 2452 ε
512 2435 521 2451 ι
536 2426 632 2458 Pctite,
649 2431 676 2453 et
688 2425 798 2452 dabitur
810 2425 887 2452 vobis
901 2432 977 2452 :om-

196 2473 238 2500 nis
253 2471 324 2500 enim
338 2471 384 2506 qui
398 2472 473 2505 petit,
487 2471 624 2505 accipit“.
644 2480 652 2496 ι
670 2470 751 2498 Paret
761 2471 867 2504 quidem
883 2470 977 2498 Sama-

1030 2393 1076 2411 σου
1087 2405 1094 2416 ,
1112 2386 1157 2411 καὶ
1175 2385 1222 2420 τὴν
1238 2384 1401 2419 κατάσχεσίν
1417 2392 1464 2410 σου
1480 2384 1514 2410 τὰ
1532 2384 1639 2419 πέρατα
1655 2385 1706 2421 τῆς
1727 2386 1785 2420 γῆς.
1802 2394 1808 2409 ι

1030 2431 1085 2458 Καὶ
1096 2432 1110 2458 6
1122 2432 1218 2466 Σωτήρ
1232 2439 1312 2465 φησιν
1325 2439 1331 2445 ·
1352 2439 1361 2456 ι
1379 2431 1495 2462 Αἰτεῖτε,
1512 2430 1558 2457 καὶ
1572 2430 1720 2465 δοθήσεται
1736 2432 1810 2466 ὑμῖν·

1030 2476 1086 2507 Πᾶς
1101 2476 1155 2511 γὰρ
1174 2477 1188 2502 ὸ
1209 2476 1292 2502 αἰτῶν
1315 2475 1457 2510 λαμϐάνει.
1477 2484 1487 2501 ›
1511 2474 1639 2502 Πείθεται
1655 2476 1779 2511 μέντοιγε
1796 2478 1810 2510 ἡ

197 2518 256 2546 ritis
272 2521 302 2545 ut
318 2522 391 2552 petat
415 2525 512 2551 aquam
531 2525 544 2543 a
567 2516 641 2548 Jesu,
659 2517 748 2552 imago
776 2516 922 2547 exsistens,
947 2521 976 2544 ut

1072 2521 1194 2555 μαρεῖτις
1211 2519 1321 2554 αἰτῆσαι
1341 2519 1386 2545 τὸν
1413 2517 1517 2554 Ἰησοῦν
1541 2519 1633 2554 ὕδωρ,
1658 2521 1756 2553 εἰκὼν,
1779 2521 1811 2552 ὡς

249 2586 466 2619 "Joan.|v,l2.
509 2585 530 2601 '°
547 2585 611 2613 ibid.
635 2586 678 2613 15.
715 2586 736 2602 ³¹
749 2585 814 2613 ibid.
830 2586 872 2613 10.
911 2585 976 2613 "Jo

1068 2594 1084 2619 ν,
1108 2587 1149 2614 l5.
1187 2587 1209 2602 ³³
1222 2586 1291 2614 Psal.
1308 2594 1338 2619 ll,
1351 2586 1379 2618 7,
1392 2585 1419 2613 8.
1458 2585 1481 2601 "
1499 2585 1595 2613 Matth.
1611 2593 1662 2619 VII,
1675 2587 1704 2619 7,
1720 2587 1748 2614 8.

234 2647 290 2682 (79)
310 2648 360 2674 Ἂν
383 2645 551 2682 ἑδρξέησοι.
578 2645 623 2673 Sic
647 2651 719 2674 recte
743 2646 843 2674 habent.
870 2645 978 2682 codices

1068 2647 1124 2680 (8-2)
1143 2646 1247 2673 Οὐδέν.
1260 2645 1340 2674 Deest
1354 2645 1380 2672 in
1393 2645 1487 2672 codice
1498 2644 1592 2680 Regio,
1602 2645 1649 2672 scd
1664 2645 1811 2673 restituitur

198 2680 362 2718 llzurlioriiiirs
375 2686 407 2718 c_t_
420 2680 592 2718 ligulleianus,
610 2687 750 2718 perperam
766 2685 857 2708 autem
879 2681 978 2716 legitur
1031 2689 1047 2710 e
1063 2681 1219 2718 Bodleiano.

199 2718 224 2744 in
241 2717 332 2750 Regio.
347 2714 464 2750 ἀνέδειξέ.
480 2723 530 2741 σοι.

234 2749 292 2786 (8ϋὶ
310 2751 399 2786 Codex
416 2749 526 2786 Regius,
540 2749 619 2786 male,
635 2750 698 2786 περὶ
713 2750 818 2786 τούτου.

234 2784 290 2822 (8i)
311 2785 380 2812 Idem
395 2785 478 2812 codex
495 2784 603 2820 Regius,
623 2784 725 2821 Κυρίου
739 2785 828 2821 ἡμῶν.

1040 2751 1046 2760 ι
1149 2717 1197 2749 Ὠς
1219 2715 1319 2749 αὐτός.
1338 2713 1385 2742 Sic
1398 2714 1483 2742 codex
1508 2713 1692 2750 Bodleianus;
1709 2715 1810 2750 Regius,

1032 2759 1172 2783 ωσαυτως.
