1854 3043
42 125 81 151 ιοι

40 182 207 218 προείπομεν,
231 182 401 217 τυγχάνουσα
434 180 545 217 γνώμης
577 180 811 216 ἐτεροδοξούντων,
828 185 848 212 Α

41 229 94 264 περὶ
113 228 159 259 τὰς
181 227 256 260 θείας
279 227 484 262 ἀσχολουμένων
507 227 631 262 Γραφὰς,
651 227 695 253 ὅτε
718 227 811 253 ἀκούει

40 274 94 308 περὶ
110 274 155 308 τῆς
176 273 346 309 συγκρίσεως
368 272 530 308 ἀμφοτέρων
550 272 604 299 τῶν
626 272 740 300 ὑδάτων.
757 272 812 299 Καὶ

38 318 81 352 δρα
93 317 120 349 ἐξ
134 314 170 344 ὤν
182 317 334 349 ἐπεπόνθει,
348 317 405 349 πῶς
423 318 538 344 πίνουσα
557 318 589 343 ὲκ
602 317 649 344 τοῦ
665 318 811 353 νομιζομέ-

38 371 77 390 νου
93 363 156 397 αὐτῇ
174 362 277 397 βαθέως
290 361 358 390 εἶναι
371 363 498 399 φρέατος,
512 364 562 390 οὐκ
578 363 728 390 ἀνεπαύετο
744 363 811 399 (84),

38 408 90 434 οὐδὲ
105 408 151 442 τῆς
163 408 242 443 δίψης
256 408 450 444 ἀπηλλάττετο.

68 453 92 479 2.
106 453 214 488 Ίδωμεν
229 451 275 480 οὖν
288 454 315 480 τί
329 454 490 489 σημαίνεται
504 455 536 481 ὲκ
550 454 597 482 τοῦ
610 463 616 470 ·
636 464 646 481 ι
660 455 717 487 Πᾶς
738 456 753 482 ὁ
766 456 812 482 πί-

38 507 83 525 νων
101 499 132 525 ἐκ
149 498 195 525 τοῦ
217 497 310 531 ὕδατος
326 499 420 526 τούτου
435 499 541 535 διψήσει
561 500 652 527 πάλιν.
669 510 678 526 r
695 501 772 528 Ἐστι
785 501 812 528 δὲ

38 547 65 572 ἐκ
81 546 126 582 τῆς
140 545 233 581 διψῆν
257 547 348 583 φωνῆς
360 567 367 580 ,
386 547 432 574 καὶ
447 549 480 574 ἐκ
493 548 543 584 τῆς
567 548 686 582 πεινῆν,
699 548 770 575 κατά
783 549 814 575 τὸ

39 593 180 628 σωματικὸν
190 612 198 624 ,
213 592 259 619 δύο
272 593 468 629 σημαινόμενα,
486 594 514 620 ἓν
530 594 579 629 μὲν
599 594 658 621 καθ’
673 594 687 621 ὃ
698 594 813 629 δεόμεθα

37 638 136 674 τροφῆς,
151 639 323 672 κενωθέντες.
339 640 386 666 καὶ
401 640 559 675 ὀρεγόμενοι
580 641 664 676 αὐτῆς
674 661 682 673 ,
699 640 752 667 ὑπὸ
765 640 812 667 τοῦ

37 683 110 720 ὑγροῦ
126 685 191 719 ήμτν
214 684 385 716 ἐπιλιπόντος
396 684 452 721 (85)
465 693 471 700 ’
488 685 580 720 ἕτερον
597 685 625 712 δὲ
639 686 699 712 καθ’
721 685 736 712 ὃ
748 685 812 712 πολ-

36 729 104 760 λάκις
124 731 146 756 οί
163 731 288 765 πένητες,
310 731 357 757 καὶ
380 732 408 757 ὲν
421 730 524 766 ἀπορίᾳ
543 731 636 763 ὄντες,
649 731 702 758 τῶν
716 732 812 766 ἐπιτη-

36 775 102 801 δείων
123 776 190 809 φασὶ
213 776 404 812 κεκορεσμένοι
423 776 454 803 τὸ
475 777 588 812 πεινῇν,
610 777 626 812 ἢ
648 775 737 811 ὁιψῇν.
759 776 814 803 Καὶ

37 821 173 855 μαρτύριόν
191 830 224 856 γε
242 821 288 848 τοῦ
313 823 362 857 μὲν
385 823 493 857 πρώτου
517 823 546 849 ὲν
565 824 597 858 τῇ
623 822 739 857 Ἐξὸδῳ,
757 822 812 855 ὅτε,

35 853 188 900 ἀπορούντες
197 853 337 902 ’τροφῶνα
353 868 386 902 τῇ
400 853 625 903 ἐννεακαιδεκάτῃ
639 853 736 902 ἡμέρᾳ,
745 853 812 902 (86),
831 853 850 882 Β

36 909 67 943 τῷ
81 910 141 944 μηνὶ
155 911 194 946 τῷ
207 911 324 947 δευτέρῳ
340 911 539 947 ἐξεληλυθότων
553 912 642 938 αὐτῶν
655 913 687 938 ὲκ
703 912 754 947 γῆς
768 913 814 939 Ai-

35 954 140 989 γύπτου,
166 955 328 991 διεγόγγυζε
349 958 422 984 πᾶσα
443 958 588 993 συναγωγὴ
615 957 680 984 υἱῶν
708 957 814 993 Ἰσραὴλ

36 1001 74 1026 ἐπὶ
88 1001 204 1037 Μωῦσῆν
217 1001 264 1028 καὶ
288 1002 393 1038 Ἀαρὼν
404 1023 412 1035 ,
428 1003 475 1030 καὶ
489 1000 569 1030 εῐπαν
586 1004 654 1039 πρὸς
675 1004 774 1036 αὐτοὺς
788 1005 812 1031 οί

35 1047 79 1073 υἱοὶ
102 1047 227 1084 Ἰσραήλ·
257 1049 370 1083 Ὄφελον
394 1049 565 1086 ἀπεθάνομεν
590 1051 739 1086 πληγέντες
761 1051 814 1077 ὑπὸ

35 1093 124 1128 Κυρίου
139 1095 167 1120 ὲν
182 1095 216 1129 γῇ
229 1094 369 1130 Αἰγύπτῳ,
385 1096 448 1122 ὃταν
463 1096 629 1132 ὲκαθίσαμεν
643 1097 688 1122 ἐπὶ
701 1097 754 1123 τῶν
771 1096 814 1123 λε-

35 1138 112 1173 ῦήτων
122 1139 175 1166 τῶν
192 1141 281 1176 κρεῶν
291 1160 298 1173 ,
314 1141 361 1168 καὶ
377 1141 507 1178 ήσῦίομεν
523 1143 621 1178 ἄρτους
635 1143 674 1174 είς
691 1143 813 1178 πλησμο-

34 1186 87 1218 νήν·
101 1185 137 1212 ὅτι
149 1185 298 1221 ὲξηγάγετε
311 1188 385 1222 ἡμᾶς
395 1189 434 1220 εις
447 1188 496 1223 τὴν
510 1187 612 1224 ἔρημον
621 1189 734 1225 ταύτην,
749 1191 814 1217 ἀπο-

35 1231 122 1257 κτεῖναι
135 1231 190 1266 (87)
209 1232 299 1259 πᾶσαν
320 1233 370 1268 τὴν
388 1235 548 1270 συναγωγὴν
565 1235 666 1271 ταύτην
681 1236 710 1262 ὲν
728 1235 810 1271 λιμῷ.

35 1272 91 1301 Eius
111 1275 137 1302 δὲ
150 1276 253 1312 Κύριος
269 1277 338 1313 πρὸς
362 1279 498 1314 Μωῦσῆν·
517 1279 581 1307 Ἰδοὺ
605 1279 660 1314 ἐγὼ
687 1279 727 1307 ὕω
744 1281 808 1316 ὑμῖν

34 1320 120 1355 ἄρτους
130 1322 163 1349 ὲκ
181 1319 230 1349 τοῦ
247 1323 362 1359 οὐρανοῦ
372 1344 379 1357 ,
392 1325 440 1351 καὶ
454 1324 623 1358 ἐξελεύσεται
639 1326 653 1352 ὁ
667 1326 747 1358 λαὸς,
765 1327 813 1354 καὶ

34 1366 174 1400 συλλέξουσι
189 1368 220 1395 τὸ
231 1369 280 1404 τῆς
292 1370 399 1406 ἡμέρας
413 1371 452 1402 είς
468 1371 585 1407 ἡμέραν,
603 1372 678 1403 ὅπως
690 1372 812 1408 πειράσω

33 1412 119 1444 αὖτοὺς
131 1414 155 1440 εί
172 1414 354 1450 πορεύσονται
367 1415 405 1452 τῷ
419 1416 493 1451 νόμῳ
506 1425 568 1452 μου,
581 1417 597 1452 ἦ
610 1416 651 1444 οὔ.
668 1427 677 1444 ι
694 1417 811 1445 Πεινών-

31 1466 76 1485 των
88 1459 139 1495 γὰρ
153 1461 200 1487 καὶ
214 1460 388 1496 ἀπορούντων
404 1462 453 1497 τῆς
469 1462 619 1496 ἀναγκαίας
634 1463 736 1498 τροφῆς
750 1463 811 1490 ὅσον

31 1506 174 1541 γογγυσμδν
194 1507 303 1534 ἐποίουν
322 1508 347 1534 οι
364 1507 437 1542 λόγοι
455 1507 510 1544 (88)
522 1516 528 1524 ⁸
554 1508 623 1535 ἀλλά
647 1509 694 1535 καὶ
717 1508 810 1540 ὓδατος
825 1521 845 1548 C

31 1549 184 1585 ἀποροῦντες
197 1552 245 1579 καὶ
254 1551 383 1586 διψῶντες
394 1552 565 1588 διεγόγγυζον
580 1553 649 1580 κατὰ
660 1553 808 1585 Μωῦσέως·

33 1604 40 1619 ί
56 1596 84 1622 Τί
100 1597 218 1632 «opaea
235 1606 242 1630 ;
265 1607 274 1624 ι
290 1599 334 1625 ὅτε
350 1608 359 1624 ι
376 1599 472 1634 ὲὸὀησε
483 1600 603 1635 Μωῡσῆς
622 1599 690 1635 πρὸς
701 1599 812 1635 Κύριον,

31 1642 70 1667 καὶ
84 1642 180 1675 ἔδειξεν
205 1644 280 1679 αύτῷ
294 1644 395 1680 Κύριος
405 1644 492 1677 ξύλον,
500 1645 546 1671 καὶ
556 1644 681 1671 ὲνέὸαλεν
693 1645 758 1673 αὐτὸ
774 1646 814 1677 είς

30 1686 55 1711 τὸ
67 1686 132 1724 ὕδωρ
143 1708 150 1719 ,
175 1690 226 1716 καὶ
254 1689 405 1726 ἑγλυκάνθη
424 1691 455 1717 τὸ
468 1690 551 1726 ὕδωρ.
573 1699 582 1716 ι
596 1691 650 1717 Καὶ
666 1691 723 1725 μετ’
735 1690 813 1725 ὀλίγα

30 1732 99 1765 ἡνίκα
113 1731 194 1769 ἦλθεν
210 1736 250 1767 είς
273 1736 408 1770 Ῥαφιδεὶν
418 1756 425 1768 ,
439 1737 610 1772 γέγραπται,
628 1737 669 1763 ὅτι
685 1736 812 1773 ἑδίψησεν

30 1777 41 1802 ὁ
60 1777 117 1811 λαὸς
139 1780 197 1806 ἐκεῖ
218 1780 315 1814 ὕδατι,
333 1782 380 1808 καὶ
400 1781 550 1815 ὲγόγγυζεν
572 1782 587 1808 ὁ
607 1781 671 1813 λαὸς
688 1783 746 1808 ἐκεῖ
766 1781 810 1808 ἐπὶ

30 1822 146 1859 Μωῦσῆν.
161 1825 241 1858 Δόξει
262 1825 290 1852 δὲ
305 1825 353 1852 τοῦ
371 1826 497 1862 δευτέρου
523 1826 578 1853 τῶν
602 1826 809 1862 σημαινομένων

30 1866 88 1894 εἶναι
103 1870 177 1906 παρὰ
192 1870 233 1906 τῷ
246 1871 344 1907 Παύλῳ
362 1871 536 1907 παράδειγμα
559 1872 678 1906 λέγοντι·
698 1881 707 1898 ι
729 1872 811 1907 ’Ἄχρι

28 1913 70 1948 τῆς
84 1915 144 1950 ἀρτι
154 1916 233 1952 ὧρας
252 1917 300 1943 καὶ
321 1916 458 1952 πεινῶμεν
471 1937 478 1948 ,
495 1917 542 1944 καὶ
557 1917 690 1952 διψῶμεν,
702 1917 749 1943 καὶ
763 1925 811 1950 γυ-

30 1960 197 1996 μνητεύομεν.
216 1971 226 1987 ι
244 1961 280 1988 Τὸ
294 1962 343 1996 μὲν
362 1959 408 1989 οὗν
430 1962 538 1998 πρῶτον
555 1964 650 1998 πεινῇν
671 1963 718 1989 καὶ
731 1961 810 1997 διψῇν

28 2004 174 2039 ἀναγκαίως
184 2007 289 2041 γίνεται
301 2009 356 2040 τοῖς
367 2008 515 2042 ὑγιαίνουσι
529 2007 650 2043 σώμασι·
664 2008 693 2034 τὺ
707 2007 734 2035 δὲ
748 2007 807 2034 δεύ-

28 2057 95 2084 τερον
112 2053 169 2084 τοῖς
190 2053 354 2088 πενομένοις
377 2053 532 2088 συμϐαίνει.
549 2053 684 2089 Ζητητέον
697 2051 742 2080 οὖν
763 2053 810 2080 καὶ

28 2095 54 2120 ἐκ
66 2096 122 2123 τοῦ·
139 2107 150 2123 ι
170 2099 230 2130 Πᾶς
240 2099 254 2125 ὸ
273 2099 357 2125 πίνων
369 2099 401 2125 ἐκ
421 2099 516 2126 τούτου
530 2099 577 2126 τοῦ
595 2099 690 2132 ὓδατος
704 2099 810 2134 διψήσει

28 2141 108 2173 πάλιν.
128 2153 136 2168 ι
155 2145 233 2170 ποῖον
244 2143 367 2179 διψήσει
385 2145 504 2179 λέγεται.

56 2277 81 2304 5.
94 2278 206 2314 Πρῶτον
227 2280 266 2312 ὡς
286 2281 332 2308 ἐπὶ
349 2283 505 2318 σωματικοῦ
523 2283 538 2318 ἢ
565 2284 611 2310 καὶ
625 2284 680 2319 (89)
694 2285 762 2319 τάχα
775 2285 805 2311 τὸ

27 2321 177 2360 δηλούμενόν
194 2327 288 2358 ἐστιν,
303 2327 343 2354 ὅτι
365 2327 416 2355 κᾶν
430 2329 499 2364 πρὸς
515 2329 545 2356 τὸ
569 2330 654 2364 παρὸν
676 2330 804 2366 κορεσθῇ,

27 2366 75 2392 ἀλλ’
85 2368 185 2402 εὐθέως
199 2370 427 2404 ὕποὸιὸασοέντος
439 2372 485 2400 τοῦ
498 2374 591 2407 ποτοῦ,
602 2374 631 2401 τὸ
640 2375 706 2401 αὐτὸ
721 2375 806 2407 πάθος

27 2412 138 2440 πείσεται
168 2415 183 2441 ὀ
217 2413 303 2449 πιὼν,
333 2417 454 2444 τουτέστι
491 2419 597 2453 διψήσει
638 2419 738 2451 πάλιν,
767 2420 806 2451 εἰς

26 2456 111 2490 ill-95W
139 2459 212 2495 (90)
241 2460 279 2496 τῷ
303 2462 422 2498 ἀρχῆθεν
448 2464 658 2497 ἀποκαταστάς·
682 2465 806 2501 ἐπιφέρει

553 121 731 150 (ΞΟΜΜΕΝΤ.
753 120 786 148 IN
805 121 900 149 JOAN.
923 121 1039 149 TOIIUS
1058 120 1126 148 XIII.

1596 119 1651 146 ιυει

866 182 1050 216 pra-diximus,
1065 187 1158 208 eorum
1175 180 1220 213 qui
1239 179 1273 207 ab
1287 178 1414 206 Ecclesiae
1433 179 1550 207 decretis
1568 180 1649 208 dissi-

864 227 968 258 dentes,
983 226 1086 253 suntin
1104 225 1202 252 divinis
1214 224 1364 259 Scripturis
1372 226 1526 258 exercitati,
1542 228 1651 261 quando

863 272 938 300 audit
961 272 994 300 de
1019 271 1222 305 comparatione
1250 276 1427 306 utrarumque
1455 279 1596 306 aquarum.
1619 273 1651 299 Et

863 319 924 346 vide
944 325 978 346 ex
1004 318 1046 345 bis
1061 324 1121 353 quas
1142 324 1220 352 passa
1241 316 1339 350 fuerat,
1355 317 1490 351 quomodo
1508 317 1603 345 bibens
1616 325 1650 345 ex

864 369 953 400 puteo,
980 371 1061 399 quem
1099 363 1157 398 ipsa
1182 363 1354 390 existimabat
1389 362 1570 397 profundum,
1591 370 1641 390 nec

863 409 1061 437 refocillaretnr
1080 415 1130 436 nec
1143 415 1157 435 a
1170 408 1216 435 siti
1233 408 1405 435 liberaretur.

897 455 924 482 2.
944 454 1063 482 Proinde
1083 454 1225 481 videamus
1245 454 1308 488 quid
1326 462 1360 480 ex
1382 454 1436 481 illis
1459 454 1549 481 verbis
1565 455 1650 488 signi-

864 500 971 533 ﬁcetur,
992 509 1001 525 ι
1025 499 1115 526 omnis
1142 498 1188 533 qui
1210 497 1310 525 biberit
1334 505 1366 524 ex
1393 498 1444 525 bac
1473 505 1553 532 aqua,
1578 499 1651 525 sitiet

864 546 962 573 iterum
971 545 1006 572 ³⁸.
1024 554 1032 570 ι
1050 544 1134 572 Porro
1157 543 1231 571 vocis
1253 543 1362 570 sitiendi
1376 547 1403 570 et
1426 544 1500 570 vocis
1513 543 1649 571 esuriendi

863 591 953 628 quoad
965 599 1077 620 sensum
1095 590 1224 617 humilem
1239 594 1266 616 et
1281 590 1452 624 corporalem
1473 590 1578 622 attinet,
1591 591 1651 617 dua:

864 641 926 664 sont
941 631 1179 672 significationes;
1198 635 1285 662 altera
1294 634 1441 661 cumvaeui
1467 635 1527 661 cibo
1541 643 1650 669 egemus

864 683 921 715 illo,
938 682 1009 717 quod
1023 681 1187 716 appetimus.
1205 679 1315 707 humido
1336 680 1473 709 destituti;
1490 681 1574 707 altera
1590 688 1652 708 cum

864 735 935 762 saepe
963 733 1110 761 pauperes,
1130 729 1158 752 et
1178 725 1226 760 qui
1241 731 1305 752 sunt
1321 725 1346 751 in
1362 730 1482 759 egestate
1496 733 1585 752 rerum
1604 733 1652 752 ne-

865 771 1044 800 cessariarum
1063 770 1170 801 dicunt,
1187 769 1294 796 etiamsi
1313 769 1405 795 satiati
1423 768 1533 800 fuerint.
1550 776 1579 796 se
1591 777 1653 796 esu-

866 819 920 846 rire
934 818 976 845 vel
1003 819 1091 846 sitire.
1110 816 1208 844 Primae
1224 815 1335 850 quidem
1361 816 1545 843 testiinonium
1567 815 1652 845 habes

867 864 892 891 in
915 863 1008 891 Exodo
1019 864 1052 896 “,
1067 863 1176 897 quando
1202 866 1312 895 egentes
1333 861 1402 888 cibis
1429 870 1439 887 ί
1452 861 1556 888 decima
1571 868 1651 888 'nona

865 911 918 944 die,
935 917 1029 938 mense
1057 909 1186 940 secundo,
1201 915 1261 936 cum
1286 910 1388 942 egressi
1408 907 1521 935 fuissent
1538 917 1548 934 ι
1563 907 1650 936 Judzei

868 965 903 985 te
921 962 992 984 terra
1018 955 1140 990 Egypti,
1153 956 1335 982 murmuravit
1359 955 1485 982 universa
1503 962 1651 989 congrega-

866 1003 902 1030 tio
927 1002 1041 1030 filiorum
1068 1001 1151 1029 Israel
1169 1001 1299 1028 adversus
1323 1000 1431 1036 Moysen
1458 1006 1486 1028 et
1510 1001 1610 1032 Aaron.
1625 1005 1648 1028 ct

864 1047 991 1074 dixerunt.
1019 1046 1052 1073 ad
1079 1047 1150 1080 ipsos
1183 1047 1230 1074 lilii
1256 1046 1337 1074 Israel
1366 1056 1372 1073 :
1399 1046 1506 1074 Utinam
1523 1046 1650 1081 periisse-

865 1101 925 1119 mus
943 1092 1063 1127 percussi
1086 1100 1100 1119 a
1115 1092 1229 1120 Domino
1254 1092 1280 1119 in
1308 1097 1380 1120 terra
1407 1092 1650 1127 (Egyptimuando

864 1137 1027 1165 scdebamus
1042 1145 1125 1172 super
1138 1138 1240 1165 lebetes
1265 1139 1398 1172 carnium,
1416 1143 1444 1165 et
1470 1138 1578 1173 quando
1603 1146 1651 1165 eoo

865 1183 1039 1211 medebamus
1067 1191 1149 1218 panes
1171 1184 1204 1210 ad
1228 1184 1412 1217 saturitatem;
1428 1184 1554 1218 quoniam
1584 1184 1650 1212 edu-

864 1231 943 1258 xistis
963 1228 1012 1257 nos
1029 1231 1062 1257 ad
1081 1231 1149 1258 hanc
1164 1230 1350 1263 solitudinem,
1373 1231 1406 1257 ad
1431 1230 1648 1258 interficiendum

864 1276 935 1303 fame
958 1281 1085 1303 cunctam
1110 1276 1346 1311 congregationem
1371 1276 1451 1304 hanc.
1467 1277 1541 1304 Dixit
1558 1282 1648 1304 autem

865 1321 994 1349 Dominus
1008 1322 1041 1348 ad
1057 1321 1166 1357 Moysen
1183 1322 1270 1349 :Ecce
1290 1329 1341 1356 ego
1361 1322 1423 1357 pluo
1437 1323 1514 1350 vobis
1537 1330 1619 1357 panes
1633 1331 1650 1350 ο

863 1367 943 1399 coelo,
966 1372 993 1395 et
1011 1367 1167 1402 egredietur
1187 1367 1314 1402 populus,
1333 1372 1362 1395 et
1386 1368 1513 1404 colligent
1537 1369 1651 1404 singulis

863 1413 969 1445 diebus.
984 1418 1013 1441 ut
1029 1418 1129 1441 tentem
1148 1421 1181 1440 an
1195 1414 1359 1441 ambulaturi
1381 1414 1435 1441 sint
1453 1415 1479 1441 in
1497 1414 1554 1450 lege
1577 1423 1650 1449 meti,

864 1466 913 1486 nec
933 1466 976 1486 ne.
992 1467 1001 1484 ι
1026 1458 1215 1486 Esurientibus
1232 1459 1304 1486 enim
1319 1464 1346 1486 et
1360 1461 1505 1494 egentibus
1520 1468 1647 1489 necessa-

863 1504 904 1531 rio
919 1505 990 1536 cibo,
1008 1511 1133 1540 magnam
1155 1505 1397 1532 murmurationem
1419 1505 1554 1533 faciebant
1573 1507 1646 1541 ipso—

865 1558 922 1576 rum
942 1557 1099 1584 sermones;
1115 1551 1181 1586 quin
1197 1552 1278 1580 etiam
1301 1559 1368 1587 aqua
1389 1552 1470 1588 214
1482 1558 1603 1586 egentes,
1621 1557 1649 1580 et

863 1596 988 1623 sitientes
1019 1597 1226 1624 murmurabaut
1248 1597 1381 1625 adversus
1409 1597 1529 1633 Moysen,
1556 1598 1649 1626 dicen-

863 1645 903 1668 tes
919 1641 941 1657 "
955 1651 960 1667 :
979 1642 1068 1676 «Quid
1090 1642 1236 1670 bibemus?
1253 1653 1262 1670 ι
1281 1644 1391 1678 quando
1409 1654 1418 1670 ι
1432 1644 1561 1671 clamavit
1573 1643 1647 1680 Moy-

862 1693 905 1713 ses
923 1687 955 1713 ad
974 1687 1127 1720 Dominum,
1143 1692 1171 1715 et
1186 1688 1315 1716 Dominus
1336 1689 1456 1716 ostendit
1477 1690 1516 1717 illi
1534 1690 1648 1726 lignum.

861 1736 886 1758 et
898 1730 1012 1765 projecit
1024 1731 1089 1759 illud
1106 1732 1132 1758 in
1146 1739 1255 1766 aquam.
1269 1736 1296 1758 et
1305 1732 1394 1759 dull-is
1408 1733 1477 1759 facta
1491 1739 1533 1760 est
1548 1741 1644 1769 aqua:

864 1775 897 1802 Et
917 1776 997 1811 paulo
1014 1781 1085 1811 post,
1104 1784 1166 1804 cum
1193 1777 1331 1805 venissent
1351 1778 1378 1804 in
1403 1778 1560 1813 Rapbidim.
1577 1781 1644 1808 scri-

863 1827 936 1857 ptum
951 1828 991 1850 est
1008 1823 1136 1858 populum
1151 1823 1242 1851 sitisse
1259 1823 1315 1851 illic
1331 1829 1444 1860 propter
1455 1833 1563 1859 aquam,
1579 1827 1647 1853 illir-

862 1875 915 1901 que
943 1875 1127 1895 murmurasse
1156 1867 1283 1902 populum
1320 1869 1453 1896 adversus
1489 1869 1599 1904 Moysen
1611 1871 1644 1897 ".

863 1913 947 1940 Porro
958 1914 1088 1947 secundae
1101 1913 1310 1949 significationis
1324 1914 1478 1949 exemplum
1490 1916 1560 1950 apud
1580 1915 1647 1942 Pau-

864 1957 918 1984 lum
929 1958 1050 1993 reperias
1060 1958 1193 1986 dicentem
1212 1967 1218 1985 :
1235 1968 1244 1984 ι
1258 1958 1347 1992 Usque
1363 1959 1396 1985 ad
1416 1959 1509 1986 horam
1526 1967 1647 1994 praesen-

861 2009 925 2037 tem,
940 2009 967 2031 et
987 2004 1132 2037 esurimus,
1152 2010 1179 2032 et
1199 2004 1318 2038 sitimus,
1342 2009 1370 2032 et
1394 2005 1458 2032 nudi
1480 2013 1573 2032 sumus
1586 2005 1619 2032 ".
1633 2015 1648 2032 μ

861 2050 951 2078 l’ritno
973 2050 1053 2077 modo
1069 2050 1145 2077 sitlre
1163 2055 1187 2078 et
1206 2050 1311 2078 esurire
1337 2051 1490 2078 necessario
1514 2052 1647 2086 contingit.

859 2096 934 2122 sanis
955 2095 1131 2129 corporibus;
1148 2095 1234 2123 altero
1246 2096 1330 2123 modo
1346 2096 1390 2123 bis
1406 2096 1451 2130 qui
1466 2101 1530 2123 sunt
1546 2104 1644 2130 paupe-

825 2135 847 2163 Ῑ)
863 2149 916 2168 res.
936 2140 1021 2175 Igitur
1047 2141 1222 2174 quaerendum
1246 2141 1327 2168 etiam
1345 2146 1388 2168 est
1410 2148 1442 2168 ex
1468 2141 1510 2169 Iiis
1535 2141 1642 2170 verbis:

863 2187 976 2216 «Olmiis
993 2187 1038 2220 qui
1056 2187 1154 2215 biberit
1181 2195 1216 2215 ex
1239 2195 1309 2222 aqua
1332 2187 1393 2221 hac,
1409 2188 1483 2215 sitiet
1507 2187 1616 2221 iterum,
1630 2197 1641 2216 ι

856 2236 929 2271 quali
948 2235 1101 2270 significatu
1115 2236 1274 2264 vocabulum
1287 2236 1356 2263 sitiet
1369 2237 1489 2264 dicatur.

891 2284 918 2311 5.
938 2283 1028 2317 Atque
1041 2284 1066 2310 in
1080 2283 1173 2317 primis
1191 2284 1299 2318 quidem
1313 2284 1420 2312 etiamsi
1442 2285 1513 2319 quod
1530 2285 1563 2312 ad
1579 2292 1643 2312 sen-

857 2337 916 2357 sum
929 2329 1057 2357 Itumilem
1075 2334 1102 2355 et
1124 2329 1291 2364 corporalem
1308 2331 1414 2362 attinet,
1438 2335 1530 2365 :zperle
1551 2331 1639 2358 decla-

859 2380 942 2406 retur,
959 2374 1030 2409 qnod
1044 2375 1168 2408 quamvis
1184 2375 1298 2402 satietur
1309 2377 1343 2402 ad
1363 2383 1483 2410 praesens
1501 2376 1523 2403 is
1538 2376 1582 2410 qui
1599 2376 1640 2403 bi-

858 2420 939 2451 berit,
953 2426 1013 2445 mox
1035 2423 1136 2451 tamen,
1157 2420 1295 2447 subtracto
1311 2425 1387 2455 poto,
1403 2422 1523 2449 eamdem
1537 2422 1641 2456 passio-

859 2472 919 2492 nem
934 2463 969 2491 sit
984 2471 1174 2498 perpessurus,
1191 2465 1240 2492 hoc
1254 2470 1295 2493 est
1319 2474 1425 2493 rursum
1447 2467 1581 2500 sititttrns,
1596 2468 1639 2494 siti

48 2526 67 2540 "
81 2525 159 2555 Joan.
179 2535 216 2560 iv,
233 2529 276 2555 I3.
314 2530 336 2546 “
347 2529 430 2558 Exod.
445 2539 498 2564 xvt,
512 2532 524 2559 ί
540 2539 597 2568 seq.
635 2532 657 2548 ⁸⁷
670 2532 752 2560 Exod.
763 2540 804 2567 xv,

892 2531 928 2558 25.
966 2531 988 2546 ³⁸
1000 2530 1083 2557 Exod.
1100 2538 1164 2562 xvu,
1184 2530 1240 2558 1-3.
1273 2530 1381 2560 "ICor.
1396 2539 1431 2565 iv,
1444 2533 1486 2560 Η.

26 2596 320 2656 ἆἾίξὲὶύὲξζεπαύετο.
337 2599 373 2627 Ita
388 2601 470 2628 codex
492 2601 669 2635 Bodleianus;
690 2602 802 2638 [tt-gius,

42 2639 53 2654 ι,ί
68 2639 189 2660 επαυετο.

57 2666 108 2704 (ἥδ)
130 2668 186 2694 Τοῦ
209 2667 302 2704 ύτροῦ
327 2668 399 2704 ἡμῖν
413 2669 623 2704 ἐπιλιπόντος.
649 2671 695 2699 Sic
718 2673 801 2699 codex

28 2699 200 2735 “mli-ianus;
231 2699 354 2738 Regius:
373 2703 467 2731 τούτου
499 2706 581 2742 ὑγροῦ
604 2699 674 2742 ’ἡμῖν
701 2707 802 2733 ἐπιλεί-

28 2741 122 2759 mmor.

30 2743 122 2763 τωντος.

57 2753 400 2809 Ἐννεακαιδεκάτῃ
440 2774 541 2809 ἡμέρᾳ.
572 2775 655 2802 Exod.
678 2783 739 2807 xvr.
767 2777 800 2807 l;

29 2804 179 2843 llehraicum
208 2808 358 2843 exeriiplar,
379 2804 405 2834 et
433 2804 670 2843 hi'tcrprctzitioncs
707 2804 800 2839 omnes

29 2841 127 2875 nabent,
141 2841 384 2880 πεντεκαιό;κάτῃ.
404 2841 534 2873 Ιίυετιιις.

892 2602 951 2638 (87),
972 2602 1162 2629 Ἀποκτεῦπι.
1184 2601 1274 2630 Codex
1302 2601 1478 2636 Bodleianus.
1499 2605 1546 2632 καὶ
1569 2606 1638 2632 ἀπέ-

856 2646 901 2664 κτε
905 2646 972 2664 ιναν.

890 2673 955 2709 (88)
968 2673 1069 2709 ’Ὀοόιι-Δ
1087 2671 1260 2709 γογγυσμὸῖ
1284 2672 1408 2709 ἐποίουν
1429 2675 1457 2701 οι
1478 2675 1570 2709 λόγοι.
1600 2676 1636 2702 Ita

856 2707 927 2734 hunc
950 2707 1037 2734 locum
1064 2707 1089 2733 in
1117 2708 1209 2734 codice
1238 2707 1320 2741 Regio
1348 2708 1490 2739 vitiatum.
1518 2707 1637 2736 restituit

856 2742 938 2768 codex
956 2742 1132 2777 Bodleianus.‘
1148 2741 1230 2768 Paulo
1244 2748 1303 2775 pest
1323 2750 1371 2776 pro
1389 2744 1460 2770 κατὰ
1483 2744 1636 2777 Μωῦσέως,

856 2777 959 2808 Ιὶιεπίιις
976 2777 1053 2802 lialmt
1070 2775 1140 2802 κατὰ
1156 2777 1270 2811 Μωῦσῆ,
1291 2775 1370 2803 male.

890 2811 945 2845 (85))
967 2811 1000 2836 Ἢ
1014 2810 1072 2840 λιιι),
1086 2815 1136 2836 etc.
1156 2810 1332 2838 Sct‘ibeinluut
1351 2813 1381 2839 Εἰ
1400 2813 1520 2844 mine-te.

891 2846 946 2881 (υο)
974 2846 1102 2880 ¹()μ(ί‹.ιι·.
1119 2845 1204 2881 Lego,
1224 2847 1323 2880 ὁμοῖον.
