  <div class='ocr_page' id='page_1' title='image "/cluster/home/n/w/nwhite01/storage/ocr_20150623/14/njp.32101077772448/210.png"; bbox 0 0 1854 3043; ppageno 0'>
   <div class='ocr_carea' id='block_1_1' title="bbox 48 96 98 125">
    <p class='ocr_par' dir='ltr' id='par_1_1' title="bbox 48 96 98 125">
     <span class='ocr_line' id='line_1_1' title="bbox 48 96 98 125; baseline -0.02 0"><span class='ocrx_word' id='word_1_1' title='bbox 48 96 98 125; x_wconf 75' lang='grc'><strong>405</strong></span> 
     </span>
    </p>
   </div>
   <div class='ocr_carea' id='block_1_2' title="bbox 569 96 1140 127">
    <p class='ocr_par' dir='ltr' id='par_1_2' title="bbox 569 96 1140 127">
     <span class='ocr_line' id='line_1_2' title="bbox 569 96 1140 127; baseline 0 -1"><span class='ocrx_word' id='word_1_2' title='bbox 569 96 746 126; x_wconf 71' lang='lat' dir='ltr'><strong>COIIMENT.</strong></span> <span class='ocrx_word' id='word_1_3' title='bbox 768 97 800 124; x_wconf 84' lang='lat' dir='ltr'><strong>IN</strong></span> <span class='ocrx_word' id='word_1_4' title='bbox 817 97 911 126; x_wconf 77' lang='lat' dir='ltr'><strong>IOAN.</strong></span> <span class='ocrx_word' id='word_1_5' title='bbox 931 97 1052 126; x_wconf 75' lang='lat' dir='ltr'><strong>TOMUS</strong></span> <span class='ocrx_word' id='word_1_6' title='bbox 1072 99 1140 127; x_wconf 77' lang='lat' dir='ltr'>XIII.</span> 
     </span>
    </p>
   </div>
   <div class='ocr_carea' id='block_1_3' title="bbox 1611 104 1663 130">
    <p class='ocr_par' dir='ltr' id='par_1_3' title="bbox 1611 104 1663 130">
     <span class='ocr_line' id='line_1_3' title="bbox 1611 104 1663 130; baseline 0 0"><span class='ocrx_word' id='word_1_7' title='bbox 1611 104 1663 130; x_wconf 65' lang='lat'><strong>406</strong></span> 
     </span>
    </p>
   </div>
   <div class='ocr_carea' id='block_1_4' title="bbox 48 156 806 195">
    <p class='ocr_par' dir='ltr' id='par_1_4' title="bbox 48 156 806 195">
     <span class='ocr_line' id='line_1_4' title="bbox 48 156 806 195; baseline 0.001 -11"><span class='ocrx_word' id='word_1_8' title='bbox 48 157 90 184; x_wconf 77' lang='grc' dir='ltr'><strong>τοῦ</strong></span> <span class='ocrx_word' id='word_1_9' title='bbox 106 156 266 192; x_wconf 78' lang='grc' dir='ltr'><strong>κορεσθῆναι</strong></span> <span class='ocrx_word' id='word_1_10' title='bbox 285 156 449 193; x_wconf 76' lang='grc' dir='ltr'>ὲμποιητέον</span> <span class='ocrx_word' id='word_1_11' title='bbox 460 157 491 184; x_wconf 77' lang='grc' dir='ltr'><strong>τὸ</strong></span> <span class='ocrx_word' id='word_1_12' title='bbox 505 160 601 194; x_wconf 83' lang='grc' dir='ltr'>πεινῇν</span> <span class='ocrx_word' id='word_1_13' title='bbox 617 160 663 187; x_wconf 78' lang='grc' dir='ltr'><strong>καὶ</strong></span> <span class='ocrx_word' id='word_1_14' title='bbox 677 159 767 195; x_wconf 71' lang='grc' dir='ltr'><strong>διψῆν,</strong></span> <span class='ocrx_word' id='word_1_15' title='bbox 786 160 806 186; x_wconf 59' lang='grc' dir='ltr'>ἵν</span> 
     </span>
    </p>
   </div>
   <div class='ocr_carea' id='block_1_5' title="bbox 909 156 1662 195">
    <p class='ocr_par' dir='ltr' id='par_1_5' title="bbox 909 156 1662 194">
     <span class='ocr_line' id='line_1_5' title="bbox 909 156 1662 194; baseline 0.004 -8"><span class='ocrx_word' id='word_1_16' title='bbox 909 164 1020 194; x_wconf 75' lang='lat' dir='ltr'><strong>generet</strong></span> <span class='ocrx_word' id='word_1_17' title='bbox 1039 160 1063 187; x_wconf 92' lang='lat' dir='ltr'><strong>in</strong></span> <span class='ocrx_word' id='word_1_18' title='bbox 1090 168 1119 187; x_wconf 87' lang='lat' dir='ltr'><strong>se</strong></span> <span class='ocrx_word' id='word_1_19' title='bbox 1137 163 1254 194; x_wconf 83' lang='lat' dir='ltr'><strong>oportet,</strong></span> <span class='ocrx_word' id='word_1_20' title='bbox 1273 163 1300 186; x_wconf 91' lang='lat' dir='ltr'><strong>ut</strong></span> <span class='ocrx_word' id='word_1_21' title='bbox 1323 163 1472 192; x_wconf 84' lang='lat' dir='ltr'><strong>saturetur,</strong></span> <span class='ocrx_word' id='word_1_22' title='bbox 1494 160 1556 188; x_wconf 81' lang='lat' dir='ltr'><strong>illud</strong></span> <span class='ocrx_word' id='word_1_23' title='bbox 1578 156 1662 189; x_wconf 78' lang='lat' dir='ltr'><strong>dictu-</strong></span> 
     </span>
    </p>
   </div>
   <div class='ocr_carea' id='block_1_6' title="bbox 49 202 827 240">
    <p class='ocr_par' dir='ltr' id='par_1_6' title="bbox 49 202 827 240">
     <span class='ocr_line' id='line_1_6' title="bbox 49 202 827 240; baseline 0.004 -12"><span class='ocrx_word' id='word_1_24' title='bbox 49 203 173 237; x_wconf 72' lang='grc' dir='ltr'><strong>εἴπωμεν·</strong></span> <span class='ocrx_word' id='word_1_25' title='bbox 196 211 204 227; x_wconf 84' lang='grc' dir='ltr'><strong>ι</strong></span> <span class='ocrx_word' id='word_1_26' title='bbox 231 202 278 228; x_wconf 84' lang='grc' dir='ltr'>Ὃν</span> <span class='ocrx_word' id='word_1_27' title='bbox 302 203 401 238; x_wconf 76' lang='grc' dir='ltr'>τρόπον</span> <span class='ocrx_word' id='word_1_28' title='bbox 421 203 546 230; x_wconf 73' lang='grc' dir='ltr'><strong>ἐπιποθεῖ</strong></span> <span class='ocrx_word' id='word_1_29' title='bbox 565 205 581 240; x_wconf 80' lang='grc' dir='ltr'><strong>ἡ</strong></span> <span class='ocrx_word' id='word_1_30' title='bbox 598 204 696 239; x_wconf 75' lang='grc' dir='ltr'>ἔλαφος</span> <span class='ocrx_word' id='word_1_31' title='bbox 711 205 755 231; x_wconf 77' lang='grc' dir='ltr'><strong>ἐπὶ</strong></span> <span class='ocrx_word' id='word_1_32' title='bbox 777 205 827 236; x_wconf 76' lang='grc' dir='ltr'>τὰς</span> 
     </span>
    </p>
   </div>
   <div class='ocr_carea' id='block_1_7' title="bbox 50 246 827 284">
    <p class='ocr_par' dir='ltr' id='par_1_7' title="bbox 50 246 827 284">
     <span class='ocr_line' id='line_1_7' title="bbox 50 246 827 284; baseline 0.005 -12"><span class='ocrx_word' id='word_1_33' title='bbox 50 246 133 281; x_wconf 80' lang='grc' dir='ltr'>πηγὰς</span> <span class='ocrx_word' id='word_1_34' title='bbox 146 246 200 273; x_wconf 84' lang='grc' dir='ltr'><strong>τῶν</strong></span> <span class='ocrx_word' id='word_1_35' title='bbox 216 247 331 278; x_wconf 82' lang='grc' dir='ltr'><strong>ὑδάτων,</strong></span> <span class='ocrx_word' id='word_1_36' title='bbox 345 247 430 279; x_wconf 80' lang='grc' dir='ltr'>οὕτως</span> <span class='ocrx_word' id='word_1_37' title='bbox 446 248 596 283; x_wconf 78' lang='grc' dir='ltr'>ὲπιποθεῖή</span> <span class='ocrx_word' id='word_1_38' title='bbox 608 249 679 284; x_wconf 80' lang='grc' dir='ltr'><strong>ψυχή</strong></span> <span class='ocrx_word' id='word_1_39' title='bbox 693 257 744 284; x_wconf 84' lang='grc' dir='ltr'><strong>μου</strong></span> <span class='ocrx_word' id='word_1_40' title='bbox 761 249 827 284; x_wconf 74' lang='grc' dir='ltr'>πρὸς</span> 
     </span>
    </p>
   </div>
   <div class='ocr_carea' id='block_1_8' title="bbox 51 291 827 329">
    <p class='ocr_par' dir='ltr' id='par_1_8' title="bbox 51 291 827 329">
     <span class='ocr_line' id='line_1_8' title="bbox 51 291 827 329; baseline 0.005 -12"><span class='ocrx_word' id='word_1_41' title='bbox 51 292 86 323; x_wconf 82' lang='grc' dir='ltr'><strong>σὲ,</strong></span> <span class='ocrx_word' id='word_1_42' title='bbox 101 293 115 318; x_wconf 86' lang='grc' dir='ltr'><strong>ό</strong></span> <span class='ocrx_word' id='word_1_43' title='bbox 127 291 201 322; x_wconf 82' lang='grc' dir='ltr'>Θεός.</span> <span class='ocrx_word' id='word_1_44' title='bbox 226 291 368 327; x_wconf 80' lang='grc' dir='ltr'>Ἐδῐψησεν</span> <span class='ocrx_word' id='word_1_45' title='bbox 381 293 397 327; x_wconf 77' lang='grc' dir='ltr'>ἡ</span> <span class='ocrx_word' id='word_1_46' title='bbox 412 292 484 328; x_wconf 81' lang='grc' dir='ltr'><strong>ψυχή</strong></span> <span class='ocrx_word' id='word_1_47' title='bbox 498 302 548 328; x_wconf 89' lang='grc' dir='ltr'>μου</span> <span class='ocrx_word' id='word_1_48' title='bbox 561 293 629 329; x_wconf 72' lang='grc' dir='ltr'>πρὸς</span> <span class='ocrx_word' id='word_1_49' title='bbox 643 294 689 320; x_wconf 73' lang='grc' dir='ltr'>τὸν</span> <span class='ocrx_word' id='word_1_50' title='bbox 703 294 768 321; x_wconf 78' lang='grc' dir='ltr'><strong>Θεὸν</strong></span> <span class='ocrx_word' id='word_1_51' title='bbox 782 295 827 321; x_wconf 81' lang='grc' dir='ltr'><strong>τὸν</strong></span> 
     </span>
    </p>
   </div>
   <div class='ocr_carea' id='block_1_9' title="bbox 50 336 828 375">
    <p class='ocr_par' dir='ltr' id='par_1_9' title="bbox 50 336 828 375">
     <span class='ocr_line' id='line_1_9' title="bbox 50 336 828 375; baseline 0.005 -13"><span class='ocrx_word' id='word_1_52' title='bbox 50 336 162 372; x_wconf 76' lang='grc' dir='ltr'>ἰσχυρὸν,</span> <span class='ocrx_word' id='word_1_53' title='bbox 178 337 224 364; x_wconf 79' lang='grc' dir='ltr'><strong>τὸν</strong></span> <span class='ocrx_word' id='word_1_54' title='bbox 246 337 348 369; x_wconf 77' lang='grc' dir='ltr'><strong>ζῶντα·</strong></span> <span class='ocrx_word' id='word_1_55' title='bbox 376 339 439 365; x_wconf 81' lang='grc' dir='ltr'><strong>πότε</strong></span> <span class='ocrx_word' id='word_1_56' title='bbox 464 339 536 374; x_wconf 75' lang='grc' dir='ltr'><strong>ἥξω,</strong></span> <span class='ocrx_word' id='word_1_57' title='bbox 557 339 603 366; x_wconf 79' lang='grc' dir='ltr'><strong>καὶ</strong></span> <span class='ocrx_word' id='word_1_58' title='bbox 622 339 776 375; x_wconf 81' lang='grc' dir='ltr'><strong>ὀφθήσομαι</strong></span> <span class='ocrx_word' id='word_1_59' title='bbox 798 340 828 366; x_wconf 77' lang='grc' dir='ltr'><strong>τὸ</strong></span> 
     </span>
    </p>
   </div>
   <div class='ocr_carea' id='block_1_10' title="bbox 50 383 827 421">
    <p class='ocr_par' dir='ltr' id='par_1_10' title="bbox 50 383 827 421">
     <span class='ocr_line' id='line_1_10' title="bbox 50 383 827 421; baseline 0.005 -13"><span class='ocrx_word' id='word_1_60' title='bbox 50 383 186 418; x_wconf 79' lang='grc' dir='ltr'>πρόσωπον</span> <span class='ocrx_word' id='word_1_61' title='bbox 206 383 251 409; x_wconf 82' lang='grc' dir='ltr'><strong>τοῦ</strong></span> <span class='ocrx_word' id='word_1_62' title='bbox 273 384 358 417; x_wconf 81' lang='grc' dir='ltr'><strong>Θεοῦ;</strong></span> <span class='ocrx_word' id='word_1_63' title='bbox 378 394 387 410; x_wconf 76' lang='lat' dir='ltr'><strong>i</strong></span> <span class='ocrx_word' id='word_1_64' title='bbox 409 385 457 411; x_wconf 80' lang='lat' dir='ltr'><strong>&#39;lv&#39;</strong></span> <span class='ocrx_word' id='word_1_65' title='bbox 480 383 526 412; x_wconf 84' lang='grc' dir='ltr'>οὖν</span> <span class='ocrx_word' id='word_1_66' title='bbox 552 385 724 421; x_wconf 81' lang='grc' dir='ltr'><strong>διψήσωμεν,</strong></span> <span class='ocrx_word' id='word_1_67' title='bbox 747 386 827 412; x_wconf 83' lang='grc' dir='ltr'>καλόν</span> 
     </span>
    </p>
   </div>
   <div class='ocr_carea' id='block_1_11' title="bbox 48 429 828 466">
    <p class='ocr_par' dir='ltr' id='par_1_11' title="bbox 48 429 828 466">
     <span class='ocr_line' id='line_1_11' title="bbox 48 429 828 466; baseline 0.006 -12"><span class='ocrx_word' id='word_1_68' title='bbox 48 429 99 454; x_wconf 79' lang='grc' dir='ltr'><strong>ἐστι</strong></span> <span class='ocrx_word' id='word_1_69' title='bbox 115 429 185 456; x_wconf 87' lang='grc' dir='ltr'><strong>πιεῖν</strong></span> <span class='ocrx_word' id='word_1_70' title='bbox 201 429 307 464; x_wconf 82' lang='grc' dir='ltr'>πρῶτον</span> <span class='ocrx_word' id='word_1_71' title='bbox 319 431 351 456; x_wconf 70' lang='grc' dir='ltr'>ὲκ</span> <span class='ocrx_word' id='word_1_72' title='bbox 364 431 413 466; x_wconf 83' lang='grc' dir='ltr'><strong>τῆς</strong></span> <span class='ocrx_word' id='word_1_73' title='bbox 433 430 525 466; x_wconf 82' lang='grc' dir='ltr'>πηγῆς</span> <span class='ocrx_word' id='word_1_74' title='bbox 541 431 588 457; x_wconf 83' lang='grc' dir='ltr'><strong>τοῦ</strong></span> <span class='ocrx_word' id='word_1_75' title='bbox 616 431 722 465; x_wconf 73' lang='grc' dir='ltr'><strong>Ἰακὼϐ,</strong></span> <span class='ocrx_word' id='word_1_76' title='bbox 739 432 770 459; x_wconf 84' lang='grc' dir='ltr'>οὺ</span> <span class='ocrx_word' id='word_1_77' title='bbox 786 433 828 459; x_wconf 85' lang='grc' dir='ltr'><strong>λέ-</strong></span> 
     </span>
    </p>
   </div>
   <div class='ocr_carea' id='block_1_12' title="bbox 48 474 827 513">
    <p class='ocr_par' dir='ltr' id='par_1_12' title="bbox 48 474 827 513">
     <span class='ocr_line' id='line_1_12' title="bbox 48 474 827 513; baseline 0.008 -14"><span class='ocrx_word' id='word_1_78' title='bbox 48 482 123 507; x_wconf 77' lang='grc' dir='ltr'><strong>γυντα</strong></span> <span class='ocrx_word' id='word_1_79' title='bbox 143 474 227 510; x_wconf 79' lang='grc' dir='ltr'><strong>αὐτὴν</strong></span> <span class='ocrx_word' id='word_1_80' title='bbox 243 475 342 510; x_wconf 79' lang='grc' dir='ltr'>ὁμοίως</span> <span class='ocrx_word' id='word_1_81' title='bbox 362 477 396 511; x_wconf 83' lang='grc' dir='ltr'><strong>τῇ</strong></span> <span class='ocrx_word' id='word_1_82' title='bbox 418 476 591 512; x_wconf 79' lang='grc' dir='ltr'><strong>Σαμαρείτιδι</strong></span> <span class='ocrx_word' id='word_1_83' title='bbox 604 478 692 513; x_wconf 83' lang='grc' dir='ltr'><strong>φρέαρ</strong></span> <span class='ocrx_word' id='word_1_84' title='bbox 703 487 710 494; x_wconf 68' lang='grc'><strong>⁸</strong></span> <span class='ocrx_word' id='word_1_85' title='bbox 727 479 741 504; x_wconf 84' lang='grc'>6</span> <span class='ocrx_word' id='word_1_86' title='bbox 763 478 827 513; x_wconf 79' lang='grc' dir='ltr'>γοῦν</span> 
     </span>
    </p>
   </div>
   <div class='ocr_carea' id='block_1_13' title="bbox 49 517 827 556">
    <p class='ocr_par' dir='ltr' id='par_1_13' title="bbox 49 517 827 556">
     <span class='ocr_line' id='line_1_13' title="bbox 49 517 827 556; baseline 0.004 -12"><span class='ocrx_word' id='word_1_87' title='bbox 49 517 135 553; x_wconf 79' lang='grc' dir='ltr'><strong>Σωτὴρ</strong></span> <span class='ocrx_word' id='word_1_88' title='bbox 148 518 208 544; x_wconf 73' lang='grc' dir='ltr'><strong>οὐδὲ</strong></span> <span class='ocrx_word' id='word_1_89' title='bbox 222 518 279 551; x_wconf 84' lang='grc' dir='ltr'>νῦν,</span> <span class='ocrx_word' id='word_1_90' title='bbox 291 519 358 554; x_wconf 76' lang='grc' dir='ltr'>πρὸς</span> <span class='ocrx_word' id='word_1_91' title='bbox 371 518 415 546; x_wconf 85' lang='grc' dir='ltr'><strong>τδν</strong></span> <span class='ocrx_word' id='word_1_92' title='bbox 432 519 540 556; x_wconf 76' lang='grc' dir='ltr'><strong>ἐκείνης</strong></span> <span class='ocrx_word' id='word_1_93' title='bbox 557 520 683 547; x_wconf 81' lang='grc' dir='ltr'><strong>ἀπαντῶν</strong></span> <span class='ocrx_word' id='word_1_94' title='bbox 695 521 783 555; x_wconf 78' lang='grc' dir='ltr'>λόγον,</span> <span class='ocrx_word' id='word_1_95' title='bbox 795 522 827 547; x_wconf 74' lang='grc' dir='ltr'><strong>ἐκ</strong></span> 
     </span>
    </p>
   </div>
   <div class='ocr_carea' id='block_1_14' title="bbox 49 562 825 602">
    <p class='ocr_par' dir='ltr' id='par_1_14' title="bbox 49 562 825 602">
     <span class='ocr_line' id='line_1_14' title="bbox 49 562 825 602; baseline 0.004 -13"><span class='ocrx_word' id='word_1_96' title='bbox 49 563 157 596; x_wconf 71' lang='grc' dir='ltr'><strong>φρέατός</strong></span> <span class='ocrx_word' id='word_1_97' title='bbox 175 572 257 598; x_wconf 84' lang='grc' dir='ltr'>φησιν</span> <span class='ocrx_word' id='word_1_98' title='bbox 282 562 352 591; x_wconf 79' lang='grc' dir='ltr'><strong>εἷναι</strong></span> <span class='ocrx_word' id='word_1_99' title='bbox 371 564 401 591; x_wconf 78' lang='grc' dir='ltr'><strong>τὸ</strong></span> <span class='ocrx_word' id='word_1_100' title='bbox 424 564 511 600; x_wconf 77' lang='grc' dir='ltr'><strong>ὕδωρ,</strong></span> <span class='ocrx_word' id='word_1_101' title='bbox 533 565 599 592; x_wconf 81' lang='grc' dir='ltr'><strong>ἀλλά</strong></span> <span class='ocrx_word' id='word_1_102' title='bbox 623 565 716 597; x_wconf 82' lang='grc' dir='ltr'>ἅπλῶς</span> <span class='ocrx_word' id='word_1_103' title='bbox 742 574 825 602; x_wconf 70' lang='grc' dir='ltr'>φησι·</span> 
     </span>
    </p>
   </div>
   <div class='ocr_carea' id='block_1_15' title="bbox 51 608 824 647">
    <p class='ocr_par' dir='ltr' id='par_1_15' title="bbox 51 608 824 647">
     <span class='ocr_line' id='line_1_15' title="bbox 51 608 824 647; baseline 0.005 -13"><span class='ocrx_word' id='word_1_104' title='bbox 51 617 59 633; x_wconf 80' lang='grc' dir='ltr'><strong>ι</strong></span> <span class='ocrx_word' id='word_1_105' title='bbox 75 608 128 639; x_wconf 77' lang='grc' dir='ltr'><strong>Πᾶς</strong></span> <span class='ocrx_word' id='word_1_106' title='bbox 139 609 154 635; x_wconf 84' lang='grc' dir='ltr'><strong>ό</strong></span> <span class='ocrx_word' id='word_1_107' title='bbox 170 609 255 636; x_wconf 85' lang='grc' dir='ltr'>πίνων</span> <span class='ocrx_word' id='word_1_108' title='bbox 268 610 300 635; x_wconf 75' lang='grc' dir='ltr'><strong>ἐκ</strong></span> <span class='ocrx_word' id='word_1_109' title='bbox 312 609 357 636; x_wconf 85' lang='grc' dir='ltr'><strong>τοῦ</strong></span> <span class='ocrx_word' id='word_1_110' title='bbox 370 609 463 642; x_wconf 82' lang='grc' dir='ltr'><strong>ὓδατος</strong></span> <span class='ocrx_word' id='word_1_111' title='bbox 476 610 571 637; x_wconf 83' lang='grc' dir='ltr'><strong>τούτου</strong></span> <span class='ocrx_word' id='word_1_112' title='bbox 587 611 693 647; x_wconf 84' lang='grc' dir='ltr'><strong>διψήσει</strong></span> <span class='ocrx_word' id='word_1_113' title='bbox 706 612 797 639; x_wconf 84' lang='grc' dir='ltr'>πάλιν.</span> <span class='ocrx_word' id='word_1_114' title='bbox 816 623 824 638; x_wconf 78' lang='grc' dir='ltr'>ι</span> 
     </span>
    </p>
   </div>
   <div class='ocr_carea' id='block_1_16' title="bbox 49 654 827 692">
    <p class='ocr_par' dir='ltr' id='par_1_16' title="bbox 49 654 827 692">
     <span class='ocr_line' id='line_1_16' title="bbox 49 654 827 692; baseline 0.006 -13"><span class='ocrx_word' id='word_1_115' title='bbox 49 654 125 690; x_wconf 80' lang='grc' dir='ltr'>Εἴπερ</span> <span class='ocrx_word' id='word_1_116' title='bbox 145 655 173 681; x_wconf 79' lang='grc' dir='ltr'><strong>δὲ</strong></span> <span class='ocrx_word' id='word_1_117' title='bbox 189 654 227 690; x_wconf 83' lang='grc' dir='ltr'>μὴ</span> <span class='ocrx_word' id='word_1_118' title='bbox 245 655 349 689; x_wconf 75' lang='grc' dir='ltr'><strong>ἐγίνετό</strong></span> <span class='ocrx_word' id='word_1_119' title='bbox 365 664 391 682; x_wconf 90' lang='grc' dir='ltr'><strong>τι</strong></span> <span class='ocrx_word' id='word_1_120' title='bbox 411 657 546 692; x_wconf 87' lang='grc' dir='ltr'>χρήσιμον</span> <span class='ocrx_word' id='word_1_121' title='bbox 562 658 593 684; x_wconf 77' lang='grc' dir='ltr'><strong>ἐκ</strong></span> <span class='ocrx_word' id='word_1_122' title='bbox 611 658 658 683; x_wconf 81' lang='grc' dir='ltr'><strong>τοῦ</strong></span> <span class='ocrx_word' id='word_1_123' title='bbox 678 660 750 684; x_wconf 84' lang='grc' dir='ltr'><strong>πιεῖν</strong></span> <span class='ocrx_word' id='word_1_124' title='bbox 772 657 827 684; x_wconf 79' lang='grc' dir='ltr'><strong>ἀπὸ</strong></span> 
     </span>
    </p>
   </div>
   <div class='ocr_carea' id='block_1_17' title="bbox 48 699 827 740">
    <p class='ocr_par' dir='ltr' id='par_1_17' title="bbox 48 699 827 740">
     <span class='ocr_line' id='line_1_17' title="bbox 48 699 827 740; baseline 0.006 -14"><span class='ocrx_word' id='word_1_125' title='bbox 48 699 92 734; x_wconf 82' lang='grc' dir='ltr'><strong>τῆς</strong></span> <span class='ocrx_word' id='word_1_126' title='bbox 106 700 205 735; x_wconf 84' lang='grc' dir='ltr'>πηγῆς,</span> <span class='ocrx_word' id='word_1_127' title='bbox 228 700 284 727; x_wconf 79' lang='grc' dir='ltr'><strong>οὔτ’</strong></span> <span class='ocrx_word' id='word_1_128' title='bbox 306 700 339 728; x_wconf 83' lang='grc' dir='ltr'><strong>ἂν</strong></span> <span class='ocrx_word' id='word_1_129' title='bbox 362 701 507 734; x_wconf 74' lang='grc' dir='ltr'><strong>ἐκαθέζετο</strong></span> <span class='ocrx_word' id='word_1_130' title='bbox 531 703 578 729; x_wconf 76' lang='grc' dir='ltr'><strong>ἐπὶ</strong></span> <span class='ocrx_word' id='word_1_131' title='bbox 598 705 630 739; x_wconf 83' lang='grc' dir='ltr'><strong>τῇ</strong></span> <span class='ocrx_word' id='word_1_132' title='bbox 655 705 728 740; x_wconf 83' lang='grc' dir='ltr'>πηγῇ</span> <span class='ocrx_word' id='word_1_133' title='bbox 743 706 758 731; x_wconf 82' lang='grc' dir='ltr'>ὁ</span> <span class='ocrx_word' id='word_1_134' title='bbox 776 705 827 739; x_wconf 83' lang='grc' dir='ltr'><strong>Ἰη-</strong></span> 
     </span>
    </p>
   </div>
   <div class='ocr_carea' id='block_1_18' title="bbox 48 744 826 786">
    <p class='ocr_par' dir='ltr' id='par_1_18' title="bbox 48 744 826 786">
     <span class='ocr_line' id='line_1_18' title="bbox 48 744 826 786; baseline 0.009 -16"><span class='ocrx_word' id='word_1_135' title='bbox 48 744 113 776; x_wconf 80' lang='grc' dir='ltr'>σοῠς,</span> <span class='ocrx_word' id='word_1_136' title='bbox 131 744 186 772; x_wconf 80' lang='grc' dir='ltr'><strong>οὔτ’</strong></span> <span class='ocrx_word' id='word_1_137' title='bbox 202 745 236 772; x_wconf 83' lang='grc' dir='ltr'>ἃν</span> <span class='ocrx_word' id='word_1_138' title='bbox 252 746 327 781; x_wconf 76' lang='grc' dir='ltr'><strong>ἔλεγε</strong></span> <span class='ocrx_word' id='word_1_139' title='bbox 346 747 402 783; x_wconf 80' lang='grc'><strong>(9⁵1)</strong></span> <span class='ocrx_word' id='word_1_140' title='bbox 420 748 452 783; x_wconf 84' lang='grc' dir='ltr'><strong>τῇ</strong></span> <span class='ocrx_word' id='word_1_141' title='bbox 472 748 659 784; x_wconf 79' lang='grc' dir='ltr'><strong>Σαμαρείτιδι·</strong></span> <span class='ocrx_word' id='word_1_142' title='bbox 680 759 690 775; x_wconf 82' lang='grc' dir='ltr'><strong>ι</strong></span> <span class='ocrx_word' id='word_1_143' title='bbox 711 750 761 782; x_wconf 87' lang='grc' dir='ltr'><strong>Δός</strong></span> <span class='ocrx_word' id='word_1_144' title='bbox 781 759 826 786; x_wconf 88' lang='grc' dir='ltr'>μοι</span> 
     </span>
    </p>
   </div>
   <div class='ocr_carea' id='block_1_19' title="bbox 48 791 825 832">
    <p class='ocr_par' dir='ltr' id='par_1_19' title="bbox 48 791 825 832">
     <span class='ocr_line' id='line_1_19' title="bbox 48 791 825 832; baseline 0.01 -17"><span class='ocrx_word' id='word_1_145' title='bbox 48 791 122 817; x_wconf 81' lang='grc' dir='ltr'>πιεῖν.</span> <span class='ocrx_word' id='word_1_146' title='bbox 142 800 150 816; x_wconf 82' lang='lat' dir='ltr'><strong>i</strong></span> <span class='ocrx_word' id='word_1_147' title='bbox 166 791 378 828; x_wconf 76' lang='grc' dir='ltr'><strong>Παρατηρητέον</strong></span> <span class='ocrx_word' id='word_1_148' title='bbox 395 791 451 825; x_wconf 81' lang='grc' dir='ltr'>οὗν,</span> <span class='ocrx_word' id='word_1_149' title='bbox 465 793 504 820; x_wconf 80' lang='grc' dir='ltr'><strong>ὅτι</strong></span> <span class='ocrx_word' id='word_1_150' title='bbox 520 794 567 820; x_wconf 80' lang='grc' dir='ltr'><strong>καὶ</strong></span> <span class='ocrx_word' id='word_1_151' title='bbox 585 795 698 832; x_wconf 73' lang='grc' dir='ltr'><strong>αἰτούσῃ</strong></span> <span class='ocrx_word' id='word_1_152' title='bbox 711 795 741 822; x_wconf 83' lang='grc' dir='ltr'><strong>τὸ</strong></span> <span class='ocrx_word' id='word_1_153' title='bbox 755 795 825 831; x_wconf 73' lang='grc' dir='ltr'><strong>ὕδωρ</strong></span> 
     </span>
    </p>
   </div>
   <div class='ocr_carea' id='block_1_20' title="bbox 47 836 826 877">
    <p class='ocr_par' dir='ltr' id='par_1_20' title="bbox 47 836 826 877">
     <span class='ocr_line' id='line_1_20' title="bbox 47 836 826 877; baseline 0.009 -15"><span class='ocrx_word' id='word_1_154' title='bbox 47 837 75 871; x_wconf 80' lang='grc' dir='ltr'><strong>τῇ</strong></span> <span class='ocrx_word' id='word_1_155' title='bbox 97 836 270 872; x_wconf 80' lang='grc' dir='ltr'><strong>Σαμαρείτιδι</strong></span> <span class='ocrx_word' id='word_1_156' title='bbox 301 839 346 866; x_wconf 70' lang='grc' dir='ltr'><strong>τὴν</strong></span> <span class='ocrx_word' id='word_1_157' title='bbox 385 838 507 874; x_wconf 76' lang='grc' dir='ltr'>Ἰησοῦν.</span> <span class='ocrx_word' id='word_1_158' title='bbox 535 841 616 867; x_wconf 70' lang='grc' dir='ltr'>οἱονεὶ</span> <span class='ocrx_word' id='word_1_159' title='bbox 644 841 826 877; x_wconf 70' lang='grc' dir='ltr'><strong>ἐπηγγέλλετο</strong></span> 
     </span>
    </p>
   </div>
   <div class='ocr_carea' id='block_1_21' title="bbox 48 881 825 924">
    <p class='ocr_par' dir='ltr' id='par_1_21' title="bbox 48 881 825 924">
     <span class='ocr_line' id='line_1_21' title="bbox 48 881 825 924; baseline 0.01 -18"><span class='ocrx_word' id='word_1_160' title='bbox 48 881 164 916; x_wconf 81' lang='grc' dir='ltr'><strong>παρέξειν</strong></span> <span class='ocrx_word' id='word_1_161' title='bbox 180 883 246 910; x_wconf 76' lang='grc' dir='ltr'><strong>αὐτὸ</strong></span> <span class='ocrx_word' id='word_1_162' title='bbox 259 884 309 911; x_wconf 76' lang='grc' dir='ltr'>οὐκ</span> <span class='ocrx_word' id='word_1_163' title='bbox 323 885 352 911; x_wconf 83' lang='grc' dir='ltr'>ὲν</span> <span class='ocrx_word' id='word_1_164' title='bbox 368 884 439 920; x_wconf 77' lang='grc' dir='ltr'>ἄλλῳ</span> <span class='ocrx_word' id='word_1_165' title='bbox 455 885 510 920; x_wconf 84' lang='grc'><strong>(98)</strong></span> <span class='ocrx_word' id='word_1_166' title='bbox 525 885 609 920; x_wconf 75' lang='grc' dir='ltr'>τόπῳ,</span> <span class='ocrx_word' id='word_1_167' title='bbox 634 886 691 912; x_wconf 81' lang='grc' dir='ltr'><strong>ἀλλ’</strong></span> <span class='ocrx_word' id='word_1_168' title='bbox 714 887 730 922; x_wconf 80' lang='grc' dir='ltr'>ἢ</span> <span class='ocrx_word' id='word_1_169' title='bbox 750 888 825 924; x_wconf 81' lang='grc' dir='ltr'>παρὰ</span> 
     </span>
    </p>
   </div>
   <div class='ocr_carea' id='block_1_22' title="bbox 46 928 825 969">
    <p class='ocr_par' dir='ltr' id='par_1_22' title="bbox 46 928 825 969">
     <span class='ocr_line' id='line_1_22' title="bbox 46 928 825 969; baseline 0.013 -18"><span class='ocrx_word' id='word_1_170' title='bbox 46 928 74 961; x_wconf 77' lang='grc' dir='ltr'><strong>τῇ</strong></span> <span class='ocrx_word' id='word_1_171' title='bbox 90 929 172 964; x_wconf 80' lang='grc' dir='ltr'>πηγῇ,</span> <span class='ocrx_word' id='word_1_172' title='bbox 185 928 272 962; x_wconf 77' lang='grc' dir='ltr'>λέγων</span> <span class='ocrx_word' id='word_1_173' title='bbox 287 930 369 965; x_wconf 73' lang='grc' dir='ltr'><strong>αὐτῇ·</strong></span> <span class='ocrx_word' id='word_1_174' title='bbox 385 940 395 956; x_wconf 76' lang='grc' dir='ltr'><strong>ι</strong></span> <span class='ocrx_word' id='word_1_175' title='bbox 413 930 532 965; x_wconf 76' lang='grc' dir='ltr'>Ὕπαγε,</span> <span class='ocrx_word' id='word_1_176' title='bbox 547 930 670 966; x_wconf 82' lang='grc' dir='ltr'>φώνησον</span> <span class='ocrx_word' id='word_1_177' title='bbox 681 932 725 960; x_wconf 82' lang='grc' dir='ltr'>τὸν</span> <span class='ocrx_word' id='word_1_178' title='bbox 741 933 825 969; x_wconf 75' lang='grc' dir='ltr'><strong>ἄνδρα</strong></span> 
     </span>
    </p>
   </div>
   <div class='ocr_carea' id='block_1_23' title="bbox 47 974 392 1006">
    <p class='ocr_par' dir='ltr' id='par_1_23' title="bbox 47 974 392 1006">
     <span class='ocr_line' id='line_1_23' title="bbox 47 974 392 1006; baseline 0.012 -8"><span class='ocrx_word' id='word_1_179' title='bbox 47 981 98 1006; x_wconf 79' lang='grc' dir='ltr'><strong>σου,</strong></span> <span class='ocrx_word' id='word_1_180' title='bbox 115 974 161 1000; x_wconf 83' lang='grc' dir='ltr'><strong>καὶ</strong></span> <span class='ocrx_word' id='word_1_181' title='bbox 181 974 242 1001; x_wconf 73' lang='grc' dir='ltr'><strong>ἐλθὲ</strong></span> <span class='ocrx_word' id='word_1_182' title='bbox 256 975 359 1002; x_wconf 76' lang='grc' dir='ltr'><strong>ἐνθάδε.</strong></span> <span class='ocrx_word' id='word_1_183' title='bbox 383 985 392 1001; x_wconf 73' lang='grc' dir='ltr'>ι</span> 
     </span>
    </p>
   </div>
   <div class='ocr_carea' id='block_1_24' title="bbox 77 1018 825 1059">
    <p class='ocr_par' dir='ltr' id='par_1_24' title="bbox 77 1018 825 1059">
     <span class='ocr_line' id='line_1_24' title="bbox 77 1018 825 1059; baseline 0.007 -13"><span class='ocrx_word' id='word_1_184' title='bbox 77 1018 99 1046; x_wconf 84' lang='lat'><strong>5.</strong></span> <span class='ocrx_word' id='word_1_185' title='bbox 119 1020 177 1046; x_wconf 79' lang='grc' dir='ltr'><strong>Ἔτι</strong></span> <span class='ocrx_word' id='word_1_186' title='bbox 189 1020 220 1047; x_wconf 77' lang='grc' dir='ltr'><strong>δὲ</strong></span> <span class='ocrx_word' id='word_1_187' title='bbox 239 1022 430 1057; x_wconf 76' lang='grc' dir='ltr'><strong>ὲπιστήσωμεν</strong></span> <span class='ocrx_word' id='word_1_188' title='bbox 455 1022 479 1048; x_wconf 82' lang='grc' dir='ltr'><strong>ει</strong></span> <span class='ocrx_word' id='word_1_189' title='bbox 505 1022 616 1050; x_wconf 82' lang='grc' dir='ltr'><strong>δύναται</strong></span> <span class='ocrx_word' id='word_1_190' title='bbox 634 1022 779 1059; x_wconf 72' lang='grc' dir='ltr'><strong>δηλοῦσθαι</strong></span> <span class='ocrx_word' id='word_1_191' title='bbox 796 1025 825 1051; x_wconf 80' lang='grc' dir='ltr'><strong>τὸ</strong></span> 
     </span>
    </p>
   </div>
   <div class='ocr_carea' id='block_1_25' title="bbox 46 1064 823 1105">
    <p class='ocr_par' dir='ltr' id='par_1_25' title="bbox 46 1064 823 1105">
     <span class='ocr_line' id='line_1_25' title="bbox 46 1064 823 1105; baseline 0.009 -15"><span class='ocrx_word' id='word_1_192' title='bbox 46 1064 191 1099; x_wconf 63' lang='grc' dir='ltr'>ἑτερογενὲς</span> <span class='ocrx_word' id='word_1_193' title='bbox 210 1066 261 1101; x_wconf 82' lang='grc' dir='ltr'><strong>τῆς</strong></span> <span class='ocrx_word' id='word_1_194' title='bbox 281 1066 335 1093; x_wconf 87' lang='grc' dir='ltr'><strong>τῶν</strong></span> <span class='ocrx_word' id='word_1_195' title='bbox 355 1067 423 1103; x_wconf 83' lang='grc' dir='ltr'><strong>αὐτῇ</strong></span> <span class='ocrx_word' id='word_1_196' title='bbox 441 1069 473 1103; x_wconf 84' lang='grc' dir='ltr'><strong>τῇ</strong></span> <span class='ocrx_word' id='word_1_197' title='bbox 489 1067 602 1104; x_wconf 80' lang='grc' dir='ltr'><strong>ἀληθείᾳ</strong></span> <span class='ocrx_word' id='word_1_198' title='bbox 624 1069 823 1105; x_wconf 77' lang='grc' dir='ltr'>ὁμιλησάντων,</span> 
     </span>
    </p>
   </div>
   <div class='ocr_carea' id='block_1_26' title="bbox 47 1110 824 1151">
    <p class='ocr_par' dir='ltr' id='par_1_26' title="bbox 47 1110 824 1151">
     <span class='ocr_line' id='line_1_26' title="bbox 47 1110 824 1151; baseline 0.009 -16"><span class='ocrx_word' id='word_1_199' title='bbox 47 1110 86 1135; x_wconf 80' lang='grc' dir='ltr'><strong>καὶ</strong></span> <span class='ocrx_word' id='word_1_200' title='bbox 106 1111 292 1146; x_wconf 81' lang='grc' dir='ltr'>συνεσομένων</span> <span class='ocrx_word' id='word_1_201' title='bbox 316 1112 458 1146; x_wconf 78' lang='grc' dir='ltr'><strong>ὠφελείας,</strong></span> <span class='ocrx_word' id='word_1_202' title='bbox 481 1113 556 1148; x_wconf 73' lang='grc' dir='ltr'>παρὰ</span> <span class='ocrx_word' id='word_1_203' title='bbox 573 1113 623 1148; x_wconf 85' lang='grc' dir='ltr'><strong>τὴν</strong></span> <span class='ocrx_word' id='word_1_204' title='bbox 645 1114 824 1151; x_wconf 77' lang='grc' dir='ltr'><strong>νομιζομένην</strong></span> 
     </span>
    </p>
   </div>
   <div class='ocr_carea' id='block_1_27' title="bbox 45 1154 824 1197">
    <p class='ocr_par' dir='ltr' id='par_1_27' title="bbox 45 1154 824 1197">
     <span class='ocr_line' id='line_1_27' title="bbox 45 1154 824 1197; baseline 0.01 -17"><span class='ocrx_word' id='word_1_205' title='bbox 45 1154 166 1188; x_wconf 77' lang='grc' dir='ltr'><strong>ὠφέλειαν</strong></span> <span class='ocrx_word' id='word_1_206' title='bbox 181 1156 306 1190; x_wconf 85' lang='grc' dir='ltr'><strong>γίνεσθαι</strong></span> <span class='ocrx_word' id='word_1_207' title='bbox 323 1158 388 1192; x_wconf 80' lang='grc' dir='ltr'>ἡμῖν</span> <span class='ocrx_word' id='word_1_208' title='bbox 403 1157 457 1184; x_wconf 78' lang='grc' dir='ltr'><strong>ἀπὸ</strong></span> <span class='ocrx_word' id='word_1_209' title='bbox 478 1157 531 1184; x_wconf 89' lang='grc' dir='ltr'><strong>τῶν</strong></span> <span class='ocrx_word' id='word_1_210' title='bbox 553 1158 679 1194; x_wconf 83' lang='grc' dir='ltr'><strong>Γραφῶν,</strong></span> <span class='ocrx_word' id='word_1_211' title='bbox 699 1160 750 1188; x_wconf 79' lang='grc' dir='ltr'>κᾶν</span> <span class='ocrx_word' id='word_1_212' title='bbox 763 1170 824 1197; x_wconf 80' lang='grc' dir='ltr'>νοη-</span> 
     </span>
    </p>
   </div>
   <div class='ocr_carea' id='block_1_28' title="bbox 47 1199 823 1241">
    <p class='ocr_par' dir='ltr' id='par_1_28' title="bbox 47 1199 823 1241">
     <span class='ocr_line' id='line_1_28' title="bbox 47 1199 823 1241; baseline 0.009 -17"><span class='ocrx_word' id='word_1_213' title='bbox 47 1199 118 1226; x_wconf 73' lang='grc' dir='ltr'>Θῶσιν</span> <span class='ocrx_word' id='word_1_214' title='bbox 128 1200 251 1235; x_wconf 80' lang='grc' dir='ltr'><strong>ἀκριὸὦς</strong></span> <span class='ocrx_word' id='word_1_215' title='bbox 262 1203 293 1229; x_wconf 77' lang='grc' dir='ltr'><strong>ἐκ</strong></span> <span class='ocrx_word' id='word_1_216' title='bbox 306 1201 354 1228; x_wconf 82' lang='grc' dir='ltr'><strong>τοῦ</strong></span> <span class='ocrx_word' id='word_1_217' title='bbox 372 1202 416 1229; x_wconf 84' lang='grc' dir='ltr'><strong>τὸν</strong></span> <span class='ocrx_word' id='word_1_218' title='bbox 430 1202 479 1237; x_wconf 79' lang='grc' dir='ltr'><strong>μὲν</strong></span> <span class='ocrx_word' id='word_1_219' title='bbox 494 1203 589 1229; x_wconf 82' lang='grc' dir='ltr'><strong>πιόντα</strong></span> <span class='ocrx_word' id='word_1_220' title='bbox 600 1204 653 1230; x_wconf 83' lang='grc' dir='ltr'><strong>ἀπὸ</strong></span> <span class='ocrx_word' id='word_1_221' title='bbox 668 1204 718 1239; x_wconf 81' lang='grc' dir='ltr'><strong>τῆς</strong></span> <span class='ocrx_word' id='word_1_222' title='bbox 732 1206 823 1241; x_wconf 85' lang='grc' dir='ltr'>πηγῆς</span> 
     </span>
    </p>
   </div>
   <div class='ocr_carea' id='block_1_29' title="bbox 47 1246 823 1284">
    <p class='ocr_par' dir='ltr' id='par_1_29' title="bbox 47 1246 823 1284">
     <span class='ocr_line' id='line_1_29' title="bbox 47 1246 823 1284; baseline 0.008 -12"><span class='ocrx_word' id='word_1_223' title='bbox 47 1246 86 1272; x_wconf 76' lang='grc' dir='ltr'><strong>τοῦ</strong></span> <span class='ocrx_word' id='word_1_224' title='bbox 102 1246 195 1273; x_wconf 78' lang='grc' dir='ltr'><strong>Ἰακὼϐ</strong></span> <span class='ocrx_word' id='word_1_225' title='bbox 207 1247 290 1284; x_wconf 79' lang='grc' dir='ltr'>διψῇν</span> <span class='ocrx_word' id='word_1_226' title='bbox 307 1248 397 1281; x_wconf 79' lang='grc' dir='ltr'>πάλιν,</span> <span class='ocrx_word' id='word_1_227' title='bbox 412 1250 457 1276; x_wconf 82' lang='grc' dir='ltr'><strong>τὸν</strong></span> <span class='ocrx_word' id='word_1_228' title='bbox 470 1249 498 1276; x_wconf 79' lang='grc' dir='ltr'><strong>δὲ</strong></span> <span class='ocrx_word' id='word_1_229' title='bbox 511 1251 607 1277; x_wconf 84' lang='grc' dir='ltr'><strong>πιόντα</strong></span> <span class='ocrx_word' id='word_1_230' title='bbox 622 1252 653 1277; x_wconf 78' lang='grc' dir='ltr'><strong>ἐκ</strong></span> <span class='ocrx_word' id='word_1_231' title='bbox 668 1251 714 1277; x_wconf 81' lang='grc' dir='ltr'><strong>τοῦ</strong></span> <span class='ocrx_word' id='word_1_232' title='bbox 729 1251 823 1284; x_wconf 82' lang='grc' dir='ltr'><strong>ὓδατος</strong></span> 
     </span>
    </p>
   </div>
   <div class='ocr_carea' id='block_1_30' title="bbox 46 1289 823 1333">
    <p class='ocr_par' dir='ltr' id='par_1_30' title="bbox 46 1289 823 1333">
     <span class='ocr_line' id='line_1_30' title="bbox 46 1289 823 1333; baseline 0.009 -16"><span class='ocrx_word' id='word_1_233' title='bbox 46 1289 71 1318; x_wconf 75' lang='grc' dir='ltr'><strong>οὗ</strong></span> <span class='ocrx_word' id='word_1_234' title='bbox 85 1292 186 1321; x_wconf 77' lang='grc' dir='ltr'><strong>δίδωσιν</strong></span> <span class='ocrx_word' id='word_1_235' title='bbox 200 1295 216 1321; x_wconf 86' lang='grc' dir='ltr'><strong>ό</strong></span> <span class='ocrx_word' id='word_1_236' title='bbox 237 1293 352 1329; x_wconf 82' lang='grc' dir='ltr'>Ἰησοῦς,</span> <span class='ocrx_word' id='word_1_237' title='bbox 368 1295 459 1331; x_wconf 82' lang='grc' dir='ltr'>πηγὴν</span> <span class='ocrx_word' id='word_1_238' title='bbox 473 1295 567 1328; x_wconf 86' lang='grc' dir='ltr'><strong>’ύδατος</strong></span> <span class='ocrx_word' id='word_1_239' title='bbox 586 1297 615 1323; x_wconf 73' lang='grc' dir='ltr'>ἐν</span> <span class='ocrx_word' id='word_1_240' title='bbox 631 1296 720 1331; x_wconf 76' lang='grc' dir='ltr'><strong>ἑαυτῷ</strong></span> <span class='ocrx_word' id='word_1_241' title='bbox 739 1297 823 1333; x_wconf 73' lang='grc' dir='ltr'><strong>ἴσχειν</strong></span> 
     </span>
    </p>
   </div>
   <div class='ocr_carea' id='block_1_31' title="bbox 47 1338 823 1379">
    <p class='ocr_par' dir='ltr' id='par_1_31' title="bbox 47 1338 823 1379">
     <span class='ocr_line' id='line_1_31' title="bbox 47 1338 823 1379; baseline 0.008 -15"><span class='ocrx_word' id='word_1_242' title='bbox 47 1338 179 1374; x_wconf 82' lang='grc' dir='ltr'><strong>ἁλλομένου</strong></span> <span class='ocrx_word' id='word_1_243' title='bbox 196 1341 236 1372; x_wconf 81' lang='grc' dir='ltr'><strong>εις</strong></span> <span class='ocrx_word' id='word_1_244' title='bbox 254 1339 327 1376; x_wconf 70' lang='grc' dir='ltr'><strong>ζωὴν</strong></span> <span class='ocrx_word' id='word_1_245' title='bbox 340 1340 448 1367; x_wconf 74' lang='grc' dir='ltr'>αἰώνιον</span> <span class='ocrx_word' id='word_1_246' title='bbox 461 1349 468 1356; x_wconf 88' lang='grc'><strong>·</strong></span> <span class='ocrx_word' id='word_1_247' title='bbox 486 1342 533 1368; x_wconf 75' lang='grc' dir='ltr'><strong>καὶ</strong></span> <span class='ocrx_word' id='word_1_248' title='bbox 550 1342 604 1378; x_wconf 82' lang='grc' dir='ltr'><strong>γὰρ</strong></span> <span class='ocrx_word' id='word_1_249' title='bbox 619 1342 654 1369; x_wconf 84' lang='grc' dir='ltr'><strong>τὰ</strong></span> <span class='ocrx_word' id='word_1_250' title='bbox 669 1343 823 1379; x_wconf 79' lang='grc' dir='ltr'><strong>κυριώτερα</strong></span> 
     </span>
    </p>
   </div>
   <div class='ocr_carea' id='block_1_32' title="bbox 47 1383 821 1424">
    <p class='ocr_par' dir='ltr' id='par_1_32' title="bbox 47 1383 821 1424">
     <span class='ocr_line' id='line_1_32' title="bbox 47 1383 821 1424; baseline 0.009 -15"><span class='ocrx_word' id='word_1_251' title='bbox 47 1384 85 1409; x_wconf 71' lang='grc' dir='ltr'><strong>καὶ</strong></span> <span class='ocrx_word' id='word_1_252' title='bbox 97 1383 215 1420; x_wconf 71' lang='grc' dir='ltr'><strong>Θειότερα</strong></span> <span class='ocrx_word' id='word_1_253' title='bbox 231 1385 285 1412; x_wconf 86' lang='grc' dir='ltr'><strong>τῶν</strong></span> <span class='ocrx_word' id='word_1_254' title='bbox 303 1386 460 1422; x_wconf 81' lang='grc' dir='ltr'><strong>μυστηρίων</strong></span> <span class='ocrx_word' id='word_1_255' title='bbox 476 1387 522 1413; x_wconf 82' lang='grc' dir='ltr'><strong>τοῦ</strong></span> <span class='ocrx_word' id='word_1_256' title='bbox 544 1387 622 1420; x_wconf 82' lang='grc' dir='ltr'><strong>Θεοῦ,</strong></span> <span class='ocrx_word' id='word_1_257' title='bbox 638 1387 697 1415; x_wconf 78' lang='grc' dir='ltr'><strong>ἔνια</strong></span> <span class='ocrx_word' id='word_1_258' title='bbox 717 1388 766 1424; x_wconf 83' lang='grc' dir='ltr'><strong>μὲν</strong></span> <span class='ocrx_word' id='word_1_259' title='bbox 791 1390 821 1416; x_wconf 83' lang='grc' dir='ltr'>οὐ</span> 
     </span>
    </p>
   </div>
   <div class='ocr_carea' id='block_1_33' title="bbox 47 1428 822 1470">
    <p class='ocr_par' dir='ltr' id='par_1_33' title="bbox 47 1428 822 1470">
     <span class='ocr_line' id='line_1_33' title="bbox 47 1428 822 1470; baseline 0.01 -16"><span class='ocrx_word' id='word_1_260' title='bbox 47 1428 174 1465; x_wconf 77' lang='grc' dir='ltr'><strong>κεχώρηκε</strong></span> <span class='ocrx_word' id='word_1_261' title='bbox 186 1431 293 1466; x_wconf 81' lang='grc' dir='ltr'><strong>Γραφὴ,</strong></span> <span class='ocrx_word' id='word_1_262' title='bbox 311 1431 367 1458; x_wconf 82' lang='grc' dir='ltr'><strong>ἔνια</strong></span> <span class='ocrx_word' id='word_1_263' title='bbox 380 1432 409 1458; x_wconf 83' lang='grc' dir='ltr'><strong>δὲ</strong></span> <span class='ocrx_word' id='word_1_264' title='bbox 424 1432 484 1458; x_wconf 79' lang='grc' dir='ltr'><strong>οὐδὲ</strong></span> <span class='ocrx_word' id='word_1_265' title='bbox 500 1431 657 1469; x_wconf 83' lang='grc' dir='ltr'><strong>ἀνθρωπίνη</strong></span> <span class='ocrx_word' id='word_1_266' title='bbox 672 1435 746 1470; x_wconf 85' lang='grc' dir='ltr'><strong>φωνή</strong></span> <span class='ocrx_word' id='word_1_267' title='bbox 755 1443 762 1449; x_wconf 90' lang='grc'>·</span> <span class='ocrx_word' id='word_1_268' title='bbox 776 1435 822 1462; x_wconf 77' lang='grc' dir='ltr'><strong>καὶ</strong></span> 
     </span>
    </p>
   </div>
   <div class='ocr_carea' id='block_1_34' title="bbox 45 1473 822 1514">
    <p class='ocr_par' dir='ltr' id='par_1_34' title="bbox 45 1473 822 1514">
     <span class='ocr_line' id='line_1_34' title="bbox 45 1473 822 1514; baseline 0.009 -13"><span class='ocrx_word' id='word_1_269' title='bbox 45 1475 73 1501; x_wconf 66' lang='grc' dir='ltr'><strong>τὰ</strong></span> <span class='ocrx_word' id='word_1_270' title='bbox 87 1473 129 1502; x_wconf 84' lang='grc' dir='ltr'>οὖν</span> <span class='ocrx_word' id='word_1_271' title='bbox 143 1476 193 1513; x_wconf 74' lang='grc' dir='ltr'><strong>ἢθη</strong></span> <span class='ocrx_word' id='word_1_272' title='bbox 212 1477 269 1513; x_wconf 86' lang='lat'><strong>(99)</strong></span> <span class='ocrx_word' id='word_1_273' title='bbox 292 1478 345 1505; x_wconf 81' lang='grc' dir='ltr'>τῶν</span> <span class='ocrx_word' id='word_1_274' title='bbox 371 1479 587 1514; x_wconf 83' lang='grc' dir='ltr'><strong>σημαινομένων,</strong></span> <span class='ocrx_word' id='word_1_275' title='bbox 607 1480 624 1514; x_wconf 80' lang='grc' dir='ltr'><strong>ἡ</strong></span> <span class='ocrx_word' id='word_1_276' title='bbox 644 1479 754 1514; x_wconf 83' lang='grc' dir='ltr'><strong>γλῶσσα</strong></span> <span class='ocrx_word' id='word_1_277' title='bbox 775 1483 822 1509; x_wconf 79' lang='grc' dir='ltr'><strong>ἀν-</strong></span> 
     </span>
    </p>
   </div>
   <div class='ocr_carea' id='block_1_35' title="bbox 46 1519 821 1561">
    <p class='ocr_par' dir='ltr' id='par_1_35' title="bbox 46 1519 821 1561">
     <span class='ocr_line' id='line_1_35' title="bbox 46 1519 821 1561; baseline 0.008 -14"><span class='ocrx_word' id='word_1_278' title='bbox 46 1519 174 1558; x_wconf 72' lang='grc' dir='ltr'><strong>θρωπική·</strong></span> <span class='ocrx_word' id='word_1_279' title='bbox 201 1532 210 1549; x_wconf 83' lang='grc' dir='ltr'><strong>ι</strong></span> <span class='ocrx_word' id='word_1_280' title='bbox 237 1524 315 1550; x_wconf 83' lang='grc' dir='ltr'><strong>Ἔστι</strong></span> <span class='ocrx_word' id='word_1_281' title='bbox 340 1523 394 1559; x_wconf 88' lang='grc' dir='ltr'>γὰρ</span> <span class='ocrx_word' id='word_1_282' title='bbox 416 1524 483 1552; x_wconf 75' lang='grc' dir='ltr'>ἄλλα</span> <span class='ocrx_word' id='word_1_283' title='bbox 506 1525 601 1558; x_wconf 81' lang='grc' dir='ltr'>πολλὰ,</span> <span class='ocrx_word' id='word_1_284' title='bbox 627 1526 644 1553; x_wconf 81' lang='lat' dir='ltr'><strong>a</strong></span> <span class='ocrx_word' id='word_1_285' title='bbox 661 1526 788 1561; x_wconf 78' lang='grc' dir='ltr'>ἐποίησεν</span> <span class='ocrx_word' id='word_1_286' title='bbox 807 1528 821 1553; x_wconf 73' lang='grc' dir='ltr'>ὀ</span> 
     </span>
    </p>
   </div>
   <div class='ocr_carea' id='block_1_36' title="bbox 50 1564 820 1605">
    <p class='ocr_par' dir='ltr' id='par_1_36' title="bbox 50 1564 820 1605">
     <span class='ocr_line' id='line_1_36' title="bbox 50 1564 820 1605; baseline 0.01 -15"><span class='ocrx_word' id='word_1_287' title='bbox 50 1564 151 1600; x_wconf 81' lang='grc' dir='ltr'>Ἰησοῦς,</span> <span class='ocrx_word' id='word_1_288' title='bbox 175 1568 255 1596; x_wconf 74' lang='grc' dir='ltr'><strong>ἅτινα</strong></span> <span class='ocrx_word' id='word_1_289' title='bbox 295 1569 342 1596; x_wconf 77' lang='grc' dir='ltr'><strong>ἐὰν</strong></span> <span class='ocrx_word' id='word_1_290' title='bbox 370 1570 509 1605; x_wconf 76' lang='grc' dir='ltr'><strong>γράφηται</strong></span> <span class='ocrx_word' id='word_1_291' title='bbox 537 1571 629 1603; x_wconf 73' lang='grc' dir='ltr'><strong>καϐὲν,</strong></span> <span class='ocrx_word' id='word_1_292' title='bbox 657 1572 718 1598; x_wconf 73' lang='grc' dir='ltr'>οὐδὲ</span> <span class='ocrx_word' id='word_1_293' title='bbox 740 1572 820 1599; x_wconf 81' lang='grc' dir='ltr'><strong>αὐτὸν</strong></span> 
     </span>
    </p>
   </div>
   <div class='ocr_carea' id='block_1_37' title="bbox 44 1607 821 1653">
    <p class='ocr_par' dir='ltr' id='par_1_37' title="bbox 44 1607 821 1653">
     <span class='ocr_line' id='line_1_37' title="bbox 44 1607 821 1653; baseline 0.01 -17"><span class='ocrx_word' id='word_1_294' title='bbox 44 1607 110 1644; x_wconf 75' lang='grc' dir='ltr'>οἶμαι</span> <span class='ocrx_word' id='word_1_295' title='bbox 132 1612 176 1639; x_wconf 82' lang='grc' dir='ltr'><strong>τὸν</strong></span> <span class='ocrx_word' id='word_1_296' title='bbox 195 1614 297 1649; x_wconf 83' lang='grc' dir='ltr'>κόσμον</span> <span class='ocrx_word' id='word_1_297' title='bbox 320 1614 358 1649; x_wconf 79' lang='grc'><strong>(1)</strong></span> <span class='ocrx_word' id='word_1_298' title='bbox 381 1616 516 1651; x_wconf 84' lang='grc' dir='ltr'><strong>χωρήσειν</strong></span> <span class='ocrx_word' id='word_1_299' title='bbox 539 1617 574 1644; x_wconf 78' lang='grc' dir='ltr'><strong>τὰ</strong></span> <span class='ocrx_word' id='word_1_300' title='bbox 596 1618 756 1652; x_wconf 78' lang='grc' dir='ltr'>γραφόμενα</span> <span class='ocrx_word' id='word_1_301' title='bbox 781 1618 821 1653; x_wconf 87' lang='grc' dir='ltr'><strong>βι-</strong></span> 
     </span>
    </p>
   </div>
   <div class='ocr_carea' id='block_1_38' title="bbox 46 1655 821 1698">
    <p class='ocr_par' dir='ltr' id='par_1_38' title="bbox 46 1655 821 1698">
     <span class='ocr_line' id='line_1_38' title="bbox 46 1655 821 1698; baseline 0.013 -18"><span class='ocrx_word' id='word_1_302' title='bbox 46 1655 106 1682; x_wconf 61' lang='lat' dir='ltr'><strong>ﬂia.</strong></span> <span class='ocrx_word' id='word_1_303' title='bbox 125 1667 133 1683; x_wconf 74' lang='grc' dir='ltr'>ι</span> <span class='ocrx_word' id='word_1_304' title='bbox 156 1659 209 1685; x_wconf 81' lang='grc' dir='ltr'><strong>Καὶ</strong></span> <span class='ocrx_word' id='word_1_305' title='bbox 222 1659 274 1686; x_wconf 80' lang='grc' dir='ltr'><strong>ὅσα</strong></span> <span class='ocrx_word' id='word_1_306' title='bbox 289 1660 318 1686; x_wconf 73' lang='grc' dir='ltr'><strong>δὲ</strong></span> <span class='ocrx_word' id='word_1_307' title='bbox 327 1659 460 1694; x_wconf 74' lang='grc' dir='ltr'>ἐλάλησαν</span> <span class='ocrx_word' id='word_1_308' title='bbox 470 1661 497 1688; x_wconf 75' lang='grc' dir='ltr'><strong>αἱ</strong></span> <span class='ocrx_word' id='word_1_309' title='bbox 510 1662 580 1689; x_wconf 67' lang='grc' dir='ltr'><strong>ἑπτὰ</strong></span> <span class='ocrx_word' id='word_1_310' title='bbox 592 1662 699 1697; x_wconf 80' lang='grc' dir='ltr'><strong>βρονταὶ</strong></span> <span class='ocrx_word' id='word_1_311' title='bbox 717 1663 821 1698; x_wconf 83' lang='grc' dir='ltr'>μέλλων</span> 
     </span>
    </p>
   </div>
   <div class='ocr_carea' id='block_1_39' title="bbox 45 1701 819 1743">
    <p class='ocr_par' dir='ltr' id='par_1_39' title="bbox 45 1701 819 1743">
     <span class='ocr_line' id='line_1_39' title="bbox 45 1701 819 1743; baseline 0.009 -15"><span class='ocrx_word' id='word_1_312' title='bbox 45 1701 148 1736; x_wconf 77' lang='grc' dir='ltr'><strong>τράφειν</strong></span> <span class='ocrx_word' id='word_1_313' title='bbox 170 1704 308 1740; x_wconf 78' lang='grc' dir='ltr'><strong>Ἰωάννης,</strong></span> <span class='ocrx_word' id='word_1_314' title='bbox 333 1706 480 1735; x_wconf 82' lang='grc' dir='ltr'><strong>κωλύεται·</strong></span> <span class='ocrx_word' id='word_1_315' title='bbox 495 1707 510 1733; x_wconf 80' lang='grc' dir='ltr'><strong><em>ὁ</em></strong></span> <span class='ocrx_word' id='word_1_316' title='bbox 526 1707 554 1734; x_wconf 84' lang='grc' dir='ltr'><strong>δὲ</strong></span> <span class='ocrx_word' id='word_1_317' title='bbox 580 1708 685 1740; x_wconf 81' lang='grc' dir='ltr'><strong>Παῦλος</strong></span> <span class='ocrx_word' id='word_1_318' title='bbox 705 1709 819 1743; x_wconf 76' lang='grc' dir='ltr'><strong>ἀκηκοέ-</strong></span> 
     </span>
    </p>
   </div>
   <div class='ocr_carea' id='block_1_40' title="bbox 47 1748 820 1786">
    <p class='ocr_par' dir='ltr' id='par_1_40' title="bbox 47 1748 820 1786">
     <span class='ocr_line' id='line_1_40' title="bbox 47 1748 820 1786; baseline 0.008 -13"><span class='ocrx_word' id='word_1_319' title='bbox 47 1754 81 1772; x_wconf 69' lang='grc' dir='ltr'>ναι</span> <span class='ocrx_word' id='word_1_320' title='bbox 96 1748 173 1782; x_wconf 69' lang='grc' dir='ltr'>φησιν</span> <span class='ocrx_word' id='word_1_321' title='bbox 198 1749 307 1785; x_wconf 78' lang='grc' dir='ltr'><strong>ἄρρητα</strong></span> <span class='ocrx_word' id='word_1_322' title='bbox 323 1751 443 1786; x_wconf 79' lang='grc' dir='ltr'><strong>ῥήματα,</strong></span> <span class='ocrx_word' id='word_1_323' title='bbox 460 1751 520 1786; x_wconf 72' lang='grc' dir='ltr'><strong>οὐχὶ¹</strong></span> <span class='ocrx_word' id='word_1_324' title='bbox 532 1751 550 1778; x_wconf 79' lang='grc' dir='ltr'>ἃ</span> <span class='ocrx_word' id='word_1_325' title='bbox 565 1752 614 1778; x_wconf 78' lang='grc' dir='ltr'>οὐκ</span> <span class='ocrx_word' id='word_1_326' title='bbox 631 1752 690 1784; x_wconf 82' lang='grc' dir='ltr'>ὲξόν</span> <span class='ocrx_word' id='word_1_327' title='bbox 706 1761 758 1779; x_wconf 87' lang='grc' dir='ltr'><strong>τινι</strong></span> <span class='ocrx_word' id='word_1_328' title='bbox 773 1753 820 1780; x_wconf 89' lang='grc' dir='ltr'><strong>λα-</strong></span> 
     </span>
    </p>
   </div>
   <div class='ocr_carea' id='block_1_41' title="bbox 45 1790 820 1831">
    <p class='ocr_par' dir='ltr' id='par_1_41' title="bbox 45 1790 820 1831">
     <span class='ocr_line' id='line_1_41' title="bbox 45 1790 820 1831; baseline 0.01 -14"><span class='ocrx_word' id='word_1_329' title='bbox 45 1791 114 1826; x_wconf 80' lang='grc' dir='ltr'><strong>λῆσαι</strong></span> <span class='ocrx_word' id='word_1_330' title='bbox 130 1790 176 1829; x_wconf 79' lang='grc' dir='ltr'><strong>ἦν·</strong></span> <span class='ocrx_word' id='word_1_331' title='bbox 194 1793 257 1826; x_wconf 78' lang='grc' dir='ltr'>ὲξὺν</span> <span class='ocrx_word' id='word_1_332' title='bbox 266 1794 320 1830; x_wconf 78' lang='grc' dir='ltr'>γὰρ</span> <span class='ocrx_word' id='word_1_333' title='bbox 338 1792 372 1830; x_wconf 82' lang='grc' dir='ltr'><strong>ἦν</strong></span> <span class='ocrx_word' id='word_1_334' title='bbox 391 1795 461 1822; x_wconf 85' lang='grc' dir='ltr'><strong>αὐτὰ</strong></span> <span class='ocrx_word' id='word_1_335' title='bbox 480 1796 596 1831; x_wconf 84' lang='grc' dir='ltr'><strong>λαλῆσαι</strong></span> <span class='ocrx_word' id='word_1_336' title='bbox 615 1798 750 1831; x_wconf 80' lang='grc' dir='ltr'><strong>ἀγγέλοις,</strong></span> <span class='ocrx_word' id='word_1_337' title='bbox 773 1799 820 1825; x_wconf 83' lang='grc' dir='ltr'><strong>ἁν-</strong></span> 
     </span>
    </p>
   </div>
   <div class='ocr_carea' id='block_1_42' title="bbox 46 1836 817 1879">
    <p class='ocr_par' dir='ltr' id='par_1_42' title="bbox 46 1836 817 1879">
     <span class='ocr_line' id='line_1_42' title="bbox 46 1836 817 1879; baseline 0.008 -15"><span class='ocrx_word' id='word_1_338' title='bbox 46 1836 151 1872; x_wconf 79' lang='grc' dir='ltr'>θρώποις</span> <span class='ocrx_word' id='word_1_339' title='bbox 182 1839 210 1866; x_wconf 78' lang='grc' dir='ltr'><strong>δὲ</strong></span> <span class='ocrx_word' id='word_1_340' title='bbox 229 1840 282 1866; x_wconf 75' lang='grc' dir='ltr'>οὐκ</span> <span class='ocrx_word' id='word_1_341' title='bbox 313 1841 376 1876; x_wconf 74' lang='grc' dir='ltr'><strong>ἐξῆν</strong></span> <span class='ocrx_word' id='word_1_342' title='bbox 389 1850 396 1856; x_wconf 71' lang='grc' dir='ltr'><strong>ν</strong></span> <span class='ocrx_word' id='word_1_343' title='bbox 419 1851 428 1866; x_wconf 87' lang='grc' dir='ltr'><strong>ι</strong></span> <span class='ocrx_word' id='word_1_344' title='bbox 448 1842 537 1869; x_wconf 85' lang='grc' dir='ltr'><strong>πάντα</strong></span> <span class='ocrx_word' id='word_1_345' title='bbox 559 1843 608 1878; x_wconf 79' lang='grc' dir='ltr'><strong>μὲν</strong></span> <span class='ocrx_word' id='word_1_346' title='bbox 624 1843 677 1879; x_wconf 83' lang='grc' dir='ltr'><strong>γὰρ</strong></span> <span class='ocrx_word' id='word_1_347' title='bbox 704 1843 817 1877; x_wconf 78' lang='grc' dir='ltr'><strong>ἔξεστιν,</strong></span> 
     </span>
    </p>
   </div>
   <div class='ocr_carea' id='block_1_43' title="bbox 45 1881 818 1924">
    <p class='ocr_par' dir='ltr' id='par_1_43' title="bbox 45 1881 818 1924">
     <span class='ocr_line' id='line_1_43' title="bbox 45 1881 818 1924; baseline 0.008 -16"><span class='ocrx_word' id='word_1_348' title='bbox 45 1881 93 1908; x_wconf 74' lang='grc' dir='ltr'><strong>ἀλλ’</strong></span> <span class='ocrx_word' id='word_1_349' title='bbox 107 1884 134 1910; x_wconf 78' lang='grc' dir='ltr'>οὐ</span> <span class='ocrx_word' id='word_1_350' title='bbox 150 1885 239 1912; x_wconf 78' lang='grc' dir='ltr'><strong>πάντα</strong></span> <span class='ocrx_word' id='word_1_351' title='bbox 263 1886 410 1921; x_wconf 81' lang='grc' dir='ltr'><strong>συμφέρει·</strong></span> <span class='ocrx_word' id='word_1_352' title='bbox 429 1896 437 1912; x_wconf 79' lang='grc' dir='ltr'><strong>ι</strong></span> <span class='ocrx_word' id='word_1_353' title='bbox 457 1886 474 1912; x_wconf 79' lang='lat' dir='ltr'><strong>a</strong></span> <span class='ocrx_word' id='word_1_354' title='bbox 487 1887 514 1913; x_wconf 85' lang='grc' dir='ltr'><strong>δὲ</strong></span> <span class='ocrx_word' id='word_1_355' title='bbox 533 1887 646 1922; x_wconf 80' lang='grc' dir='ltr'><strong>ἥκουσεν</strong></span> <span class='ocrx_word' id='word_1_356' title='bbox 662 1888 699 1923; x_wconf 77' lang='grc'><strong>(2)</strong></span> <span class='ocrx_word' id='word_1_357' title='bbox 712 1888 818 1924; x_wconf 76' lang='grc' dir='ltr'><strong>ἄρρητα</strong></span> 
     </span>
    </p>
   </div>
   <div class='ocr_carea' id='block_1_44' title="bbox 46 1930 816 1970">
    <p class='ocr_par' dir='ltr' id='par_1_44' title="bbox 46 1930 816 1970">
     <span class='ocr_line' id='line_1_44' title="bbox 46 1930 816 1970; baseline 0.008 -14"><span class='ocrx_word' id='word_1_358' title='bbox 46 1930 151 1964; x_wconf 76' lang='grc' dir='ltr'><strong>ῥήματα,</strong></span> <span class='ocrx_word' id='word_1_359' title='bbox 168 1931 186 1958; x_wconf 76' lang='grc' dir='ltr'>ἃ</span> <span class='ocrx_word' id='word_1_360' title='bbox 203 1932 255 1958; x_wconf 85' lang='grc' dir='ltr'><strong>οὐκ</strong></span> <span class='ocrx_word' id='word_1_361' title='bbox 271 1931 340 1964; x_wconf 78' lang='grc' dir='ltr'>ἐξὸν,</span> <span class='ocrx_word' id='word_1_362' title='bbox 365 1933 446 1968; x_wconf 81' lang='grc' dir='ltr'>φησὶν</span> <span class='ocrx_word' id='word_1_363' title='bbox 461 1933 511 1965; x_wconf 78' lang='grc'><strong>(5),</strong></span> <span class='ocrx_word' id='word_1_364' title='bbox 528 1933 664 1969; x_wconf 86' lang='grc' dir='ltr'><strong>ἀνθρώπῳ</strong></span> <span class='ocrx_word' id='word_1_365' title='bbox 689 1934 816 1970; x_wconf 86' lang='grc' dir='ltr'><strong>λαλῆσαι,</strong></span> 
     </span>
    </p>
   </div>
   <div class='ocr_carea' id='block_1_45' title="bbox 44 1972 817 2015">
    <p class='ocr_par' dir='ltr' id='par_1_45' title="bbox 44 1972 817 2015">
     <span class='ocr_line' id='line_1_45' title="bbox 44 1972 817 2015; baseline 0.008 -13"><span class='ocrx_word' id='word_1_366' title='bbox 44 1972 109 2010; x_wconf 76' lang='grc' dir='ltr'><strong>οἶμαι</strong></span> <span class='ocrx_word' id='word_1_367' title='bbox 116 1976 141 2003; x_wconf 77' lang='grc' dir='ltr'><strong>δὲ</strong></span> <span class='ocrx_word' id='word_1_368' title='bbox 149 1977 197 2012; x_wconf 80' lang='grc' dir='ltr'><strong>τῆς</strong></span> <span class='ocrx_word' id='word_1_369' title='bbox 204 1978 270 2012; x_wconf 82' lang='grc' dir='ltr'>ὅλης</span> <span class='ocrx_word' id='word_1_370' title='bbox 278 1977 403 2012; x_wconf 86' lang='grc' dir='ltr'>γνώσεως</span> <span class='ocrx_word' id='word_1_371' title='bbox 411 1979 530 2013; x_wconf 81' lang='grc' dir='ltr'><strong>στοιχεῖά</strong></span> <span class='ocrx_word' id='word_1_372' title='bbox 539 1988 597 2006; x_wconf 91' lang='grc' dir='ltr'><strong>τινα</strong></span> <span class='ocrx_word' id='word_1_373' title='bbox 609 1979 761 2015; x_wconf 78' lang='grc' dir='ltr'><strong>ἐλαχίστας,</strong></span> <span class='ocrx_word' id='word_1_374' title='bbox 771 1982 817 2008; x_wconf 74' lang='grc' dir='ltr'><strong>καὶ</strong></span> 
     </span>
    </p>
   </div>
   <div class='ocr_carea' id='block_1_46' title="bbox 45 2020 816 2061">
    <p class='ocr_par' dir='ltr' id='par_1_46' title="bbox 45 2020 816 2061">
     <span class='ocr_line' id='line_1_46' title="bbox 45 2020 816 2061; baseline 0.006 -13"><span class='ocrx_word' id='word_1_375' title='bbox 45 2020 201 2057; x_wconf 72' lang='grc' dir='ltr'><strong>βραχυτάτας</strong></span> <span class='ocrx_word' id='word_1_376' title='bbox 220 2021 290 2050; x_wconf 75' lang='grc' dir='ltr'><strong>εἶναι</strong></span> <span class='ocrx_word' id='word_1_377' title='bbox 307 2024 460 2058; x_wconf 81' lang='grc' dir='ltr'>εἰσαγωγὰς</span> <span class='ocrx_word' id='word_1_378' title='bbox 470 2024 533 2056; x_wconf 80' lang='grc' dir='ltr'>ὅλας</span> <span class='ocrx_word' id='word_1_379' title='bbox 551 2025 671 2061; x_wconf 76' lang='grc' dir='ltr'>Γραφὰς,</span> <span class='ocrx_word' id='word_1_380' title='bbox 682 2026 733 2053; x_wconf 79' lang='grc' dir='ltr'><strong>κᾶν</strong></span> <span class='ocrx_word' id='word_1_381' title='bbox 745 2027 816 2054; x_wconf 79' lang='grc' dir='ltr'>πάνυ</span> 
     </span>
    </p>
   </div>
   <div class='ocr_carea' id='block_1_47' title="bbox 46 2065 816 2107">
    <p class='ocr_par' dir='ltr' id='par_1_47' title="bbox 46 2065 816 2107">
     <span class='ocr_line' id='line_1_47' title="bbox 46 2065 816 2107; baseline 0.008 -15"><span class='ocrx_word' id='word_1_382' title='bbox 46 2065 164 2101; x_wconf 60' lang='grc' dir='ltr'>νσηῧῶσιν</span> <span class='ocrx_word' id='word_1_383' title='bbox 184 2068 325 2104; x_wconf 76' lang='grc' dir='ltr'><strong>ἀκριϐῶς.</strong></span> <span class='ocrx_word' id='word_1_384' title='bbox 347 2070 416 2104; x_wconf 85' lang='grc' dir='ltr'><strong>Ὅρα</strong></span> <span class='ocrx_word' id='word_1_385' title='bbox 427 2069 571 2104; x_wconf 79' lang='grc' dir='ltr'>τοιγαροῦν</span> <span class='ocrx_word' id='word_1_386' title='bbox 578 2070 722 2098; x_wconf 78' lang='grc' dir='ltr'><strong>ειδύναται</strong></span> <span class='ocrx_word' id='word_1_387' title='bbox 736 2073 752 2107; x_wconf 83' lang='grc' dir='ltr'>ἡ</span> <span class='ocrx_word' id='word_1_388' title='bbox 767 2072 816 2107; x_wconf 83' lang='grc' dir='ltr'><strong>μὲν</strong></span> 
     </span>
    </p>
   </div>
   <div class='ocr_carea' id='block_1_48' title="bbox 44 2111 816 2151">
    <p class='ocr_par' dir='ltr' id='par_1_48' title="bbox 44 2111 816 2151">
     <span class='ocr_line' id='line_1_48' title="bbox 44 2111 816 2151; baseline 0.005 -12"><span class='ocrx_word' id='word_1_389' title='bbox 44 2111 108 2147; x_wconf 74' lang='grc' dir='ltr'>πηγὴ</span> <span class='ocrx_word' id='word_1_390' title='bbox 135 2113 181 2140; x_wconf 82' lang='grc' dir='ltr'>τοῦ</span> <span class='ocrx_word' id='word_1_391' title='bbox 204 2113 374 2151; x_wconf 75' lang='grc' dir='ltr'><strong>Ἰακὼ6,ἀφ”</strong></span> <span class='ocrx_word' id='word_1_392' title='bbox 390 2113 424 2151; x_wconf 81' lang='grc' dir='ltr'>ἧς</span> <span class='ocrx_word' id='word_1_393' title='bbox 438 2115 499 2142; x_wconf 70' lang='grc' dir='ltr'>ἔπιέ</span> <span class='ocrx_word' id='word_1_394' title='bbox 516 2124 581 2142; x_wconf 87' lang='grc' dir='ltr'>ποτε</span> <span class='ocrx_word' id='word_1_395' title='bbox 595 2117 609 2142; x_wconf 86' lang='grc' dir='ltr'>ὁ</span> <span class='ocrx_word' id='word_1_396' title='bbox 629 2115 735 2149; x_wconf 75' lang='grc' dir='ltr'><strong>Ἰακὼϐ,</strong></span> <span class='ocrx_word' id='word_1_397' title='bbox 759 2117 816 2144; x_wconf 80' lang='grc' dir='ltr'>ἀλλ’</span> 
     </span>
    </p>
   </div>
   <div class='ocr_carea' id='block_1_49' title="bbox 43 2156 814 2194">
    <p class='ocr_par' dir='ltr' id='par_1_49' title="bbox 43 2156 814 2194">
     <span class='ocr_line' id='line_1_49' title="bbox 43 2156 814 2194; baseline 0.01 -13"><span class='ocrx_word' id='word_1_398' title='bbox 43 2156 120 2184; x_wconf 64' lang='grc' dir='ltr'><strong>οὐκέτι</strong></span> <span class='ocrx_word' id='word_1_399' title='bbox 129 2159 198 2186; x_wconf 81' lang='grc' dir='ltr'>πίνει</span> <span class='ocrx_word' id='word_1_400' title='bbox 213 2159 272 2191; x_wconf 80' lang='grc' dir='ltr'>νῦν,</span> <span class='ocrx_word' id='word_1_401' title='bbox 290 2160 365 2186; x_wconf 74' lang='grc' dir='ltr'>ἔπιον</span> <span class='ocrx_word' id='word_1_402' title='bbox 381 2161 408 2186; x_wconf 87' lang='grc' dir='ltr'><strong>δὲ</strong></span> <span class='ocrx_word' id='word_1_403' title='bbox 420 2161 467 2187; x_wconf 80' lang='grc' dir='ltr'><strong>καὶ</strong></span> <span class='ocrx_word' id='word_1_404' title='bbox 481 2162 505 2188; x_wconf 78' lang='grc' dir='ltr'>οἱ</span> <span class='ocrx_word' id='word_1_405' title='bbox 516 2162 567 2188; x_wconf 76' lang='grc' dir='ltr'>υἱοὶ</span> <span class='ocrx_word' id='word_1_406' title='bbox 581 2161 673 2194; x_wconf 79' lang='grc' dir='ltr'><strong>αὑτοῦ,</strong></span> <span class='ocrx_word' id='word_1_407' title='bbox 685 2163 752 2190; x_wconf 81' lang='grc' dir='ltr'>ἀλλὰ</span> <span class='ocrx_word' id='word_1_408' title='bbox 766 2163 814 2190; x_wconf 83' lang='grc' dir='ltr'><strong>νῦν</strong></span> 
     </span>
    </p>
   </div>
   <div class='ocr_carea' id='block_1_50' title="bbox 43 2200 814 2241">
    <p class='ocr_par' dir='ltr' id='par_1_50' title="bbox 43 2200 814 2241">
     <span class='ocr_line' id='line_1_50' title="bbox 43 2200 814 2241; baseline 0.009 -14"><span class='ocrx_word' id='word_1_409' title='bbox 43 2200 121 2234; x_wconf 69' lang='grc' dir='ltr'>ἔχουσι</span> <span class='ocrx_word' id='word_1_410' title='bbox 138 2204 167 2230; x_wconf 83' lang='grc' dir='ltr'><strong>τὺ</strong></span> <span class='ocrx_word' id='word_1_411' title='bbox 190 2205 314 2241; x_wconf 83' lang='grc' dir='ltr'><strong>κρεῖττον</strong></span> <span class='ocrx_word' id='word_1_412' title='bbox 342 2206 445 2233; x_wconf 76' lang='grc' dir='ltr'><strong>ἐκείνου</strong></span> <span class='ocrx_word' id='word_1_413' title='bbox 459 2207 548 2239; x_wconf 76' lang='grc' dir='ltr'>ποτὸν,</span> <span class='ocrx_word' id='word_1_414' title='bbox 564 2207 708 2234; x_wconf 85' lang='grc' dir='ltr'><strong>πεπὼκασι</strong></span> <span class='ocrx_word' id='word_1_415' title='bbox 722 2207 750 2234; x_wconf 80' lang='grc' dir='ltr'><strong>δὲ</strong></span> <span class='ocrx_word' id='word_1_416' title='bbox 767 2209 814 2235; x_wconf 79' lang='grc' dir='ltr'><strong>καὶ</strong></span> 
     </span>
    </p>
   </div>
   <div class='ocr_carea' id='block_1_51' title="bbox 42 2245 812 2289">
    <p class='ocr_par' dir='ltr' id='par_1_51' title="bbox 42 2245 812 2289">
     <span class='ocr_line' id='line_1_51' title="bbox 42 2245 812 2289; baseline 0.009 -16"><span class='ocrx_word' id='word_1_417' title='bbox 42 2245 70 2270; x_wconf 69' lang='grc' dir='ltr'><strong>τὰ</strong></span> <span class='ocrx_word' id='word_1_418' title='bbox 85 2246 223 2284; x_wconf 81' lang='grc' dir='ltr'><strong>θρέμματα</strong></span> <span class='ocrx_word' id='word_1_419' title='bbox 245 2250 348 2284; x_wconf 76' lang='grc' dir='ltr'><strong>αὐτῶν,</strong></span> <span class='ocrx_word' id='word_1_420' title='bbox 361 2251 376 2286; x_wconf 78' lang='grc' dir='ltr'>ἡ</span> <span class='ocrx_word' id='word_1_421' title='bbox 391 2253 465 2278; x_wconf 76' lang='grc' dir='ltr'>πᾶσα</span> <span class='ocrx_word' id='word_1_422' title='bbox 482 2251 549 2279; x_wconf 75' lang='grc' dir='ltr'><strong>εῖναι</strong></span> <span class='ocrx_word' id='word_1_423' title='bbox 562 2253 669 2289; x_wconf 81' lang='grc' dir='ltr'><strong>Γραφή·</strong></span> <span class='ocrx_word' id='word_1_424' title='bbox 682 2253 711 2279; x_wconf 80' lang='grc' dir='ltr'><strong>τὸ</strong></span> <span class='ocrx_word' id='word_1_425' title='bbox 724 2253 752 2279; x_wconf 80' lang='grc' dir='ltr'><strong>δὲ</strong></span> <span class='ocrx_word' id='word_1_426' title='bbox 767 2254 812 2280; x_wconf 84' lang='grc' dir='ltr'><strong>τοῦ</strong></span> 
     </span>
    </p>
   </div>
   <div class='ocr_carea' id='block_1_52' title="bbox 48 2289 814 2332">
    <p class='ocr_par' dir='ltr' id='par_1_52' title="bbox 48 2289 814 2332">
     <span class='ocr_line' id='line_1_52' title="bbox 48 2289 814 2332; baseline 0.01 -15"><span class='ocrx_word' id='word_1_427' title='bbox 48 2289 121 2324; x_wconf 73' lang='grc' dir='ltr'>Ἰησοῦ</span> <span class='ocrx_word' id='word_1_428' title='bbox 132 2293 200 2330; x_wconf 58' lang='lat' dir='ltr'><strong>W9</strong></span> <span class='ocrx_word' id='word_1_429' title='bbox 215 2295 245 2321; x_wconf 83' lang='grc' dir='ltr'><strong>τὸ</strong></span> <span class='ocrx_word' id='word_1_430' title='bbox 259 2295 328 2331; x_wconf 74' lang='grc' dir='ltr'><strong>ὑπὲρ</strong></span> <span class='ocrx_word' id='word_1_431' title='bbox 339 2296 357 2322; x_wconf 78' lang='grc' dir='ltr'><strong>ει</strong></span> <span class='ocrx_word' id='word_1_432' title='bbox 368 2296 521 2332; x_wconf 77' lang='grc' dir='ltr'><strong>γέγραπται</strong></span> <span class='ocrx_word' id='word_1_433' title='bbox 530 2306 536 2312; x_wconf 91' lang='grc'><strong>·</strong></span> <span class='ocrx_word' id='word_1_434' title='bbox 549 2298 579 2324; x_wconf 85' lang='grc' dir='ltr'>οὐ</span> <span class='ocrx_word' id='word_1_435' title='bbox 591 2298 657 2324; x_wconf 82' lang='grc' dir='ltr'>πᾶσι</span> <span class='ocrx_word' id='word_1_436' title='bbox 669 2298 697 2324; x_wconf 76' lang='grc' dir='ltr'><strong>δὲ</strong></span> <span class='ocrx_word' id='word_1_437' title='bbox 711 2298 814 2330; x_wconf 76' lang='grc' dir='ltr'><strong>ἔξεστιν</strong></span> 
     </span>
    </p>
   </div>
   <div class='ocr_carea' id='block_1_53' title="bbox 42 2335 813 2379">
    <p class='ocr_par' dir='ltr' id='par_1_53' title="bbox 42 2335 813 2379">
     <span class='ocr_line' id='line_1_53' title="bbox 42 2335 813 2379; baseline 0.01 -16"><span class='ocrx_word' id='word_1_438' title='bbox 42 2335 140 2372; x_wconf 71' lang='grc' dir='ltr'><strong>ἐρευνᾷν</strong></span> <span class='ocrx_word' id='word_1_439' title='bbox 154 2340 187 2366; x_wconf 75' lang='grc' dir='ltr'><strong>τὰ</strong></span> <span class='ocrx_word' id='word_1_440' title='bbox 209 2340 281 2376; x_wconf 85' lang='grc' dir='ltr'><strong>ὑπὲρ</strong></span> <span class='ocrx_word' id='word_1_441' title='bbox 301 2341 319 2368; x_wconf 76' lang='grc' dir='ltr'>ἃ</span> <span class='ocrx_word' id='word_1_442' title='bbox 338 2341 492 2377; x_wconf 80' lang='grc' dir='ltr'><strong>γέγραπται</strong></span> <span class='ocrx_word' id='word_1_443' title='bbox 505 2351 511 2357; x_wconf 90' lang='grc'><strong>·</strong></span> <span class='ocrx_word' id='word_1_444' title='bbox 535 2343 582 2369; x_wconf 71' lang='grc' dir='ltr'><strong>ἐὰν</strong></span> <span class='ocrx_word' id='word_1_445' title='bbox 603 2343 640 2379; x_wconf 89' lang='grc' dir='ltr'><strong>μή</strong></span> <span class='ocrx_word' id='word_1_446' title='bbox 665 2352 708 2375; x_wconf 77' lang='grc' dir='ltr'><strong>τις</strong></span> <span class='ocrx_word' id='word_1_447' title='bbox 722 2345 813 2376; x_wconf 81' lang='grc' dir='ltr'><strong>αὐτοῖς</strong></span> 
     </span>
    </p>
   </div>
   <div class='ocr_carea' id='block_1_54' title="bbox 42 2380 811 2424">
    <p class='ocr_par' dir='ltr' id='par_1_54' title="bbox 42 2380 811 2424">
     <span class='ocr_line' id='line_1_54' title="bbox 42 2380 811 2424; baseline 0.007 -11"><span class='ocrx_word' id='word_1_448' title='bbox 42 2380 186 2420; x_wconf 65' lang='grc' dir='ltr'><strong>ἐξομοιωθῇ,</strong></span> <span class='ocrx_word' id='word_1_449' title='bbox 204 2386 249 2413; x_wconf 85' lang='grc' dir='ltr'><strong>ἴνα</strong></span> <span class='ocrx_word' id='word_1_450' title='bbox 271 2385 308 2422; x_wconf 87' lang='grc' dir='ltr'><strong>μὴ</strong></span> <span class='ocrx_word' id='word_1_451' title='bbox 325 2388 524 2424; x_wconf 79' lang='grc' dir='ltr'>ἐπιπλήσσηται</span> <span class='ocrx_word' id='word_1_452' title='bbox 540 2389 646 2416; x_wconf 71' lang='grc' dir='ltr'><strong>ἁκούων</strong></span> <span class='ocrx_word' id='word_1_453' title='bbox 661 2391 707 2417; x_wconf 73' lang='grc' dir='ltr'><strong>τό⁶</strong></span> <span class='ocrx_word' id='word_1_454' title='bbox 727 2400 735 2416; x_wconf 86' lang='grc' dir='ltr'><strong>ι</strong></span> <span class='ocrx_word' id='word_1_455' title='bbox 754 2392 811 2418; x_wconf 85' lang='grc' dir='ltr'><strong>Χα-</strong></span> 
     </span>
    </p>
   </div>
   <div class='ocr_carea' id='block_1_55' title="bbox 41 2426 811 2474">
    <p class='ocr_par' dir='ltr' id='par_1_55' title="bbox 41 2426 811 2474">
     <span class='ocr_line' id='line_1_55' title="bbox 41 2426 811 2474; baseline 0.01 -18"><span class='ocrx_word' id='word_1_456' title='bbox 41 2426 167 2474; x_wconf 49' lang='grc' dir='ltr'><strong>λεπιῖηερά</strong></span> <span class='ocrx_word' id='word_1_457' title='bbox 190 2440 238 2458; x_wconf 86' lang='grc' dir='ltr'><strong>σου</strong></span> <span class='ocrx_word' id='word_1_458' title='bbox 264 2433 301 2468; x_wconf 80' lang='grc' dir='ltr'><strong>μὴ</strong></span> <span class='ocrx_word' id='word_1_459' title='bbox 326 2433 417 2470; x_wconf 77' lang='grc' dir='ltr'><strong>ζήτει·</strong></span> <span class='ocrx_word' id='word_1_460' title='bbox 444 2436 492 2462; x_wconf 69' lang='grc' dir='ltr'><strong>καὶ</strong></span> <span class='ocrx_word' id='word_1_461' title='bbox 518 2436 680 2472; x_wconf 74' lang='grc' dir='ltr'><strong>ἰσχυρότερά</strong></span> <span class='ocrx_word' id='word_1_462' title='bbox 704 2445 751 2464; x_wconf 84' lang='grc' dir='ltr'><strong>σου</strong></span> <span class='ocrx_word' id='word_1_463' title='bbox 773 2438 811 2474; x_wconf 80' lang='grc' dir='ltr'><strong>μὴ</strong></span> 
     </span>
    </p>
   </div>
   <div class='ocr_carea' id='block_1_56' title="bbox 41 2472 163 2507">
    <p class='ocr_par' dir='ltr' id='par_1_56' title="bbox 41 2472 163 2507">
     <span class='ocr_line' id='line_1_56' title="bbox 41 2472 163 2507; baseline 0.033 -9"><span class='ocrx_word' id='word_1_464' title='bbox 41 2472 133 2507; x_wconf 69' lang='grc' dir='ltr'><strong>ἐρεύνα.</strong></span> <span class='ocrx_word' id='word_1_465' title='bbox 153 2485 163 2502; x_wconf 74' lang='grc' dir='ltr'><strong>ι</strong></span> 
     </span>
    </p>
   </div>
   <div class='ocr_carea' id='block_1_57' title="bbox 880 204 1662 238">
    <p class='ocr_par' dir='ltr' id='par_1_57' title="bbox 880 204 1662 238">
     <span class='ocr_line' id='line_1_57' title="bbox 880 204 1662 238; baseline 0.003 -6"><span class='ocrx_word' id='word_1_466' title='bbox 880 204 955 232; x_wconf 72' lang='lat' dir='ltr'><strong>rusu</strong></span> <span class='ocrx_word' id='word_1_467' title='bbox 972 212 977 228; x_wconf 77' lang='grc' dir='ltr'>ε</span> <span class='ocrx_word' id='word_1_468' title='bbox 997 214 1005 230; x_wconf 84' lang='grc' dir='ltr'><strong>ι</strong></span> <span class='ocrx_word' id='word_1_469' title='bbox 1021 204 1252 238; x_wconf 81' lang='lat' dir='ltr'><strong>Quemadmodum</strong></span> <span class='ocrx_word' id='word_1_470' title='bbox 1275 205 1413 232; x_wconf 89' lang='lat' dir='ltr'><strong>desiderat</strong></span> <span class='ocrx_word' id='word_1_471' title='bbox 1432 212 1529 233; x_wconf 87' lang='lat' dir='ltr'><strong>cervus</strong></span> <span class='ocrx_word' id='word_1_472' title='bbox 1547 207 1579 233; x_wconf 87' lang='lat' dir='ltr'><strong>ad</strong></span> <span class='ocrx_word' id='word_1_473' title='bbox 1600 207 1662 234; x_wconf 87' lang='lat' dir='ltr'><strong>l‘ou-</strong></span> 
     </span>
    </p>
   </div>
   <div class='ocr_carea' id='block_1_58' title="bbox 879 251 1661 284">
    <p class='ocr_par' dir='ltr' id='par_1_58' title="bbox 879 251 1661 284">
     <span class='ocr_line' id='line_1_58' title="bbox 879 251 1661 284; baseline 0.003 -6"><span class='ocrx_word' id='word_1_474' title='bbox 879 256 919 278; x_wconf 88' lang='lat' dir='ltr'><strong>tes</strong></span> <span class='ocrx_word' id='word_1_475' title='bbox 931 258 1075 284; x_wconf 86' lang='lat' dir='ltr'><strong>aquarum,</strong></span> <span class='ocrx_word' id='word_1_476' title='bbox 1094 251 1128 278; x_wconf 86' lang='lat' dir='ltr'><strong>ita</strong></span> <span class='ocrx_word' id='word_1_477' title='bbox 1145 251 1283 278; x_wconf 84' lang='lat' dir='ltr'><strong>desiderat</strong></span> <span class='ocrx_word' id='word_1_478' title='bbox 1297 251 1386 278; x_wconf 79' lang='lat' dir='ltr'><strong>anima</strong></span> <span class='ocrx_word' id='word_1_479' title='bbox 1403 257 1462 278; x_wconf 87' lang='lat' dir='ltr'><strong>mea</strong></span> <span class='ocrx_word' id='word_1_480' title='bbox 1474 252 1509 279; x_wconf 84' lang='lat' dir='ltr'><strong>ad</strong></span> <span class='ocrx_word' id='word_1_481' title='bbox 1530 257 1567 283; x_wconf 85' lang='lat' dir='ltr'><strong>te,</strong></span> <span class='ocrx_word' id='word_1_482' title='bbox 1581 251 1661 280; x_wconf 82' lang='lat' dir='ltr'><strong>Deus.</strong></span> 
     </span>
    </p>
   </div>
   <div class='ocr_carea' id='block_1_59' title="bbox 878 297 1663 332">
    <p class='ocr_par' dir='ltr' id='par_1_59' title="bbox 878 297 1663 332">
     <span class='ocr_line' id='line_1_59' title="bbox 878 297 1663 332; baseline 0.001 -8"><span class='ocrx_word' id='word_1_483' title='bbox 878 297 969 324; x_wconf 86' lang='lat' dir='ltr'><strong>Sitivit</strong></span> <span class='ocrx_word' id='word_1_484' title='bbox 987 297 1076 323; x_wconf 81' lang='lat' dir='ltr'><strong>anima</strong></span> <span class='ocrx_word' id='word_1_485' title='bbox 1089 304 1147 324; x_wconf 83' lang='lat' dir='ltr'><strong>mea</strong></span> <span class='ocrx_word' id='word_1_486' title='bbox 1161 298 1193 323; x_wconf 88' lang='lat' dir='ltr'><strong>ad</strong></span> <span class='ocrx_word' id='word_1_487' title='bbox 1207 297 1292 324; x_wconf 87' lang='lat' dir='ltr'><strong>Deum</strong></span> <span class='ocrx_word' id='word_1_488' title='bbox 1308 297 1416 330; x_wconf 80' lang='lat' dir='ltr'><strong>l&#39;ortemI</strong></span> <span class='ocrx_word' id='word_1_489' title='bbox 1431 298 1520 324; x_wconf 83' lang='lat' dir='ltr'><strong>vivum</strong></span> <span class='ocrx_word' id='word_1_490' title='bbox 1536 299 1663 332; x_wconf 79' lang='lat' dir='ltr'><strong>:qnando</strong></span> 
     </span>
    </p>
   </div>
   <div class='ocr_carea' id='block_1_60' title="bbox 879 342 1662 378">
    <p class='ocr_par' dir='ltr' id='par_1_60' title="bbox 879 342 1662 378">
     <span class='ocr_line' id='line_1_60' title="bbox 879 342 1662 378; baseline 0.005 -10"><span class='ocrx_word' id='word_1_491' title='bbox 879 343 996 375; x_wconf 84' lang='lat' dir='ltr'><strong>veniam,</strong></span> <span class='ocrx_word' id='word_1_492' title='bbox 1014 347 1041 369; x_wconf 86' lang='lat' dir='ltr'><strong>et</strong></span> <span class='ocrx_word' id='word_1_493' title='bbox 1055 343 1169 370; x_wconf 83' lang='lat' dir='ltr'><strong>videbor</strong></span> <span class='ocrx_word' id='word_1_494' title='bbox 1183 350 1275 370; x_wconf 85' lang='lat' dir='ltr'><strong>coram</strong></span> <span class='ocrx_word' id='word_1_495' title='bbox 1299 342 1367 370; x_wconf 79' lang='lat' dir='ltr'><strong>faeie</strong></span> <span class='ocrx_word' id='word_1_496' title='bbox 1385 343 1452 371; x_wconf 70' lang='lat' dir='ltr'><strong>Dei!</strong></span> <span class='ocrx_word' id='word_1_497' title='bbox 1466 353 1476 370; x_wconf 72' lang='grc' dir='ltr'>ι</span> <span class='ocrx_word' id='word_1_498' title='bbox 1494 343 1528 372; x_wconf 91' lang='lat' dir='ltr'><strong>Ut</strong></span> <span class='ocrx_word' id='word_1_499' title='bbox 1542 351 1607 378; x_wconf 77' lang='lat' dir='ltr'><strong>ergo</strong></span> <span class='ocrx_word' id='word_1_500' title='bbox 1625 345 1662 372; x_wconf 80' lang='lat' dir='ltr'><strong>si-</strong></span> 
     </span>
    </p>
   </div>
   <div class='ocr_carea' id='block_1_61' title="bbox 879 389 1660 425">
    <p class='ocr_par' dir='ltr' id='par_1_61' title="bbox 879 389 1660 425">
     <span class='ocr_line' id='line_1_61' title="bbox 879 389 1660 425; baseline 0.003 -9"><span class='ocrx_word' id='word_1_501' title='bbox 879 389 987 421; x_wconf 82' lang='lat' dir='ltr'><strong>tiamus,</strong></span> <span class='ocrx_word' id='word_1_502' title='bbox 1001 389 1099 416; x_wconf 88' lang='lat' dir='ltr'><strong>bonum</strong></span> <span class='ocrx_word' id='word_1_503' title='bbox 1117 394 1158 417; x_wconf 84' lang='lat' dir='ltr'><strong>est</strong></span> <span class='ocrx_word' id='word_1_504' title='bbox 1172 396 1187 416; x_wconf 88' lang='lat' dir='ltr'><strong>e</strong></span> <span class='ocrx_word' id='word_1_505' title='bbox 1199 389 1273 417; x_wconf 79' lang='lat' dir='ltr'><strong>fonte</strong></span> <span class='ocrx_word' id='word_1_506' title='bbox 1286 389 1371 417; x_wconf 83' lang='lat' dir='ltr'><strong>Iacob</strong></span> <span class='ocrx_word' id='word_1_507' title='bbox 1389 395 1418 417; x_wconf 90' lang='grc' dir='ltr'><strong>ιιι</strong></span> <span class='ocrx_word' id='word_1_508' title='bbox 1434 391 1459 417; x_wconf 89' lang='lat' dir='ltr'><strong>in</strong></span> <span class='ocrx_word' id='word_1_509' title='bbox 1475 391 1570 425; x_wconf 82' lang='lat' dir='ltr'><strong>primis</strong></span> <span class='ocrx_word' id='word_1_510' title='bbox 1583 391 1660 418; x_wconf 83' lang='lat' dir='ltr'><strong>biba-</strong></span> 
     </span>
    </p>
   </div>
   <div class='ocr_carea' id='block_1_62' title="bbox 879 435 1660 470">
    <p class='ocr_par' dir='ltr' id='par_1_62' title="bbox 879 435 1660 470">
     <span class='ocr_line' id='line_1_62' title="bbox 879 435 1660 470; baseline 0.003 -8"><span class='ocrx_word' id='word_1_511' title='bbox 879 443 954 466; x_wconf 81' lang='lat' dir='ltr'><strong>mus.</strong></span> <span class='ocrx_word' id='word_1_512' title='bbox 967 435 1052 464; x_wconf 86' lang='lat' dir='ltr'><strong>illum.</strong></span> <span class='ocrx_word' id='word_1_513' title='bbox 1068 442 1121 462; x_wconf 89' lang='lat' dir='ltr'><strong>non</strong></span> <span class='ocrx_word' id='word_1_514' title='bbox 1136 436 1247 469; x_wconf 84' lang='lat' dir='ltr'><strong>perinde</strong></span> <span class='ocrx_word' id='word_1_515' title='bbox 1263 440 1344 470; x_wconf 84' lang='lat' dir='ltr'><strong>atque</strong></span> <span class='ocrx_word' id='word_1_516' title='bbox 1369 436 1524 469; x_wconf 82' lang='lat' dir='ltr'><strong>Samaritis,</strong></span> <span class='ocrx_word' id='word_1_517' title='bbox 1540 437 1660 465; x_wconf 84' lang='lat' dir='ltr'><strong>dicentes</strong></span> 
     </span>
    </p>
   </div>
   <div class='ocr_carea' id='block_1_63' title="bbox 878 481 1662 518">
    <p class='ocr_par' dir='ltr' id='par_1_63' title="bbox 878 481 1662 518">
     <span class='ocr_line' id='line_1_63' title="bbox 878 481 1662 518; baseline 0.005 -11"><span class='ocrx_word' id='word_1_518' title='bbox 878 485 998 516; x_wconf 88' lang='lat' dir='ltr'><strong>puteum.</strong></span> <span class='ocrx_word' id='word_1_519' title='bbox 1021 481 1088 508; x_wconf 76' lang='lat' dir='ltr'><strong>Nam</strong></span> <span class='ocrx_word' id='word_1_520' title='bbox 1115 481 1243 509; x_wconf 78' lang='lat' dir='ltr'><strong>Servatur</strong></span> <span class='ocrx_word' id='word_1_521' title='bbox 1264 482 1296 509; x_wconf 79' lang='lat' dir='ltr'><strong>ad</strong></span> <span class='ocrx_word' id='word_1_522' title='bbox 1319 482 1390 510; x_wconf 88' lang='lat' dir='ltr'><strong>illius</strong></span> <span class='ocrx_word' id='word_1_523' title='bbox 1415 484 1584 518; x_wconf 77' lang='lat' dir='ltr'><strong>respondens</strong></span> <span class='ocrx_word' id='word_1_524' title='bbox 1604 492 1662 511; x_wconf 81' lang='lat' dir='ltr'><strong>ser-</strong></span> 
     </span>
    </p>
   </div>
   <div class='ocr_carea' id='block_1_64' title="bbox 881 527 1660 566">
    <p class='ocr_par' dir='ltr' id='par_1_64' title="bbox 881 527 1660 566">
     <span class='ocr_line' id='line_1_64' title="bbox 881 527 1660 566; baseline 0.005 -13"><span class='ocrx_word' id='word_1_525' title='bbox 881 534 1000 559; x_wconf 89' lang='lat' dir='ltr'><strong>monem,</strong></span> <span class='ocrx_word' id='word_1_526' title='bbox 1027 535 1061 555; x_wconf 93' lang='lat' dir='ltr'><strong>ne</strong></span> <span class='ocrx_word' id='word_1_527' title='bbox 1087 535 1160 554; x_wconf 92' lang='lat' dir='ltr'><strong>nunc</strong></span> <span class='ocrx_word' id='word_1_528' title='bbox 1184 527 1292 562; x_wconf 86' lang='lat' dir='ltr'><strong>quidem</strong></span> <span class='ocrx_word' id='word_1_529' title='bbox 1311 537 1343 556; x_wconf 85' lang='lat' dir='ltr'><strong>ex</strong></span> <span class='ocrx_word' id='word_1_530' title='bbox 1363 533 1443 564; x_wconf 91' lang='lat' dir='ltr'><strong>puteo</strong></span> <span class='ocrx_word' id='word_1_531' title='bbox 1464 530 1549 564; x_wconf 91' lang='lat' dir='ltr'><strong>inquit</strong></span> <span class='ocrx_word' id='word_1_532' title='bbox 1562 537 1660 566; x_wconf 81' lang='lat' dir='ltr'><strong>aquam</strong></span> 
     </span>
    </p>
   </div>
   <div class='ocr_carea' id='block_1_65' title="bbox 877 573 1662 609">
    <p class='ocr_par' dir='ltr' id='par_1_65' title="bbox 877 573 1662 609">
     <span class='ocr_line' id='line_1_65' title="bbox 877 573 1662 609; baseline 0.004 -9"><span class='ocrx_word' id='word_1_533' title='bbox 877 580 950 605; x_wconf 82' lang='lat' dir='ltr'><strong>esse,</strong></span> <span class='ocrx_word' id='word_1_534' title='bbox 973 574 1019 600; x_wconf 90' lang='lat' dir='ltr'><strong>sed</strong></span> <span class='ocrx_word' id='word_1_535' title='bbox 1046 573 1210 608; x_wconf 78' lang='lat' dir='ltr'><strong>simpliciter</strong></span> <span class='ocrx_word' id='word_1_536' title='bbox 1229 574 1317 609; x_wconf 88' lang='lat' dir='ltr'><strong>inquit</strong></span> <span class='ocrx_word' id='word_1_537' title='bbox 1333 583 1340 603; x_wconf 91' lang='lat'>:</span> <span class='ocrx_word' id='word_1_538' title='bbox 1361 584 1371 601; x_wconf 84' lang='grc' dir='ltr'><strong>ι</strong></span> <span class='ocrx_word' id='word_1_539' title='bbox 1384 575 1479 604; x_wconf 81' lang='lat' dir='ltr'><strong>Omnis</strong></span> <span class='ocrx_word' id='word_1_540' title='bbox 1498 576 1542 609; x_wconf 90' lang='lat' dir='ltr'><strong>qui</strong></span> <span class='ocrx_word' id='word_1_541' title='bbox 1563 577 1662 604; x_wconf 87' lang='lat' dir='ltr'><strong>biberit</strong></span> 
     </span>
    </p>
   </div>
   <div class='ocr_carea' id='block_1_66' title="bbox 877 619 1660 654">
    <p class='ocr_par' dir='ltr' id='par_1_66' title="bbox 877 619 1660 654">
     <span class='ocr_line' id='line_1_66' title="bbox 877 619 1660 654; baseline 0.004 -9"><span class='ocrx_word' id='word_1_542' title='bbox 877 626 910 645; x_wconf 80' lang='lat' dir='ltr'><strong>ex</strong></span> <span class='ocrx_word' id='word_1_543' title='bbox 927 626 995 653; x_wconf 86' lang='lat' dir='ltr'><strong>aqua</strong></span> <span class='ocrx_word' id='word_1_544' title='bbox 1010 619 1072 652; x_wconf 83' lang='lat' dir='ltr'><strong>hac,</strong></span> <span class='ocrx_word' id='word_1_545' title='bbox 1087 619 1162 646; x_wconf 77' lang='lat' dir='ltr'><strong>sitiet</strong></span> <span class='ocrx_word' id='word_1_546' title='bbox 1177 620 1275 647; x_wconf 78' lang='lat' dir='ltr'><strong>iterum</strong></span> <span class='ocrx_word' id='word_1_547' title='bbox 1285 621 1318 649; x_wconf 80' lang='lat'><strong>&quot;.</strong></span> <span class='ocrx_word' id='word_1_548' title='bbox 1337 631 1346 647; x_wconf 76' lang='grc' dir='ltr'><strong>ι</strong></span> <span class='ocrx_word' id='word_1_549' title='bbox 1363 621 1439 654; x_wconf 81' lang='lat' dir='ltr'><strong>Quod</strong></span> <span class='ocrx_word' id='word_1_550' title='bbox 1463 623 1485 648; x_wconf 93' lang='lat' dir='ltr'><strong>si</strong></span> <span class='ocrx_word' id='word_1_551' title='bbox 1506 621 1607 649; x_wconf 84' lang='lat' dir='ltr'><strong>bibenti</strong></span> <span class='ocrx_word' id='word_1_552' title='bbox 1627 629 1660 648; x_wconf 82' lang='lat' dir='ltr'><strong>ex</strong></span> 
     </span>
    </p>
   </div>
   <div class='ocr_carea' id='block_1_67' title="bbox 877 664 1659 702">
    <p class='ocr_par' dir='ltr' id='par_1_67' title="bbox 877 664 1659 702">
     <span class='ocr_line' id='line_1_67' title="bbox 877 664 1659 702; baseline 0.004 -11"><span class='ocrx_word' id='word_1_553' title='bbox 877 665 921 692; x_wconf 90' lang='lat' dir='ltr'><strong>illo</strong></span> <span class='ocrx_word' id='word_1_554' title='bbox 936 664 1010 692; x_wconf 75' lang='lat' dir='ltr'><strong>ferite</strong></span> <span class='ocrx_word' id='word_1_555' title='bbox 1036 665 1108 692; x_wconf 86' lang='lat' dir='ltr'><strong>nulla</strong></span> <span class='ocrx_word' id='word_1_556' title='bbox 1129 666 1300 700; x_wconf 82' lang='lat' dir='ltr'><strong>provenisset</strong></span> <span class='ocrx_word' id='word_1_557' title='bbox 1324 667 1438 700; x_wconf 88' lang='lat' dir='ltr'><strong>utilitas,</strong></span> <span class='ocrx_word' id='word_1_558' title='bbox 1452 668 1659 702; x_wconf 73' lang='lat' dir='ltr'><strong>haudquaquam</strong></span> 
     </span>
    </p>
   </div>
   <div class='ocr_carea' id='block_1_68' title="bbox 876 710 1662 748">
    <p class='ocr_par' dir='ltr' id='par_1_68' title="bbox 876 710 1662 748">
     <span class='ocr_line' id='line_1_68' title="bbox 876 710 1662 748; baseline 0.004 -11"><span class='ocrx_word' id='word_1_559' title='bbox 876 717 1001 737; x_wconf 77' lang='lat' dir='ltr'><strong>sessurus</strong></span> <span class='ocrx_word' id='word_1_560' title='bbox 1015 710 1103 738; x_wconf 78' lang='lat' dir='ltr'><strong>luerat</strong></span> <span class='ocrx_word' id='word_1_561' title='bbox 1119 712 1188 746; x_wconf 85' lang='lat' dir='ltr'><strong>apud</strong></span> <span class='ocrx_word' id='word_1_562' title='bbox 1205 711 1308 740; x_wconf 81' lang='lat' dir='ltr'><strong>fontem</strong></span> <span class='ocrx_word' id='word_1_563' title='bbox 1325 712 1413 745; x_wconf 80' lang='lat' dir='ltr'><strong>Iesus,</strong></span> <span class='ocrx_word' id='word_1_564' title='bbox 1432 720 1518 748; x_wconf 84' lang='lat' dir='ltr'><strong>neque.</strong></span> <span class='ocrx_word' id='word_1_565' title='bbox 1541 713 1662 740; x_wconf 86' lang='lat' dir='ltr'><strong>dicturus</strong></span> 
     </span>
    </p>
   </div>
   <div class='ocr_carea' id='block_1_69' title="bbox 880 756 1662 793">
    <p class='ocr_par' dir='ltr' id='par_1_69' title="bbox 880 756 1662 793">
     <span class='ocr_line' id='line_1_69' title="bbox 880 756 1662 793; baseline 0.004 -9"><span class='ocrx_word' id='word_1_566' title='bbox 880 756 1036 784; x_wconf 85' lang='lat' dir='ltr'><strong>Samaritidl</strong></span> <span class='ocrx_word' id='word_1_567' title='bbox 1060 765 1094 784; x_wconf 75' lang='grc' dir='ltr'><strong>ει</strong></span> <span class='ocrx_word' id='word_1_568' title='bbox 1111 757 1147 785; x_wconf 87' lang='lat' dir='ltr'><strong>Da</strong></span> <span class='ocrx_word' id='word_1_569' title='bbox 1175 758 1239 785; x_wconf 90' lang='lat' dir='ltr'><strong>mihi</strong></span> <span class='ocrx_word' id='word_1_570' title='bbox 1260 759 1330 793; x_wconf 88' lang='lat' dir='ltr'><strong>quod</strong></span> <span class='ocrx_word' id='word_1_571' title='bbox 1363 759 1450 786; x_wconf 86' lang='lat' dir='ltr'><strong>bibam</strong></span> <span class='ocrx_word' id='word_1_572' title='bbox 1460 760 1492 786; x_wconf 73' lang='grc'><strong>⁸⁷.</strong></span> <span class='ocrx_word' id='word_1_573' title='bbox 1508 768 1517 785; x_wconf 74' lang='grc' dir='ltr'>ι</span> <span class='ocrx_word' id='word_1_574' title='bbox 1546 759 1662 787; x_wconf 84' lang='lat' dir='ltr'><strong>Proinde</strong></span> 
     </span>
    </p>
   </div>
   <div class='ocr_carea' id='block_1_70' title="bbox 876 802 1662 840">
    <p class='ocr_par' dir='ltr' id='par_1_70' title="bbox 876 802 1662 840">
     <span class='ocr_line' id='line_1_70' title="bbox 876 802 1662 840; baseline 0.006 -11"><span class='ocrx_word' id='word_1_575' title='bbox 876 802 1074 830; x_wconf 82' lang='lat' dir='ltr'><strong>observandum</strong></span> <span class='ocrx_word' id='word_1_576' title='bbox 1103 808 1165 835; x_wconf 84' lang='lat' dir='ltr'><strong>est,</strong></span> <span class='ocrx_word' id='word_1_577' title='bbox 1198 805 1425 838; x_wconf 82' lang='lat' dir='ltr'><strong>quemadmodum</strong></span> <span class='ocrx_word' id='word_1_578' title='bbox 1450 807 1551 840; x_wconf 88' lang='lat' dir='ltr'><strong>petenti</strong></span> <span class='ocrx_word' id='word_1_579' title='bbox 1584 814 1599 833; x_wconf 89' lang='lat' dir='ltr'><strong>a</strong></span> <span class='ocrx_word' id='word_1_580' title='bbox 1633 814 1662 834; x_wconf 80' lang='lat' dir='ltr'><strong>se</strong></span> 
     </span>
    </p>
   </div>
   <div class='ocr_carea' id='block_1_71' title="bbox 877 849 1659 885">
    <p class='ocr_par' dir='ltr' id='par_1_71' title="bbox 877 849 1659 885">
     <span class='ocr_line' id='line_1_71' title="bbox 877 849 1659 885; baseline 0.006 -10"><span class='ocrx_word' id='word_1_581' title='bbox 877 856 974 884; x_wconf 86' lang='lat' dir='ltr'><strong>aquam</strong></span> <span class='ocrx_word' id='word_1_582' title='bbox 989 849 1147 877; x_wconf 84' lang='lat' dir='ltr'><strong>Samaritidi</strong></span> <span class='ocrx_word' id='word_1_583' title='bbox 1173 858 1225 877; x_wconf 89' lang='lat' dir='ltr'><strong>non</strong></span> <span class='ocrx_word' id='word_1_584' title='bbox 1243 851 1306 878; x_wconf 90' lang='lat' dir='ltr'><strong>alibi</strong></span> <span class='ocrx_word' id='word_1_585' title='bbox 1324 851 1479 885; x_wconf 84' lang='lat' dir='ltr'><strong>promiserit</strong></span> <span class='ocrx_word' id='word_1_586' title='bbox 1495 851 1573 880; x_wconf 86' lang='lat' dir='ltr'><strong>Iesus</strong></span> <span class='ocrx_word' id='word_1_587' title='bbox 1588 853 1659 880; x_wconf 84' lang='lat' dir='ltr'><strong>illam</strong></span> 
     </span>
    </p>
   </div>
   <div class='ocr_carea' id='block_1_72' title="bbox 877 894 1659 931">
    <p class='ocr_par' dir='ltr' id='par_1_72' title="bbox 877 894 1659 931">
     <span class='ocr_line' id='line_1_72' title="bbox 877 894 1659 931; baseline 0.004 -9"><span class='ocrx_word' id='word_1_588' title='bbox 877 901 906 922; x_wconf 85' lang='lat' dir='ltr'><strong>se</strong></span> <span class='ocrx_word' id='word_1_589' title='bbox 921 895 1044 921; x_wconf 88' lang='lat' dir='ltr'><strong>daturmn</strong></span> <span class='ocrx_word' id='word_1_590' title='bbox 1059 901 1140 929; x_wconf 88' lang='lat' dir='ltr'><strong>quam</strong></span> <span class='ocrx_word' id='word_1_591' title='bbox 1155 895 1224 929; x_wconf 81' lang='lat' dir='ltr'><strong>apud</strong></span> <span class='ocrx_word' id='word_1_592' title='bbox 1241 894 1354 927; x_wconf 79' lang='lat' dir='ltr'><strong>fontem,</strong></span> <span class='ocrx_word' id='word_1_593' title='bbox 1366 896 1458 924; x_wconf 85' lang='lat' dir='ltr'><strong>dicens</strong></span> <span class='ocrx_word' id='word_1_594' title='bbox 1474 896 1510 923; x_wconf 89' lang='lat' dir='ltr'><strong>illi</strong></span> <span class='ocrx_word' id='word_1_595' title='bbox 1526 904 1534 924; x_wconf 73' lang='grc' dir='ltr'><em>τ</em></span> <span class='ocrx_word' id='word_1_596' title='bbox 1553 906 1561 922; x_wconf 85' lang='grc' dir='ltr'><strong>ι</strong></span> <span class='ocrx_word' id='word_1_597' title='bbox 1577 897 1659 931; x_wconf 81' lang='lat' dir='ltr'><strong>Vade.</strong></span> 
     </span>
    </p>
   </div>
   <div class='ocr_carea' id='block_1_73' title="bbox 877 940 1393 974">
    <p class='ocr_par' dir='ltr' id='par_1_73' title="bbox 877 940 1393 974">
     <span class='ocr_line' id='line_1_73' title="bbox 877 940 1393 974; baseline 0.002 -7"><span class='ocrx_word' id='word_1_598' title='bbox 877 947 941 968; x_wconf 83' lang='lat' dir='ltr'><strong>voca</strong></span> <span class='ocrx_word' id='word_1_599' title='bbox 958 940 1043 968; x_wconf 83' lang='lat' dir='ltr'><strong>virum</strong></span> <span class='ocrx_word' id='word_1_600' title='bbox 1059 945 1144 974; x_wconf 90' lang='lat' dir='ltr'><strong>tuum,</strong></span> <span class='ocrx_word' id='word_1_601' title='bbox 1156 947 1184 968; x_wconf 91' lang='lat' dir='ltr'><strong>et</strong></span> <span class='ocrx_word' id='word_1_602' title='bbox 1201 941 1260 969; x_wconf 86' lang='lat' dir='ltr'><strong>veni</strong></span> <span class='ocrx_word' id='word_1_603' title='bbox 1277 942 1330 969; x_wconf 88' lang='lat' dir='ltr'><strong>hue</strong></span> <span class='ocrx_word' id='word_1_604' title='bbox 1338 942 1370 968; x_wconf 63' lang='grc' dir='ltr'><strong>δ’.</strong></span> <span class='ocrx_word' id='word_1_605' title='bbox 1386 952 1393 968; x_wconf 80' lang='lat' dir='ltr'><strong>i</strong></span> 
     </span>
    </p>
   </div>
   <div class='ocr_carea' id='block_1_74' title="bbox 910 1032 1657 1069">
    <p class='ocr_par' dir='ltr' id='par_1_74' title="bbox 910 1032 1657 1069">
     <span class='ocr_line' id='line_1_74' title="bbox 910 1032 1657 1069; baseline 0.004 -9"><span class='ocrx_word' id='word_1_606' title='bbox 910 1033 937 1060; x_wconf 84' lang='lat'><strong>5.</strong></span> <span class='ocrx_word' id='word_1_607' title='bbox 958 1032 1053 1061; x_wconf 84' lang='lat' dir='ltr'><strong>Adbuc</strong></span> <span class='ocrx_word' id='word_1_608' title='bbox 1068 1038 1158 1060; x_wconf 74' lang='lat' dir='ltr'><strong>autem</strong></span> <span class='ocrx_word' id='word_1_609' title='bbox 1177 1033 1354 1068; x_wconf 84' lang='lat' dir='ltr'><strong>inspiciamus</strong></span> <span class='ocrx_word' id='word_1_610' title='bbox 1368 1042 1431 1061; x_wconf 86' lang='lat' dir='ltr'><strong>Imm</strong></span> <span class='ocrx_word' id='word_1_611' title='bbox 1443 1035 1505 1069; x_wconf 85' lang='lat' dir='ltr'><strong>quia</strong></span> <span class='ocrx_word' id='word_1_612' title='bbox 1518 1037 1563 1069; x_wconf 81' lang='lat' dir='ltr'><strong>qui</strong></span> <span class='ocrx_word' id='word_1_613' title='bbox 1580 1036 1657 1063; x_wconf 88' lang='lat' dir='ltr'><strong>bibe-</strong></span> 
     </span>
    </p>
   </div>
   <div class='ocr_carea' id='block_1_75' title="bbox 875 1077 1659 1114">
    <p class='ocr_par' dir='ltr' id='par_1_75' title="bbox 875 1077 1659 1114">
     <span class='ocr_line' id='line_1_75' title="bbox 875 1077 1659 1114; baseline 0.006 -10"><span class='ocrx_word' id='word_1_614' title='bbox 875 1077 911 1105; x_wconf 89' lang='lat' dir='ltr'><strong>rit</strong></span> <span class='ocrx_word' id='word_1_615' title='bbox 921 1086 953 1105; x_wconf 81' lang='lat' dir='ltr'><strong>ex</strong></span> <span class='ocrx_word' id='word_1_616' title='bbox 969 1078 1044 1105; x_wconf 73' lang='lat' dir='ltr'><strong>fonte</strong></span> <span class='ocrx_word' id='word_1_617' title='bbox 1062 1078 1157 1111; x_wconf 86' lang='lat' dir='ltr'><strong>Iacob,</strong></span> <span class='ocrx_word' id='word_1_618' title='bbox 1173 1079 1248 1106; x_wconf 83' lang='lat' dir='ltr'><strong>sitiat</strong></span> <span class='ocrx_word' id='word_1_619' title='bbox 1272 1079 1385 1112; x_wconf 81' lang='lat' dir='ltr'><strong>iterum;</strong></span> <span class='ocrx_word' id='word_1_620' title='bbox 1412 1080 1456 1114; x_wconf 91' lang='lat' dir='ltr'><strong>qui</strong></span> <span class='ocrx_word' id='word_1_621' title='bbox 1476 1087 1540 1107; x_wconf 77' lang='lat' dir='ltr'><strong>vero</strong></span> <span class='ocrx_word' id='word_1_622' title='bbox 1561 1080 1659 1109; x_wconf 85' lang='lat' dir='ltr'><strong>biberit</strong></span> 
     </span>
    </p>
   </div>
   <div class='ocr_carea' id='block_1_76' title="bbox 875 1125 1659 1160">
    <p class='ocr_par' dir='ltr' id='par_1_76' title="bbox 875 1125 1659 1160">
     <span class='ocr_line' id='line_1_76' title="bbox 875 1125 1659 1160; baseline 0.005 -10"><span class='ocrx_word' id='word_1_623' title='bbox 875 1131 906 1151; x_wconf 74' lang='lat' dir='ltr'><strong>ex</strong></span> <span class='ocrx_word' id='word_1_624' title='bbox 931 1131 998 1158; x_wconf 87' lang='lat' dir='ltr'><strong>aqua</strong></span> <span class='ocrx_word' id='word_1_625' title='bbox 1021 1132 1102 1159; x_wconf 79' lang='lat' dir='ltr'><strong>quam</strong></span> <span class='ocrx_word' id='word_1_626' title='bbox 1122 1125 1265 1156; x_wconf 83' lang='lat' dir='ltr'><strong>datIesns,</strong></span> <span class='ocrx_word' id='word_1_627' title='bbox 1283 1125 1384 1153; x_wconf 74' lang='lat' dir='ltr'><strong>fontem</strong></span> <span class='ocrx_word' id='word_1_628' title='bbox 1404 1126 1430 1152; x_wconf 93' lang='lat' dir='ltr'><strong>in</strong></span> <span class='ocrx_word' id='word_1_629' title='bbox 1455 1127 1544 1160; x_wconf 80' lang='lat' dir='ltr'><strong>seipse</strong></span> <span class='ocrx_word' id='word_1_630' title='bbox 1561 1127 1659 1154; x_wconf 83' lang='lat' dir='ltr'><strong>babeat</strong></span> 
     </span>
    </p>
   </div>
   <div class='ocr_carea' id='block_1_77' title="bbox 875 1169 1661 1206">
    <p class='ocr_par' dir='ltr' id='par_1_77' title="bbox 875 1169 1661 1206">
     <span class='ocr_line' id='line_1_77' title="bbox 875 1169 1661 1206; baseline 0.005 -10"><span class='ocrx_word' id='word_1_631' title='bbox 875 1177 951 1204; x_wconf 71' lang='lat' dir='ltr'><strong>aqum</strong></span> <span class='ocrx_word' id='word_1_632' title='bbox 965 1169 1085 1197; x_wconf 78' lang='lat' dir='ltr'><strong>salientis</strong></span> <span class='ocrx_word' id='word_1_633' title='bbox 1103 1170 1135 1196; x_wconf 84' lang='lat' dir='ltr'><strong>ad</strong></span> <span class='ocrx_word' id='word_1_634' title='bbox 1158 1170 1239 1196; x_wconf 81' lang='lat' dir='ltr'><strong>vitam</strong></span> <span class='ocrx_word' id='word_1_635' title='bbox 1261 1175 1402 1203; x_wconf 61' lang='lat' dir='ltr'><strong>mternam,</strong></span> <span class='ocrx_word' id='word_1_636' title='bbox 1419 1171 1492 1198; x_wconf 91' lang='lat' dir='ltr'><strong>innui</strong></span> <span class='ocrx_word' id='word_1_637' title='bbox 1516 1172 1599 1206; x_wconf 89' lang='lat' dir='ltr'><strong>possit</strong></span> <span class='ocrx_word' id='word_1_638' title='bbox 1621 1173 1661 1200; x_wconf 79' lang='lat' dir='ltr'><strong>di-</strong></span> 
     </span>
    </p>
   </div>
   <div class='ocr_carea' id='block_1_78' title="bbox 876 1214 1659 1250">
    <p class='ocr_par' dir='ltr' id='par_1_78' title="bbox 876 1214 1659 1250">
     <span class='ocr_line' id='line_1_78' title="bbox 876 1214 1659 1250; baseline 0.005 -10"><span class='ocrx_word' id='word_1_639' title='bbox 876 1221 978 1241; x_wconf 76' lang='lat' dir='ltr'><strong>versam</strong></span> <span class='ocrx_word' id='word_1_640' title='bbox 990 1221 1051 1241; x_wconf 81' lang='lat' dir='ltr'><strong>esse</strong></span> <span class='ocrx_word' id='word_1_641' title='bbox 1065 1214 1208 1241; x_wconf 82' lang='lat' dir='ltr'><strong>utilitatem</strong></span> <span class='ocrx_word' id='word_1_642' title='bbox 1224 1221 1317 1241; x_wconf 90' lang='lat' dir='ltr'><strong>eorum</strong></span> <span class='ocrx_word' id='word_1_643' title='bbox 1333 1215 1377 1249; x_wconf 92' lang='lat' dir='ltr'><strong>qui</strong></span> <span class='ocrx_word' id='word_1_644' title='bbox 1396 1222 1456 1242; x_wconf 88' lang='lat' dir='ltr'><strong>cutn</strong></span> <span class='ocrx_word' id='word_1_645' title='bbox 1474 1216 1530 1250; x_wconf 81' lang='lat' dir='ltr'><strong>ipsa</strong></span> <span class='ocrx_word' id='word_1_646' title='bbox 1543 1216 1659 1244; x_wconf 82' lang='lat' dir='ltr'><strong>veritate</strong></span> 
     </span>
    </p>
   </div>
   <div class='ocr_carea' id='block_1_79' title="bbox 874 1259 1654 1295">
    <p class='ocr_par' dir='ltr' id='par_1_79' title="bbox 874 1259 1654 1295">
     <span class='ocr_line' id='line_1_79' title="bbox 874 1259 1654 1295; baseline 0.006 -9"><span class='ocrx_word' id='word_1_647' title='bbox 874 1259 1094 1287; x_wconf 85' lang='lat' dir='ltr'><strong>consuetudinem</strong></span> <span class='ocrx_word' id='word_1_648' title='bbox 1126 1259 1245 1287; x_wconf 85' lang='lat' dir='ltr'><strong>habuere</strong></span> <span class='ocrx_word' id='word_1_649' title='bbox 1271 1260 1445 1295; x_wconf 82' lang='lat' dir='ltr'><strong>liabiturique</strong></span> <span class='ocrx_word' id='word_1_650' title='bbox 1467 1266 1546 1294; x_wconf 83' lang='lat' dir='ltr'><strong>sunt,</strong></span> <span class='ocrx_word' id='word_1_651' title='bbox 1570 1262 1604 1289; x_wconf 85' lang='lat' dir='ltr'><strong>ab</strong></span> <span class='ocrx_word' id='word_1_652' title='bbox 1621 1270 1654 1292; x_wconf 77' lang='lat' dir='ltr'><strong>ea</strong></span> 
     </span>
    </p>
   </div>
   <div class='ocr_carea' id='block_1_80' title="bbox 874 1304 1658 1339">
    <p class='ocr_par' dir='ltr' id='par_1_80' title="bbox 874 1304 1658 1339">
     <span class='ocr_line' id='line_1_80' title="bbox 874 1304 1658 1339; baseline 0.001 -9"><span class='ocrx_word' id='word_1_653' title='bbox 874 1304 988 1331; x_wconf 84' lang='lat' dir='ltr'><strong>utilitate</strong></span> <span class='ocrx_word' id='word_1_654' title='bbox 1011 1311 1092 1339; x_wconf 81' lang='lat' dir='ltr'><strong>quam</strong></span> <span class='ocrx_word' id='word_1_655' title='bbox 1111 1304 1189 1331; x_wconf 88' lang='lat' dir='ltr'><strong>nobis</strong></span> <span class='ocrx_word' id='word_1_656' title='bbox 1216 1304 1281 1331; x_wconf 89' lang='lat' dir='ltr'><strong>oriri</strong></span> <span class='ocrx_word' id='word_1_657' title='bbox 1308 1304 1495 1332; x_wconf 84' lang='lat' dir='ltr'><strong>existimamus</strong></span> <span class='ocrx_word' id='word_1_658' title='bbox 1517 1313 1550 1333; x_wconf 79' lang='lat' dir='ltr'><strong>ex</strong></span> <span class='ocrx_word' id='word_1_659' title='bbox 1581 1305 1658 1333; x_wconf 85' lang='lat' dir='ltr'><strong>Scri-</strong></span> 
     </span>
    </p>
   </div>
   <div class='ocr_carea' id='block_1_81' title="bbox 873 1349 1658 1386">
    <p class='ocr_par' dir='ltr' id='par_1_81' title="bbox 873 1349 1658 1386">
     <span class='ocr_line' id='line_1_81' title="bbox 873 1349 1658 1386; baseline 0.004 -11"><span class='ocrx_word' id='word_1_660' title='bbox 873 1349 972 1384; x_wconf 87' lang='lat' dir='ltr'><strong>pturis,</strong></span> <span class='ocrx_word' id='word_1_661' title='bbox 990 1349 1096 1376; x_wconf 88' lang='lat' dir='ltr'><strong>etiamsi</strong></span> <span class='ocrx_word' id='word_1_662' title='bbox 1117 1354 1244 1376; x_wconf 81' lang='lat' dir='ltr'><strong>accurate</strong></span> <span class='ocrx_word' id='word_1_663' title='bbox 1270 1349 1413 1376; x_wconf 78' lang='lat' dir='ltr'><strong>intellectze</strong></span> <span class='ocrx_word' id='word_1_664' title='bbox 1436 1349 1557 1383; x_wconf 81' lang='lat' dir='ltr'><strong>fuerint;</strong></span> <span class='ocrx_word' id='word_1_665' title='bbox 1576 1351 1658 1386; x_wconf 73' lang='lat'><strong>213</strong></span> 
     </span>
    </p>
   </div>
   <div class='ocr_carea' id='block_1_82' title="bbox 873 1394 1657 1430">
    <p class='ocr_par' dir='ltr' id='par_1_82' title="bbox 873 1394 1657 1430">
     <span class='ocr_line' id='line_1_82' title="bbox 873 1394 1657 1430; baseline 0.004 -9"><span class='ocrx_word' id='word_1_666' title='bbox 873 1394 1026 1429; x_wconf 70' lang='lat' dir='ltr'><strong>praeScrtim</strong></span> <span class='ocrx_word' id='word_1_667' title='bbox 1042 1402 1103 1422; x_wconf 86' lang='lat' dir='ltr'><strong>cum</strong></span> <span class='ocrx_word' id='word_1_668' title='bbox 1123 1395 1245 1430; x_wconf 66' lang='lat' dir='ltr'><strong>quaedam</strong></span> <span class='ocrx_word' id='word_1_669' title='bbox 1273 1402 1306 1422; x_wconf 79' lang='lat' dir='ltr'><strong>ex</strong></span> <span class='ocrx_word' id='word_1_670' title='bbox 1331 1395 1567 1430; x_wconf 84' lang='lat' dir='ltr'><strong>principalioribus</strong></span> <span class='ocrx_word' id='word_1_671' title='bbox 1587 1398 1657 1424; x_wconf 86' lang='lat' dir='ltr'><strong>divi-</strong></span> 
     </span>
    </p>
   </div>
   <div class='ocr_carea' id='block_1_83' title="bbox 873 1440 1657 1476">
    <p class='ocr_par' dir='ltr' id='par_1_83' title="bbox 873 1440 1657 1476">
     <span class='ocr_line' id='line_1_83' title="bbox 873 1440 1657 1476; baseline 0.004 -10"><span class='ocrx_word' id='word_1_672' title='bbox 873 1440 1048 1475; x_wconf 87' lang='lat' dir='ltr'><strong>nioribusque</strong></span> <span class='ocrx_word' id='word_1_673' title='bbox 1058 1440 1104 1468; x_wconf 86' lang='lat' dir='ltr'><strong>Dei</strong></span> <span class='ocrx_word' id='word_1_674' title='bbox 1118 1440 1254 1475; x_wconf 84' lang='lat' dir='ltr'><strong>mysteriis</strong></span> <span class='ocrx_word' id='word_1_675' title='bbox 1266 1448 1316 1468; x_wconf 90' lang='lat' dir='ltr'><strong>nec</strong></span> <span class='ocrx_word' id='word_1_676' title='bbox 1329 1447 1427 1475; x_wconf 81' lang='lat' dir='ltr'><strong>capere</strong></span> <span class='ocrx_word' id='word_1_677' title='bbox 1447 1442 1567 1476; x_wconf 83' lang='lat' dir='ltr'><strong>potuerit</strong></span> <span class='ocrx_word' id='word_1_678' title='bbox 1579 1442 1657 1469; x_wconf 84' lang='lat' dir='ltr'><strong>Scri-</strong></span> 
     </span>
    </p>
   </div>
   <div class='ocr_carea' id='block_1_84' title="bbox 873 1488 1658 1523">
    <p class='ocr_par' dir='ltr' id='par_1_84' title="bbox 873 1488 1658 1523">
     <span class='ocr_line' id='line_1_84' title="bbox 873 1488 1658 1523; baseline 0 -8"><span class='ocrx_word' id='word_1_679' title='bbox 873 1492 961 1522; x_wconf 86' lang='lat' dir='ltr'><strong>ptura,</strong></span> <span class='ocrx_word' id='word_1_680' title='bbox 974 1488 1096 1522; x_wconf 69' lang='lat' dir='ltr'><strong>quaedam</strong></span> <span class='ocrx_word' id='word_1_681' title='bbox 1113 1488 1195 1515; x_wconf 87' lang='lat' dir='ltr'><strong>etiam</strong></span> <span class='ocrx_word' id='word_1_682' title='bbox 1219 1496 1268 1515; x_wconf 89' lang='lat' dir='ltr'><strong>nec</strong></span> <span class='ocrx_word' id='word_1_683' title='bbox 1284 1495 1332 1514; x_wconf 81' lang='lat' dir='ltr'><strong>vox</strong></span> <span class='ocrx_word' id='word_1_684' title='bbox 1352 1488 1468 1514; x_wconf 85' lang='lat' dir='ltr'><strong>lmmana</strong></span> <span class='ocrx_word' id='word_1_685' title='bbox 1483 1497 1489 1514; x_wconf 89' lang='lat'>:</span> <span class='ocrx_word' id='word_1_686' title='bbox 1507 1495 1568 1515; x_wconf 84' lang='lat' dir='ltr'><strong>nam</strong></span> <span class='ocrx_word' id='word_1_687' title='bbox 1583 1495 1658 1523; x_wconf 76' lang='lat' dir='ltr'><strong>qum—</strong></span> 
     </span>
    </p>
   </div>
   <div class='ocr_carea' id='block_1_85' title="bbox 872 1532 1656 1568">
    <p class='ocr_par' dir='ltr' id='par_1_85' title="bbox 872 1532 1656 1568">
     <span class='ocr_line' id='line_1_85' title="bbox 872 1532 1656 1568; baseline 0.001 -9"><span class='ocrx_word' id='word_1_688' title='bbox 872 1532 933 1559; x_wconf 86' lang='lat' dir='ltr'><strong>dam</strong></span> <span class='ocrx_word' id='word_1_689' title='bbox 950 1532 1163 1567; x_wconf 79' lang='lat' dir='ltr'><strong>signiﬁcationes</strong></span> <span class='ocrx_word' id='word_1_690' title='bbox 1180 1534 1277 1560; x_wconf 72' lang='lat' dir='ltr'><strong>divinae</strong></span> <span class='ocrx_word' id='word_1_691' title='bbox 1291 1540 1352 1560; x_wconf 88' lang='lat' dir='ltr'><strong>cum</strong></span> <span class='ocrx_word' id='word_1_692' title='bbox 1370 1534 1435 1566; x_wconf 85' lang='lat' dir='ltr'><strong>sint,</strong></span> <span class='ocrx_word' id='word_1_693' title='bbox 1447 1534 1537 1568; x_wconf 76' lang='lat' dir='ltr'><strong>lingua</strong></span> <span class='ocrx_word' id='word_1_694' title='bbox 1550 1538 1591 1560; x_wconf 83' lang='lat' dir='ltr'><strong>cst</strong></span> <span class='ocrx_word' id='word_1_695' title='bbox 1605 1535 1656 1560; x_wconf 88' lang='lat' dir='ltr'><strong>hu-</strong></span> 
     </span>
    </p>
   </div>
   <div class='ocr_carea' id='block_1_86' title="bbox 873 1578 1657 1614">
    <p class='ocr_par' dir='ltr' id='par_1_86' title="bbox 873 1578 1657 1614">
     <span class='ocr_line' id='line_1_86' title="bbox 873 1578 1657 1614; baseline 0.001 -9"><span class='ocrx_word' id='word_1_696' title='bbox 873 1586 970 1605; x_wconf 87' lang='lat' dir='ltr'><strong>mana:</strong></span> <span class='ocrx_word' id='word_1_697' title='bbox 987 1587 996 1604; x_wconf 85' lang='grc' dir='ltr'><strong>ι</strong></span> <span class='ocrx_word' id='word_1_698' title='bbox 1020 1579 1090 1606; x_wconf 90' lang='lat' dir='ltr'><strong>Sunt</strong></span> <span class='ocrx_word' id='word_1_699' title='bbox 1111 1587 1228 1614; x_wconf 81' lang='lat' dir='ltr'><strong>namque</strong></span> <span class='ocrx_word' id='word_1_700' title='bbox 1254 1584 1281 1606; x_wconf 89' lang='lat' dir='ltr'><strong>et</strong></span> <span class='ocrx_word' id='word_1_701' title='bbox 1307 1579 1359 1606; x_wconf 80' lang='lat' dir='ltr'><strong>alia</strong></span> <span class='ocrx_word' id='word_1_702' title='bbox 1398 1579 1479 1606; x_wconf 86' lang='lat' dir='ltr'><strong>multa</strong></span> <span class='ocrx_word' id='word_1_703' title='bbox 1504 1586 1566 1614; x_wconf 71' lang='lat' dir='ltr'><strong>quae</strong></span> <span class='ocrx_word' id='word_1_704' title='bbox 1591 1578 1657 1606; x_wconf 79' lang='lat' dir='ltr'><strong>fecit</strong></span> 
     </span>
    </p>
   </div>
   <div class='ocr_carea' id='block_1_87' title="bbox 871 1624 1655 1660">
    <p class='ocr_par' dir='ltr' id='par_1_87' title="bbox 871 1624 1655 1660">
     <span class='ocr_line' id='line_1_87' title="bbox 871 1624 1655 1660; baseline 0.001 -9"><span class='ocrx_word' id='word_1_705' title='bbox 871 1624 962 1657; x_wconf 78' lang='lat' dir='ltr'><strong>Iesus.</strong></span> <span class='ocrx_word' id='word_1_706' title='bbox 978 1633 1038 1660; x_wconf 71' lang='lat' dir='ltr'><strong>qua:</strong></span> <span class='ocrx_word' id='word_1_707' title='bbox 1051 1625 1207 1660; x_wconf 76' lang='lat' dir='ltr'><strong>singulatim</strong></span> <span class='ocrx_word' id='word_1_708' title='bbox 1219 1626 1241 1652; x_wconf 85' lang='lat' dir='ltr'><strong>si</strong></span> <span class='ocrx_word' id='word_1_709' title='bbox 1259 1626 1423 1658; x_wconf 82' lang='lat' dir='ltr'><strong>scribantur,</strong></span> <span class='ocrx_word' id='word_1_710' title='bbox 1438 1633 1487 1653; x_wconf 92' lang='lat' dir='ltr'><strong>nec</strong></span> <span class='ocrx_word' id='word_1_711' title='bbox 1505 1626 1591 1660; x_wconf 88' lang='lat' dir='ltr'><strong>ipsum</strong></span> <span class='ocrx_word' id='word_1_712' title='bbox 1603 1627 1655 1652; x_wconf 56' lang='grc' dir='ltr'><strong>ιι·-</strong></span> 
     </span>
    </p>
   </div>
   <div class='ocr_carea' id='block_1_88' title="bbox 872 1670 1655 1706">
    <p class='ocr_par' dir='ltr' id='par_1_88' title="bbox 872 1670 1655 1706">
     <span class='ocr_line' id='line_1_88' title="bbox 872 1670 1655 1706; baseline 0.001 -9"><span class='ocrx_word' id='word_1_713' title='bbox 872 1670 958 1697; x_wconf 87' lang='lat' dir='ltr'><strong>bitror</strong></span> <span class='ocrx_word' id='word_1_714' title='bbox 983 1671 1111 1698; x_wconf 88' lang='lat' dir='ltr'><strong>mundum</strong></span> <span class='ocrx_word' id='word_1_715' title='bbox 1139 1677 1300 1706; x_wconf 82' lang='lat' dir='ltr'><strong>capturum,</strong></span> <span class='ocrx_word' id='word_1_716' title='bbox 1327 1672 1372 1706; x_wconf 90' lang='lat' dir='ltr'><strong>qui</strong></span> <span class='ocrx_word' id='word_1_717' title='bbox 1400 1672 1596 1703; x_wconf 82' lang='lat' dir='ltr'><strong>scriberentur,</strong></span> <span class='ocrx_word' id='word_1_718' title='bbox 1622 1671 1655 1698; x_wconf 89' lang='lat' dir='ltr'><strong>li-</strong></span> 
     </span>
    </p>
   </div>
   <div class='ocr_carea' id='block_1_89' title="bbox 871 1716 1658 1752">
    <p class='ocr_par' dir='ltr' id='par_1_89' title="bbox 871 1716 1658 1752">
     <span class='ocr_line' id='line_1_89' title="bbox 871 1716 1658 1752; baseline 0.003 -9"><span class='ocrx_word' id='word_1_719' title='bbox 871 1717 935 1744; x_wconf 88' lang='lat' dir='ltr'><strong>bros</strong></span> <span class='ocrx_word' id='word_1_720' title='bbox 946 1716 979 1743; x_wconf 64' lang='lat'><strong>‘9.</strong></span> <span class='ocrx_word' id='word_1_721' title='bbox 995 1726 1005 1743; x_wconf 71' lang='grc' dir='ltr'>ι</span> <span class='ocrx_word' id='word_1_722' title='bbox 1026 1716 1096 1750; x_wconf 85' lang='lat' dir='ltr'><strong>Quin</strong></span> <span class='ocrx_word' id='word_1_723' title='bbox 1118 1721 1144 1744; x_wconf 88' lang='lat' dir='ltr'><strong>et</strong></span> <span class='ocrx_word' id='word_1_724' title='bbox 1167 1725 1226 1751; x_wconf 69' lang='lat' dir='ltr'><strong>qure</strong></span> <span class='ocrx_word' id='word_1_725' title='bbox 1251 1717 1338 1744; x_wconf 86' lang='lat' dir='ltr'><strong>locuta</strong></span> <span class='ocrx_word' id='word_1_726' title='bbox 1357 1723 1419 1744; x_wconf 85' lang='lat' dir='ltr'><strong>sunt</strong></span> <span class='ocrx_word' id='word_1_727' title='bbox 1434 1722 1535 1752; x_wconf 90' lang='lat' dir='ltr'><strong>septem</strong></span> <span class='ocrx_word' id='word_1_728' title='bbox 1557 1717 1599 1745; x_wconf 83' lang='lat' dir='ltr'><strong>illa</strong></span> <span class='ocrx_word' id='word_1_729' title='bbox 1620 1722 1658 1745; x_wconf 82' lang='lat' dir='ltr'><strong>lo-</strong></span> 
     </span>
    </p>
   </div>
   <div class='ocr_carea' id='block_1_90' title="bbox 873 1761 1653 1796">
    <p class='ocr_par' dir='ltr' id='par_1_90' title="bbox 873 1761 1653 1796">
     <span class='ocr_line' id='line_1_90' title="bbox 873 1761 1653 1796; baseline 0.005 -10"><span class='ocrx_word' id='word_1_730' title='bbox 873 1761 958 1788; x_wconf 87' lang='lat' dir='ltr'><strong>nilrua</strong></span> <span class='ocrx_word' id='word_1_731' title='bbox 982 1763 1134 1796; x_wconf 82' lang='lat' dir='ltr'><strong>scripturus</strong></span> <span class='ocrx_word' id='word_1_732' title='bbox 1148 1762 1268 1790; x_wconf 84' lang='lat' dir='ltr'><strong>Ioannes</strong></span> <span class='ocrx_word' id='word_1_733' title='bbox 1282 1763 1489 1796; x_wconf 84' lang='lat' dir='ltr'><strong>prohibetur&quot;;</strong></span> <span class='ocrx_word' id='word_1_734' title='bbox 1507 1769 1534 1790; x_wconf 88' lang='lat' dir='ltr'><strong>et</strong></span> <span class='ocrx_word' id='word_1_735' title='bbox 1552 1763 1653 1791; x_wconf 74' lang='lat' dir='ltr'><strong>Paulus</strong></span> 
     </span>
    </p>
   </div>
   <div class='ocr_carea' id='block_1_91' title="bbox 870 1807 1655 1844">
    <p class='ocr_par' dir='ltr' id='par_1_91' title="bbox 870 1807 1655 1844">
     <span class='ocr_line' id='line_1_91' title="bbox 870 1807 1655 1844; baseline 0.003 -10"><span class='ocrx_word' id='word_1_736' title='bbox 870 1814 898 1834; x_wconf 85' lang='lat' dir='ltr'><strong>se</strong></span> <span class='ocrx_word' id='word_1_737' title='bbox 925 1807 1033 1834; x_wconf 87' lang='lat' dir='ltr'><strong>audisse</strong></span> <span class='ocrx_word' id='word_1_738' title='bbox 1060 1807 1147 1841; x_wconf 85' lang='lat' dir='ltr'><strong>inquit</strong></span> <span class='ocrx_word' id='word_1_739' title='bbox 1172 1808 1317 1835; x_wconf 88' lang='lat' dir='ltr'><strong>indicibilia</strong></span> <span class='ocrx_word' id='word_1_740' title='bbox 1335 1809 1414 1836; x_wconf 84' lang='lat' dir='ltr'><strong>verba</strong></span> <span class='ocrx_word' id='word_1_741' title='bbox 1434 1817 1494 1844; x_wconf 64' lang='lat' dir='ltr'><strong>qua:</strong></span> <span class='ocrx_word' id='word_1_742' title='bbox 1522 1817 1574 1836; x_wconf 89' lang='lat' dir='ltr'><strong>non</strong></span> <span class='ocrx_word' id='word_1_743' title='bbox 1591 1809 1655 1837; x_wconf 88' lang='lat' dir='ltr'><strong>lice-</strong></span> 
     </span>
    </p>
   </div>
   <div class='ocr_carea' id='block_1_92' title="bbox 871 1852 1651 1890">
    <p class='ocr_par' dir='ltr' id='par_1_92' title="bbox 871 1852 1651 1890">
     <span class='ocr_line' id='line_1_92' title="bbox 871 1852 1651 1890; baseline 0.004 -11"><span class='ocrx_word' id='word_1_744' title='bbox 871 1857 911 1879; x_wconf 88' lang='lat' dir='ltr'><strong>ret</strong></span> <span class='ocrx_word' id='word_1_745' title='bbox 923 1852 1000 1879; x_wconf 88' lang='lat' dir='ltr'><strong>alicui</strong></span> <span class='ocrx_word' id='word_1_746' title='bbox 1015 1852 1084 1887; x_wconf 90' lang='lat' dir='ltr'><strong>loqui</strong></span> <span class='ocrx_word' id='word_1_747' title='bbox 1102 1853 1123 1869; x_wconf 89' lang='lat'><strong>&quot;</strong></span> <span class='ocrx_word' id='word_1_748' title='bbox 1139 1860 1146 1880; x_wconf 92' lang='lat'>:</span> <span class='ocrx_word' id='word_1_749' title='bbox 1161 1853 1257 1881; x_wconf 83' lang='lat' dir='ltr'><strong>licebat</strong></span> <span class='ocrx_word' id='word_1_750' title='bbox 1272 1855 1343 1881; x_wconf 89' lang='lat' dir='ltr'><strong>enim</strong></span> <span class='ocrx_word' id='word_1_751' title='bbox 1354 1855 1386 1882; x_wconf 91' lang='lat' dir='ltr'><strong>ad</strong></span> <span class='ocrx_word' id='word_1_752' title='bbox 1402 1855 1511 1890; x_wconf 77' lang='lat' dir='ltr'><strong>angelos</strong></span> <span class='ocrx_word' id='word_1_753' title='bbox 1524 1861 1554 1881; x_wconf 86' lang='lat' dir='ltr'><strong>ea</strong></span> <span class='ocrx_word' id='word_1_754' title='bbox 1570 1855 1651 1889; x_wconf 79' lang='lat' dir='ltr'><strong>loqui.</strong></span> 
     </span>
    </p>
   </div>
   <div class='ocr_carea' id='block_1_93' title="bbox 870 1897 1656 1934">
    <p class='ocr_par' dir='ltr' id='par_1_93' title="bbox 870 1897 1656 1934">
     <span class='ocr_line' id='line_1_93' title="bbox 870 1897 1656 1934; baseline 0.004 -11"><span class='ocrx_word' id='word_1_755' title='bbox 870 1898 902 1924; x_wconf 90' lang='lat' dir='ltr'><strong>ad</strong></span> <span class='ocrx_word' id='word_1_756' title='bbox 919 1897 1043 1925; x_wconf 87' lang='lat' dir='ltr'><strong>homines</strong></span> <span class='ocrx_word' id='word_1_757' title='bbox 1063 1902 1151 1925; x_wconf 90' lang='lat' dir='ltr'><strong>autem</strong></span> <span class='ocrx_word' id='word_1_758' title='bbox 1176 1906 1227 1924; x_wconf 92' lang='lat' dir='ltr'><strong>non</strong></span> <span class='ocrx_word' id='word_1_759' title='bbox 1244 1899 1362 1926; x_wconf 87' lang='lat' dir='ltr'><strong>licebat:</strong></span> <span class='ocrx_word' id='word_1_760' title='bbox 1376 1907 1437 1926; x_wconf 84' lang='lat' dir='ltr'><strong>nam</strong></span> <span class='ocrx_word' id='word_1_761' title='bbox 1453 1908 1462 1924; x_wconf 84' lang='grc' dir='ltr'><strong>ι</strong></span> <span class='ocrx_word' id='word_1_762' title='bbox 1485 1900 1574 1926; x_wconf 87' lang='lat' dir='ltr'><strong>omnia</strong></span> <span class='ocrx_word' id='word_1_763' title='bbox 1594 1900 1656 1934; x_wconf 84' lang='lat' dir='ltr'><strong>qui-</strong></span> 
     </span>
    </p>
   </div>
   <div class='ocr_carea' id='block_1_94' title="bbox 869 1942 1655 1979">
    <p class='ocr_par' dir='ltr' id='par_1_94' title="bbox 869 1942 1655 1979">
     <span class='ocr_line' id='line_1_94' title="bbox 869 1942 1655 1979; baseline 0.003 -10"><span class='ocrx_word' id='word_1_764' title='bbox 869 1943 928 1969; x_wconf 88' lang='lat' dir='ltr'><strong>detn</strong></span> <span class='ocrx_word' id='word_1_765' title='bbox 951 1942 1039 1975; x_wconf 71' lang='grc' dir='ltr'><strong>Ιίωιιι,</strong></span> <span class='ocrx_word' id='word_1_766' title='bbox 1055 1948 1084 1970; x_wconf 86' lang='lat' dir='ltr'><strong>at</strong></span> <span class='ocrx_word' id='word_1_767' title='bbox 1111 1951 1163 1971; x_wconf 91' lang='lat' dir='ltr'><strong>non</strong></span> <span class='ocrx_word' id='word_1_768' title='bbox 1184 1944 1272 1971; x_wconf 88' lang='lat' dir='ltr'><strong>omnia</strong></span> <span class='ocrx_word' id='word_1_769' title='bbox 1294 1945 1484 1979; x_wconf 78' lang='lat' dir='ltr'><strong>expediunt”.</strong></span> <span class='ocrx_word' id='word_1_770' title='bbox 1498 1953 1507 1970; x_wconf 74' lang='grc' dir='ltr'><strong>ι</strong></span> <span class='ocrx_word' id='word_1_771' title='bbox 1522 1944 1569 1972; x_wconf 88' lang='lat' dir='ltr'><strong>Sin</strong></span> <span class='ocrx_word' id='word_1_772' title='bbox 1592 1952 1655 1972; x_wconf 87' lang='lat' dir='ltr'><strong>vero</strong></span> 
     </span>
    </p>
   </div>
   <div class='ocr_carea' id='block_1_95' title="bbox 869 1988 1653 2025">
    <p class='ocr_par' dir='ltr' id='par_1_95' title="bbox 869 1988 1653 2025">
     <span class='ocr_line' id='line_1_95' title="bbox 869 1988 1653 2025; baseline 0.005 -11"><span class='ocrx_word' id='word_1_773' title='bbox 869 1988 970 2015; x_wconf 86' lang='lat' dir='ltr'><strong>audivit</strong></span> <span class='ocrx_word' id='word_1_774' title='bbox 991 1988 1135 2016; x_wconf 72' lang='lat' dir='ltr'><strong>ineffabilia</strong></span> <span class='ocrx_word' id='word_1_775' title='bbox 1164 1991 1244 2017; x_wconf 83' lang='lat' dir='ltr'><strong>verba</strong></span> <span class='ocrx_word' id='word_1_776' title='bbox 1275 1997 1334 2025; x_wconf 68' lang='lat' dir='ltr'><strong>quae</strong></span> <span class='ocrx_word' id='word_1_777' title='bbox 1365 1991 1404 2018; x_wconf 85' lang='lat' dir='ltr'><strong>las</strong></span> <span class='ocrx_word' id='word_1_778' title='bbox 1425 1998 1477 2017; x_wconf 92' lang='lat' dir='ltr'><strong>non</strong></span> <span class='ocrx_word' id='word_1_779' title='bbox 1498 1995 1581 2024; x_wconf 83' lang='lat' dir='ltr'><strong>esset,</strong></span> <span class='ocrx_word' id='word_1_780' title='bbox 1609 1991 1653 2018; x_wconf 91' lang='lat' dir='ltr'><strong>iu-</strong></span> 
     </span>
    </p>
   </div>
   <div class='ocr_carea' id='block_1_96' title="bbox 868 2033 1652 2071">
    <p class='ocr_par' dir='ltr' id='par_1_96' title="bbox 868 2033 1652 2071">
     <span class='ocr_line' id='line_1_96' title="bbox 868 2033 1652 2071; baseline 0.005 -12"><span class='ocrx_word' id='word_1_781' title='bbox 868 2033 938 2067; x_wconf 91' lang='lat' dir='ltr'><strong>quit,</strong></span> <span class='ocrx_word' id='word_1_782' title='bbox 963 2034 996 2061; x_wconf 90' lang='lat' dir='ltr'><strong>ad</strong></span> <span class='ocrx_word' id='word_1_783' title='bbox 1023 2035 1159 2062; x_wconf 84' lang='lat' dir='ltr'><strong>hominem</strong></span> <span class='ocrx_word' id='word_1_784' title='bbox 1183 2036 1267 2070; x_wconf 81' lang='lat' dir='ltr'><strong>loqui,</strong></span> <span class='ocrx_word' id='word_1_785' title='bbox 1297 2036 1417 2063; x_wconf 86' lang='lat' dir='ltr'><strong>arbitror</strong></span> <span class='ocrx_word' id='word_1_786' title='bbox 1443 2043 1492 2071; x_wconf 80' lang='lat' dir='ltr'><strong>ego</strong></span> <span class='ocrx_word' id='word_1_787' title='bbox 1519 2036 1652 2063; x_wconf 72' lang='lat' dir='ltr'><strong>universae</strong></span> 
     </span>
    </p>
   </div>
   <div class='ocr_carea' id='block_1_97' title="bbox 868 2079 1654 2115">
    <p class='ocr_par' dir='ltr' id='par_1_97' title="bbox 868 2079 1654 2115">
     <span class='ocr_line' id='line_1_97' title="bbox 868 2079 1654 2115; baseline 0.005 -11"><span class='ocrx_word' id='word_1_788' title='bbox 868 2079 1030 2113; x_wconf 76' lang='lat' dir='ltr'><strong>cognitionis</strong></span> <span class='ocrx_word' id='word_1_789' title='bbox 1046 2080 1178 2107; x_wconf 88' lang='lat' dir='ltr'><strong>elementa</strong></span> <span class='ocrx_word' id='word_1_790' title='bbox 1202 2081 1324 2115; x_wconf 67' lang='lat' dir='ltr'><strong>quaedam</strong></span> <span class='ocrx_word' id='word_1_791' title='bbox 1340 2081 1450 2107; x_wconf 86' lang='lat' dir='ltr'><strong>minima</strong></span> <span class='ocrx_word' id='word_1_792' title='bbox 1466 2081 1654 2108; x_wconf 72' lang='lat' dir='ltr'><strong>brevissimae-</strong></span> 
     </span>
    </p>
   </div>
   <div class='ocr_carea' id='block_1_98' title="bbox 868 2124 1649 2161">
    <p class='ocr_par' dir='ltr' id='par_1_98' title="bbox 868 2124 1649 2161">
     <span class='ocr_line' id='line_1_98' title="bbox 868 2124 1649 2161; baseline 0.006 -12"><span class='ocrx_word' id='word_1_793' title='bbox 868 2131 919 2157; x_wconf 91' lang='lat' dir='ltr'><strong>que</strong></span> <span class='ocrx_word' id='word_1_794' title='bbox 963 2124 1176 2153; x_wconf 86' lang='lat' dir='ltr'><strong>introductiones</strong></span> <span class='ocrx_word' id='word_1_795' title='bbox 1207 2133 1266 2153; x_wconf 80' lang='lat' dir='ltr'><strong>esse</strong></span> <span class='ocrx_word' id='word_1_796' title='bbox 1296 2126 1438 2154; x_wconf 85' lang='lat' dir='ltr'><strong>universas</strong></span> <span class='ocrx_word' id='word_1_797' title='bbox 1482 2126 1649 2161; x_wconf 76' lang='lat' dir='ltr'><strong>Seripluras.</strong></span> 
     </span>
    </p>
   </div>
   <div class='ocr_carea' id='block_1_99' title="bbox 834 2169 1648 2204">
    <p class='ocr_par' dir='ltr' id='par_1_99' title="bbox 834 2169 1648 2204">
     <span class='ocr_line' id='line_1_99' title="bbox 834 2169 1648 2204; baseline 0.006 -11"><span class='ocrx_word' id='word_1_798' title='bbox 834 2169 974 2203; x_wconf 79' lang='lat' dir='ltr'><strong>Deliamsi</strong></span> <span class='ocrx_word' id='word_1_799' title='bbox 1000 2175 1127 2197; x_wconf 86' lang='lat' dir='ltr'><strong>accurate</strong></span> <span class='ocrx_word' id='word_1_800' title='bbox 1156 2171 1303 2198; x_wconf 72' lang='lat' dir='ltr'><strong>intellecta:</strong></span> <span class='ocrx_word' id='word_1_801' title='bbox 1329 2171 1439 2198; x_wconf 82' lang='lat' dir='ltr'><strong>fuerint.</strong></span> <span class='ocrx_word' id='word_1_802' title='bbox 1467 2172 1648 2204; x_wconf 77' lang='lat' dir='ltr'><strong>Quamobrem</strong></span> 
     </span>
    </p>
   </div>
   <div class='ocr_carea' id='block_1_100' title="bbox 870 2213 1649 2252">
    <p class='ocr_par' dir='ltr' id='par_1_100' title="bbox 870 2213 1649 2252">
     <span class='ocr_line' id='line_1_100' title="bbox 870 2213 1649 2252; baseline 0.006 -13"><span class='ocrx_word' id='word_1_803' title='bbox 870 2213 930 2240; x_wconf 83' lang='lat' dir='ltr'><strong>vide</strong></span> <span class='ocrx_word' id='word_1_804' title='bbox 945 2221 1008 2240; x_wconf 89' lang='lat' dir='ltr'><strong>num</strong></span> <span class='ocrx_word' id='word_1_805' title='bbox 1024 2214 1085 2241; x_wconf 80' lang='lat' dir='ltr'><strong>fons</strong></span> <span class='ocrx_word' id='word_1_806' title='bbox 1097 2214 1191 2248; x_wconf 88' lang='lat' dir='ltr'><strong>Iacob,</strong></span> <span class='ocrx_word' id='word_1_807' title='bbox 1207 2223 1240 2243; x_wconf 83' lang='lat' dir='ltr'><strong>ex</strong></span> <span class='ocrx_word' id='word_1_808' title='bbox 1254 2223 1307 2250; x_wconf 90' lang='lat' dir='ltr'><strong>quo</strong></span> <span class='ocrx_word' id='word_1_809' title='bbox 1323 2217 1432 2243; x_wconf 86' lang='lat' dir='ltr'><strong>bibebat</strong></span> <span class='ocrx_word' id='word_1_810' title='bbox 1444 2217 1588 2252; x_wconf 83' lang='lat' dir='ltr'><strong>aliquando</strong></span> <span class='ocrx_word' id='word_1_811' title='bbox 1601 2216 1649 2244; x_wconf 75' lang='lat' dir='ltr'><strong>Ia-</strong></span> 
     </span>
    </p>
   </div>
   <div class='ocr_carea' id='block_1_101' title="bbox 869 2258 1649 2296">
    <p class='ocr_par' dir='ltr' id='par_1_101' title="bbox 869 2258 1649 2296">
     <span class='ocr_line' id='line_1_101' title="bbox 869 2258 1649 2296; baseline 0.005 -11"><span class='ocrx_word' id='word_1_812' title='bbox 869 2258 929 2291; x_wconf 87' lang='lat' dir='ltr'><strong>cob,</strong></span> <span class='ocrx_word' id='word_1_813' title='bbox 944 2260 990 2286; x_wconf 83' lang='lat' dir='ltr'><strong>sed</strong></span> <span class='ocrx_word' id='word_1_814' title='bbox 1007 2267 1077 2287; x_wconf 92' lang='lat' dir='ltr'><strong>nunc</strong></span> <span class='ocrx_word' id='word_1_815' title='bbox 1092 2268 1143 2287; x_wconf 88' lang='lat' dir='ltr'><strong>non</strong></span> <span class='ocrx_word' id='word_1_816' title='bbox 1157 2261 1238 2293; x_wconf 87' lang='lat' dir='ltr'><strong>bibit;</strong></span> <span class='ocrx_word' id='word_1_817' title='bbox 1256 2266 1338 2296; x_wconf 81' lang='lat' dir='ltr'><strong>atque</strong></span> <span class='ocrx_word' id='word_1_818' title='bbox 1353 2262 1434 2289; x_wconf 82' lang='lat' dir='ltr'><strong>etiam</strong></span> <span class='ocrx_word' id='word_1_819' title='bbox 1460 2262 1589 2289; x_wconf 85' lang='lat' dir='ltr'><strong>bibebant</strong></span> <span class='ocrx_word' id='word_1_820' title='bbox 1604 2262 1649 2291; x_wconf 82' lang='lat' dir='ltr'><strong>ﬁlii</strong></span> 
     </span>
    </p>
   </div>
   <div class='ocr_carea' id='block_1_102' title="bbox 868 2305 1649 2342">
    <p class='ocr_par' dir='ltr' id='par_1_102' title="bbox 868 2305 1649 2342">
     <span class='ocr_line' id='line_1_102' title="bbox 868 2305 1649 2342; baseline 0.006 -13"><span class='ocrx_word' id='word_1_821' title='bbox 868 2305 919 2336; x_wconf 90' lang='lat' dir='ltr'><strong>sui,</strong></span> <span class='ocrx_word' id='word_1_822' title='bbox 941 2305 988 2331; x_wconf 86' lang='lat' dir='ltr'><strong>sed</strong></span> <span class='ocrx_word' id='word_1_823' title='bbox 1011 2313 1082 2332; x_wconf 89' lang='lat' dir='ltr'><strong>nunc</strong></span> <span class='ocrx_word' id='word_1_824' title='bbox 1103 2309 1194 2340; x_wconf 89' lang='lat' dir='ltr'><strong>potum</strong></span> <span class='ocrx_word' id='word_1_825' title='bbox 1212 2306 1315 2333; x_wconf 80' lang='lat' dir='ltr'><strong>habent</strong></span> <span class='ocrx_word' id='word_1_826' title='bbox 1334 2307 1379 2333; x_wconf 87' lang='lat' dir='ltr'><strong>illo</strong></span> <span class='ocrx_word' id='word_1_827' title='bbox 1394 2307 1478 2342; x_wconf 86' lang='lat' dir='ltr'><strong>priori</strong></span> <span class='ocrx_word' id='word_1_828' title='bbox 1497 2313 1560 2341; x_wconf 87' lang='lat' dir='ltr'><strong>potu</strong></span> <span class='ocrx_word' id='word_1_829' title='bbox 1579 2314 1649 2342; x_wconf 81' lang='lat' dir='ltr'><strong>pne-</strong></span> 
     </span>
    </p>
   </div>
   <div class='ocr_carea' id='block_1_103' title="bbox 867 2350 1647 2388">
    <p class='ocr_par' dir='ltr' id='par_1_103' title="bbox 867 2350 1647 2388">
     <span class='ocr_line' id='line_1_103' title="bbox 867 2350 1647 2388; baseline 0.006 -13"><span class='ocrx_word' id='word_1_830' title='bbox 867 2350 1036 2383; x_wconf 82' lang='lat' dir='ltr'><strong>stantiorem,</strong></span> <span class='ocrx_word' id='word_1_831' title='bbox 1057 2351 1122 2386; x_wconf 86' lang='lat' dir='ltr'><strong>quin</strong></span> <span class='ocrx_word' id='word_1_832' title='bbox 1151 2351 1278 2379; x_wconf 88' lang='lat' dir='ltr'><strong>biberunt</strong></span> <span class='ocrx_word' id='word_1_833' title='bbox 1302 2354 1385 2380; x_wconf 83' lang='lat' dir='ltr'><strong>etiam</strong></span> <span class='ocrx_word' id='word_1_834' title='bbox 1416 2361 1515 2388; x_wconf 86' lang='lat' dir='ltr'><strong>pecora</strong></span> <span class='ocrx_word' id='word_1_835' title='bbox 1543 2361 1647 2386; x_wconf 78' lang='lat' dir='ltr'><strong>eorum.</strong></span> 
     </span>
    </p>
   </div>
   <div class='ocr_carea' id='block_1_104' title="bbox 867 2396 1649 2434">
    <p class='ocr_par' dir='ltr' id='par_1_104' title="bbox 867 2396 1649 2434">
     <span class='ocr_line' id='line_1_104' title="bbox 867 2396 1649 2434; baseline 0.008 -13"><span class='ocrx_word' id='word_1_836' title='bbox 867 2396 953 2428; x_wconf 86' lang='lat' dir='ltr'><strong>possit</strong></span> <span class='ocrx_word' id='word_1_837' title='bbox 975 2403 1036 2424; x_wconf 82' lang='lat' dir='ltr'><strong>esse</strong></span> <span class='ocrx_word' id='word_1_838' title='bbox 1069 2397 1194 2425; x_wconf 70' lang='lat' dir='ltr'><strong>universa</strong></span> <span class='ocrx_word' id='word_1_839' title='bbox 1222 2398 1378 2434; x_wconf 86' lang='lat' dir='ltr'><strong>Scriptura;</strong></span> <span class='ocrx_word' id='word_1_840' title='bbox 1399 2407 1466 2434; x_wconf 86' lang='lat' dir='ltr'><strong>aqua</strong></span> <span class='ocrx_word' id='word_1_841' title='bbox 1494 2407 1559 2427; x_wconf 86' lang='lat' dir='ltr'><strong>vero</strong></span> <span class='ocrx_word' id='word_1_842' title='bbox 1582 2399 1649 2427; x_wconf 78' lang='lat' dir='ltr'><strong>Iesu</strong></span> 
     </span>
    </p>
   </div>
   <div class='ocr_carea' id='block_1_105' title="bbox 867 2441 1647 2480">
    <p class='ocr_par' dir='ltr' id='par_1_105' title="bbox 867 2441 1647 2480">
     <span class='ocr_line' id='line_1_105' title="bbox 867 2441 1647 2480; baseline 0.008 -13"><span class='ocrx_word' id='word_1_843' title='bbox 867 2441 930 2468; x_wconf 83' lang='lat' dir='ltr'><strong>illud</strong></span> <span class='ocrx_word' id='word_1_844' title='bbox 956 2450 1017 2470; x_wconf 82' lang='lat' dir='ltr'><strong>esse</strong></span> <span class='ocrx_word' id='word_1_845' title='bbox 1037 2443 1122 2478; x_wconf 88' lang='lat' dir='ltr'><strong>possit</strong></span> <span class='ocrx_word' id='word_1_846' title='bbox 1147 2445 1217 2479; x_wconf 90' lang='lat' dir='ltr'><strong>quod</strong></span> <span class='ocrx_word' id='word_1_847' title='bbox 1237 2449 1278 2472; x_wconf 84' lang='lat' dir='ltr'><strong>est</strong></span> <span class='ocrx_word' id='word_1_848' title='bbox 1295 2453 1376 2479; x_wconf 85' lang='lat' dir='ltr'><strong>supra</strong></span> <span class='ocrx_word' id='word_1_849' title='bbox 1404 2453 1435 2472; x_wconf 85' lang='lat' dir='ltr'><strong>ea</strong></span> <span class='ocrx_word' id='word_1_850' title='bbox 1461 2453 1521 2480; x_wconf 75' lang='lat' dir='ltr'><strong>qua:</strong></span> <span class='ocrx_word' id='word_1_851' title='bbox 1545 2447 1647 2480; x_wconf 80' lang='lat' dir='ltr'><strong>scripta</strong></span> 
     </span>
    </p>
   </div>
   <div class='ocr_carea' id='block_1_106' title="bbox 869 2490 1649 2526">
    <p class='ocr_par' dir='ltr' id='par_1_106' title="bbox 869 2490 1649 2526">
     <span class='ocr_line' id='line_1_106' title="bbox 869 2490 1649 2526; baseline 0.005 -12"><span class='ocrx_word' id='word_1_852' title='bbox 869 2491 928 2514; x_wconf 70' lang='lat' dir='ltr'><strong>sunt</strong></span> <span class='ocrx_word' id='word_1_853' title='bbox 946 2497 952 2514; x_wconf 92' lang='lat'><strong>:</strong></span> <span class='ocrx_word' id='word_1_854' title='bbox 967 2496 1019 2515; x_wconf 86' lang='lat' dir='ltr'><strong>non</strong></span> <span class='ocrx_word' id='word_1_855' title='bbox 1041 2490 1166 2517; x_wconf 87' lang='lat' dir='ltr'><strong>omnibus</strong></span> <span class='ocrx_word' id='word_1_856' title='bbox 1188 2497 1279 2518; x_wconf 81' lang='lat' dir='ltr'><strong>autern</strong></span> <span class='ocrx_word' id='word_1_857' title='bbox 1306 2492 1424 2519; x_wconf 86' lang='lat' dir='ltr'><strong>scrutari</strong></span> <span class='ocrx_word' id='word_1_858' title='bbox 1442 2491 1505 2519; x_wconf 87' lang='lat' dir='ltr'><strong>licet</strong></span> <span class='ocrx_word' id='word_1_859' title='bbox 1520 2499 1581 2526; x_wconf 77' lang='lat' dir='ltr'><strong>qua:</strong></span> <span class='ocrx_word' id='word_1_860' title='bbox 1595 2493 1649 2519; x_wconf 78' lang='lat' dir='ltr'><strong>sint</strong></span> 
     </span>
    </p>
   </div>
   <div class='ocr_carea' id='block_1_107' title="bbox 63 2555 1646 2607">
    <p class='ocr_par' dir='ltr' id='par_1_107' title="bbox 63 2555 1646 2607">
     <span class='ocr_line' id='line_1_107' title="bbox 63 2555 1646 2607; baseline 0.013 -24"><span class='ocrx_word' id='word_1_861' title='bbox 63 2555 82 2607; x_wconf 39' lang='lat' dir='ltr'><strong>t&#39;</strong></span> <span class='ocrx_word' id='word_1_862' title='bbox 95 2555 276 2607; x_wconf 36' lang='lat' dir='ltr'><strong>Fuimus}:</strong></span> <span class='ocrx_word' id='word_1_863' title='bbox 291 2561 428 2607; x_wconf 56' lang='lat' dir='ltr'><strong>__“_I;ian.</strong></span> <span class='ocrx_word' id='word_1_864' title='bbox 449 2571 485 2596; x_wconf 82' lang='lat' dir='ltr'><strong>tv,</strong></span> <span class='ocrx_word' id='word_1_865' title='bbox 509 2563 551 2590; x_wconf 76' lang='lat' dir='ltr'><strong>I3.</strong></span> <span class='ocrx_word' id='word_1_866' title='bbox 591 2564 612 2580; x_wconf 80' lang='lat'><strong>&quot;’</strong></span> <span class='ocrx_word' id='word_1_867' title='bbox 628 2564 693 2592; x_wconf 81' lang='lat' dir='ltr'><strong>ibid.</strong></span> <span class='ocrx_word' id='word_1_868' title='bbox 708 2565 734 2593; x_wconf 88' lang='lat'><strong>7.</strong></span> <span class='ocrx_word' id='word_1_869' title='bbox 774 2566 795 2581; x_wconf 79' lang='grc'><strong>⁸⁸</strong></span> <span class='ocrx_word' id='word_1_870' title='bbox 811 2566 873 2593; x_wconf 88' lang='lat' dir='ltr'><strong>ibid.</strong></span> <span class='ocrx_word' id='word_1_871' title='bbox 894 2567 934 2594; x_wconf 89' lang='lat' dir='ltr'><strong>I6.</strong></span> <span class='ocrx_word' id='word_1_872' title='bbox 973 2568 1084 2596; x_wconf 81' lang='lat' dir='ltr'><strong>&quot;Ioan.</strong></span> <span class='ocrx_word' id='word_1_873' title='bbox 1101 2578 1156 2602; x_wconf 75' lang='lat' dir='ltr'><strong>ut,</strong></span> <span class='ocrx_word' id='word_1_874' title='bbox 1178 2571 1223 2598; x_wconf 69' lang='lat'><strong>25.</strong></span> <span class='ocrx_word' id='word_1_875' title='bbox 1261 2573 1283 2588; x_wconf 82' lang='grc'><strong>⁸⁰</strong></span> <span class='ocrx_word' id='word_1_876' title='bbox 1297 2573 1380 2607; x_wconf 85' lang='lat' dir='ltr'><strong>Apoc.</strong></span> <span class='ocrx_word' id='word_1_877' title='bbox 1402 2581 1428 2606; x_wconf 75' lang='grc' dir='ltr'><strong>ι,</strong></span> <span class='ocrx_word' id='word_1_878' title='bbox 1442 2574 1468 2602; x_wconf 80' lang='grc'><strong>5.</strong></span> <span class='ocrx_word' id='word_1_879' title='bbox 1507 2574 1527 2590; x_wconf 85' lang='grc'><strong><em>⁵⁸</em></strong></span> <span class='ocrx_word' id='word_1_880' title='bbox 1548 2573 1566 2600; x_wconf 87' lang='lat' dir='ltr'><strong>ll</strong></span> <span class='ocrx_word' id='word_1_881' title='bbox 1584 2575 1646 2604; x_wconf 87' lang='lat' dir='ltr'><strong>Cor.</strong></span> 
     </span>
    </p>
   </div>
   <div class='ocr_carea' id='block_1_108' title="bbox 42 2593 385 2628">
    <p class='ocr_par' dir='ltr' id='par_1_108' title="bbox 42 2593 385 2628">
     <span class='ocr_line' id='line_1_108' title="bbox 42 2593 385 2628; baseline 0.026 -14"><span class='ocrx_word' id='word_1_882' title='bbox 42 2596 82 2623; x_wconf 76' lang='grc' dir='ltr'><strong>ιιι,</strong></span> <span class='ocrx_word' id='word_1_883' title='bbox 93 2593 116 2619; x_wconf 71' lang='grc'><strong>4.</strong></span> <span class='ocrx_word' id='word_1_884' title='bbox 152 2594 197 2621; x_wconf 87' lang='lat' dir='ltr'><strong>&quot;I</strong></span> <span class='ocrx_word' id='word_1_885' title='bbox 213 2594 276 2622; x_wconf 89' lang='lat' dir='ltr'><strong>Cor.</strong></span> <span class='ocrx_word' id='word_1_886' title='bbox 291 2603 327 2628; x_wconf 77' lang='lat' dir='ltr'><strong>vr,</strong></span> <span class='ocrx_word' id='word_1_887' title='bbox 344 2597 385 2623; x_wconf 73' lang='lat' dir='ltr'><strong>I2.</strong></span> 
     </span>
    </p>
   </div>
   <div class='ocr_carea' id='block_1_109' title="bbox 70 2661 806 2707">
    <p class='ocr_par' dir='ltr' id='par_1_109' title="bbox 70 2661 806 2707">
     <span class='ocr_line' id='line_1_109' title="bbox 70 2661 806 2707; baseline 0.016 -17"><span class='ocrx_word' id='word_1_888' title='bbox 138 2665 207 2707; x_wconf 65' lang='lat' dir='ltr'><strong>0dr‘_</strong></span> <span class='ocrx_word' id='word_1_889' title='bbox 221 2667 364 2707; x_wconf 54' lang='grc' dir='ltr'><strong>ἃηὲλεγε.</strong></span> <span class='ocrx_word' id='word_1_890' title='bbox 378 2668 422 2696; x_wconf 85' lang='lat' dir='ltr'><strong>Sic</strong></span> <span class='ocrx_word' id='word_1_891' title='bbox 431 2670 516 2697; x_wconf 68' lang='lat' dir='ltr'><strong>codex</strong></span> <span class='ocrx_word' id='word_1_892' title='bbox 528 2670 701 2706; x_wconf 80' lang='lat' dir='ltr'><strong>Bodleianus,</strong></span> <span class='ocrx_word' id='word_1_893' title='bbox 717 2680 806 2707; x_wconf 88' lang='lat' dir='ltr'><strong>recte;</strong></span> 
     </span>
    </p>
   </div>
   <div class='ocr_carea' id='block_1_110' title="bbox 43 2693 421 2737">
    <p class='ocr_par' dir='ltr' id='par_1_110' title="bbox 43 2693 421 2737">
     <span class='ocr_line' id='line_1_110' title="bbox 43 2693 421 2737; baseline 0.013 -12"><span class='ocrx_word' id='word_1_894' title='bbox 43 2693 148 2737; x_wconf 32' lang='lat' dir='ltr'><strong>“ﬁliiﬁlii.”</strong></span> <span class='ocrx_word' id='word_1_895' title='bbox 157 2702 235 2737; x_wconf 78' lang='lat' dir='ltr'><strong>male,</strong></span> 
     </span>
    </p>
   </div>
   <div class='ocr_carea' id='block_1_111' title="bbox 70 2730 720 2778">
    <p class='ocr_par' dir='ltr' id='par_1_111' title="bbox 70 2730 720 2778">
     <span class='ocr_line' id='line_1_111' title="bbox 70 2730 720 2778; baseline 0.017 -20"><span class='ocrx_word' id='word_1_896' title='bbox 131 2734 217 2778; x_wconf 49' lang='lat' dir='ltr'><strong>(llo&#39;dex</strong></span> <span class='ocrx_word' id='word_1_897' title='bbox 229 2730 342 2777; x_wconf 61' lang='lat' dir='ltr'><strong>Regius,</strong></span> <span class='ocrx_word' id='word_1_898' title='bbox 358 2730 509 2778; x_wconf 61' lang='lat' dir='ltr'><strong>perperam,</strong></span> <span class='ocrx_word' id='word_1_899' title='bbox 520 2740 560 2778; x_wconf 47' lang='lat' dir='ltr'><strong>etii</strong></span> <span class='ocrx_word' id='word_1_900' title='bbox 573 2741 628 2777; x_wconf 84' lang='grc' dir='ltr'>γὰρ</span> <span class='ocrx_word' id='word_1_901' title='bbox 637 2742 720 2778; x_wconf 71' lang='grc' dir='ltr'>ἄλλῳ.</span> 
     </span>
    </p>
   </div>
   <div class='ocr_carea' id='block_1_112' title="bbox 71 2766 809 2819">
    <p class='ocr_par' dir='ltr' id='par_1_112' title="bbox 71 2766 809 2819">
     <span class='ocr_line' id='line_1_112' title="bbox 71 2766 809 2819; baseline 0.003 0"><span class='ocrx_word' id='word_1_902' title='bbox 71 2766 168 2819; x_wconf 61' lang='grc' dir='ltr'><strong>ιιιιι</strong></span> <span class='ocrx_word' id='word_1_903' title='bbox 187 2766 747 2819; x_wconf 48' lang='lat' dir='ltr'><strong>&#39;1&#39;.*r.r§i7:ealé0:&#39;isiéPristtaaiirﬁitn</strong></span> 
     </span>
    </p>
   </div>
   <div class='ocr_carea' id='block_1_113' title="bbox 43 2802 771 2841">
    <p class='ocr_par' dir='ltr' id='par_1_113' title="bbox 43 2802 771 2841">
     <span class='ocr_line' id='line_1_113' title="bbox 43 2802 771 2841; baseline 0.022 -16"><span class='ocrx_word' id='word_1_904' title='bbox 43 2803 102 2832; x_wconf 52' lang='lat' dir='ltr'><strong>gitur</strong></span> <span class='ocrx_word' id='word_1_905' title='bbox 113 2802 177 2838; x_wconf 71' lang='grc' dir='ltr'><strong>θεῖα,</strong></span> <span class='ocrx_word' id='word_1_906' title='bbox 192 2802 273 2840; x_wconf 70' lang='lat' dir='ltr'><strong>quain</strong></span> <span class='ocrx_word' id='word_1_907' title='bbox 285 2807 426 2837; x_wconf 79' lang='lat' dir='ltr'><strong>lectionem</strong></span> <span class='ocrx_word' id='word_1_908' title='bbox 443 2815 552 2838; x_wconf 83' lang='lat' dir='ltr'><strong>secutus</strong></span> <span class='ocrx_word' id='word_1_909' title='bbox 565 2802 606 2839; x_wconf 86' lang='lat' dir='ltr'><strong>est</strong></span> <span class='ocrx_word' id='word_1_910' title='bbox 620 2802 771 2841; x_wconf 57' lang='grc' dir='ltr'><strong>ιτετὶάί-ιίίι.</strong></span> 
     </span>
    </p>
   </div>
   <div class='ocr_carea' id='block_1_114' title="bbox 898 2676 1466 2746">
    <p class='ocr_par' dir='ltr' id='par_1_114' title="bbox 898 2676 1466 2746">
     <span class='ocr_line' id='line_1_114' title="bbox 898 2676 1466 2746; baseline 0.007 -43"><span class='ocrx_word' id='word_1_911' title='bbox 898 2676 936 2746; x_wconf 55' lang='grc' dir='ltr'><strong>γι)</strong></span> <span class='ocrx_word' id='word_1_912' title='bbox 949 2676 976 2703; x_wconf 90' lang='lat' dir='ltr'><strong>In</strong></span> <span class='ocrx_word' id='word_1_913' title='bbox 991 2677 1084 2705; x_wconf 81' lang='lat' dir='ltr'><strong>codice</strong></span> <span class='ocrx_word' id='word_1_914' title='bbox 1097 2677 1181 2712; x_wconf 77' lang='lat' dir='ltr'><strong>Regio</strong></span> <span class='ocrx_word' id='word_1_915' title='bbox 1200 2679 1275 2706; x_wconf 79' lang='lat' dir='ltr'><strong>deest</strong></span> <span class='ocrx_word' id='word_1_916' title='bbox 1293 2680 1337 2707; x_wconf 72' lang='grc' dir='ltr'><strong>τὸν</strong></span> <span class='ocrx_word' id='word_1_917' title='bbox 1356 2681 1466 2715; x_wconf 77' lang='grc' dir='ltr'>κόσμον.</span> 
     </span>
     <span class='ocr_line' id='line_1_115' title="bbox 909 2712 1464 2746; baseline 0.005 -8"><span class='ocrx_word' id='word_1_918' title='bbox 909 2712 936 2746; x_wconf 70' lang='grc'><strong>2)</strong></span> <span class='ocrx_word' id='word_1_919' title='bbox 969 2713 1048 2739; x_wconf 84' lang='lat' dir='ltr'><strong>Forte</strong></span> <span class='ocrx_word' id='word_1_920' title='bbox 1069 2712 1210 2746; x_wconf 70' lang='lat' dir='ltr'><strong>legendum</strong></span> <span class='ocrx_word' id='word_1_921' title='bbox 1233 2722 1295 2741; x_wconf 89' lang='lat' dir='ltr'><strong>cum</strong></span> <span class='ocrx_word' id='word_1_922' title='bbox 1327 2715 1464 2746; x_wconf 73' lang='lat' dir='ltr'><strong>Ferrariu,</strong></span> 
     </span>
    </p>
   </div>
   <div class='ocr_carea' id='block_1_115' title="bbox 909 2712 1646 2750">
    <p class='ocr_par' dir='ltr' id='par_1_115' title="bbox 909 2712 1646 2750">
     <span class='ocr_line' id='line_1_116' title="bbox 909 2712 1646 2750; baseline 0.007 -12"><span class='ocrx_word' id='word_1_923' title='bbox 909 2712 936 2748; x_wconf 70' lang='grc'><strong>2)</strong></span> <span class='ocrx_word' id='word_1_924' title='bbox 969 2713 1048 2739; x_wconf 84' lang='lat' dir='ltr'><strong>Forte</strong></span> <span class='ocrx_word' id='word_1_925' title='bbox 1069 2712 1210 2748; x_wconf 70' lang='lat' dir='ltr'><strong>legendum</strong></span> <span class='ocrx_word' id='word_1_926' title='bbox 1233 2722 1295 2741; x_wconf 89' lang='lat' dir='ltr'><strong>cum</strong></span> <span class='ocrx_word' id='word_1_927' title='bbox 1327 2712 1464 2747; x_wconf 62' lang='lat' dir='ltr'><strong>Ferrario,</strong></span> <span class='ocrx_word' id='word_1_928' title='bbox 1482 2714 1506 2741; x_wconf 77' lang='grc' dir='ltr'><strong>εἰ</strong></span> <span class='ocrx_word' id='word_1_929' title='bbox 1520 2714 1548 2741; x_wconf 72' lang='grc' dir='ltr'><strong>δὲ</strong></span> <span class='ocrx_word' id='word_1_930' title='bbox 1562 2715 1646 2750; x_wconf 68' lang='grc' dir='ltr'><strong>ἠκου-</strong></span> 
     </span>
    </p>
   </div>
   <div class='ocr_carea' id='block_1_116' title="bbox 863 2756 918 2775">
    <p class='ocr_par' dir='ltr' id='par_1_116' title="bbox 863 2756 918 2775">
     <span class='ocr_line' id='line_1_117' title="bbox 863 2756 918 2775; baseline 0.036 -2"><span class='ocrx_word' id='word_1_931' title='bbox 863 2756 918 2775; x_wconf 86' lang='grc' dir='ltr'><strong>σεν.</strong></span> 
     </span>
    </p>
   </div>
   <div class='ocr_carea' id='block_1_117' title="bbox 899 2783 1446 2818">
    <p class='ocr_par' dir='ltr' id='par_1_117' title="bbox 899 2783 1446 2818">
     <span class='ocr_line' id='line_1_118' title="bbox 899 2783 1446 2818; baseline 0 -9"><span class='ocrx_word' id='word_1_932' title='bbox 899 2783 937 2817; x_wconf 77' lang='grc'><strong>(5)</strong></span> <span class='ocrx_word' id='word_1_933' title='bbox 957 2783 983 2810; x_wconf 94' lang='lat' dir='ltr'><strong>In</strong></span> <span class='ocrx_word' id='word_1_934' title='bbox 999 2783 1090 2811; x_wconf 81' lang='lat' dir='ltr'><strong>codice</strong></span> <span class='ocrx_word' id='word_1_935' title='bbox 1108 2783 1254 2811; x_wconf 82' lang='lat' dir='ltr'><strong>Bodleiano</strong></span> <span class='ocrx_word' id='word_1_936' title='bbox 1267 2784 1342 2812; x_wconf 83' lang='lat' dir='ltr'><strong>deest</strong></span> <span class='ocrx_word' id='word_1_937' title='bbox 1355 2783 1446 2818; x_wconf 66' lang='grc' dir='ltr'>φησίν.</span> 
     </span>
    </p>
   </div>
  </div>
