1854 3043
10 91 53 119 (I5

528 97 705 126 COMMENT.
726 98 758 126 IN
776 97 872 126 .IOA’N.
891 97 1010 126 TOMUS
1031 98 1098 127 XIII.

1573 99 1623 127 ιιι

53 149 118 204 ἔχεις
137 150 232 204 ,καὶτὸ
241 152 336 204 ,φιρέαρ
348 153 406 180 ἐστὶ
416 154 494 189 βαθύ·
512 165 522 182 ι
537 157 606 192 τάχα
620 157 648 184 δὲ
658 158 708 185 οὐκ
721 158 782 193 ἀλη-

874 158 981 186 ιτίιςιιιῑε
993 158 1028 191 ⁷³,
1040 169 1049 185 ι
1064 159 1122 193 ipso
1134 157 1208 191 Jesu,
1222 156 1288 185 utin
1302 156 1485 192 superioribus
1496 156 1625 190 diximus,

10 196 45 226 θὲς
61 197 104 222 καὶ
115 197 155 222 τό·
180 197 274 224 Ἰακὼό
295 200 328 225 ὲκ
343 199 390 226 τοῦ
408 201 524 236 φρέατος
546 203 617 235 Επιε,
633 205 679 231 καὶ
696 205 720 231 οἱ
734 205 785 231 υἱοὶ

10 242 88 273 αὐτοῦ,
102 243 147 269 καὶ
164 244 199 270 τὰ
221 244 368 280 θρέμματα
390 247 482 274 αὑτοῦ·
501 249 526 275 ει
547 249 602 285 γὰρ
621 251 669 286 οὐχ
685 252 785 287 ὁμοίως

10 287 56 314 Eme
70 289 99 323 τῇ
112 289 286 325 Σαμαρείτιδι
301 293 316 318 ὀ
332 292 440 325 Ἰακὼϐ,
455 294 502 320 καὶ
517 295 541 321 οὶ
559 297 611 322 υἱοὶ
627 297 720 329 αὑτοῦ,
738 298 784 324 καὶ

10 332 34 359 τὰ
48 332 187 368 θρέμματα
201 335 293 367 αὐτοῦ,
304 335 390 364 οἴεται
400 337 452 373 δὲὴ
464 339 628 375 Σαμαρεῖτις
640 340 669 367 τὺ
681 341 783 376 ὅμοιον,

10 379 143 406 ιιαὶταυτὺν
160 380 249 416 πάντη
266 382 346 408 ποτὸν
367 385 525 411 πεπωκέναι
542 386 581 421 τῷ
602 387 710 420 Ἰακὼϐ,
736 389 783 415 καὶ

10 426 124 498 ὁιένῐοῖς
132 427 227 460 αὑτοῦ,
242 428 290 454 καὶ
305 431 361 461 τοῖς
372 430 528 465 θρέμμασιν
539 432 632 465 αὑτοῦ,
642 433 731 469 δῆλον,
743 435 785 461 ὃτι

10 480 47 498 αευ
75 481 128 498 ται.

10 480 128 506 ι,νευοε-ιαι.

839 204 1033 231 commercium
1047 205 1164 232 habente
1179 211 1241 232 cum
1256 203 1447 235 Samaritanls,
1466 206 1494 229 ut
1508 201 1562 229 illis
1581 208 1625 228 es-

838 255 879 278 set
903 250 1070 285 adiumento.
1091 250 1130 277 Ac
1156 258 1190 278 ne
1212 250 1277 277 illud
1301 249 1411 284 quidem
1436 256 1529 275 verum
1557 253 1624 276 est:

840 303 850 320 ι
869 294 962 330 Neque
980 295 1150 322 haustorium
1163 295 1258 327 habes,
1270 299 1295 321 et
1308 299 1406 329 puteus
1416 293 1486 320 altus
1500 298 1544 320 est
1556 293 1580 309 "
1592 302 1599 319 :
1611 301 1622 320 ο

837 342 961 370 fortassis
975 341 1057 369 etiam
1072 348 1160 376 neque
1182 341 1258 371 illud,
1285 340 1356 375 quod
1379 339 1463 368 Iacob
1486 347 1520 368 ex
1543 345 1625 375 puteo

836 388 949 419 biberit,
967 394 994 416 et
1012 387 1058 414 ﬁlii
1074 387 1145 422 ejus,
1168 391 1196 414 et
1220 395 1318 422 pecora
1331 387 1390 422 ejus
1399 386 1442 419 ⁸⁰;
1459 394 1520 414 nam
1538 387 1561 414 si
1574 385 1624 413 Ja-

836 434 897 467 cob,
917 439 945 461 et
963 434 1009 462 lilii
1026 434 1095 469 ejus,
1111 437 1139 461 et
1153 440 1250 468 pecora
1271 432 1341 467 ejus,
1360 440 1413 461 non
1436 432 1562 460 similiter
1582 432 1624 460 bi—

836 481 944 512 berunt,
962 485 993 507 ut
1013 480 1110 507 mulier
1126 479 1280 512 Samaritis,
1305 479 1497 514 existimatque
1518 477 1562 506 illa
1587 479 1625 506 si—

10 520 84 547 milem
98 527 127 547 se
136 521 249 549 omnino
265 527 356 557 potum
368 529 450 560 atque
462 526 590 554 eunidcm
604 527 708 555 bibisse
730 536 794 556 cum
821 529 918 561 Iacob,
931 534 958 557 et
973 529 1035 557 ﬁliis
1049 528 1117 563 eius,
1133 533 1160 556 et
1175 528 1320 563 pecoribus
1349 527 1418 561 ejus,
1450 527 1623 562 perspicuum

10 573 41 594 ast
53 567 115 595 falsa
130 576 189 596 eam
203 570 314 599 dixisse.

35 614 72 641 I0.
89 615 202 651 Ίδωμεν
220 616 248 643 δὲ
268 619 316 645 καὶ
337 618 371 646 τὰ
399 620 588 656 Ἡρακλέωνος
609 624 649 656 εἰς
669 624 732 656 τοὺς
745 624 788 651 τό-

10 667 73 691 πους.
88 660 161 693 ὅστις
173 663 258 698 φησὶν
269 665 373 697 ἄτονον,
387 667 434 693 καὶ
445 667 623 704 πρόσκαιρον,
637 670 684 697 καὶ
691 670 789 697 ἐπιλεί-

10 713 95 731 πουσαν
119 706 228 742 εκείνην
242 708 383 743 γεγονέναι
405 710 454 746 τὴν
477 711 561 747 ζωὴν,
587 714 634 740 καὶ
659 714 708 750 τὴν
726 716 787 742 κατ’

10 750 76 786 ιύτὴν
89 751 175 783 δόξαν·
191 755 311 790 κοσμικὴ
323 756 387 792 γὰρ,
405 758 497 793 φησιν,
512 756 556 794 ἦν·
581 759 627 786 καὶ
639 760 724 787 οῐεται
740 761 787 788 τοῦ

135 798 307 853 αῗτὴνιξναι
324 803 461 853 ἀπόςειξιν
478 804 571 840 φέρειν
588 807 621 832 ὲκ
634 805 682 832 τοῦ
699 805 785 842 θρέμ-
802 827 821 853 Β

10 850 67 877 ματα
82 843 126 870 τοῦ
155 845 255 872 Ἰακὼϐ
278 846 308 880 ἐξ
330 848 420 883 αὐτῆς
441 850 610 877 πεπωκέναι”
631 851 678 877 καὶ
692 852 716 878 εἰ
735 853 783 887 μὲν

10 890 93 921 item,
107 892 153 918 καὶ
171 893 353 930 πρόσκαιρον,
369 896 416 922 καὶ
437 896 631 924 ἐπιλείπουσαν
647 898 783 933 ὲλάμὸανε

10 934 45 969 τὴν
60 935 89 962 ὲκ
119 936 220 972 μέρους
243 939 353 973 γνῶσιν,
376 940 434 976 ἦτοι
458 943 491 977 τῇ
515 942 569 969 ἀπὸ
587 943 642 969 τῶν
667 943 784 979 Γραφῶν

10 983 189 1017 ωγκρῐσειτῶν
200 985 328 1021 ἀρρήτων
339 987 505 1022 ρημάτων,ἃ
515 988 564 1015 οὐκ
578 988 637 1021 ἐξὸν
648 989 784 1025 ἀνθρώπῳ

10 1026 112 1063 λαλῆσαι,
127 1030 219 1056 πᾶσαν
231 1031 281 1067 τὴν
295 1031 343 1058 νῦν
361 1032 394 1059 δι’
413 1032 546 1068 ἐσόπτρου
563 1034 610 1061 καὶ
624 1035 785 1070 αἰνίγματος

10 1074 132 1110 γινομένην
146 1076 259 1110 γνῶσιν,
278 1079 516 1115 καταργουμένην,
530 1080 595 1106 ὅταν
618 1079 681 1116 ἔλθῃ
699 1081 729 1107 τὸ
742 1082 785 1108 τέ-

10 1117 72 1151 λειον,
87 1121 134 1148 οὐκ
144 1122 177 1148 ἂν
192 1123 261 1149 αὐτὸ
276 1124 487 1160 ὲνεκαλέσαμεν·
505 1116 569 1152 είδὲ
586 1126 657 1162 ὑπὲρ
667 1126 714 1153 τοῦ
725 1127 784 1154 δια-

10 1164 96 1192 ΰάλλειν
107 1169 140 1194 τὰ
162 1168 267 1195 παλαιὰ
281 1169 360 1197 τοῦτο
375 1173 456 1203 ποιεῖ,
471 1171 617 1207 ἐγκλητέος
634 1173 667 1199 ἂν
680 1172 734 1208 εἴη.
751 1174 784 1199 Ὃ

10 1210 29 1236 δὲ
47 1211 143 1239 δίδωσιν
166 1214 240 1250 ὕδωρ
254 1216 269 1241 ὁ
282 1216 386 1252 Σωτὴρ,
404 1218 485 1252 φησὶν
500 1216 567 1245 εἶναι
582 1219 613 1245 ὲκ
629 1218 676 1245 τοῦ
697 1218 783 1245 Πνεύ-

10 1265 77 1291 ματος
91 1260 134 1285 καὶ
152 1260 206 1295 τῆς-
221 1260 362 1296 δυνάμεως
376 1262 475 1296 αὑτοῦ,
488 1263 518 1290 οὐ
532 1262 704 1299 ψευδόμενος·
736 1265 784 1291 καὶ

10 1303 39 1334 εἰς
52 1304 87 1330 τό·
98 1315 106 1331 ι
124 1306 159 1332 Οὐ
178 1306 217 1342 μὴ
232 1307 339 1343 διψήσει
354 1308 382 1335 δὲ
392 1310 433 1341 εις
447 1309 493 1336 τὸν
508 1309 605 1342 αἰῶνα,
621 1319 630 1335 ι
648 1310 785 1337 ἀποδέδω-

10 1358 45 1376 κεν
57 1351 144 1384 αὐταῖς
159 1353 267 1386 λέξεσιν
281 1354 376 1386 οὕτως·
399 1364 408 1381 ι
431 1355 544 1388 Αἱώνιος
559 1356 614 1392 γὰρ
630 1358 646 1392 ἡ
665 1356 722 1392 ζωὴ
733 1357 783 1383 αὺ-

10 1396 52 1429 τοῦ,
64 1398 107 1425 καὶ
122 1400 258 1435 μηδέποτε
270 1401 446 1438 φθειρομένη,
460 1403 497 1434 ὡς
509 1403 556 1429 καὶ
577 1404 594 1438 ἡ
609 1403 703 1439 πρώτη
721 1404 737 1439 ή
752 1404 784 1430 ὲκ

10 1443 44 1469 ἰοῦ
58 1445 176 1479 φρέατος,
187 1446 257 1473 ἀλλὰ
270 1447 397 1482 μένουσα·
412 1449 593 1484 ἀναφαίρετος
607 1449 687 1485 γὰρὴ
703 1450 784 1485 χάρις

10 1490 44 1516 καὶ
55 1492 69 1526 ὴ
82 1492 166 1529 δωρεὰ
178 1492 228 1519 τοῦ
240 1493 366 1530 Σωτῆρος
376 1494 465 1530 ήμῶν,
481 1495 529 1522 καὶ
548 1495 585 1531 μὴ
602 1495 783 1531 ἀναλισκομέ-
797 1501 818 1530 c

10 1543 42 1570 νη,
54 1537 113 1572 μηδὲ
135 1537 302 1574 φθειρομένη
318 1541 347 1566 ὲν
370 1540 409 1576 τῷ
433 1541 571 1577 μετέχοντι
587 1541 642 1578 (I6)
658 1542 752 1578 αὐτῆς.
771 1552 782 1568 ι

10 1581 168 1620 Φθειρομένην
186 1585 217 1612 δὲ
243 1586 292 1621 τὴν
310 1585 422 1622 πρώτην
451 1587 539 1620 διδοὺς
564 1587 632 1615 εἶναι
653 1589 736 1625 ζωὴν,
759 1590 783 1615 ει

10 1627 48 1661 μὲν
59 1629 101 1666 τὴν
113 1631 182 1658 κατὰ
201 1631 235 1658 τὸ
251 1632 370 1668 γράμμα
387 1632 473 1668 ἔλεγε.
493 1633 582 1670 ζητῶν
593 1635 626 1670 τῇ
642 1635 783 1671 περιαιρέ-

10 1680 40 1699 Is:
54 1675 94 1701 τοῦ
109 1677 287 1713 καλύμματος
309 1680 463 1715 γινομένην,
481 1679 498 1714 ἢ
515 1679 585 1706 κατὰ
607 1680 637 1706 τὸ
660 1680 782 1716 Πνεῦμα,

10 1720 44 1745 καὶ
57 1722 192 1757 εὑρίσκων,
212 1724 299 1758 ὑγιῶς
314 1725 346 1752 ἂν
363 1725 465 1759 ἔλεγεν·
491 1727 515 1752 εἰ
532 1725 560 1752 δὲ
575 1726 664 1762 πάντη
680 1726 784 1762 φθορὰν

10 1771 135 1803 κιτηγορεῖ
149 1769 204 1796 τῶν
220 1771 357 1803 παλαιῶν,
374 1771 465 1806 δῆλον,
478 1773 520 1798 ὃτι
538 1772 618 1798 τοῦτο
639 1774 720 1806 ποιεῖ,
746 1773 784 1804 ὡς

10 1810 39 1862 μιῇ
52 1812 114 1862 ὁρῶν
125 1814 158 1840 τὰ
173 1815 265 1850 ἀγαθὰ
288 1816 343 1842 τῶν
358 1816 507 1852 μελλόντων
526 1817 598 1852 ἔχειν
619 1818 710 1844 ἐκεῖνα
727 1817 783 1852 (I7)

10 1859 47 1891 τὴν
62 1859 142 1886 σκιάν.
158 1861 215 1887 Οὐκ
231 1861 371 1893 ἀπιθάνως
386 1862 414 1888 δὲ
432 1862 473 1895 τὸ,
488 1863 670 1897 ἁλλομένου,
685 1863 783 1898 διηγή-

10 1907 69 1932 σατο,
88 1905 202 1937 καὶτοὺς
220 1906 479 1942 μεταλαμϐάνοντας
493 1907 539 1934 τοῦ
557 1908 659 1935 ἄνωθεν
670 1909 782 1944 ἐπιχορ-

10 1949 139 1983 ηγουμένου
163 1951 310 1984 πλουσίως,
333 1953 380 1979 καὶ
408 1953 506 1985 αὐτοὺς
525 1953 655 1980 ὲκῦλύσαι
675 1955 716 1985 εἰς
733 1954 783 1990 τὴν

10 1991 94 2028 ἑτέρων
115 1996 223 2024 αἰώνιον
247 1996 320 2033 ζωὴν
343 1998 377 2025 τὰ
400 1999 658 2035 ὲπικεχορηγημένα
679 2001 780 2032 αὐτοῖς.

14 2035 78 2065 Ἀλλὶ
90 2042 132 2067 καὶ
148 2042 255 2069 ἐπαινεῖ
266 2043 315 2079 τὴν
329 2044 492 2080 Σαμαρεῖτιν
505 2044 544 2076 ὡς
556 2045 782 2082 ἀνενδειξαμένην

10 2083 47 2118 τὴν
59 2085 205 2123 ἀδιάκριτον
224 2089 272 2116 καὶ
293 2089 460 2126 κατάλληλον
476 2092 508 2126 τῇ
526 2091 606 2126 φύσει
620 2091 721 2126 ἑαυτῆς
737 2092 782 2119 πί-

11 2136 64 2163 στιν,
76 2133 109 2168 μὴ
123 2135 307 2171 διακριθεῖσαν
321 2137 363 2172 ἐφ’
379 2134 421 2169 οἷς
434 2137 527 2171 ἔλεγεν
539 2138 618 2173 αὺτῇν
631 2138 655 2164 ει
670 2138 720 2172 μὲν
735 2135 781 2164 οὖν

10 2175 47 2210 τὴν
59 2180 208 2215 προαιρεσιν
220 2181 379 2217 ἀπεδέχετο,
396 2183 478 2218 μηδὲν
493 2184 557 2219 περὶ
574 2171 680 2218 φύσεως
693 2185 780 2211 αἰνιτ-
799 2171 820 2199 D

10 2222 110 2257 Musvog,
129 2226 166 2259 ὡς
189 2227 382 2264 διαφερούσης,
400 2229 446 2256 καὶ
468 2229 549 2265 ἡμεῖς
569 2229 602 2256 ἂν
620 2230 783 2264 συγκατεθέ-

11 2268 74 2301 μεθα·
91 2272 112 2300 εἰ
129 2273 156 2300 δὲ
171 2275 204 2309 τῇ
222 2276 322 2310 φυσικῇ
349 2277 507 2311 κατασκευῇ
524 2276 655 2312 ἀναφέρει
671 2277 720 2313 τὴν
732 2277 782 2312 τῆς

10 2318 213 2364 ςδγκαταθέσεως
224 2320 324 2352 αἰτίαν,
340 2321 378 2352 ὡς
393 2321 424 2347 οὐ
433 2321 499 2348 πᾶσι
511 2321 613 2357 ταύτης
626 2322 779 2358 παρούσης,

10 2364 169 2397 ανατρεπτέον
194 2366 278 2393 αὐτοῦ
293 2366 339 2392 τὸν
356 2366 444 2401 λόγον.
469 2367 525 2393 Οὐκ
551 2365 609 2393 οἶδα
631 2367 660 2394 δὲ
685 2368 745 2400 πῶς
767 2369 781 2394 ὁ

14 2405 150 2458 ’ξῐρακλέων
169 2411 200 2438 τὸ
226 2411 262 2447 μὴ
279 2412 473 2449 γεγραμμένον
488 2412 612 2440 ἐκλαϐών
630 2422 696 2450 φησι.
712 2415 781 2450 πρὸς

10 2456 39 2477 ’δύ’
57 2463 64 2478 ι
81 2456 125 2488 Δός
140 2465 183 2492 μοι
207 2458 287 2484 coire
300 2459 330 2485 τὸ
346 2458 427 2494 ὕδωρ,
447 2468 456 2484 ι
479 2458 517 2491 ὡς
530 2459 584 2495 ἄρα
602 2459 705 2496 βραχέα
725 2460 782 2487 δια-

10 2499 117 2548 γυχθεϊσα
129 2503 179 2530 ὑπὸ
188 2503 234 2530 τοῦ
251 2504 337 2538 Λόγου
349 2505 464 2540 ἐμίσησε
476 2504 568 2532 λοιπὸν
581 2505 628 2532 καὶ
643 2506 689 2532 τὸν
701 2506 783 2534 τόπον

10 2545 94 2573 ἐκείνου
109 2549 153 2575 τοῦ
168 2550 315 2586 λεγομένου
338 2552 435 2580 Ἰακὼὸ
451 2552 568 2589 φρέατος
590 2552 656 2587 (18).
678 2553 739 2580 Ἔτι
755 2553 783 2579 δὲ

10 2593 47 2617 καὶ
62 2594 122 2629 πρὸς
136 2596 176 2623 τό·
195 2607 204 2624 ι
224 2599 273 2631 Δός
291 2607 335 2634 μοι
347 2598 425 2626 τοῦτο
436 2598 467 2626 τδ
483 2599 569 2636 ὕδωρ,
579 2599 631 2626 ἵνα
653 2600 690 2635 μὴ
703 2599 782 2635 διψῶ,

45 2651 146 2682 "Joan.
163 2664 199 2684 Iv.
215 2657 241 2684 9.
297 2657 319 2673 ⁷³
338 2657 403 2684 ibid.
419 2658 461 2684 II.
518 2656 540 2672 ⁸⁰
557 2656 621 2684 ibid.
640 2658 682 2684 ια.

739 2657 762 2673 ³¹
777 2656 787 2684 l
802 2656 864 2684 Cor.
881 2665 940 2688 xm,
961 2657 1002 2684 l2.

874 623 958 658 220
975 622 1016 650 ιο.
1034 621 1087 650 Sed
1100 621 1157 656 jam
1170 620 1311 649 videamus
1327 620 1392 655 quid
1406 618 1555 647 Heracleon
1572 619 1626 647 hoc

837 670 862 697 iu
876 670 937 697 loco
951 669 1073 696 sentiat:
1091 668 1180 702 inquit
1202 671 1294 694 autem
1318 665 1435 702 [fontem
1458 664 1559 701 illum.]
1576 665 1627 692 im-

835 714 972 747 bccillem,
986 717 1014 741 et
1032 712 1238 747 temporariam,
1254 715 1282 739 et
1298 711 1470 738 deﬁcientem
1482 710 1566 737 fuisse
1583 710 1626 736 vi-

836 763 902 792 tam,
914 759 1040 794 illiusque
1049 758 1184 793 gloriam;
1200 756 1335 783 mundana
1345 756 1430 790 enim,
1440 755 1538 790 inquit,
1548 759 1608 782 erat
1617 775 1626 788 ,

837 809 864 833 et
875 805 1014 832 existimat
1030 811 1060 831 se
1079 803 1341 831 demonstrationem
1364 801 1463 830 aﬁ‘erre
1480 801 1547 838 [per
1568 800 1628 828 fon-

837 850 908 886 tem]
925 850 1074 885 signilicari
1089 849 1172 877 vitam
1187 848 1368 881 mundanam,
1384 855 1417 876 eo
1436 848 1509 883 quod
1528 854 1626 882 pecora

835 896 921 924 Iacob
943 904 976 924 ex
995 904 1027 924 eo
1048 895 1188 928 biberint;
1212 900 1240 922 et
1257 895 1391 930 siquidem
1408 893 1583 925 imbecillelu,
1599 897 1627 919 et

836 942 1039 977 temporariam,
1055 945 1083 968 et
1099 941 1270 968 deiicientem
1285 941 1435 974 accepisset
1444 938 1625 973 cognitionem

835 996 894 1016 eam
907 995 968 1022 quae
980 992 1022 1015 est
1037 995 1069 1014 ex
1086 991 1162 1022 parte
1175 988 1209 1019 ε’,
1225 995 1322 1022 nempe
1333 986 1514 1022 cognitionem
1527 992 1542 1012 e
1554 984 1628 1012 Scri-

835 1034 923 1068 pturis
946 1033 1164 1068 provenientem,
1183 1033 1392 1068 comparatione
1412 1031 1556 1059 verborum
1585 1030 1626 1057 in-

835 1079 983 1107 dicibihum
999 1083 1026 1106 et
1039 1086 1101 1114 quae
1117 1080 1150 1106 ad
1163 1079 1301 1106 hominem
1320 1078 1411 1113 eloqui
1426 1086 1478 1105 uon
1489 1081 1531 1105 est
1540 1077 1579 1104 l'as
1591 1077 1626 1107 ⁸¹,

835 1133 944 1153 omnem
971 1125 1077 1153 scilicet
1094 1129 1255 1158 prtesentem
1278 1124 1471 1159 cognitionem,
1497 1130 1557 1158 quas
1579 1129 1627 1155 per

835 1171 976 1207 speculum
997 1175 1039 1198 est
1055 1175 1083 1198 et
1097 1178 1146 1205 per
1158 1170 1274 1205 aenigma
1287 1170 1323 1200 ⁸³,
1337 1174 1365 1196 et
1385 1176 1445 1204 quae
1464 1168 1626 1200 destruitur,

835 1226 896 1245 cum
918 1217 1022 1245 venerit
1045 1216 1110 1244 illud
1122 1217 1194 1251 quod
1210 1215 1361 1251 perfectum
1372 1220 1415 1243 est
1434 1214 1469 1248 “,
1485 1214 1627 1249 haudqua-

835 1271 917 1300 quam
930 1264 994 1292 illud
1008 1263 1298 1299 reprehendissemus;
1318 1262 1360 1288 sin
1375 1268 1440 1288 vero
1456 1261 1545 1288 isthuc
1570 1260 1627 1296 agit

836 1314 865 1336 ut
884 1310 1066 1344 reprehendat
1091 1313 1202 1341 vetera,
1222 1305 1461 1342 reprehendendus
1486 1310 1529 1333 est
1556 1306 1625 1340 ipse.

835 1355 920 1383 Porro
930 1355 1002 1390 quod
1019 1356 1058 1382 ait
1076 1362 1174 1389 aquam
1193 1361 1274 1389 quam
1294 1353 1340 1380 dat
1356 1352 1495 1385 Servator,
1512 1359 1545 1379 ex
1562 1350 1626 1386 Spi-

836 1401 890 1428 ritu
904 1408 965 1428 esse
981 1406 1008 1428 et
1021 1408 1054 1428 ex
1075 1401 1159 1435 ipsius
1173 1399 1306 1434 potentia,
1335 1406 1398 1425 vera
1421 1403 1534 1425 narrat:
1559 1398 1626 1432 quin

838 1449 894 1476 hmc
913 1449 1017 1476 verba:
1038 1457 1046 1473 I
1065 1447 1122 1475 Non
1149 1447 1226 1475 siliet
1243 1447 1270 1473 in
1295 1449 1427 1473 aeternum
1443 1444 1477 1477 ⁸⁸,
1494 1453 1503 1470 ι
1531 1443 1626 1470 iisdem

836 1501 905 1529 pene
928 1494 1020 1521 verbis
1046 1484 1244 1528 interpretatus
1266 1497 1318 1524 est,
1339 1491 1380 1518 sic
1403 1490 1516 1518 dicens:
1536 1498 1545 1515 ι
1565 1488 1625 1516 Vita

835 1541 906 1568 enim
927 1545 1029 1568 atterna
1045 1544 1087 1568 est
1104 1539 1156 1566 vita
1169 1539 1267 1574 ipsius,
1283 1542 1311 1565 et
1325 1544 1385 1572 quae
1401 1543 1537 1571 nunquam
1561 1542 1625 1562 cor-

835 1587 981 1622 rumpitur,
998 1586 1067 1614 sicut
1085 1586 1172 1621 prima
1189 1585 1234 1612 illa
1250 1592 1319 1618 aqua
1335 1591 1395 1618 quae
1410 1587 1453 1610 est
1475 1589 1509 1609 ex
1532 1585 1625 1616 puteo.

834 1634 882 1661 sed
895 1640 1007 1661 manens
1024 1642 1030 1660 :
1048 1632 1142 1667 nequit
1153 1631 1226 1659 enim
1252 1630 1354 1658 auferri
1375 1632 1487 1661 donum,
1499 1626 1624 1662 ctgratia

836 1679 989 1708 Servatoris
1013 1678 1113 1709 nostri,
1142 1685 1202 1712 qua:
1229 1683 1317 1710 neque
1345 1674 1515 1702 consumitur
1539 1678 1627 1706 neque

835 1726 1019 1761 corrumpitur
1040 1725 1066 1751 in
1097 1731 1129 1752 eo
1148 1724 1194 1758 qui
1225 1721 1361 1757 particeps
1390 1720 1475 1755 ipsius
1501 1717 1595 1745 fuerit.
1613 1726 1623 1743 ι

836 1773 921 1800 Porro
933 1776 1024 1799 autem
1042 1778 1103 1797 cum
1119 1770 1234 1804 primam
1249 1768 1332 1795 vitam
1348 1764 1553 1799 corruptibilem
1576 1763 1625 1790 de-

834 1819 916 1850 derit,
934 1817 1070 1852 siquidem
1087 1823 1147 1843 eam
1161 1812 1366 1848 corruptibilem
1384 1811 1467 1838 vitam
1483 1809 1551 1837 dixit
1565 1815 1627 1842 qua:

834 1868 877 1891 est
892 1862 1041 1890 secundum
1058 1861 1189 1891 litteram,
1207 1865 1334 1893 quaerens
1346 1861 1374 1883 et
1392 1854 1534 1883 inveniens
1549 1853 1625 1880 abla-

836 1911 907 1938 tione
921 1907 1062 1937 velautinis
1072 1906 1155 1933 vitam
1168 1912 1228 1933 eam
1240 1911 1301 1939 quae
1314 1906 1356 1930 est
1370 1909 1403 1929 ex
1419 1900 1535 1935 Spiritu,
1551 1903 1625 1926 recte

834 1956 922 1984 dixit:
940 1963 980 1983 sin
1000 1962 1066 1982 vero
1079 1951 1286 1987 corruptibilem
1300 1949 1404 1981 dicens,
1420 1950 1531 1974 accusat
1541 1945 1623 1971 vitam

834 2007 969 2034 veterum,
987 2000 1160 2036 perspicuum
1175 2002 1216 2025 est
1231 2004 1293 2024 eum
1312 1995 1362 2022 hoc
1375 1993 1478 2024 facere,
1495 1996 1623 2025 tanquam

833 2048 878 2083 qui
893 2055 945 2075 non
960 2048 1050 2074 videat
1066 2046 1134 2073 bona
1147 2045 1191 2072 illa
1206 2043 1330 2071 umbram
1347 2041 1449 2068 habere
1463 2038 1617 2066 futurorum

834 2094 942 2121 illorum
963 2094 997 2120 ⁸⁵.
1019 2093 1152 2120 Caeterum
1173 2097 1226 2117 non
1250 2089 1346 2116 inscite
1364 2088 1561 2119 interpretatus
1578 2088 1622 2110 est

835 2146 930 2167 vocem
954 2137 1073 2165 salientis
1097 2135 1120 2152 ⁸⁷
1148 2141 1245 2169 aqua),
1274 2132 1370 2160 dicens
1400 2137 1448 2157 eos
1473 2129 1518 2164 qui
1542 2135 1559 2155 e
1577 2135 1622 2154 su-

836 2185 928 2222 pernis
941 2184 1013 2211 illam
1026 2182 1198 2210 abundanter
1207 2179 1406 2214 suppeditatum
1417 2175 1624 2211 participarent,

834 2220 957 2259 vicissim
974 2229 1058 2257 etiam
1080 2235 1112 2254 ea
1136 2225 1273 2254 scaturire
1295 2230 1355 2258 qua!
1377 2222 1429 2250 sibi
1449 2220 1624 2255 suppeditata

834 2277 946 2305 fuerint.
971 2276 1024 2303 Sed
1049 2279 1077 2302 et
1102 2272 1293 2300 Samaritidem
1317 2269 1420 2300 laudat,
1444 2272 1474 2294 ut
1493 2273 1554 2301 qua:
1569 2273 1626 2293 sua

835 2323 920 2359 ipsius
935 2326 1041 2349 natura:
1058 2320 1137 2347 Iidem
1152 2317 1304 2346 ostenderit
1315 2314 1447 2350 aequalem
1461 2317 1488 2340 et
1500 2317 1626 2340 constan-

837 2374 910 2400 tem;
927 2375 979 2396 non
998 2372 1099 2394 metant
1112 2367 1147 2393 oh
1160 2373 1191 2393 ea
1208 2372 1268 2399 qua:
1286 2363 1323 2390 illi
1342 2362 1451 2390 dicebat
1466 2361 1618 2394 Servatur;

834 2415 877 2442 cui
893 2414 976 2442 etiam
991 2421 1040 2440 nos
1053 2412 1211 2444 annuimus,
1228 2411 1251 2438 si
1268 2409 1436 2445 propositum
1457 2408 1561 2441 laudat,
1581 2407 1624 2433 ni-

835 2461 873 2488 hil
891 2461 924 2487 dc
936 2465 1030 2487 natura
1046 2458 1126 2486 veluti
1140 2457 1281 2485 excellenti
1296 2459 1432 2489 innueus;
1449 2456 1491 2483 sin
1509 2462 1575 2482 vero
1590 2454 1625 2482 ad

835 2506 961 2534 naturale
979 2506 1119 2540 opiﬁcium
1137 2504 1229 2537 refert,
1247 2503 1318 2538 quod
1335 2502 1473 2530 Servatori
1486 2502 1627 2536 obtempe-

836 2552 903 2580 rarit
920 2551 1076 2583 Samaritis,
1096 2550 1172 2584 quasi
1186 2550 1238 2576 hoc
1257 2557 1308 2576 non
1326 2547 1453 2576 omnibus
1470 2547 1545 2579 insit,
1560 2545 1627 2573 sub-

837 2598 966 2626 vertenda
988 2601 1029 2624 est
1056 2596 1128 2624 illitis
1151 2595 1248 2622 oratio.
1275 2594 1371 2622 Nescio
1395 2601 1461 2621 vero
1488 2590 1629 2626 quomodo

1059 2657 1081 2673 ⁸¹
1097 2655 1117 2683 ll
1134 2656 1195 2683 Cor.
1211 2664 1260 2687 xn,
1277 2657 1301 2683 ιι.
1359 2657 1382 2672 ⁵³
1396 2657 1405 2683 I
1421 2657 1483 2686 Cor.
1500 2665 1564 2691 xm,
1583 2658 1625 2685 I‘Z.

11 2683 30 2699 ἰ
44 2685 97 2715 ibid.
112 2690 152 2717 ιο.
190 2683 306 2719 "toan.
321 2683 475 2724 ιθζιδῖυα
491 2692 573 2719 Hebr.
592 2700 618 2723 κ,
632 2683 665 2719 ti
695 2692 716 2708 οτ
732 2691 780 2720 Joa

879 2683 922 2720 η.

17 2739 271 2810 μὶἕᾞχὲἷξῖἐχοντι.
291 2743 337 2771 Sic
362 2744 447 2771 codex
469 2744 646 2779 Bodleianus;
672 2747 781 2782 Iit-gius,

45 2798 200 2843 difﬁculi“
232 2813 403 2847 Bodleiuuus,
421 2813 490 2849 ἔχειν
518 2816 647 2850 ἐκείνων,
672 2817 782 2852 Regius,

837 2746 893 2772 ἕνει
910 2747 1011 2772 ἐκεῖνα.

853 2753 1011 2815 ίῐιι
1025 2779 1122 2806 Ἰακὼϐ
1139 2779 1256 2815 φρέατος
1270 2779 1354 2806 codex
1373 2776 1472 2812 nt‘gills
1487 2781 1631 2811 perperam

839 2817 921 2844 habet
943 2816 1042 2848 ζῶντος
1061 2815 1167 2846 ὕδατος.
