1853 3050
205 96 259 124 “5

205 155 369 189 Heracleou,
385 157 457 190 qttmi
476 157 606 192 scriptum
621 157 702 185 etiam
718 165 770 186 non
789 162 830 186 est
839 166 991 190 assumens.
1007 170 1029 196 Α

203 204 303 230 dixerit
317 203 342 230 in
361 203 410 230 hoc
422 204 522 230 dictum
536 211 543 230 :
557 214 565 230 ι
579 205 614 231 Da
629 205 692 232 mihi
710 205 779 232 hanc
795 213 920 240 aquam,»
934 207 993 234 bre-

204 251 228 276 vi
246 258 259 276 τι
280 250 410 277 Sermone
433 250 478 277 Dei
493 250 563 277 Filio
580 250 747 277 stimulatam
772 251 913 278 mulierem
929 251 992 278 odio

204 295 334 322 habuisse
348 296 430 322 etiam
457 295 544 323 locum
570 296 642 323 illius
664 297 752 330 pulei,
777 297 822 330 qui
848 297 990 324 dicebatur

947 101 1107 128 ORICl-INIS

1785 102 1832 129 H6

1046 160 1111 195 μηδὲ
1137 160 1287 195 διέρχωμαι
1311 158 1403 186 ἐνθάδε
1420 158 1535 191 ἀντλεῖν,
1556 168 1566 185 ι
1591 159 1675 195 φησὶν
1689 159 1733 187 δτι
1753 161 1834 187 ταῦτα

1046 205 1119 239 λέγει
1135 205 1151 240 ἡ
1174 205 1242 240 γυνὴ
1263 205 1432 240 ἐμφαίνουσα
1450 205 1480 231 τὸ
1498 204 1656 240 ὲπέμοχθον,
1674 205 1723 232 καὶ
1739 205 1833 232 δυσπά-

1047 259 1146 286 ριστον,
1164 250 1211 277 καὶ
1227 250 1344 286 ἄτροφον
1359 250 1462 276 ἐκείνου
1483 250 1530 276 τοῦ
1550 250 1656 282 ὓδατος.
1671 251 1758 277 Πόθεν
1785 253 1833 287 γὰρ

1044 295 1178 323 δεικνύναι
1193 295 1249 330 ἔχει
1261 296 1376 331 ἄτροφον
1390 293 1458 322 εἶναι
1473 296 1502 322 τὸ
1514 295 1560 323 τοῦ
1580 295 1678 323 Ἰακὼϐ
1695 295 1783 331 ῦδωρ;

201 339 294 367 Jacob.
312 340 444 368 Prmterea
460 341 485 368 in
501 341 584 368 illud:
598 351 607 367 ι
627 342 664 368 Da
680 342 744 368 ntihi
757 348 855 376 aquam
868 343 949 373 hanc.
962 346 991 369 ut
1007 350 1060 369 non
1084 342 1187 373 sitiam.
1218 349 1305 376 neque
1322 342 1427 369 veniam
1444 343 1496 369 huc
1524 343 1556 369 ad
1583 343 1766 370 hauriendum
1776 343 1809 373 ῃ,
1826 353 1833 367 ι

202 386 289 419 inquit
307 385 386 420 221
408 386 548 413 mulierem
565 386 621 413 hzec
637 386 729 414 dicere
743 388 932 414 ostendentem
955 387 1047 414 labore
1070 387 1184 420 hauriri,
1198 392 1225 414 et
1257 395 1320 414 cum
1348 387 1512 415 difticultale
1533 389 1622 423 parari
1639 396 1739 422 aquam
1765 389 1836 416 illam

202 433 235 459 ad
251 433 419 468 irrigandum
438 441 491 460 non
511 437 600 468 aptam
619 441 708 469 neque
723 434 901 462 nutrientem.
917 434 995 462 Unde
1007 435 1079 462 enim
1109 440 1198 469 potest
1212 435 1358 462 ostendere
1384 443 1482 469 aquam
1497 434 1580 462 Jacoh
1610 434 1765 469 irrigatioui
1792 444 1839 470 ap-

202 483 256 505 tam
274 486 326 505 non
342 486 463 506 essenec
476 480 667 506 nulricutent?

236 524 279 551 il.
291 524 385 551 Adhuc
395 524 421 550 in
436 525 493 551 haec
506 525 560 551 duo
572 525 654 552 verba
670 534 676 552 :
691 533 700 550 ι
717 525 786 552 Dicit
797 525 890 558 illi",i
904 524 992 560 inquit

202 569 361 602 lleraeieon,
379 570 482 597 scilicet
499 570 551 597 tale
563 570 627 605 quid
647 570 742 598 dicens
757 580 763 598 :
783 581 792 597 (
812 571 841 599 Si
856 572 897 599 vis
917 571 991 598 acci-

201 622 263 648 pere
288 615 358 642 hanc
384 623 493 650 aquam,
517 616 599 648 vade,
616 623 682 644 voca
710 617 798 644 virum
819 622 913 650 tuum;
934 627 944 644 ι
964 622 991 645 et

199 661 337 687 existimat
353 661 453 692 virum,
479 669 559 696 quem
584 661 758 690 Samaritidis
772 670 833 690 esse
861 663 991 692 Servator

200 707 274 739 dicit,
303 707 424 740 pleroma
450 707 625 736 Samaritidis
647 716 717 741 esse,
733 714 764 736 ut
787 709 908 744 profecta
926 717 988 737 cum

201 752 246 777 illo
268 752 301 778 ad
326 751 512 785 Servatorem,
530 759 671 788 reportare
689 755 725 782 ab
747 755 805 789 ipso
829 755 988 789 potentiam.

200 803 225 824 et
245 798 384 831 unionem,
407 804 435 826 et
453 801 672 827 counnistionem
699 802 732 827 ad
763 801 883 836 pleroma
911 809 989 828 suum
1007 808 1028 835 Β

201 847 292 875 ροςςθι
307 850 314 868 :
333 851 342 867 ‹
360 850 420 869 cum
445 843 572 871 Christus
586 852 639 871 non
656 845 783 877 dixerit,»
804 846 890 880 inquit
905 845 991 872 [lera-

200 887 293 920 clcon,
315 896 324 913 ι
340 888 447 916 mulieri
470 890 503 916 de
525 890 633 918 homine
646 891 794 924 mundano,
817 897 846 918 ut
870 897 989 924 vocaret,

201 933 330 966 quoniam
347 941 400 960 non
412 934 627 969 ignorabateant
644 935 794 970 legitimum
819 937 908 964 virum
935 945 989 964 non

202 979 314 1006 habere.
335 988 345 1006 ι
362 980 498 1008 (ἔπιθι-νηὶ
514 982 657 1010 manifeste
673 983 724 1010 hoc
750 983 776 1010 in
800 983 860 1011 loco
878 989 991 1019 urgetur

200 1026 306 1059 dicens,
323 1027 394 1062 quod
409 1027 515 1054 mulieri
529 1028 659 1056 Servator
677 1029 799 1056 dixerit:
830 1039 839 1056 ι
857 1030 929 1058 Voca
951 1031 992 1058 vi-

202 1079 260 1099 rum
285 1077 378 1105 tuum,
395 1077 424 1101 et
437 1074 498 1101 veni
523 1075 575 1101 huc
589 1075 642 1106 ",i
662 1075 820 1110 significans
846 1077 987 1109 maritum,

199 1125 280 1152 quem
294 1126 326 1145 ex
342 1119 494 1154 pleromate
509 1120 643 1147 habebat:
660 1128 720 1148 nam
736 1121 760 1149 si
779 1122 831 1150 hoc
849 1122 888 1150 sic
899 1130 929 1150 se
941 1123 990 1150 ba-

200 1164 468 1199 hehat,oportuerat
488 1167 576 1193 virum
601 1167 729 1199 dicendo,
758 1168 868 1195 modum
892 1169 990 1201 etiam,

199 1218 254 1244 quo
273 1213 413 1239 vocandus
429 1217 498 1246 erat,
513 1213 616 1245 dicere,
639 1217 669 1240 ut
690 1221 751 1240 cum
766 1214 825 1248 ipso
841 1214 874 1240 ad
890 1214 992 1241 Serva-

199 1265 284 1287 torem
301 1266 435 1295 pergeret.
455 1271 463 1287 ι
484 1261 537 1289 Sed
554 1262 695 1296 quoniam.
732 1266 762 1288 nt
781 1261 934 1290 Heracleon
950 1263 992 1290 in-

200 1305 271 1340 qttil,
284 1306 360 1340 juxta
379 1306 586 1340 intelligentiam
607 1307 777 1342 spiritualem
794 1307 937 1343 ignorabat
953 1309 991 1336 vi-

199 1359 258 1378 rum
273 1359 362 1384 suum,
376 1353 525 1380 secundum
538 1360 602 1380 vero
613 1353 768 1388 simplicem
783 1353 990 1388 intelligentiam

200 1397 380 1425 erubescebat
402 1398 493 1425 dicere
520 1398 593 1433 quod
620 1398 755 1425 moechum
783 1399 908 1433 haberet,
937 1408 989 1427 non

198 1444 299 1476 virum,
315 1454 324 1470 ι
344 1444 479 1478 quomodo
496 1451 548 1471 non
573 1444 674 1471 frustra
690 1444 845 1479 imperabit,
873 1446 965 1474 dicens
980 1455 987 1473 :

200 1498 210 1516 ι
229 1490 311 1520 Vade,
327 1497 393 1517 voca
407 1490 497 1517 virum
515 1495 601 1523 tuum,
615 1494 644 1517 et
660 1490 721 1517 veni
736 1491 807 1518 huc?
819 1501 827 1517 I
843 1492 943 1519 Deinde
955 1492 988 1519 ad
1004 1489 1026 1519 C

198 1535 264 1562 illud
277 1544 284 1562 :
303 1544 313 1561 ι
332 1534 401 1562 Vere
412 1535 515 1568 dixisti,
528 1536 657 1570 quoniam
671 1536 758 1564 virum
771 1545 825 1564 non
842 1537 987 1571 habeo",i

201 1582 308 1616 inquit:
328 1590 337 1607 t
358 1581 491 1615 Quoniam
509 1582 536 1609 in
551 1583 651 1610 mundo
675 1584 763 1610 virum
790 1591 843 1611 non
873 1585 990 1612 habebat

199 1626 356 1659 Samaritis,
376 1627 435 1654 viro
455 1634 504 1654 suo
521 1627 674 1655 exsistente
701 1628 728 1655 in
755 1628 852 1656 Eone.
869 1638 878 1655 ι
900 1630 990 1664 Atque

201 1679 250 1699 nos
278 1672 385 1706 quidem
405 1672 541 1708 legimus:
572 1682 581 1700 ι
601 1674 728 1710 Quinque
749 1675 822 1702 eniut
847 1675 922 1703 viros
946 1676 991 1703 ha-

200 1718 338 1750 buisti";
356 1728 365 1744 ι
393 1719 463 1753 apud
491 1719 685 1748 Ileracleonem
714 1728 779 1748 vero
807 1721 987 1749 Invenimus:

203 1773 212 1789 ι
231 1764 284 1791 Sex
301 1764 374 1791 viros
393 1764 531 1798 habuisti;
554 1775 563 1792 ι
582 1765 833 1801 iuterpretaturque
855 1774 902 1800 per
917 1766 990 1794 viros

201 1816 248 1836 sex
263 1809 416 1836 universam
432 1810 563 1837 malitiam
584 1811 754 1838 materialetn
773 1812 917 1845 declarari,
945 1813 989 1839 cui

200 1854 363 1888 complicata
379 1855 466 1882 fuerat
484 1856 582 1890 cuique
596 1856 802 1891 approximarat
824 1861 925 1891 praeter
942 1864 988 1884 ra-

201 1900 301 1928 tionem
322 1900 473 1934 foruieans,
490 1902 665 1930 contumeliis
683 1901 790 1934 affecta,
810 1906 837 1930 et
851 1907 990 1937 separata,

200 1951 227 1973 ct
244 1946 370 1973 derelicta
389 1947 423 1973 ab
441 1947 516 1982 ipsis.
537 1946 591 1974 Sed
607 1947 656 1982 ipsi
672 1947 829 1974 lleracleoni
847 1947 989 1974 dicendutn

199 1996 252 2024 est,
264 1991 286 2019 si
298 1991 430 2019 fornicata
443 1998 484 2020 est
496 1992 655 2026 spiritualis,
667 1999 794 2026 pet-casse
805 1992 988 2026 spiritualeut;

201 2039 222 2065 si
239 2046 303 2066 vero
318 2039 442 2072 peccavit
461 2039 620 2072 spiritualis,
650 2040 776 2065 arborem
805 2038 902 2065 bonam
937 2046 988 2065 non

201 2083 284 2111 fuisse
300 2083 467 2118 spiritualem
481 2093 488 2117 ;
507 2084 582 2119 juxta
595 2084 667 2111 enim
683 2084 860 2119 Evangeliutn
875 2092 880 2109 :
901 2093 911 2110 ‹
931 2083 989 2110 Non

202 2133 289 2162 potest
306 2128 387 2155 arbor
401 2129 469 2155 bona
489 2128 573 2155 malos
588 2129 692 2156 fruetus
707 2129 778 2156 ferre
789 2129 813 2145 "
824 2149 832 2162 ,
849 2139 858 2155 ι
878 2129 990 2164 proinde

203 2179 297 2208 aperte
313 2174 366 2201 illis
381 2174 472 2209 perire
484 2182 545 2209 qum
561 2175 708 2202 tinxerunt.
723 2176 800 2208 Quod
820 2176 843 2204 si
862 2176 920 2203 fieri
940 2184 988 2203 tte-

203 2221 262 2254 quit
281 2225 311 2246 ut
326 2221 407 2248 arbor
423 2221 492 2248 bona
519 2222 606 2248 malos
625 2221 694 2249 ferat
713 2221 829 2255 fructus,
854 2226 880 2249 et
909 2222 992 2250 arbor

204 2267 273 2292 bona
287 2272 328 2293 est
343 2267 498 2299 Samaritis,
517 2268 579 2302 quia
598 2269 634 2295 sit
647 2268 806 2302 spiritualis,
820 2275 991 2302 consequens

205 2311 241 2338 illi
253 2317 294 2339 est
310 2313 411 2346 dicere,
427 2314 498 2348 quod
510 2318 557 2340 aut
573 2314 718 2341 fornicatio
731 2314 791 2349 ejus
807 2322 860 2341 non
881 2313 916 2340 sit
932 2320 992 2347 pec-

203 2363 306 2387 catum.
325 2364 371 2385 aut
383 2360 454 2393 quod
468 2360 525 2387 haec
540 2368 593 2387 non
605 2365 647 2387 est
659 2359 803 2386 fornicata.

238 2402 319 2437 222
333 2403 376 2430 12.
395 2413 405 2429 ι
422 2405 492 2431 Dicit
505 2405 537 2431 ad
554 2414 616 2432 eum
631 2405 729 2432 mulier
743 2413 750 2432 :
766 2405 891 2437 Domine,
912 2405 992 2432 video

206 2453 231 2474 te
250 2455 310 2475 esse
326 2449 496 2483 prophetam.
510 2450 604 2478 Patres
625 2452 710 2478 nostri
732 2451 759 2478 itt
775 2456 866 2478 monte
881 2452 932 2479 hoc
949 2451 993 2478 ad-

205 2499 364 2528 oraverunt,
377 2500 405 2522 et
416 2503 462 2524 vos
473 2497 563 2524 dicitis
578 2496 752 2532 Jerosolymaa
766 2496 854 2523 locum
869 2505 931 2524 esse
946 2496 991 2524 ubi

206 2545 328 2574 oporteat
343 2542 457 2569 adorare
470 2543 519 2569 νδ.»
538 2542 631 2570 Tertio
642 2543 699 2577 jam
722 2541 868 2570 Samaritis
890 2542 991 2570 Serva-

208 2590 292 2612 tnrem
308 2591 429 2614 uostrtnn
446 2587 591 2614 Dominum
609 2587 749 2622 pradicat,
777 2587 886 2621 quando
909 2587 989 2614 etiam

205 2632 335 2666 scriptum
350 2638 394 2661 est
407 2632 502 2659 ultimo
518 2633 568 2659 hoc
584 2640 642 2659 eam
663 2632 700 2659 illi
719 2632 840 2662 dixisse;
869 2637 989 2658 attamen

258 2702 370 2730 “Joan.
391 2709 428 2733 Iv,
442 2701 485 2729 15.
523 2701 545 2717 ⁸⁸
555 2702 619 2730 ibid.
637 2702 681 2730 16.
719 2702 742 2717 ’⁸
758 2701 826 2729 ibid.

1005 2161 1027 2188 D

244 2773 300 2806 (i9)
318 2773 444 2807 Ἔλεγεν
462 2773 549 2807 αὐτῇ.
570 2773 649 2800 Deest
674 2773 700 2799 iu
722 2773 814 2800 codice
835 2771 991 2800 Bodleiano.

245 2808 300 2842 (20)
316 2807 376 2835 1⁵051
392 2809 471 2836 αὐτόν
487 2809 638 2838 addendum
653 2809 756 2835 videtur
771 2808 868 2834 εἰπεῖν.

870 2701 891 2716 ⁹¹
911 2700 976 2728 ibid.
989 2700 1031 2728 ΓΙ.

1080 523 1124 550 Η.
1141 523 1200 549 Ἔτι
1215 522 1268 549 δὲὸ
1283 522 1441 558 Ἡρακλέων
1459 522 1526 557 πρὸς
1543 523 1585 550 τά·
1607 532 1618 548 r
1636 523 1718 557 Λέγει
1734 524 1817 559 αὐτῇ,
1829 534 1837 549 ι

1043 569 1121 605 φησὶ,
1137 569 1217 603 δῆλον
1231 569 1270 594 ὅτι
1283 567 1387 594 τοιοῦτό
1403 577 1430 594 τι
1442 567 1538 602 λέγων’
1557 577 1567 593 ‹
1594 569 1626 595 Ei.
1641 569 1731 601 θέλεις
1747 569 1841 596 λαεεῖν

1041 615 1121 641 τοῦτο
1130 614 1160 640 τὸ
1173 614 1255 649 ὕδωρ,
1274 613 1373 648 ὕπαγε,
1391 613 1515 648 φώνησον
1528 613 1573 640 τὸν
1587 614 1673 650 ἄνδρα
1687 623 1746 641 σου·
1771 625 1781 641 ›
1794 617 1840 641 ni

1041 660 1126 686 οἴεται
1143 659 1192 694 τῆς
1209 659 1401 694 Σαμαρείτιδος
1417 659 1463 686 τὸν
1481 659 1627 694 λεγόμενον
1648 660 1702 686 ὑπὸ
1716 660 1768 687 τοῦ
1786 661 1842 687 Σω-

1042 705 1124 740 τῆρος
1138 704 1233 740 ἄνδρα,
1244 705 1273 730 τὸ
1284 703 1420 739 πλήρωμα
1430 701 1500 731 εἶναι
1510 704 1606 739 αὐτῆς,
1620 705 1664 732 ἵνα
1678 705 1729 731 σὺν
1743 706 1843 740 ἐκείνῳ

1043 750 1176 785 γενομένη
1204 750 1273 785 πρὸς
1295 750 1340 776 τὸν
1357 749 1470 785 Σωτῆρα
1486 750 1648 785 κομίσεσϐαι
1670 751 1741 786 παρ’
1758 752 1842 778 αὐτοῦ

1042 796 1091 831 τὴν
1100 796 1224 832 δύναμιν,
1235 797 1283 823 καὶ
1294 797 1344 831 τὴν
1360 796 1467 828 ἕνωσιν,
1488 798 1536 823 καὶ
1557 797 1606 832 τὴν
1620 798 1781 833 ἀνάκρισιν
1795 799 1843 833 τὴν

1043 843 1111 878 πρὸς
1125 842 1156 869 τὸ
1171 842 1308 878 πλήρωμα
1322 842 1407 877 αὐτῆς
1424 843 1537 878 δυνηθῇ·
1558 852 1567 868 ι
1591 843 1622 870 οὐ
1638 843 1694 879 γὰρ
1712 846 1784 880 περὶ
1799 846 1843 872 ἁν-

1042 887 1116 923 δρὸς,
1139 896 1148 913 ι
1166 887 1243 922 φησὶ,
1263 895 1272 912 ι
1292 886 1437 921 κωμικοῦ,
1452 887 1545 921 ἔλεγεν
1560 887 1628 923 αὐτῇ
1643 889 1713 923 (19),
1726 889 1774 915 ἵνα
1794 898 1842 916 κα-

1042 932 1118 968 λέσῃ.
1133 932 1248 967 ἐπείπερ
1259 931 1308 958 οὑκ
1324 931 1427 966 ἠγνόει,
1447 933 1488 959 δτι
1504 932 1554 958 οὐκ
1575 931 1632 968 εἶχε
1650 933 1775 969 νόμιμον
1799 936 1843 962 ἀν-

1042 978 1102 1014 δρα.
1124 988 1134 1004 ι
1148 977 1292 1014 Προδὴλως
1304 978 1332 1004 δὲ
1344 978 1458 1005 tvm-30a
1471 978 1594 1013 βιάζεται
1608 979 1696 1013 λέγων
1710 981 1788 1016 αὐτῇ
1803 982 1843 1007 τὸν

1042 1025 1156 1060 Σωτῆρα
1171 1024 1322 1060 εἰρηκέναι·
1333 1034 1342 1050 ι
1354 1024 1480 1059 Φώνησόν
1493 1033 1540 1052 σου
1551 1025 1596 1052 τὸν
1607 1026 1701 1061 ἄνδρα,
1713 1028 1766 1053 καὶ
1784 1028 1842 1055 ἐλθὲ

1042 1070 1146 1103 ἐνθάδε,
1162 1081 1171 1096 ι
1188 1071 1319 1106 δηλοῦντα
1332 1071 1376 1097 τὸν
1392 1071 1445 1098 ἀπὸ
1459 1071 1505 1098 τοῦ
1514 1071 1696 1108 πληρώματος
1709 1073 1841 1109 σύζυγον·

1042 1117 1121 1153 εἴπερ
1147 1116 1201 1152 γὰρ
1224 1116 1296 1143 τοῦθ’
1310 1117 1397 1148 οὕτως
1417 1115 1500 1152 εἶχεν,
1523 1117 1607 1153 ὲχρῆν
1626 1118 1672 1144 τὸν
1687 1119 1782 1154 ἄνδρα
1801 1121 1843 1147 ut

1041 1163 1102 1189 τίνα
1119 1162 1219 1199 τρόπον
1231 1161 1368 1197 φωνητέον
1383 1161 1458 1189 ἔσται
1473 1163 1553 1189 αὐτὸν
1569 1163 1636 1198 (20),
1656 1164 1702 1190 ἴνα
1730 1165 1786 1192 σὺν
1802 1167 1844 1191 air

1042 1209 1080 1244 τῷ
1096 1209 1208 1243 γένηται
1217 1208 1285 1243 πρὸς
1297 1208 1343 1234 τὸν
1352 1208 1476 1244 Σωτῆρα.
1493 1218 1501 1234 ι
1526 1209 1595 1235 Ἀλλ’
1611 1210 1683 1241 ἐπεὶ,
1703 1210 1746 1242 ὡς
1763 1211 1845 1245 Ἡρι-

1042 1255 1128 1282 κλέων
1143 1255 1219 1291 φησι,
1236 1254 1306 1281 κατὰ
1324 1254 1355 1281 τὸ
1373 1254 1518 1289 νοούμενον
1538 1254 1630 1290 ἠγνόει
1648 1256 1695 1282 τὸν
1712 1256 1787 1283 tam
1802 1258 1843 1284 ἇν-

1041 1301 1102 1337 δρα,
1125 1301 1195 1328 κατὰ
1208 1301 1235 1328 δὲ
1251 1300 1282 1327 τὺ
1301 1300 1402 1327 ἁπλοῦν
1419 1300 1549 1336 ᾐσχύνετο
1564 1303 1661 1334 εἰπεῖν,
1672 1302 1718 1328 ὅτι
1735 1304 1843 1337 μοιχὸν,

1041 1348 1101 1382 οὐχὶ
1110 1348 1139 1374 δὲ
1151 1347 1235 1383 ἄνδρα
1251 1344 1317 1383 εἶχε·
1335 1356 1344 1372 ι
1364 1346 1422 1378 πῶς
1434 1347 1494 1382 οὐχὶ
1509 1346 1597 1382 μάτην
1607 1347 1683 1373 ἔσται
1702 1349 1845 1383 προστάς.

1043 1401 1097 1420 σων
1112 1394 1126 1419 ὁ
1138 1393 1233 1427 λέγων’
1254 1403 1262 1418 ε
1278 1392 1398 1426 Ὕπαγε,
1413 1392 1537 1427 φώνησον
1551 1393 1597 1419 τὸν
1611 1394 1698 1429 ἄνδρα
1721 1402 1787 1428 σου,
1803 1396 1844 1421 tu!

1041 1439 1102 1466 ἐλθὲ
1119 1440 1227 1472 ὲνθάδε;
1247 1449 1256 1466 ι
1271 1438 1336 1467 Εἶτα
1350 1439 1418 1475 πρὸς
1431 1439 1518 1466 τοῦτον
1540 1449 1550 1465 ι
1573 1440 1686 1475 Ἀληθὲς
1713 1442 1842 1477 εἴρηκας,

1041 1485 1082 1512 ὃτι
1097 1485 1181 1521 ἄνδρα
1196 1486 1246 1512 οὐκ
1271 1485 1353 1520 ἔχεις,
1371 1496 1380 1512 ι
1401 1486 1493 1521 φησίν⁸
1517 1495 1526 1512 ι
1553 1484 1629 1513 Ἐπεὶ
1646 1486 1675 1512 ὲν
1691 1486 1736 1521 τῷ
1748 1487 1844 1522 κόσμῳ

1041 1530 1090 1557 οὐχ
1105 1528 1176 1565 εἶχεν
1195 1529 1279 1566 ἄνδρα
1293 1531 1309 1565 ὴ
1329 1531 1502 1566 Σαμαρεῖτις·
1517 1528 1551 1566 ἦν
1566 1529 1622 1567 γὰρ
1634 1529 1730 1566 αὐτῆς
1742 1532 1760 1559 ὁ
1778 1532 1844 1567 ἀνὴρ

1041 1576 1069 1602 ἐν
1083 1575 1121 1611 τῷ
1136 1575 1229 1602 Ali-3w.
1254 1584 1263 1601 ι
1287 1575 1382 1610 Ἡμεῖς
1405 1576 1454 1611 μὲν
1470 1574 1516 1603 οὖν
1534 1577 1707 1612 ἀνέγνωμεν·
1729 1587 1738 1604 t
1760 1579 1843 1606 Πέντε

1039 1622 1138 1657 ἄνδρας
1149 1622 1235 1656 ἔσχες·
1249 1631 1258 1648 ι
1274 1621 1347 1658 παρὰ
1359 1622 1386 1648 δὲ
1395 1622 1432 1657 τῷ
1447 1622 1615 1658 Ίίρακλέωνι
1624 1623 1764 1660 εὕρομεν·
1776 1635 1786 1651 1
1801 1626 1843 1657 ἘΞ

1039 1667 1138 1702 ἄνδρας
1152 1666 1239 1701 ἔσχες·
1261 1677 1271 1692 ι
1289 1668 1335 1694 καὶ
1350 1667 1496 1704 ἑρμηνεύει
1513 1676 1544 1702 γε
1559 1669 1608 1704 τὴν
1628 1669 1734 1706 ὑλικὴν
1755 1672 1842 1698 πᾶσαν

1040 1713 1138 1740 κακίαν
1157 1713 1301 1748 δηλοῦσθαι
1323 1713 1367 1740 διὰ
1383 1713 1437 1748 τῷν
1454 1714 1483 1747 ἒξ
1499 1714 1614 1750 ἀνδρῶν,
1629 1712 1647 1752 ᾖ
1672 1717 1844 1743 συνεπέπλε-

1041 1767 1088 1785 κτο
1114 1758 1159 1784 καὶ
1187 1758 1350 1794 ἐπλησίαζε,
1375 1759 1450 1794 παρὰ
1474 1760 1551 1794 λόγον
1574 1761 1772 1796 πορνεύουσα,
1801 1764 1842 1789 aui

1041 1802 1248 1839 ἐνυϐριζομένη,
1266 1804 1313 1830 καὶ
1325 1803 1501 1840 ἀθετουμένη,
1521 1805 1568 1831 καὶ
1581 1806 1841 1843 ὲγκαταλειτωμένη

1041 1849 1086 1875 ὑπ’
1104 1848 1204 1876 αὐτῶν.
1222 1849 1338 1875 Λεκτέον
1357 1849 1386 1876 δὲ
1397 1850 1465 1884 πρὸς
1478 1850 1570 1883 αὑτὸν,
1584 1851 1638 1883 ὅτι,
1653 1852 1741 1889 εἴπερ
1764 1854 1843 1888 ἐπορ-

1040 1903 1116 1922 νευεν
1132 1895 1148 1930 ἡ
1162 1895 1342 1930 πνευματικὴ,
1360 1895 1515 1931 ἡμάρτανεν
1535 1897 1552 1932 ἡ
1573 1901 1771 1935 πνευματική·
1785 1902 1808 1926 εἰ
1820 1900 1843 1925 δὲ

1040 1943 1182 1978 ἡμάρτανε
1195 1941 1376 1977 πνευματικὴ,
1386 1941 1493 1977 δένδρον
1501 1942 1603 1977 ἀγαθὸν
1610 1945 1663 1971 οὐκ
1674 1943 1713 1980 ἦν
1732 1947 1751 1981 ή
1767 1955 1840 1973 πνευ-

1043 1988 1152 2023 ματική⁸
1170 1987 1239 2013 κατὰ
1255 1987 1308 2023 γὰρ
1323 1987 1352 2014 τὸ
1368 1987 1544 2022 Εὐαγγέλιον,
1562 1998 1571 2014 t
1590 1989 1628 2015 Οὺ
1651 1990 1776 2018 δύναται
1791 1992 1843 2018 ὁὲν-

1040 2034 1102 2070 δρον
1113 2033 1213 2068 ἀγαθὸν
1224 2035 1347 2070 καρποὺς
1360 2034 1494 2070 πονηροὺς
1507 2036 1640 2069 ἐνεγκεῖν·
1659 2046 1669 2062 ι
1690 2039 1741 2064 καὶ
1757 2039 1842 2072 δῆλοι.

1041 2080 1082 2106 ὅτι
1101 2080 1204 2114 οἴχεται
1222 2079 1314 2110 αὐτοῖς
1335 2079 1369 2106 τὰ
1385 2080 1433 2114 τῆς
1452 2079 1627 2114 μυθοποιίας.
1650 2082 1686 2108 Εἰ
1702 2083 1733 2110 δὲ
1750 2084 1845 2110 ἁδύ-ης

1041 2127 1086 2154 τόν
1099 2128 1156 2153 ἐστι
1165 2126 1195 2153 τὸ
1216 2126 1315 2161 ἀγαθὸν
1325 2125 1430 2161 δένδρον
1445 2126 1537 2161 φέρειν
1547 2128 1690 2163 πονηροὺς
1709 2132 1843 2166 καρποὺς.

1045 2173 1091 2205 καὶ
1114 2172 1216 2207 ἀγαθὸν
1240 2172 1347 2207 δένδρον
1362 2173 1378 2207 ἡ
1395 2172 1568 2207 Σαμαρεῖτις.
1593 2173 1643 2200 (ita
1666 2179 1846 2212 πνευματικὴ

1044 2218 1223 2254 τυγχάνουσα,
1245 2218 1390 2245 ἀκόλουθον
1407 2218 1481 2253 αὺτῷ
1503 2218 1592 2252 λέγειν
1615 2220 1706 2253 ἐστὶν,
1720 2222 1769 2248 ὅτι
1794 2224 1845 2256 {tu

1043 2265 1095 2292 οὐκ
1113 2263 1147 2300 ἦν
1169 2265 1288 2301 ἁμαρτία
1304 2265 1321 2300 ἠ
1336 2265 1448 2300 πορνεία
1463 2265 1560 2301 αὐτῆς,
1571 2267 1587 2302 ἢ
1599 2267 1653 2293 οὐκ
1671 2268 1750 2304 αὑτὴ
1769 2270 1845 2302 ἐπάε-

1045 2319 1132 2338 νευσε.

1082 2402 1226 2436 12.ιΛέγει
1248 2402 1323 2438 αὑτῷ
1349 2404 1366 2438 ἡ
1387 2403 1455 2438 γυνή
1475 2412 1482 2418 ·
1526 2403 1634 2439 Κύριε,
1659 2404 1784 2440 θεωρεῖ»,
1811 2406 1845 2431 6+:

1045 2449 1187 2484 προφήτης
1212 2446 1237 2475 εἶ
1259 2448 1299 2475 σύ.
1316 2450 1347 2475 Oi
1359 2449 1476 2484 πατέρες
1488 2448 1567 2484 ἡμῶν
1589 2450 1620 2475 ἐν
1630 2450 1671 2485 τῷ
1686 2451 1755 2486 ὄρει
1766 2450 1848 2485 ταύτῃ

1046 2494 1262 2530 προσεκύνησαν·
1289 2495 1336 2521 καὶ
1360 2494 1439 2529 ὑμεῖς
1458 2493 1561 2528 λέγετε,
1588 2495 1619 2521 ὲν
1642 2495 1848 2531 deposui-Sps;

1045 2542 1119 2569 ἐστὶν
1136 2541 1192 2576 (εει)
1213 2541 1228 2566 ὁ
1242 2541 1338 2572 τόπος,
1363 2541 1430 2567 ὅπου
1451 2541 1616 2576 προσκυνεῖν
1631 2541 1682 2568 δεῖ.
1711 2553 1724 2568 ι
1754 2543 1845 2579 Τρίτυ

1043 2586 1093 2622 ἤδη
1117 2587 1133 2621 ὴ
1154 2587 1316 2622 Σαμαρεῖτις
1339 2585 1440 2621 Κύριον
1461 2585 1623 2621 ἀναγορεύει
1649 2587 1702 2613 τὸν
1735 2588 1847 2634 ﬁeri”!

1043 2633 1131 2667 ἡμῶν,
1155 2633 1198 2659 ὅτε
1224 2633 1270 2658 καὶ
1283 2632 1434 2658 τελευταῖον
1446 2631 1656 2668 ἀναγέγραπται
1672 2633 1766 2661 τοῦτο

1070 2698 1216 2727 ’¹ἱ[ιὶιΙ.18.
1255 2698 1278 2714 ⁸³
1293 2697 1387 2724 Matth.
1401 2705 1449 2730 vn,
1463 2697 1506 2724 18.
1544 2697 1568 2713 "
1580 2697 1662 2726 Jt-an.
1684 2707 1729 2734 ιτ,
1749 2703 1793 2733 ιιι,
1807 2703 1847 2734 ειιη

1084 2770 1139 2802 (αξη)
1173 2770 1284 2797 Ἔστιν,
1313 2769 1358 2797 51c
1387 2766 1469 2799 codex
1509 2769 1700 2805 llodlcianus;
1737 2757 1846 2820 8031014

1047 2806 1132 2833 ἔσται.
1785 2806 1796 2808 _
1845 2806 1846 2838 ἶ
