1854 3043
26 76 69 102 ΗΩ

54 137 90 163 18.
110 146 118 162 t
134 137 200 163 Ἀλλ·
221 139 329 173 ἔρχεται
355 138 429 175 ὥρα,
454 140 500 166 καὶ
526 139 572 166 νῦν
594 142 684 173 ἐστιν,
702 142 745 168 ὅτε
767 142 791 168 οἱ
808 145 829 171 Α

24 183 129 218 ἀληθινοὶ
151 185 338 220 προσκυνηταὶ
359 187 575 221 προσκυνήσουσι
594 187 632 222 τῷ
657 183 745 224 Hal-.91
764 189 792 214 ἐν

24 230 141 266 πνεύματι
166 230 211 258 καὶ
227 231 350 268 ἀληθείᾳ.
364 243 372 259 ι
391 234 460 265 Τοὺς
483 234 543 269 μηδ’
564 234 632 266 ὅλως
656 235 792 269 ἐπαγγελ-

23 275 133 311 λομένους
162 278 322 312 προσκυνεῖν
347 278 386 313 τῷ
416 279 503 314 Πατρὶ
529 279 588 305 οὐδὲ
613 279 791 315 ὀνομάζεσθα.

21 321 54 347 δεῖ
77 322 259 357 προσκυνητὰς
287 323 334 349 τοῦ
363 323 446 350 Θεοῦ·
476 324 544 351 ἀλλὰ
568 324 677 352 πάντων
705 326 791 360 ἐπαγ-

21 367 171 407 γελλομένων
195 370 357 404 προσκυνεῖν
373 369 411 405 τῷ
427 371 570 403 Κτίσαντι,
585 372 609 398 ει
624 373 648 398 ol.
667 372 716 407 μὲν
736 373 790 408 (52)

22 412 104 447 μηκέτι
120 405 186 452 ὦσιν
195 415 223 441 ἐν
240 415 332 450 σαρκὶ,
352 414 409 443 ἀλλ’
421 417 450 442 ὲν
467 417 620 452 πνεύματι,
644 405 684 452 τῷ
711 405 792 444 πνεύξ

20 466 74 492 pm
94 460 250 493 περιπατεῖν
275 462 322 487 καὶ
343 461 491 497 ἐπιθυμίαν
515 462 616 497 σαρκὸς
638 462 675 498 μὴ
699 464 790 490 ἐπιτε-

20 504 78 531 λεῖν·
91 506 113 531 οἱ
129 505 156 531 δὲ
173 505 211 542 μὴ
228 504 294 533 ὦσιν
309 507 339 533 ὲν
355 508 502 544 πνεύματι,
517 508 573 535 ἀλλ’
595 509 624 536 ὲν
637 510 730 546 σαρκὶ,
743 510 791 537 καὶ

20 551 77 578 κατὰ
95 551 179 587 σάρκα
202 553 409 589 στρατεύονται·
437 554 498 581 τότε
520 554 630 582 λεκτέον
649 556 790 591 ἀληθινοὺς

19 597 58 630 μὲν
73 598 256 633 προσκυνητὰς
275 600 338 632 τοὺς
354 600 572 636 προσκυνοῦντας
592 601 632 636 τῷ
658 602 745 638 Πατρὶ
761 603 790 629 ὲν

17 642 149 677 Πνεύματι.
165 644 211 670 καὶ¹
229 644 266 680 μὴ
285 646 386 681 σαρκὶ,
404 647 450 672 καὶ
463 648 492 673 ἐν
505 646 630 682 ἀληθείᾳ,
644 647 692 675 καὶ
707 648 744 683 μὴ
760 649 789 675 ὲν

16 686 109 719 τύποις·
132 689 182 715 οὐκ
206 689 349 724 ἀληθινοὺς
364 691 392 717 δὲ
409 692 472 723 τοὺς
498 692 535 727 μὴ
558 691 645 724 οὕτως
668 692 788 728 ἔχοντας.

17 732 61 758 Καὶ
73 734 86 759 ὁ
105 735 246 770 γράμματι
267 736 296 762 δὲ
312 736 350 771 τῷ
365 737 554 765 ἀποκτιννύντι
571 737 768 775 δεδουλωμένος
780 760 787 773 ,

16 778 152 813 πνεύματος
175 780 204 805 δὲ
232 781 279 807 τοῦ
307 780 500 815 ζωοποιοῦντος
530 783 566 819 μὴ
597 784 766 820 μετειληφὼς
780 805 786 817 ,

17 823 70 858 μηδὲ
84 825 136 856 τοῖς
155 828 349 861 πνευματικοῖς
362 827 516 854 ἀκολουθῶν
533 827 579 865 τοῦ
595 829 699 864 Νόμου,
710 826 787 862 οὗτος

14 869 39 894 ἂν
51 869 88 904 εἴη
102 871 115 897 ὁ
131 869 168 906 μὴ
182 869 309 907 ἀληθινὸς
324 873 523 909 προσκυνητὴς,
537 874 583 901 καὶ
600 875 735 910 πνεύματι
749 876 787 912 μὴ

13 916 154 950 προσκυνῶν
179 917 219 952 τῷ
241 918 345 954 Πατρί’
370 920 384 945 ὁ
409 919 431 945 δ’
451 919 531 951 αὐτὸς
556 917 634 953 οὗτος
658 921 717 953 ὂλος
733 922 788 948 τῶν

13 962 99 994 τύπων,
116 961 163 989 καὶ
177 963 233 990 τῶν
250 964 414 1000 σωματικῶν
429 965 493 992 ὅταν
507 967 698 1002 ἐπιτυγχάνειν
715 967 786 995 πάνυ

13 1008 86 1041 iam,
113 1010 173 1036 τότε
192 1011 222 1037 ὲν
241 1010 334 1046 τύπῳ,
352 1011 398 1038 καὶ
412 1012 464 1039 οὐκ
482 1013 511 1039 ὲν
528 1013 642 1049 ἀληθείᾳ
667 1022 788 1049 προσκυ-

13 1056 42 1080 νεῖ
55 1055 88 1090 τῷ
103 1056 171 1091 Θεῷ,
188 1053 233 1083 διὰ
250 1052 329 1083 τοῦτο
341 1057 400 1084 οὐδὲ
412 1058 540 1094 ἀληθινὸς
555 1059 703 1094 δυνάμενος
719 1069 786 1096 χρη-

14 1101 118 1135 μιτίζειν
142 1100 345 1138 προσκυνητής.
364 1103 441 1139 Τάχα
464 1104 568 1131 δέδοταί
584 1113 650 1131 ποτε
667 1105 786 1140 εὐλόγως

13 1148 49 1174 καὶ
61 1148 100 1174 τὸν
115 1146 242 1182 ἀληθινὸν
256 1150 448 1185 προσκυνητὴν
466 1150 495 1176 ὲν
511 1149 551 1185 τῷ
578 1150 713 1186 πνεύματι
739 1152 786 1178 καὶ

13 1191 107 1229 ἀληθείᾳ
117 1194 323 1230 προσκυνοῦντα
334 1195 438 1222 τυπικά
446 1204 508 1223 τινα
519 1198 614 1228 ποιεῖν,
624 1197 667 1223 ἵνα
677 1198 740 1230 τοὺς
747 1197 785 1233 τῷ

13 1237 529 1277 τὺπῳδεδουλωμένουςοἰκονομικώτατα
539 1241 725 1278 ἐλευθερώσας
731 1243 785 1270 τῶν

13 1285 87 1311 τύπων
97 1286 261 1324 προσαγάγῃ
269 1288 302 1323 τῇ
311 1287 433 1323 ἀληθείᾳ·
443 1287 537 1323 ὥσπερ
550 1288 785 1322 φαίνεταιΠαῠλος

13 1329 45 1356 ἐπὶ
52 1330 176 1367 Τιμοθέου
187 1332 357 1369 πεποιηκὼς,
363 1334 434 1369 τάχα
440 1334 467 1360 δὲ
477 1334 524 1362 καὶ
532 1336 560 1362 ὲν
566 1335 641 1370 Κεγχ
646 1337 730 1371 ρεαῖς,
738 1336 785 1362 καὶ

13 1376 32 1403 lv
47 1378 233 1415 Ἰεροσολύμοις
243 1400 250 1412 ,
263 1379 301 1412 ὡς
316 1382 344 1407 ἐν
361 1382 419 1412 ταῖς
430 1381 549 1417 Πρὰξεσι
561 1382 615 1408 τῶν
628 1382 786 1410 ἀποστόλων

13 1423 153 1460 τέγρατπαι.
168 1427 311 1462 Τηρητέον
331 1427 370 1459 δὲ,
389 1428 430 1454 ὅτι
449 1428 473 1454 οἱ
490 1427 611 1462 ἀληθινοὶ
630 1436 785 1463 προσκυνη-

13 1472 42 1497 εαὶ
53 1472 79 1498 οὐ
94 1473 172 1507 μόνον
188 1474 218 1500 ὲν
236 1472 371 1509 μελλούσῃ
388 1471 456 1510 ὥρᾳ,
470 1472 537 1500 ἀλλὰ
551 1473 598 1500 καὶ
608 1474 637 1500 ἐν
651 1473 784 1510 ἑστηκυίᾳ.
797 1482 818 1511 c

13 1519 168 1551 προσκυνοῦσι
197 1518 240 1554 τῷ
263 1516 351 1556 Πατρὶ
373 1521 402 1547 ὲν
427 1519 563 1555 πνεύματι
587 1519 635 1546 καὶ
658 1519 782 1554 ἀληθείᾳ.

14 1562 69 1589 Ιἁλλ’
93 1566 119 1591 ὲν
141 1565 279 1601 πνεύματι
302 1567 326 1593 οἱ
347 1566 573 1602 προσκυνοῦντες,
599 1565 637 1597 ὡς
657 1565 783 1601 εἰλήφασι

13 1611 213 1644 προσκυνοῦντες,
231 1613 260 1640 ὲν
272 1611 410 1648 ἀρῤαὸὦνι
424 1608 579 1646 πνεύματος
592 1611 638 1638 ἐπὶ
649 1611 695 1639 τοῦ
712 1620 783 1647 παρ-

13 1653 68 1686 im;
93 1657 293 1693 προσκυνοῦσιν
304 1665 311 1672 ο
330 1658 358 1684 ἐν
375 1656 512 1692 πνεύματι
528 1657 556 1683 δὲ
583 1657 640 1692 (55)
657 1657 701 1683 ὅτε
726 1658 782 1684 πᾶν

13 1702 140 1736 [ωρήσουσι
155 1702 186 1730 τὸ
204 1702 316 1738 πνεῦμα
342 1704 563 1739 προσκυνήσουσι
581 1703 620 1738 τῷ
636 1703 732 1739 Πατρι.
751 1703 783 1730 El

13 1745 28 1772 ἢ
43 1747 54 1772 ὁ
71 1747 172 1782 βλέπων
189 1749 237 1776 διὰ
250 1749 416 1784 κατόπτρου,
436 1749 466 1776 τὸ
490 1749 589 1785 ἀληθὲς
605 1749 659 1785 (54)
673 1751 703 1776 οὺ
722 1750 783 1784 βλέ-

13 1799 60 1824 m,
83 1794 118 1826 ὠς
139 1791 280 1822 δείκνυται
304 1795 409 1827 τούτοις
429 1797 486 1827 τοῖς
512 1797 706 1832 κατοπτρικοῖς
730 1796 783 1822 ὑπὸ

13 1839 48 1865 τῶν
62 1841 120 1876 περὶ
137 1840 228 1868 ταῦτα
252 1841 357 1873 δεινῶν,
376 1841 470 1877 βλέπει
498 1842 526 1868 δὲ
552 1841 659 1874 Παῦλος
685 1842 731 1869 καὶ
757 1843 781 1868 οἱ

13 1886 171 1922 ςαραπλήσιοι
205 1886 275 1913 αὐτὸ
307 1886 375 1922 (55)
401 1887 446 1914 διὰ
468 1887 621 1923 κατόπτρου
648 1886 695 1914 νῦν
712 1908 720 1920 ,
750 1886 781 1922 δὴ

13 1930 36 1956 'm
49 1932 108 1967 (56),
125 1935 160 1965 ὼς
178 1931 286 1969 βλέπει,
298 1932 369 1960 οὕτω
381 1934 428 1960 καὶ
443 1934 592 1969 προσκυνεῖ
602 1933 641 1968 τῷ
649 1933 719 1968 Θεῷ,
735 1933 781 1960 κα)¹

13 1976 37 2003 itit
51 1978 194 2016 κατόπτρου
213 1980 376 2015 προσκυνεῖ·
390 1980 454 2006 ὅταν
464 1979 492 2005 δὲ
503 1979 567 2015 ἔλθῃ
581 1979 597 2014 ἡ
610 1978 696 2015 ὦραή
713 1979 781 2015 μετὰ

13 2022 41 2058 rip
58 2025 232 2061 ἐνεστηκυῖαν
254 2025 517 2061 ἑνστησομένη,τότε
536 2025 612 2052 ἔσται
628 2025 644 2060 ὴ
659 2025 780 2061 προσκύ-

13 2078 65 2104 rgat;
86 2072 113 2098 ἐν
129 2072 248 2108 ἀληθείᾳ
274 2071 419 2106 πρόσωπον
443 2070 500 2106 (57)
516 2070 585 2106 πρὸς
614 2070 778 2107 πρόσωπον,

13 2117 40 2142 La".
55 2118 141 2145 οὑκέτι
155 2118 199 2145 διὰ
217 2118 374 2154 κατόπτρου
391 2117 578 2153 θεωρουμένη.

32 2163 67 2189 l9.
84 2164 117 2191 Τὸ
130 2165 271 2200 μέντοιγε,
291 2173 299 2190 ι
316 2152 397 2199 ’ἡμεῖς
414 2152 631 2199 προσκυνοῦμεν,
644 2172 652 2188 ι
666 2163 680 2189 ό
699 2162 778 2198 Ἦρα·
796 2152 816 2179 D

13 2208 72 2236 ιλὲων
86 2213 170 2239 οἴεται
188 2211 279 2244 εἶναι,
300 2212 314 2237 ὁ
338 2212 366 2238 ὲν
388 2211 489 2242 Αἰῶνι,
517 2209 564 2236 καὶ
590 2209 615 2235 οἱ
640 2210 688 2236 σὺν
705 2209 778 2244 αύτῷ

13 2255 120 2290 ἰθόντες·
133 2256 208 2286 οὗτοι
221 2258 289 2294 γὰρ,
307 2259 400 2294 φησὶν,
415 2257 514 2293 ᾔδεσαν
533 2256 585 2283 τίνι
607 2255 777 2291 προσκυνοῦ-

13 2309 35 2331 τι,
52 2304 115 2330 κατὰ
140 2304 274 2340 ἀλήθειαν
298 2303 523 2339 προσκυνοῦντες.
552 2300 633 2328 Ἀλλὰ
655 2302 701 2328 καὶ
723 2301 775 2328 τό·

13 2356 33 2374 τι
46 2359 53 2374 ί
68 2351 82 2386 ἡ
99 2350 220 2387 σωτηρία
235 2351 268 2377 ἐκ
284 2350 337 2376 τῶν
357 2349 492 2376 Ἰουδαίων
505 2348 589 2380 ἐστὶν,
603 2357 612 2373 ι
627 2347 688 2373 ἐπεὶ
704 2347 732 2373 ἐν
744 2348 777 2382 τῇ

13 2396 112 2433 Ῑουδαξᾳ,
126 2399 222 2434 φησὶν,
250 2396 393 2432 ἐγεννήθη,
413 2395 470 2422 ἀλλ’
487 2395 537 2421 οὐκ
558 2395 586 2420 ὲν
607 2391 698 2424 αὐτοῖς
712 2402 718 2407 ·
744 2393 775 2419 ού

13 2442 44 2477 ’ἀρ
58 2444 93 2475 at;
115 2445 220 2475 πάντας
247 2443 347 2474 αὐτοὺς
368 2442 497 2478 εὐδόκησε
511 2461 518 2473 ,
536 2440 582 2467 καὶ
600 2441 641 2467 ὅτι
661 2439 690 2472 ἐξ
706 2437 777 2465 ἐκεῖ·

13 2498 38 2515 ου
53 2490 95 2517 τοῦ
109 2490 203 2522 ἔθνους
219 2489 335 2524 ἐξῆλθεν
349 2490 366 2525 ἡ
384 2488 519 2524 σωτηρία,
539 2485 587 2513 καὶ
603 2486 617 2512 ὸ
632 2483 710 2520 λόγος
737 2483 777 2515 εἰς

13 2535 40 2571 ὴν
51 2537 208 2574 οἰκουμένην
218 2545 224 2551 ·
243 2535 314 2562 κατὰ
326 2535 355 2562 6‘.-
369 2533 401 2561 τὺ
414 2533 559 2569 νοούμενον
576 2533 608 2559 ὲκ
631 2531 685 2558 τῶν
711 2531 776 2556 ’1ου-

31 2621 46 2635 ¹⁷
61 2621 132 2647 .Ioan.
146 2629 185 2654 Iv,
197 2620 246 2648 23.
286 2619 307 2635 ¹⁸
323 2618 411 2646 Galat.
425 2625 452 2650 v,
466 2617 510 2646 16.
547 2617 568 2632 ’³
579 2616 640 2643 Act.
654 2622 710 2645 xvr,
723 2613 751 2646 5,
773 2614 824 2647 18;

29 2666 117 2700 (δεμῖι
132 2669 160 2694 οἱ
168 2667 240 2701 μέν,
257 2669 310 2692 etc.
327 2665 379 2701 Sic
388 2667 461 2691 recte
482 2664 564 2691 habet
586 2662 670 2690 codex
697 2660 768 2688 Bod-

13 2702 108 2739 eiauus;
121 2704 146 2729 in
163 2700 252 2739 Regio
265 2701 346 2739 deest
471 2734 478 2739 _
526 2733 545 2739 ﬂ
575 2733 590 2739 η
610 2732 616 2739 _

29 2737 76 2770 (35)
95 2731 303 2770 Ἑνετνὲὐματι
314 2735 357 2763 δέ.
373 2735 418 2762 Sic
429 2734 513 2763 codex
526 2732 703 2764 Bodleianus;
719 2731 771 2759 lte-

15 2772 57 2798 ὶιις.
71 2774 96 2798 ὲν
109 2772 246 2810 πνεύματρ
265 2779 316 2810 τιλ.
399 2805 404 2810 _
456 2804 475 2810 Ἀ
504 2804 519 2810 __
539 2804 545 2810 .
658 2801 676 2810 ﬂ
702 2802 722 2810 γ,

31 2807 78 2842 pii)
99 2808 132 2834 Τὸ
144 2801 270 2842 ἀ.ἱιιθές.
289 2806 335 2834 Sic
354 2805 439 2834 codex
456 2804 635 2835 Bodleianus;
658 2801 766 2836 Iiegius,

521 74 700 107 COMMENT.
722 80 754 107 IN
775 79 871 108 JOAN.
894 76 1012 106 TOML’S
1035 73 1100 106 'qu

803 813 824 841 Β

1581 81 1633 110 tS-t

885 139 929 167 18.
943 149 953 165 ‹
972 139 1026 167 Sed
1045 139 1118 166 venit
1140 139 1217 170 hora,
1237 143 1264 165 ct
1286 147 1357 166 nunc
1373 145 1423 171 est.
1452 143 1558 175 quando
1576 145 1632 168 reri

845 186 1003 213 adoratores
1021 186 1174 212 adorabunt
1197 180 1305 213 Patrem
1332 186 1357 212 in
1377 187 1474 221 spiritu
1490 193 1515 214 et
1534 189 1633 214 verita—

845 235 870 257 te
888 229 919 256 ‘7.
945 240 954 255 ι
972 230 1023 263 Qui
1039 231 1149 257 minime
1161 239 1189 258 se
1203 231 1363 265 proﬁtentur
1377 231 1492 260 adorare
1513 232 1633 267 Patrem,

844 276 894 303 hos
907 284 940 304 ne
954 276 1097 304 nemiuare
1112 277 1221 311 quidem
1247 283 1356 312 oportet
1382 279 1541 307 adOratorcs
1560 281 1605 307 Dei
1625 290 1631 308 :

842 322 889 349 sed
903 330 936 349 ex
948 323 1074 349 omnibus
1085 322 1275 357 proﬁtentibus
1289 331 1318 351 se
1335 325 1449 352 adorare
1462 326 1553 352 mundi
1566 325 1633 361 Opi-

843 367 933 399 ﬁcem,
950 368 972 395 si
989 368 1097 402 quidam
1114 374 1168 395 non
1187 369 1303 403 amplius
1319 370 1373 397 sint
1397 370 1422 397 in
1434 379 1529 403 carne,
1545 373 1590 399 sed
1606 373 1633 399 in

842 413 950 448 spiritu,
969 414 1065 449 spiritu
1081 414 1145 449 quia
1164 414 1315 448 ambulent,
1327 416 1458 444 desideria
1475 419 1567 446 carnis
1580 424 1632 446 non

843 458 1015 494 perﬁcienles
1030 456 1070 493 ‘9;
1085 465 1113 487 et
1133 459 1215 496 aliqui
1234 469 1288 489 non
1303 462 1330 489 in
1351 463 1448 498 spiritu
1465 465 1529 498 sint,
1543 467 1590 493 sed
1605 466 1633 494 in

843 512 937 538 carne;
959 509 987 532 et
1002 506 1150 533 secundmn
1170 514 1281 534 carnem
1302 508 1420 536 militent
1438 519 1443 536 :
1462 513 1525 538 tunc
1541 511 1633 538 dicen-

844 549 907 577 dum
924 555 966 578 est
984 558 1064 578 veros
1079 551 1239 580 adoratores
1252 561 1312 580 esse
1323 561 1370 581 eos
1380 555 1425 589 qui
1439 553 1550 584 Patrem
1567 558 1632 584 adn-

843 600 906 622 rant
927 596 953 623 in
978 597 1087 631 spiritu,
1109 605 1162 625 non
1180 598 1205 625 in
1227 606 1326 633 carne;
1350 600 1376 628 in
1394 601 1520 636 veritate,
1536 611 1589 630 non
1604 604 1631 631 in

842 642 938 678 ﬁguris
955 652 962 670 :
978 651 1031 670 non
1046 651 1123 671 veros
1142 651 1206 672 vero
1221 651 1268 673 eos
1280 647 1325 680 qui
1346 647 1384 674 sic
1399 655 1429 674 se
1442 654 1495 675 non
1519 648 1631 676 habent.

840 688 887 716 ille
904 689 987 716 etiam
1009 690 1054 724 qui
1076 698 1130 717 non
1154 682 1290 726 particeps
1310 691 1393 720 fuerit
1411 694 1527 728 Spiritus
1542 695 1631 722 viviti-

841 735 940 769 canlis,
956 736 1057 771 quique
1071 737 1221 771 spiritualia
1236 737 1301 773 legis
1316 746 1368 765 non
1383 746 1501 774 sequens
1515 748 1530 767 a
1542 739 1632 768 littera

841 781 986 809 occidente
1009 782 1036 808 in
1055 782 1213 810 servitutem
1240 784 1364 811 redactus
1381 784 1477 819 fuerit,
1493 786 1536 813 hic
1551 794 1632 814 verus

843 834 897 854 non
928 827 982 854 erit
1007 829 1146 862 adorator,
1168 836 1218 856 nec
1233 830 1329 863 spiritu
1356 830 1481 858 adorabit
1499 831 1629 865 Patrem;

840 870 896 898 imo
909 871 954 899 hic
974 872 1042 907 ipse,
1064 878 1137 901 totus
1153 874 1247 909 ﬁguris
1262 880 1289 901 et
1309 875 1390 903 rebus
1404 877 1544 911 corporeis
1555 879 1632 906 addi-

839 921 910 949 ctus,
929 925 990 946 cum
1004 927 1033 947 se
1049 921 1168 948 maxime
1183 921 1289 955 assequi
1305 921 1515 956 existimaverit,
1530 925 1628 951 tunciu

839 963 938 998 ﬁgura,
956 968 985 992 ct
1011 973 1064 992 non
1091 966 1118 992 iu
1150 966 1265 993 veritate
1284 966 1369 993 Deum
1388 968 1495 1002 adorat,
1526 969 1630 997 ideirco

838 1017 919 1038 verus
933 1011 1063 1039 adorator
1075 1019 1136 1039 esse
1148 1020 1201 1039 non
1211 1012 1315 1040 valens.
1328 1007 1457 1040 Fortasse
1468 1022 1627 1043 concessum

836 1059 878 1082 est
889 1056 1034 1091 aliquando
1047 1057 1242 1085 convenienter
1258 1058 1367 1091 rationi,
1395 1063 1425 1086 ut
1438 1064 1518 1088 Verus
1532 1061 1628 1088 adora-

839 1103 892 1132 ιον,
910 1099 937 1127 in
952 1101 1049 1135 spiritu
1071 1106 1098 1129 et
1120 1102 1237 1129 veritate
1256 1102 1385 1137 adorans,
1406 1106 1529 1138 quaedam
1546 1106 1629 1133 facint

837 1153 897 1179 quae
913 1146 938 1173 in
953 1147 1039 1181 ﬁgura
1056 1148 1121 1180 sint,
1144 1153 1172 1174 ut
1188 1155 1257 1182 quos
1272 1149 1356 1184 ﬁgura
1377 1150 1508 1178 irretierit
1520 1159 1626 1179 summa

837 1192 1040 1227 dispensatione
1066 1192 1100 1221 ab
1116 1202 1148 1222 ea
1167 1195 1295 1224 liberatos
1318 1196 1351 1223 ad
1371 1197 1514 1226 veritatem
1542 1199 1628 1226 addu-

837 1242 902 1265 cat:
921 1238 947 1265 id
972 1239 1043 1273 quod
1068 1239 1213 1268 Timotheo
1240 1241 1351 1269 Paulum
1371 1240 1470 1271 fecisse
1499 1251 1625 1279 apparet,

836 1282 963 1312 fortassis
977 1288 1068 1312 autem
1082 1285 1108 1313 in
1124 1285 1265 1319 Cenchris,
1275 1292 1302 1315 et
1320 1284 1527 1324 Hierosolymis,
1544 1290 1626 1317 veluti

836 1328 863 1356 in
884 1330 1066 1364 apostolorum
1081 1331 1157 1360 Actis
1169 1332 1298 1367 scriptum
1314 1339 1355 1361 est
1372 1332 1405 1362 ¹’.
1421 1334 1625 1362 Observandum

836 1382 900 1403 vero
915 1380 956 1403 est
969 1383 1046 1404 veros
1060 1377 1217 1406 adoratores
1232 1385 1284 1405 non
1300 1378 1387 1406 solum
1402 1379 1428 1406 in
1443 1378 1533 1407 l‘utura
1547 1380 1625 1412 hora,

836 1427 930 1448 verum
947 1422 1029 1449 etiam
1041 1422 1068 1449 in
1084 1424 1222 1458 praesenti,
1235 1425 1350 1452 adorare
1361 1422 1469 1452 Patrem
1485 1425 1511 1452 in
1528 1425 1626 1461 spiritu

835 1470 863 1493 et
880 1467 1006 1494 veritate.
1024 1467 1077 1495 Sed
1091 1470 1136 1504 qui
1153 1469 1179 1496 in
1194 1470 1291 1505 spiritu
1308 1470 1433 1502 adorant,
1450 1471 1627 1505 quemadmo-

836 1512 899 1540 dum
917 1519 1080 1549 acceperunt
1096 1516 1254 1549 adorantes,
1283 1517 1310 1544 in
1335 1517 1490 1545 arrhabone
1512 1517 1626 1554 spiritus

836 1565 909 1587 nunc
927 1560 1044 1588 adorant
1062 1570 1068 1588 :
1085 1561 1168 1597 229
1183 1567 1248 1590 tunc
1262 1568 1353 1591 autem
1367 1564 1393 1591 in
1407 1564 1502 1599 spiritu
1515 1564 1623 1592 Patrem

836 1604 988 1638 adoraturi,
1005 1614 1066 1634 cum
1085 1612 1169 1634 totum
1199 1609 1372 1643 perceperint
1389 1610 1528 1645 spiritum.
1544 1610 1624 1644 Quod

835 1651 857 1677 si
884 1651 906 1678 is
922 1652 967 1686 qui
980 1653 1052 1680 videt
1073 1661 1121 1688 per
1136 1654 1289 1688 speculum,
1307 1663 1360 1682 nou
1378 1656 1450 1683 videt
1469 1664 1573 1690 verum,
1586 1658 1626 1685 uti

834 1698 893 1724 haec
904 1698 1005 1731 optime
1021 1698 1152 1727 callentes
1164 1701 1314 1727 ostendunt
1339 1701 1382 1728 his
1409 1702 1568 1737 imaginarie
1581 1703 1624 1730 vi-

834 1742 970 1774 dentibus,
985 1748 1012 1770 et
1037 1751 1086 1778 per
1099 1745 1240 1778 speculum
1262 1746 1360 1773 adorat
1383 1746 1478 1781 Deum,
1496 1748 1625 1783 videtque

834 1787 936 1815 Paulus
951 1797 1022 1816 nunc
1038 1797 1085 1824 per
1103 1791 1242 1824 speculum
1256 1791 1290 1824 ‘°,
1304 1792 1401 1827 suique
1421 1793 1535 1825 similes,
1563 1802 1625 1828 pcr-

834 1833 958 1869 spicuum
976 1839 1020 1862 est
1036 1833 1148 1863 Paulum
1165 1837 1204 1864 sic
1218 1838 1334 1865 adorare
1345 1838 1430 1865 Deum
1447 1840 1622 1874 quemadmo-

834 1880 897 1907 dum
928 1880 1010 1913 videt,
1039 1885 1120 1917 atqnc
1147 1884 1229 1910 etiam
1259 1891 1308 1919 per
1335 1884 1473 1919 speculum
1509 1886 1623 1914 adorare

833 1926 935 1961 Deum;
952 1936 1015 1956 cum
1034 1937 1098 1958 vero
1117 1930 1224 1957 venerit
1239 1930 1305 1958 hora
1332 1936 1393 1964 post
1415 1930 1562 1959 instantem
1578 1933 1622 1959 l'u-

834 1980 906 2009 tura,
922 1980 986 2003 tunc
1000 1977 1053 2004 erit
1065 1977 1189 2004 adoratio
1215 1977 1241 2004 in
1266 1978 1394 2008 veritate,
1419 1985 1478 2011 qua:
1498 1976 1569 2006 facie
1586 1980 1623 2007 ad

833 2022 944 2056 faciem,
956 2031 1010 2051 non
1028 2023 1143 2058 amplius
1159 2031 1209 2059 per
1222 2023 1363 2059 speculum
1380 2024 1499 2052 videtur.

869 2162 911 2190 19.
930 2160 1001 2191 Sane
1024 2171 1055 2192 ea
1081 2164 1181 2197 verba,
1197 2173 1206 2190 ι
1226 2172 1273 2191 nos
1297 2162 1487 2196 adoramus“,
1508 2173 1516 2190 ι
1535 2163 1620 2191 "cru-

831 2210 908 2238 cleou
926 2217 986 2238 esse
1007 2216 1081 2238 retur
1094 2218 1157 2238 emn
1177 2211 1222 2245 qui
1240 2215 1281 2238 est
1297 2210 1322 2237 in
1338 2209 1442 2243 ᾸΞοιιε,
1457 2216 1484 2238 et
1495 2211 1540 2245 qui
1557 2219 1620 2238 cunt

831 2256 890 2291 ipso
901 2260 1053 2289 venerunt;
1070 2263 1131 2283 nam
1146 2256 1184 2290 hi,
1195 2255 1295 2291 inquit,
1312 2259 1446 2282 noverunt
1457 2262 1539 2290 quem
1554 2256 1620 2282 ado-

830 2307 901 2335 rant,
925 2303 1074 2330 secundum
1098 2303 1242 2330 veritatem
1271 2303 1428 2330 adorantes.
1454 2301 1524 2335 Quin
1554 2302 1620 2330 illud

830 2348 924 2380 etiam,
942 2357 951 2373 ε
966 2347 1040 2375 salus
1051 2355 1084 2375 ex
1098 2347 1199 2376 Iudaeis
1207 2353 1249 2375 est
1262 2348 1295 2381 ",
1312 2357 1321 2374 ι
1341 2348 1470 2383 quoniam
1487 2348 1513 2375 in
1525 2347 1619 2376 Judzea

831 2394 939 2429 genitus
949 2400 1001 2426 est,
1017 2394 1114 2428 inquit,
1129 2402 1182 2421 non
1201 2394 1273 2421 inter
1286 2395 1376 2429 ipsos;
1396 2394 1459 2429 quia
1474 2394 1500 2421 in
1523 2402 1620 2422 omnes

831 2440 903 2474 ipsos
913 2439 995 2466 animi
1010 2439 1217 2474 propensionem
1231 2447 1284 2466 non
1303 2440 1439 2473 habuerit,
1449 2445 1475 2467 et
1488 2441 1619 2475 quoniam

830 2479 862 2511 ex
882 2484 925 2511 illa
945 2488 1024 2518 gente
1037 2491 1148 2518 egressa
1162 2487 1204 2510 est
1223 2483 1308 2516 salus,
1322 2489 1349 2511 et
1372 2491 1462 2511 sermo
1483 2484 1510 2510 in
1524 2484 1618 2511 orbem

832 2534 965 2556 terrarum
979 2538 987 2558 :
1002 2529 1080 2564 juxta
1096 2526 1302 2564 intelligentiam
1317 2536 1381 2556 vero
1393 2529 1572 2564 spiritualcm,
1586 2537 1620 2556 ex

833 2620 890 2644 χχι,
901 2612 947 2638 24.
978 2610 1000 2626 ὀ
1015 2609 1097 2638 lCor.
1112 2609 1220 2642 unde.
1259 2609 1279 2625 "
1297 2608 1377 2638 Joan.
1389 2617 1425 2643 IV,
1440 2607 1485 2635 22.
1513 2610 1535 2625 “
1549 2608 1615 2636 ibid.

823 2657 991 2697 mi_dt?l't9é5-
1006 2693 1011 2697 .
1040 2692 1051 2697 -
1150 2691 1156 2697 .
1184 2690 1197 2697 -

860 2691 1021 2730 (εδμψτῤ.
1040 2692 1114 2730 Lego
1127 2691 1245 2730 uoca._
1329 2725 1335 2730 _
1381 2725 1407 2730 __

859 2724 916 2764 (56)
936 2728 977 2763 Δὴ
994 2728 1051 2764 ὅτιἐ
1063 2724 1133 2764 Lego
1150 2724 1211 2764 cum
1227 2725 1364 2764 Ferrario,
1379 2724 1533 2764 δῆλον,“ὅτιτ
1553 2760 1558 2764 η

859 2759 915 2800 (57)
932 2759 1024 2800 Οοξίει
1037 2759 1146 2800 Regius,
1156 2763 1192 2800 τῇ
1204 2760 1357 2800 πρόσωπον,
1374 2759 1421 2786 sed
1431 2760 1456 2786 iu
1467 2759 1615 2786 Bodleiano

823 2796 954 2833 deéslsﬁ.
973 2798 1051 2826 Forte
1068 2796 1209 2832 legendum
1223 2797 1238 2829 ἠ
1258 2796 1413 2829 πρόσωπον.
