1854 3043
30 98 82 123 M9

28 199 121 230 Δεῦτε,
138 200 207 226 ἴδετε
217 200 370 235 ἄνθρωπον,
388 200 417 231 ὃς
428 199 489 227 εἶπέ
505 210 550 236 μοι
567 203 654 229 πάντα
667 204 717 231 ὅσα
731 205 821 241 ἐποίη-

27 253 77 271 σα·
99 247 164 280 μήτι
191 240 268 276 οὗτός
293 246 366 271 ἐστιν
381 246 395 272 ὁ
409 245 546 281 Χριστόςς
561 257 568 271 ι
587 248 623 274 Οὑ
643 248 730 284 μάτην
743 248 819 285 οἶμαι

27 289 247 324 ἀναγεγραφέναι
270 289 316 316 τὸν
340 290 534 327 εὐαγγελιστὴν
557 293 604 319 καὶ
627 293 661 320 τὰ
687 296 750 330 περὶ
770 296 818 331 τῆς

26 336 150 370 ἀφέσεως
162 336 211 371 τῆς
228 336 331 372 ὑδρίας,
349 337 443 372 ἥντινα
461 339 561 372 ἀφεῖσα
578 340 594 375 ἡ
614 340 681 376 γυνὴ
697 342 817 377 ἀπῆλθεν

25 383 63 413 είς
76 382 128 417 τὴν
143 382 235 408 πόλιν·
251 383 322 409 κατὰ
340 384 389 418 μὲν
404 383 450 410 οὖν
472 385 520 420 τὴν
537 384 616 418 λέξιν,
633 387 749 422 σπουδὴν
766 388 816 423 ἐμ-

25 427 114 462 φαίνει
129 428 238 455 πλείονα
255 429 305 464 τῆς
322 430 515 465 Σαμαρείτιδος
531 432 747 468 καταλειπούσης
767 434 815 469 τὴν

19 474 128 510 ὑδρίαν,
145 475 193 501 καὶ
214 475 244 501 οὐ
260 476 385 502 τοσοῦτον
401 478 611 512 πεφροντικυίας
633 479 679 505 τοῦ
698 488 816 515 σωματι-

23 520 70 546 κοῦ
88 521 145 556 (15)
163 521 210 548 καὶ
224 523 417 559 ταπεινοτέρου
435 523 611 559 καθήκοντος,
629 526 689 552 ὅσον
699 526 749 561 τῆς
760 528 813 554 τῶν

23 567 128 594 πολλῶν
141 568 276 602 ὠφελείας
286 577 293 584 ·
310 569 553 605 φιλανθρωπότατα
572 571 627 606 γὰρ
642 573 782 608 κεκίνηται
796 575 812 610 ἡ

24 613 184 649 βουληθεῖσα
211 616 266 646 τοῖς
289 615 412 647 πολίταις
429 616 655 650 εὐαγγελίσασθαι
685 619 730 645 τὸν
747 620 813 655 Χρι-

23 659 92 690 στὸν,
128 660 308 696 μαρτυροῦσα
336 661 409 696 αὐτῷ
437 663 558 698 είρηκότι
584 664 653 699 αὐτῇ
683 664 770 692 πάντα
794 666 812 693 ἃ

20 705 141 740 ἐποίησε.
161 705 248 733 Καλεῐ
260 707 289 733 δὲ
310 707 408 739 αὐτοὺς
423 708 469 734 ἐπὶ
483 708 514 735 τὸ
533 708 595 735 ἰδεῖν
609 709 753 745 ἄνθρωπον
768 711 812 738 λό-

19 759 64 784 γον
81 751 178 786 ἔχοντα
196 752 305 787 μείζονα
316 753 459 789 ἀνθρώπου
472 763 478 769 “
492 754 522 781 τὸ
535 755 588 790 γὰρ
602 757 698 791 ὁρατὸν
714 757 811 790 ὀφθαλ-

21 799 79 832 μοῖς
89 798 174 825 αὑτοῦ
189 799 332 834 ἄνθρωπος
347 798 391 835 ἦν.
412 801 472 837 Χρὴ
487 800 533 828 οὖν
549 802 596 828 καὶ
610 803 688 838 ἡμᾶς,
701 804 810 830 ἐπιλαν-

560 100 738 130 COMMENT.
758 102 790 129 ΙΝ
808 104 902 132 .IOAN.
922 105 1039 134 TOSICS
1056 108 1124 135 XIII.

29 153 147 188 ἀπῆλθεν
170 154 210 185 είς
234 154 283 189 τὴν
298 154 386 186 πόλιν,
415 155 461 181 καὶ
488 155 560 190 λέγει
579 158 636 188 τοῖς
650 158 786 193 ἀνθρώποι

874 161 984 188 vitatem
1001 163 1076 196 adiit,
1093 169 1120 191 et
1133 165 1290 194 hominibus
1306 168 1344 196 ait
1359 181 1364 197 ;
1384 170 1492 203 Venite,

1603 121 1657 148 430

1511 173 1601 202 videte
1615 177 1656 204 vi-

871 213 940 238 rum,
955 208 999 241 qui
1022 209 1089 235 dixit
1105 210 1170 237 mihi
1186 213 1276 240 omnia
1292 222 1460 250 qtueeunque
1476 217 1548 245 feci:
1566 227 1600 246 an
1613 221 1656 249 hic

869 256 909 279 est
929 252 973 280 illc
998 253 1123 282 Christus
1141 256 1210 284 ⁸⁸2»
1229 258 1286 286 Non
1303 261 1401 288 frustra
1426 270 1490 291 reor
1512 265 1656 300 scripsisse

868 297 1060 344 evangelistam
1074 299 1108 326 de
1127 300 1284 330 dimissione
1301 305 1413 340 hydriae,
1431 308 1500 342 quod
1517 297 1656 344 reliquerit

869 341 941 368 illam
960 343 1058 370 mulier
1071 344 1191 378 profecta
1207 348 1241 374 ad
1267 349 1372 382 urbem,
1397 341 1554 387 ostendens,
1574 341 1654 389 -ῳισιι

867 388 899 414 ad
917 393 1020 416 textum
1036 390 1143 424 quidem
1157 393 1266 426 attinet,
1279 396 1396 424 studium
1411 399 1499 433 majus
1509 388 1655 436 quampm

867 433 1041 470 Samaritide,
1069 441 1100 464 ut
1123 446 1183 473 qua:
1211 440 1351 474 reliquerit
1375 433 1587 477 hydriaminon
1605 433 1654 474 ‘sie

865 480 938 507 cordi
953 480 1057 509 habens
1070 489 1232 516 corporeum
1247 489 1275 512 et
1290 486 1389 513 humile
1406 487 1533 522 ofﬁcium,
1545 492 1653 518 utmul-

866 529 954 552 torum
972 526 1135 554 utilitatem:
1154 528 1322 556 humanitate
1335 532 1407 558 enim
1423 539 1493 560 mota
1516 539 1568 568 est,
1591 543 1651 569 quae

864 570 950 598 voluit
960 572 1068 600 civibus
1083 575 1271 608 evangelizare
1285 575 1441 611 Christum;
1463 579 1512 613 ipsi
1531 581 1653 608 testimo-

863 617 937 644 nium
956 619 1035 651 dans,
1058 621 1129 654 quod
1153 621 1245 648 omnia
1272 629 1438 658 quaecunque
1466 624 1575 653 fecisset
1599 627 1651 655 sibi

863 664 971 690 dixerit.
992 664 1090 693 Invitat
1106 673 1197 694 autem
1218 667 1290 702 ipsos
1308 669 1339 696 ad
1352 670 1496 698 videndum
1514 672 1648 700 hominem

864 709 1005 737 habentem
1035 713 1168 740 rationem
1194 721 1226 741 ac
1256 722 1408 743 sermonem
1437 716 1514 752 longe
1539 718 1648 745 [omine

862 757 1079 789 praestantiorem
1094 767 1101 785 :
1121 758 1146 785 id
1161 759 1233 786 enim
1251 761 1321 794 quod
1339 761 1371 788 de
1383 769 1416 788 eo
1439 764 1540 790 nostris
1565 765 1651 792 mulis

861 803 1028 837 astectabile
1043 810 1113 838 erat,
1128 806 1207 834 homo
1222 813 1290 834 erat.
1308 808 1489 841 Quamobrem
1504 810 1649 838 ohl'visea-

19 843 182 878 Θανομένους
195 844 249 870 τῶν
266 847 511 882 σωματικωτέρων,
526 847 572 874 καὶ
588 848 716 883 ἀφιέντας
730 849 789 876 αὐτά

868 856 923 875 mur
942 853 970 875 et
987 857 1036 877 nos
1052 858 1162 878 necesse
1175 856 1216 878 est
1227 859 1317 879 rerum
1334 854 1530 887 corporalium,
1552 856 1648 892 hisque

19 888 142 915 σπεύδειν
166 889 213 915 ἐπὶ
227 889 257 915 τὺ
273 891 440 924 μεταδιδόναι
464 889 499 927 ἧς
517 893 718 929 μετειλήφαμεν
732 894 805 930 ὠφε-

17 932 87 965 λείας
101 934 207 969 ἑτέροις
220 943 226 949 ·
244 935 289 961 ἐπὶ
311 935 390 962 τοῦτο
403 936 456 972 γὰρ
472 938 647 972 προκαλεῖται
661 940 674 966 ό
694 941 806 975 εὐαγγε‹

15 979 108 1014 λιστὴς
120 980 230 1006 ἔπαινον
254 983 309 1013 τοῖς
322 982 419 1008 εἰδόσιν
431 983 627 1017 ἀναγινώσκειν
641 986 804 1021 ἀναγράφων

15 1024 62 1058 τῆς
75 1025 215 1058 γυναικός.
244 1027 316 1062 Πρὸς
332 1027 454 1062 μέντοιγε
478 1028 526 1064 τὴν
541 1030 685 1066 ἀναγωγὴν
700 1039 804 1067 axem}-

16 1070 72 1097 τέον
87 1072 131 1103 τίς
154 1073 171 1107 ἡ
189 1072 278 1108 ὑδρία,
295 1073 328 1108 ἢν
343 1074 438 1109 ἀφίησι
461 1075 670 1112 παραδεξαμένη
684 1085 742 1109 πως
758 1077 803 1104 τοῦ

22 1116 105 1151 Ἰησοῦ
121 1117 220 1151 λόγους
243 1119 260 1154 ἡ
276 1119 460 1154 Σαμαρεῖτις¹
488 1121 534 1147 καὶ
559 1121 629 1156 τάχα
650 1122 680 1148 τὸ
702 1122 805 1158 δοχεῖον

14 1163 58 1188 τοῦ
77 1164 323 1199 σεμνοποιουμένου
340 1164 395 1200 (16)
417 1166 462 1191 ἐπὶ
480 1165 610 1202 βαθύτητι
624 1166 728 1199 ὓδατος,
755 1168 804 1203 τῆς

15 1208 199 1241 διδασκαλίας,
226 1206 263 1236 ὧν
291 1211 399 1246 ἐφρόνει
429 1212 560 1247 πρότερον
591 1212 802 1245 ἐξευτελίζουσα,

18 1254 171 1281 ἀποτίθεται
187 1256 215 1282 ἐν
237 1255 276 1290 τῷ
291 1256 423 1291 κρείττονι
446 1257 495 1292 τῆς
512 1258 614 1293 ὑδρίας,
638 1257 756 1285 λαϐοῦσα
772 1260 804 1286 ἐκ

17 1301 58 1326 τοῦ
75 1301 173 1332 ὕδατος
188 1301 235 1327 τοῦ
260 1302 405 1337 γενομένου
431 1303 481 1338 ἤδη
508 1304 536 1329 ἐν
560 1304 627 1340 αὑτῇ
642 1305 733 1340 πηγῆς
748 1304 803 1340 (17)

18 1345 106 1379 ὕδατος
123 1347 275 1382 ἁλλομένου
303 1348 343 1379 εἰς
360 1347 432 1383 ζωὴν
456 1348 579 1376 αἰώνιον·
605 1350 663 1382 πῶς
680 1350 734 1386 γὰρ
757 1351 801 1383 ἂν,

16 1392 55 1417 τοῦ
81 1393 178 1424 ὓδατος
203 1393 298 1419 τούτου
328 1393 364 1429 μὴ
392 1395 579 1430 μετειληφυῖα,
606 1395 804 1431 φιλανθρώπως

15 1438 126 1473 Χριστὸν
152 1440 209 1471 τοῖς
226 1439 346 1471 πολίταις
363 1441 508 1476 ἐκήρυσσε,
531 1440 706 1475 Θαυμάζουσα
722 1440 803 1468 αὺτὺν

15 1484 218 1518 ἀπαγγέλλοντα
228 1485 317 1512 πάντα
327 1485 345 1511 ἃ
359 1486 495 1521 ἐποίησεν,
511 1487 535 1512 εί
552 1486 589 1521 μὴ
602 1487 757 1522 μετειλήφει
768 1487 802 1514 δι’

14 1525 47 1555 ὧν
61 1530 162 1565 ἤκουσε
179 1530 234 1566 (18)
251 1529 299 1557 τοῦ
315 1531 448 1567 σωτηρίου
461 1531 572 1563 ὖδατος;
594 1532 727 1559 Ῥεϐέκκα
741 1534 801 1568 μέν-

14 1583 59 1606 τοι,
76 1576 123 1602 καὶ
147 1576 218 1612 αὑτὴ
245 1577 337 1612 ὑδρίαν
355 1577 453 1613 ἔχουσα
474 1578 520 1604 ἐπὶ
542 1577 596 1604 τῶν
615 1578 707 1613 ὤμων,
736 1580 800 1615 πρὶν

16 1617 169 1645 συντελέσαι
194 1618 328 1646 λαλοῦντα
351 1621 380 1646 ὲν
402 1621 435 1655 τῇ
462 1619 565 1656 διανοίᾳ
588 1621 634 1647 τδν
649 1621 732 1648 παῖδα
752 1622 800 1649 τοῦ

20 1663 148 1699 Ἀϐραὰμ,
168 1664 346 1700 ἐξεπορεύετο
360 1665 430 1701 καλὴ
445 1667 477 1701 τῇ
489 1665 548 1700 ὄψει
563 1666 695 1702 παρθένος
708 1675 714 1682 ·
728 1667 798 1702 ἥτις,

15 1709 121 1746 ἐπείπερ
137 1710 189 1745 οὑχ
204 1711 304 1746 ὁμοίως
319 1711 407 1747 ήντλει
423 1709 456 1747 τῇ
470 1712 655 1747 Σαμαρείτιδι,
672 1713 801 1740 καταϐαί-

15 1763 49 1780 νει
63 1755 107 1781 ἐπὶ
121 1755 174 1791 τὴν
196 1756 298 1792 πηγὴν,
314 1757 361 1783 καὶ
375 1757 473 1792 πληροῖ
491 1758 541 1793 τὴν
556 1757 660 1793 ὑδρίαν,
676 1758 799 1796 ἁναϐάσῃ

14 1809 39 1826 τε
52 1801 116 1837 αὐτῇ
131 1802 187 1837 (19)
205 1802 343 1838 ἐπιτρέχει
357 1803 398 1834 είς
414 1803 574 1839 συνάντησιν
585 1804 598 1830 ὁ
609 1804 656 1831 τοῦ
675 1805 800 1841 Ἀϐραὰμ

15 1848 81 1879 ταῖς,
96 1848 145 1874 καὶ
169 1845 230 1875 εἷπε
243 1857 249 1863 ·
278 1858 287 1874 ι
300 1848 413 1875 Πότισόν
439 1857 474 1883 με
497 1849 594 1885 μικρὸν
616 1850 687 1886 ὕδωρ
702 1851 734 1877 ἐκ
749 1851 798 1885 τῆς

15 1892 99 1928 ὑδρίας
115 1903 174 1921 σου.
190 1904 199 1920 ι
225 1894 301 1921 Ἐπεὶ
315 1895 369 1930 γὰρ
384 1896 449 1927 παῖς
464 1893 497 1931 ἦν
511 1895 556 1921 τοῦ
576 1895 710 1931 Ἀϐραὰμ,
731 1896 799 1931 ἠγά-

15 1946 47 1964 πα
59 1939 108 1966 κᾶν
123 1939 226 1975 μικροῦ
243 1939 338 1971 ὕδατος
351 1939 406 1966 ἀπὸ
422 1940 470 1975 τῆς
482 1939 575 1975 ὑδρίας
595 1940 740 1972 Ῥεϐέκκας
754 1941 798 1968 λα-

15 1983 81 2010 ϐεῖν·
106 1985 154 2011 καὶ
179 1985 311 2012 ἔσπευσεν
337 1986 354 2021 ή
383 1986 523 2018 Ῥεϐέκκα,
547 1986 593 2013 καὶ
617 1986 725 2013 καθεῖλε
747 1987 797 2022 τὴν

15 2029 99 2064 bigis»
115 2031 164 2057 ἐπὶ
191 2031 237 2057 τὸν
262 2031 390 2067 βραχίονα
413 2031 467 2067 (20)
482 2032 576 2068 αὐτῆς,
603 2033 650 2059 καὶ
671 2031 796 2059 ἐπότισεν

15 2077 96 2110 αὐτὸν,
108 2078 163 2109 ἓως
176 2078 313 2105 ἐπαύσατο
327 2078 421 2106 πίνων.
447 2078 576 2113 Ἐπείπερ
586 2076 632 2104 οὖν
642 2076 675 2113 ἦν
689 2078 796 2105 ἐπαινε-

15 2122 70 2158 τὴή
86 2124 135 2159 τῆς
154 2123 304 2155 Ῥεϐέκκας
320 2124 407 2159 ὑδρία,
425 2124 454 2150 οὐ
474 2124 667 2150 καταλείπεται
682 2124 729 2150 ἀπ’
747 2124 796 2150 αὑ-

15 2168 66 2201 τῆς,
80 2169 97 2204 ἡ
107 2168 136 2196 δὲ
149 2169 200 2204 τῆς
210 2169 414 2204 Σαμαρείτιδος,
430 2166 496 2195 οὖσα
509 2169 568 2204 ὥρα
581 2169 658 2205 ἕκτη,
675 2169 794 2203 ἀφίεται.

21 2212 121 2240 Ὲνθαδε
138 2214 188 2250 μὲν
199 2214 231 2249 δὴ
244 2216 301 2246 τοῖς
317 2214 499 2250 Σαμαρείταις
513 2214 582 2250 γυνὴ
593 2214 797 2248 εὐαγγελίζεται

15 2258 54 2284 τον
67 2260 194 2295 Χριστόν·
219 2261 266 2287 ἐπὶ
278 2261 349 2287 τέλει
373 2261 402 2287 δὲ
425 2261 478 2287 τῶν
493 2261 666 2295 Εὑαγγελίων
689 2261 734 2287 καὶ
747 2261 796 2296 τὴν

16 2305 153 2332 ἁνάπασιν
177 2305 224 2332 τοῦ
239 2306 366 2341 Σωτῆρος
379 2307 434 2337 τοῖς
451 2306 607 2338 ἀποστόλοις
627 2307 644 2342 ἡ
658 2306 710 2341 πρὸ
729 2305 796 2332 πάν-

16 2357 62 2375 των
84 2351 164 2378 αὐτὸν
187 2351 343 2388 θεασαμένη
368 2351 436 2387 γυνὴ
458 2351 601 2387 διηγεῖται.
640 2351 710 2378 Ἀλλ’
732 2351 794 2378 οὔτε

857 894 964 922 omissis
980 896 1138 924 festinemus
1149 897 1181 923 ad
1196 898 1449 926 communicandam
1467 900 1540 933 aliis,
1563 909 1646 936 quam

856 940 1121 975 participaverimus,
1143 942 1287 970 utilitatem
1304 952 1311 970 :
1328 943 1361 970 ad
1375 944 1426 971 hoc
1445 952 1561 980 namque
1579 946 1647 973 invi-

858 989 896 1012 tat
910 987 1074 1021 evangelista
1099 988 1205 1014 laudem
1231 989 1355 1016 scribens
1379 989 1501 1018 mulieris
1518 992 1645 1025 prudenti

856 1030 960 1058 lectori.
979 1031 1031 1058 Sed
1050 1033 1082 1058 ad
1098 1033 1221 1060 altiorem
1236 1033 1443 1069 intelligentiam
1466 1036 1645 1065 intendendus

855 1081 897 1103 est
913 1077 1031 1109 animus,
1043 1086 1168 1112 quaenam
1185 1080 1289 1107 scilicet
1305 1081 1340 1107 sit
1354 1080 1450 1116 hydria
1465 1089 1546 1116 quam
1564 1083 1646 1110 relin-

855 1123 912 1156 quit
927 1123 1079 1158 Samaritis,
1093 1132 1152 1159 quae
1183 1125 1272 1160 aliquo
1299 1126 1377 1154 modo
1404 1133 1549 1162 acceperat
1578 1128 1644 1156 Jesu

855 1174 1013 1200 sermones;
1029 1173 1056 1196 et
1071 1169 1187 1197 fortasse
1202 1178 1249 1197 vas
1264 1178 1341 1205 aqua:
1357 1163 1506 1200 nobilitata:
1530 1173 1564 1200 ob
1579 1181 1643 1208 pro-

854 1213 1015 1241 funditatem
1031 1215 1171 1248 doctrinm,
1185 1216 1228 1243 his
1242 1216 1322 1244 rebus
1336 1225 1403 1252 quas
1416 1223 1496 1245 antea
1514 1219 1642 1251 curabat,

854 1259 962 1293 spretis,
980 1259 1086 1294 reponit
1099 1259 1168 1294 apud
1189 1267 1250 1287 eum
1269 1260 1316 1294 qui
1330 1267 1395 1287 vase
1408 1261 1487 1296 longe
1507 1265 1644 1296 praestan-

855 1303 907 1330 tior
924 1308 975 1336 est,
990 1312 1051 1331 cum
1075 1305 1236 1339 sumpsisset
1249 1311 1281 1331 ex
1299 1305 1343 1332 illa
1361 1312 1442 1340 aqua,
1458 1313 1517 1339 qua:
1539 1307 1596 1341 jam
1616 1307 1642 1334 in

853 1356 883 1376 se
898 1349 968 1376 facta
991 1348 1080 1376 fuerat
1098 1350 1158 1377 fons
1180 1357 1256 1383 aquae
1273 1349 1395 1377 salientis
1412 1351 1446 1378 ad
1462 1351 1544 1378 vitam
1559 1357 1642 1378 mter-

854 1402 916 1421 nam
930 1395 963 1421 ".
983 1394 1124 1428 Quomodo
1139 1395 1210 1422 enim
1226 1395 1247 1422 si
1263 1402 1315 1422 non
1333 1396 1468 1431 particeps
1489 1396 1550 1423 talis
1564 1404 1642 1430 aqum

854 1439 1244 1474 fuisset,quomodo,inquam,
1256 1440 1372 1468 humane
1383 1439 1519 1467 Christum
1535 1438 1642 1468 civibus

853 1484 1037 1519 prmdicasset,
1053 1485 1193 1512 admirans
1212 1492 1273 1512 eum
1290 1485 1341 1511 sibi
1363 1485 1452 1512 omnia
1470 1493 1641 1520 quzocunque

854 1531 962 1558 fecisset
994 1531 1206 1563 reuuntiantem,
1224 1531 1274 1557 nisi
1291 1531 1426 1566 particeps
1450 1532 1519 1559 facta
1545 1532 1641 1560 fuisset

852 1583 928 1610 aqua:
938 1576 1064 1603 salutaris
1077 1583 1125 1610 per
1136 1583 1168 1603 ea
1187 1577 1267 1603 verba
1283 1583 1342 1610 qua:
1354 1576 1498 1604 audierat?
1518 1577 1640 1605 Rebecca

850 1629 916 1648 sane
936 1625 963 1648 et
979 1622 1035 1656 ipsa
1052 1621 1176 1656 hydriam
1193 1621 1297 1648 habens
1311 1628 1394 1656 super
1408 1621 1546 1655 humeros,
1562 1627 1625 1649 ante

850 1675 931 1703 quam
947 1668 1063 1695 Abraha:
1081 1674 1149 1703 puer
1162 1667 1242 1693 linem
1261 1666 1388 1701 loquendi
1402 1667 1506 1695 faceret
1523 1667 1548 1694 in
1564 1675 1639 1702 cogi-

851 1714 965 1747 talione.
981 1714 1174 1749 egrediebatur
1197 1713 1274 1747 virgo
1299 1713 1390 1748 specie
1415 1718 1578 1748 pcrvenusta
1595 1714 1636 1739 ’σε

849 1767 910 1794 qua:
932 1760 1059 1794 quoniam
1087 1767 1138 1786 non
1163 1758 1276 1794 perinde
1302 1763 1385 1793 atque
1412 1758 1555 1787 Samaritis
1580 1760 1638 1787 lucc

850 1805 984 1837 hauriret,
998 1804 1136 1832 descendit
1154 1805 1187 1832 ad
1211 1803 1324 1835 fontem,
1346 1808 1374 1830 et
1391 1804 1484 1838 implet
1500 1804 1636 1839 hydriam,

849 1852 930 1885 eique
945 1850 1102 1878 aseendenli
1119 1850 1227 1877 obviam
1253 1856 1400 1877 accurrens
1427 1849 1543 1877 Abrahre
1566 1857 1637 1884 puer

849 1897 937 1923 dixit:
957 1905 966 1922 ι
982 1895 1078 1924 Polum
1093 1895 1182 1931 praebe
1199 1894 1264 1922 mihi
1282 1894 1425 1929 pauculum
1441 1901 1520 1929 aqua:
1534 1901 1566 1921 ex
1582 1895 1635 1929 hy—

848 1942 905 1969 dria
923 1947 966 1968 tua
979 1941 1013 1969 3".
1030 1951 1039 1967 ι
1056 1941 1189 1974 Quoniam
1205 1940 1290 1975 igitur
1307 1946 1373 1974 puer
1397 1943 1456 1966 erat
1484 1939 1634 1971 Abraham,

847 1991 988 2014 contentus
1001 1986 1050 2013 fuit
1063 1987 1104 2013 vel
1117 1985 1249 2012 tantulum
1263 1992 1340 2019 aqua:
1352 1991 1384 2011 ex
1398 1983 1494 2019 hydria
1506 1983 1635 2011 Rebecca:

846 2040 971 2065 sumere;
988 2035 1016 2059 et
1046 2032 1182 2059 festinavit
1213 2030 1346 2063 Rebecca,
1374 2034 1401 2057 et
1418 2028 1636 2064 deposuitzﬁo

847 2079 969 2114 hydriam
987 2085 1066 2113 super
1079 2077 1219 2105 brachium
1234 2083 1323 2108 suum,
1337 2080 1427 2110 potum
1443 2075 1482 2102 illi
1497 2076 1632 2109 przebens,

847 2126 932 2152 donec
941 2128 1060 2152 cessaret
1069 2132 1082 2150 a
1090 2123 1206 2151 bibendo
1213 2122 1245 2149 ⁸⁸.
1259 2121 1391 2155 Quoniam
1401 2121 1482 2156 igitur
1490 2119 1634 2148 laudabilis

846 2174 905 2196 erat
920 2169 1050 2196 Rebecca:
1072 2168 1179 2203 hydria,
1206 2175 1259 2194 non
1289 2166 1476 2201 relinquitura
1494 2165 1631 2197 Rebecca,

851 2216 896 2243 sed
916 2214 1087 2242 Samarilidis
1101 2214 1197 2249 hydria
1220 2213 1382 2247 relinquitur
1398 2213 1464 2239 hora
1485 2212 1633 2239 exsiliente

850 2265 926 2289 sexta
941 2261 974 2286 ³⁸.
988 2260 1044 2286 lloc
1064 2259 1146 2294 igitur
1163 2259 1188 2285 in
1203 2258 1263 2285 loco
1280 2257 1376 2284 mulier
1393 2257 1569 2284 Samaritanis
1580 2263 1631 2283 an-

849 2305 956 2334 nuntiat
971 2305 1109 2333 Christum
1127 2313 1133 2336 ;
1150 2304 1176 2330 in
1197 2304 1250 2330 fine
1264 2311 1329 2330 vero
1353 2302 1570 2336 Evangeiiontm,
1588 2309 1632 2328 re-

848 2349 1044 2376 surrectionem
1073 2347 1229 2375 Servatoris
1256 2348 1338 2374 etiam
1363 2352 1475 2374 enarrat
1501 2346 1631 2381 apostolis

46 2442 66 2457 "
77 2441 153 2470 Joatt.
169 2441 259 2474 H.253,
272 2442 316 2470 ‘29.
354 2443 377 2459 ⁸⁵
388 2442 452 2470 ibid.
468 2443 512 2470 M.
550 2442 572 2458 ³⁸
585 2442 652 2470 Gen.
671 2449 742 2469 xxtv.
781 2442 789 2457 '

868 2441 884 2468 I.
906 2440 950 2469 Π.
988 2439 1011 2456 ⁸⁸
1029 2439 1094 2467 ibid.
1112 2438 1154 2466 l8.
1192 2437 1215 2454 ”
1229 2437 1308 2466 Joau.
1324 2444 1360 2470 Iv,
1379 2436 1406 2464 6.

47 2531 99 2565 (l5)
116 2533 207 2561 Codex
225 2532 396 2564 Bndleiauus,
415 2533 462 2559 καὶ
478 2531 563 2564 οὕτως
580 2531 665 2566 αὐτῆς
676 2539 791 2566 πεφρον-

17 2567 114 2600 τιιυίις
125 2569 157 2595 οὐ
173 2569 219 2595 τοῦ
237 2568 404 2604 σωματικοῦ.

41 2613 99 2654 lilii)
109 2614 194 2642 Codd.
207 2615 307 2650 Regius
324 2619 351 2641 et
365 2614 541 2646 Barherinus,
575 2612 675 2648 σεμνοῦ
699 2620 790 2638 ποιου-

37 2655 101 2675 ενου.

37 2655 101 2675 ενου.

19 2654 35 2680 μ
49 2691 98 2726 (ll)
111 2693 270 2721 Bodleianus
283 2694 369 2722 codex
382 2693 483 2728 πηγῆς,
504 2694 602 2728 Regius
618 2698 645 2721 et
663 2692 791 2720 Barberi-

19 2732 72 2757 nus.
85 2728 182 2764 ἀρχῆς.

49 2773 99 2808 (18)
109 2774 196 2802 Codex
215 2774 392 2806 Bodleianus,
404 2775 436 2802 δι’
454 2772 491 2802 ὧν
510 2775 616 2809 ὕριουσε,
643 2775 742 2809 Regius
762 2780 791 2803 et

19 2804 181 2844 Ruberinus,
195 2810 315 2846 διήκουε.
338 2804 425 2838 Vertit
448 2804 632 2842 l‘eriduiusfc
650 2804 702 2838 nisi
727 2818 787 2845 par-

845 2532 929 2565 lieeps
940 2530 1009 2558 facta
1023 2535 1096 2557 essm
1107 2537 1184 2565 aqua:
1194 2533 1324 2564 perpetuo
1340 2528 1480 2560 salutaris,
1497 2537 1508 2554 ι
1523 2529 1629 2563 legebat

843 2565 982 2593 διηνεκῶς-

868 2575 1107 2637 ᾟίῆωὖίναϐἀσῃ
1121 2607 1154 2626 τε
1179 2598 1267 2633 αὐτῇ.
1290 2605 1348 2637 ete._
1367 2598 1404 2626 ita
1432 2599 1573 2637 legendum
1593 2606 1627 2637 ex

844 2633 941 2663 Gcises.
956 2644 1030 2668 xxtv,
1043 2636 1085 2668 i7,
1101 2643 1152 2661 non
1169 2642 1232 2662 vero
1247 2634 1389 2670 καταϐάσῃ
1402 2654 1408 2666 ,
1427 2633 1573 2670 ιηίΙΙιιειξο
1588 2634 1630 2660 vi—

844 2671 932 2702 detur,
944 2679 975 2698 ex
991 2671 1090 2697 Cenes.
1106 2677 1181 2700 xxtv.
1194 2670 1236 2697 45.
1254 2669 1328 2703 Quod
1346 2672 1367 2696 si
1384 2671 1441 2696 loca
1468 2669 1523 2695 haec
1540 2669 1628 2696 Gene-

844 2713 904 2732 seos
924 2705 1106 2732 consuluisset
1127 2705 1268 2731 Ferrarius
1282 2724 1290 2736 ,
1320 2704 1401 2731 παῖδα
1417 2704 1463 2730 τοῦ
1491 2704 1626 2739 Ἀϐραάμ,

846 2739 980 2767 «Abrahae
996 2740 1079 2766 ﬁlium
1092 2749 1102 2766 ι
1123 2740 1291 2774 ineptissime
1305 2747 1357 2769 non
1375 2739 1548 2769 reddidisset,
1568 2747 1597 2765 se
1618 2757 1626 2770 ,

845 2775 975 2813 «Atti-aha:
991 2782 1145 2813 pileruin_._p_
1246 2809 1252 2813 _
1279 2809 1284 2813 Δ
1333 2807 1346 2813 _

880 2810 936 2844 (20)
953 2807 1042 2837 Codex
1055 2809 1227 2842 Bodleianus,
1245 2809 1290 2836 ἐπὶ
1301 2807 1347 2835 τοῦ
1363 2807 1513 2842 βραχίονος-
