1854 3043
46 108 96 135 135

575 103 754 132 COMMENT.
774 102 807 129 IN
827 102 922 130 JOAN.
943 102 1060 131 TO‘llL'S
1079 104 1146 132 Xlll.

1619 111 1672 139 ΔΜ

42 167 80 201 τῷ
96 167 213 202 Σωτῆρι.
233 167 407 201 Κατανόησον
430 165 461 200 δὴ
477 166 500 191 εἰ
523 164 632 191 δύναται
646 162 817 198 ἐπαινουμένη

904 161 1039 193 dducilur.
1059 171 1068 187 ι
1087 162 1169 196 Igitur
1183 162 1327 191 considera
1344 162 1522 191 laudabilisne
1537 172 1596 192 esse
1613 175 1672 200 pos-

42 212 186 246 τυγχάνειν
200 213 216 246 ἡ
231 211 308 246 ὑδρία
323 210 392 246 αὕτη
410 211 497 246 πάντη
512 210 643 245 ἀφιεμένη
653 218 659 225 ·
685 219 694 235 ι
707 209 807 244 Ἀιρῆκε
822 219 830 234 ι

41 257 104 292 γὰρ,
130 257 207 291 φησι,
240 256 312 291 «τὴν
330 256 425 291 ὑδρίαν
444 256 529 290 αὐτῆς
553 257 569 291 ὴ
595 256 680 290 γυνή·
695 264 704 280 ι
729 255 759 282 οὐ
779 255 835 291 γὰρ

40 303 210 337 πρόσκειται,
226 303 266 328 ὅτι
282 303 386 337 ἀφῆκεν
401 301 486 337 αὐτὴν
500 300 621 336 παρὰτῷ
635 302 750 336 Σωτῆρι.
770 301 832 332 Πῶς

38 348 67 374 δὲ
83 348 130 374 καὶ
146 348 195 374 οὐκ
209 347 339 374 ἀπίθανον
356 346 556 374 καταλιποῦσαν
578 347 662 382 αὐτὴν
678 347 727 383 τὴν
743 347 831 374 δεκτι-

37 393 88 428 κὴν
102 393 153 428 τῆς
167 393 239 428 ζωῆς
263 393 392 426 διάθεσιν,
411 394 458 420 καὶ
482 393 532 429 τὴν
557 393 661 420 ἔννοιαν
685 393 736 428 τῆς
750 394 830 420 δυνά-

39 447 112 472 μεως
137 438 185 473 τῆς
210 439 286 474 παρὰ
309 438 356 466 τοῦ
381 439 517 474 Σωτῆρος,
534 439 580 466 καὶ
603 439 633 465 τὺ
649 439 743 471 σκεῦος
766 440 794 467 ἐν
808 437 830 474 ᾧ

36 483 160 518 ἐληλύθει
176 483 323 520 λαμϐάνειν
346 484 377 511 τὺ
401 485 455 517 ζῶν
469 485 550 521 ὕδωρ.
578 485 774 521 ἀπεληλυθέναι
790 487 829 518 είς

36 529 81 555 τὸν
95 530 198 565 κόσμον
214 531 299 566 χωρὶς
313 531 425 563 τούτων,
440 531 667 566 εὐαγγελίσασθαι
683 533 716 567 τῇ
733 533 827 568 κλήσει

35 576 83 611 τὴν
97 576 215 611 Χριστοῦ
237 577 406 613 παρουσίαν;
433 578 494 610 Πῶς
509 578 537 604 δὲ
553 579 599 605 καὶ
621 580 637 614 ή
656 579 826 615 πνευματικὴ

36 620 104 655 μετὰ
118 621 260 653 τεσούτους
274 623 368 657 λόγους
383 623 412 649 οὐ
428 623 571 650 πέπεισται
588 624 680 658 σαφῶς
700 624 764 659 περὶ
779 624 826 650 τοῦ

35 666 163 701 Χριστοῦ,
181 667 249 694 ἀλλά
261 677 326 704 φησι
336 669 432 704 ·ιΜήτι
443 665 520 702 οὗτος
531 671 544 696 ό
558 669 760 705 ΧριστόςςιΚαὶ
777 670 807 696 τό
817 679 823 685 ·

38 722 47 736 ι
60 712 186 748 Ἐξῆλοον
202 714 230 740 δὲ
254 716 286 741 ὲκ
301 715 350 750 τῆς
364 715 479 748 πόλεως,
493 726 502 741 ι
529 716 677 752 διηγήσατο
701 716 761 743 ἀντὶ
777 717 823 743 τοῦ

34 760 67 785 ἐκ
79 759 128 793 τῆς
143 760 278 795 προτέρας
291 760 380 787 αὐτῶν
397 761 569 797 ἀναστροφῆς
585 761 668 798 οὔσης
678 763 822 798 κοσμικῆς,

34 814 43 828 ο
58 804 103 830 καὶ
126 804 241 839 ἤρχοντο
257 805 300 831 διὰ
316 805 367 840 τῆς
391 805 518 838 πίστεως,
534 816 543 832 ›
574 807 650 842 φησὶ,
672 816 680 832 ι
693 807 761 843 πρὸς
777 807 823 833 τὸν

887 207 918 232 sit
936 206 991 232 lucc
1004 207 1110 241 hydria,
1125 215 1185 242 qua:
1199 209 1310 235 omnino
1323 208 1503 243 relinquitur:
1519 218 1528 235 ι
1544 210 1650 238 Dimisit
1660 222 1670 238 ο

886 251 968 281 cnint,
984 251 1080 285 inquit,
1098 261 1107 277 ι
1126 253 1246 287 hydriam
1263 261 1339 280 suam
1353 254 1497 287 mulier”;
1509 264 1518 280 ι
1536 263 1587 282 ιιοιι
1600 257 1671 283 extim

887 297 996 322 additur
1014 297 1084 330 quod
1103 297 1237 325 dimiserit
1257 305 1316 324 eam
1333 299 1402 332 apud
1416 298 1599 327 Servatorcm.
1617 301 1672 328 Sed

884 342 1019 374 quomodo
1031 350 1083 369 non
1099 343 1246 370 absurdum
1262 345 1314 369 crit
1330 350 1400 373 eam,
1417 351 1477 378 qum
1494 344 1671 380 deseruisset,

884 388 1090 421 dispositionem
1103 393 1130 415 et
1142 390 1278 416 notionem
1295 391 1476 424 susceptivatn
1495 391 1556 418 vita:
1575 397 1602 419 et
1621 401 1669 427 po-

885 433 986 464 tt-nlire,
1001 442 1014 459 a
1028 432 1175 461 Survatore
1192 440 1358 467 manantem,
1375 441 1401 462 et
1415 442 1462 462 vas
1477 436 1501 463 in
1516 444 1570 471 quo
1585 445 1669 466 vene-

884 485 925 505 rat
947 484 975 505 ut
994 480 1129 514 acciperet
1146 488 1243 514 aquam
1261 481 1360 512 vivam,
1375 481 1473 508 abiisse
1495 482 1521 508 in
1539 485 1668 511 mundttm

881 527 939 553 sine
959 526 1012 558 his,
1030 532 1058 552 ιιι
1083 527 1286 560 evangelizaret
1311 534 1377 554 voce
1399 527 1502 555 Christi
1524 529 1668 557 adventum

880 578 907 598 ct
924 572 1096 606 pra'scntiam
1106 572 1117 598 ’ί
1127 572 1268 605 Quomodo
1283 572 1365 599 etiam
1380 573 1435 600 haec
1449 573 1596 607 spiritu-alis
1610 580 1670 607 post

881 620 918 641 tot
933 624 1073 643 sermones
1087 624 1215 650 persuasa
1233 617 1305 644 clare
1321 625 1373 644 non
1389 618 1475 644 estde
1489 618 1608 648 Christo.
1620 621 1667 647 sed

880 662 967 696 inquit
985 671 991 689 :
1013 672 1022 688 ι
1039 664 1078 689 An
1094 663 1137 690 hic
1153 667 1193 690 est
1205 663 1402 690 illetlhristus'
1415 663 1426 690 ?
1441 674 1449 689 ι
1463 664 1532 696 Quin
1544 669 1570 692 et
1584 665 1665 693 illud:

882 716 890 732 ι
911 707 1040 735 Exierunt
1058 712 1146 735 autent
1161 716 1175 735 e
1193 709 1304 735 civitate
1316 709 1338 741 ¹,
1352 718 1361 734 ι
1379 709 1502 744 exposuit
1519 717 1567 744 pro
1581 710 1668 744 prima

877 761 970 780 eorum
987 754 1175 787 conversione,
1191 762 1250 788 quae
1266 755 1399 781 mundana
1421 759 1493 787 crat,
1512 763 1521 780 ι
1540 760 1566 781 et
1587 762 1670 782 vene-

879 805 940 827 runt
968 808 1016 836 per
1039 801 1129 833 (idem,
1157 800 1255 834 inquit,
1285 802 1319 827 ad
1345 799 1559 832 Servatnremp
1578 800 1625 827 sed
1642 801 1666 827 ci

30 846 163 881 Σωτῆρα·
185 857 194 873 ι
219 846 327 873 λεκτέον
351 848 379 874 δὲ
403 848 470 884 πρὸς
486 849 577 882 αὐτὸν,
593 849 652 881 πῶς
671 849 745 885 μένει
759 859 815 882 παρ

904 847 1094 881 :spondendum
1110 850 1151 873 est
1164 854 1170 871 :
1187 846 1328 879 Quomodo
1341 849 1433 872 manet
1448 845 1516 872 duos
1528 845 1586 872 dics
1597 846 1668 878 apud

30 892 124 923 αὐτοῖς
138 892 186 923 τὰς
202 892 248 919 δύο
262 893 382 929 ἡμέρας;
395 895 425 920 οὐ
442 895 495 930 γὰρ
504 895 654 930 τετήρηκεν
670 896 684 922 δ
700 905 825 932 προπαρ-
851 917 853 919 -

29 936 148 971 εθέμεθα
173 938 253 972 ἡμεῖς
268 938 331 973 περὶ
347 939 394 965 τοῦ
419 940 447 965 ὲν
461 941 493 975 τῇ
509 940 586 966 πόλει
619 941 699 967 αὐτὸν
724 941 825 975 ἀναγε-

29 983 152 1017 γράφθαι
169 983 223 1019 (2i)
240 984 423 1019 μεμενηκέναι
438 985 486 1017 τὰς
505 985 551 1012 δύο
567 986 682 1022 ἡμέρας.

66 1028 111 1054 31.
124 1036 133 1052 ι
153 1029 196 1054 Ἐν
211 1028 249 1063 τῷ
264 1029 365 1063 μεταξὺ
381 1029 492 1065 ἠρώτων
506 1031 585 1057 αὐτὸν
598 1033 622 1058 οἱ
641 1031 770 1067 μαθηταὶ,
786 1032 826 1059 λέ-

28 1082 123 1106 γοντες
136 1082 142 1088 ·
164 1073 267 1105 Ῥαϐϐὶ,
278 1075 358 1109 φάγε.
372 1085 380 1101 ι
394 1075 470 1102 Μετὰ
483 1076 533 1112 τὴν
542 1076 604 1112 περὶ
617 1077 647 1103 τὸ
659 1077 739 1104 ποτὸν
753 1079 825 1105 οίκο-

28 1119 126 1152 νομίαν
152 1120 198 1145 καὶ
223 1119 271 1154 τὴν
295 1120 468 1147 διδασκαλίαν
482 1122 530 1157 τῆς
546 1122 677 1158 διαφορᾶς
691 1123 745 1149 τῶν
761 1124 824 1150 ὑδά-

28 1174 82 1191 των
98 1165 244 1192 ἀκόλουθον
269 1163 303 1201 ἦν
330 1167 376 1192 καὶ
394 1167 427 1194 τὰ
457 1169 518 1203 περὶ
543 1169 646 1204 τροφῆς
672 1170 824 1205 ἀναγεγρά-

28 1212 103 1244 φθαι.
127 1211 159 1237 Ἥ
172 1211 220 1246 μὲν
232 1209 278 1238 οὖν
292 1212 456 1248 Σαμαρεῖτις
467 1214 613 1250 αἰτουμένη
627 1216 698 1241 πιεῖν
714 1215 757 1242 διὰ
768 1215 822 1242 τῶν

30 1259 227 1294 ὲπαττορήσεων
243 1260 298 1295 (25)
315 1260 408 1294 αὐτῆς,
437 1259 518 1286 οἱονεὶ
532 1259 560 1286 δὲ
575 1260 618 1286 διὰ
639 1261 685 1287 τὸν
696 1262 822 1297 αἰτήσαν-

27 1313 60 1330 τα
88 1304 160 1339 (οὔτε
173 1305 227 1341 γὰρ
249 1303 304 1340 εἷχε
320 1305 411 1331 δοῦναι
423 1305 461 1340 τῷ
483 1305 570 1340 Ἰησοῦ
587 1304 660 1338 ἄξιον
675 1307 756 1333 αὐτοῦ
772 1307 821 1334 πό-

28 1351 87 1385 μα),
105 1351 131 1376 εἰ
156 1351 281 1382 κάκεῖνος
304 1352 332 1377 ὲν
355 1350 394 1386 τῷ
421 1351 528 1386 ἐκείνην
550 1351 705 1387 αἱτηθεῖσαν
728 1353 820 1388 ὀρέξαι

27 1396 152 1423 ἐϐούλετο
165 1398 344 1433 εὐεργετῆσαι
355 1396 399 1423 διὰ
409 1397 503 1423 τούτου
514 1396 561 1423 τοῦ
576 1399 648 1424 πιεῖν
661 1398 819 1426 δεδωκυῖαν.

28 1442 168 1477 Ἔπρεπεν
194 1443 243 1478 ἤδη
262 1463 268 1470 .
281 1463 287 1471 .
299 1462 324 1470 ..
337 1463 343 1469 .
362 1443 416 1470 ἀπὸ
431 1443 482 1478 τῆς
507 1443 712 1479 Σαμαρείτιδος.
738 1446 768 1471 Οἱ
791 1445 820 1472 δὲ

26 1487 147 1523 μαθηταὶ
161 1508 168 1515 .
181 1509 187 1516 .
199 1507 206 1514 .
216 1509 222 1515 .
232 1508 238 1514 .
256 1488 464 1524 ἀπεληλυθότων
476 1490 516 1520 εἰς
530 1488 578 1524 τὴν
594 1489 680 1522 πόλιν,
699 1489 743 1516 ἵνα
757 1499 818 1525 τρο-

26 1534 77 1568 φὰς
94 1535 278 1570 ἀγοράσωσιν,
296 1535 355 1571 ἦτοι
370 1535 516 1570 εὑρηκότες
532 1535 701 1570 ἐπιτηδείους
715 1536 818 1571 τροφὰς

26 1581 100 1616 παρὰ
112 1583 168 1612 τοῖς
180 1581 343 1617 ἐτεροδόξοις
354 1581 450 1615 λόγους
461 1580 535 1612 τινὰς
545 1581 724 1616 ἁρμόζοντας,
738 1601 745 1608 .
756 1601 764 1608 .
775 1602 782 1609 .
791 1602 798 1609 .
809 1603 816 1611 .

26 1627 100 1661 αὐτῷ
111 1636 118 1641 ·
138 1637 146 1652 ι
163 1627 247 1660 Φάγε,
263 1637 271 1652 ι
296 1626 391 1662 καιρὸν
409 1627 569 1662 νομίσαντες
584 1627 735 1662 ἐπιτήδειον
750 1625 818 1654 εἶναι

26 1673 99 1708 αὐτῷ
121 1674 225 1709 τροφῆς
240 1672 286 1699 τὸν
314 1672 414 1708 μεταξὺ
431 1673 477 1699 τοῦ
502 1672 698 1708 ἀπεληλυθέναι
714 1674 753 1704 είς
769 1672 817 1708 τὴν

26 1720 101 1746 πὸλιν
128 1721 176 1756 τὴν
202 1720 327 1754 γυναῖκα,
355 1720 401 1746 καὶ
417 1719 464 1746 τοῦ
481 1719 636 1754 ἐληλυθέναι
657 1719 725 1755 πρὸς
738 1719 818 1746 αὑτὸν

26 1767 87 1798 τοὺς
101 1766 290 1801 Σαμαρείτας·
310 1767 352 1793 ἐπ’
375 1766 481 1797 οὐδενὸς
496 1765 550 1800 γὰρ
574 1764 649 1797 ξένου
675 1765 818 1800 παρετίθε-

27 1820 74 1837 σαν
98 1811 174 1846 αὐτῴ
188 1812 237 1847 τὴν
259 1813 379 1847 τροφήν
407 1813 472 1843 ἴσως
499 1811 744 1847 ὲπιθορυὸηθείσης
761 1810 816 1846 (26)

28 1859 57 1884 ἂν
71 1859 122 1894 τῆς
146 1858 341 1894 Σαμαρείτιδος
366 1859 390 1884 εί
405 1857 477 1894 ἐώρα
502 1859 565 1889 τοὺς
580 1857 703 1893 μαθητὰς
716 1857 749 1884 τὰ
764 1858 817 1884 ἀπὸ

26 1904 73 1938 τῆς
90 1904 195 1935 πόλεως
209 1904 294 1939 αὐτῆς
308 1904 439 1940 τρόφιμα,
453 1904 512 1939 ἤτοι
529 1903 603 1935 ὄντα,
620 1903 636 1939 ἣ
653 1903 817 1938 νομιζόμενα

26 1949 204 1984 παρατιθέναι
228 1949 406 1985 βουλομένους
429 1949 468 1985 τῷ
491 1949 659 1984 διδασκάλῳ·
684 1948 740 1975 ἀλλ’
757 1948 816 1976 οὐδὲ

26 1995 138 2022 ἐνώπιον
153 1994 208 2021 τῶν
224 1996 400 2032 Σαμαρειτῶν
421 1995 534 2026 δεόντως
547 1994 580 2021 ἂν
594 1996 690 2021 ἐκεῖνοι
707 1994 813 2028 ἔλεγον

29 2051 36 2065 ι
48 2041 153 2072 Ῥαεὸὶ,
171 2041 251 2075 φατε,
267 2050 276 2066 ι
291 2041 446 2077 χρῃζόντων
459 2039 634 2067 καταλείπειν
651 2039 755 2066 ἑαυτῶν
766 2039 815 2074 τὴν

25 2087 99 2113 πόλιν
110 2095 118 2102 ⁸
135 2087 180 2113 διὰ
193 2087 272 2113 τοῦτο
284 2086 374 2118 καλῶς
391 2087 551 2122 πρόσκειται
563 2086 593 2112 τό
604 2093 611 2100 ”
630 2094 639 2110 ι
652 2085 695 2111 Ἐν
710 2085 749 2120 τῷ
766 2093 814 2120 με-

25 2133 88 2165 ταξὺ
106 2133 222 2167 ἠρώτων
248 2133 328 2159 αὐτὸν
355 2134 379 2159 οἱ
403 2132 522 2167 μαθηταὶ
543 2131 685 2166 λέγοντες·
709 2131 812 2164 Ῥαϐϐὶ,

878 892 992 927 ipsos’?
1011 900 1063 919 non
1088 893 1162 919 enim
1181 891 1347 925 observavit,
1364 891 1436 926 quod
1453 898 1501 917 nos
1521 891 1667 925 proposui-

877 945 947 968 mus.
965 937 1096 972 scriptum
1113 936 1218 963 scilicet
1233 943 1286 963 non
1302 943 1372 969 esse,
1390 944 1451 963 eutn
1475 936 1541 962 duos
1561 935 1619 962 dics
1637 937 1662 963 in

875 983 984 1010 civitate
999 984 1142 1011 mansisse.

911 1042 955 1068 5i.
981 1051 990 1067 ι
1005 1040 1114 1068 lnlerim
1133 1041 1263 1076 rogabant
1280 1049 1341 1068 eum
1365 1041 1501 1075 discipuli,
1523 1042 1663 1070 dicentes:

876 1087 973 1119 Rahbi,
998 1088 1111 1114 comede
1125 1088 1162 1114 ⁸.»
1181 1087 1245 1114 Post
1259 1088 1438 1115 mconomiam
1451 1093 1539 1122 potus,
1557 1093 1584 1115 et
1606 1092 1666 1123 post

875 1134 1027 1160 doctrinam
1050 1134 1216 1161 diversitatis
1240 1141 1383 1167 aquarum,
1407 1141 1578 1168 consequens
1601 1139 1661 1162 erat

875 1179 989 1206 inscribi
1008 1187 1067 1213 quae
1081 1180 1114 1205 ad
1137 1179 1227 1206 cihttm
1253 1178 1435 1213 pertinebant.
1454 1179 1600 1206 Samarilis
1614 1179 1664 1207 ita-

873 1232 926 1258 que
943 1232 1004 1251 cum
1031 1229 1177 1258 rogaretur
1200 1229 1305 1258 potum,
1329 1224 1448 1256 dubitat,
1476 1230 1586 1260 propter
1601 1233 1662 1252 cum

874 1269 920 1304 qui
938 1271 1056 1302 petierat
1068 1269 1169 1306 (neque
1182 1270 1253 1297 enim
1267 1275 1374 1304 poterat
1386 1270 1453 1297 dare
1465 1270 1530 1297 Jcsu
1551 1271 1661 1305 dignum

874 1315 921 1342 illo
936 1315 1053 1350 potum),
1069 1323 1131 1342 num
1147 1322 1177 1342 se
1191 1315 1296 1350 jussam
1307 1323 1406 1348 aquam
1423 1316 1571 1350 porrigere,
1583 1316 1664 1343 vellet

872 1360 950 1388 Jesus
976 1361 1111 1388 beneﬁcio
1132 1360 1242 1388 afﬁcere
1262 1368 1310 1395 per
1325 1362 1396 1388 hunc
1410 1367 1513 1396 potum.
1543 1362 1662 1389 Docebat

872 1406 1013 1441 igitur.....
1031 1413 1045 1433 a
1059 1405 1232 1433 Samarilide.
1256 1406 1342 1432 Porro
1355 1405 1490 1439 discipuli,
1504 1407 1550 1440 qui
1562 1406 1660 1433 civita-

873 1456 925 1478 tem
939 1451 1064 1478 adierant
1079 1455 1108 1478 ut
1121 1451 1197 1479 cibos
1213 1456 1338 1479 emerent
1349 1452 1371 1484 ',
1386 1458 1447 1478 cum
1462 1458 1509 1478 eos
1524 1451 1594 1485 apud
1611 1451 1662 1477 ho-

872 1497 961 1525 mines
977 1498 1091 1525 divcrsze
1115 1503 1195 1525 secta:
1223 1506 1257 1525 ex
1281 1497 1364 1524 animi
1391 1497 1526 1525 sententia
1543 1497 1662 1524 invenis-

870 1549 943 1576 sent,
964 1552 1064 1579 nempe
1080 1552 1220 1572 sermones
1239 1545 1369 1579 quosdam
1395 1544 1597 1574 convenientes.
1613 1543 1659 1570 di-

870 1595 934 1617 cunt
947 1589 1027 1626 242
1045 1590 1082 1617 illi
1096 1599 1103 1617 :
1122 1599 1132 1616 ι
1144 1589 1262 1617 Comede
1272 1590 1293 1622 ⁸,
1307 1598 1317 1615 ›
1335 1593 1440 1623 tempus
1453 1588 1516 1616 illud
1533 1588 1661 1615 idoneum

870 1637 933 1668 rati,
951 1641 980 1663 ut
997 1636 1075 1664 Jesus
1091 1637 1257 1668 comederet,
1282 1637 1308 1662 in
1325 1643 1378 1670 quo
1401 1635 1499 1662 mulier
1520 1634 1660 1662 civitatem

870 1682 996 1716 petierat,
1010 1682 1172 1715 venturique
1187 1685 1266 1708 erant
1285 1681 1319 1707 ad
1333 1687 1394 1707 eum
1407 1680 1585 1713 Samaritani,
1596 1688 1657 1707 cuin

869 1727 968 1762 alioqui
983 1728 1074 1755 cibum
1092 1735 1183 1755 coram
1208 1726 1263 1753 ullo
1279 1726 1388 1760 hospite
1403 1726 1439 1752 illi
1454 1734 1505 1752 non
1518 1726 1660 1760 apposuis-

868 1778 942 1800 sent.
963 1773 1001 1800 Ac
1016 1772 1143 1799 fortassis
1161 1771 1281 1798 futurum
1300 1775 1367 1802 erat,
1383 1770 1420 1796 uti
1436 1770 1581 1797 Samaritis
1592 1778 1659 1796 cott-

869 1819 1036 1849 turbaretur,
1049 1818 1070 1844 si
1087 1817 1199 1843 vidisset
1214 1815 1362 1849 discipulos
1375 1815 1506 1848 magis'ro
1522 1822 1659 1849 apponere

868 1863 991 1890 volentes
1005 1863 1119 1894 cibaria,
1134 1869 1194 1896 qua:
1208 1861 1250 1888 vel
1269 1861 1294 1888 in
1311 1860 1433 1887 Samaria
1455 1861 1598 1889 emissent.
1613 1860 1654 1886 ιιι-Ι

868 1908 968 1935 emisse
990 1907 1137 1934 verisimile
1154 1911 1246 1939 esset;
1266 1914 1354 1941 neque
1375 1905 1473 1932 merito
1500 1913 1589 1932 coram
1608 1906 1659 1931 Sa-

868 1953 1012 1980 maritanis
1039 1952 1193 1980 volentibus
1218 1959 1294 1979 suam
1322 1952 1443 1985 ipsorum
1468 1950 1658 1984 derelinquere

869 1998 1008 2025 civitatem
1027 1998 1176 2024 dixissent:
1201 2005 1211 2023 ι
1227 1996 1325 2029 Rabbi,
1345 1995 1471 2028 comede;
1487 2005 1496 2021 ι
1517 1995 1576 2022 ideo
1589 1996 1658 2022 bene

866 2044 989 2071 additum
1003 2049 1044 2070 est
1059 2052 1065 2070 :
1086 2052 1097 2068 ‹
1115 2043 1226 2070 Interim
1241 2042 1374 2077 rogabant
1386 2049 1445 2068 eum
1461 2041 1599 2076 discipuli,
1615 2041 1657 2068 di-

866 2095 959 2118 centes
982 2099 990 2118 :
1013 2090 1284 2123 Rnbbi,manduca.i
1308 2090 1360 2117 Sed
1387 2096 1467 2123 quam
1487 2088 1522 2116 ob
1546 2096 1655 2116 causam

867 2138 998 2171 scriptum
1016 2136 1061 2169 sit,
1078 2146 1086 2161 ι
1102 2136 1236 2171 rogabant
1250 2135 1351 2170 ipsum.
1366 2144 1375 2161 ι
1391 2139 1418 2161 et
1438 2141 1502 2166 non,
1526 2133 1656 2161 Dicebant

25 2179 103 2212 τράγε.
119 2188 129 2204 ι
144 2178 194 2204 Διὰ
209 2178 234 2204 τί
247 2178 275 2204 δὲ
291 2188 300 2203 ι
312 2177 397 2204 Αὑτὸν
413 2177 537 2213 ἠρώτων,
551 2186 561 2202 ι
585 2177 633 2203 καὶ
648 2176 718 2211 οὐχὶ,
735 2176 813 2202 Ἐλε-

904 2184 918 2216 i,
934 2183 1042 2217 dignum
1057 2187 1098 2209 est
1115 2189 1248 2212 cernere;
1268 2180 1419 2215 simplicius
1435 2180 1506 2206 enim
1523 2179 1655 2212 scriptum

25 2233 68 2257 γον
84 2224 170 2260 αὐτῷ,
188 2224 263 2257 ἄξιον
280 2225 342 2251 ἰδεῖν
352 2233 358 2240 ·
375 2224 555 2259 ἁπλούστερον
570 2224 624 2258 γὰρ
644 2223 813 2258 ἐγέγραπτοο

27 2280 35 2294 ι
47 2271 88 2297 Ἐν
102 2271 131 2297 δὲ
141 2271 180 2306 τῷ
192 2271 294 2306 μεταξὺ
313 2281 322 2296 ι
338 2271 430 2305 ἔλεγον
442 2270 516 2305 αὺτῷ
530 2279 539 2296 ι
551 2270 575 2296 οἱ
589 2270 707 2305 μαθηταί
715 2278 721 2284 ·
742 2269 818 2295 Ῥαϐ-

26 2316 59 2346 ϐὶ,
75 2317 157 2351 φάγε.
174 2326 182 2341 ι
205 2317 242 2343 Τὸ
254 2317 282 2343 δὲ
299 2317 346 2343 καὶ
363 2317 468 2351 ἐρωτᾷν
489 2316 533 2343 ἵνα
549 2316 633 2351 φάγῃ,
654 2315 700 2342 καὶ
713 2315 816 2342 ἱκετεύ-

25 2370 61 2388 ειν
77 2363 169 2394 αὑτὸν,
186 2363 232 2389 καὶ
248 2362 362 2396 δεῖσθαι,
383 2362 453 2397 τάχα
465 2371 491 2388 τι
508 2361 583 2398 δηλοῖ
596 2361 648 2397 πρὸ
661 2361 711 2396 τῆς
725 2360 818 2392 ἐξετά-

27 2417 101 2441 σξως,
117 2410 201 2436 ἐνίοτε
215 2409 243 2435 δὲ
258 2409 305 2435 καὶ
329 2409 396 2444 μετὰ
413 2408 462 2444 τὴν
476 2408 608 2440 ἐξέτασιν.
633 2406 688 2433 Καὶ
700 2407 750 2442 ὅρα
765 2406 817 2441 μή-

26 2462 86 2481 ποτε
99 2454 278 2482 εὐλαὸοῦνται
292 2454 329 2490 μὴ
344 2475 366 2481 ..
378 2474 385 2482 .
396 2474 420 2483 .,
436 2454 450 2480 ὁ
461 2453 538 2488 λόγος
623 2453 683 2484 ταῖς
702 2451 815 2483 οἰκείαις

868 2229 974 2256 fuisset.
992 2237 1002 2253 ‹
1018 2228 1127 2255 Interim
1144 2237 1154 2254 ι
1173 2227 1299 2255 dicebant
1311 2227 1336 2253 ei
1361 2235 1369 2251 ι
1395 2225 1538 2260 discipuli:
1556 2224 1654 2254 Rahbi.

868 2274 1008 2302 comede.»
1020 2274 1138 2301 Proinde
1157 2280 1254 2307 rogare
1268 2277 1297 2299 ut
1315 2271 1449 2302 comedat,
1462 2275 1490 2298 et
1500 2269 1655 2305 supplicare

868 2310 941 2353 cuni,
959 2324 986 2347 et
1001 2319 1117 2354 precari,
1135 2318 1261 2345 fortassis
1276 2318 1378 2351 aliqttid
1396 2316 1483 2343 innuit
1498 2321 1560 2342 ante
1587 2322 1654 2349 sup-

867 2366 1059 2400 plicationem,
1080 2368 1162 2399 atque
1177 2364 1258 2391 etiam
1277 2362 1413 2389 interdum
1434 2365 1493 2395 post
1514 2361 1654 2395 supplica-

869 2411 980 2437 tionem.
1004 2410 1069 2437 Vide
1084 2417 1160 2442 vero,
1180 2415 1213 2436 ne
1228 2408 1299 2436 forte
1312 2412 1457 2435 vereantur
1470 2407 1605 2441 discipuli,
1622 2414 1656 2434 ne

870 2456 967 2483 Sermo
986 2455 1033 2482 Dei
1047 2455 1130 2483 Filius
1143 2454 1262 2490 propriis
1275 2454 1356 2481 alitus
1369 2453 1404 2481 sit
1424 2454 1465 2480 vel
1490 2453 1654 2481 fortiﬁcatus

75 2535 96 2551 "
110 2534 187 2563 .Ioan.
204 2544 242 2569 tv,
258 2535 304 2563 ‘28.
344 2535 351 2550 ¹
368 2534 434 2562 ibid.
446 2533 490 2562 29.
528 2535 538 2550 ²
551 2532 616 2560 ibid.
632 2532 677 2560 30.
716 2533 731 2552 ³-
745 2531 810 2559 ibid.
826 2532 871 2561 40.
910 2533 921 2548 ⁵
937 2533 1002 2560 ibid.
1020 2532 1065 2560 '5l.
1103 2533 1114 2548 '
1130 2531 1195 2559 ibid.
1212 2531 1239 2559 8.
1278 2531 1288 2547 ⁸
1300 2531 1366 2559 ibid.
1382 2530 1428 2558 5|.

61 2613 114 2647 (2i)
129 2613 156 2640 lu
183 2612 306 2647 margine
321 2611 424 2639 codicis
437 2610 577 2647 Bodleiani
605 2614 716 2638 notatur
742 2608 813 2636 forte

28 2645 165 2680 legendum
182 2645 297 2682 εεεοήμὴ
312 2645 529 2682 ἀναγεγράφθαι.

61 2683 114 2717 (25)
133 2678 376 2716 Ἐπαπορήὸ-ειιννξ
394 2678 557 2717 Ξῖοξευόιικλ
573 2679 747 2717 Βοιίιείειιιιιξ;
760 2678 812 2705 Re-

30 2713 94 2749 gius,
106 2713 283 2753 ἆπορήσεώνξ
296 2717 430 2753 Quoniam
448 2716 539 2753 luxata
552 2715 608 2753 haec
622 2719 700 2753 sunt.
716 2713 814 2740 Ferra-

30 2753 106 2780 riana:
119 2749 542 2788 interpretationiPeriouianam
562 2749 746 2788 adjungimus,
760 2755 813 2782 quo

31 2795 132 2814 sensum
163 2784 249 2814 lector
273 2787 380 2813 facilius
402 2786 589 2823 expiscetur_:_
611 2793 620 2809 ι
636 2784 813 2823 .Samaritana

32 2823 131 2852 ltuidcm
149 2828 253 2856 rogata,
274 2827 304 2849 ut
321 2826 413 2854 potum
426 2818 515 2854 daret,
528 2818 742 2848 dubitationibus
757 2818 814 2846 suis

862 2614 889 2637 ct
906 2609 1180 2644 interrogationibus,
1195 2608 1272 2642 quasi
1288 2612 1398 2642 propter
1414 2614 1476 2644 eum
1500 2606 1545 2639 qui
1574 2609 1651 2639 pcto-

862 2644 928 2677 bat;
946 2641 1034 2679 neque
1046 2645 1118 2671 enim
1130 2643 1192 2671 Jesu
1206 2644 1271 2670 dare
1290 2646 1396 2675 poterat
1409 2641 1519 2675 dignam
1543 2647 1575 2666 co
1599 2646 1648 2673 po-

863 2680 981 2711 tionem;
994 2681 1044 2707 etsi
1057 2680 1102 2706 ille
1113 2687 1174 2706 cum
1191 2685 1222 2704 ea
1236 2686 1296 2711 quae
1310 2682 1450 2711 rogaretur
1461 2680 1583 2709 cuperet,
1603 2682 1651 2702 v0-

862 2714 933 2741 lebat
947 2715 1018 2741 illam
1036 2715 1113 2741 bonis
1127 2713 1243 2740 allicere.
1265 2721 1273 2738 ι

898 2750 954 2783 (9.6)
976 2748 1264 2783 Ἐπιθορυϐηθείσης.
1292 2747 1330 2783 Ita
1345 2746 1440 2783 __codex
1470 2743 1649 2778 Btdleianus;

863 2781 964 2819 Regius
980 2789 1008 2812 et
1023 2781 1199 2816 Barberinns,
1216 2781 1412 2818 ὲπιτριὸείσης.
