1853 3050
216 123 268 152 505

956 127 1118 155 ORIGENIS
1783 132 1822 158 502

207 187 244 211 ~in
267 185 325 211 loco
341 184 532 211 Servatorhoc
546 182 656 210 dixerit.
674 183 752 210 Libet
767 189 858 210 autem
873 185 990 211 admirar

1076 193 1110 210 m
1126 183 1157 210 τὸ
1172 183 1270 219 ἀληθὲς
1283 184 1332 219 τῆς
1345 185 1509 218 ἀποφάσεως
1526 184 1572 212 τοῦ
1588 186 1720 223 Σωτῆρος,
1735 186 1823 221 φθάσαν

218 231 359 257 veritatem
378 230 521 256 sententia:
543 229 707 261 Servatoris,
732 237 792 265 qua:
816 238 869 258 non
896 235 1000 258 tantum

218 278 250 304 all
267 280 375 304 sanctos
392 275 546 310 prophetae,
563 280 670 309 spretos
686 283 701 304 a
717 276 908 311 familiaribus,
924 282 952 304 et
968 278 1000 304 ad

218 323 303 357 ipsum
332 322 472 348 Dominum
501 326 622 348 nostrum
647 321 798 355 pertinuit,
825 323 871 350 sed
897 323 931 349 ad
954 330 1002 350 eos

215 368 297 394 etiam
324 367 369 402 qui
393 367 484 402 aliqua
510 367 643 402 sapientia
664 367 814 396 claruerint
834 376 840 395 :
860 370 905 403 qui
934 369 1002 396 adeo

214 414 380 447 contemptui
399 414 504 441 civibus
527 413 603 440 fuere
623 413 718 447 habiti,
737 420 766 441 ut
783 414 821 441 vel
837 415 870 441 ad
886 420 1000 442 mortem

215 459 296 493 aliqui
314 466 408 486 eorum
424 460 599 486 ducerentur.
617 458 678 487 litee
692 464 780 487 autem
797 460 861 488 libet
876 468 908 487 ex
924 460 1001 488 Grat-

211 513 308 532 corum
333 505 446 532 historia
467 505 598 540 colligere
616 505 649 533 de
664 506 706 532 his
718 506 763 540 qui
781 507 807 533 in
824 506 1002 541 philosophia:

214 557 241 578 et
262 552 444 584 astronomia,
458 552 501 578 vel
524 552 551 579 in
576 552 719 588 quibusvis
742 553 851 580 tandem
881 553 1002 580 volueris

217 597 365 632 disciplinis
396 602 607 625 consenuerunt.
634 597 751 625 Proinde
789 597 1001 625 conviciantium

217 649 281 670 sunt
298 644 379 671 etiatn
395 645 437 671 hae
452 652 532 671 veces
548 654 553 671 :
571 653 580 669 ι
594 644 690 671 Nonne
704 645 748 671 hic
765 649 806 671 est
821 644 890 671 fabri
909 644 1002 671 filius?

211 691 312 717 Nonne
335 697 424 718 mater
447 691 506 724 eius
530 691 630 718 dicitur
653 691 749 724 Maria,
767 695 794 718 et
818 690 920 719 fratres
943 691 1002 726 ejus

216 742 279 763 sunt
294 738 365 771 apud
381 737 449 764 nos?
459 737 534 765 Unde
548 744 612 771 ergo
622 737 686 764 huic
699 737 758 764 haec
773 738 865 764 omnia
876 737 933 764 ιιι.
952 737 1002 764 At-

215 791 268 817 que
289 783 383 815 etiam,
401 784 471 818 quod
495 791 601 810 summa
622 783 805 811 admiratione
826 783 936 818 dignum
950 788 1001 817 est,

215 828 329 863 contigit
346 828 396 855 hoc
422 828 447 854 in
475 828 626 863 prophetis,
644 833 673 855 ut
694 829 767 863 quod
783 829 808 856 in
827 830 867 856 eis
883 833 944 856 erat
964 829 1003 856 vi-

217 881 290 905 rum,
312 881 365 900 non
392 874 553 900 lionorarinl.
571 874 659 906 cives;
677 874 748 908 quod
776 879 912 902 mortuutn
939 881 1002 902 vero

213 925 299 951 esset,
316 919 443 951 foverint,
460 919 626 947 aedificantes
643 920 764 954 ipsorum
782 925 958 948 monumenta
975 924 1003 947 et

216 971 347 993 ornantes
361 967 393 993 θ’.
412 966 596 993 [Edilicantur
619 971 708 993 autem
728 967 928 1001 prophetarum
945 974 1003 993 mo-

217 1017 344 1039 numenta
359 1016 386 1040 et
405 1015 549 1043 ornantur,
564 1019 634 1043 cum,
657 1011 751 1039 relicto
765 1012 827 1047 quis
851 1012 947 1047 spiritu
961 1012 1003 1039 vi-

218 1059 356 1091 viticanlc,
376 1059 475 1086 latente
497 1060 523 1086 in
547 1058 672 1086 sensibus
689 1058 842 1086 litterarum
870 1059 1002 1094 ipsarum,

219 1106 289 1132 fovet
300 1110 327 1132 et
341 1109 420 1132 ornat
437 1105 554 1132 litteram
568 1104 750 1136 occidentem,
766 1104 1000 1139 pulchritudinem

218 1148 368 1185 prophetiae
389 1155 463 1178 ratus
485 1151 602 1185 positam
619 1156 680 1176 esse
705 1150 731 1176 in
750 1149 820 1176 nuda
847 1149 1002 1177 litterarum

219 1197 397 1232 intelligentia
417 1198 506 1231 :quod
523 1198 632 1232 quidem
648 1197 740 1224 facere
754 1195 842 1223 solent
854 1201 911 1223 tum
932 1195 1003 1222 Pha-

220 1243 301 1275 risati,
317 1247 372 1270 tum
385 1242 496 1276 Scribat,
506 1243 604 1277 quibus
619 1242 694 1269 «Vat»
706 1242 808 1268 dicitur
822 1249 836 1268 a
849 1235 1002 1273 Domino“;

218 1296 331 1324 quorum
343 1289 420 1317 alteri
436 1297 532 1324 nempe
545 1289 623 1316 nuda:
639 1288 735 1315 littera:
748 1291 927 1322 cognomento
939 1287 1002 1314 dicti

212 1339 277 1366 sunt
292 1335 438 1367 Litterarii,
451 1335 508 1362 sive
525 1334 641 1365 Scribtc;
659 1333 787 1360 Pharismi
801 1340 875 1364 vero,
889 1340 921 1360 eo
932 1332 1003 1367 quod

214 1380 292 1407 divisi
306 1386 379 1412 sunt,
394 1380 615 1415 perdiderintque
631 1379 750 1406 divinam
768 1379 899 1406 unitatem
917 1388 922 1405 :
942 1387 1004 1406 nam

217 1425 354 1456 Pharisari,
371 1425 391 1451 si
411 1424 608 1459 interpreteris,
625 1424 705 1451 iidem
718 1428 781 1451 sunt
795 1429 875 1458 atque
892 1425 978 1452 divisi.

316 1476 325 1492 ι
341 1466 406 1493 Cum
434 1475 498 1502 ergo
515 1468 589 1495 venit
616 1468 641 1494 in
666 1466 817 1500 Galilmam,
836 1475 997 1503 receperunt

211 1521 273 1539 eum
287 1512 403 1544 Galilaei,
419 1518 446 1540 ut
462 1514 508 1547 qui
526 1514 655 1540 vidissent
675 1514 765 1541 omnia
782 1522 843 1549 quae
861 1514 999 1550 Jcrosoly-

213 1559 263 1585 niis
280 1560 389 1586 fecisset
407 1560 431 1586 in
447 1560 491 1586 die
513 1559 599 1586 festo:
615 1565 642 1587 et
660 1560 708 1594 ipsi
729 1560 801 1588 enim
822 1567 953 1590 venerant
965 1563 998 1589 ad

211 1598 281 1631 diem
306 1604 446 1631 festum“.
463 1614 472 1630 ι
492 1605 606 1640 Dignum
622 1611 663 1633 est
686 1611 713 1632 ut
730 1606 870 1634 videamus
887 1615 998 1635 causam

211 1653 321 1684 propter
334 1657 415 1684 quam
429 1651 696 1685 reccperianaliltei
714 1651 886 1680 Servatorem
899 1653 925 1679 in
942 1653 996 1680 Ga-

212 1695 307 1723 lilazam
332 1697 495 1731 profectum,
517 1705 580 1724 num
603 1702 676 1724 tanta
696 1698 740 1730 sit,
758 1703 786 1724 nt
808 1698 834 1725 in
860 1703 997 1733 stuporem

211 1744 479 1780 admirationemque
503 1745 659 1772 Servatoris
684 1744 800 1778 coniecti
826 1745 900 1772 illum
924 1747 999 1774 exci-

211 1790 285 1824 piant
298 1795 444 1825 :prteterea
453 1792 485 1818 ad
495 1799 554 1826 quae
570 1790 741 1818 referendum
759 1791 795 1818 sit
817 1793 868 1819 hoc
883 1792 997 1825 dictum,

211 1837 323 1870 perinde
336 1838 413 1872 quasi
433 1838 515 1865 multa
534 1844 625 1866 essent
643 1846 702 1873 qua:
719 1838 898 1874 Jerosolymis
915 1839 997 1866 fecis-

211 1887 252 1908 set
274 1882 372 1916 Jesus;
390 1893 399 1909 ι
415 1891 475 1910 cum
491 1884 582 1911 omnia
602 1884 734 1911 vidissent
751 1892 810 1918 quae
825 1883 935 1912 fecisset
951 1884 998 1912 Je-

212 1928 354 1963 rosolymis
374 1929 400 1956 in
423 1929 466 1957 die
486 1929 586 1957 festo.)
605 1928 658 1956 Sed
684 1937 717 1956 ne
742 1929 866 1964 superius
889 1930 996 1964 quidem

210 1976 357 2010 quidquam
378 1976 542 2006 invenimus,
567 1976 618 2002 nisi
636 1976 698 2010 quia
713 1986 722 2002 ι
740 1976 844 2003 invenit
857 1976 883 2003 in
898 1976 997 2010 templo

211 2022 356 2049 vendenles
385 2022 467 2056 27o
490 2022 582 2054 boves,
609 2026 636 2048 et
663 2029 740 2054 oves,
761 2026 788 2048 et
804 2021 954 2053 columbas,
971 2028 998 2050 et

210 2069 364 2095 mensarios
391 2069 528 2099 sedentes,
553 2067 681 2102 factoque
702 2074 717 2094 e
736 2067 862 2095 funiculis
877 2067 996 2103 ﬂagello,

212 2122 308 2142 omnes
322 2122 337 2142 c
356 2114 456 2149 templo
473 2113 562 2147 cjecit,
588 2118 643 2140 tum
669 2120 745 2146 oves,
774 2119 830 2140 tum
859 2114 951 2147 boves,
969 2120 996 2142 et

1053 230 1084 256 οὺ
1109 229 1189 264 μόνον
1205 230 1252 256 ἐπὶ
1273 231 1335 262 τοὺς
1351 231 1443 265 ἁγίους
1467 233 1618 268 προφήτας,
1646 234 1823 268 ἀτιμασθέντας

1056 276 1130 311 παρὰ
1143 276 1198 307 τοῖς
1212 276 1332 308 οικείοις,
1358 277 1404 302 καὶ
1418 278 1462 303 ἐπ’
1475 278 1555 305 αὑτὸν
1576 279 1622 305 τὸν
1638 279 1735 314 Κύριον
1751 280 1823 315 ἡμῶν,

1055 321 1122 348 ἀλλὰ
1137 322 1184 348 καὶ
1199 322 1246 348 ἐπὶ
1266 323 1329 354 τοὺς
1345 322 1374 349 ἓν
1391 332 1443 350 τινι
1468 324 1549 359 σοφία
1571 325 1770 360 διατρίψαντας,
1789 327 1825 351 καὶ
1841 348 1846 351 .

1055 368 1311 404 καταφρονηθέντας
1328 369 1381 395 ὑπὸ
1400 369 1455 396 τῶν
1472 370 1598 402 πολιτῶν,
1613 371 1685 398 ὥστε
1702 372 1772 403 τινὰς
1786 373 1826 398 αὺ-

1055 413 1109 439 τῶν
1125 413 1179 449 (41)
1195 414 1242 440 καὶ
1260 414 1309 449 τὴν
1323 413 1369 440 ὲπὶ
1384 414 1492 450 θανάτῳ
1506 415 1662 451 ἀπαχθῆναι
1677 417 1740 452 (42).
1763 417 1827 448 Ἕξε-

1057 468 1098 486 στι
1113 460 1141 486 δὲ
1157 460 1242 486 ταῦτα
1255 460 1308 487 ἀπὸ
1319 460 1368 495 τῆς
1391 461 1548 497 Ἑλληνικῆς
1566 463 1686 498 ἱστορίας
1697 463 1827 495 suum-

1056 504 1099 531 θαι
1117 506 1246 541 περὶτῶν
1266 506 1504 541 φιλοσοφησάντων
1520 507 1566 533 καὶ
1584 508 1827 544 ὰπρονομησάντιιιν

1056 552 1072 587 ἦ
1093 552 1196 583 ὁποίοις
1213 552 1312 588 δήποτε
1339 552 1480 588 μαθήμασι
1493 553 1709 590 διαπρεψάντων.
1731 556 1827 589 ’Δτιμα-

1057 599 1156 631 ζόντων
1177 599 1206 625 δὲ
1225 599 1272 625 καὶ
1292 596 1372 626 αὗται
1389 600 1416 625 αἱ
1437 600 1537 634 φωναισ
1559 609 1568 625 ι
1582 600 1638 635 Οὐχ
1655 598 1730 632 οὗτός
1742 601 1828 627 ἐστινὸ

1055 645 1102 671 τοῦ
1115 644 1240 676 τέκτονος
1255 645 1331 678 υίός;
1347 645 1396 680 οὐχ
1419 647 1435 680 ἡ
1452 646 1542 681 μήτηρ
1558 646 1641 673 αὑτοῦ
1666 647 1771 680 λέγεται
1783 648 1830 674 Μα-

1057 690 1134 726 ριὰμ,
1155 691 1202 717 καὶ
1225 691 1249 717 οἱ
1265 691 1375 725 ἀδελφοὶ
1391 691 1473 717 αὐτοῦ
1499 693 1551 718 εὶσι
1567 692 1635 727 πρὸς
1650 693 1740 728 ήμᾶςς
1759 693 1832 719 Πόθεν

1055 735 1102 764 οῦν
1114 736 1200 772 τούτῳ
1213 736 1302 764 πάντα
1313 736 1415 770 ruﬁ-ca;
1428 746 1437 762 ι
1455 737 1510 763 Καὶ
1526 738 1742 773 παραδοξότατόν
1754 747 1783 772 γε
1796 739 1832 764 ἐπὶ

1056 783 1110 810 τῶν
1127 781 1275 818 προφητῶν
1292 782 1370 809 τοῦτο
1384 783 1552 818 συμϐέϐηκε,
1568 783 1599 810 τὸ
1622 784 1671 819 μὲν
1685 783 1740 815 ζῶν
1757 785 1834 811 αὐτῶν

1056 829 1085 855 οὐ
1103 829 1281 864 τετιμήκασιν
1292 828 1318 855 οἱ
1333 828 1448 862 πολῖται,
1460 829 1489 855 τὸ
1501 829 1530 855 δὲ
1546 829 1642 864 νεκρὸν
1655 830 1832 865 περιέπουσιν,

1053 875 1254 910 οἰκοδομοῦντες
1275 874 1365 901 αὐτῶν
1378 874 1411 901 τὰ
1424 876 1545 910 μνημεῖα
1558 875 1605 902 καὶ
1615 875 1835 910 κοσμοῦντες.οἱ-

1054 921 1177 955 κοδομεῖν
1202 920 1232 947 δέ
1247 921 1305 946 ὲστι
1329 919 1362 947 τά
1390 921 1510 955 μνημεῖα
1535 920 1589 947 τῶν
1613 921 1773 956 προφητῶν,
1798 922 1835 947 καὶ

1053 967 1166 1001 κοσμεῖν
1181 965 1261 998 αὐτὰ,
1279 966 1334 997 ὅτε,
1351 965 1381 992 τὸ
1395 965 1544 997 ζωοποιοῦν
1566 966 1676 1001 πνεῦμα
1690 966 1836 994 καταλιπών

1052 1021 1095 1044 τις
1105 1013 1136 1039 τὸ
1148 1013 1298 1048 ἐνυπάρχον
1308 1012 1364 1043 τοῖς
1376 1010 1528 1046 βουλήμασι
1539 1011 1593 1038 τῶν
1610 1012 1783 1047 γραμμάτων
1796 1013 1836 1039 αὑ-

1054 1059 1115 1090 τῶν,
1132 1057 1258 1093 περιέπει
1275 1057 1323 1084 καὶ
1337 1059 1500 1092 περικοσμεῖ
1525 1058 1556 1085 τὸ
1577 1059 1739 1085 ἀποκτεῖνον
1755 1060 1836 1095 γράμ-

1055 1114 1103 1140 μα,
1120 1104 1150 1131 τὸ
1173 1104 1270 1136 κάλλος
1291 1103 1413 1139 οἰόμενος
1427 1104 1477 1138 τῆς
1499 1104 1667 1139 προφητείας
1686 1105 1716 1131 ἐν
1735 1107 1768 1141 τῇ
1783 1106 1837 1140 ψιλῇ

1053 1149 1122 1178 εἷναι
1138 1150 1235 1186 ἑκδοχῇ
1259 1148 1305 1176 τοῦ
1328 1150 1501 1185 γράμματος.
1522 1149 1623 1185 Ἔργον
1651 1151 1681 1177 δὲ
1700 1150 1782 1177 τοῦτο
1794 1151 1837 1177 τῶν

1053 1196 1270 1231 ταλανιζομένων
1292 1195 1346 1222 ἀπὺ
1371 1195 1417 1222 τοῦ
1443 1195 1546 1231 Κυρίου
1572 1197 1774 1231 γραμματέων,
1801 1197 1839 1223 καὶ

1053 1241 1230 1278 Φαρισαίων·
1259 1241 1445 1276 γραμματέων
1477 1241 1526 1276 μὲν
1557 1241 1770 1277 ὀνομαζομένων
1795 1242 1839 1268 τῶν

1054 1288 1205 1324 ἐπωνύμων
1217 1288 1295 1323 ψιλοῦ
1312 1287 1359 1314 τοῦ
1375 1288 1538 1323 γράμματος
1548 1297 1555 1303 θ
1571 1289 1733 1324 Φαρισαίων
1747 1289 1775 1316 δὲ
1797 1290 1841 1315 si“;

1054 1334 1292 1372 ἀποδιῃρημένων,
1317 1334 1364 1361 καὶ
1390 1335 1440 1369 τὴν
1467 1334 1541 1361 Θείαν
1574 1335 1691 1370 ἑνότητα
1717 1336 1841 1363 ἀπολωλε-

1054 1381 1156 1408 κότων·
1181 1381 1322 1417 Φαρισαῖοι
1353 1380 1408 1415 γὰρ
1438 1381 1636 1416 ἐρμηνεύονται
1660 1382 1687 1408 οι
1715 1381 1843 1416 διῃρημὲ

1054 1435 1111 1454 νοι.

1085 1470 1128 1497 55.
1144 1480 1153 1495 ι
1169 1471 1231 1496 ’Ότε
1245 1467 1290 1495 οὖν
1305 1466 1452 1506 ἧλθεὲΓεις
1466 1469 1515 1505 τὴν
1538 1470 1697 1502 Γαλιλαίαν,
1728 1471 1839 1503 ἑδέξαηι

1051 1515 1132 1542 αὐτὸν
1149 1517 1173 1542 ol
1195 1515 1215 1541 Γ
1216 1508 1448 1547 αλιλαῖοι,’πάντα
1463 1516 1616 1550 ἑωρακότες
1631 1516 1650 1543 ἆ
1667 1517 1798 1553 ἐποίησεν

1056 1560 1251 1596 Ἰεροσολύμοις
1267 1561 1296 1587 ὲν
1312 1561 1344 1596 τῇ
1365 1561 1444 1596 ἑορτῇ
1455 1569 1462 1575 ο
1484 1561 1530 1586 καὶ
1545 1561 1623 1587 αὐτοὶ
1640 1562 1698 1596 γὰρ
1714 1560 1796 1597 ἦλθον
1808 1563 1839 1592 2i;

1048 1605 1097 1640 τὴν
1121 1606 1226 1640 ἑορτήν,
1239 1615 1247 1630 ι
1266 1604 1357 1638 ’Ἄξιον
1373 1605 1436 1631 ἱδεῑν
1458 1605 1507 1640 τὴν
1523 1606 1612 1633 αἰτίαν
1629 1607 1681 1641 τῆς
1700 1607 1758 1634 τῶν
1774 1608 1840 1634 Γαλι.

1049 1651 1131 1677 λαίων
1156 1650 1325 1686 παραδοχῆς,
1346 1651 1378 1686 ἥν
1408 1651 1591 1685 παρεδέξαντο
1606 1652 1653 1678 τὸν
1677 1654 1799 1690 Σωτῆρα
1810 1655 1840 1680 ιλ.

1049 1696 1128 1723 θὸντα
1145 1697 1184 1728 εἰς
1197 1696 1246 1732 τὴν
1256 1696 1411 1727 Γαλιλαίαν,
1430 1698 1453 1723 εἰ
1469 1696 1620 1733 τηλικαύτη
1637 1698 1696 1734 (45)
1716 1698 1763 1735 ἦν,
1780 1700 1840 1726 dic-.5

1049 1742 1219 1778 κατάπληξιν
1240 1742 1332 1774 αὐτοῖς
1347 1743 1508 1777 ἐμποιῆσαι,
1527 1744 1574 1770 καὶ
1601 1743 1771 1781 θαυμασμὸν
1788 1747 1840 1781 περὶ

1048 1788 1095 1814 τοῦ
1110 1789 1246 1824 Σωτῆρος,
1265 1789 1304 1820 εἰς
1316 1788 1346 1815 τὺ
1362 1789 1564 1824 παραδέξασθαι
1579 1790 1662 1817 αὐτόν
1674 1800 1682 1806 ·
1700 1792 1743 1818 ἔτι
1756 1792 1784 1818 δὲ

1048 1835 1108 1862 τίνα
1123 1835 1298 1871 ἀναφέρεται,
1322 1835 1403 1862 οἱονεὶ
1427 1836 1513 1863 πολλὰ
1531 1836 1596 1863 ὄντα
1612 1836 1670 1872 (ιι)
1685 1838 1705 1864 ἃ
1722 1839 1839 1873 Emit-Im

1048 1883 1077 1908 ὲν
1096 1882 1292 1917 Ἰεροσολύμοις
1315 1883 1329 1908 ὁ
1350 1881 1464 1916 Ἰησοῦς,
1490 1883 1536 1909 τό·
1562 1892 1571 1908 ι
1585 1883 1682 1910 Πάντα
1697 1885 1841 1920 ἐωρακὸτςς

1048 1927 1097 1953 ὅσα
1116 1926 1242 1961 ἐποίησεν
1258 1927 1286 1953 ἐν
1309 1927 1514 1962 Ἰεροσολύμοις,
1539 1929 1568 1955 ἐν
1594 1930 1628 1964 τῇ
1652 1929 1772 1965 ἑορτῇ.»
1800 1930 1842 1956 Οἰ-

1047 1972 1091 1998 δὲν
1104 1972 1132 1998 δὲ
1147 1972 1311 2007 εὑρίσκομεν
1333 1973 1534 2009 προειρημένον
1556 1973 1572 2009 ἣ
1587 1975 1629 2001 ὅτι
1646 1985 1655 2000 ε
1668 1973 1754 2011 εὗρεν
1769 1977 1798 2002 ἐν
1811 1975 1842 2009 τῷ

1049 2017 1113 2053 ἱερῷ
1127 2018 1189 2050 τοὺς
1210 2017 1368 2049 πωλοῦντας
1391 2018 1465 2053 βόας,
1489 2020 1536 2046 καὶ
1551 2020 1691 2055 πρόϐατα,
1707 2023 1757 2048 καὶ
1775 2030 1843 2056 :59:-

1049 2064 1147 2099 στερὰς
1163 2085 1170 2096 ,
1195 2064 1242 2091 καὶ
1266 2065 1329 2096 τοὺς
1354 2066 1558 2100 κερμαστιστὰς
1583 2067 1764 2102 καθημένους
1779 2088 1787 2098 ,
1806 2068 1842 2093 καὶ

1048 2111 1164 2145 ποιήσας
1176 2111 1337 2145 φραγέλλιον
1356 2112 1388 2137 ὲκ
1407 2112 1531 2146 σχοινίων
1547 2113 1653 2145 πάντας
1668 2114 1803 2147 ἐξέϐαλεν
1818 2116 1842 2139 ἐξ.

211 2161 407 2188 mensariorum
434 2168 470 2187 ms
485 2159 591 2191 effudit,
620 2164 647 2186 et
670 2167 780 2186 mensas
803 2160 945 2193 subvertit,
969 2167 990 2188 el

1076 2156 1094 2183 ιῦ
1108 2156 1192 2192 ἱεροῦ,
1213 2157 1247 2184 τά
1269 2165 1299 2183 τε
1318 2157 1450 2193 πρόὃατα,
1473 2158 1519 2185 καὶ
1538 2160 1602 2190 τοὺς
1624 2159 1703 2194 βόας,
1726 2161 1777 2188 καὶ
1798 2160 1842 2186 τίς.

209 2207 351 2234 eolumbas
368 2204 546 2233 vendentibus
559 2204 628 2231 dixit
644 2212 651 2231 :
669 2203 767 2231 Tollite
785 2204 836 2231 ista
856 2204 930 2237 hinc,
945 2212 995 2232 nec

211 2254 293 2280 facile
311 2252 419 2280 domum
448 2251 538 2278 Patris
563 2251 628 2284 mei,
652 2252 761 2279 domum
787 2257 924 2279 mercatus
935 2252 991 2278 ⁵⁸.»

210 2300 278 2332 Quid
297 2307 362 2333 ergo
382 2299 407 2325 in
430 2298 472 2325 his
493 2297 559 2325 tanti
583 2301 634 2330 est,
652 2302 680 2324 ut
698 2297 793 2324 horum
819 2297 904 2331 gratia
929 2299 993 2326 moti

211 2345 316 2372 Galiltei
336 2345 477 2372 Dominum
499 2344 666 2378 reciperent;
683 2351 762 2378 quos,
782 2343 844 2377 quia
862 2344 933 2372 hunc
950 2352 993 2372 re-

210 2391 324 2425 cipiant,
338 2394 454 2417 testatur
475 2389 642 2424 evangelista
657 2388 853 2424 Jerosolymam
870 2397 932 2417 cum
946 2398 991 2418 ve-

211 2437 314 2463 nissent
338 2436 371 2462 ad
397 2436 466 2462 diem
493 2435 604 2467 festum,
624 2435 725 2462 vidisse
749 2434 839 2461 omnia
860 2443 921 2470 qua:
940 2437 995 2464 illic

209 2481 291 2509 Jesus
308 2480 427 2507 fecerat?
449 2481 487 2507 Ad
512 2481 582 2515 quod
601 2480 818 2514 respondendum
832 2485 884 2512 est,
899 2481 921 2508 si
939 2490 996 2509 me-

212 2534 301 2554 mores
318 2532 410 2553 sumns
425 2533 518 2552 eorum
534 2533 594 2559 quae
618 2524 735 2551 diximus
756 2524 782 2551 in
810 2531 872 2551 eum
893 2525 994 2558 locmn,

211 2579 270 2605 qua:
288 2571 464 2598 declarabant
489 2577 541 2596 non
558 2570 689 2596 minorem
706 2570 854 2604 potentiam
867 2571 995 2598 Servato-

246 2619 266 2634 θ’
287 2618 378 2644 Matth.
401 2625 459 2648 xui,
483 2616 580 2650 35,56.

211 2655 232 2670 ⁸⁵
249 2653 326 2680 Joan.
343 2661 373 2685 ιι,
392 2652 424 2679 Η
441 2660 501 2687 seq.

247 2698 302 2735 (-ll';
315 2698 503 2735 ’ᾨστεντινὰς
524 2698 633 2725 αὐτῶν.
652 2697 715 2724 llznc
745 2697 938 2726 desiderantur
967 2701 993 2727 in

212 2736 307 2762 codice
323 2734 479 2761 Bodleiano.

247 2768 302 2803 (ίῖ)
314 2769 403 2797 Codex
418 2768 589 2800 Bodleianus,
604 2768 730 2803 ἀχθῆναι.

249 2778 292 2803 [η
314 2778 403 2797 ιιοιιοκ
418 2778 589 2800 uouictanus,
604 2778 621 2794 οι
641 2778 730 2803 υηναι.

249 2778 304 2862 μιδέ
327 2804 411 2832 Codd.
441 2805 541 2839 Regius
565 2808 592 2831 ct
619 2778 793 2834 ﬁarberinus,
820 2803 994 2839 τηλικαύτην,

261 2846 284 2862 υ.

207 2842 232 2861 nl
235 2844 247 2860 a
251 2842 284 2864 lc.

631 2616 758 2648 “Matth,
786 2625 862 2650 χχιιι,
881 2618 932 2651 ‘29;
957 2619 1022 2648 Lttc.
1043 2629 1080 2653 xu,
1094 2620 1138 2651 67,
1156 2620 1200 2647 48.

1049 2204 1232 2231 κολλυϐιστῶν
1258 2204 1349 2240 ἐξέχεε
1364 2205 1397 2231 τὰ
1420 2206 1555 2241 κέρματα,
1581 2207 1695 2239 καὶτὰς
1708 2208 1843 2243 τραπέζας

1050 2251 1181 2287 ἀνέτρεψε
1194 2251 1261 2286 (ιδ),
1277 2252 1324 2278 καὶ
1337 2253 1393 2283 τοῖς
1405 2251 1453 2283 τὰς
1475 2254 1640 2288 περιστερὰς
1655 2254 1797 2280 πωλοῦσιν
1810 2251 1844 2278 εἷ-

1050 2306 1099 2323 πεν
1111 2306 1117 2312 ·
1135 2297 1236 2332 ’Ἄρατε
1261 2296 1347 2323 ταῦτα
1364 2296 1497 2328 ἐντεῦθεν,
1527 2298 1564 2333 μὴ
1586 2299 1693 2325 ποιεῖτε
1710 2299 1758 2325 τον
1777 2296 1843 2324 0km

1050 2343 1096 2369 τοῦ
1112 2343 1216 2377 Πατρός
1246 2351 1295 2378 μου
1311 2341 1383 2369 οἷκον
1402 2343 1544 2379 ἐμπορίου.
1559 2353 1568 2369 ι
1591 2345 1625 2370 Τί
1649 2343 1700 2371 οὖν
1721 2343 1846 2379 τηλικοῦ-

1049 2390 1094 2416 τόν
1112 2390 1185 2415 ἐστιν
1210 2390 1238 2415 ἐν
1255 2388 1360 2420 τούτοις
1378 2388 1444 2424 (46),
1469 2388 1539 2416 ὥστε
1558 2389 1726 2424 κινηθὲν-τας
1744 2391 1788 2415 ἐπ’
1802 2389 1846 2414 αὖ-

1047 2437 1103 2467 τοῖς
1119 2435 1181 2466 τοὺς
1194 2434 1352 2466 Γαλιλαίους
1361 2434 1487 2466 δέξασθαι
1500 2435 1545 2461 τὸν
1560 2435 1676 2471 Κύριον,
1695 2443 1846 2471 μαρτυρίαν

1050 2481 1144 2516 μένους
1159 2480 1202 2507 διὰ
1219 2480 1248 2506 τὸ
1262 2480 1342 2506 αὑτὸν
1357 2480 1491 2516 δέχεσθαι,
1505 2482 1576 2513 ἐπεὶ,
1596 2482 1725 2513 ἐλθόντες
1747 2483 1789 2511 εἰς
1803 2480 1846 2513 τήνέι

1048 2528 1143 2562 ἑορτὴν
1158 2528 1187 2553 ὲν
1209 2526 1414 2562 Ἱεροσολύμοις,
1441 2527 1530 2554 πάντα
1544 2528 1704 2564 ἑωράκασιν
1721 2528 1742 2554 ἆ
1758 2527 1846 2558 ἐπείη-π

1049 2573 1165 2598 σενὲκεϊ
1186 2573 1200 2598 ὁ
1219 2571 1341 2606 ’ἰησοῦς;
1367 2572 1398 2598 Εἰ
1423 2572 1587 2607 μεμνήμεθα
1613 2573 1669 2599 τῶν
1693 2571 1846 2607 εἰρημένω

1249 2619 1271 2634 ⁸³
1291 2618 1387 2645 Matth.
1407 2626 1486 2651 χχιιι,
1507 2618 1553 2646 29.
1602 2620 1626 2635 ⁸⁵
1641 2619 1725 2647 Joan.
1745 2626 1785 2650 tv,
1805 2617 1843 2643 65.

1084 2698 1140 2733 (44)
1159 2696 1262 2725 Πολλὰ
1281 2697 1362 2724 ὄντα.
1383 2696 1421 2723 lta
1441 2697 1526 2724 codex
1544 2697 1732 2730 Bodleianus;
1751 2698 1780 2725 in
1798 2697 1842 2723 Rc-

1048 2735 1090 2769 gio
1107 2733 1181 2769 deest
1197 2733 1269 2769 ὅντα.

1082 2768 1139 2801 (45)
1152 2768 1237 2794 Codd.
1258 2767 1357 2803 licgiurs
1372 2771 1398 2794 et
1416 2766 1593 2798 Bavbcrinus.
1612 2768 1782 2803 ἀνέστρεψε.

1084 2803 1137 2838 (vlli)
1149 2803 1239 2830 Codex
1256 2802 1430 2835 Bodleianus,
1443 2803 1471 2828 ὲν
1486 2803 1542 2834 τοῖς
1560 2802 1703 2836 τοιούτοιςζ
