1853 3050
26 156 70 183 505
542 154 719 183 COMMENT.
741 153 774 180 IN
793 153 802 180 .l

908 151 1027 180 'I‘OMUS
1045 150 1112 178 XIII.

1586 149 1637 176 506

24 217 58 247 εἰς
70 215 113 241 τὸν
137 215 218 241 τόπον
234 214 447 242 ἀποδεικνὺντων
472 214 521 241 οὐκ
546 215 673 241 ἐλάττονα
689 213 802 248 δύναμιν

907 211 1068 246 apparuisse
1085 210 1111 236 in
1125 209 1265 244 ejiciendis
1284 209 1348 240 illis,
1361 215 1442 242 quam
1463 215 1523 235 eum
1537 214 1635 241 opera-

23 259 192 295 ἐμιραίνεσθαι
206 261 250 287 τοῦ
262 261 385 296 Σωτῆρος
404 262 432 287 ὲν
445 262 557 293 ἐκείνοις
570 261 645 297 παρὰ
660 260 709 296 τὴν
729 261 802 295 ἐνερ-

24 305 137 340 γήσασαι,
167 306 205 337 εἰς
220 305 336 339 τυφλοὺς
353 304 510 340 ἀναϐλέψαι,
535 306 580 332 καὶ
603 306 710 340 κωφοὺς
726 304 804 331 ἀκοῦ-

24 359 73 382 σαι,
96 351 142 377 καὶ
167 351 269 385 χωλοὺς
286 352 483 386 περιπατῆσαι,
498 352 617 384 λεκτέον,
635 351 675 377 ὅτι
699 352 802 386 μήποτε

22 396 83 430 ὅπερ
99 395 272 430 λογισάμενοι
287 397 462 432 ἑννοήσαντες
484 397 508 423 οξ
526 397 669 428 Γαλιλαῖοι,
693 397 738 423 καὶ
755 404 804 422 κα-

23 439 200 474 ταπλαγέντες
214 441 262 477 τὴν
276 441 400 468 θειόττιτα
419 441 465 468 τοῦ
486 441 582 477 Ἰησοῦ,
600 440 709 468 ἐλθόντα
724 440 804 467 αὐτὸν

23 487 57 517 εἰς
67 485 116 522 τὴν
143 486 287 513 Γαλιλαίαν
311 486 446 520 ἐδέξαντο,
473 487 560 514 πάντα
585 486 738 522 ἑωρακότες
753 486 804 512 ὅσα

23 533 144 568 ἐποίησεν
170 534 198 559 ὲν
215 534 270 564 τοῖς
290 523 493 568 Ἰεροσολύμοις.
514 532 554 560 Τὰ
573 533 601 559 δὲ
615 532 704 560 πάντα
718 531 804 559 ταῦτα

21 577 60 614 ἦν,
82 578 121 614 τῷ
136 580 168 605 ὲκ
183 578 306 613 σχοινίων
331 578 484 614 φραγελλίῳ
507 577 687 612 ἐκϐεϐλῆσθαι
712 577 744 603 ἐκ
757 576 804 603 τοῦ

23 625 87 660 ἱεροῦ
102 625 136 651 τά
152 632 182 650 τε
198 623 331 659 πρόϐατα,
346 625 408 655 τοὺς
424 623 497 659 βόας,
512 625 558 650 καὶ
573 623 626 650 τῶν
639 623 694 658 (47)
710 622 805 648 κολλυ-

24 670 118 696 ἥιστῶν
141 670 301 705 ὲκκεχὺσθαι
324 669 358 696 τὰ
381 670 516 705 κέρματα,
538 669 650 701 καὶτὰς
665 668 805 705 τραπέζας

22 715 228 751 ἀνατετράφθαι.
255 715 322 741 Μετ’
345 715 467 748 ἐξουσίας
489 715 518 741 δὲ
543 714 667 750 είρῆσθαι
689 715 744 746 τοῖς
757 714 806 745 τὰς

23 761 182 795 περιστερὰς
203 759 354 786 πωλοῦσιν·
368 760 489 796 ιἈρατε
514 761 600 788 ταῦτα
615 759 749 790 ἐντεῦθεν,
769 759 805 794 μὴ

22 807 117 832 ποιεῖτε
133 806 178 832 τὸν
192 804 265 832 οἷκον
287 805 333 832 τοῦ
353 806 459 841 Πατρός
478 814 528 841 μου
553 803 626 832 οἷκον
641 805 782 840 ἐμπορίου.
794 813 804 830 ι

22 849 99 885 Οἶμαι
122 851 150 877 δὲ
170 851 234 885 μηδὲ
255 850 340 877 ταῦτα
357 850 426 886 μόνα
439 851 519 877 αὑτὸν
542 850 719 886 πεποιηκέναι
733 849 804 882 τότε,

21 883 84 922 ἀλλὰ
100 896 149 922 καὶ
162 883 228 923 ἀλλα
249 883 363 931 σημεῖαί
373 896 531 932 ἐπιφέρεται
545 896 600 932 γὰρ
613 883 717 926 τούτοις
730 895 785 930 (48)
797 903 803 909 ·
820 883 843 911 Β

23 942 82 973 αὩς
96 942 127 967 δὲ
139 939 172 977 ἦν
189 943 217 968 ὲν
232 943 288 973 τοῖς
311 942 441 978 Ἰεροσολῦ
447 950 506 977 μοις
518 943 546 968 ὲν
560 941 598 976 τῷ
611 941 717 976 Πάσχα,
731 941 760 967 ὲν
772 941 804 976 τῇ

20 989 95 1023 ἐορτῇ
124 987 215 1014 πολλοὶ
241 987 403 1013 ἐπίστευσαν
426 988 465 1019 είς
478 987 508 1013 τὺ
524 987 608 1021 ὄνομα
631 985 724 1018 αὑτοῦ,
741 985 806 1012 Θεω-

22 1034 130 1068 ροῦντες
147 1034 230 1062 αὑτοῦ
244 1034 277 1061 τὰ
295 1035 393 1071 σημεῖα
410 1033 428 1060 ἂ
444 1033 570 1069 ἐποίησεν
582 1041 588 1048 ·
615 1043 624 1059 ι
651 1033 693 1067 ἐφ’
707 1030 747 1063 οἷς
760 1031 806 1057 καὶ

21 1080 199 1115 όΝικόδημός
223 1088 303 1115 φησι·
334 1089 343 1106 ι
356 1079 458 1111 Ῥαϐϐὶ,
484 1079 593 1114 οἴδαμεν
609 1079 649 1105 ὅτι
673 1077 727 1104 ἀπὸ
740 1076 806 1103 Θεοῦ

20 1126 149 1160 ἐλήλυθας
166 1126 337 1157 διδάσκαλος·
362 1125 447 1157 οὐδεὶς
468 1125 523 1161 γὰρ
534 1124 643 1151 δύναται
657 1124 690 1151 τὰ
707 1125 806 1159 σημεῖα

18 1170 100 1197 ταῦτα
124 1172 210 1197 ποιεῖν
235 1170 253 1197 ἃ
269 1171 300 1197 σὺ
324 1171 419 1202 ποιεῖς,
436 1170 469 1197 ἂν
491 1169 528 1205 μὴ
575 1171 589 1197 ὁ
601 1170 667 1200 θεὸς
685 1171 742 1204 μετ’
758 1169 807 1195 αὑ-

18 1217 72 1242 τοῦ,
88 1226 97 1241 ι
112 1216 188 1252 Πλὴν
204 1216 291 1248 ἔξεστι
312 1216 451 1243 Γαλιλαῖον
467 1216 531 1242 ὄντα
555 1215 692 1252 ἑορτάζειν
708 1216 737 1242 ὲν
759 1215 807 1242 Ἰε-

21 1262 181 1298 ροσολύμοις
205 1262 355 1297 γινόμενον,
378 1263 445 1289 ὅπου
469 1263 483 1289 ὁ
510 1262 571 1293 ναὸς
587 1261 634 1288 τοῦ
657 1260 734 1294 Θεοῦ,
760 1261 807 1287 καὶ

18 1307 129 1342 θεωρεῖν
148 1307 236 1333 πάντα
250 1307 299 1334 ὅσα
321 1307 406 1333 ἐποίει
422 1307 480 1333 ἐκεῖ
502 1307 516 1333 ὁ
537 1307 649 1342 Ἰησοῦς,
667 1307 712 1333 καὶ
730 1307 807 1342 μάλι-

19 1361 65 1378 στα
78 1353 140 1379 τίνα
158 1353 257 1388 τρόπον
271 1353 394 1380 ὲκϐάλλοι
408 1352 447 1388 τῷ
467 1353 499 1379 ὲκ
513 1353 636 1388 σχοινίων
652 1353 807 1388 φραγελλίῳ

16 1399 59 1424 ὑπ’
74 1399 160 1425 αὑτοῦ
176 1399 350 1434 πεποιημένῳ
364 1399 468 1431 πάντας
484 1400 546 1431 τοὺς
561 1399 718 1430 πωλοῦντας
733 1399 805 1433 βόας,

17 1443 62 1469 καὶ
79 1443 206 1479 πρόϐατα
220 1443 286 1479 (49),
305 1444 353 1470 καὶ
376 1443 550 1479 περιστερὰς,
575 1444 609 1470 τά
624 1452 654 1470 τε
670 1443 805 1479 πρόϐατα,

16 1490 142 1521 καὶτοὺς
169 1489 243 1524 βόας,
261 1489 308 1516 καὶ
330 1489 365 1516 τὰ
388 1489 478 1516 λοιπά.
503 1489 586 1525 Ἀρχὴ
607 1489 661 1524 γὰρ
679 1489 707 1515 ὲν
726 1489 807 1524 Ἱερο-

16 1536 145 1570 σολύμοις
160 1535 240 1570 ἑορτὴ
255 1536 312 1567 τοῖς
325 1535 475 1568 Γαλιλαίοις
489 1536 547 1562 ἐστὶ.
559 1535 606 1562 τοῦ
622 1537 669 1562 καὶ
680 1536 806 1569 δέξασθαι

14 1582 57 1607 τὸν
70 1582 139 1608 γιον
154 1580 201 1607 τοῦ
217 1581 284 1607 Θεοῦ
300 1581 411 1608 ἐλθόντα
427 1581 493 1617 πρὸς
507 1581 619 1612 αὐτούς·
637 1581 673 1616 μὴ
690 1581 744 1617 γὰρ
757 1582 808 1608 ἐω-

17 1627 132 1662 ρακότες
153 1628 188 1654 τὰ
205 1629 233 1653 ὲν
247 1629 280 1663 τῇ
295 1628 388 1663 ὲορτῇ,
413 1628 462 1654 οὐκ
476 1628 509 1654 ἂν
531 1627 655 1659 ἐδέξαντο
677 1627 758 1654 αὐτόν
768 1636 774 1643 ·
789 1628 806 1663 ἢ

13 1673 72 1699 οὐδὲ
100 1673 184 1704 αὑτὸς
215 1672 252 1708 μὴ
282 1673 537 1708 προευτρεπισθεῖσι
563 1673 630 1709 πρὸς
655 1673 687 1699 τὸ
714 1673 807 1700 λαϐεῖν

14 1719 105 1751 αὑτὸν,
139 1718 229 1750 οὕτως
260 1718 292 1745 ἂν
319 1718 468 1749 σπουδαίως
496 1718 662 1754 ἐπεδήμησε,
696 1719 806 1745 καταλι-

13 1763 70 1790 πὼν
94 1764 163 1796 τοὺς
184 1764 374 1799 ἐρωτήσαντας
399 1764 479 1791 αὐτὸν
506 1765 594 1799 μεῖναι
619 1766 682 1800 παρ’
704 1765 805 1796 αὐτοῖς.

12 1810 43 1835 Οἱ
63 1809 193 1844 μέντοιγε
207 1809 348 1844 δεξάμενοι
366 1810 411 1836 τὸν
438 1809 541 1845 Ἰησοῦν
563 1810 686 1842 ἐδέξαντο
703 1811 748 1836 καὶ
762 1810 807 1836 τὸν

12 1855 214 1882 ἀποστείλαντα
228 1855 323 1882 αὐτόν·
339 1856 405 1891 φησὶ
418 1857 472 1892 γάρ
482 1865 490 1872 ·
512 1866 520 1881 ι
550 1857 578 1883 '0
599 1856 648 1891 ἐμὲ
664 1856 807 1891 δεχόμενος

10 1902 121 1936 δέχεται
137 1901 186 1928 τὸν
200 1901 397 1928 ἀποστείλαντά
409 1910 453 1937 με.
471 1911 480 1927 ι
495 1902 605 1937 Πρῶτον
617 1899 662 1928 οῦν
679 1902 742 1928 ἰδεῖν
758 1902 806 1934 δεῖ,

11 1946 139 1973 τουτέστι
160 1947 279 1973 συνιέναι
292 1946 325 1973 τὰ
341 1947 369 1973 ὲν
394 1946 588 1982 Ἰεροσολύμοις
603 1947 671 1982 ἔργα
687 1946 733 1973 τοῦ
755 1947 807 1982 ’1η-

11 1993 58 2019 σοῦ
77 1993 182 2024 πάντα,
202 1992 264 2019 τίνα
287 1993 386 2028 τρόπον
409 1992 533 2027 καθαίρει
551 1992 581 2019 τὸ
603 1992 684 2027 ἱερὸν,
703 1992 808 2019 ἀποκαια

11 2039 109 2070 θιστὰς
132 2038 202 2065 αὐτὸ
218 2039 257 2069 εἱς
272 2038 302 2064 τὸ
313 2038 370 2073 (50)
382 2036 451 2066 εἶναι
466 2036 538 2064 οἷκον
552 2038 600 2065 τοῦ
622 2038 740 2074 Πατρός,
761 2039 809 2065 καὶ

11 2084 114 2119 μηκέτι
132 2081 208 2110 οἶκον
222 2083 366 2119 ἐμπορίου,
381 2083 425 2109 ῖνα
438 2083 507 2118 μετὰ
517 2083 547 2109 τό
559 2083 694 2118 θεωρῆσαι
711 2083 807 2115 ταῦτα,

10 2130 55 2156 τὸν
79 2130 274 2165 ὲνεργήσαντα
293 2128 378 2155 ταῦτα
403 2129 488 2162 Λόγον
510 2128 660 2163 δεξώμεθα.
683 2127 765 2163 Οἶμαι
786 2128 808 2154 δ’

8 2177 60 2207 ὅτι,
81 2177 123 2212 μὴ
141 2175 232 2202 πάντα
251 2175 285 2201 τὰ
307 2176 335 2201 ὲν
360 2174 555 2210 Ἰεροσολύμοις
583 2173 724 2209 θεωρήσας
741 2174 809 2209 ἔργα

8 2220 56 2247 τοῦ
77 2220 185 2256 Ἰησοῦ,
201 2220 231 2246 οὐ
247 2220 352 2253 δέξεται
368 2219 414 2246 τόν
435 2219 548 2254 Ἰησοῦν,
563 2220 579 2254 ἦ
595 2219 654 2245 οὐδὲ
670 2219 805 2254 ὲπιδημή-
822 2215 843 2242 Ῑ)

8 2275 49 2292 σει
62 2267 129 2302 τὴν,
146 2264 181 2302 ἦς
195 2265 327 2301 σύμϐολον
341 2264 497 2300 ἐπιδημίας,
517 2265 664 2300 ἐπιδημίαν
676 2264 730 2300 (51)
744 2264 807 2290 ταύ-

6 2321 57 2347 την
71 2314 135 2343 τοῖς
151 2312 189 2347 μὴ
202 2311 334 2347 πρότερον
357 2310 554 2345 ἀναϐεϐηκόσιν
575 2311 615 2342 εἰς
628 2310 676 2346 τὴν
701 2310 806 2345 ἑορτὴν.

6 2359 54 2385 καὶ
69 2358 111 2394 μὴ
123 2357 218 2384 πάντα
231 2357 406 2392 τεθεαμένοις
421 2357 471 2383 ὅσα
485 2355 571 2382 ἐποίει
588 2357 616 2382 ὲν
627 2357 682 2387 τοῖς
698 2356 807 2390 Ἰεροσο-

5 2404 118 2440 λύμοις.

41 2450 90 2477 56.
112 2459 123 2475 ι
154 2447 255 2475 ἾΙλθεν
275 2447 322 2475 οὖν
340 2449 420 2475 πάλιν
442 2449 482 2480 εἰς
498 2448 548 2483 τὴν
567 2447 644 2474 Κανᾶ
665 2447 714 2482 τῆς
728 2447 807 2473 Γαλι-

4 2496 100 2527 λαίας,
117 2495 191 2522 ὅπου
209 2494 318 2529 ἐποίησε
334 2494 363 2520 τὸ
377 2493 448 2530 ὕδωρ
464 2492 544 2520 οἶνον.
562 2503 569 2519 ι
592 2494 661 2519 ’Ὀσα
674 2493 810 2527 ἐχωρήσα-

6 2551 58 2576 μεν
71 2542 146 2576 resp).
164 2540 213 2575 τῆς
229 2541 315 2571 Κανᾶ,
327 2541 356 2566 ὲν
369 2542 423 2572 τοῖς
440 2539 568 2574 ἀνωτέρω
579 2539 702 2574 εἴπομεν.
718 2537 769 2564 Δύο
780 2537 808 2564 δὲ

3 2588 35 2613 οὐ
59 2587 160 2622 μάτην
186 2587 215 2612 ἐν
241 2586 318 2621 Κανᾷ
339 2586 480 2621 ὲπιδημίαι
496 2586 535 2621 τῷ
563 2585 649 2621 Ἰησοῦ
670 2585 803 2619 γίνονται·

854 260 934 286 batur
952 263 980 284 ut
1002 257 1066 284 caeci
1088 257 1175 283 visum
1205 255 1367 288 rcripcrcnt,
1398 254 1472 281 surdi
1498 253 1636 286 audirent,

853 304 943 332 claudi
960 303 1133 330 ambularent
1143 302 1177 334 “,
1188 301 1313 329 Galilzcos
1333 300 1457 331 fortasse,
1476 307 1535 326 cum
1551 299 1636 325 vidis-

854 356 916 379 sent
931 351 1002 385 quod
1019 356 1157 383 nunquam
1173 348 1224 375 rati
1240 348 1367 380 fuissent,
1382 346 1526 382 perculsos
1538 346 1637 372 divini-

855 401 911 424 tate
929 396 1006 429 Jesn,
1024 395 1111 430 ipsum
1133 394 1161 421 in
1184 393 1324 421 Galilaeam
1346 394 1536 419 adventantem
1559 398 1637 418 exce-

853 443 936 478 pisse,
949 442 1077 469 nimirum
1093 447 1156 468 cum
1179 439 1268 467 omnia
1283 438 1413 466 vidissent
1424 446 1484 472 qua:
1498 437 1636 471 Jerosoly-

855 489 906 515 mis
920 488 1037 515 fecisset.
1060 487 1126 519 Quae
1143 493 1208 513 sane
1225 485 1317 512 omnia
1345 485 1403 512 haec
1418 484 1511 516 fuere;
1528 491 1595 510 oves
1612 488 1639 510 et

854 534 947 566 boves,
967 532 1070 567 ﬂagello
1094 539 1110 559 e
1125 530 1255 558 funiculis
1271 530 1354 561 facto,
1378 537 1394 556 e
1416 529 1515 564 templo
1536 529 1638 563 ejectos

854 579 952 609 fuisse,
982 584 1091 612 aeraque
1111 575 1328 611 argentariorum
1351 574 1448 606 effusa,
1479 581 1639 608 mensasque

856 626 1002 653 subversas
1018 631 1026 650 :
1041 623 1199 656 dictumque
1220 628 1281 648 eum
1306 624 1439 655 potestate
1461 619 1544 646 fuisse
1569 626 1637 645 ven-

855 672 983 699 dentibus
1007 669 1166 697 colnmbas:
1185 677 1194 694 ι
1211 667 1306 695 Tollite
1322 667 1372 693 ista
1391 665 1466 696 hinc,
1487 672 1536 692 nec
1558 664 1640 691 facile

856 718 965 745 domum
992 715 1080 742 Patris
1104 713 1168 745 mei,
1191 713 1301 740 domum
1334 715 1480 738 mercatus.
1497 719 1506 737 l
1538 709 1640 743 Opinor

856 771 920 791 vero
933 770 985 789 non
1006 761 1100 789 isthmc
1117 764 1222 787 tantum
1237 763 1300 785 tunc
1311 757 1345 784 ab
1359 757 1416 792 ipso
1431 757 1513 790 facta,
1527 757 1572 783 sed
1588 755 1639 783 alia

856 809 938 837 etiam
954 808 1041 841 signa,
1055 814 1088 834 eo
1108 806 1179 841 quod
1199 803 1242 831 his
1269 803 1403 831 inferatur
1419 810 1425 828 :
1444 810 1454 827 ‹
1467 801 1534 830 Cum
1549 806 1638 828 autem

855 859 930 882 esset
943 852 1119 888 Jcrosolymis
1132 852 1158 879 in
1170 851 1284 883 Pascha,
1296 849 1324 877 in
1339 849 1384 876 die
1397 848 1476 879 festo,
1492 847 1567 875 multi
1580 855 1640 874 cre-

856 900 984 927 diderunt
1000 898 1026 925 in
1052 897 1161 924 nomine
1184 897 1280 931 ipsius.
1307 895 1432 922 videntes
1449 893 1533 927 ipsius
1558 893 1636 928 signa

857 952 916 980 quae
944 944 1056 971 fecisset
1069 944 1111 975 ‘7;
1128 952 1137 968 ι
1157 947 1270 977 propter
1292 947 1353 976 qnze
1374 940 1455 967 etiam
1478 938 1640 965 Nicodemus

858 990 967 1024 inquit:
983 999 991 1015 ι
1008 989 1148 1023 Magister,
1167 988 1270 1015 scimus
1298 991 1324 1014 te
1344 994 1359 1013 a
1376 987 1429 1014 Deo
1454 985 1561 1012 venisse
1582 991 1640 1010 ma-

857 1035 974 1069 gistrum
991 1043 998 1061 :
1012 1041 1091 1061 nemo
1106 1033 1179 1061 enim
1195 1037 1283 1067 potest
1296 1032 1354 1059 hzec
1379 1031 1456 1066 signa
1473 1030 1565 1058 facere
1582 1037 1642 1065 quae

858 1084 885 1107 tu
900 1079 978 1112 facis,
999 1079 1050 1106 nisi
1064 1079 1146 1106 fuerit
1159 1078 1229 1105 Deus
1247 1085 1308 1105 cum
1325 1085 1357 1105 eo
1371 1077 1403 1103 ⁸⁸.
1417 1085 1426 1102 ι
1447 1075 1640 1103 Verumtamen

857 1125 955 1154 licebat
972 1125 1009 1157 ei,
1025 1125 1072 1159 qui
1095 1124 1223 1152 Galilaeus
1250 1127 1318 1155 erat,
1339 1122 1412 1149 diem
1428 1121 1525 1148 festum
1549 1127 1638 1154 agere,

857 1178 920 1199 cum
932 1170 1029 1198 fuisset
1052 1169 1239 1206 Jerosolymis,
1252 1168 1297 1196 ubi
1321 1166 1451 1201 templum
1467 1169 1526 1192 erat
1539 1165 1597 1196 Dei,
1615 1169 1642 1190 et

857 1215 950 1243 videre
963 1215 1054 1243 omnia
1071 1222 1130 1249 qua:
1153 1214 1210 1241 illic
1235 1213 1329 1241 fecerit
1342 1212 1422 1240 Jesus
1439 1220 1445 1238 :
1460 1218 1492 1237 ac
1509 1209 1641 1245 pneeipue

858 1267 975 1293 quonam
992 1263 1072 1294 pacto
1082 1258 1187 1294 ﬂagello
1200 1265 1216 1286 e
1234 1256 1362 1285 funiculis
1375 1263 1390 1283 a
1407 1263 1436 1284 se
1451 1255 1532 1287 facto,
1545 1260 1641 1280 omnes

857 1305 949 1340 ejiciat
961 1305 1007 1340 qui
1023 1305 1190 1337 boves,oves
1205 1308 1232 1331 et
1247 1303 1387 1332 columbas
1402 1302 1538 1333 vendant;
1556 1299 1642 1334 ipsas-

857 1359 910 1386 que
930 1358 1005 1383 oves,
1031 1356 1059 1378 et
1084 1351 1177 1381 boves.
1205 1355 1232 1377 et
1257 1353 1366 1377 caetera.
1390 1347 1538 1375 Festivilas
1567 1346 1640 1373 enim

858 1404 918 1436 quae
939 1395 1114 1430 Jerosolymis
1140 1394 1283 1430 agebatur,
1311 1392 1417 1420 initium
1449 1389 1566 1419 Galilmis
1592 1388 1642 1414 fuit

858 1435 891 1469 ad
915 1442 1106 1477 excipiendum
1131 1440 1230 1467 Filium
1249 1438 1295 1466 Dei
1312 1438 1465 1465 venientem
1490 1436 1524 1462 ad
1549 1435 1636 1468 ipsos;

857 1488 989 1523 alioquin,
1010 1487 1062 1515 nisi
1085 1487 1215 1514 vidissent
1243 1493 1303 1520 qum
1331 1483 1437 1511 fecisset
1451 1482 1478 1509 in
1493 1481 1536 1508 die
1561 1480 1642 1510 festo,

857 1542 912 1561 non
942 1532 1078 1568 recepturi
1106 1535 1184 1559 erant
1210 1531 1317 1565 ipsum;
1333 1528 1381 1556 sed
1409 1534 1443 1555 ne
1461 1526 1518 1562 ipse
1533 1525 1641 1559 quidem

859 1581 928 1609 adeo
943 1581 1062 1608 studiose
1078 1580 1111 1606 ad
1126 1586 1172 1607 eos
1189 1577 1360 1608 accessisset,
1371 1575 1423 1602 nisi
1440 1577 1517 1601 antea
1535 1579 1642 1607 pncpa-

858 1627 909 1654 rati
925 1627 1038 1654 fuissent
1052 1626 1086 1652 ad
1099 1632 1159 1652 eum
1173 1624 1242 1652 bono
1260 1623 1349 1650 animo
1363 1619 1561 1655 excipiendum,
1578 1624 1638 1644 cum

859 1672 1025 1706 relinqueret
1052 1677 1099 1697 cos
1124 1676 1207 1703 penes
1242 1675 1310 1702 quos
1345 1665 1490 1700 rogabatur
1517 1668 1637 1690 manere.

858 1718 937 1752 271
954 1716 1085 1751 Equidem
1102 1715 1146 1750 qui
1161 1713 1252 1742 Jesum
1266 1711 1433 1746 exceperint,
1459 1709 1539 1737 iidem
1556 1708 1637 1735 ctiam

859 1762 1013 1796 receperint
1027 1769 1088 1788 eum
1112 1760 1156 1793 qui
1180 1759 1268 1794 ipsum
1291 1758 1380 1789 misit;
1399 1755 1485 1791 inquit
1503 1754 1574 1781 enim
1588 1753 1611 1768 ⁶’
1630 1762 1636 1779 :

861 1820 869 1835 ι
885 1809 934 1843 Qui
952 1816 994 1836 me
1010 1808 1116 1842 recipit,
1135 1805 1231 1841 recipit
1248 1812 1308 1836 eum
1324 1803 1369 1838 qui
1385 1809 1427 1829 mc
1437 1801 1517 1828 misit.
1537 1809 1546 1825 ι
1559 1798 1640 1826 Prin-

859 1855 930 1890 cipio
949 1854 1030 1890 igitur
1058 1852 1201 1880 videndum
1225 1854 1276 1881 est,
1293 1849 1345 1877 hoc
1369 1852 1411 1875 est
1436 1845 1641 1880 intelligendum

857 1888 939 1936 opera
957 1888 1046 1927 omnia
1061 1906 1120 1934 qua:
1142 1895 1318 1930 Jerosolymis
1339 1892 1433 1920 fecerit
1448 1890 1527 1918 Jesus
1540 1909 1547 1922 ,
1571 1888 1640 1923 q'uo-

859 1955 920 1974 nam
940 1950 1019 1981 pacto
1033 1948 1165 1980 expurgat
1183 1942 1321 1976 templum,
1345 1939 1409 1966 illud
1432 1938 1588 1968 restituens,
1612 1939 1640 1961 ut

859 1994 894 2021 sit
909 1993 1005 2020 domus
1019 1990 1118 2022 Patris,
1135 1996 1184 2016 nec
1201 1986 1316 2022 amplius
1330 1985 1428 2012 domus
1442 1985 1595 2014 mercatus;
1613 1985 1641 2008 ut

859 2045 1000 2075 postquam
1021 2038 1079 2065 haec
1096 2034 1378 2066 consideraverimus,
1406 2032 1577 2061 Sermonem,
1595 2028 1640 2063 qui

860 2086 917 2112 hau-
932 2089 1059 2119 operatus
1073 2083 1119 2115 sit,
1141 2081 1316 2115 recipiamus.
1331 2078 1464 2106 Futurum
1485 2080 1575 2102 autem
1601 2083 1641 2101 ar-

860 2130 956 2161 bitror,
972 2133 1000 2156 ut
1017 2129 1062 2163 qui
1080 2136 1132 2155 non
1144 2127 1243 2154 viderit
1257 2132 1339 2160 opera
1355 2123 1447 2151 omnia
1461 2129 1520 2157 qua:
1532 2120 1640 2148 Jeroso-

860 2176 941 2212 lymis
962 2179 1090 2211 operatus
1107 2175 1143 2202 sit
1157 2173 1247 2204 Jesus,
1273 2180 1325 2198 non
1347 2169 1476 2203 suscipiat
1502 2175 1574 2199 cum,
1600 2165 1641 2193 vcl

862 2211 947 2257 neque
962 2221 1075 2250 accedat
1090 2219 1179 2252 Jesus,
1194 2225 1227 2246 eo
1244 2217 1373 2248 adventu,
1390 2215 1466 2249 cujus
1492 2214 1535 2242 liic
1551 2217 1594 2240 cst
1612 2211 1641 2239 ti-

861 2276 942 2304 gnra,
964 2267 997 2295 ad
1018 2274 1065 2294 eos
1084 2265 1130 2301 qui
1148 2269 1227 2292 antea
1251 2271 1303 2291 non
1320 2261 1494 2290 aseenderint
1516 2261 1549 2287 ad
1572 2258 1642 2286 diem

861 2315 971 2346 festum,
994 2321 1043 2342 nec
1067 2311 1240 2346 contemplati
1257 2310 1357 2338 fuerint
1383 2307 1474 2336 omnia
1491 2314 1550 2342 qua:
1567 2305 1642 2334 ,1οιο-

861 2359 975 2394 Solymis
990 2358 1096 2385 fecerit.

894 2447 938 2475 56.
957 2455 966 2471 ‹
988 2446 1065 2473 Venit
1087 2453 1152 2481 ergo
1167 2451 1262 2472 rursus
1275 2442 1375 2470 Canam
1395 2439 1525 2471 Galilarm,
1541 2437 1585 2466 ubi
1602 2437 1643 2464 fe-~

858 2497 935 2520 cerat
956 2499 989 2518 ex
1003 2499 1072 2525 aqua
1090 2491 1181 2517 vinum
1199 2490 1233 2515 "°.
1252 2498 1261 2514 ι
1279 2487 1452 2521 Quaecunque
1472 2482 1643 2519 percepimus

857 2539 891 2564 de
908 2537 1018 2564 civitate
1039 2536 1124 2566 Cana,
1142 2535 1267 2570 superius
1287 2533 1423 2563 diximus;
1439 2530 1486 2559 sed
1504 2537 1559 2556 non
1583 2528 1641 2555 fru-

859 2587 916 2610 stra
933 2583 974 2610 bis
989 2582 1066 2609 Jesus
1080 2581 1180 2608 Canam
1194 2579 1384 2616 proficiscitur.
1404 2576 1520 2604 Proinde
1537 2575 1596 2602 vide
1610 2581 1643 2602 no

25 2656 48 2672 ει
68 2654 176 2680 Matt".
192 2661 228 2684 \I,
245 2652 277 2685 ὃς
296 2653 360 2679 Luc.
378 2660 425 2684 vn,
441 2653 486 2679 ‘22.
524 2651 544 2666 ⁵⁷
561 2650 639 2677 Joan.
658 2657 686 2680 ιι,
703 2649 747 2675 ἳῦ.
787 2647 802 2662 ⁶⁴

894 2665 900 2672 .
917 2653 958 2677 ιιι,
973 2644 1000 2671 2.
1038 2644 1059 2659 ⁸³
1075 2643 1140 2669 Luc.
1156 2649 1192 2672 Ix,
1205 2641 1248 2668 48.
1286 2640 1309 2656 ⁷⁰
1325 2639 1403 2667 Joan.
1419 2646 1456 2671 Iv,
1476 2637 1521 2666 46.

36 2704 98 2739 (47)
118 2703 164 2731 Τά
178 2704 353 2739 ξενπρόὂατςι
364 2723 371 2733 .
395 2702 465 2739 τοὺς
483 2702 572 2739 ﬁdgc,
588 2699 636 2727 καὶ
651 2700 728 2739 τῶν,
748 2705 801 2729 etc.

2 2736 94 2767 Cniiei
120 2738 298 2768 Bouh-ianus,
313 2738 386 2772 βόας,
404 2738 450 2764 καὶ
468 2737 600 2772 πώϐατα,
616 2736 662 2762 καὶ
680 2743 804 2771 περιστε-

2 2775 64 2809 ρὰς,
83 2775 123 2801 τά
141 2781 176 2799 τε
193 2773 326 2809 πρόϐατα,
344 2773 390 2809 καὶ
405 2773 468 2809 τῶν,
485 2777 538 2800 etc.

38 2810 98 2842 (-18)
114 2806 251 2840 Τούτοις.
268 2807 396 2835 εἱοοοιΙιΙ.
411 2808 573 2834 Bmllcianus
581 2810 606 2833 et
623 2806 799 2837 Barberiuns;

2 2845 112 2879 lli-gius
131 2851 280 2879 perperam
297 2843 375 2870 habet
389 2843 500 2874 ἐκεῖνος.

894 2701 950 2736 (Ml)
965 2700 1018 2727 Καὶ
1039 2700 1179 2736 πρόϐατα.
1192 2699 1273 2725 Deest
1283 2698 1309 2736 in
1323 2698 1416 2736 codice
1430 2697 1526 2736 Elegia.

893 2731 949 2771 (50)
964 2738 1014 2768 Εἰς
1090 2735 1264 2771 Desideratur
1283 2733 1308 2771 i_n
1323 2733 1417 2771 codice
1430 2731 1585 2771 Bodleiano;

857 2808 862 2834 l
884 2765 948 2812 '(SI')
975 2765 1159 2804 Ἰἳὲτιδιιμίαικ
1184 2769 1262 2796 Deest
1288 2769 1315 2795 in
1339 2768 1432 2795 eodem
1452 2767 1543 2794 Codice
1571 2765 1637 2792 Rod-

867 2814 952 2834 L‘I‘JIIU.
