1853 3050
35 161 81 189 509

557 163 739 194 COMMENT.
759 165 793 192 IN
813 164 909 193 JOAN.
931 163 1049 191 TOML'S
1068 163 1137 192 .\'lll.

1598 167 1649 194 ΗΟ

33 216 189 251 τυγχάνουσι
201 216 251 252 τῆς
267 216 405 252 βασιλείας
422 217 514 250 αὑτοῦ,
532 214 569 245 ὧν
582 219 630 247 ἕνα
648 221 708 247 τινὰ
721 220 767 255 ζητ

890 229 931 247 am
948 222 1107 255 quteriuuts,
1125 226 1151 248 et
1167 222 1252 256 ipsius
1269 222 1365 255 illium,
1385 224 1430 258 qui
1455 224 1606 258 .egrotatit,
1626 232 1653 250 t‘l

34 270 87 297 μεν,
103 262 149 288 καὶ
165 262 210 289 τὸν
223 263 410 298 ἀσθενήσαντα
424 264 480 290 υἱὸν
497 264 590 297 αὐτοῦ,
608 266 655 293 καὶ
671 266 704 292 τὰ
719 266 813 292 τούτου

31 307 168 334 ἀκόλουθα.
198 308 341 344 Ἐλέγομεν
353 308 382 335 δὲ
401 309 430 335 ἐν
445 311 501 342 τοίς
517 311 646 346 ἀνωτέρω
664 312 710 338 τὸν
725 312 813 339 πάντα

31 352 87 378 λαὺν
102 353 159 379 υἱὸν
170 352 240 380 εἶναι
253 353 299 380 τοῦ
317 354 452 390 Ἀϐραὰμ,
466 355 504 388 ὡς
519 357 566 383 καὶ
575 358 651 384 αὐτοὶ
669 358 815 393 αὑχοῦντές

31 406 104 432 εισι·
126 407 137 424 ι
155 398 269 434 Σπέρμα
293 399 419 435 Ἀϐραάμ
440 401 534 436 ἐσμεν,
549 402 597 428 καὶ
618 402 704 430 οὐδενὶ
726 403 814 430 δεδου-

30 443 160 479 λεύκαμεν
320 454 330 470 ι
344 445 390 472 καί
400 454 407 460 ·
427 455 436 471 ι
450 447 497 482 Μὴ
508 447 540 473 σὺ
557 447 658 483 μείζων
669 446 749 476 εἰτοῦ
761 458 814 476 πα-

29 489 86 523 τρὸς
112 489 191 524 ἡμῶν
221 489 363 526 Ἀϐραὰμ,
387 491 461 523 ὅστις
486 491 638 527 ἅπέθανεν;
669 503 678 520 ι
708 495 751 526 Ὠς
769 495 812 521 ἐπ’

29 534 98 570 αὐτῷ
113 535 169 571 γὰρ
185 536 361 572 καυχωμένου
380 537 428 564 τοῦ
444 538 509 564 λαοῦ
526 539 602 575 παρὰ
613 541 677 572 τοὺς
692 541 811 573 λοιποὺς,

29 583 69 608 καὶ
86 583 146 617 μετ’
164 583 245 610 αὐτὸν
270 583 402 619 πατέρας,
425 585 492 620 φησὶ
509 586 556 613 καὶ
576 587 590 613 ὁ
608 587 717 623 Σωτήρ·
740 597 748 613 ι
767 587 812 623 Μή

27 628 141 664 ἄρξησθε
156 629 257 663 λέγειν,
274 630 315 657 ὅτι
337 631 443 667 πατέρα
462 631 560 666 ἔχομεν
574 633 619 659 τὸν
643 633 779 669 Ἀϐραὰμ,
800 643 809 659 ι

26 674 52 709 ἢ,
69 673 133 710 «Μὴ
147 675 240 711 δόξητε
254 675 354 710 λέγειν,
372 677 479 712 πατέρα
491 677 590 712 ἔχομεν
607 678 654 704 τὸν
671 679 810 714 Ἀϐραάμ·

22 720 128 748 δύναται
164 720 218 756 γὰρ
243 721 299 757 (59)
329 723 344 749 ὸ
368 722 434 755 θεὸς
454 723 487 750 ὲκ
514 723 569 750 τῶν
600 723 681 750 λίθων
710 724 812 752 τούτων

25 766 126 800 ἐγεῖραι
141 766 225 793 τέκνα
241 767 280 802 τῷ
307 768 442 804 Ἀϐραὰμ.
463 777 472 794 ι
500 768 580 795 Ἀλλὰ
598 770 646 796 καὶ
664 770 678 795 ὁ
700 769 813 802 Ἡσαΐας

26 811 89 846 πρὸς
106 811 155 838 τὸν
173 812 236 839 λαόν
260 821 356 848 φησιν·
385 823 394 840 ι
429 814 598 849 Ἐμϐλέψατε
619 815 659 846 εἰς
687 815 812 851 Ἀϐραὰμ

24 855 65 881 τὸν
76 856 183 892 πατέρα
198 857 275 892 ὑμῶν
286 857 355 892 (ϐο),
369 858 417 884 καὶ
426 859 466 890 εἰς
481 858 588 894 Σάρραν
599 859 648 895 τὴν
665 859 811 887 ὠδίνουσαν

23 901 90 936 ὑμᾶς
104 902 174 938 (61).
192 913 201 929 ι
216 903 271 930 Καὶ
287 904 314 930 τί
326 904 368 931 δεῖ
376 904 419 931 διὰ
430 905 661 940 παραδειγμάτων
677 906 809 941 μηκύνειν

21 947 64 973 τὸν
78 947 170 982 λόγον,
189 949 291 984 σαφοῦς
310 949 397 982 ὄντος,
416 950 457 977 ὅτι
473 950 554 983 αὐτὸς
575 951 682 986 πρῶτος
701 961 809 988 χρημα-

20 992 84 1024 τίζει
104 993 197 1030 πατὴρ
211 994 258 1021 τοῦ
272 994 349 1027 λαοῦ,
365 995 405 1023 διὸ
421 996 469 1023 καὶ
485 996 632 1032 ἐξαιρέτως
645 997 808 1033 ὀνομάζεται

22 1039 125 1075 πατήρ;
147 1040 330 1075 Ὑπονοοῦμεν
345 1041 433 1068 τοίνυν
448 1041 494 1068 τὸν
512 1041 560 1077 μὲν
584 1043 723 1078 βασιλικὸν
740 1042 808 1071 εῖναι

20 1083 62 1109 τὸν
78 1084 214 1121 Ἀϐραὰμ,
232 1086 279 1112 τὸν
295 1086 323 1112 δὲ
334 1087 523 1122 ἅσϐενήσαντα
539 1087 620 1115 αὑτοῦ
636 1088 692 1115 υίδν
705 1089 734 1116 ἐν
749 1090 807 1116 Κα-

21 1130 172 1165 φαρναοὺμ,
191 1131 238 1158 καὶ
258 1131 389 1167 μέλλοντα
404 1133 598 1169 ἀποθνήσκειν,
619 1134 651 1161 τὸ
675 1135 808 1171 Ἰσραηλι-

19 1175 89 1201 τικὸν
100 1176 191 1210 γένος,
209 1177 362 1213 ἁσθενῆσαν
381 1179 411 1205 ὲν
429 1180 462 1214 τῇ
484 1178 623 1216 θεοσεϐείᾳ
641 1181 689 1207 καὶ
704 1182 737 1216 τῇ
759 1190 808 1217 τη-

21 1224 93 1258 ρήσει
112 1225 170 1252 τῶν
189 1225 270 1253 θείων
286 1226 387 1263 νόμων,
403 1228 450 1255 καὶ
471 1229 539 1264 πρὸς
560 1229 591 1256 τὸ
607 1230 753 1257 ἀποθανεῖν
768 1231 806 1267 τῷ

18 1269 74 1304 θεῷ
89 1271 232 1306 γινόμενον
244 1272 298 1298 τῶν
317 1274 522 1308 πεπυρωμένων
544 1274 628 1310 βελῶν
643 1276 689 1302 τοῦ
709 1277 805 1313 ἐχθροῦ

18 1317 224 1352 πεπυρωμένον,
247 1319 294 1345 καὶ
315 1318 359 1345 διὰ
377 1319 456 1346 τοῦτο
477 1321 624 1356 πυρέσσειν
650 1322 804 1358 λεγόμενον,

17 1362 139 1390 Φαίνεται
167 1364 195 1390 δὲ
220 1364 326 1399 μέλλειν
350 1364 405 1400 (62)
426 1367 482 1397 τοῖς
507 1367 733 1403 προεξεληλυθόσι
759 1369 805 1396 τὸν

17 1406 70 1440 βίον
83 1408 181 1435 τοῦτον
201 1409 290 1443 ἁγίοις
311 1410 374 1446 περὶ
393 1410 439 1437 τοῦ
460 1411 536 1444 λαοῦ,
554 1412 592 1444 ὼς
612 1413 642 1440 ὲν
657 1415 712 1446 τοῖς
727 1415 805 1441 Μακ-

16 1453 158 1486 καϐαῐκοῑς
183 1455 339 1491 γέγραπται
367 1455 437 1491 μετὰ
461 1457 576 1484 πλεῖστα
602 1458 652 1485 ὅσα
684 1459 731 1496 ἐτη
754 1460 805 1496 τῆς

18 1499 150 1535 Ἱερεμίου
162 1502 335 1537 ἀναλήψεως·
353 1511 363 1528 ι
384 1499 468 1535 οὗτός
483 1504 556 1530 ἐστιν
576 1504 709 1540 Ἱερεμίας
729 1506 743 1532 ό
757 1507 803 1533 τοῦ

13 1545 78 1572 θεοῦ
91 1546 251 1582 προφήτης,
267 1547 281 1573 ό
297 1546 382 1573 πολλὰ
396 1547 541 1583 εὐχόμενος
557 1549 621 1585 περὶ
636 1549 682 1576 τοῦ
699 1550 772 1578 λαοῦ.
791 1561 801 1577 ι

13 1592 81 1626 Ὀρα
110 1591 203 1618 τοίνυν
228 1593 252 1618 εί
282 1592 393 1619 δυνατόν
410 1593 594 1629 ἐκλαμϐάνειν
628 1596 712 1631 ἡμᾶς,
732 1597 773 1624 ὅτι
789 1598 804 1625 ό

18 1635 145 1671 Ἀϐραὰμ
171 1636 310 1671 βασιλικός
337 1646 380 1669 τις
406 1637 443 1664 ὣν
471 1640 636 1674 νοσήσαντος
657 1640 731 1676 αὐτῷ
755 1641 803 1669 τοῦ

11 1681 78 1712 υἱοῦ,
96 1681 282 1717 ἀποῦνήσκειν
305 1682 456 1718 μέλλοντος,
474 1683 546 1715 ἀξιοῖ
565 1685 730 1720 βοηοηθῆναι
752 1686 803 1713 ὑπὸ

11 1726 54 1751 τοῦ
74 1726 204 1762 Σωτῆρος
225 1726 304 1762 ἡμῶν
324 1727 370 1753 τὸν
390 1727 528 1762 κάμνοντα
540 1747 547 1760 ,
569 1729 712 1764 γενόμενος
736 1730 803 1766 πρὸς

10 1772 99 1805 αὐτὸν,
115 1772 167 1798 καὶ
183 1772 295 1807 ἐρωτῶν
317 1772 360 1799 ἵνα
381 1773 498 1808 καταϐῇ,
520 1774 568 1800 καὶ
589 1774 697 1810 ἰάσηται
720 1775 802 1802 αὐτοῦ

10 1818 50 1843 τὴν
64 1819 123 1845 υἱόν
133 1827 141 1833 ·
158 1818 254 1854 ἔμελλε
266 1818 320 1854 γὰρ
337 1818 529 1853 ἀποθνήσκειν.

41 1864 85 1891 58.
104 1865 144 1891 Τὸ
151 1864 190 1890 δέ·
206 1873 215 1889 ι
233 1864 296 1890 Ἐὰν
311 1864 347 1900 μὴ
357 1866 456 1900 σημεῖα
469 1865 514 1891 καὶ
527 1865 628 1902 τέρατα
640 1866 723 1901 ἵᾶητε,
740 1876 749 1892 ι
762 1867 803 1894 λε-

10 1910 121 1945 τόμενον
135 1910 206 1945 πρὸς
219 1909 310 1941 αὐτδν,
325 1909 372 1945 τὴν
383 1910 522 1945 ἀναφορὰν
534 1909 590 1945 ἔχει
601 1911 646 1938 ἐπὶ
660 1912 690 1938 τὸ
702 1912 802 1948 πλῆθος

10 1956 57 1982 τῶν
69 1955 138 1982 υἱῶν
148 1955 243 1988 αὑτοῦ,
256 1954 326 1990 τάχα
335 1955 363 1982 δὲ
376 1955 423 1981 καὶ
432 1956 474 1982 ἐπ’
486 1955 575 1983 αὐτόν.
590 1956 634 1988 Ὠς
643 1956 698 1993 γὰρ
715 1958 802 1986 Ἰωάν-

10 2011 62 2036 ης.
72 2001 234 2038 προσδοκῶν
248 2001 297 2036 τὴν
311 2001 428 2036 Χριστοῦ
447 2002 603 2037 ἐπιδημίαν,
617 2003 760 2039 περιέμενε
772 2004 802 2030 τὸ

11 2047 79 2074 κθὲν
93 2048 220 2083 σημεῖον,
238 2048 280 2073 ἵνα
293 2047 327 2073 δι’
336 2046 418 2073 αὑτοῦ
435 2046 490 2082 γνῷ
497 2047 541 2074 τὸν
557 2049 800 2084 προφητευόμενον·

11 2093 32 2118 ῖὸ
41 2093 69 2119 δὲ
81 2094 198 2128 σημεῖον
207 2090 251 2128 ἦνι
263 2101 273 2118 ι
285 2093 341 2126 Ἐφ’
351 2091 380 2118 ὃν
397 2092 429 2118 ἂν
441 2092 497 2128 ἴδῃς
509 2093 541 2118 τὺ
550 2092 660 2129 Πνεῦμα
673 2095 801 2122 καταϐαῖ-

11 2148 57 2168 θον,
81 2139 133 2165 καὶ
162 2139 243 2173 μένον
270 2138 312 2164 ἐπ’
337 2137 428 2170 αὑτὸν,
453 2134 531 2169 οὗτός
549 2138 622 2165 ἐστιν
638 2140 652 2166 ὁ
668 2139 732 2172 Υἱὸς
753 2141 800 2167 τοῦ

11 2184 69 2211 θεοῦ
80 2194 87 2200 ο
107 2195 117 2211 ι
139 2184 227 2216 οὕτως
240 2184 287 2210 καὶ
300 2183 326 2210 οἱ
339 2185 587 2220 προκεκοιμημένοι
601 2185 673 2219 ἇγιοι
688 2186 801 2221 προσδο-

866 271 963 293 ctctcra
981 275 1042 301 qua:
1060 267 1093 294 de
1106 268 1157 294 hoc
1173 268 1342 295 scribuntur.
1371 269 1495 296 Diximus
1520 275 1608 296 autem
1626 270 1650 296 in

866 313 1054 348 superioribus
1082 321 1191 340 omnem
1208 314 1335 348 populum
1351 314 1436 341 lilium
1449 323 1508 342 esse
1524 315 1649 347 Abrahw.

867 360 1092 393 quemadmodum
1106 359 1187 386 etiam
1203 359 1252 393 ipsi
1269 359 1416 393 gloriantes
1425 361 1544 387 fatentur
1555 370 1563 389 :
1573 370 1584 387 ι
1598 361 1651 389 Nos

866 413 959 433 senicu
980 407 1096 433 Abraha:
1118 413 1223 435 sumus.
1242 411 1271 432 et
1301 407 1402 434 nemini
1416 408 1577 435 servivimus
1602 417 1651 435 un-

865 460 948 486 quam
957 452 995 485 '9;
1011 461 1020 478 ι
1038 456 1066 478 et
1079 451 1142 478 illud
1157 460 1185 478 ει
1200 451 1269 478 Num
1280 456 1308 478 tu
1326 452 1414 486 major
1426 461 1456 480 es
1468 459 1544 488 patre
1557 460 1650 482 nostro

865 497 1014 528 Abraham,
1040 496 1086 530 qni
1115 501 1237 523 mortuus
1263 502 1305 523 est
1316 496 1362 524 ὀἳ
1395 507 1405 524 ι
1437 498 1553 526 Perinde
1576 500 1649 527 enim

866 543 943 577 quasi
973 541 1086 577 populus
1103 541 1270 576 gloriaretur
1297 542 1323 570 in
1338 543 1397 578 ipso
1415 544 1500 579 magis
1524 552 1606 580 quam
1621 546 1648 573 iu

864 588 970 616 caeteris
998 588 1130 623 patribus.
1151 588 1238 622 iisque
1266 588 1312 624 qui
1341 594 1402 623 post
1425 589 1512 624 ipsum
1528 591 1650 618 exstitis-

862 638 933 666 sent,
950 634 1039 668 inquit
1053 634 1134 662 etiam
1152 634 1282 661 Sen-ator
1298 643 1304 660 :
1325 643 1334 660 ι
1358 635 1398 662 Ne
1418 636 1558 670 cmperitis
1573 637 1649 664 dice-

864 688 914 708 re:
938 680 1046 708 Patrem
1061 681 1195 708 habemus
1217 680 1376 713 Abraham;
1396 690 1405 707 ι
1420 681 1470 713 νει,
1490 691 1500 707 ι
1521 681 1560 709 Ne
1574 683 1650 718 cogi-

864 727 925 754 tetis
939 726 1050 754 dicere:
1067 725 1177 753 Patrem
1194 726 1325 754 habemus
1344 727 1501 759 Abraham;
1516 735 1578 754 nam
1601 736 1649 761 po-

863 776 914 799 test
925 771 995 799 Deus
1004 771 1038 798 de
1049 771 1185 806 lapidibus
1198 772 1240 800 his
1248 772 1348 799 suscita
1354 771 1462 804 reﬁlins
1470 772 1585 799 Abi-aha:
1595 774 1629 800 υ,
1636 783 1645 798 .

862 814 932 848 Quin
949 814 1035 842 Isaias
1050 821 1160 849 quoque
1175 815 1208 842 ad
1223 815 1352 850 populum
1369 816 1457 850 inquit
1471 824 1476 840 :
1497 826 1506 841 ι
1521 816 1647 852 Inspicite

863 861 888 887 in
907 860 1042 888 Abraham
1059 864 1163 895 patrem
1183 866 1314 894 vestrum,
1339 867 1367 888 et
1391 861 1418 888 in
1442 861 1564 894 Sarram,
1588 870 1648 897 qua:

861 913 910 934 vos
925 906 1066 941 peperit“.
1077 916 1087 932 ι
1099 906 1131 933 Ει
1143 906 1207 941 quid
1224 913 1291 941 opus
1301 911 1343 933 est
1354 907 1484 942 exemplis
1495 914 1646 935 sermonem

862 951 1019 986 producere,
1036 951 1207 979 manifestum
1226 959 1286 979 cum
1308 952 1425 987 sitquod
1442 953 1499 988 ipse
1511 954 1646 981 Abraham

862 996 898 1023 sit
925 995 1031 1030 primus
1046 1000 1125 1031 pater
1140 996 1242 1031 populi.
1258 1001 1369 1032 propter
1386 998 1456 1031 quod
1471 998 1647 1032 singulariter

862 1041 945 1068 etiam
961 1041 1117 1068 nominatur
1127 1042 1224 1076 pater?
1236 1042 1411 1077 Suspicamur
1428 1043 1511 1078 igitur
1525 1043 1645 1078 regulum

861 1094 921 1114 esse
934 1087 1082 1120 Abraham,
1103 1087 1162 1122 ejus
1177 1095 1241 1114 vero
1256 1088 1351 1121 lilium,
1367 1089 1414 1124 qui
1434 1089 1460 1116 in
1486 1088 1646 1123 Capharnao

860 1132 1013 1167 aegrotavit,
1031 1137 1145 1168 eratque
1168 1133 1327 1167 moriturus,
1351 1134 1530 1162 lsraeliticum
1550 1143 1644 1170 genus,

860 1179 931 1213 quod
945 1183 1127 1214 mgrotaverat
1142 1179 1168 1206 in
1189 1179 1235 1207 Dei
1250 1180 1336 1214 cultu,
1354 1185 1382 1208 el.
1399 1181 1588 1209 observatione
1603 1182 1645 1209 di-

860 1226 983 1252 vinarum
995 1224 1102 1260 legum;
1118 1230 1145 1252 et
1155 1225 1239 1253 etiam
1257 1225 1310 1253 Deo
1324 1231 1352 1254 ut
1365 1231 1528 1260 moreretur,
1543 1226 1646 1255 ferven-

822 1272 825 1275 ”
861 1272 942 1305 libus,
958 1275 987 1299 ut
1013 1271 1049 1298 ita
1075 1271 1190 1306 loquar,
1211 1271 1313 1299 inimici
1335 1273 1441 1307 sagittis
1465 1273 1643 1301 fervefactum

859 1317 959 1349 fuerat,
977 1316 1048 1343 unde
1060 1316 1141 1343 etiam
1157 1316 1273 1350 fervere,
1286 1316 1311 1344 id
1327 1321 1369 1345 est
1395 1317 1560 1351 febricitare.
1576 1319 1645 1346 dici-

858 1366 912 1390 tur.
927 1361 1007 1397 273
1022 1361 1142 1396 Apparet
1156 1366 1247 1389 autem
1260 1362 1375 1395 sanctis,
1393 1363 1439 1398 qui
1452 1370 1531 1391 antea
1545 1371 1578 1391 ex
1593 1363 1644 1391 hac

857 1409 913 1435 vita
929 1407 1099 1442 emigrarint.
1115 1415 1209 1435 curam
1222 1415 1283 1435 esse
1298 1407 1331 1435 de
1344 1408 1453 1443 populo,
1467 1409 1642 1444 quemadmo-

858 1455 921 1482 dum
933 1454 961 1481 in
978 1452 1191 1482 Machabaeomm
1203 1453 1285 1488 gestis
1297 1454 1430 1489 scriptum
1445 1458 1498 1486 est,
1509 1459 1569 1489 post
1580 1455 1642 1489 plu-

858 1500 942 1527 rimos
957 1507 1044 1528 annos
1063 1500 1098 1527 ab
1112 1500 1187 1526 obitu
1201 1498 1327 1527 Jeremim
1341 1507 1348 1526 :
1365 1508 1375 1526 ι
1394 1499 1443 1528 Hie
1457 1504 1500 1527 est
1509 1499 1642 1527 Jeremias

858 1545 904 1572 Dei
920 1545 1064 1580 propheta,
1078 1545 1123 1579 qui
1135 1544 1251 1572 multum
1261 1550 1322 1572 orat
1335 1552 1384 1580 pro
1399 1546 1499 1581 populo
1506 1546 1556 1573 ⁸⁸.»
1575 1546 1641 1573 Vide

855 1598 920 1625 ergo
931 1598 994 1617 num
1008 1597 1144 1625 exponere
1159 1590 1311 1625 possimus,
1327 1591 1400 1626 quod
1411 1591 1548 1618 Abraham
1564 1599 1642 1625 regu-

855 1635 896 1662 lus
914 1635 1047 1670 quispiam
1071 1636 1218 1669 exsistens,
1239 1640 1388 1671 zegrotante
1409 1636 1461 1663 sibi
1475 1635 1641 1670 lilio,eoqne

855 1681 999 1713 morituro,
1017 1681 1158 1709 Dominum
1172 1685 1249 1716 rogat
1264 1689 1313 1716 pro
1326 1681 1374 1708 lilii
1392 1681 1540 1709 laborantis
1559 1689 1640 1708 sana~

856 1727 938 1759 tione,
965 1727 1105 1762 profectus
1123 1727 1156 1753 ad
1167 1726 1266 1760 ipsum,
1283 1731 1311 1753 et
1321 1727 1470 1754 obsecrans
1484 1731 1512 1759 ιιι
1525 1727 1638 1756 descen-

853 1772 900 1800 dat
912 1777 941 1800 et
952 1765 1031 1800 curet
1046 1780 1126 1800 suum
1141 1771 1225 1798 lilium
1235 1771 1292 1806 jam
1306 1771 1482 1802 moriturum.

890 1865 935 1892 58.
959 1863 1026 1890 lllud
1053 1870 1119 1890 vero
1141 1861 1215 1897 quod
1229 1862 1263 1889 ad
1292 1862 1380 1897 ipsum
1397 1861 1519 1890 dicitur:
1543 1871 1554 1888 ι
1580 1862 1637 1890 Nisi

853 1912 930 1946 signa
949 1915 976 1938 et
990 1910 1112 1945 prodigia
1132 1909 1266 1943 videritis,
1289 1918 1300 1935 ι
1328 1909 1487 1936 relationem
1503 1910 1584 1937 habet
1603 1911 1638 1937 ad

853 1955 1053 1983 multitudinem
1080 1955 1195 1982 ﬁliorum
1220 1954 1288 1989 ejus,
1305 1959 1332 1981 et
1352 1954 1477 1982 fortassis
1498 1955 1531 1982 ad
1549 1955 1637 1989 ipsum

852 2002 945 2029 etiam.
953 2001 988 2029 Ut
998 2001 1071 2029 enim
1083 2000 1202 2029 Joannes
1210 2001 1312 2028 Christi
1321 2000 1466 2028 adventum
1478 2007 1637 2036 expectans,

852 2048 1031 2084 exspectabat
1042 2048 1150 2082 signum
1164 2048 1268 2080 datum,
1283 2052 1313 2074 ut
1333 2055 1381 2083 per
1399 2055 1460 2075 cum
1478 2053 1637 2082 agnosceret

851 2102 912 2122 eum
928 2095 973 2129 qui
986 2094 1215 2128 prophetabalur;
1229 2094 1337 2128 signum
1352 2101 1417 2121 vero
1433 2098 1511 2121 erat:
1525 2102 1535 2119 ι
1547 2093 1636 2128 Super

850 2148 930 2176 quem
947 2140 1048 2167 videris
1062 2140 1192 2174 Spiritum
1203 2139 1424 2173 descendentem,
1439 2145 1466 2168 et
1482 2143 1637 2166 manentem

851 2195 933 2221 super
947 2193 1020 2219 eum,
1036 2186 1079 2213 hic
1093 2190 1135 2213 est
1147 2185 1232 2213 Filius
1249 2185 1295 2213 Dei
1311 2185 1349 2218 ’λς
1366 2195 1376 2212 ι
1395 2186 1435 2213 sic
1448 2185 1530 2213 etiam
1546 2186 1635 2212 salicti

11 2229 108 2260 ιιῖιντες
129 2229 179 2256 καί
195 2228 244 2264 τὴν
257 2229 286 2254 ἐν
303 2228 409 2264 σώματι
427 2229 474 2255 τοῦ
498 2229 614 2264 Χριστοῦ
639 2231 767 2266 ἐπιδημία

890 2234 896 2260 i
913 2237 994 2260 antea
1024 2239 1040 2258 e
1060 2232 1115 2258 vita
1129 2231 1315 2264 decesserant,
1331 2235 1520 2266 exspectantes
1533 2230 1633 2257 Christi

11 2276 54 2302 ιπὺ
78 2275 138 2302 τῶν
163 2274 285 2310 σημείων
299 2275 346 2301 καὶ
362 2274 416 2301 τῶν
433 2275 554 2310 τεράτων
579 2277 796 2313 ὲχαρακτήριζον

11 2322 94 2353 ιὺτὸν,
110 2321 160 2348 διὰ
177 2321 280 2347 τούτων
304 2319 342 2355 τῷ
353 2320 520 2356 ἐλπιζομένῳ
538 2323 719 2354 πιστεύοντες.
745 2323 799 2350 Τά-

11 2375 55 2400 [ιον
69 2366 99 2392 δὲ
114 2364 274 2400 παρακαλεί
286 2365 331 2390 τδν
345 2365 445 2400 Κύριον
461 2366 611 2402 καταϐῆναι
633 2368 700 2404 πρὸς
713 2368 745 2395 τὸ
753 2377 796 2395 νο-

11 2412 62 2438 ὀὒν
79 2411 194 2438 παιδίον
217 2410 325 2441 ἑαυτοῦ,
356 2411 552 2447 εὐλαϐούμενος
578 2413 615 2449 μὴ
641 2413 764 2450 προλάϐῃ
782 2415 796 2441 ὁ

13 2458 114 2489 ivno;
137 2457 280 2492 κρατήσας
294 2455 339 2482 τὸν
359 2457 497 2492 κάμνοντα
510 2466 516 2472 ·
539 2458 584 2484 καὶ
600 2459 748 2487 ἀπελαύνει
762 2469 795 2494 γε

12 2504 39 2530 δν
53 2504 179 2540 πυρετὸν
192 2504 264 2539 λόγῳ
275 2504 288 2530 ὁ
299 2503 425 2539 Χριστὸς,
443 2504 675 2540 ἐπαγγειλάμενος
689 2505 728 2540 τῷ
743 2514 795 2532 πα-

12 2551 38 2585 ρὶ
55 2550 109 2585 τῆς
121 2550 198 2584 ζωῆς
214 2549 261 2576 τοῦ
275 2549 485 2581 κινδυνεύοντος,
501 2549 546 2576 διὰ
555 2550 616 2577 τοῦ·
633 2560 642 2576 ι
661 2550 793 2585 Πορεύου,

22 2595 81 2626 υἱός
98 2603 149 2621 σου
169 2593 211 2629 ζῇ.
229 2604 237 2619 ι
254 2595 329 2629 Ἔχει
346 2594 373 2620 δὲ
385 2590 463 2626 οὗτος
479 2595 493 2621 ὁ
509 2594 646 2630 βασιλικὸς
666 2596 697 2623 οὺ
714 2596 794 2632 μόνον

12 2640 59 2671 ἰὸν,
77 2640 154 2668 ἀλλὰ
181 2639 228 2666 καὶ
249 2639 369 2671 δούλους,
392 2637 429 2666 ὧν
453 2640 586 2675 σύμϐολον
601 2637 671 2675 ἦσαν
685 2642 709 2668 οι
722 2643 794 2669 οἰκο-

12 2688 82 2719 ενείς
111 2686 166 2713 καὶ
197 2685 385 2721 ἀργυρώνητοι
417 2685 464 2712 τοῦ
498 2686 639 2722 Ἀϐραὰμ,
672 2685 741 2719 εἶδός
767 2696 794 2714 τι

27 2743 51 2758 ⁷⁸
70 2741 160 2771 Joan.
175 2748 235 2774 ιἰιι,
248 2739 293 2769 33.
340 2739 363 2755 '°
378 2739 444 2767 ibid.
459 2740 503 2768 55.

27 2801 87 2832 (59p
105 2799 186 2832 Γὰρ.
202 2797 282 2825 Deest
294 2798 319 2825 in
342 2798 434 2825 codice
449 2799 484 2826 ιίι·

28 2808 87 2832 iam
105 2808 120 2826 ι
135 2808 186 2832 ιφ.
203 2808 282 2825 ueest
294 2808 319 2825 ιιι
342 2808 434 2825 ι·ιι‹ιιι·ιι
449 2808 484 2826 ιιι*
506 2808 541 2827 ιο.

28 2836 87 2873 (61))
104 2834 220 2873 inagna
231 2834 320 2873 (iotlex
338 2833 436 2873 [legitis
451 2808 532 2873 litiget
550 2836 637 2873 ἡμῶν,
653 2836 731 2863 male.

27 2867 88 2905 (δι)
112 2867 216 2903 ἠιᾶς.
234 2867 324 2895 Codex
341 2867 453 2902 Regius,
468 2867 649 2905 ἡμᾶς,ἰιιιιις·.

554 2741 575 2756 ⁵¹
588 2741 686 2769 Matth.
701 2750 742 2775 ιιι,
761 2744 788 2771 9.
825 2743 848 2759 "
864 2743 928 2770 Isai.
945 2750 982 2775 LI,
1001 2741 1028 2768 ‘2.
1071 2741 1094 2757 “‘
1109 2741 1129 2768 ll
1148 2741 1236 2768 Maeli.
1258 2749 1303 2774 xv,
1324 2742 1368 2768 Η.

848 2278 993 2305 adventum
1011 2276 1176 2311 incorpore,
1193 2284 1208 2303 a
1220 2277 1305 2312 signis
1319 2282 1346 2304 et
1361 2276 1490 2312 prodigiis
1504 2283 1565 2303 eum
1575 2284 1631 2302 ma-

848 2323 1031 2351 nifestandum
1056 2322 1264 2357 exspectabant.
1291 2330 1338 2356 per
1364 2325 1421 2350 haec
1437 2322 1580 2349 credentes
1605 2321 1632 2348 in

847 2377 909 2396 eum
923 2370 969 2404 qni
993 2368 1164 2403 sperabatur.
1184 2366 1317 2395 Obsecrat
1337 2370 1427 2393 autem
1446 2366 1484 2392 uti
1504 2365 1633 2392 Dontiuus

847 2414 974 2442 celeriter
988 2413 1138 2441 descendat
1156 2412 1189 2439 ad
1203 2420 1281 2440 suum
1297 2412 1382 2446 ipsius
1401 2412 1486 2438 lilium
1497 2415 1631 2446 aegrotan-

850 2464 912 2492 tem,
944 2459 1078 2487 sollicitus
1100 2459 1236 2486 exsistens
1262 2465 1295 2484 ne
1323 2465 1397 2484 mors
1427 2459 1632 2492 prazoccuparet

845 2505 944 2532 victum
982 2505 1138 2536 infirmum;
1169 2504 1319 2538 febrimque
1357 2510 1482 2530 sermone
1515 2501 1629 2536 expellit

844 2550 977 2582 Christus.
994 2550 1151 2577 renuntians
1162 2550 1230 2584 patri
1244 2549 1328 2576 lilium
1343 2549 1540 2583 periclitantem
1554 2547 1628 2573 vive-

847 2604 888 2630 re,
911 2604 959 2630 per
987 2596 1072 2622 illud:
1090 2604 1100 2620 ι
1119 2595 1201 2626 Vade,
1230 2595 1300 2622 ﬁlius
1327 2601 1389 2622 tuus
1409 2595 1484 2622 vivit.
1506 2603 1516 2620 ι
1543 2593 1628 2620 liabet

844 2643 925 2668 etiam
947 2642 990 2668 hie
1015 2640 1120 2676 regulus
1135 2649 1187 2666 nou
1209 2641 1296 2667 solum
1321 2641 1423 2674 lilium,
1439 2647 1532 2667 verum
1547 2639 1627 2665 etiam

846 2694 950 2720 servos,
969 2693 1083 2721 quorum
1109 2691 1170 2711 nota
1195 2689 1273 2712 erant
1296 2693 1385 2713 vernae
1406 2685 1532 2718 Abrahae,
1553 2689 1579 2711 et
1600 2684 1627 2710 hi

1415 2743 1437 2758 ⁸⁵
1447 2741 1525 2769 Joan.
1549 2750 1567 2774 I,
1581 2741 1626 2769 53.

877 2803 934 2838 (6'2)
955 2802 1092 2829 Φαίνεται
1112 2800 1147 2827 δὲ

841 2836 922 2872 liquis
944 2838 1059 2871 adjunge
1075 2844 1142 2870 quos
1168 2837 1270 2872 profert
1296 2836 1475 2864 Bcllarmiuus
1490 2836 1537 2863 lib.
1560 2844 1566 2864 ι
1591 2836 1623 2863 ιη

840 2871 989 2900 sanctarum
1002 2872 1104 2903 beant,
1121 2878 1180 2906 cap.
1199 2871 1241 2899 i‘l.

1161 2800 1297 2835 μέλλειν,
1313 2806 1367 2829 etc.
1382 2801 1458 2828 Hunc
1479 2801 1565 2828 locum
1585 2810 1626 2827 ι-ιι.
