1847 3045
6 34 33 60 Π
517 31 698 59 (ΖΟΜΜΕΝΤ.
720 31 751 58 ΙΝ

859 53 864 58 .
884 31 1003 58 TOMUS
1023 31 1092 58 XIII.

1557 34 1609 61 518

8 91 92 127 αργὲς
112 91 158 117 τοῦ
175 91 238 127 περὶ
258 90 304 117 τοῦ
325 90 495 126 Δημιουργιιῦ
515 89 604 124 λόγου.
617 89 655 115 ἔτι
671 89 697 115 δὲ
725 89 765 115 κῖῖ

862 95 929 115 utrm
941 89 1099 122 spii-ilualis,
1113 88 1249 123 quomodo
1267 95 1314 123 per
1327 89 1510 124 prodigiosam
1526 97 1609 125 appa-

6 137 55 173 ιρὰ
70 137 121 173 τὴν
136 137 246 173 Γραφὴν
259 135 309 172 τὴν
317 136 456 169 λέγουσαν·
477 146 485 160 ι
506 136 535 161 Εἰ
546 135 711 170 κρυίίἡσεται
724 135 768 161 ἇν-

6 190 86 213 norm;
99 182 128 208 ἐν
140 181 295 217 κρυφαίοις,
310 179 387 214 κάγὼ
401 181 451 206 οὐκ
461 180 561 215 ὂψομαι
578 179 675 211 αὑτό-Η
692 189 700 204 ι
711 179 768 205 καί·

9 226 111 262 Κύριος
125 226 229 258 ὲτάξων
244 226 360 262 νεφροὺς
377 225 424 252 καὶ
437 225 566 260 καρδίας;
585 234 593 251 ι
614 224 670 251 καῖ’
692 234 701 249 ι
714 223 769 250 Κύ-

6 282 33 305 3;
56 272 198 308 γινώσκων
222 273 287 305 τοὺς
310 272 500 307 διαλογισμοὺς
525 271 579 298 τῶν
606 270 767 306 ἀνθρώπων,

6 329 26 345 ιν
41 316 93 345 ὦσι
107 320 234 355 μάταιοι;
256 328 266 345 ι
284 318 347 350 Πῶς
361 318 390 345 δὲ
405 317 485 344 σώσει
503 317 550 343 καὶ
565 317 603 343 τό·
619 327 628 342 ι
647 317 675 343 '0
691 314 769 347 εἰδὼς

17 365 109 391 πάντα
122 364 186 400 πρὶν
199 364 333 398 γενέσεως
347 363 452 394 αὐτῶν;
476 372 484 388 ι
499 362 539 388 ἔτι
561 361 589 388 δὲ
604 360 703 397 μᾶλλον
714 362 738 387 εἰ
752 361 768 396 ή

12 418 51 440 3:;
64 408 299 446 χαρακτηρίζεται
315 408 362 435 τοῦ
384 408 504 439 ίαθέντος
516 407 569 434 ἀπὺ
586 407 632 433 τοῦ
652 407 767 443 ἀριθμοῦ

8 464 21 486 ς
39 455 127 490 ὥρας,
144 455 187 489 εἴη
203 454 283 489 οὔτις
296 455 345 489 τῆς
361 455 459 485 ἰάσεως
479 453 608 488 γινομένη
621 452 660 488 τῷ
675 453 768 488 οἰκείῳ

21 499 177 527 ἀναπαύσει
194 499 320 536 ἀριθμῷ;
337 499 374 526 Τὸ
394 499 423 526 δὲ
443 498 591 534 διαφθορᾶς
609 496 678 525 εἶναι
690 498 768 534 ψυχι-

6 555 36 577 ιν,
52 545 185 572 ἐπιτέλει
202 542 240 572 ὧν
257 545 414 580 ὲξεθὲμεοα,
430 545 476 571 ὑπ’
499 544 582 571 αὐτοῦ
604 545 767 581 εἰρημένων,

6 590 229 626 αγεγραμμένον,
246 590 389 626 ὁμωνυμία
405 590 546 626 χρωμένου
566 590 633 622 ἐστὶ,
647 590 693 616 καὶ
708 590 767 616 ἑτέ-

7 645 21 662 ν
36 630 119 671 (ῥύσιν
133 637 290 671 εἰσάγοντος
303 636 447 673 τετάρτην,
464 637 533 672 ὅπερ
547 636 577 663 οὐ
594 635 728 671 βούλεται.

827 135 953 162 ritionem
979 135 1114 162 credidit?
1145 135 1215 169 quod
1244 136 1266 162 si
1296 135 1447 163 nonaliter
1464 143 1545 171 quam
1563 145 1611 171 per

826 180 1019 214 appar-itionem
1049 179 1231 214 prodigiosum
1254 180 1365 208 credere
1388 186 1612 214 putemur-ouso-

825 227 917 260 quitur
930 226 1005 260 juxta
1020 226 1125 252 illorum
1142 226 1295 260 opinionem
1310 227 1392 253 etiam
1408 226 1495 261 ipsum
1508 228 1611 253 anima-

826 271 877 297 Ieul
902 271 995 298 fuisse.
1018 271 1098 306 2'77
1125 271 1178 298 Sed
1199 273 1333 305 quomodo
1359 280 1411 299 non
1429 273 1538 307 impium
1556 282 1608 305 est,

824 321 961 350 etpralter
973 319 1124 344 evidentem
1148 318 1279 344 raliouem
1307 318 1339 345 de
1370 319 1463 345 mundi
1494 318 1609 353 Opiﬁce.

823 362 894 396 quod
909 366 972 389 ante
990 363 1076 397 ipsum
1093 363 1183 388 nulndi
1205 362 1335 396 Opiﬁcem
1360 363 1446 398 angeli
1461 364 1518 398 ejus
1535 365 1610 390 villi--

823 408 877 435 rint
894 415 988 435 sanum
1005 412 1032 435 et
1047 408 1180 435 sincerum
1206 409 1313 435 modum
1326 409 1434 437 vivendi
1453 418 1546 437 eorum
1563 412 1609 445 qui

823 458 931 488 propter
956 455 1101 489 polentiam
1127 454 1282 480 Servatoris
1307 455 1433 482 meliores
1460 456 1523 482 farti
1552 457 1610 482 hm-

823 500 887 530 l'inl,
913 504 1005 526 contra
1029 499 1195 533 Scr'ptnram
1226 500 1360 527 dicentem
1379 509 1384 526 :
1401 511 1408 526 ι
1428 501 1494 528 Num
1519 503 1611 528 uenul-

824 544 923 571 labitur
939 545 1019 572 homo
1033 546 1058 572 in
1077 545 1142 571 locis
1161 546 1363 578 lalentilms,,et
1377 554 1427 580 ego
1445 555 1497 574 non
1511 548 1609 574 videbo

822 597 883 616 eum
898 590 937 616 "‘l
961 599 971 616 ι
989 595 1016 617 cl
1033 599 1039 617 :
1069 600 1078 615 ι
1104 590 1234 618 Dominus
1260 597 1386 618 scrutatis
1403 600 1491 624 renes,
1505 598 1531 619 et
1547 602 1609 619 eor-

822 637 854 669 da
870 636 910 668 ”;
932 645 941 662 ι
957 641 982 662 et
997 643 1003 662 :
1029 646 1037 661 ι
1057 637 1185 664 Dominus
1199 644 1363 672 eogm‘scens
1375 638 1550 672 cogitationes
1563 639 1610 665 ho-

8 692 86 717 num,
115 684 246 720 quoniam
270 692 346 712 vana:
372 690 435 712 sunt
449 684 475 712 ’Ἰ
491 694 501 711 ι
521 684 663 718 Quomodo
685 684 767 710 etiam
790 689 881 711 servat
904 684 969 711 illud
992 692 998 711 :
1019 693 1028 710 ι
1045 685 1095 718 Qui
1122 685 1196 712 videt
1222 686 1314 712 omnia
1341 691 1405 713 ante
1426 691 1514 714 ortum
1539 686 1610 722 ipso-

6 740 28 758 ιιι
42 734 65 765 ¹,
89 741 100 758 ι
115 733 234 760 maxime
247 733 270 761 si
285 737 380 760 natura
400 733 485 760 sanati
502 732 639 767 designata
663 732 697 760 ab
712 732 786 759 hora:
804 740 925 765 numero,
945 733 980 760 sit
1004 738 1098 760 natura
1124 734 1313 761 medicamenti
1333 734 1402 761 facta
1424 742 1536 762 immero
1566 736 1611 769 qui

6 778 195 805 commodatus
219 783 262 806 est
284 779 317 806 ad
333 779 472 814 quietem?
496 778 572 812 Quod
601 786 666 806 vero
693 779 825 814 scriptum
847 784 889 807 est
907 786 1017 815 propter
1047 781 1249 815 corruptionem
1277 788 1382 814 eorum,
1405 781 1449 815 qui
1471 787 1534 808 sunt
1551 783 1612 808 ani-

6 825 71 858 iles,
102 824 130 852 in
152 825 207 852 ﬁne
232 832 329 853 eorum
354 833 414 860 quae
436 825 610 861 exposuimus
636 826 670 853 ab
697 833 731 854 eo
753 826 825 853 dicta
852 827 947 859 inisse,
967 827 1146 862 mquirocatio
1165 826 1266 854 utentis
1291 832 1346 860 est,
1366 832 1392 854 et
1413 827 1612 855 introdueenlis

6 880 45 899 am
76 877 206 906 quartam
232 877 368 905 naluram,
399 873 471 908 quod
497 873 553 908 ipse
570 880 622 900 non
651 874 795 907 approbat.

6 918 44 944 50.
63 927 73 942 ι
91 917 179 944 Τοῦτο
192 917 220 944 δὲ
237 918 317 945 πάλιν
339 918 463 954 δεύτερον
479 920 591 954 σημεῖον
609 919 736 953 ἐποίησεν
752 919 765 945 ὁ

856 921 913 948 60.:
930 921 985 949 Hoc
997 925 1087 948 autem
1099 928 1194 948 rursus
1207 921 1314 955 signum
1325 921 1387 948 fecit
1402 923 1551 949 secundum
1563 921 1606 950 Je—

10 963 89 995 ςοῦς,
105 963 193 990 ἐλθὼν
205 965 237 990 ὲκ
252 965 303 1000 τῆς
324 964 453 996 Ἰουδαίας
469 965 509 996 εἰς
523 965 574 1000 τὴν
583 964 740 993 Γαλιλαίαν.
755 975 764 991 ι

16 1010 104 1044 ῥητὸν
113 1009 264 1044 ἀμφίϐολόν
275 1011 343 1036 ὲστι·
362 1010 489 1046 σημαίνει
501 1010 555 1046 γὰρ
574 1009 604 1036 τὸ
619 1010 669 1046 μὲν
682 1009 768 1037 τοιοῦ-

6 1064 19 1086 ι,
34 1056 65 1081 ὲν
86 1056 123 1090 τῇ
138 1055 193 1081 ἀπὸ
207 1055 257 1090 τῆς
283 1055 413 1088 Ἰουδαίας
427 1057 466 1088 είς
486 1056 536 1091 τὴν
548 1055 693 1082 Γαλιλαίαν
705 1056 767 1082 ἐπι-

6 1100 51 1136 si;
67 1101 84 1127 ὁ
110 1100 216 1135 Ἰησοῦς
234 1100 281 1127 δύο
301 1102 402 1136 σημεῖα
425 1102 588 1136 πεποίηκεν,
609 1098 646 1128 ὧν
659 1101 690 1127 τὸ
703 1101 768 1137 περὶ

6 1145 87 1172 ὐἱὸν
109 1145 161 1172 τοῦ
185 1145 324 1180 βασιλικοῦ
346 1146 471 1182 δεύτερόν
492 1147 560 1173 ἐστι·
579 1146 625 1173 δύο
641 1147 696 1182 γὰρ
720 1155 769 1182 ση-

6 1193 52 1219 ίων
70 1192 134 1227 (77)
149 1191 234 1218 ὅντων
250 1192 268 1219 ἃ
280 1192 408 1228 ἐποίησεν
432 1193 461 1220 ὲν
482 1195 514 1228 τῇ
541 1193 670 1229 Γαλιλαίᾳ
686 1194 701 1220 ὁ
716 1194 768 1228 Ἰη-

6 1238 39 1270 ἱς,
53 1238 86 1264 τὺ
106 1237 235 1273 δεύτερον
243 1239 392 1274 πεποίηκεν
406 1238 491 1265 ὲλθὼν
500 1239 553 1266 ἀπὸ
569 1239 618 1274 τῆς
637 1238 767 1270 Ἰουδαίας

25 1283 77 1318 τὴν
106 1282 264 1309 Γαλιλαίαν·
279 1284 326 1310 καὶ
344 1283 423 1310 τοῦτό
439 1283 471 1318 γέ
486 1285 541 1310 ἐστι
555 1285 587 1311 τὸ
607 1284 701 1310 δεκτὺν
720 1284 768 1311 καὶ

6 1329 65 1364 ’χθές
83 1328 154 1363 (78)·
170 1328 202 1355 οὐ
225 1328 280 1364 γὰρ
293 1329 322 1355 τὸ
339 1329 471 1365 πρότερον
495 1330 550 1357 ἀπὸ
567 1330 618 1365 τῆς
638 1329 767 1362 Ἰουδαίας

18 1376 71 1411 τὴν
90 1374 242 1402 Γαλιλαίαν
266 1375 350 1401 ἐλθὼν
373 1375 519 1411 πεποίηκε’
537 1376 568 1403 τὸ
591 1376 618 1402 δὲ
636 1375 767 1411 πρότερόν

6 1430 20 1448 ἰ
35 1422 68 1448 τὸ
87 1421 157 1456 περὶ
165 1421 214 1457 τὴν
225 1422 375 1458 μεταϐολὴν
386 1423 433 1450 τοῦ
448 1422 545 1454 ὓδατος
559 1423 600 1454 είς
609 1420 690 1454 οἶνον,
699 1423 767 1458 ὅπερ

6 1477 77 1494 ὀνεν
95 1468 127 1494 ἐν
144 1469 179 1502 τῇ
192 1468 333 1504 ἐπαύριον·
348 1469 418 1504 ὅπερ
432 1468 517 1495 αἴτιον
530 1468 637 1502 ἐγένετο
650 1468 696 1495 καὶ
711 1467 766 1503 (79)

6 1530 7 1533 η
26 1513 167 1549 Ἀνδρέαν
181 1513 228 1540 τὸν
243 1514 357 1548 ἀδελφὺν
374 1514 496 1550 Σίμωνος
513 1514 628 1549 Πέτρου,
647 1513 767 1548 πυθόμε-

19 1559 78 1586 ποῦ
98 1560 191 1595 μένει,
213 1559 277 1595 περὶ
300 1559 417 1596 δεκάτην
433 1560 509 1596 ὥραν
531 1560 582 1594 τῆς
598 1559 703 1595 ἡμέρας
719 1567 768 1594 με-

6 1608 119 1643 νηκέναι
142 1606 220 1643 παρὰ
243 1607 282 1643 τῷ
303 1608 408 1644 Κυρίῳ·
433 1608 589 1644 γέγραπται
611 1607 675 1643 γάρ·
698 1616 707 1633 ι
726 1607 765 1642 Τῇ

6 1653 98 1688 ιύριον
122 1652 259 1687 ἠθέλησεν
283 1651 399 1685 ἐξελθεῖν
420 1654 460 1685 εἰς
474 1653 524 1689 τὴν
538 1652 695 1683 Γαλιλαίαν,
719 1652 767 1678 καὶ

6 1699 89 1724 im:
104 1697 250 1724 Φίλιππον.
275 1707 285 1724 ι
303 1698 375 1732 Ὅρα
395 1698 427 1734 δὴ
440 1698 490 1734 τὴν
506 1697 662 1733 οἰκονομίαν
678 1697 702 1723 εί
720 1696 765 1723 δε-

6 1743 69 1770 ιεῧα
84 1742 199 1777 νοῆσαι,
209 1742 248 1778 τῷ
265 1742 312 1769 καὶ
329 1742 578 1778 ὲπισεσημειῶσθαι
594 1741 639 1768 τὸν
656 1741 767 1775 εὐαγγε-

6 1789 52 1824 ι-ὴν
69 1788 144 1824 περὶ
163 1787 210 1814 τοῦ
227 1788 351 1824 δεύτερον
369 1788 448 1815 τοῦτο
466 1788 497 1814 τὺ
519 1788 631 1823 σημεῖον
657 1786 767 1821 γεγονέ-

6 1856 11 1867 ,
24 1834 217 1865 κατελθόντος
230 1834 283 1861 ἀπὸ
291 1835 341 1870 τῆς
360 1833 489 1865 ἰουδαίας
504 1834 544 1866 εἰς
556 1833 606 1869 τὴν
622 1831 766 1859 Γαλιλαίαν

18 1879 148 1915 Κυρίου.
173 1879 317 1914 Ἑλέγομεν
330 1879 359 1907 δὲ
373 1880 403 1906 ἐν
418 1881 475 1911 τοῖς
489 1878 620 1914 ἀνωτέρω
638 1877 766 1904 δύνασθαι

17 1927 70 1953 δύο
95 1926 140 1957 εἰς
156 1925 207 1961 τὴν
224 1924 302 1952 Κανᾶ
322 1923 369 1949 τοῦ
385 1926 512 1961 Σωτῆρος
529 1924 607 1961 ἡμῶν
620 1923 768 1959 ἐπιδημίας

13 1970 167 2006 σύμϐολον
180 1970 365 2006 λαμϐάνεσθαι
376 1971 431 1998 τῶν
443 1970 490 1998 δύο
505 1969 587 1997 αὐτοῦ
601 1971 640 2001 εἰς
652 1969 701 2004 τὴν
715 1968 767 2004 γῆν

6 2016 133 2053 Ξημιῶν,
157 2016 221 2051 ἥτις
242 2015 318 2052 παρὰ
337 2016 367 2043 τὸ
389 2016 483 2052 κτῆμα
506 2015 588 2043 αὑτοῦ
614 2015 766 2050 γεγονέναι,

6 2063 112 2098 λφὸτος
127 2062 222 2089 πᾶσαν
238 2061 362 2096 ἐξουσίαν
377 2061 414 2094 ὡς
428 2063 456 2088 ὲν
466 2062 573 2098 οὐρανῷ
586 2061 632 2089 καὶ
647 2061 694 2088 ἐπὶ
704 2061 765 2096 γῆς,

6 2111 34 2136 ιᾶ
49 2107 212 2144 ὠνομάσθη
226 2107 294 2142 (80).
309 2108 348 2143 Τῇ
367 2108 416 2143 μὲν
436 2106 483 2134 οὖν
498 2107 619 2143 προτέρᾳ
635 2105 766 2141 ἐπιδημίᾳ

7 2155 24 2181 ὲ
53 2154 91 2180 τὸ
122 2153 238 2188 λουτρὸν
265 2154 339 2188 ἡμᾶς
359 2153 499 2189 εὐφραίνει
525 2151 767 2186 συνδιαιτωμένους

6 2200 42 2235 ᾧ,
73 2199 129 2226 καὶ
155 2198 244 2231 διδοὺς
259 2199 306 2226 τοῦ
321 2200 354 2226 ἐκ
371 2199 421 2235 τῆς
436 2199 578 2234 δυνάμεως
597 2197 679 2224 αὑτοῦ
697 2197 767 2223 οἴνου

6 2248 39 2278 ἵν,
72 2245 181 2275 ὓδατος
198 2244 248 2279 μὲν
270 2246 456 2281 τυγχάνοντος,
473 2245 518 2271 ὅτε
541 2243 656 2279 ἧντλητο
671 2242 768 2289 πρότε-
784 2262 805 2289 D

6 2302 10 2306 ·
38 2292 124 2318 οἴνου
140 2290 172 2317 δὲ
197 2290 354 2325 γενομένου,
368 2291 412 2317 ὅτε
434 2290 500 2317 αὐτὸ
516 2289 571 2325 (81)
588 2287 767 2324 μετεποίησεν

6 2337 84 2369 τοῦς.
107 2335 168 2363 Καὶ
188 2335 244 2371 γὰρ
257 2336 366 2371 ἀληθῶς
386 2336 439 2372 πρὸ
457 2336 506 2371 μὲν
527 2333 615 2370 Ἰησοῦ
639 2334 656 2368 ὴ
671 2333 766 2369 Γραφὴ

7 2392 27 2418 ρ
57 2380 112 2416 ἦν·
129 2380 230 2407 ἀπὸδὲ
245 2380 293 2407 τοῦ
321 2380 408 2416 Ἰησοῦ
430 2376 501 2411 οἶνος
519 2380 586 2414 ἡμῖν
609 2378 763 2413 γεγένηται.

14 2428 48 2454 δὲ
64 2426 194 2462 δευτέρᾳ.
209 2425 263 2461 (82)
281 2426 412 2462 ἐπιδημίᾳ
438 2425 550 2452 ἀπολύει
566 2424 612 2451 τοῦ
637 2423 766 2460 πυρετοῦ,

818 974 875 999 sus,
887 968 1000 995 veniens
1011 974 1025 993 a
1036 965 1127 993 .Indzca
1138 967 1164 993 in
1176 966 1315 994 Galilmam
1331 967 1351 994 ³.
1374 976 1382 993 ι
1399 967 1447 994 llic
1467 973 1611 996 contextus

818 1017 859 1040 est
875 1012 1038 1047 ambiguus;
1059 1013 1141 1039 habet
1169 1012 1240 1039 enim
1263 1012 1344 1038 talem
1368 1012 1609 1047 significationem.

818 1059 894 1093 quasi
911 1057 990 1085 Jesus
1007 1057 1061 1084 duo
1076 1058 1152 1092 signa
1168 1057 1274 1089 fecerit,
1291 1065 1351 1084 cum
1369 1058 1474 1085 veniret
1489 1066 1503 1084 a
1515 1058 1608 1086 Judma

819 1104 845 1130 in
860 1103 1010 1136 Galilmam,
1024 1110 1139 1137 quorum
1157 1102 1264 1136 signant
1282 1103 1315 1128 de
1332 1103 1389 1129 tilio
1405 1103 1489 1138 reguli
1505 1104 1540 1131 sit
1562 1112 1608 1131 se-

818 1149 934 1175 cundum
951 1156 959 1174 :
976 1153 1003 1174 et
1019 1149 1091 1182 quod
1108 1148 1160 1175 duo
1175 1147 1252 1182 signa
1266 1155 1326 1174 cum
1346 1148 1400 1175 sint
1422 1156 1482 1183 quae
1511 1149 1609 1176 fecerit

817 1192 897 1220 .Icsus
915 1193 942 1219 in
962 1191 1087 1223 Galilma,
1109 1192 1256 1218 secundum
1281 1191 1385 1224 fecerit,
1408 1192 1518 1218 veniens
1532 1199 1547 1219 a
1561 1191 1609 1219 .Iu-

818 1239 873 1265 dzea
890 1237 916 1264 in
936 1236 1073 1265 Galiheant
1087 1243 1093 1262 :
1112 1240 1207 1270 estque
1225 1237 1275 1262 hoc
1291 1241 1427 1271 receptum
1445 1241 1473 1262 ct
1487 1243 1604 1268 verum;

818 1291 906 1318 neque
930 1283 1004 1310 enim
1023 1289 1084 1309 cum
1103 1281 1323 1316 proﬁcisceretur
1337 1289 1351 1308 a
1370 1281 1464 1309 Judzea
1489 1282 1516 1308 in
1535 1281 1608 1309 Gali-

818 1330 905 1361 laeam,
932 1329 1048 1364 primum
1077 1328 1151 1360 fecit,
1180 1328 1227 1355 sed
1258 1327 1374 1362 primum
1405 1327 1470 1354 fecit
1499 1328 1608 1362 quando

818 1375 932 1402 mulavit
954 1382 1051 1410 aquam
1071 1375 1097 1401 in
1111 1374 1202 1401 vinum
1222 1381 1229 1400 :
1247 1372 1405 1406 factumque
1428 1377 1470 1400 est
1497 1379 1606 1407 postera

817 1419 872 1452 die,
886 1418 990 1453 fuitque
1010 1418 1092 1445 etiam
1107 1419 1134 1445 in
1150 1425 1230 1445 causa
1245 1425 1274 1444 ut
1295 1417 1430 1449 Andreas.
1461 1417 1545 1445 l‘ralcr
1563 1417 1607 1444 Si-

817 1466 905 1493 monis
923 1465 1005 1498 Pelri,
1026 1465 1198 1499 interrogans
1215 1464 1259 1491 ubi
1285 1468 1417 1496 maneret,
1442 1464 1516 1490 circa
1535 1465 1609 1491 deci-

818 1519 889 1538 mam
907 1511 959 1538 diei
975 1511 1069 1538 horam
1089 1511 1160 1544 apud
1181 1509 1324 1537 Dominum
1346 1513 1469 1536 maneret
1487 1509 1513 1542 ‘;
1537 1510 1607 1536 seri-

818 1562 893 1592 plum
917 1562 958 1584 est
979 1557 1077 1584 enim:
1095 1565 1103 1581 ι
1122 1555 1261 1583 Postridie
1285 1555 1370 1582 voluit
1389 1555 1466 1582 exire
1490 1556 1517 1581 in
1533 1554 1608 1581 Gali-

780 1596 800 1624 (ἶ
819 1603 906 1635 beam,
921 1607 948 1630 et
964 1602 1066 1629 invenit
1087 1600 1240 1634 Philippum
1256 1600 1277 1627 ⁵.
1294 1609 1304 1626 ι
1322 1599 1375 1627 Sed
1398 1600 1457 1626 vide
1482 1607 1545 1627 num
1567 1600 1607 1626 in-

819 1648 939 1683 telligere
966 1647 1101 1682 possimus
1128 1645 1307 1673 meonomiam
1326 1653 1332 1671 :
1350 1652 1381 1672 eo
1406 1646 1478 1680 quod
1505 1646 1608 1672 notarit

817 1695 899 1722 etiam
921 1694 1086 1728 evangelista
1109 1693 1160 1720 hoc
1190 1692 1338 1720 secundum
1366 1692 1474 1725 signum
1501 1691 1604 1718 faetmn

818 1739 902 1767 fuisse
915 1745 977 1766 cum
994 1738 1171 1765 descenderet
1195 1736 1325 1763 Dominus
1341 1744 1356 1763 a
1372 1735 1462 1763 Jnllaea
1488 1737 1513 1763 in
1530 1736 1606 1764 Gali-

818 1786 906 1813 lataln.
924 1784 1046 1812 Diximus
1061 1788 1152 1810 autem
1170 1783 1197 1810 in
1216 1782 1405 1816 superioribus
1421 1783 1488 1809 duos
1505 1782 1604 1808 Serva-

818 1832 885 1859 toris
898 1831 982 1859 nostri
1007 1830 1140 1856 adventus
1164 1828 1191 1856 in
1213 1828 1316 1856 Canam
1343 1827 1430 1860 accipi
1448 1834 1528 1861 posse
1555 1834 1607 1861 pro

818 1877 922 1904 duobus
938 1875 1022 1910 ipsius
1044 1881 1127 1908 super
1144 1879 1243 1900 terram
1265 1872 1426 1899 adventibus
1445 1880 1451 1898 :
1468 1879 1528 1906 qua:
1544 1872 1606 1906 qui-

818 1921 878 1949 dem
894 1925 977 1952 tcrra,
992 1919 1055 1954 quia
1069 1919 1139 1946 facta
1157 1919 1194 1946 sit
1206 1917 1346 1954 possessio
1359 1915 1428 1950 ejus,
1442 1916 1488 1951 qui
1502 1916 1607 1951 accepit

818 1971 980 2002 potestatem
997 1972 1116 1997 omnem,
1133 1965 1170 1991 ita
1187 1964 1212 1990 in
1232 1969 1316 1995 terra,
1327 1962 1554 1997 quemadmodum
1580 1963 1606 1989 in

818 2012 887 2039 coelo
903 2012 925 2043 ',
947 2011 1048 2038 idcirco
1064 2010 1143 2036 Κανᾶ
1171 2008 1304 2044 appellata
1321 2012 1374 2035 est.
1402 2007 1493 2034 Primo
1515 2007 1608 2042 itaque

818 2057 933 2084 adventu
951 2063 999 2083 nos
1018 2061 1078 2091 post
1098 2055 1234 2082 lavacrum
1261 2061 1323 2080 cum
1350 2053 1409 2088 ipso
1427 2053 1605 2080 convivanles

818 2102 965 2135 exhilaral,
983 2101 1063 2128 etiam
1082 2101 1186 2127 donans
1203 2103 1231 2126 llt
1254 2099 1377 2126 bibamus
1399 2105 1415 2126 e
1434 2098 1498 2125 vino
1515 2102 1608 2132 poten-

819 2149 862 2176 tiae
879 2155 944 2182 suae,
959 2147 1031 2182 quod
1044 2146 1155 2181 quidem
1171 2152 1242 2180 aqua
1256 2149 1317 2172 erat
1338 2143 1445 2178 quando
1464 2142 1608 2170 haurieba-

820 2200 862 2222 tur
877 2198 975 2225 anlea;
1000 2192 1084 2227 278
1098 2192 1145 2218 scd
1172 2191 1261 2217 vinum
1279 2190 1352 2217 facta
1369 2195 1421 2221 est,
1437 2189 1544 2224 quando
1560 2188 1607 2214 inl-

820 2238 935 2265 mntavit
963 2237 1037 2264 illam
1071 2235 1161 2263 Jesns.
1190 2235 1297 2262 Etenim
1324 2242 1386 2262 rere
1425 2238 1488 2260 ante
1513 2232 1605 2259 Jesum

821 2284 962 2318 Scriptura
986 2286 1046 2310 erat
1059 2289 1144 2316 aqua;
1161 2281 1241 2307 simul
1265 2285 1354 2307 autem
1368 2284 1450 2314 atque
1466 2279 1538 2306 venit
1559 2277 1606 2304 .Ie--

820 2338 878 2362 sus,
893 2331 962 2356 facta
982 2336 1024 2356 est
1045 2327 1122 2355 nobis
1137 2318 1240 2355 v'inum.
1255 2326 1379 2353 Secundo
1397 2333 1461 2353 vero
1485 2325 1604 2352 adventu

820 2376 917 2403 liberat
944 2382 959 2401 a
975 2374 1053 2407 febri,
1084 2379 1205 2408 tempore
1219 2372 1331 2407 judicii,
1360 2371 1431 2406 quod
1458 2371 1494 2398 ἰΙιι
1515 2379 1529 2396 a
1551 2370 1605 2396 ῡιιυ

821 2421 1006 2450 concreditum
1021 2420 1071 2448 fuit
1085 2419 1240 2455 utjudieet,
1256 2419 1375 2446 liberans
1389 2426 1403 2444 a
1421 2417 1489 2444 l‘ehri
1505 2422 1530 2443 el
1543 2423 1606 2450 per-

6 2495 143 2522 lJerem.
161 2501 239 2525 mu,
254 2493 300 2520 ‘24.
325 2493 347 2509 ν’
360 2492 430 2519 Psal.
444 2500 490 2525 vn,
505 2491 546 2519 IO.
587 2492 595 2507 ¹
609 2491 679 2519 Psal.
694 2498 770 2522 xctll,
781 2490 824 2517 II.
862 2489 1074 2524 'Dau.xnl,42.
1112 2488 1212 2516 'Joan.
1226 2482 1320 2521 H.553
1356 2486 1454 2514 ‘Joan.
1466 2494 1485 2517 l,
1500 2485 1544 2517 58,
1560 2485 1604 2514 59.

9 2532 53 2559 id.
68 2530 122 2556 43.
166 2528 177 2543 ⁸
188 2527 285 2555 Matth.
300 2535 395 2560 xxvnl,
409 2527 450 2554 l8.

6 2601 51 2633 Π)
64 2598 167 2626 Codex
181 2597 355 2628 Bodleianua,
366 2597 412 2623 δύο
428 2597 482 2631 γὰρ
497 2596 616 2631 σημείων
629 2603 637 2610 ·
653 2594 761 2630 Regius,

6 2636 30 2662 ῖέ
50 2644 80 2660 τι
92 2633 204 2660 τοιοῦτο
222 2632 353 2668 σημείων.

6 2672 51 2702 ῖ8)
66 2670 167 2696 leex
181 2664 356 2699 Bodle'ianus,
371 2666 463 2693 δεκτδν
477 2667 523 2692 καὶ
537 2664 650 2701 ἀληθὲς·
665 2664 765 2696 Regius

8 2707 48 2732 sil
62 2704 127 2731 καί.

6 2752 52 2782 79)
71 2751 173 2781 Ὅπερ
188 2749 287 2776 αἴτιον
300 2748 418 2776 ἐγένετο
432 2747 491 2774 καί.
518 2747 596 2774 Deest
621 2746 646 2772 in
671 2745 766 2772 codice

823 2593 918 2627 Regio,
936 2593 982 2620 sed
999 2593 1097 2627 legitur
1112 2593 1139 2619 in
1161 2592 1317 2619 Bodleiano.

855 2626 910 2663 (80)
925 2627 1007 2655 Κανᾶ
1018 2626 1187 2662 ὠνομάσθη.
1209 2629 1227 2653 Α
1241 2632 1303 2670 rep,
1318 2636 1328 2652 ι
1346 2626 1473 2661 possedil.
1494 2635 1503 2651 I

856 2674 911 2708 (SI)
930 2674 1091 2701 Bodleianus
1107 2675 1190 2700 codex
1205 2674 1281 2705 αὑτό,
1299 2673 1399 2707 Regius
1421 2678 1448 2699 et
1478 2671 1607 2698 Balberi-

821 2717 881 2738 nus.
899 2708 992 2736 αὐτόν.

856 2743 911 2774 (δῖ)
930 2743 968 2776 Τῇ
988 2743 1021 2770 δὲ
1035 2743 1168 2776 δευτέρᾳ.
1186 2743 1213 2770 In
1229 2743 1313 2775 Regio
1331 2742 1424 2769 codice
1440 2742 1511 2769 deest
1530 2742 1570 2768 δέ,
1617 2774 1624 2778 _
