1847 3045
25 106 70 133 591

546 112 721 141 COMMENT.
745 113 777 141 IN
797 113 890 143 JOAN.
912 117 1030 146 TOMUS
1047 116 1132 147 XVIII.

1584 128 1635 155 522

22 164 59 197 ἐφ’
71 159 92 197 ᾦ
106 163 152 189 καὶ
168 164 402 202 καταπλαγεῖσαὴ
417 167 484 203 γυνή
503 177 568 204 φησι
580 178 586 184 ·
607 179 616 195 ι
629 170 739 206 Θεωρῶ,
759 171 772 198 ὅ

855 181 863 197 t
884 172 981 207 Agite,
1001 174 1090 202 videte
1121 176 1273 210 hominem,
1291 179 1336 214 qui
1366 179 1433 207 dixit
1454 181 1518 208 mihi
1544 186 1633 211 omnia

23 211 157 246 προφήτης
173 209 199 237 εἶ
214 211 245 237 σύ
255 220 262 226 ·
277 221 286 238 t
303 214 358 244 τοῖς
381 221 411 240 τε
427 214 547 247 πολίταις
570 215 643 250 λέγει
653 225 659 231 ·
681 226 690 242 ‹
705 217 797 249 Δεῦτε,

22 255 85 283 ῐδετε
107 256 248 291 ἄνθρωπον
272 257 302 289 ὃς
326 255 386 284 εἴπέ
405 268 450 294 μοι
473 260 561 288 πάντα
586 262 636 288 ὅσα
665 263 797 297 ἐποίησα·

23 302 83 336 μήτι
96 298 172 333 οὗτός
188 304 260 329 ἐστιν
274 304 288 329 6
305 304 437 339 Χριστός;
451 314 460 330 ι
479 307 689 343 Παρατηρητέον
709 308 738 335 δὲ
752 309 799 335 καὶ

19 348 76 378 τοὺς
97 347 193 382 λόγους
219 349 311 382 αὐτοῦ,
328 350 390 382 ποῦ,
415 351 462 377 καὶ
484 351 528 378 διὰ
550 353 590 384 τί,
614 354 659 380 καὶ
676 355 722 381 ἐπὶ
744 355 798 382 τίσι

21 394 216 429 πεπραγμένοις
236 394 374 429 λέγονται’
393 397 444 422 ὑπὸ
464 397 517 433 γὰρ
535 398 622 433 μόνων
644 400 698 426 τῶν
712 401 798 427 τοιού-

19 446 67 464 των
91 441 306 475 παρατηρήσεων
333 442 380 468 καὶ
405 441 554 474 ἐξετάσεων
584 445 633 476 τὰς
653 445 796 480 βασάνους,

20 483 136 519 εὑρήσεις
152 485 223 512 κατὰ
238 485 324 521 βραχὺ
343 487 407 518 τοὺς
421 488 544 523 καρποὺς
557 488 611 515 τῶν
629 490 727 523 πόνων,
748 491 797 527 τὴν

20 529 44 554 ὲν
64 528 186 564 Ψαλμοῖς
215 530 341 564 εὐλογίαν
379 531 528 566 λέγουσαν¹
556 542 565 559 ‹
581 534 650 566 Τοὺς
676 538 798 571 καρποὺς

20 572 66 598 τῶν
80 573 164 599 πόνων
186 582 232 600 σου
247 577 395 609 φάγεσαι.»
414 577 475 604 Ἔτι
496 578 563 613 πρὸς
582 579 622 610 τὸ,
643 589 652 605 ι
666 581 750 608 Τοῦτο
769 582 797 608 δὲ

21 618 90 645 πάλιν
113 619 238 656 δεύτερον
265 623 377 657 σημεῖον
403 622 530 659 ἐποίησεν
546 625 561 650 ὁ
583 625 696 660 Ἰησοῦς,
713 636 722 652 ι
749 628 796 654 καὶ

19 664 88 690 τοῦτο
110 664 230 699 λεκτέον,
254 667 294 693 ὅτι
310 668 428 703 οὐδαμοῦ
446 669 495 704 μὲν
508 669 653 707 ὠνομάσθη
676 672 744 707 μόνα
762 674 796 700 τὰ

18 710 109 745 τέρατα
123 711 194 746 (88)·
209 712 238 738 εἴ
252 721 303 739 που
318 713 371 748 γὰρ
386 713 503 748 λέγεται,
522 716 591 750 μετὰ
604 716 659 743 τῶν
676 717 795 752 σημείων

19 757 225 794 ἀναγέγραπται,
240 759 360 794 ὡσπερεὶ
380 760 436 795 τῷ·
457 770 466 787 ι
486 761 548 789 Ἐὰν
572 762 609 798 μὴ
633 765 732 799 σημεῖα
748 765 795 791 καὶ

19 803 107 837 τέρατα
133 803 222 839 ἴδητε,
243 805 274 831 οὐ
293 805 330 841 μὴ
346 806 522 842 πιστεύσητε·
536 816 545 833 t
565 809 699 844 πολλαχοῦ
713 810 741 836 δὲ
761 810 794 837 τὰ

20 849 107 882 σημεῖα
127 849 211 883 χωρὶς
226 849 280 876 τῶν
295 850 416 886 τεράτων
438 851 551 888 εὓρηται
567 853 632 888 (89),
649 854 678 881 ὃν
693 855 792 890 τρόπον

19 894 57 919 καὶ
68 893 120 920 νῦν.
137 894 193 921 Καὶ
209 894 339 931 ζητητέον
353 905 384 929 γε
398 898 422 923 εἰ
434 897 489 933 ἔχει
503 899 563 925 τινὰ
575 899 706 937 διαφορὰν
724 902 792 936 πρὸς

18 937 106 974 ἄλληλα
124 939 157 966 τὰ
172 940 275 976 τέρατα
291 942 338 967 καὶ
354 942 387 968 τὰ
404 945 518 978 σημεῖα·
534 941 613 980 οἶμαι
629 946 658 972 δὲ
671 946 721 979 τὰς
743 947 791 982 μὲν

19 984 171 1020 παραδόξους
198 986 245 1012 καὶ
259 987 417 1022 τεραστίους
443 987 570 1024 δυνάμεις
596 991 656 1017 κατ’
679 991 743 1018 αὐτὸ
761 991 791 1018 τὸ

19 1031 165 1065 παράδοξον,
181 1033 230 1059 καὶ
243 1033 392 1069 ἐκϐεϐηκὸς
407 1034 455 1069 τὴν
471 1035 623 1070 συνήθειαν,
641 1036 790 1072 θαυμάσιόν

18 1083 50 1104 τε,
63 1075 105 1101 καὶ
123 1076 191 1112 ὑπὲρ
207 1076 351 1112 ἄνθρωπον
368 1079 516 1114 γινόμενον,
539 1080 640 1116 τέρατα
660 1081 790 1117 ὀνομάζες

19 1119 82 1146 σϐαν
95 1121 127 1148 τὰ
138 1121 166 1147 δὲ
186 1122 323 1158 δηλωτικά
343 1132 422 1150 τινων
442 1124 543 1160 ἐτέρων
566 1125 641 1161 παρὰ
661 1126 695 1153 τὰ
718 1127 789 1161 γινό-

20 1174 85 1200 μενα,
101 1169 199 1203 σημεῖα
214 1167 350 1202 λέγεσθαι.
370 1170 469 1206 Διόπερ
488 1171 533 1197 καὶ
549 1172 596 1198 ἐπὶ
609 1172 662 1198 τῶν
680 1172 716 1208 μὴ
735 1182 788 1199 πα-

20 1211 118 1245 ραδόξων
136 1213 166 1239 τὺ
188 1213 275 1249 ὄνομα
294 1214 341 1240 τοῦ
371 1215 482 1250 σημείου
503 1217 680 1252 εὑρίσκομεν·
705 1219 788 1254 ἤγουν

18 1259 71 1291 περὶ
87 1258 114 1284 τὸ
131 1260 243 1294 σημεῖον
263 1259 317 1295 (90)
338 1259 446 1294 λέγεται
463 1261 516 1288 ὑπὸ
537 1263 583 1289 τοῦ
598 1263 664 1290 Θεοῦ
681 1264 709 1290 ὲν
726 1264 787 1291 τού-

18 1310 77 1333 τοις·
95 1304 350 1342 ιΠεριτμηθήσεται
366 1307 414 1342 τὴν
432 1307 522 1344 σάρκα
543 1308 620 1343 ὑμῶν
639 1310 692 1336 πᾶν
707 1310 787 1345 ἀρσε-

18 1349 87 1381 νικὸν,
106 1351 150 1377 καὶ
175 1352 412 1388 περιτμηθήσεσθε
440 1353 488 1389 τὴν
516 1354 604 1390 σάρκα
628 1355 677 1390 τῆς
705 1357 787 1392 ἀκρο-

18 1394 111 1427 συστὶας
129 1396 216 1432 ὑμῶν,
232 1398 279 1424 καὶ
305 1398 380 1425 ἔσται
402 1399 430 1426 ὲν
451 1399 556 1435 σημείῳ
572 1400 709 1436 Διαθήκης
735 1402 786 1429 ἀνὰ

19 1440 85 1474 μέσον
97 1442 159 1477 ὲμοῦ
174 1443 223 1469 καὶ
237 1443 323 1478 ὑμῶν.
337 1454 346 1469 t
364 1444 487 1480 Οὐδαμοῠ
504 1445 532 1471 δὲ
551 1445 618 1480 μόνα
634 1446 668 1473 τὰ
683 1446 785 1482 τέρατα

16 1485 155 1523 ὠνομάσθη·
174 1488 290 1525 ἐπείπερ
312 1490 361 1516 οὐκ
377 1489 435 1516 ἐστι
452 1499 477 1517 τι
501 1491 649 1526 παράδοξον
672 1493 784 1528 γενόμε-

16 1539 51 1556 νον
69 1532 93 1558 ὲν
110 1534 140 1568 τῇ
155 1533 262 1568 Γραφῇ,
275 1523 297 1560 *ὃ
319 1534 356 1569 μή
373 1536 430 1561 ἐστι
451 1523 561 1570 σημεῖον
584 1536 632 1563 καὶ
651 1523 782 1572 σιέμϐολον
797 1523 817 1551 C

15 1574 92 1610 ἑτέρου
115 1578 188 1613 παρὰ
210 1578 242 1604 τὸ
265 1578 400 1614 αἰσθητῶς
424 1580 621 1615 γεγενημένον·
646 1581 685 1612 ὡς
706 1582 784 1618 εἴπερ

15 1618 42 1655 ἦν
62 1623 193 1658 τεράστιόν
215 1633 242 1651 τι
268 1624 412 1660 γενόμενον
435 1625 465 1651 οὑ
491 1626 651 1661 συμϐολικὸν
679 1627 783 1663 ἑτέρου,

15 1666 148 1702 ἐγέγραπτο
165 1670 198 1696 ἂν
215 1670 296 1696 τοῦτο
311 1670 340 1697 τὸ
360 1671 443 1706 τέρας
465 1671 645 1707 πεποιηκέναι
666 1672 710 1700 τὸν
731 1674 784 1709 Ἰη-

15 1713 75 1746 σοῦν,
92 1715 117 1751 ἦ,
137 1717 202 1752 φέρε
225 1719 320 1751 εἰπεῖν,
341 1718 459 1750 Μωσέα,
480 1719 496 1754 ἧ
522 1727 583 1746 τινα
608 1719 662 1747 τῶν
687 1721 781 1755 ἁγίων.

16 1759 66 1786 Ὅτε
91 1762 135 1796 μὲν
159 1761 204 1790 οὖν
230 1763 410 1798 διδασκόμεθα.
435 1764 488 1791 ἀπὸ
511 1765 563 1800 τῆς
588 1765 700 1800 Γραφῆς
726 1766 781 1794 δεῖν

14 1805 88 1842 ζητεῖν
111 1809 156 1842 τὸ,
187 1806 220 1836 οὗ
249 1811 359 1846 σημεῖόν
384 1812 442 1837 ἐστι
463 1811 494 1837 τὸ
521 1813 712 1847 γεγενημένον,
737 1813 780 1840 λέ-

13 1859 75 1884 γεται
84 1862 90 1869 ’
102 1864 111 1880 ι
122 1856 204 1882 Τοῦτο
217 1856 246 1883 δὲ
263 1857 343 1883 πάλιν
357 1857 481 1892 δεύτερον
496 1859 605 1892 σημεῖον
618 1859 745 1894 ἐποίησεν
767 1860 781 1885 ὁ

19 1897 118 1933 Ἰησοῦς·
134 1910 143 1927 ι
160 1902 204 1928 ὅτε
220 1902 250 1928 δὲ
265 1903 279 1928 ὁ
295 1902 433 1937 βασιλικὸς
445 1902 604 1935 ὀνειδίζεται
624 1904 662 1936 ὡς
684 1904 734 1930 οὐκ
747 1905 781 1931 ἂν

13 1945 143 1973 πιςτεὺσων
157 1948 240 1984 χωρὶς
260 1948 308 1984 τῆς
332 1948 397 1980 θέας
418 1948 472 1976 τῶν
497 1950 664 1985 παραδόξων,
688 1950 780 1977 οὐκέτι

13 1991 116 2026 λέγεται·
143 2005 152 2022 ι
171 1996 234 2024 Ἐὰν
262 1997 299 2033 μὴ
325 1999 425 2033 σημεῖα
444 1998 528 2034 ἴδητε,
548 1999 578 2026 οὖ
605 1999 641 2035 μὴ
670 2001 780 2027 πιστεύ-

13 2045 79 2072 σητει
93 2049 102 2066 t
118 2041 146 2067 οὐ
160 2041 213 2078 γὰρ
228 2043 262 2069 τὰ
276 2045 377 2078 σημεῖα
393 2045 522 2080 γινόμενα
542 2045 717 2081 προκαλεῖται
732 2048 779 2074 ἐπὶ

12 2084 35 2129 ib
47 2087 181 2121 πιστεύειν,
228 2090 329 2124 σημεῖά
340 2090 421 2121 ἐστιν,
436 2091 483 2117 ἐὰν
497 2090 563 2126 τύχῃ
575 2091 604 2117 τὸ
616 2094 726 2127 σημεῖον
740 2093 777 2129 μὴ

12 2126 66 2157 εἶναι
81 2133 122 2159 καὶ
137 2133 226 2169 τέρας⁸
243 2134 319 2161 ἀλλά·
335 2144 344 2160 ι
363 2135 427 2162 Ἐὰν
441 2136 478 2171 μὴ
495 2137 594 2171 σημεῖα
611 2126 659 2163 καί
677 2126 777 2174 τέρατα

852 227 1020 254 quaecunque
1035 221 1084 248 feci
1101 223 1239 257 :nunquid
1256 224 1300 251 hic
1316 230 1356 252 cst
1368 227 1491 256 Christus
1506 229 1566 256 "?t
1581 230 1636 257 0':-

851 265 982 292 servanda
1005 271 1066 293 sttnt
1081 267 1162 294 etiam
1187 268 1267 295 verba
1279 269 1372 304 ipsius,
1390 272 1445 304 ubi,
1463 278 1489 300 et
1505 278 1635 308 quamob-

853 317 919 341 rcttt,
935 315 962 337 ct
986 317 1096 346 propter
1117 320 1177 346 qua:
1203 313 1271 341 facta
1302 315 1438 344 dicuntur.
1457 318 1512 346 Sub
1539 321 1632 348 talium

850 355 921 381 enim
945 355 1030 383 solum
1051 357 1269 386 Observationum
1285 365 1312 387 ct.
1335 362 1552 396 disquisitiouuttt
1569 375 1634 393 exa-

850 401 932 433 ntitte,
947 401 1020 428 brevi
1040 402 1161 430 laborum
1189 405 1291 432 fructus
1315 409 1449 442 reperies,
1471 410 1634 439 bcnedictith

849 454 910 474 nem
926 448 1051 476 nimirum
1063 449 1089 476 itt
1103 449 1217 477 Psalmis
1230 458 1403 481 memoratam
1418 455 1453 482 la:
1469 465 1478 481 ι
1496 456 1630 486 Lnbornnt

849 496 955 520 tuorum
977 493 1082 522 fructus
1099 497 1234 523 comedes.
1255 507 1265 523 ι
1289 497 1422 527 Prtclerca
1449 503 1511 531 huic
1535 505 1605 532 dicto
1622 526 1630 539 ,

850 545 859 562 ι
881 536 936 563 Iloc
961 543 1049 566 autem
1079 547 1173 567 rursus
1197 542 1343 569 secuttdum
1372 545 1478 580 signum
1505 548 1567 575 fecit
1583 536 1630 576 Je;

847 590 894 610 sus
910 583 957 616 “,t
975 584 1026 612 hoc
1043 585 1124 612 ctiam
1143 587 1295 615 addendum
1317 595 1378 623 est;
1396 591 1489 619 nullihi
1508 595 1628 629 prodigia

846 629 902 656 sola
917 631 1062 663 nominari,
1075 632 1120 659 sed
1144 633 1228 660 sicubi
1245 635 1408 670 scribantur,
1428 640 1526 666 ascribi
1548 642 1628 668 ctiam

846 673 933 706 signa,
951 675 1176 708 quemadmodum
1201 677 1227 704 itt
1247 678 1289 705 his
1311 681 1421 708 verbis:
1442 691 1452 708 ι
1470 682 1526 711 Nisi
1553 686 1628 721 signa

845 723 872 744 ct
886 719 1004 754 prodigia
1018 720 1150 754 videritis,
1166 730 1218 749 non
1241 725 1358 752 credetis
1377 726 1397 741 ¹⁷
1413 735 1420 759 ;
1441 736 1450 753 ι
1473 719 1629 765 frequenter

845 771 908 790 vero
924 765 999 799 signa
1025 766 1083 794 sine
1102 768 1231 803 prodigiis
1250 770 1376 804 inveniri,
1401 775 1626 807 qttetttadmodtutt

844 810 924 837 etiam
941 811 992 838 hoc
1007 811 1033 838 in
1048 812 1117 839 loco.
1130 812 1245 842 Proinde
1256 818 1430 850 quaerendum
1444 825 1497 852 est,
1510 821 1628 849 habeant

810 850 829 877 Β
844 863 929 882 necne
941 856 1120 885 differentiam
1136 859 1254 894 aliquam
1273 861 1343 888 inter
1362 869 1392 890 se
1409 850 1531 900 prodigia
1547 872 1574 894 et
1589 868 1628 894 si-

842 909 905 937 gna,
921 907 948 929 et
970 903 1089 931 arbitror
1111 912 1142 931 ca
1164 905 1234 933 facta
1250 913 1309 941 qua:
1330 914 1455 942 superant
1472 912 1626 945 opinioneut

842 954 956 981 quicque
969 948 1122 983 prodigiosa
1135 953 1210 982 sunt,
1225 958 1258 977 eo
1272 952 1342 986 quod
1369 953 1454 987 ipsam
1470 957 1625 989 opittiottcm

840 997 867 1020 et
889 994 1112 1021 consuetudinem
1139 997 1377 1031 transcenderint,
1403 1000 1512 1036 sintque
1539 1003 1626 1030 admi-

841 1039 924 1066 randa
939 1044 966 1067 et
980 1047 1060 1075 supra
1085 1040 1233 1075 hominem,
1255 1044 1376 1080 prodigia
1397 1047 1547 1080 nominari;
1566 1056 1625 1083 qua:

841 1093 905 1113 vero
917 1086 1018 1121 aliquid
1033 1087 1148 1114 innuant
1161 1094 1295 1122 praeterea
1308 1098 1366 1124 qua:
1380 1091 1457 1124 linut,
1471 1093 1546 1127 signa
1560 1095 1622 1122 dici.

841 1131 926 1164 Quam
946 1132 1028 1158 etiam
1051 1132 1085 1159 ob
1099 1140 1207 1160 causam
1230 1142 1327 1162 nomett
1346 1136 1414 1170 signi
1439 1138 1574 1166 invenitur
1596 1140 1622 1167 itt

841 1176 883 1203 his
894 1184 954 1212 quae
971 1185 1023 1206 non
1036 1183 1096 1205 suttt
1111 1185 1209 1214 praeter
1226 1181 1391 1215 opinionem,
1410 1183 1489 1211 veluti
1516 1185 1622 1220 signum

839 1224 999 1251 nominatur
1015 1231 1030 1251 a
1058 1225 1112 1252 Deo
1132 1226 1158 1253 in
1184 1226 1226 1253 his
1246 1234 1252 1253 :
1275 1236 1284 1252 ι
1309 1228 1524 1258 Circumcidelur
1547 1233 1623 1259 voltis

838 1275 918 1296 Omtte
934 1269 1122 1303 masculinum,
1139 1275 1166 1298 et
1179 1271 1379 1300 circumcidetis
1393 1282 1502 1302 carnem
1515 1284 1621 1311 pra‘pn-

839 1313 866 1340 ιῙὶ
879 1314 972 1346 vestri,
985 1319 1012 1340 et
1028 1315 1079 1342 erit
1098 1315 1124 1343 in
1144 1316 1250 1351 signum
1267 1317 1430 1346 Testamenti
1447 1320 1517 1348 inter
1531 1330 1573 1349 me
1595 1329 1622 1350 et

838 1366 884 1386 vos
895 1359 943 1386 ⁵⁸.)
962 1359 1062 1388 Nullibi
1073 1365 1165 1388 autem
1180 1362 1237 1389 sola
1254 1365 1375 1399 prodigia
1395 1367 1533 1393 nominata
1547 1375 1619 1400 sunt,

836 1405 964 1437 quoniam
992 1413 1045 1432 non
1066 1410 1107 1432 est
1127 1405 1226 1440 aliquid
1255 1408 1408 1441 paradoxon
1428 1409 1453 1435 itt
1481 1410 1620 1445 Scriptura

836 1450 909 1484 quod
925 1458 978 1478 non
997 1451 1032 1479 sit
1046 1451 1152 1486 signum
1166 1456 1194 1479 et
1208 1458 1270 1479 nota
1289 1453 1401 1481 alterius
1420 1455 1469 1486 rei,
1484 1461 1582 1489 prmlcr
1595 1456 1620 1483 id

837 1496 908 1531 quod
922 1497 1086 1524 settsibiliter
1101 1498 1151 1525 fit:
1168 1499 1295 1532 quoniam
1312 1499 1334 1526 si
1353 1499 1448 1526 fuisset
1473 1500 1620 1535 prodigiosi

835 1541 934 1576 aliquid
959 1542 1060 1570 factum
1090 1543 1204 1570 alterius
1229 1545 1268 1571 rei
1293 1552 1345 1572 non
1372 1544 1471 1576 index,
1490 1546 1620 1579 scriptum

836 1585 931 1614 fuisset
947 1588 999 1615 hoc
1013 1588 1162 1624 prodigium
1177 1589 1274 1616 fecisse
1294 1588 1397 1623 Jesum,
1416 1589 1456 1617 vel
1473 1590 1576 1623 Mosen.
1592 1596 1621 1618 ut

835 1632 870 1659 ita
891 1633 989 1665 dicam,
1019 1634 1060 1661 vel
1084 1635 1200 1669 aliquem
1219 1639 1387 1662 sanctorum.
1411 1635 1525 1669 Quando
1538 1637 1621 1672 280

835 1678 915 1713 igitur
932 1679 1078 1707 edocemur
1091 1687 1105 1706 a
1128 1680 1269 1715 Scriptura
1291 1686 1416 1715 oportere
1439 1689 1561 1715 quaerere
1574 1691 1621 1709 cu-

830 1723 875 1758 jus
892 1725 997 1760 signum
1008 1726 1043 1753 sit
1056 1727 1081 1753 id
1105 1726 1175 1760 quod
1202 1726 1304 1753 factum
1320 1732 1372 1759 est,
1396 1727 1495 1754 dicitur
1513 1735 1521 1754 :
1543 1737 1551 1753 ι
1565 1728 1620 1756 lloc

833 1775 921 1797 autent
949 1779 1044 1799 rursus
1070 1772 1220 1798 secundum
1245 1772 1349 1806 signum
1372 1772 1436 1799 fecit
1449 1772 1528 1801 Jcsus
1543 1775 1587 1807 ";
1607 1784 1626 1801 ι.

832 1817 939 1850 quando
952 1822 1041 1844 autent
1058 1817 1151 1851 regulo
1166 1824 1215 1843 ceu
1227 1816 1327 1851 probro
1341 1817 1422 1844 datur
1437 1818 1507 1852 quod
1532 1819 1620 1844 crcdi~

832 1867 909 1890 turus
921 1870 973 1889 nou
990 1862 1025 1890 sit
1039 1862 1142 1897 absque
1162 1863 1266 1890 visione
1282 1863 1478 1897 prodigiorum,
1493 1871 1544 1890 non
1558 1871 1618 1890 ant-

831 1909 902 1944 plius
913 1908 1013 1935 dicitttr
1031 1916 1038 1935 :
1054 1917 1063 1934 ι
1077 1907 1132 1935 Nisi
1145 1908 1220 1942 signa
1238 1908 1372 1942 videritis,
1389 1916 1441 1935 non
1458 1909 1592 1942 credetis;
1606 1918 1616 1935 ›

831 1961 883 1980 non
911 1953 983 1980 ettittt
1005 1952 1082 1987 signa
1099 1952 1169 1979 facta
1195 1952 1309 1978 invitant
1334 1953 1365 1979 ad
1381 1952 1573 1983 credendum,
1591 1953 1617 1978 itt

830 2003 959 2033 quantum
973 1999 1050 2033 signa
1063 2003 1136 2029 sunt,
1156 1998 1178 2025 si
1193 1999 1372 2032 contingatut
1386 1998 1492 2032 signum
1512 2005 1566 2024 non
1583 1998 1618 2025 sit

829 2046 909 2073 etiam
922 2045 1091 2080 prodigium;
1105 2045 1152 2073 sed
1165 2046 1266 2072 dicitttr
1281 2053 1288 2072 :
1303 2054 1312 2071 ‹
1330 2044 1385 2071 Nisi
1399 2044 1472 2079 signa
1486 2048 1513 2071 et
1527 2045 1617 2079 prodi-

828 2094 875 2128 gia
891 2093 1025 2125 videritis,
1044 2100 1096 2119 non
1112 2092 1230 2119 credetis
1241 2092 1264 2107 ¹⁰
1281 2099 1288 2124 ;
1312 2100 1321 2116 ι
1340 2091 1418 2118 vobis
1439 2091 1546 2125 quidem
1561 2099 1616 2118 cre-

828 2139 955 2166 dentibus
969 2143 1079 2173 propter
1091 2139 1253 2173 pt-odigium,
1262 2137 1340 2165 nobis
1353 2141 1441 2164 autem
1455 2141 1553 2172 pravter
1565 2138 1616 2164 hoc

13 2174 79 2211 ἴδητε,
96 2179 124 2205 οὐ
140 2180 176 2215 μὴ
202 2180 384 2216 πιστεύσητε,
399 2191 408 2206 t
435 2181 512 2216 ὑμῶν
530 2183 579 2217 μὲν
594 2184 772 2212 πιστευόντωι

858 2186 910 2212 iam
931 2186 1059 2212 honorem
1075 2185 1110 2211 illi
1127 2183 1311 2211 deferentibus
1327 2187 1438 2217 propter
1459 2182 1523 2209 illttd
1538 2183 1615 2217 cujus

12 2220 45 2246 διὰ
60 2224 86 2249 τὸ
99 2225 255 2260 παράδοξον,
271 2226 349 2261 ἡμῶν
368 2226 396 2252 δὲ
418 2227 485 2262 πρὸς
504 2227 592 2262 τούτῳ
608 2229 654 2255 καὶ
669 2229 713 2256 διὰ
733 2230 773 2262 τὸ,

12 2263 34 2292 οὗ
46 2269 94 2295 ἐστι
109 2272 227 2306 σημεῖον,
241 2271 434 2298 ἐπιτελούντων
449 2272 532 2308 αὐτῷ.
551 2274 683 2309 Ζητήσεις
696 2275 725 2301 δὲ
745 2275 775 2302 τὺ

12 2311 33 2338 ὲν
44 2313 219 2352 ἑϐδομηκοπῷ
244 2317 350 2352 ἑϐδόμῳ
370 2317 480 2353 ψαλμῷ,
504 2328 513 2343 ι
533 2319 576 2350 Ὧς
591 2319 666 2346 ἔθετο
685 2320 713 2346 ὲν
727 2321 775 2346 Αἰ-

12 2357 88 2394 γύπτῳ
106 2360 138 2387 τὰ
156 2363 255 2397 σημεῖα
277 2363 371 2396 αὐτοῦ,
397 2364 443 2390 καὶ
461 2363 495 2389 τὰ
517 2363 618 2400 τέρατα
636 2365 718 2392 αὐτοῦ
743 2366 772 2392 ἐν

12 2403 79 2438 πεδίῳ
98 2406 216 2440 Τάνεως,
231 2418 239 2434 ι
264 2409 378 2444 πότερον
404 2409 444 2444 τῷ
466 2410 635 2448 ὑποκειμένῳ
650 2412 772 2448 διαφέρει

12 2448 35 2494 τὰ
52 2453 139 2484 σημεῖα
162 2454 209 2480 καὶ
231 2454 344 2489 τέρατα,
367 2454 383 2489 ῆ
402 2455 436 2482 τὰ
453 2455 533 2484 αὐτὰ.
594 2457 645 2494 μὲν
670 2458 771 2492 σημεϊὰ

12 2491 65 2526 ἔστι,
80 2496 181 2531 γέγονεν
195 2499 224 2525 ἐν
245 2500 385 2535 Αἰγύπτῳ,
402 2501 450 2527 καὶ
465 2501 549 2536 αὐτῆς
560 2491 613 2535 τῆς
631 2491 768 2536 Λίγύνιττου

38 2562 55 2578 ¹⁸
66 2563 135 2602 {nam
150 2574 185 2600 tv,
199 2569 248 2602 19,
267 2569 312 2598 29.

12 2594 44 2623 st.
75 2600 95 2616 ὀ
106 2602 166 2630 ibid.
180 2594 225 2631 λὲξ

24 2676 220 2719 17<88)οὺδαμοῦ
234 2682 293 2719 iu}:
315 2683 472 2719 ὠνομάσθη
492 2683 571 2717 μένα
593 2683 629 2719 τὰ
651 2684 766 2717 τέρατα.

12 2706 96 2738 Novum
119 2706 476 2745 dutiiéRaT‘Tesﬁtit’éTtitini
492 2706 553 2745 'hac
577 2706 768 2745 observatione

12 2748 254 2788 Eoutprcltetttlit,_itt
276 2760 330 2786 quo
358 2753 459 2788 τέρατα
485 2757 513 2780 et
535 2754 638 2788 σημεῖα
662 2761 769 2786 semper

13 2783 131 2818 Wntqltncta
140 2786 263 2818 reperies.
274 2783 359 2814 Secns
371 2783 398 2814 iti
410 2788 508 2815 Veteri.
521 2783 587 2814 Vide
599 2787 670 2814 enim
683 2783 767 2814 Erod.

12 2815 96 2848 "tu;
119 2815 220 2852 xvfﬂ,
234 2827 260 2848 et
276 2823 378 2856 psalm.
401 2830 466 2856 κιν,
486 2822 523 2854 8;
549 2821 610 2850 lsai.
631 2830 704 2855 xxiv,
720 2823 767 2856 l6;

125 2865 235 2898 PABOL.
250 2869 310 2900 Gn.
328 2870 414 2901 XIV.

828 2231 892 2257 illud
899 2234 941 2257 est
948 2230 1065 2265 signum.
1075 2229 1185 2263 Quatres
1192 2233 1280 2256 autem
1291 2229 1316 2255 in
1325 2228 1523 2262 septuagesimo
1532 2228 1615 2262 septi-

828 2284 871 2304 mo
881 2276 993 2311 psalmo,
1008 2285 1016 2302 ι
1031 2275 1106 2303 Sicut
1120 2275 1253 2310 disposuit
1264 2274 1289 2301 itt
1302 2273 1502 2309 Egyptosigua
1516 2281 1576 2307 sua,
1588 2279 1614 2301 et

827 2319 948 2354 prodigia
963 2326 1010 2346 sua
1023 2319 1049 2346 in
1061 2326 1156 2353 campo
1169 2318 1302 2349 Tatteos,»
1314 2323 1404 2345 utrum
1420 2319 1540 2353 subjecto
1552 2327 1613 2346 ttec-
1641 2333 1644 2336 ~

827 2373 861 2392 ne
880 2364 1004 2392 differant
1021 2365 1097 2399 signa
1114 2369 1140 2391 et
1157 2363 1297 2399 prodigia;
1311 2371 1344 2389 an
1360 2363 1464 2394 eadem,
1480 2363 1506 2390 itt
1527 2372 1612 2399 quatt-

828 2416 882 2437 tttm
907 2411 982 2446 signa
1005 2415 1087 2443 sunt,
1107 2409 1177 2437 facta
1207 2409 1262 2436 sittt
1278 2409 1303 2436 in
1323 2409 1454 2444 Egyplo,
1474 2417 1536 2437 cum
1555 2412 1611 2445 ipsa

824 2457 904 2483 etiam
931 2455 1062 2491 Egyptus
1084 2455 1118 2482 ad
1144 2454 1322 2488 intelligibilia
1352 2454 1473 2488 quaedam
1498 2455 1610 2482 reduca-

825 2508 887 2535 tur;
907 2502 934 2529 in
960 2506 1090 2536 quantum
1120 2505 1209 2528 autent
1243 2499 1374 2534 prodigia.
1406 2499 1476 2527 facta
1502 2501 1556 2528 sint.
1583 2501 1609 2528 itt

357 2571 378 2587 ¹⁵
391 2570 463 2599 Psal.
479 2579 580 2605 cxxvn,
595 2572 623 2599 2.
662 2573 684 2590 ¹θ
696 2573 772 2601 Joatt.

855 2574 889 2601 is.
927 2572 1086 2608 "ibid._48.
1125 2571 1258 2598 "Gcncs.
1285 2569 1399 2604 xvtt,l0.
1439 2569 1552 2598 “'Joan.
1571 2578 1607 2603 tv,

820 2683 958 2714 xxvnt,99
968 2691 976 2713 ;
987 2682 1119 2709 Ezechiel.
1136 2689 1185 2711 xn.
1199 2681 1242 2712 Η,
1255 2687 1279 2709 et
1289 2682 1355 2710 Joel.
1368 2691 1396 2713 tt.
1414 2683 1459 2711 50.
1473 2683 1605 2712 llcrrtos.

855 2719 911 2754 (89)
925 2719 1063 2751 Εὕρηται.
1078 2717 1114 2744 Ita
1131 2719 1214 2746 codex
1229 2717 1404 2751 Bodleianus;
1419 2718 1530 2753 Rt‘gius,
1545 2727 1605 2753 per-

820 2753 922 2787 peram,
939 2753 1021 2787 ἴδητε.

856 2788 911 2823 (90)
929 2787 1043 2820 Ἠγουν
1058 2788 1122 2820 περὶ
1151 2787 1183 2823 τὸ
1209 2787 1344 2821 σημεῖον.
1372 2787 1484 2815 Videtur
1507 2789 1604 2822 legisse

821 2822 963 2849 Ferrarius
981 2823 1062 2858 ἣγουν
1084 2831 1135 2857 περ
1158 2822 1188 2848 τὸ
1205 2824 1326 2857 σημεῖον.

1429 2873 1466 2900 17
