1847 3045
20 105 68 133 52ἴί

539 103 715 131 COMMENT.
738 103 769 130 lN
787 101 881 130 JOAN.
903 101 1021 131 TOMUS
1041 101 1111 129 XIX.

1583 104 1635 131 5'16

20 163 128 198 Χριστὸς
140 162 203 189 ὅταν
218 160 341 198 ἔρχηται,
354 161 440 192 οὐδεὶς
455 161 582 195 γινώσκει
598 161 679 188 πόθεν
697 160 755 188 ὲστί
766 170 772 176 ’
786 169 793 185 I

880 180 883 187 .
898 161 936 194 ¹³;
951 170 960 186 ι
980 161 1031 188 hoc
1042 168 1118 192 vero,
1134 168 1143 185 ι
1167 165 1253 193 neque
1269 167 1311 188 me
1331 160 1418 194 scitis,
1439 170 1448 187 ι
1466 164 1493 188 et
1509 162 1580 194 quod
1594 169 1638 188 se-

19 210 47 236 οὺ
60 209 101 241 δὲ,
117 209 157 235 ὅτι
178 218 187 233 ι
202 207 271 234 Οὔτε
289 207 340 243 ἐμὲ
362 207 464 239 οἴδατε,
477 217 486 232 ι
509 207 557 234 καὶ
580 207 610 233 τὺ
629 207 707 242 ἑξῆς,
731 207 793 242 πρὸς

880 206 952 238 titur,
969 207 1001 233 ad
1015 206 1168 233 Pltariszcos
1181 205 1292 238 dicitur,
1301 206 1346 240 qui
1362 207 1489 233 dixerunt
1503 206 1539 233 illi
1556 215 1584 233 ιι
1598 206 1636 233 Tu

20 256 77 286 τοὺς
101 254 226 286 εἰπόντας
254 252 328 288 αὐτῷ
356 252 534 288 Φαρισαίουςι
560 261 570 278 ι
585 253 620 279 Σὺ
651 254 800 288 μαρτυρεῖς

20 300 80 334 περὶ
101 298 226 331 σεαυτοῦ,
239 299 256 334 ἡ
273 297 412 333 μαρτυρία
430 306 476 323 σου
496 297 546 324 οὐκ
567 297 640 324 ἔστιν
661 298 773 333 ἀληθής.
788 307 797 323 ι

20 345 88 380 Πλὴν
109 345 156 371 καὶ
177 344 234 375 τοῖς
255 343 483 379 Ἱεροσολυμίταις
505 342 549 369 διὰ
571 343 625 370 τῶν
650 343 799 379 προτέρων,

19 390 62 418 καὶ
73 391 128 422 τοῖς
139 389 296 425 Φαρισαίοις
307 388 352 415 διὰ
364 389 418 415 τῶν
432 388 479 416 νῦν
491 388 691 424 ἐξεταζομένων
708 390 799 425 φησὶν,

19 438 66 468 ὄτι,
85 447 96 463 ι
107 437 158 463 Τὸν
179 436 290 472 Πατέρα
306 435 357 462 οὐκ
370 436 473 462 οἴδατε·
487 445 497 461 t
515 437 571 468 τοῖς
587 436 635 470 μὲν
657 436 800 472 Ἰεροσολυ-

20 482 107 517 μεταις
132 481 176 508 διὰ
194 480 311 508 τούτων·
336 490 345 507 ι
365 481 423 507 Ἀπ’
448 480 566 516 ἐμαυτοῦ
594 481 643 507 οὐκ
668 481 800 516 ἐλήλυθα,

19 527 71 554 ἀλλ’
84 526 157 553 ἐστιν
176 525 302 561 ἀληθινὸς
317 527 330 552 ὁ
346 524 457 560 πέμψας
480 534 528 560 με,
543 525 572 552 ὃν
589 525 667 561 ὑμεῖς
688 527 738 552 οὐκ
761 525 801 552 οἵ-

19 571 93 599 ξατε·
107 571 161 606 ἐγὼ
177 569 234 598 οἶδα
247 571 339 603 αὑτὸν,
357 571 398 598 ὅτι
411 571 475 606 παρ’
490 571 571 598 αὐτοῦ
591 573 659 607 εἰμι,
677 572 802 604 κάκεῖνός

19 627 48 652 με
66 617 210 645 ἀπέστειλε
220 626 227 632 ·
240 627 250 643 ι
269 619 325 649 τοῖς
347 617 375 644 δὲ
390 617 547 652 Φαρισαίοις
560 617 605 644 διὰ
626 618 673 644 τοῦ
684 626 690 632 ·
710 628 718 644 ι
733 617 802 645 Οὔτε

21 663 65 698 ἐμὲ
82 663 186 694 οτδατε,
204 662 266 689 οὔτε
289 663 334 689 τὸν
357 663 467 698 Πατέρα
489 671 557 698 μου·
574 663 599 689 εἰ
621 663 671 699 ἐμὲ
695 663 801 699 ᾔδειτε,

20 708 62 734 καὶ
80 707 126 734 τὸν
151 708 261 744 Πατέρα
285 717 336 744 μου
359 707 392 735 ἂν
417 708 515 744 ᾔδειτε.
529 718 538 734 ι
558 709 612 735 Καὶ
633 709 750 745 ζητήσαι
770 710 803 737 ἄν

20 762 56 785 τις
68 753 184 788 εὐλόγως
197 754 282 785 ὅπως,
302 754 380 790 εἰπερ
392 754 490 789 ἀληθὲς
502 754 547 785 τὸ,
562 763 572 780 t
587 755 618 781 Εἰ
640 755 690 789 ἐμὲ
703 755 802 790 ᾔδειτε,

849 251 1009 279 testiﬁcaris
1021 253 1054 279 de
1070 257 1095 280 te
1115 254 1190 288 ipso,
1208 252 1391 279 testimonium
1416 256 1492 279 tuttut
1519 260 1572 278 non
1595 257 1638 279 est

853 305 944 325 verum
959 299 992 325 “.
1013 308 1023 324 1
1046 299 1237 327 Verumtamen
1259 298 1458 334 Jcrosolyutitis
1479 298 1560 325 etiam
1591 306 1637 333 per

851 345 1001 378 superiora.
1015 350 1042 372 et
1057 345 1202 373 Pharisazis
1229 352 1278 379 per
1301 345 1457 379 praesentia,
1482 352 1542 379 quas
1566 353 1637 372 nunc

851 390 1048 423 examinamus,
1067 391 1153 425 inquit
1168 391 1239 426 quod
1260 391 1368 418 Patrem
1392 398 1445 417 non
1462 391 1551 417 norint
1567 399 1574 424 ;
1591 389 1636 417 Je-

853 436 1017 471 rosolymitis
1033 437 1141 471 quidem
1156 445 1203 470 per
1215 437 1258 464 illa
1274 445 1280 463 ε
1294 446 1302 463 t
1322 437 1342 464 A
1358 432 1400 463 ιιιὸ
1417 437 1474 471 ipso
1494 443 1548 463 non
1563 436 1637 468 veni,

852 481 899 509 sed
914 487 955 509 est
966 489 1060 514 verax,
1075 482 1123 517 qui
1138 489 1180 509 me
1197 482 1278 514 misit,
1291 489 1370 517 quem
1385 490 1433 509 vos
1448 489 1501 508 non
1527 482 1615 509 nostis
1629 491 1637 510 :

852 534 902 559 ιικο
912 527 974 553 novi
990 534 1061 559 eum,
1069 527 1132 562 quia
1143 528 1177 554 ab
1191 527 1251 562 ipso
1264 534 1335 559 sttm,
1350 532 1375 555 et
1390 526 1434 553 ille
1449 534 1493 554 me
1510 524 1634 559 misit";r

853 572 997 600 Pharisteis
1014 580 1078 601 vero
1094 580 1143 607 per
1161 573 1218 600 haec
1233 581 1239 598 :
1258 582 1267 598 ι
1285 572 1375 607 Neque
1388 580 1431 599 me
1450 572 1536 604 scitis,
1551 580 1639 607 neque

851 617 959 646 Patrem
986 626 1092 652 meum;
1109 619 1131 646 si
1157 626 1200 646 me
1215 619 1344 650 sciretis,
1368 623 1395 645 et
1412 618 1519 645 Putrem
1546 626 1637 645 meum

853 664 970 693 sciretis.
990 673 999 690 ι
1016 664 1055 692 Ac
1070 668 1145 691 certe
1167 664 1264 692 merito
1279 664 1340 699 quis
1353 668 1488 698 quareret
1503 665 1638 698 quomodo

853 710 1059 745 Jerosolymitae,
1076 710 1110 737 ad
1124 718 1193 745 quos
1206 710 1301 745 inquit,
1320 718 1330 735 t
1346 714 1374 737 et
1395 717 1438 738 me
1453 710 1538 743 scitis,
1557 720 1567 736 ι
1585 718 1638 737 non

854 757 946 784 norint
964 755 1083 788 Patrem,
1097 757 1119 783 si
1134 763 1227 783 verum
1240 760 1282 783 est
1297 755 1379 782 illud:
1398 765 1406 781 ι
1422 755 1450 782 Si
1466 762 1508 782 me
1521 755 1639 787 sciretis,

19 799 62 825 καὶ
85 799 136 826 τὸν
157 799 268 835 Πατέρα
285 808 334 835 μου
357 801 390 827 ἂν
413 797 511 835 ᾔδειτε,
524 809 534 826 t
549 800 574 827 οι
595 801 792 837 ἰεροσολυμίτα

880 803 1001 831 .Patretu
1018 811 1106 830 meum
1124 803 1240 830 sciretis.
1258 811 1268 828 ι
1283 802 1404 836 Adauget
1416 807 1505 829 autem
1522 801 1574 829 loci
1588 800 1640 828 dif-

20 844 82 879 πρὸς
93 844 142 876 οὓς
163 853 244 880 φησι·
267 854 276 871 ι
291 845 369 880 Κάμὲ
381 845 484 877 οἴδατε,
494 856 503 871 ι
519 846 569 873 οὐκ
583 846 670 873 οἴδασι
688 847 733 873 τὸν
749 848 804 874 Πα-

17 889 89 924 τέρα.
109 890 315 925 Προσεπιτείνει
337 891 365 917 δὲ
387 891 437 926 τὴν
465 892 504 923 εἰς
521 891 567 918 τὸν
584 891 666 918 τόπον
687 892 804 927 ἀπορίαν

18 935 80 961 καὶὸ
93 936 220 972 Ἰωάννης
227 937 257 963 ὲν
268 938 300 973 τῇ
311 937 450 973 Καθολικῇ
464 938 604 973 Ἐπιστολῇ
612 938 698 965 ταῦτα
707 938 801 973 λέγων’

21 989 28 1005 ι
39 981 65 1007 ’0
81 981 247 1017 ἀρνούμενος
256 983 301 1009 τὸν
311 983 429 1018 Πατέρα,
444 983 492 1010 καὶ
507 983 552 1010 τὸν
564 983 642 1011 Υἱόν·
660 985 714 1016 πᾶς
725 985 780 1020 γὰρ
789 986 803 1011 ὁ

18 1028 179 1064 ἀρνούμενος
189 1028 236 1055 τὸν
251 1029 327 1061 Υἰὸν,
343 1028 403 1055 οὐδὲ
415 1028 460 1057 τὸν
474 1029 584 1065 Πατέρα
600 1029 656 1066 ἔχει
665 1038 672 1045 ο
684 1040 693 1056 ι
707 1032 731 1057 εἰ
749 1031 803 1066 γὰρ

17 1075 30 1100 ὸ
42 1076 207 1111 ἀρνούμενος
222 1074 269 1102 τὸν
292 1075 413 1111 Πατέρα,
425 1075 469 1102 καὶ
476 1076 520 1102 τὸν
531 1076 605 1107 Υιὺν,
640 1077 703 1104 καὶ(
718 1078 802 1112 όόμο-

18 1118 99 1151 λογῶν
114 1119 162 1146 τὸν
179 1119 254 1152 Υιὺν,
277 1120 325 1146 καὶ
342 1120 389 1146 τὸν
410 1120 520 1155 Πατέρα
541 1120 608 1155 ἔχει,
627 1131 636 1147 t
652 1121 742 1156 δῆλον,
760 1122 802 1148 ὅτι

17 1165 40 1190 οἱ
57 1164 278 1201 Ἱεροσολυμῖται,
297 1166 358 1193 ὅσον
377 1166 424 1193 ἐπὶ
444 1168 478 1202 τῇ
500 1166 581 1199 λέξει,
604 1167 644 1202 τῷ
666 1167 704 1203 μὴ
719 1167 802 1202 γινὼ⁴

19 1217 89 1237 σκειν
110 1210 157 1237 τὸν
187 1210 313 1246 Πατέρα,
339 1211 499 1246 ἀρνούμενοι
533 1212 579 1238 τὸν
602 1211 730 1247 Πατέρα,
754 1213 803 1248 ἀρ-

18 1256 122 1284 νοῦνται
137 1257 185 1283 καὶ
198 1257 244 1283 τὸν
258 1257 322 1283 Υὶόν
331 1265 337 1272 ·
355 1258 380 1283 εί
394 1257 423 1284 δὲ
437 1257 582 1293 ἀρνοῦνται
596 1258 641 1285 τὸν
657 1258 730 1290 Υιὺν,
744 1258 802 1291 πῶς

18 1302 63 1334 τὸ,
81 1312 90 1328 ι
103 1303 186 1339 Κάμὲ
202 1303 302 1335 οἴδατε,
317 1312 326 1328 ι
349 1303 466 1338 ἀληθές;
484 1304 568 1331 Πάλιν
590 1305 614 1331 oi
633 1305 710 1332 αὐτοὶ
725 1306 750 1332 el
764 1307 803 1333 οι-

17 1348 72 1375 δασι
93 1350 141 1376 τὸν
164 1349 238 1381 Υἱὸν,
260 1349 305 1376 διὰ
324 1349 372 1381 τὸ,
397 1359 406 1376 t
422 1351 478 1377 Kal.
502 1351 553 1385 ἐμὲ
576 1350 664 1378 οἴδατε
688 1351 765 1386 (ἐπεὶ
788 1352 803 1378 ό

16 1394 152 1428 ὁμολογῶν
171 1395 217 1421 τὸν
235 1394 309 1426 Υἱδν,
323 1395 370 1422 καὶ
392 1395 437 1422 τὸν
462 1395 571 1432 Πατέρα
586 1396 664 1432 ἔχει),
679 1406 688 1425 ι
705 1396 801 1432 ὁμολο-

17 1439 88 1474 γοῦσι
114 1440 162 1466 τὸν
185 1440 308 1476 Πατέραο
326 1441 350 1467 ει
371 1441 399 1467 δὲ
423 1438 582 1476 ὁμολογοῦσι
605 1442 650 1469 τὸν
674 1442 801 1478 Πατέρα,

856 849 1003 876 ﬁcultatem
1028 847 1147 876 Joannes
1166 848 1192 875 in
1224 846 1342 882 Epistula
1358 846 1496 874 Catholica
1521 847 1578 873 haec
1596 846 1639 873 di-

854 901 941 922 cens:
960 903 969 921 t
990 894 1041 927 Qui
1070 898 1151 928 negat
1176 893 1294 924 Patrem,
1314 897 1395 927 negat
1411 892 1492 918 etiam
1515 891 1613 918 Filium
1631 901 1637 919 :

853 942 941 967 omnls
953 940 1024 967 enim
1040 939 1085 974 qui
1101 944 1180 974 negat
1193 938 1289 966 Filium
1300 957 1307 969 ,
1323 937 1346 964 is
1361 945 1394 964 ue
1409 937 1516 964 Patrem
1531 937 1638 971 quidem

854 984 935 1011 habet
947 984 986 1017 ¹⁶;
1006 993 1016 1010 ι
1040 985 1112 1019 quod
1138 985 1160 1011 si
1185 983 1248 1018 quis
1276 987 1356 1017 negat
1376 981 1503 1014 Patrem,
1521 982 1542 1008 is
1559 986 1640 1016 negat

853 1031 936 1058 etiam
947 1029 1063 1062 Filium;
1079 1034 1106 1057 et
1124 1038 1134 1055 ι
1150 1029 1195 1063 qui
1211 1029 1307 1056 Filium
1325 1028 1435 1060 fatetur,
1452 1028 1475 1055 is
1487 1028 1567 1054 etiam
1589 1027 1640 1054 Pa-

854 1080 922 1102 trem
948 1075 1029 1103 habet
1044 1076 1088 1108 ³⁷,
1110 1084 1120 1101 ι
1146 1074 1319 1109 perspicuum
1346 1077 1387 1100 est
1415 1071 1638 1108 Jerosolymitas,

853 1121 924 1155 quod
941 1121 974 1148 ad
990 1126 1148 1149 contextum
1170 1120 1284 1150 attinet,
1301 1122 1431 1153 negantes
1453 1118 1561 1145 Patrem
1574 1138 1582 1151 ,
1607 1126 1640 1146 eo

853 1167 923 1202 quod
941 1167 1049 1194 Patrem
1065 1174 1117 1195 non
1134 1170 1292 1200 agnoscant.
1311 1172 1410 1200 negare
1423 1165 1506 1194 etiam
1518 1164 1615 1192 Filium
1630 1174 1637 1192 :

853 1214 965 1249 proinde
984 1214 1008 1241 si
1037 1213 1134 1241 Filium
1158 1216 1266 1248 negant,
1282 1211 1363 1246 282
1387 1211 1522 1245 quomodo
1544 1218 1637 1238 verum

852 1264 905 1292 est,
923 1269 933 1287 ι
951 1261 984 1288 Et
1011 1267 1054 1287 me
1069 1258 1166 1287 scitis!
1184 1268 1194 1285 ι
1210 1258 1312 1286 Rursus
1334 1258 1356 1285 si
1375 1257 1401 1284 hi
1427 1256 1522 1283 Filium
1540 1263 1639 1284 norunt

853 1312 963 1343 propter
987 1306 1063 1340 illud,
1084 1314 1095 1331 ι
1114 1305 1147 1332 Et
1164 1312 1207 1332 me
1224 1304 1300 1332 scitis
1317 1303 1454 1339 (quoniam
1471 1304 1515 1337 qui
1538 1302 1639 1330 fatetur

852 1354 960 1386 Filium,
979 1352 1002 1380 is
1017 1351 1098 1379 etiam
1121 1351 1227 1378 Patrem
1242 1350 1323 1377 habet
1335 1349 1384 1382 "),
1403 1359 1413 1375 ›
1439 1349 1559 1377 fatentur
1587 1349 1638 1376 Pa-

852 1405 920 1427 trem
938 1405 946 1425 :
964 1397 1036 1432 quod
1052 1397 1074 1424 si
1090 1396 1209 1423 fatentur
1224 1396 1343 1428 Patrem,
1360 1403 1475 1429 quonam
1492 1399 1571 1430 pacto
1592 1403 1638 1423 ve-

853 1453 912 1472 rum
926 1448 969 1471 est
983 1442 1046 1470 illud
1062 1451 1068 1468 :
1085 1450 1094 1468 ι
1114 1440 1167 1468 Sed
1180 1446 1221 1468 est
1239 1447 1320 1467 verax
1332 1440 1380 1475 qui
1396 1447 1438 1467 me
1458 1439 1543 1472 misit,
1558 1447 1637 1474 quem

16 1486 69 1518 πῶς
81 1486 183 1522 ἀληθὲς
199 1486 229 1513 τὺ
239 1506 247 1519 ,
262 1495 272 1512 t
291 1486 360 1513 Ἀλλ’
375 1486 447 1515 ἐστιν
460 1487 585 1523 ἀληθινὸς
598 1489 613 1515 ὀ
626 1488 738 1524 πέμψας
755 1497 793 1524 με

880 1499 900 1518 ιε
926 1489 1036 1517 nescitis
1047 1487 1098 1514 "l
1119 1497 1129 1514 ι
1145 1488 1248 1521 Quibus
1279 1486 1494 1522 respondendum
1520 1490 1561 1513 cst
1587 1486 1638 1513 ali-

15 1532 41 1557 ὃν
56 1532 135 1567 ὑμεῖς
156 1532 208 1558 οὐκ
223 1532 350 1566 οῖδατε;ι
370 1533 486 1560 Λεκτέον
506 1533 535 1560 δὲ
557 1534 624 1569 πρὸς
643 1534 739 1566 ταῦτα,
760 1535 801 1562 ὅτι

15 1578 136 1614 ὺΣωτὴρ
157 1577 204 1604 ὁτὲ
227 1578 276 1613 μὲν
295 1579 358 1614 περὶ
384 1579 482 1605 ἑαυτοῦ
509 1579 547 1610 ὡς
568 1580 632 1615 περὶ
655 1578 801 1615 ἀνθρώπου

15 1624 180 1659 διαλέγεται,
199 1625 244 1651 ὁτὲ
267 1624 296 1651 δὲ
316 1625 354 1657 ὡς
369 1625 434 1661 περὶ
451 1625 590 1661 Θειοτέρας
614 1625 731 1660 φύσεως,
754 1626 802 1653 καὶ

15 1672 154 1707 ήνωμένης
181 1673 214 1706 τῇ
241 1672 381 1708 ἀγεννήτῳ
405 1671 460 1706 (96)
487 1672 538 1712 ,τοῦ
567 1673 673 1708 Πατρὺς
709 1673 799 1707 φύσει.

20 1717 101 1744 Ἐπὰν
117 1718 169 1753 μὲν
183 1718 238 1754 γὰρ
251 1717 325 1752 λέγει
335 1727 370 1753 ,ηε
385 1718 442 1745 Νῦν
459 1717 564 1754 ζητεῖτέ
580 1728 614 1754 με
631 1720 800 1752 ἀποκτεῖναι,

15 1763 154 1799 ἄνθρωπον
171 1763 263 1799 ὅςτὴν
288 1764 416 1800 ἀλήθειαν
440 1765 503 1800 ὑμῖν
529 1765 675 1801 λελάληκα,
689 1776 698 1792 ι
722 1766 801 1793 τοῦτό

14 1817 91 1844 φησιν
117 1808 199 1840 εἰδὼς
222 1809 253 1836 τὸ
278 1810 443 1845 ζητούμενον
468 1811 646 1848 ἀναιρεθῆναι
670 1810 741 1840 εἶναι
769 1814 800 1840 οὑ

12 1854 86 1887 Θεὸν,
99 1855 171 1882 ἀλλὰ
186 1854 345 1890 ἄνθρωπον·
365 1855 413 1882 ἐὰν
429 1856 458 1883 δὲ
469 1877 476 1888 ,
496 1865 505 1882 t
526 1857 595 1891 Ἐγὼ
613 1858 659 1884 καὶ
672 1859 685 1885 ὁ
705 1859 800 1896 Πατὴρ

11 1902 38 1929 ἐν
50 1901 147 1937 ἐσμεν,
161 1910 171 1926 ›
193 1902 249 1932 καὶ,
266 1911 275 1927 ι
296 1901 366 1935 Ἐγώ
378 1903 435 1937 εἰμι
447 1903 464 1937 ἡ
475 1902 586 1938 ἀλήθεια
610 1904 657 1930 καὶ
672 1906 688 1940 ἡ
710 1905 777 1941 ζωὴ,
788 1915 797 1931 ι

12 1948 72 1979 καὶ,
95 1957 105 1973 ι
128 1947 204 1982 Ἐγώ
228 1949 285 1982 εὶμι
310 1948 326 1983 ή
353 1947 515 1981 ἀνάστασις,
529 1958 538 1974 ι
566 1950 613 1976 καὶ
637 1950 670 1977 τὰ
696 1951 800 1983 τούτοις

11 1993 97 2028 ὅμοια,
111 1993 143 2020 οὺ
165 1993 232 2028 περὶ
246 1993 293 2020 τοῦ
310 1993 475 2028 ζητουμένου
494 1993 671 2030 ἀναιρεθῆναι
694 1995 798 2031 ἀνθρώ-

11 2047 59 2065 που
74 2038 212 2065 διδάσκει.
228 2038 321 2069 Οὕτως
334 2036 380 2065 οὖν
397 2039 443 2065 καὶ
456 2038 502 2065 ἐπὶ
519 2039 572 2066 τῶν
587 2040 658 2066 κατὰ
669 2040 700 2067 τὸ
714 2040 801 2076 παρὸν

11 2084 72 2119 ἡμῖν
92 2084 272 2120 ζητουμένων
291 2085 323 2111 ἐκ
346 2084 395 2119 τῆς
413 2085 595 2120 συμφράσεως
609 2087 800 2122 κατανοητέον,

12 2130 37 2156 τὸ
52 2131 101 2165 μὲν
113 2151 121 2163 ,
142 2140 152 2156 ι
166 2130 248 2165 Κάμὲ
259 2129 357 2162 οἴδατε,
373 2130 419 2157 καὶ
431 2130 519 2157 οἴδατε
532 2131 614 2158 πόθεν
626 2132 694 2167 εἰμὶ,
708 2143 717 2158 ι
736 2133 799 2168 περὶ

10 2176 52 2203 τοῦ
71 2176 223 2212 ἀνθρώπου
238 2176 333 2203 ἑαυτοῦ
349 2176 514 2211 διαλέγεται·
531 2177 562 2203 τὸ
578 2177 616 2210 δὲ,
641 2188 651 2203 ι
665 2178 732 2205 οὔτε
749 2179 800 2214 ἐμὲ

9 2222 106 2255 οἶδατί,
125 2221 193 2249 οὔτε
211 2222 256 2248 τδν
276 2222 385 2258 Πατέρα
403 2231 464 2257 μου,
477 2232 486 2248 ι
508 2223 572 2258 περὶ
594 2223 642 2258 τῆς
659 2223 800 2260 θεότητος*

9 2268 51 2294 τοῦ
65 2268 116 2304 μὲν
136 2267 208 2303 γὰρ,
224 2276 234 2293 t
250 2267 329 2303 Κάμὲ
338 2267 439 2299 οἴδατε,
454 2268 499 2295 καὶ
513 2268 600 2296 οἴδατε
615 2269 697 2295 πόθεν
708 2270 776 2305 εἰμὶ,
788 2280 798 2297 ι

8 2314 92 2341 ταῦτα
118 2313 306 2349 προτέτακται
336 2312 408 2349 (97)·
430 2323 439 2339 ι
457 2314 569 2348 Ἔλεγον
603 2312 650 2342 οὖν
672 2324 744 2347 τινες
767 2316 800 2343 ἐκ

8 2360 57 2386 τῶν
81 2358 324 2396 Ἱεροσολυμιτῶν·
348 2359 405 2394 Οὐχ
424 2356 502 2391 οὗτός
527 2360 601 2387 ἐστιν
617 2359 646 2386 ὃν
672 2359 799 2396 ζητοῦσιν

7 2406 187 2438 ἀποκτιίναι;
204 2406 258 2432 Καὶ
274 2405 312 2432 ἴδε
328 2405 469 2441 παρρησίᾳ
484 2405 568 2437 λαλεῖ,
582 2405 629 2432 καὶ
640 2406 715 2433 οὐδὲν
725 2407 799 2444 αὐτῷ

8 2451 125 2485 λέγουσι.
139 2452 258 2486 Μήποτε
280 2450 388 2486 ἀληθῶς
405 2450 528 2484 ἔγνωσαν
548 2451 573 2477 οἱ
596 2451 735 2487 ἄρχοντες,
757 2454 798 2480 ὅτι

7 2494 80 2530 οὗτός
103 2499 184 2525 ἐστιν
199 2497 213 2523 ὁ
227 2496 360 2532 Χριστὸςς
377 2495 445 2523 ἀλλὰ
468 2496 562 2523 τοῦτον
587 2497 698 2533 οἴδαμεν
718 2499 799 2526 πόθεν

7 2543 93 2571 ἐστίν·
112 2546 129 2571 ὁ
143 2543 176 2570 δὲ
193 2542 308 2578 Χριστὸς
329 2542 392 2569 ὅταν
416 2542 541 2578 ἔρχηται,
563 2542 649 2574 οὐδεὶς
670 2544 798 2577 γινώσκει

815 2161 837 2189 D

853 1536 959 1572 quando
976 1535 1151 1563 Servatorem
1164 1534 1197 1561 de
1214 1533 1304 1568 seipso
1328 1533 1410 1560 veluti
1427 1532 1536 1560 homine
1549 1532 1638 1560 disse—

854 1589 923 1614 rere,
935 1580 1079 1615 aliquattdo
1092 1580 1124 1607 de
1135 1579 1261 1607 diviniori
1277 1583 1384 1610 natura,
1400 1586 1487 1613 eaque
1507 1579 1580 1606 unita
1595 1579 1638 1606 in-

851 1627 948 1662 genitae
965 1625 1053 1653 Patris
1072 1630 1186 1652 naturae.
1200 1624 1267 1652 Cum
1281 1625 1354 1651 enim
1381 1624 1454 1656 dicit,
1474 1633 1484 1650 ι
1503 1623 1579 1652 Nunc
1593 1633 1639 1652 au-

853 1678 905 1700 tem
918 1671 1041 1706 qumritis
1061 1677 1105 1698 tne
1133 1670 1299 1702 interficere,
1318 1669 1456 1697 hominem
1475 1671 1520 1705 qui
1539 1671 1638 1698 verita-

852 1725 906 1745 tem
921 1718 998 1745 vobis
1012 1716 1117 1744 locutus
1132 1723 1190 1743 sum
1202 1716 1235 1748 ³⁰,
1249 1725 1258 1742 ι
1274 1716 1325 1743 hoc
1342 1715 1464 1750 loquitur
1478 1716 1568 1744 sciens
1584 1724 1636 1744 nou

852 1764 948 1796 Deum,
962 1761 1008 1791 sed
1030 1762 1166 1788 hominem
1191 1761 1274 1795 quaeri
1302 1761 1335 1787 ad
1351 1765 1484 1793 mortem;
1500 1769 1559 1788 cum
1575 1769 1638 1789 vero

852 1809 949 1844 inqult,
968 1818 978 1834 ‹
995 1809 1053 1842 Εςο
1069 1811 1097 1834 et
1127 1806 1210 1833 Pater
1233 1814 1316 1832 unum
1333 1814 1427 1833 sutttus
1439 1806 1460 1822 ³¹
1475 1813 1482 1838 ;
1503 1806 1559 1841 Ego
1578 1814 1636 1833 sum

851 1856 952 1883 veritas
966 1858 993 1881 et
1006 1854 1059 1880 vita
1071 1853 1115 1886 ²¹;
1134 1853 1189 1887 Ego
1206 1859 1266 1879 sum
1290 1852 1452 1879 resurrectio
1465 1851 1499 1884 ",
1517 1861 1526 1878 ι
1551 1856 1578 1878 et
1596 1852 1638 1879 his

851 1901 961 1934 similia,
977 1908 1030 1928 non
1058 1900 1137 1927 docet
1154 1899 1187 1926 de
1207 1906 1240 1926 eo
1263 1898 1372 1925 homine
1386 1897 1431 1932 qui
1454 1898 1635 1932 quaerebatur,

851 1949 905 1976 Isto
916 1948 998 1983 igitur
1012 1947 1091 1974 modo
1110 1946 1144 1974 de
1168 1946 1209 1974 his
1233 1946 1314 1974 etiam
1329 1952 1390 1980 qme
1403 1952 1417 1972 a
1432 1944 1509 1972 nobis
1523 1945 1549 1971 iu
1566 1952 1636 1978 prue-

851 1995 939 2023 sentia
959 1998 1130 2029 quaeruntur,
1152 1997 1182 2020 ut
1201 1992 1328 2021 similiter
1345 1992 1497 2024 solvantur,
1513 1990 1636 2018 conside-

851 2043 967 2070 randum
989 2046 1050 2075 est;
1078 2041 1143 2069 illud
1165 2040 1250 2073 enim,
1267 2049 1276 2066 ι
1299 2039 1332 2066 Et
1349 2046 1392 2067 nte
1410 2038 1495 2070 scitis,
1518 2042 1545 2064 et
1567 2037 1637 2064 unde

851 2091 902 2116 sim
928 2089 1003 2117 scitis
1017 2088 1051 2121 “,
1073 2097 1083 2115 ι
1100 2088 1133 2115 de
1159 2094 1188 2114 se
1211 2086 1270 2121 ipso
1289 2085 1398 2113 homine
1425 2085 1564 2119 disputat;
1583 2083 1634 2110 hoc

852 2141 927 2166 vero,
955 2144 964 2161 t
986 2134 1078 2169 Neque
1096 2141 1139 2161 me
1155 2133 1246 2165 scitis,
1261 2140 1348 2166 neque
1361 2131 1468 2158 Patrem
1484 2136 1572 2156 meum
1586 2128 1633 2160 “,-

851 2180 885 2208 de
900 2180 1052 2208 divinitate.
1068 2179 1123 2207 lllis
1143 2179 1215 2206 enim
1239 2177 1342 2210 verbis,
1362 2186 1371 2203 t
1391 2176 1423 2203 Et
1439 2183 1482 2203 tne
1506 2174 1592 2205 scitis,
1609 2178 1635 2200 et

851 2226 923 2254 unde
937 2227 987 2254 sim
1004 2226 1090 2259 scitis,
1109 2235 1120 2252 ι
1135 2226 1193 2254 haec
1212 2224 1356 2259 prmpooita
1372 2226 1435 2250 sunt
1449 2230 1455 2248 :
1481 2230 1490 2247 t
1509 2219 1637 2248 Dicebant.

851 2279 916 2308 ergo
928 2272 1036 2307 quidam
1050 2279 1084 2299 ex
1099 2269 1298 2306 Jerosolymitis
1314 2279 1320 2297 :
1339 2268 1433 2296 Neuue
1445 2268 1488 2294 hic
1500 2270 1540 2294 est
1554 2273 1634 2302 quem

851 2322 975 2354 quaerunt
991 2318 1143 2346 interficere
1158 2318 1170 2344 τ
1184 2317 1218 2344 Et
1233 2323 1296 2344 ecce
1310 2323 1371 2343 cum
1392 2315 1485 2342 ﬁducia
1505 2314 1633 2348 loquitur,

852 2372 902 2392 nec
920 2364 1066 2399 quidquam
1085 2363 1122 2390 illi
1140 2363 1244 2390 dicunt.
1263 2361 1332 2389 Num
1356 2367 1420 2388 vere
1448 2364 1634 2395 cognoverunt

852 2410 988 2445 principes
1007 2410 1077 2437 hunc
1105 2416 1165 2436 esse
1187 2408 1324 2436 Christum
1339 2407 1350 2434 ‘3
1365 2406 1413 2434 sed
1438 2406 1510 2433 hunc
1532 2405 1634 2432 scimus

852 2457 923 2483 unde
941 2457 977 2482 sit
992 2464 998 2482 :
1020 2460 1046 2483 at
1061 2455 1186 2483 Christus
1202 2462 1262 2483 cum
1279 2452 1399 2486 venerit,
1414 2459 1493 2479 nemo
1506 2454 1636 2486 agnoscet

853 2503 923 2530 unde
935 2503 971 2530 sit
985 2502 1008 2519 ³⁸
1022 2511 1028 2533 ς
1045 2512 1054 2528 ι
1070 2502 1117 2530 his
1133 2510 1208 2535 vero,
1240 2510 1250 2528 ε
1275 2501 1366 2535 Neque
1382 2507 1425 2527 tne
1440 2499 1531 2531 scitis,
1547 2504 1634 2532 neque

851 2548 958 2576 Patrem
970 2555 1085 2582 meum,»
1097 2548 1153 2576 haec
1167 2551 1230 2575 sunt
1241 2547 1399 2582 praeposita:
1411 2554 1420 2571 t
1434 2545 1634 2578 Dixeruutergo

38 2605 60 2642 ξι
75 2604 159 2632 Joan.
170 2602 289 2642 "11:26,
384 2602 408 2618 "
423 2602 501 2630 Joan.
517 2603 629 2642 V_ll_l,1'.’_):
646 2637 658 2642 _
668 2604 690 2620 ’⁸
700 2604 776 2634 Joan.

880 2609 896 2639 ι,
911 2609 957 2636 ‘29.
995 2608 1018 2624 “
1029 2608 1106 2635 Joan.
1126 2615 1157 2637 tt.
1168 2607 1214 2634 22.
1251 2607 1273 2623 ’⁷
1289 2606 1354 2634 ibid.
1391 2605 1414 2642 f'
1430 2604 1530 2642 lJoan.
1544 2602 1632 2642 ιιπὲᾖ.

7 2640 27 2656 ¹⁹
37 2640 117 2667 Joau.
139 2647 193 2669 vn,
209 2637 254 2665 28.

7 2674 120 2704 “Joau.
134 2681 198 2705 vttt,
221 2673 265 2700 l9.
302 2672 325 2688 ³⁸
337 2672 415 2700 Joau.
434 2679 481 2703 vn,
505 2672 540 2700 25
562 2680 620 2707 seq.

38 2721 94 2755 (96)
115 2719 289 2754 Ἡνωμένης
313 2719 350 2753 τῇ
376 2719 539 2754 ἀγεννήτῳ.
564 2720 653 2747 Culex
684 2720 793 2755 Regius,

7 2755 138 2792 ἀγενήτῳ.
154 2755 292 2792 Caeterum
317 2762 434 2792 errones
460 2756 518 2792 haec
541 2755 687 2792 vi_dt_a_utur,_
708 2762 796 2789 neque

7 2788 194 2817 cuim'm'ttura
208 2789 298 2824 divina
315 2788 439 2824 θειοτέρα
456 2789 537 2824 φύσις
559 2789 619 2816 Filii
644 2790 736 2816 unitttr
749 2797 797 2815 na-

7 2832 69 2852 tuta
80 2825 218 2858 ingenita:
232 2823 332 2855 Patris.
346 2825 392 2852 sed
405 2823 501 2852 eadem
523 2829 580 2857 est;
609 2832 661 2852 non
682 2824 797 2858 ἥνωται,

311 2636 426 2676 ’_°_Joan.
443 2638 569 2676 vm,_§_0.
608 2638 629 2653 ³¹
643 2637 721 2668 Joan.
737 2649 763 2674 κ,
776 2642 793 2670 5

880 2636 978 2670 π’]οοιι.
999 2651 1055 2675 xw,
1073 2642 1100 2670 6.
1138 2642 1161 2658 ³³
1175 2641 1252 2669 Joan.
1266 2642 1353 2676 xt,25.
1392 2641 1415 2657 "
1428 2640 1507 2668 Joan.
1521 2646 1570 2671 vtt,
1587 2638 1632 2665 28.

848 2723 896 2750 sed
908 2723 924 2757 ἡ
938 2722 1007 2756 αὐτή
1024 2723 1092 2748 ἐστι.

880 2755 936 2793 (97)
949 2755 1156 2791 Πρὸιέτακται.
1171 2757 1217 2785 Sic
1234 2757 1314 2786 codex
1327 2757 1489 2785 Bodleianus
1502 2764 1509 2789 ;
1524 2755 1634 2791 Regius.

847 2792 1057 2827 προστέτακται,
1206 2808 1208 2811 -
