  <div class='ocr_page' id='page_1' title='image "/cluster/home/n/w/nwhite01/storage/ocr_20150623/14/njp.32101077772448/271.png"; bbox 0 0 1853 3050; ppageno 0'>
   <div class='ocr_carea' id='block_1_1' title="bbox 207 108 262 137">
    <p class='ocr_par' dir='ltr' id='par_1_1' title="bbox 207 108 262 137">
     <span class='ocr_line' id='line_1_1' title="bbox 207 108 262 137; baseline -0.018 0"><span class='ocrx_word' id='word_1_1' title='bbox 207 108 262 137; x_wconf 67' lang='lat'><strong>‘32?</strong></span> 
     </span>
    </p>
   </div>
   <div class='ocr_carea' id='block_1_2' title="bbox 933 105 1819 134">
    <p class='ocr_par' dir='ltr' id='par_1_2' title="bbox 933 105 1819 134">
     <span class='ocr_line' id='line_1_2' title="bbox 933 105 1819 134; baseline -0.002 0"><span class='ocrx_word' id='word_1_2' title='bbox 933 105 1093 134; x_wconf 76' lang='lat' dir='ltr'><strong>ORIGENIS</strong></span> <span class='ocrx_word' id='word_1_3' title='bbox 1779 106 1819 132; x_wconf 69' lang='lat'><strong>5&#39;23</strong></span> 
     </span>
    </p>
   </div>
   <div class='ocr_carea' id='block_1_3' title="bbox 209 167 998 205">
    <p class='ocr_par' dir='ltr' id='par_1_3' title="bbox 209 167 994 201">
     <span class='ocr_line' id='line_1_3' title="bbox 209 167 994 201; baseline -0.001 -6"><span class='ocrx_word' id='word_1_4' title='bbox 209 170 234 196; x_wconf 84' lang='lat' dir='ltr'><strong>ei</strong></span> <span class='ocrx_word' id='word_1_5' title='bbox 247 169 393 197; x_wconf 64' lang='lat' dir='ltr'><strong>l’ltarismi:</strong></span> <span class='ocrx_word' id='word_1_6' title='bbox 409 169 447 196; x_wconf 89' lang='lat' dir='ltr'><strong>Tu</strong></span> <span class='ocrx_word' id='word_1_7' title='bbox 461 169 495 197; x_wconf 88' lang='lat' dir='ltr'><strong>de</strong></span> <span class='ocrx_word' id='word_1_8' title='bbox 512 168 598 201; x_wconf 78' lang='lat' dir='ltr'><strong>tcipso</strong></span> <span class='ocrx_word' id='word_1_9' title='bbox 617 168 771 196; x_wconf 83' lang='lat' dir='ltr'><strong>testiﬁcaris</strong></span> <span class='ocrx_word' id='word_1_10' title='bbox 787 176 794 201; x_wconf 91' lang='lat'><strong>;</strong></span> <span class='ocrx_word' id='word_1_11' title='bbox 811 167 994 195; x_wconf 81' lang='lat' dir='ltr'><strong>testinwnium</strong></span> 
     </span>
    </p>
   </div>
   <div class='ocr_carea' id='block_1_4' title="bbox 1100 167 1821 205">
    <p class='ocr_par' dir='ltr' id='par_1_4' title="bbox 1100 167 1821 205">
     <span class='ocr_line' id='line_1_4' title="bbox 1100 167 1821 205; baseline 0 -11"><span class='ocrx_word' id='word_1_12' title='bbox 1100 176 1127 194; x_wconf 90' lang='grc' dir='ltr'><strong>εν</strong></span> <span class='ocrx_word' id='word_1_13' title='bbox 1150 167 1209 195; x_wconf 80' lang='grc' dir='ltr'>ἐστί</span> <span class='ocrx_word' id='word_1_14' title='bbox 1219 177 1225 183; x_wconf 93' lang='grc'>·</span> <span class='ocrx_word' id='word_1_15' title='bbox 1241 177 1249 194; x_wconf 84' lang='grc' dir='ltr'><strong>ι</strong></span> <span class='ocrx_word' id='word_1_16' title='bbox 1268 167 1315 195; x_wconf 77' lang='grc' dir='ltr'><strong>τοῦ</strong></span> <span class='ocrx_word' id='word_1_17' title='bbox 1331 168 1377 201; x_wconf 73' lang='grc' dir='ltr'>δὲ,</span> <span class='ocrx_word' id='word_1_18' title='bbox 1395 177 1404 194; x_wconf 84' lang='lat' dir='ltr'><strong>t</strong></span> <span class='ocrx_word' id='word_1_19' title='bbox 1421 167 1490 195; x_wconf 74' lang='grc' dir='ltr'>Οὔτε</span> <span class='ocrx_word' id='word_1_20' title='bbox 1507 168 1557 205; x_wconf 79' lang='grc' dir='ltr'><strong>ἐμὲ</strong></span> <span class='ocrx_word' id='word_1_21' title='bbox 1581 168 1684 200; x_wconf 86' lang='grc' dir='ltr'>οἴδατε,</span> <span class='ocrx_word' id='word_1_22' title='bbox 1711 167 1768 195; x_wconf 72' lang='grc' dir='ltr'>οὕτε</span> <span class='ocrx_word' id='word_1_23' title='bbox 1787 169 1821 195; x_wconf 68' lang='grc' dir='ltr'><strong>τὸν</strong></span> 
     </span>
    </p>
   </div>
   <div class='ocr_carea' id='block_1_5' title="bbox 211 213 994 248">
    <p class='ocr_par' dir='ltr' id='par_1_5' title="bbox 211 213 994 248">
     <span class='ocr_line' id='line_1_5' title="bbox 211 213 994 248; baseline 0 -6"><span class='ocrx_word' id='word_1_24' title='bbox 211 219 286 242; x_wconf 83' lang='grc' dir='ltr'>ιιιιιηι</span> <span class='ocrx_word' id='word_1_25' title='bbox 305 222 356 241; x_wconf 88' lang='lat' dir='ltr'><strong>non</strong></span> <span class='ocrx_word' id='word_1_26' title='bbox 369 219 410 242; x_wconf 89' lang='lat' dir='ltr'><strong>est</strong></span> <span class='ocrx_word' id='word_1_27' title='bbox 422 223 526 241; x_wconf 90' lang='lat' dir='ltr'><strong>verum.</strong></span> <span class='ocrx_word' id='word_1_28' title='bbox 536 214 685 248; x_wconf 87' lang='lat' dir='ltr'><strong>Respondit</strong></span> <span class='ocrx_word' id='word_1_29' title='bbox 699 214 788 246; x_wconf 84' lang='lat' dir='ltr'><strong>Jesns,</strong></span> <span class='ocrx_word' id='word_1_30' title='bbox 802 218 830 241; x_wconf 88' lang='lat' dir='ltr'><strong>et</strong></span> <span class='ocrx_word' id='word_1_31' title='bbox 844 213 910 240; x_wconf 86' lang='lat' dir='ltr'><strong>dixit</strong></span> <span class='ocrx_word' id='word_1_32' title='bbox 923 213 994 242; x_wconf 83' lang='lat' dir='ltr'><strong>illis:</strong></span> 
     </span>
    </p>
   </div>
   <div class='ocr_carea' id='block_1_6' title="bbox 211 259 994 295">
    <p class='ocr_par' dir='ltr' id='par_1_6' title="bbox 211 259 994 295">
     <span class='ocr_line' id='line_1_6' title="bbox 211 259 994 295; baseline -0.004 -7"><span class='ocrx_word' id='word_1_33' title='bbox 211 260 322 288; x_wconf 78' lang='lat' dir='ltr'><strong>Etiamsi</strong></span> <span class='ocrx_word' id='word_1_34' title='bbox 349 267 399 295; x_wconf 77' lang='lat' dir='ltr'><strong>ego</strong></span> <span class='ocrx_word' id='word_1_35' title='bbox 426 259 557 287; x_wconf 89' lang='lat' dir='ltr'><strong>testiﬁcor</strong></span> <span class='ocrx_word' id='word_1_36' title='bbox 581 260 614 287; x_wconf 87' lang='lat' dir='ltr'><strong>de</strong></span> <span class='ocrx_word' id='word_1_37' title='bbox 638 266 682 286; x_wconf 86' lang='lat' dir='ltr'><strong>me</strong></span> <span class='ocrx_word' id='word_1_38' title='bbox 708 259 783 294; x_wconf 88' lang='lat' dir='ltr'><strong>ipso,</strong></span> <span class='ocrx_word' id='word_1_39' title='bbox 811 259 994 286; x_wconf 83' lang='lat' dir='ltr'><strong>testimonium</strong></span> 
     </span>
    </p>
   </div>
   <div class='ocr_carea' id='block_1_7' title="bbox 211 304 993 339">
    <p class='ocr_par' dir='ltr' id='par_1_7' title="bbox 211 304 993 339">
     <span class='ocr_line' id='line_1_7' title="bbox 211 304 993 339; baseline -0.003 -7"><span class='ocrx_word' id='word_1_40' title='bbox 211 313 300 332; x_wconf 89' lang='lat' dir='ltr'><strong>tnettm</strong></span> <span class='ocrx_word' id='word_1_41' title='bbox 313 312 405 331; x_wconf 89' lang='lat' dir='ltr'><strong>verum</strong></span> <span class='ocrx_word' id='word_1_42' title='bbox 418 309 470 336; x_wconf 89' lang='lat' dir='ltr'><strong>est,</strong></span> <span class='ocrx_word' id='word_1_43' title='bbox 482 305 545 339; x_wconf 86' lang='lat' dir='ltr'><strong>quia</strong></span> <span class='ocrx_word' id='word_1_44' title='bbox 562 304 623 332; x_wconf 89' lang='lat' dir='ltr'><strong>novi</strong></span> <span class='ocrx_word' id='word_1_45' title='bbox 641 304 712 331; x_wconf 88' lang='lat' dir='ltr'><strong>unde</strong></span> <span class='ocrx_word' id='word_1_46' title='bbox 725 305 784 330; x_wconf 88' lang='lat' dir='ltr'><strong>veui</strong></span> <span class='ocrx_word' id='word_1_47' title='bbox 799 308 825 331; x_wconf 88' lang='lat' dir='ltr'><strong>et</strong></span> <span class='ocrx_word' id='word_1_48' title='bbox 835 311 890 338; x_wconf 88' lang='lat' dir='ltr'><strong>quo</strong></span> <span class='ocrx_word' id='word_1_49' title='bbox 906 304 993 336; x_wconf 88' lang='lat' dir='ltr'><strong>vado;</strong></span> 
     </span>
    </p>
   </div>
   <div class='ocr_carea' id='block_1_8' title="bbox 209 348 995 384">
    <p class='ocr_par' dir='ltr' id='par_1_8' title="bbox 209 348 995 384">
     <span class='ocr_line' id='line_1_8' title="bbox 209 348 995 384; baseline -0.005 -6"><span class='ocrx_word' id='word_1_50' title='bbox 209 358 257 378; x_wconf 89' lang='lat' dir='ltr'><strong>vos</strong></span> <span class='ocrx_word' id='word_1_51' title='bbox 277 350 425 378; x_wconf 89' lang='lat' dir='ltr'><strong>secundum</strong></span> <span class='ocrx_word' id='word_1_52' title='bbox 451 356 561 376; x_wconf 86' lang='lat' dir='ltr'><strong>carnem</strong></span> <span class='ocrx_word' id='word_1_53' title='bbox 586 349 798 384; x_wconf 78' lang='lat' dir='ltr'><strong>judicatis;ego</strong></span> <span class='ocrx_word' id='word_1_54' title='bbox 822 355 874 375; x_wconf 91' lang='lat' dir='ltr'><strong>non</strong></span> <span class='ocrx_word' id='word_1_55' title='bbox 902 348 995 382; x_wconf 87' lang='lat' dir='ltr'><strong>judico</strong></span> 
     </span>
    </p>
   </div>
   <div class='ocr_carea' id='block_1_9' title="bbox 210 393 993 430">
    <p class='ocr_par' dir='ltr' id='par_1_9' title="bbox 210 393 993 430">
     <span class='ocr_line' id='line_1_9' title="bbox 210 393 993 430; baseline 0 -10"><span class='ocrx_word' id='word_1_56' title='bbox 210 403 392 430; x_wconf 80' lang='lat' dir='ltr'><strong>quemquam;</strong></span> <span class='ocrx_word' id='word_1_57' title='bbox 412 399 494 430; x_wconf 86' lang='lat' dir='ltr'><strong>atque</strong></span> <span class='ocrx_word' id='word_1_58' title='bbox 525 394 633 421; x_wconf 90' lang='lat' dir='ltr'><strong>etiamsi</strong></span> <span class='ocrx_word' id='word_1_59' title='bbox 659 394 749 428; x_wconf 82' lang='lat' dir='ltr'><strong>judico</strong></span> <span class='ocrx_word' id='word_1_60' title='bbox 776 401 838 428; x_wconf 74' lang='lat' dir='ltr'><strong>ego,</strong></span> <span class='ocrx_word' id='word_1_61' title='bbox 863 393 993 427; x_wconf 84' lang='lat' dir='ltr'><strong>judicium</strong></span> 
     </span>
    </p>
   </div>
   <div class='ocr_carea' id='block_1_10' title="bbox 210 438 996 474">
    <p class='ocr_par' dir='ltr' id='par_1_10' title="bbox 210 438 996 474">
     <span class='ocr_line' id='line_1_10' title="bbox 210 438 996 474; baseline -0.005 -5"><span class='ocrx_word' id='word_1_62' title='bbox 210 449 297 469; x_wconf 92' lang='lat' dir='ltr'><strong>meum</strong></span> <span class='ocrx_word' id='word_1_63' title='bbox 314 448 407 468; x_wconf 82' lang='lat' dir='ltr'><strong>verum</strong></span> <span class='ocrx_word' id='word_1_64' title='bbox 422 445 473 471; x_wconf 88' lang='lat' dir='ltr'><strong>est,</strong></span> <span class='ocrx_word' id='word_1_65' title='bbox 491 439 561 474; x_wconf 89' lang='lat' dir='ltr'><strong>quod</strong></span> <span class='ocrx_word' id='word_1_66' title='bbox 581 439 656 467; x_wconf 88' lang='lat' dir='ltr'><strong>solus</strong></span> <span class='ocrx_word' id='word_1_67' title='bbox 676 447 729 466; x_wconf 88' lang='lat' dir='ltr'><strong>non</strong></span> <span class='ocrx_word' id='word_1_68' title='bbox 745 446 816 471; x_wconf 88' lang='lat' dir='ltr'><strong>sum,</strong></span> <span class='ocrx_word' id='word_1_69' title='bbox 832 438 878 465; x_wconf 87' lang='lat' dir='ltr'><strong>sed</strong></span> <span class='ocrx_word' id='word_1_70' title='bbox 893 445 953 472; x_wconf 80' lang='lat' dir='ltr'><strong>ego,</strong></span> <span class='ocrx_word' id='word_1_71' title='bbox 969 439 996 465; x_wconf 66' lang='grc' dir='ltr'><strong>ει</strong></span> 
     </span>
    </p>
   </div>
   <div class='ocr_carea' id='block_1_11' title="bbox 209 484 995 521">
    <p class='ocr_par' dir='ltr' id='par_1_11' title="bbox 209 484 995 521">
     <span class='ocr_line' id='line_1_11' title="bbox 209 484 995 521; baseline -0.006 -7"><span class='ocrx_word' id='word_1_72' title='bbox 209 487 255 521; x_wconf 88' lang='lat' dir='ltr'><strong>qui</strong></span> <span class='ocrx_word' id='word_1_73' title='bbox 282 487 356 514; x_wconf 89' lang='lat' dir='ltr'><strong>tnisit</strong></span> <span class='ocrx_word' id='word_1_74' title='bbox 373 494 425 520; x_wconf 90' lang='lat' dir='ltr'><strong>me,</strong></span> <span class='ocrx_word' id='word_1_75' title='bbox 443 486 524 513; x_wconf 86' lang='lat' dir='ltr'><strong>Pater</strong></span> <span class='ocrx_word' id='word_1_76' title='bbox 540 486 576 513; x_wconf 75' lang='grc'>³⁷.</span> <span class='ocrx_word' id='word_1_77' title='bbox 594 495 603 511; x_wconf 77' lang='grc' dir='ltr'><strong>ι</strong></span> <span class='ocrx_word' id='word_1_78' title='bbox 621 485 660 512; x_wconf 83' lang='lat' dir='ltr'><strong>Ex</strong></span> <span class='ocrx_word' id='word_1_79' title='bbox 684 484 727 512; x_wconf 82' lang='lat' dir='ltr'><strong>his</strong></span> <span class='ocrx_word' id='word_1_80' title='bbox 747 491 811 519; x_wconf 75' lang='lat' dir='ltr'><strong>ergo</strong></span> <span class='ocrx_word' id='word_1_81' title='bbox 825 484 995 518; x_wconf 88' lang='lat' dir='ltr'><strong>perspicuttm</strong></span> 
     </span>
    </p>
   </div>
   <div class='ocr_carea' id='block_1_12' title="bbox 209 529 993 567">
    <p class='ocr_par' dir='ltr' id='par_1_12' title="bbox 209 529 993 567">
     <span class='ocr_line' id='line_1_12' title="bbox 209 529 993 567; baseline -0.005 -7"><span class='ocrx_word' id='word_1_82' title='bbox 209 539 249 561; x_wconf 83' lang='lat' dir='ltr'><strong>est</strong></span> <span class='ocrx_word' id='word_1_83' title='bbox 263 540 278 559; x_wconf 87' lang='lat' dir='ltr'><strong>a</strong></span> <span class='ocrx_word' id='word_1_84' title='bbox 291 531 491 567; x_wconf 74' lang='lat' dir='ltr'><strong>&#39;Jerosolymitis</strong></span> <span class='ocrx_word' id='word_1_85' title='bbox 515 532 616 558; x_wconf 88' lang='lat' dir='ltr'><strong>dictum</strong></span> <span class='ocrx_word' id='word_1_86' title='bbox 646 530 738 563; x_wconf 82' lang='lat' dir='ltr'><strong>fuisse,</strong></span> <span class='ocrx_word' id='word_1_87' title='bbox 760 538 768 555; x_wconf 83' lang='lat' dir='ltr'><strong>t</strong></span> <span class='ocrx_word' id='word_1_88' title='bbox 787 529 865 556; x_wconf 81' lang='lat' dir='ltr'><strong>Hunc</strong></span> <span class='ocrx_word' id='word_1_89' title='bbox 882 530 993 562; x_wconf 85' lang='lat' dir='ltr'><strong>scimus,</strong></span> 
     </span>
    </p>
   </div>
   <div class='ocr_carea' id='block_1_13' title="bbox 208 575 996 610">
    <p class='ocr_par' dir='ltr' id='par_1_13' title="bbox 208 575 996 610">
     <span class='ocr_line' id='line_1_13' title="bbox 208 575 996 610; baseline -0.004 -6"><span class='ocrx_word' id='word_1_90' title='bbox 208 577 279 605; x_wconf 91' lang='lat' dir='ltr'><strong>unde</strong></span> <span class='ocrx_word' id='word_1_91' title='bbox 288 579 347 610; x_wconf 64' lang='lat' dir='ltr'><strong>sit,»</strong></span> <span class='ocrx_word' id='word_1_92' title='bbox 361 578 411 604; x_wconf 92' lang='lat' dir='ltr'><strong>hoc</strong></span> <span class='ocrx_word' id='word_1_93' title='bbox 426 577 606 604; x_wconf 79' lang='lat' dir='ltr'><strong>referentibus</strong></span> <span class='ocrx_word' id='word_1_94' title='bbox 619 577 652 603; x_wconf 86' lang='lat' dir='ltr'><strong>ad</strong></span> <span class='ocrx_word' id='word_1_95' title='bbox 667 581 754 604; x_wconf 86' lang='lat' dir='ltr'><strong>ortum</strong></span> <span class='ocrx_word' id='word_1_96' title='bbox 770 576 854 610; x_wconf 83' lang='lat' dir='ltr'><strong>ipsius</strong></span> <span class='ocrx_word' id='word_1_97' title='bbox 870 575 896 602; x_wconf 89' lang='lat' dir='ltr'><strong>in</strong></span> <span class='ocrx_word' id='word_1_98' title='bbox 916 575 996 601; x_wconf 85' lang='lat' dir='ltr'><strong>Beth-</strong></span> 
     </span>
    </p>
   </div>
   <div class='ocr_carea' id='block_1_14' title="bbox 208 620 997 657">
    <p class='ocr_par' dir='ltr' id='par_1_14' title="bbox 208 620 997 657">
     <span class='ocr_line' id='line_1_14' title="bbox 208 620 997 657; baseline -0.005 -6"><span class='ocrx_word' id='word_1_99' title='bbox 208 623 287 656; x_wconf 85' lang='lat' dir='ltr'><strong>leem,</strong></span> <span class='ocrx_word' id='word_1_100' title='bbox 315 623 491 657; x_wconf 82' lang='lat' dir='ltr'><strong>sciebanlque</strong></span> <span class='ocrx_word' id='word_1_101' title='bbox 516 623 587 650; x_wconf 90' lang='lat' dir='ltr'><strong>hunc</strong></span> <span class='ocrx_word' id='word_1_102' title='bbox 612 629 682 654; x_wconf 90' lang='lat' dir='ltr'><strong>esse,</strong></span> <span class='ocrx_word' id='word_1_103' title='bbox 705 620 781 655; x_wconf 86' lang='lat' dir='ltr'><strong>cujus</strong></span> <span class='ocrx_word' id='word_1_104' title='bbox 806 625 893 648; x_wconf 83' lang='lat' dir='ltr'><strong>mater</strong></span> <span class='ocrx_word' id='word_1_105' title='bbox 924 620 997 647; x_wconf 84' lang='lat' dir='ltr'><strong>dice-</strong></span> 
     </span>
    </p>
   </div>
   <div class='ocr_carea' id='block_1_15' title="bbox 209 666 995 702">
    <p class='ocr_par' dir='ltr' id='par_1_15' title="bbox 209 666 995 702">
     <span class='ocr_line' id='line_1_15' title="bbox 209 666 995 702; baseline -0.004 -5"><span class='ocrx_word' id='word_1_106' title='bbox 209 670 289 698; x_wconf 84' lang='lat' dir='ltr'><strong>batur</strong></span> <span class='ocrx_word' id='word_1_107' title='bbox 313 669 416 702; x_wconf 76' lang='lat' dir='ltr'><strong>Maria,</strong></span> <span class='ocrx_word' id='word_1_108' title='bbox 432 673 459 696; x_wconf 88' lang='lat' dir='ltr'><strong>et</strong></span> <span class='ocrx_word' id='word_1_109' title='bbox 484 669 583 696; x_wconf 77' lang='lat' dir='ltr'><strong>fratres</strong></span> <span class='ocrx_word' id='word_1_110' title='bbox 608 667 666 702; x_wconf 86' lang='lat' dir='ltr'><strong>ejus</strong></span> <span class='ocrx_word' id='word_1_111' title='bbox 683 667 798 695; x_wconf 82' lang='lat' dir='ltr'><strong>Jacobus</strong></span> <span class='ocrx_word' id='word_1_112' title='bbox 824 672 851 694; x_wconf 88' lang='lat' dir='ltr'><strong>et</strong></span> <span class='ocrx_word' id='word_1_113' title='bbox 866 666 995 698; x_wconf 78' lang='lat' dir='ltr'><strong>Joannes.</strong></span> 
     </span>
    </p>
   </div>
   <div class='ocr_carea' id='block_1_16' title="bbox 208 712 997 749">
    <p class='ocr_par' dir='ltr' id='par_1_16' title="bbox 208 712 997 749">
     <span class='ocr_line' id='line_1_16' title="bbox 208 712 997 749; baseline -0.008 -4"><span class='ocrx_word' id='word_1_114' title='bbox 208 721 235 746; x_wconf 76' lang='lat' dir='ltr'><strong>at</strong></span> <span class='ocrx_word' id='word_1_115' title='bbox 261 716 354 744; x_wconf 88' lang='lat' dir='ltr'><strong>Simon</strong></span> <span class='ocrx_word' id='word_1_116' title='bbox 378 715 460 743; x_wconf 74' lang='lat' dir='ltr'><strong>ludas</strong></span> <span class='ocrx_word' id='word_1_117' title='bbox 484 714 529 746; x_wconf 74' lang='grc' dir='ltr'><strong>ἐς</strong></span> <span class='ocrx_word' id='word_1_118' title='bbox 553 721 634 749; x_wconf 80' lang='lat' dir='ltr'><strong>quam</strong></span> <span class='ocrx_word' id='word_1_119' title='bbox 658 714 693 741; x_wconf 92' lang='lat' dir='ltr'><strong>ob</strong></span> <span class='ocrx_word' id='word_1_120' title='bbox 716 720 824 740; x_wconf 87' lang='lat' dir='ltr'><strong>causam</strong></span> <span class='ocrx_word' id='word_1_121' title='bbox 851 712 997 740; x_wconf 88' lang='lat' dir='ltr'><strong>assentitur</strong></span> 
     </span>
    </p>
   </div>
   <div class='ocr_carea' id='block_1_17' title="bbox 209 758 992 795">
    <p class='ocr_par' dir='ltr' id='par_1_17' title="bbox 209 758 992 795">
     <span class='ocr_line' id='line_1_17' title="bbox 209 758 992 795; baseline -0.008 -6"><span class='ocrx_word' id='word_1_122' title='bbox 209 762 292 790; x_wconf 87' lang='lat' dir='ltr'><strong>etiam</strong></span> <span class='ocrx_word' id='word_1_123' title='bbox 318 761 361 788; x_wconf 88' lang='lat' dir='ltr'><strong>his</strong></span> <span class='ocrx_word' id='word_1_124' title='bbox 386 761 431 795; x_wconf 86' lang='lat' dir='ltr'><strong>qui</strong></span> <span class='ocrx_word' id='word_1_125' title='bbox 461 760 598 792; x_wconf 78' lang='lat' dir='ltr'><strong>dixerant,</strong></span> <span class='ocrx_word' id='word_1_126' title='bbox 629 768 638 785; x_wconf 80' lang='grc' dir='ltr'><strong>ι</strong></span> <span class='ocrx_word' id='word_1_127' title='bbox 667 759 775 786; x_wconf 86' lang='lat' dir='ltr'><strong>Scimus</strong></span> <span class='ocrx_word' id='word_1_128' title='bbox 805 758 875 785; x_wconf 89' lang='lat' dir='ltr'><strong>unde</strong></span> <span class='ocrx_word' id='word_1_129' title='bbox 899 758 956 789; x_wconf 87' lang='lat' dir='ltr'><strong>sit,</strong></span> <span class='ocrx_word' id='word_1_130' title='bbox 983 766 992 782; x_wconf 77' lang='grc' dir='ltr'><strong>ι</strong></span> 
     </span>
    </p>
   </div>
   <div class='ocr_carea' id='block_1_18' title="bbox 202 803 995 843">
    <p class='ocr_par' dir='ltr' id='par_1_18' title="bbox 202 803 995 843">
     <span class='ocr_line' id='line_1_18' title="bbox 202 803 995 843; baseline -0.009 -7"><span class='ocrx_word' id='word_1_131' title='bbox 202 816 258 843; x_wconf 69' lang='grc' dir='ltr'>’ροι-</span> <span class='ocrx_word' id='word_1_132' title='bbox 284 808 340 834; x_wconf 76' lang='lat' dir='ltr'><strong>haec</strong></span> <span class='ocrx_word' id='word_1_133' title='bbox 368 807 459 838; x_wconf 83' lang='lat' dir='ltr'><strong>verba,</strong></span> <span class='ocrx_word' id='word_1_134' title='bbox 476 815 485 832; x_wconf 77' lang='grc' dir='ltr'><strong>ι</strong></span> <span class='ocrx_word' id='word_1_135' title='bbox 508 810 536 833; x_wconf 87' lang='lat' dir='ltr'><strong>et</strong></span> <span class='ocrx_word' id='word_1_136' title='bbox 562 812 605 833; x_wconf 90' lang='lat' dir='ltr'><strong>me</strong></span> <span class='ocrx_word' id='word_1_137' title='bbox 620 805 696 832; x_wconf 85' lang='lat' dir='ltr'><strong>scitis</strong></span> <span class='ocrx_word' id='word_1_138' title='bbox 718 805 790 832; x_wconf 83' lang='lat' dir='ltr'><strong>unde</strong></span> <span class='ocrx_word' id='word_1_139' title='bbox 814 804 874 831; x_wconf 89' lang='lat' dir='ltr'><strong>sitn.</strong></span> <span class='ocrx_word' id='word_1_140' title='bbox 893 803 995 838; x_wconf 72' lang='grc' dir='ltr'><strong>ι283</strong></span> 
     </span>
    </p>
   </div>
   <div class='ocr_carea' id='block_1_19' title="bbox 1045 212 1820 250">
    <p class='ocr_par' dir='ltr' id='par_1_19' title="bbox 1045 212 1820 250">
     <span class='ocr_line' id='line_1_19' title="bbox 1045 212 1820 250; baseline 0.001 -11"><span class='ocrx_word' id='word_1_141' title='bbox 1045 214 1155 249; x_wconf 82' lang='grc' dir='ltr'><strong>Πατέρα</strong></span> <span class='ocrx_word' id='word_1_142' title='bbox 1178 220 1240 249; x_wconf 79' lang='grc' dir='ltr'>μου,</span> <span class='ocrx_word' id='word_1_143' title='bbox 1254 223 1263 240; x_wconf 75' lang='grc' dir='ltr'><strong>ι</strong></span> <span class='ocrx_word' id='word_1_144' title='bbox 1291 214 1394 241; x_wconf 74' lang='grc' dir='ltr'>ταῦτα’</span> <span class='ocrx_word' id='word_1_145' title='bbox 1413 223 1421 239; x_wconf 82' lang='grc' dir='ltr'><strong>ι</strong></span> <span class='ocrx_word' id='word_1_146' title='bbox 1435 212 1523 241; x_wconf 75' lang='grc' dir='ltr'>Εἶπαν</span> <span class='ocrx_word' id='word_1_147' title='bbox 1547 212 1594 241; x_wconf 82' lang='grc' dir='ltr'>οὖν</span> <span class='ocrx_word' id='word_1_148' title='bbox 1617 214 1696 249; x_wconf 73' lang='grc' dir='ltr'>αὐτῷ</span> <span class='ocrx_word' id='word_1_149' title='bbox 1713 214 1738 240; x_wconf 79' lang='lat' dir='ltr'><strong>oi</strong></span> <span class='ocrx_word' id='word_1_150' title='bbox 1754 215 1820 250; x_wconf 74' lang='grc' dir='ltr'>Φαρι-</span> 
     </span>
    </p>
   </div>
   <div class='ocr_carea' id='block_1_20' title="bbox 1046 258 1821 294">
    <p class='ocr_par' dir='ltr' id='par_1_20' title="bbox 1046 258 1821 294">
     <span class='ocr_line' id='line_1_20' title="bbox 1046 258 1821 294; baseline 0.001 -10"><span class='ocrx_word' id='word_1_151' title='bbox 1046 259 1132 284; x_wconf 73' lang='grc' dir='ltr'>σαῖοιο</span> <span class='ocrx_word' id='word_1_152' title='bbox 1164 258 1200 285; x_wconf 85' lang='grc' dir='ltr'><strong>Σὺ</strong></span> <span class='ocrx_word' id='word_1_153' title='bbox 1233 259 1297 294; x_wconf 78' lang='grc' dir='ltr'>περὶ</span> <span class='ocrx_word' id='word_1_154' title='bbox 1329 258 1443 286; x_wconf 84' lang='grc' dir='ltr'><strong>σεαυτοῦ</strong></span> <span class='ocrx_word' id='word_1_155' title='bbox 1472 260 1635 294; x_wconf 82' lang='grc' dir='ltr'><strong>μαρτυρεῖς,</strong></span> <span class='ocrx_word' id='word_1_156' title='bbox 1657 259 1674 294; x_wconf 80' lang='grc' dir='ltr'>ἡ</span> <span class='ocrx_word' id='word_1_157' title='bbox 1703 259 1821 293; x_wconf 74' lang='grc' dir='ltr'>μαρτυρία</span> 
     </span>
    </p>
   </div>
   <div class='ocr_carea' id='block_1_21' title="bbox 1047 302 1822 340">
    <p class='ocr_par' dir='ltr' id='par_1_21' title="bbox 1047 302 1822 340">
     <span class='ocr_line' id='line_1_21' title="bbox 1047 302 1822 340; baseline 0 -10"><span class='ocrx_word' id='word_1_158' title='bbox 1047 312 1093 330; x_wconf 92' lang='grc' dir='ltr'><strong>σου</strong></span> <span class='ocrx_word' id='word_1_159' title='bbox 1114 303 1164 330; x_wconf 85' lang='grc' dir='ltr'>οὐκ</span> <span class='ocrx_word' id='word_1_160' title='bbox 1183 304 1255 330; x_wconf 76' lang='grc' dir='ltr'>ἔστιν</span> <span class='ocrx_word' id='word_1_161' title='bbox 1272 304 1386 340; x_wconf 84' lang='grc' dir='ltr'><strong>ἀληθής.</strong></span> <span class='ocrx_word' id='word_1_162' title='bbox 1409 304 1558 340; x_wconf 79' lang='grc' dir='ltr'><strong>Ἀπεκρίθη</strong></span> <span class='ocrx_word' id='word_1_163' title='bbox 1574 306 1588 331; x_wconf 85' lang='grc' dir='ltr'>ὁ</span> <span class='ocrx_word' id='word_1_164' title='bbox 1606 304 1724 340; x_wconf 81' lang='grc' dir='ltr'>Ἰησοῦς,</span> <span class='ocrx_word' id='word_1_165' title='bbox 1739 305 1779 331; x_wconf 80' lang='grc' dir='ltr'>καὶ</span> <span class='ocrx_word' id='word_1_166' title='bbox 1794 302 1822 330; x_wconf 78' lang='grc' dir='ltr'><strong>εἷ-</strong></span> 
     </span>
    </p>
   </div>
   <div class='ocr_carea' id='block_1_22' title="bbox 1045 350 1822 387">
    <p class='ocr_par' dir='ltr' id='par_1_22' title="bbox 1045 350 1822 387">
     <span class='ocr_line' id='line_1_22' title="bbox 1045 350 1822 387; baseline 0.001 -11"><span class='ocrx_word' id='word_1_167' title='bbox 1045 358 1096 376; x_wconf 86' lang='grc' dir='ltr'><strong>πεν</strong></span> <span class='ocrx_word' id='word_1_168' title='bbox 1112 351 1218 382; x_wconf 84' lang='grc' dir='ltr'>αὐτοῖς·</span> <span class='ocrx_word' id='word_1_169' title='bbox 1244 350 1303 377; x_wconf 79' lang='grc' dir='ltr'>Κᾶν</span> <span class='ocrx_word' id='word_1_170' title='bbox 1322 350 1377 385; x_wconf 80' lang='grc' dir='ltr'><strong>ἐγὼ</strong></span> <span class='ocrx_word' id='word_1_171' title='bbox 1403 351 1535 387; x_wconf 77' lang='grc' dir='ltr'><strong>μαρτυρῶ</strong></span> <span class='ocrx_word' id='word_1_172' title='bbox 1548 351 1612 386; x_wconf 75' lang='grc' dir='ltr'>περὶ</span> <span class='ocrx_word' id='word_1_173' title='bbox 1628 351 1759 386; x_wconf 76' lang='grc' dir='ltr'>ἐμαυτοῦ,</span> <span class='ocrx_word' id='word_1_174' title='bbox 1772 351 1822 385; x_wconf 76' lang='grc' dir='ltr'>ἀλη-</span> 
     </span>
    </p>
   </div>
   <div class='ocr_carea' id='block_1_23' title="bbox 1046 394 1821 432">
    <p class='ocr_par' dir='ltr' id='par_1_23' title="bbox 1046 394 1821 432">
     <span class='ocr_line' id='line_1_23' title="bbox 1046 394 1821 432; baseline 0 -10"><span class='ocrx_word' id='word_1_175' title='bbox 1046 395 1095 431; x_wconf 86' lang='grc' dir='ltr'><strong>θής</strong></span> <span class='ocrx_word' id='word_1_176' title='bbox 1112 396 1185 422; x_wconf 81' lang='grc' dir='ltr'>ἐστιν</span> <span class='ocrx_word' id='word_1_177' title='bbox 1199 397 1215 431; x_wconf 91' lang='grc' dir='ltr'><strong>ἠ</strong></span> <span class='ocrx_word' id='word_1_178' title='bbox 1230 396 1368 432; x_wconf 82' lang='grc' dir='ltr'>μαρτυρία</span> <span class='ocrx_word' id='word_1_179' title='bbox 1385 405 1446 431; x_wconf 89' lang='grc' dir='ltr'>μου,</span> <span class='ocrx_word' id='word_1_180' title='bbox 1460 397 1500 423; x_wconf 81' lang='grc' dir='ltr'>ὅτι</span> <span class='ocrx_word' id='word_1_181' title='bbox 1513 394 1571 423; x_wconf 72' lang='grc' dir='ltr'>οἶδα</span> <span class='ocrx_word' id='word_1_182' title='bbox 1587 396 1670 423; x_wconf 85' lang='grc' dir='ltr'>πόθεν</span> <span class='ocrx_word' id='word_1_183' title='bbox 1684 394 1773 432; x_wconf 77' lang='grc' dir='ltr'>ἦλθον,</span> <span class='ocrx_word' id='word_1_184' title='bbox 1785 397 1821 422; x_wconf 80' lang='grc' dir='ltr'>καὶ</span> 
     </span>
    </p>
   </div>
   <div class='ocr_carea' id='block_1_24' title="bbox 1047 440 1819 478">
    <p class='ocr_par' dir='ltr' id='par_1_24' title="bbox 1047 440 1819 478">
     <span class='ocr_line' id='line_1_24' title="bbox 1047 440 1819 478; baseline 0.003 -12"><span class='ocrx_word' id='word_1_185' title='bbox 1047 440 1098 466; x_wconf 86' lang='grc' dir='ltr'><strong>ποῦ</strong></span> <span class='ocrx_word' id='word_1_186' title='bbox 1113 440 1210 475; x_wconf 80' lang='grc' dir='ltr'><strong>ὑπάγω</strong></span> <span class='ocrx_word' id='word_1_187' title='bbox 1220 449 1226 456; x_wconf 90' lang='grc'>·</span> <span class='ocrx_word' id='word_1_188' title='bbox 1245 441 1324 476; x_wconf 84' lang='grc' dir='ltr'><strong>ὑμεῖς</strong></span> <span class='ocrx_word' id='word_1_189' title='bbox 1339 441 1410 468; x_wconf 72' lang='grc' dir='ltr'>κατὰ</span> <span class='ocrx_word' id='word_1_190' title='bbox 1424 441 1473 477; x_wconf 81' lang='grc' dir='ltr'>τὴν</span> <span class='ocrx_word' id='word_1_191' title='bbox 1493 442 1581 478; x_wconf 82' lang='grc' dir='ltr'>σάρκα</span> <span class='ocrx_word' id='word_1_192' title='bbox 1597 442 1720 478; x_wconf 76' lang='grc' dir='ltr'><strong>κρίνετε,</strong></span> <span class='ocrx_word' id='word_1_193' title='bbox 1738 442 1785 476; x_wconf 72' lang='grc' dir='ltr'><strong>ἐγὼ</strong></span> <span class='ocrx_word' id='word_1_194' title='bbox 1796 443 1819 469; x_wconf 68' lang='grc' dir='ltr'>οὗ</span> 
     </span>
    </p>
   </div>
   <div class='ocr_carea' id='block_1_25' title="bbox 1046 485 1818 523">
    <p class='ocr_par' dir='ltr' id='par_1_25' title="bbox 1046 485 1818 523">
     <span class='ocr_line' id='line_1_25' title="bbox 1046 485 1818 523; baseline 0.003 -11"><span class='ocrx_word' id='word_1_195' title='bbox 1046 485 1130 521; x_wconf 86' lang='grc' dir='ltr'>κρίνω</span> <span class='ocrx_word' id='word_1_196' title='bbox 1153 486 1263 513; x_wconf 82' lang='grc' dir='ltr'><strong>οὐδένα·</strong></span> <span class='ocrx_word' id='word_1_197' title='bbox 1281 487 1328 513; x_wconf 76' lang='grc' dir='ltr'>καὶ</span> <span class='ocrx_word' id='word_1_198' title='bbox 1351 487 1398 514; x_wconf 76' lang='grc' dir='ltr'>ἐὰν</span> <span class='ocrx_word' id='word_1_199' title='bbox 1421 487 1507 522; x_wconf 88' lang='grc' dir='ltr'>κρίνω</span> <span class='ocrx_word' id='word_1_200' title='bbox 1529 487 1558 513; x_wconf 80' lang='grc' dir='ltr'>δὲ</span> <span class='ocrx_word' id='word_1_201' title='bbox 1580 487 1645 522; x_wconf 75' lang='grc' dir='ltr'><strong>ἐγὼ,</strong></span> <span class='ocrx_word' id='word_1_202' title='bbox 1669 489 1688 523; x_wconf 84' lang='grc' dir='ltr'>ἡ</span> <span class='ocrx_word' id='word_1_203' title='bbox 1714 488 1818 523; x_wconf 71' lang='grc' dir='ltr'>κρίσιςή</span> 
     </span>
    </p>
   </div>
   <div class='ocr_carea' id='block_1_26' title="bbox 1046 532 1818 569">
    <p class='ocr_par' dir='ltr' id='par_1_26' title="bbox 1046 532 1818 569">
     <span class='ocr_line' id='line_1_26' title="bbox 1046 532 1818 569; baseline 0 -11"><span class='ocrx_word' id='word_1_204' title='bbox 1046 533 1100 567; x_wconf 80' lang='grc' dir='ltr'><strong>ὲμὴ</strong></span> <span class='ocrx_word' id='word_1_205' title='bbox 1125 532 1238 568; x_wconf 81' lang='grc' dir='ltr'>ἀληθινή</span> <span class='ocrx_word' id='word_1_206' title='bbox 1262 533 1347 564; x_wconf 77' lang='grc' dir='ltr'>ἐστιν,</span> <span class='ocrx_word' id='word_1_207' title='bbox 1374 533 1415 559; x_wconf 81' lang='grc' dir='ltr'>ὅτι</span> <span class='ocrx_word' id='word_1_208' title='bbox 1441 533 1521 568; x_wconf 85' lang='grc' dir='ltr'>μόνος</span> <span class='ocrx_word' id='word_1_209' title='bbox 1543 533 1592 559; x_wconf 75' lang='grc' dir='ltr'>οὐκ</span> <span class='ocrx_word' id='word_1_210' title='bbox 1609 533 1683 569; x_wconf 81' lang='grc' dir='ltr'>είμί,</span> <span class='ocrx_word' id='word_1_211' title='bbox 1705 533 1761 560; x_wconf 71' lang='grc' dir='ltr'>ἀλλ’</span> <span class='ocrx_word' id='word_1_212' title='bbox 1778 534 1818 567; x_wconf 71' lang='grc' dir='ltr'><strong>ἐγὼ</strong></span> 
     </span>
    </p>
   </div>
   <div class='ocr_carea' id='block_1_27' title="bbox 1045 576 1820 614">
    <p class='ocr_par' dir='ltr' id='par_1_27' title="bbox 1045 576 1820 614">
     <span class='ocr_line' id='line_1_27' title="bbox 1045 576 1820 614; baseline 0.001 -10"><span class='ocrx_word' id='word_1_213' title='bbox 1045 578 1093 605; x_wconf 77' lang='grc' dir='ltr'>καὶ</span> <span class='ocrx_word' id='word_1_214' title='bbox 1109 579 1123 604; x_wconf 83' lang='grc' dir='ltr'>ὁ</span> <span class='ocrx_word' id='word_1_215' title='bbox 1139 578 1250 613; x_wconf 77' lang='grc' dir='ltr'>πέμψας</span> <span class='ocrx_word' id='word_1_216' title='bbox 1267 587 1300 613; x_wconf 87' lang='grc' dir='ltr'><strong>με</strong></span> <span class='ocrx_word' id='word_1_217' title='bbox 1320 578 1442 614; x_wconf 75' lang='grc' dir='ltr'><strong>Πατήρ.»</strong></span> <span class='ocrx_word' id='word_1_218' title='bbox 1459 579 1542 614; x_wconf 85' lang='grc' dir='ltr'>Δῆλον</span> <span class='ocrx_word' id='word_1_219' title='bbox 1557 576 1603 605; x_wconf 83' lang='grc' dir='ltr'><strong>οῦν</strong></span> <span class='ocrx_word' id='word_1_220' title='bbox 1614 580 1646 605; x_wconf 83' lang='grc' dir='ltr'>ὲκ</span> <span class='ocrx_word' id='word_1_221' title='bbox 1667 579 1778 611; x_wconf 76' lang='grc' dir='ltr'>τούτων,</span> <span class='ocrx_word' id='word_1_222' title='bbox 1789 579 1820 605; x_wconf 65' lang='grc' dir='ltr'><strong>δτι</strong></span> 
     </span>
    </p>
   </div>
   <div class='ocr_carea' id='block_1_28' title="bbox 1045 624 1821 660">
    <p class='ocr_par' dir='ltr' id='par_1_28' title="bbox 1045 624 1821 660">
     <span class='ocr_line' id='line_1_28' title="bbox 1045 624 1821 660; baseline 0.003 -10"><span class='ocrx_word' id='word_1_223' title='bbox 1045 624 1097 651; x_wconf 80' lang='grc' dir='ltr'>ὑπὸ</span> <span class='ocrx_word' id='word_1_224' title='bbox 1121 625 1169 659; x_wconf 81' lang='grc' dir='ltr'>μὲν</span> <span class='ocrx_word' id='word_1_225' title='bbox 1188 624 1241 651; x_wconf 85' lang='grc' dir='ltr'>τῶν</span> <span class='ocrx_word' id='word_1_226' title='bbox 1261 625 1480 660; x_wconf 82' lang='grc' dir='ltr'><strong>Ἱεροσολυμιτῶν</strong></span> <span class='ocrx_word' id='word_1_227' title='bbox 1502 625 1627 660; x_wconf 76' lang='grc' dir='ltr'>ἐλέγετο,</span> <span class='ocrx_word' id='word_1_228' title='bbox 1653 635 1662 651; x_wconf 83' lang='lat' dir='ltr'><strong>t</strong></span> <span class='ocrx_word' id='word_1_229' title='bbox 1679 625 1776 652; x_wconf 84' lang='grc' dir='ltr'>Τοῦτον</span> <span class='ocrx_word' id='word_1_230' title='bbox 1792 626 1821 652; x_wconf 80' lang='grc' dir='ltr'>οἴ-</span> 
     </span>
    </p>
   </div>
   <div class='ocr_carea' id='block_1_29' title="bbox 1045 669 1822 705">
    <p class='ocr_par' dir='ltr' id='par_1_29' title="bbox 1045 669 1822 705">
     <span class='ocr_line' id='line_1_29' title="bbox 1045 669 1822 705; baseline 0.001 -10"><span class='ocrx_word' id='word_1_231' title='bbox 1045 669 1130 704; x_wconf 85' lang='grc' dir='ltr'>δαμεν</span> <span class='ocrx_word' id='word_1_232' title='bbox 1154 669 1234 696; x_wconf 86' lang='grc' dir='ltr'>πόθεν</span> <span class='ocrx_word' id='word_1_233' title='bbox 1254 669 1338 702; x_wconf 71' lang='grc' dir='ltr'>ὲστῖν,</span> <span class='ocrx_word' id='word_1_234' title='bbox 1352 679 1361 695; x_wconf 76' lang='grc' dir='ltr'><strong>ι</strong></span> <span class='ocrx_word' id='word_1_235' title='bbox 1385 670 1576 705; x_wconf 81' lang='grc' dir='ltr'><strong>ἀναφερόντων</strong></span> <span class='ocrx_word' id='word_1_236' title='bbox 1599 670 1646 696; x_wconf 75' lang='grc' dir='ltr'><strong>ἐπὶ</strong></span> <span class='ocrx_word' id='word_1_237' title='bbox 1662 670 1695 696; x_wconf 83' lang='grc' dir='ltr'><strong>τὺ</strong></span> <span class='ocrx_word' id='word_1_238' title='bbox 1717 670 1746 696; x_wconf 84' lang='grc' dir='ltr'>ὲν</span> <span class='ocrx_word' id='word_1_239' title='bbox 1765 670 1822 705; x_wconf 78' lang='grc' dir='ltr'><strong>Βηθ-</strong></span> 
     </span>
    </p>
   </div>
   <div class='ocr_carea' id='block_1_30' title="bbox 1046 715 1824 752">
    <p class='ocr_par' dir='ltr' id='par_1_30' title="bbox 1046 715 1824 752">
     <span class='ocr_line' id='line_1_30' title="bbox 1046 715 1824 752; baseline 0.003 -10"><span class='ocrx_word' id='word_1_240' title='bbox 1046 715 1200 751; x_wconf 84' lang='grc' dir='ltr'>λεὲμαὺτὺν</span> <span class='ocrx_word' id='word_1_241' title='bbox 1213 716 1376 751; x_wconf 83' lang='grc' dir='ltr'>γεγενῆσθαι</span> <span class='ocrx_word' id='word_1_242' title='bbox 1392 717 1439 743; x_wconf 77' lang='grc' dir='ltr'>καὶ</span> <span class='ocrx_word' id='word_1_243' title='bbox 1455 717 1646 752; x_wconf 75' lang='grc' dir='ltr'><strong>ἐπισταμένων</strong></span> <span class='ocrx_word' id='word_1_244' title='bbox 1660 715 1697 752; x_wconf 82' lang='grc' dir='ltr'>ἦν</span> <span class='ocrx_word' id='word_1_245' title='bbox 1707 717 1824 752; x_wconf 73' lang='lat' dir='ltr'><strong>(97‘),?/:t</strong></span> 
     </span>
    </p>
   </div>
   <div class='ocr_carea' id='block_1_31' title="bbox 1046 756 1824 798">
    <p class='ocr_par' dir='ltr' id='par_1_31' title="bbox 1046 756 1824 798">
     <span class='ocr_line' id='line_1_31' title="bbox 1046 756 1824 798; baseline 0.001 -11"><span class='ocrx_word' id='word_1_246' title='bbox 1046 756 1123 793; x_wconf 71' lang='grc' dir='ltr'>οὗτος</span> <span class='ocrx_word' id='word_1_247' title='bbox 1137 759 1170 797; x_wconf 82' lang='grc' dir='ltr'><strong>ἧν</strong></span> <span class='ocrx_word' id='word_1_248' title='bbox 1185 759 1215 788; x_wconf 77' lang='grc' dir='ltr'><strong>οῦ</strong></span> <span class='ocrx_word' id='word_1_249' title='bbox 1230 762 1246 797; x_wconf 87' lang='grc' dir='ltr'>ὴ</span> <span class='ocrx_word' id='word_1_250' title='bbox 1263 762 1354 797; x_wconf 82' lang='grc' dir='ltr'>μήτηρ</span> <span class='ocrx_word' id='word_1_251' title='bbox 1370 762 1477 797; x_wconf 72' lang='grc' dir='ltr'>ἐλέγετο</span> <span class='ocrx_word' id='word_1_252' title='bbox 1493 763 1596 798; x_wconf 87' lang='grc' dir='ltr'>Μαρία,</span> <span class='ocrx_word' id='word_1_253' title='bbox 1619 763 1667 790; x_wconf 69' lang='grc' dir='ltr'>καὶ</span> <span class='ocrx_word' id='word_1_254' title='bbox 1684 764 1710 790; x_wconf 85' lang='grc' dir='ltr'>οἱ</span> <span class='ocrx_word' id='word_1_255' title='bbox 1730 763 1824 797; x_wconf 62' lang='grc' dir='ltr'>ἀδελοῶ</span> 
     </span>
    </p>
   </div>
   <div class='ocr_carea' id='block_1_32' title="bbox 1047 805 1822 843">
    <p class='ocr_par' dir='ltr' id='par_1_32' title="bbox 1047 805 1822 843">
     <span class='ocr_line' id='line_1_32' title="bbox 1047 805 1822 843; baseline 0.003 -11"><span class='ocrx_word' id='word_1_256' title='bbox 1047 806 1128 832; x_wconf 79' lang='grc' dir='ltr'>αὑτοῦ</span> <span class='ocrx_word' id='word_1_257' title='bbox 1149 805 1289 838; x_wconf 79' lang='grc' dir='ltr'>Ἰάκωϐος,</span> <span class='ocrx_word' id='word_1_258' title='bbox 1310 807 1358 833; x_wconf 79' lang='grc' dir='ltr'><strong>καὶ</strong></span> <span class='ocrx_word' id='word_1_259' title='bbox 1377 807 1519 843; x_wconf 85' lang='grc' dir='ltr'>Ἰωάννης,</span> <span class='ocrx_word' id='word_1_260' title='bbox 1536 808 1583 834; x_wconf 76' lang='grc' dir='ltr'>καὶ</span> <span class='ocrx_word' id='word_1_261' title='bbox 1601 808 1694 843; x_wconf 87' lang='grc' dir='ltr'>Σίμων</span> <span class='ocrx_word' id='word_1_262' title='bbox 1714 808 1822 838; x_wconf 81' lang='grc' dir='ltr'>Ἰούδας·</span> 
     </span>
    </p>
   </div>
   <div class='ocr_carea' id='block_1_33' title="bbox 208 837 998 888">
    <p class='ocr_par' dir='ltr' id='par_1_33' title="bbox 208 849 993 881">
     <span class='ocr_line' id='line_1_33' title="bbox 208 849 993 881; baseline -0.009 0"><span class='ocrx_word' id='word_1_263' title='bbox 208 856 242 881; x_wconf 69' lang='lat' dir='ltr'><strong>At</strong></span> <span class='ocrx_word' id='word_1_264' title='bbox 272 853 417 880; x_wconf 71' lang='lat' dir='ltr'><strong>Pitarisaeis</strong></span> <span class='ocrx_word' id='word_1_265' title='bbox 447 851 481 879; x_wconf 90' lang='lat' dir='ltr'><strong>dc</strong></span> <span class='ocrx_word' id='word_1_266' title='bbox 508 851 634 878; x_wconf 87' lang='lat' dir='ltr'><strong>diviniori</strong></span> <span class='ocrx_word' id='word_1_267' title='bbox 658 855 755 877; x_wconf 85' lang='lat' dir='ltr'><strong>natura</strong></span> <span class='ocrx_word' id='word_1_268' title='bbox 782 849 930 881; x_wconf 83' lang='lat' dir='ltr'><strong>disserens,</strong></span> <span class='ocrx_word' id='word_1_269' title='bbox 951 852 993 879; x_wconf 82' lang='lat' dir='ltr'><strong>et,</strong></span> 
     </span>
    </p>
   </div>
   <div class='ocr_carea' id='block_1_34' title="bbox 1100 837 1824 888">
    <p class='ocr_par' dir='ltr' id='par_1_34' title="bbox 1100 837 1824 888">
     <span class='ocr_line' id='line_1_34' title="bbox 1100 837 1824 888; baseline 0.001 -10"><span class='ocrx_word' id='word_1_270' title='bbox 1100 860 1141 887; x_wconf 70' lang='grc' dir='ltr'>περ</span> <span class='ocrx_word' id='word_1_271' title='bbox 1168 851 1215 878; x_wconf 77' lang='grc' dir='ltr'>καὶ</span> <span class='ocrx_word' id='word_1_272' title='bbox 1247 837 1381 888; x_wconf 78' lang='grc' dir='ltr'>μαρτυρεί</span> <span class='ocrx_word' id='word_1_273' title='bbox 1410 854 1467 884; x_wconf 85' lang='grc' dir='ltr'>τοῖς</span> <span class='ocrx_word' id='word_1_274' title='bbox 1483 837 1658 888; x_wconf 43' lang='grc' dir='ltr'>,εἴρηκόσιιλ</span> <span class='ocrx_word' id='word_1_275' title='bbox 1688 862 1697 878; x_wconf 84' lang='lat' dir='ltr'><strong>t</strong></span> <span class='ocrx_word' id='word_1_276' title='bbox 1721 837 1824 888; x_wconf 66' lang='grc' dir='ltr'>Οἴδαμεν</span> 
     </span>
    </p>
   </div>
   <div class='ocr_carea' id='block_1_35' title="bbox 207 894 994 934">
    <p class='ocr_par' dir='ltr' id='par_1_35' title="bbox 207 894 994 934">
     <span class='ocr_line' id='line_1_35' title="bbox 207 894 994 934; baseline -0.009 -7"><span class='ocrx_word' id='word_1_277' title='bbox 207 906 238 928; x_wconf 88' lang='grc' dir='ltr'><strong>ιιι</strong></span> <span class='ocrx_word' id='word_1_278' title='bbox 259 899 358 934; x_wconf 83' lang='lat' dir='ltr'><strong>aliquis</strong></span> <span class='ocrx_word' id='word_1_279' title='bbox 385 899 500 929; x_wconf 85' lang='lat' dir='ltr'><strong>diceret,</strong></span> <span class='ocrx_word' id='word_1_280' title='bbox 526 898 552 924; x_wconf 94' lang='lat' dir='ltr'><strong>in</strong></span> <span class='ocrx_word' id='word_1_281' title='bbox 576 901 706 932; x_wconf 84' lang='lat' dir='ltr'><strong>quantum</strong></span> <span class='ocrx_word' id='word_1_282' title='bbox 732 899 773 923; x_wconf 89' lang='lat' dir='ltr'><strong>est</strong></span> <span class='ocrx_word' id='word_1_283' title='bbox 799 894 994 929; x_wconf 77' lang='lat' dir='ltr'><strong>primogenitus</strong></span> 
     </span>
    </p>
   </div>
   <div class='ocr_carea' id='block_1_36' title="bbox 208 939 995 976">
    <p class='ocr_par' dir='ltr' id='par_1_36' title="bbox 208 939 995 976">
     <span class='ocr_line' id='line_1_36' title="bbox 208 939 995 976; baseline -0.01 -3"><span class='ocrx_word' id='word_1_284' title='bbox 208 946 297 973; x_wconf 88' lang='lat' dir='ltr'><strong>omnis</strong></span> <span class='ocrx_word' id='word_1_285' title='bbox 309 949 452 976; x_wconf 62' lang='lat' dir='ltr'><strong>creaturae,</strong></span> <span class='ocrx_word' id='word_1_286' title='bbox 466 944 522 970; x_wconf 78' lang='lat' dir='ltr'><strong>haec</strong></span> <span class='ocrx_word' id='word_1_287' title='bbox 543 943 611 970; x_wconf 85' lang='lat' dir='ltr'><strong>dixit</strong></span> <span class='ocrx_word' id='word_1_288' title='bbox 628 951 634 969; x_wconf 94' lang='lat'>:</span> <span class='ocrx_word' id='word_1_289' title='bbox 654 951 663 967; x_wconf 83' lang='lat' dir='ltr'><strong>t</strong></span> <span class='ocrx_word' id='word_1_290' title='bbox 674 941 786 968; x_wconf 85' lang='lat' dir='ltr'><strong>Etiamsi</strong></span> <span class='ocrx_word' id='word_1_291' title='bbox 803 947 853 975; x_wconf 71' lang='lat' dir='ltr'><strong>ego</strong></span> <span class='ocrx_word' id='word_1_292' title='bbox 865 939 995 967; x_wconf 87' lang='lat' dir='ltr'><strong>testiﬁcor</strong></span> 
     </span>
    </p>
   </div>
   <div class='ocr_carea' id='block_1_37' title="bbox 208 984 993 1026">
    <p class='ocr_par' dir='ltr' id='par_1_37' title="bbox 208 984 993 1026">
     <span class='ocr_line' id='line_1_37' title="bbox 208 984 993 1026; baseline -0.01 -6"><span class='ocrx_word' id='word_1_293' title='bbox 208 992 242 1020; x_wconf 81' lang='lat' dir='ltr'><strong>de</strong></span> <span class='ocrx_word' id='word_1_294' title='bbox 261 999 303 1019; x_wconf 84' lang='lat' dir='ltr'><strong>me</strong></span> <span class='ocrx_word' id='word_1_295' title='bbox 330 991 398 1026; x_wconf 86' lang='lat' dir='ltr'><strong>ipso,</strong></span> <span class='ocrx_word' id='word_1_296' title='bbox 427 988 613 1018; x_wconf 87' lang='lat' dir='ltr'><strong>testimonium</strong></span> <span class='ocrx_word' id='word_1_297' title='bbox 630 994 719 1014; x_wconf 90' lang='lat' dir='ltr'><strong>meum</strong></span> <span class='ocrx_word' id='word_1_298' title='bbox 744 993 838 1013; x_wconf 89' lang='lat' dir='ltr'><strong>verum</strong></span> <span class='ocrx_word' id='word_1_299' title='bbox 856 990 912 1016; x_wconf 88' lang='lat' dir='ltr'><strong>est,</strong></span> <span class='ocrx_word' id='word_1_300' title='bbox 930 984 993 1019; x_wconf 86' lang='lat' dir='ltr'><strong>quia</strong></span> 
     </span>
    </p>
   </div>
   <div class='ocr_carea' id='block_1_38' title="bbox 209 1031 995 1070">
    <p class='ocr_par' dir='ltr' id='par_1_38' title="bbox 209 1031 995 1070">
     <span class='ocr_line' id='line_1_38' title="bbox 209 1031 995 1070; baseline -0.01 -5"><span class='ocrx_word' id='word_1_301' title='bbox 209 1038 266 1065; x_wconf 82' lang='lat' dir='ltr'><strong>Scio</strong></span> <span class='ocrx_word' id='word_1_302' title='bbox 285 1037 356 1064; x_wconf 86' lang='lat' dir='ltr'><strong>unde</strong></span> <span class='ocrx_word' id='word_1_303' title='bbox 371 1037 432 1063; x_wconf 88' lang='lat' dir='ltr'><strong>veni</strong></span> <span class='ocrx_word' id='word_1_304' title='bbox 447 1040 474 1063; x_wconf 91' lang='lat' dir='ltr'><strong>et</strong></span> <span class='ocrx_word' id='word_1_305' title='bbox 485 1043 538 1070; x_wconf 90' lang='lat' dir='ltr'><strong>quo</strong></span> <span class='ocrx_word' id='word_1_306' title='bbox 555 1034 623 1060; x_wconf 88' lang='lat' dir='ltr'><strong>vado</strong></span> <span class='ocrx_word' id='word_1_307' title='bbox 634 1033 668 1059; x_wconf 70' lang='lat'><strong>’9.</strong></span> <span class='ocrx_word' id='word_1_308' title='bbox 681 1042 690 1059; x_wconf 77' lang='grc' dir='ltr'><strong>ι</strong></span> <span class='ocrx_word' id='word_1_309' title='bbox 709 1031 891 1066; x_wconf 77' lang='lat' dir='ltr'><strong>Quamobrem</strong></span> <span class='ocrx_word' id='word_1_310' title='bbox 909 1031 995 1058; x_wconf 89' lang='lat' dir='ltr'><strong>inter-</strong></span> 
     </span>
    </p>
   </div>
   <div class='ocr_carea' id='block_1_39' title="bbox 209 1076 993 1118">
    <p class='ocr_par' dir='ltr' id='par_1_39' title="bbox 209 1076 993 1118">
     <span class='ocr_line' id='line_1_39' title="bbox 209 1076 993 1118; baseline -0.009 -7"><span class='ocrx_word' id='word_1_311' title='bbox 209 1083 366 1118; x_wconf 75' lang='lat' dir='ltr'><strong>rogantibus</strong></span> <span class='ocrx_word' id='word_1_312' title='bbox 394 1089 457 1109; x_wconf 87' lang='lat' dir='ltr'><strong>etttn</strong></span> <span class='ocrx_word' id='word_1_313' title='bbox 474 1085 567 1108; x_wconf 87' lang='lat' dir='ltr'><strong>contra</strong></span> <span class='ocrx_word' id='word_1_314' title='bbox 586 1079 654 1111; x_wconf 54' lang='lat' dir='ltr'><strong>hac,</strong></span> <span class='ocrx_word' id='word_1_315' title='bbox 678 1083 706 1105; x_wconf 91' lang='lat' dir='ltr'><strong>et</strong></span> <span class='ocrx_word' id='word_1_316' title='bbox 732 1077 894 1109; x_wconf 84' lang='lat' dir='ltr'><strong>dicentibus,</strong></span> <span class='ocrx_word' id='word_1_317' title='bbox 915 1085 924 1102; x_wconf 87' lang='grc'><em>‹</em></span> <span class='ocrx_word' id='word_1_318' title='bbox 943 1076 993 1104; x_wconf 88' lang='lat' dir='ltr'><strong>Ubi</strong></span> 
     </span>
    </p>
   </div>
   <div class='ocr_carea' id='block_1_40' title="bbox 208 1121 993 1160">
    <p class='ocr_par' dir='ltr' id='par_1_40' title="bbox 208 1121 993 1160">
     <span class='ocr_line' id='line_1_40' title="bbox 208 1121 993 1160; baseline -0.011 -4"><span class='ocrx_word' id='word_1_319' title='bbox 208 1134 250 1156; x_wconf 88' lang='lat' dir='ltr'><strong>est</strong></span> <span class='ocrx_word' id='word_1_320' title='bbox 266 1128 352 1155; x_wconf 58' lang='lat' dir='ltr'><strong>&#39;Pater</strong></span> <span class='ocrx_word' id='word_1_321' title='bbox 374 1132 437 1154; x_wconf 89' lang='lat' dir='ltr'><strong>tuus</strong></span> <span class='ocrx_word' id='word_1_322' title='bbox 451 1126 490 1154; x_wconf 64' lang='grc' dir='ltr'><strong>ὀἳ</strong></span> <span class='ocrx_word' id='word_1_323' title='bbox 507 1135 517 1152; x_wconf 79' lang='grc'><strong>›</strong></span> <span class='ocrx_word' id='word_1_324' title='bbox 537 1124 694 1160; x_wconf 82' lang='lat' dir='ltr'><strong>respondet,</strong></span> <span class='ocrx_word' id='word_1_325' title='bbox 710 1127 740 1150; x_wconf 90' lang='lat' dir='ltr'><strong>ut</strong></span> <span class='ocrx_word' id='word_1_326' title='bbox 764 1121 864 1157; x_wconf 88' lang='lat' dir='ltr'><strong>aliquis</strong></span> <span class='ocrx_word' id='word_1_327' title='bbox 878 1122 993 1154; x_wconf 85' lang='lat' dir='ltr'><strong>diceret,</strong></span> 
     </span>
    </p>
   </div>
   <div class='ocr_carea' id='block_1_41' title="bbox 209 1167 990 1206">
    <p class='ocr_par' dir='ltr' id='par_1_41' title="bbox 209 1167 990 1206">
     <span class='ocr_line' id='line_1_41' title="bbox 209 1167 990 1206; baseline -0.012 -4"><span class='ocrx_word' id='word_1_328' title='bbox 209 1175 277 1202; x_wconf 84' lang='lat' dir='ltr'><strong>alius</strong></span> <span class='ocrx_word' id='word_1_329' title='bbox 294 1174 427 1201; x_wconf 76' lang='lat' dir='ltr'><strong>exsistens</strong></span> <span class='ocrx_word' id='word_1_330' title='bbox 442 1172 476 1199; x_wconf 87' lang='lat' dir='ltr'><strong>ab</strong></span> <span class='ocrx_word' id='word_1_331' title='bbox 497 1179 529 1199; x_wconf 88' lang='lat' dir='ltr'><strong>eo</strong></span> <span class='ocrx_word' id='word_1_332' title='bbox 552 1171 599 1206; x_wconf 86' lang='lat' dir='ltr'><strong>qui</strong></span> <span class='ocrx_word' id='word_1_333' title='bbox 616 1170 699 1202; x_wconf 82' lang='lat' dir='ltr'><strong>dicit,</strong></span> <span class='ocrx_word' id='word_1_334' title='bbox 717 1178 726 1195; x_wconf 85' lang='lat' dir='ltr'><strong>t</strong></span> <span class='ocrx_word' id='word_1_335' title='bbox 739 1169 771 1196; x_wconf 84' lang='lat' dir='ltr'><strong>Et</strong></span> <span class='ocrx_word' id='word_1_336' title='bbox 787 1176 830 1196; x_wconf 88' lang='lat' dir='ltr'><strong>me</strong></span> <span class='ocrx_word' id='word_1_337' title='bbox 842 1167 920 1195; x_wconf 85' lang='lat' dir='ltr'><strong>scitis</strong></span> <span class='ocrx_word' id='word_1_338' title='bbox 931 1167 965 1199; x_wconf 76' lang='lat'><strong>“,</strong></span> <span class='ocrx_word' id='word_1_339' title='bbox 980 1175 990 1192; x_wconf 72' lang='grc' dir='ltr'><strong>ι</strong></span> 
     </span>
    </p>
   </div>
   <div class='ocr_carea' id='block_1_42' title="bbox 209 1215 992 1255">
    <p class='ocr_par' dir='ltr' id='par_1_42' title="bbox 209 1215 992 1255">
     <span class='ocr_line' id='line_1_42' title="bbox 209 1215 992 1255; baseline -0.01 -7"><span class='ocrx_word' id='word_1_340' title='bbox 209 1227 236 1248; x_wconf 88' lang='lat' dir='ltr'><strong>ct</strong></span> <span class='ocrx_word' id='word_1_341' title='bbox 255 1220 343 1255; x_wconf 87' lang='lat' dir='ltr'><strong>inquit</strong></span> <span class='ocrx_word' id='word_1_342' title='bbox 358 1229 364 1246; x_wconf 91' lang='lat'>:</span> <span class='ocrx_word' id='word_1_343' title='bbox 384 1229 392 1245; x_wconf 84' lang='grc' dir='ltr'><strong>ι</strong></span> <span class='ocrx_word' id='word_1_344' title='bbox 410 1218 502 1254; x_wconf 81' lang='lat' dir='ltr'><strong>Neque</strong></span> <span class='ocrx_word' id='word_1_345' title='bbox 512 1225 555 1246; x_wconf 88' lang='lat' dir='ltr'><strong>me</strong></span> <span class='ocrx_word' id='word_1_346' title='bbox 569 1217 657 1250; x_wconf 84' lang='lat' dir='ltr'><strong>scitis,</strong></span> <span class='ocrx_word' id='word_1_347' title='bbox 675 1223 762 1251; x_wconf 84' lang='lat' dir='ltr'><strong>neque</strong></span> <span class='ocrx_word' id='word_1_348' title='bbox 775 1215 884 1242; x_wconf 82' lang='lat' dir='ltr'><strong>Patrem</strong></span> <span class='ocrx_word' id='word_1_349' title='bbox 904 1221 992 1241; x_wconf 89' lang='lat' dir='ltr'><strong>meum</strong></span> 
     </span>
    </p>
   </div>
   <div class='ocr_carea' id='block_1_43' title="bbox 209 1260 992 1294">
    <p class='ocr_par' dir='ltr' id='par_1_43' title="bbox 209 1260 992 1294">
     <span class='ocr_line' id='line_1_43' title="bbox 209 1260 992 1294; baseline -0.01 0"><span class='ocrx_word' id='word_1_350' title='bbox 209 1267 264 1293; x_wconf 68' lang='grc' dir='ltr'><strong>δ’.»</strong></span> <span class='ocrx_word' id='word_1_351' title='bbox 279 1266 412 1294; x_wconf 78' lang='lat' dir='ltr'><strong>Czeterum</strong></span> <span class='ocrx_word' id='word_1_352' title='bbox 427 1265 552 1292; x_wconf 85' lang='lat' dir='ltr'><strong>ruditatis</strong></span> <span class='ocrx_word' id='word_1_353' title='bbox 573 1263 775 1290; x_wconf 60' lang='lat' dir='ltr'><strong>Pharisaeorum</strong></span> <span class='ocrx_word' id='word_1_354' title='bbox 791 1265 861 1294; x_wconf 90' lang='lat' dir='ltr'><strong>erat,</strong></span> <span class='ocrx_word' id='word_1_355' title='bbox 883 1260 924 1287; x_wconf 85' lang='lat' dir='ltr'><strong>vel</strong></span> <span class='ocrx_word' id='word_1_356' title='bbox 939 1267 992 1287; x_wconf 88' lang='lat' dir='ltr'><strong>tton</strong></span> 
     </span>
    </p>
   </div>
   <div class='ocr_carea' id='block_1_44' title="bbox 208 1305 992 1347">
    <p class='ocr_par' dir='ltr' id='par_1_44' title="bbox 208 1305 992 1347">
     <span class='ocr_line' id='line_1_44' title="bbox 208 1305 992 1347; baseline -0.011 -7"><span class='ocrx_word' id='word_1_357' title='bbox 208 1312 360 1347; x_wconf 75' lang='lat' dir='ltr'><strong>intelligere</strong></span> <span class='ocrx_word' id='word_1_358' title='bbox 381 1310 473 1338; x_wconf 83' lang='lat' dir='ltr'><strong>Jesum</strong></span> <span class='ocrx_word' id='word_1_359' title='bbox 491 1310 523 1337; x_wconf 84' lang='lat' dir='ltr'><strong>de</strong></span> <span class='ocrx_word' id='word_1_360' title='bbox 540 1309 594 1336; x_wconf 84' lang='lat' dir='ltr'><strong>Deo</strong></span> <span class='ocrx_word' id='word_1_361' title='bbox 618 1308 809 1336; x_wconf 72' lang='lat' dir='ltr'><strong>universorum</strong></span> <span class='ocrx_word' id='word_1_362' title='bbox 827 1306 911 1341; x_wconf 89' lang='lat' dir='ltr'><strong>loqtti,</strong></span> <span class='ocrx_word' id='word_1_363' title='bbox 928 1305 992 1332; x_wconf 88' lang='lat' dir='ltr'><strong>dum</strong></span> 
     </span>
    </p>
   </div>
   <div class='ocr_carea' id='block_1_45' title="bbox 209 1351 993 1390">
    <p class='ocr_par' dir='ltr' id='par_1_45' title="bbox 209 1351 993 1390">
     <span class='ocr_line' id='line_1_45' title="bbox 209 1351 993 1390; baseline -0.013 -3"><span class='ocrx_word' id='word_1_364' title='bbox 209 1359 324 1390; x_wconf 88' lang='lat' dir='ltr'><strong>diceret,</strong></span> <span class='ocrx_word' id='word_1_365' title='bbox 355 1367 364 1384; x_wconf 76' lang='grc' dir='ltr'><strong>ι</strong></span> <span class='ocrx_word' id='word_1_366' title='bbox 379 1356 554 1384; x_wconf 80' lang='lat' dir='ltr'><strong>Trstilicatur</strong></span> <span class='ocrx_word' id='word_1_367' title='bbox 568 1356 602 1382; x_wconf 92' lang='lat' dir='ltr'><strong>de</strong></span> <span class='ocrx_word' id='word_1_368' title='bbox 616 1361 669 1386; x_wconf 85' lang='lat' dir='ltr'><strong>me,</strong></span> <span class='ocrx_word' id='word_1_369' title='bbox 685 1353 731 1388; x_wconf 89' lang='lat' dir='ltr'><strong>qui</strong></span> <span class='ocrx_word' id='word_1_370' title='bbox 748 1352 822 1380; x_wconf 89' lang='lat' dir='ltr'><strong>misit</strong></span> <span class='ocrx_word' id='word_1_371' title='bbox 842 1359 894 1383; x_wconf 85' lang='lat' dir='ltr'><strong>tne,</strong></span> <span class='ocrx_word' id='word_1_372' title='bbox 912 1351 993 1378; x_wconf 83' lang='lat' dir='ltr'><strong>Pater</strong></span> 
     </span>
    </p>
   </div>
   <div class='ocr_carea' id='block_1_46' title="bbox 208 1397 994 1438">
    <p class='ocr_par' dir='ltr' id='par_1_46' title="bbox 208 1397 994 1438">
     <span class='ocr_line' id='line_1_46' title="bbox 208 1397 994 1438; baseline -0.011 -6"><span class='ocrx_word' id='word_1_373' title='bbox 208 1405 246 1438; x_wconf 80' lang='grc'><strong>⁸³;</strong></span> <span class='ocrx_word' id='word_1_374' title='bbox 261 1414 270 1431; x_wconf 79' lang='grc' dir='ltr'><strong>ι</strong></span> <span class='ocrx_word' id='word_1_375' title='bbox 286 1405 328 1432; x_wconf 87' lang='lat' dir='ltr'><strong>vel</strong></span> <span class='ocrx_word' id='word_1_376' title='bbox 341 1404 363 1431; x_wconf 93' lang='lat' dir='ltr'><strong>si</strong></span> <span class='ocrx_word' id='word_1_377' title='bbox 375 1403 565 1430; x_wconf 79' lang='lat' dir='ltr'><strong>intellexerant</strong></span> <span class='ocrx_word' id='word_1_378' title='bbox 576 1402 608 1428; x_wconf 77' lang='lat' dir='ltr'><strong>tle</strong></span> <span class='ocrx_word' id='word_1_379' title='bbox 621 1400 676 1427; x_wconf 86' lang='lat' dir='ltr'><strong>Deo</strong></span> <span class='ocrx_word' id='word_1_380' title='bbox 691 1402 748 1426; x_wconf 70' lang='lat' dir='ltr'><strong>lucc</strong></span> <span class='ocrx_word' id='word_1_381' title='bbox 760 1398 823 1429; x_wconf 87' lang='lat' dir='ltr'><strong>dici,</strong></span> <span class='ocrx_word' id='word_1_382' title='bbox 835 1397 994 1425; x_wconf 76' lang='lat' dir='ltr'><strong>existimare</strong></span> 
     </span>
    </p>
   </div>
   <div class='ocr_carea' id='block_1_47' title="bbox 209 1443 992 1481">
    <p class='ocr_par' dir='ltr' id='par_1_47' title="bbox 209 1443 992 1481">
     <span class='ocr_line' id='line_1_47' title="bbox 209 1443 992 1481; baseline -0.011 -2"><span class='ocrx_word' id='word_1_383' title='bbox 209 1453 292 1479; x_wconf 81' lang='lat' dir='ltr'><strong>Deum</strong></span> <span class='ocrx_word' id='word_1_384' title='bbox 308 1458 368 1478; x_wconf 84' lang='lat' dir='ltr'><strong>esse</strong></span> <span class='ocrx_word' id='word_1_385' title='bbox 383 1450 410 1477; x_wconf 92' lang='lat' dir='ltr'><strong>in</strong></span> <span class='ocrx_word' id='word_1_386' title='bbox 435 1450 505 1480; x_wconf 90' lang='lat' dir='ltr'><strong>loco,</strong></span> <span class='ocrx_word' id='word_1_387' title='bbox 529 1454 556 1475; x_wconf 87' lang='lat' dir='ltr'><strong>et</strong></span> <span class='ocrx_word' id='word_1_388' title='bbox 579 1448 681 1475; x_wconf 87' lang='lat' dir='ltr'><strong>idcirco</strong></span> <span class='ocrx_word' id='word_1_389' title='bbox 710 1446 896 1481; x_wconf 85' lang='lat' dir='ltr'><strong>respondere:</strong></span> <span class='ocrx_word' id='word_1_390' title='bbox 916 1452 924 1469; x_wconf 88' lang='lat' dir='ltr'><strong>t</strong></span> <span class='ocrx_word' id='word_1_391' title='bbox 942 1443 992 1470; x_wconf 86' lang='lat' dir='ltr'><strong>Ubi</strong></span> 
     </span>
    </p>
   </div>
   <div class='ocr_carea' id='block_1_48' title="bbox 207 1489 1027 1534">
    <p class='ocr_par' dir='ltr' id='par_1_48' title="bbox 207 1489 1027 1534">
     <span class='ocr_line' id='line_1_48' title="bbox 207 1489 1027 1534; baseline -0.012 -9"><span class='ocrx_word' id='word_1_392' title='bbox 207 1503 250 1525; x_wconf 78' lang='lat' dir='ltr'><strong>est</strong></span> <span class='ocrx_word' id='word_1_393' title='bbox 273 1495 449 1524; x_wconf 55' lang='lat' dir='ltr'><strong>Pater‘tuus?</strong></span> <span class='ocrx_word' id='word_1_394' title='bbox 466 1504 475 1520; x_wconf 79' lang='grc' dir='ltr'><strong>ι</strong></span> <span class='ocrx_word' id='word_1_395' title='bbox 491 1494 590 1521; x_wconf 77' lang='lat' dir='ltr'><strong>Verum</strong></span> <span class='ocrx_word' id='word_1_396' title='bbox 618 1493 688 1520; x_wconf 89' lang='lat' dir='ltr'><strong>scire</strong></span> <span class='ocrx_word' id='word_1_397' title='bbox 710 1496 818 1526; x_wconf 85' lang='lat' dir='ltr'><strong>oportet</strong></span> <span class='ocrx_word' id='word_1_398' title='bbox 841 1490 911 1525; x_wconf 87' lang='lat' dir='ltr'><strong>quod</strong></span> <span class='ocrx_word' id='word_1_399' title='bbox 930 1489 993 1517; x_wconf 85' lang='lat' dir='ltr'><strong>hinc</strong></span> <span class='ocrx_word' id='word_1_400' title='bbox 1006 1505 1027 1534; x_wconf 65' lang='grc' dir='ltr'>ο</span> 
     </span>
    </p>
   </div>
   <div class='ocr_carea' id='block_1_49' title="bbox 209 1536 991 1575">
    <p class='ocr_par' dir='ltr' id='par_1_49' title="bbox 209 1536 991 1575">
     <span class='ocr_line' id='line_1_49' title="bbox 209 1536 991 1575; baseline -0.012 -4"><span class='ocrx_word' id='word_1_401' title='bbox 209 1543 353 1571; x_wconf 79' lang='lat' dir='ltr'><strong>manifeste</strong></span> <span class='ocrx_word' id='word_1_402' title='bbox 366 1541 470 1569; x_wconf 77' lang='lat' dir='ltr'><strong>ostendi</strong></span> <span class='ocrx_word' id='word_1_403' title='bbox 483 1544 583 1575; x_wconf 58' lang='lat' dir='ltr'><strong>&#39;pntcnt</strong></span> <span class='ocrx_word' id='word_1_404' title='bbox 608 1537 740 1568; x_wconf 63' lang='lat' dir='ltr'><strong>hatretici,</strong></span> <span class='ocrx_word' id='word_1_405' title='bbox 757 1537 839 1564; x_wconf 82' lang='lat' dir='ltr'><strong>Deum</strong></span> <span class='ocrx_word' id='word_1_406' title='bbox 854 1556 860 1568; x_wconf 92' lang='lat'><strong>,</strong></span> <span class='ocrx_word' id='word_1_407' title='bbox 875 1536 917 1563; x_wconf 87' lang='lat' dir='ltr'><strong>cui</strong></span> <span class='ocrx_word' id='word_1_408' title='bbox 932 1543 991 1563; x_wconf 88' lang='lat' dir='ltr'><strong>ser-</strong></span> 
     </span>
    </p>
   </div>
   <div class='ocr_carea' id='block_1_50' title="bbox 207 1580 994 1620">
    <p class='ocr_par' dir='ltr' id='par_1_50' title="bbox 207 1580 994 1620">
     <span class='ocr_line' id='line_1_50' title="bbox 207 1580 994 1620; baseline -0.011 -3"><span class='ocrx_word' id='word_1_409' title='bbox 207 1591 317 1618; x_wconf 84' lang='lat' dir='ltr'><strong>viebant</strong></span> <span class='ocrx_word' id='word_1_410' title='bbox 341 1588 436 1620; x_wconf 66' lang='lat' dir='ltr'><strong>Judaei,</strong></span> <span class='ocrx_word' id='word_1_411' title='bbox 454 1595 506 1614; x_wconf 87' lang='lat' dir='ltr'><strong>non</strong></span> <span class='ocrx_word' id='word_1_412' title='bbox 525 1593 586 1614; x_wconf 87' lang='lat' dir='ltr'><strong>esse</strong></span> <span class='ocrx_word' id='word_1_413' title='bbox 605 1586 714 1612; x_wconf 74' lang='lat' dir='ltr'><strong>Patrem</strong></span> <span class='ocrx_word' id='word_1_414' title='bbox 740 1583 862 1610; x_wconf 76' lang='lat' dir='ltr'><strong>Christi:</strong></span> <span class='ocrx_word' id='word_1_415' title='bbox 877 1589 939 1609; x_wconf 82' lang='lat' dir='ltr'><strong>nam</strong></span> <span class='ocrx_word' id='word_1_416' title='bbox 970 1580 994 1608; x_wconf 86' lang='lat' dir='ltr'><strong>si</strong></span> 
     </span>
    </p>
   </div>
   <div class='ocr_carea' id='block_1_51' title="bbox 210 1629 991 1664">
    <p class='ocr_par' dir='ltr' id='par_1_51' title="bbox 210 1629 991 1664">
     <span class='ocr_line' id='line_1_51' title="bbox 210 1629 991 1664; baseline -0.013 0"><span class='ocrx_word' id='word_1_417' title='bbox 210 1636 353 1664; x_wconf 71' lang='lat' dir='ltr'><strong>Pharisrcis</strong></span> <span class='ocrx_word' id='word_1_418' title='bbox 375 1633 557 1662; x_wconf 84' lang='lat' dir='ltr'><strong>servientibus</strong></span> <span class='ocrx_word' id='word_1_419' title='bbox 575 1631 666 1659; x_wconf 86' lang='lat' dir='ltr'><strong>mundi</strong></span> <span class='ocrx_word' id='word_1_420' title='bbox 686 1629 811 1657; x_wconf 84' lang='lat' dir='ltr'><strong>Eﬁ&#39;ectori</strong></span> <span class='ocrx_word' id='word_1_421' title='bbox 826 1649 833 1661; x_wconf 85' lang='lat'><strong>,</strong></span> <span class='ocrx_word' id='word_1_422' title='bbox 852 1629 991 1662; x_wconf 88' lang='lat' dir='ltr'><strong>inquiunt,</strong></span> 
     </span>
    </p>
   </div>
   <div class='ocr_carea' id='block_1_52' title="bbox 209 1673 992 1712">
    <p class='ocr_par' dir='ltr' id='par_1_52' title="bbox 209 1673 992 1712">
     <span class='ocr_line' id='line_1_52' title="bbox 209 1673 992 1712; baseline -0.014 -2"><span class='ocrx_word' id='word_1_423' title='bbox 209 1682 315 1710; x_wconf 85' lang='lat' dir='ltr'><strong>dicebat</strong></span> <span class='ocrx_word' id='word_1_424' title='bbox 328 1681 466 1711; x_wconf 79' lang='lat' dir='ltr'><strong>Servstor,</strong></span> <span class='ocrx_word' id='word_1_425' title='bbox 478 1687 493 1704; x_wconf 83' lang='lat' dir='ltr'><strong>-t</strong></span> <span class='ocrx_word' id='word_1_426' title='bbox 511 1678 602 1712; x_wconf 77' lang='lat' dir='ltr'><strong>Neque</strong></span> <span class='ocrx_word' id='word_1_427' title='bbox 615 1684 657 1703; x_wconf 87' lang='lat' dir='ltr'><strong>me</strong></span> <span class='ocrx_word' id='word_1_428' title='bbox 670 1676 755 1706; x_wconf 87' lang='lat' dir='ltr'><strong>scitis,</strong></span> <span class='ocrx_word' id='word_1_429' title='bbox 778 1681 865 1708; x_wconf 79' lang='lat' dir='ltr'><strong>neque</strong></span> <span class='ocrx_word' id='word_1_430' title='bbox 886 1673 992 1700; x_wconf 82' lang='lat' dir='ltr'><strong>Patrem</strong></span> 
     </span>
    </p>
   </div>
   <div class='ocr_carea' id='block_1_53' title="bbox 210 1718 995 1759">
    <p class='ocr_par' dir='ltr' id='par_1_53' title="bbox 210 1718 995 1759">
     <span class='ocr_line' id='line_1_53' title="bbox 210 1718 995 1759; baseline -0.013 -4"><span class='ocrx_word' id='word_1_431' title='bbox 210 1735 311 1759; x_wconf 91' lang='lat' dir='ltr'><strong>meum,</strong></span> <span class='ocrx_word' id='word_1_432' title='bbox 331 1736 340 1753; x_wconf 88' lang='grc'><strong>›</strong></span> <span class='ocrx_word' id='word_1_433' title='bbox 361 1725 533 1752; x_wconf 79' lang='lat' dir='ltr'><strong>manifestum</strong></span> <span class='ocrx_word' id='word_1_434' title='bbox 548 1730 590 1751; x_wconf 88' lang='lat' dir='ltr'><strong>est</strong></span> <span class='ocrx_word' id='word_1_435' title='bbox 605 1722 757 1749; x_wconf 68' lang='lat' dir='ltr'><strong>Pltarismos</strong></span> <span class='ocrx_word' id='word_1_436' title='bbox 774 1728 826 1747; x_wconf 91' lang='lat' dir='ltr'><strong>non</strong></span> <span class='ocrx_word' id='word_1_437' title='bbox 843 1726 923 1746; x_wconf 86' lang='lat' dir='ltr'><strong>nosse</strong></span> <span class='ocrx_word' id='word_1_438' title='bbox 943 1718 995 1746; x_wconf 84' lang='lat' dir='ltr'><strong>Pa-</strong></span> 
     </span>
    </p>
   </div>
   <div class='ocr_carea' id='block_1_54' title="bbox 210 1765 994 1801">
    <p class='ocr_par' dir='ltr' id='par_1_54' title="bbox 210 1765 994 1801">
     <span class='ocr_line' id='line_1_54' title="bbox 210 1765 994 1801; baseline -0.014 1"><span class='ocrx_word' id='word_1_439' title='bbox 210 1778 279 1801; x_wconf 80' lang='lat' dir='ltr'><strong>trem</strong></span> <span class='ocrx_word' id='word_1_440' title='bbox 295 1774 358 1801; x_wconf 84' lang='lat' dir='ltr'><strong>Jesu</strong></span> <span class='ocrx_word' id='word_1_441' title='bbox 376 1773 491 1799; x_wconf 83' lang='lat' dir='ltr'><strong>alterunt</strong></span> <span class='ocrx_word' id='word_1_442' title='bbox 509 1770 684 1797; x_wconf 78' lang='lat' dir='ltr'><strong>exsislentcm</strong></span> <span class='ocrx_word' id='word_1_443' title='bbox 704 1775 718 1794; x_wconf 87' lang='lat' dir='ltr'><strong>a</strong></span> <span class='ocrx_word' id='word_1_444' title='bbox 735 1767 827 1794; x_wconf 90' lang='lat' dir='ltr'><strong>mundi</strong></span> <span class='ocrx_word' id='word_1_445' title='bbox 848 1765 994 1793; x_wconf 81' lang='lat' dir='ltr'><strong>Eﬁ&#39;ectore.</strong></span> 
     </span>
    </p>
   </div>
   <div class='ocr_carea' id='block_1_55' title="bbox 209 1812 994 1851">
    <p class='ocr_par' dir='ltr' id='par_1_55' title="bbox 209 1812 994 1851">
     <span class='ocr_line' id='line_1_55' title="bbox 209 1812 994 1851; baseline -0.015 -3"><span class='ocrx_word' id='word_1_446' title='bbox 209 1818 263 1848; x_wconf 86' lang='lat' dir='ltr'><strong>Sed</strong></span> <span class='ocrx_word' id='word_1_447' title='bbox 291 1826 324 1846; x_wconf 88' lang='lat' dir='ltr'><strong>ne</strong></span> <span class='ocrx_word' id='word_1_448' title='bbox 344 1816 541 1851; x_wconf 67' lang='lat' dir='ltr'><strong>Jerosolymitae</strong></span> <span class='ocrx_word' id='word_1_449' title='bbox 558 1815 678 1849; x_wconf 87' lang='lat' dir='ltr'><strong>quidem,</strong></span> <span class='ocrx_word' id='word_1_450' title='bbox 706 1812 843 1847; x_wconf 84' lang='lat' dir='ltr'><strong>inquiunt,</strong></span> <span class='ocrx_word' id='word_1_451' title='bbox 864 1818 925 1838; x_wconf 85' lang='lat' dir='ltr'><strong>eum</strong></span> <span class='ocrx_word' id='word_1_452' title='bbox 944 1817 994 1837; x_wconf 88' lang='lat' dir='ltr'><strong>no-</strong></span> 
     </span>
    </p>
   </div>
   <div class='ocr_carea' id='block_1_56' title="bbox 209 1855 994 1900">
    <p class='ocr_par' dir='ltr' id='par_1_56' title="bbox 209 1855 994 1900">
     <span class='ocr_line' id='line_1_56' title="bbox 209 1855 994 1900; baseline -0.015 -6"><span class='ocrx_word' id='word_1_453' title='bbox 209 1870 282 1897; x_wconf 86' lang='lat' dir='ltr'><strong>rant,</strong></span> <span class='ocrx_word' id='word_1_454' title='bbox 296 1864 396 1900; x_wconf 86' lang='lat' dir='ltr'><strong>quibus</strong></span> <span class='ocrx_word' id='word_1_455' title='bbox 420 1868 501 1895; x_wconf 87' lang='lat' dir='ltr'><strong>supra</strong></span> <span class='ocrx_word' id='word_1_456' title='bbox 528 1861 653 1888; x_wconf 82' lang='lat' dir='ltr'><strong>dixerat:</strong></span> <span class='ocrx_word' id='word_1_457' title='bbox 673 1868 682 1885; x_wconf 85' lang='lat' dir='ltr'><strong>t</strong></span> <span class='ocrx_word' id='word_1_458' title='bbox 699 1858 752 1885; x_wconf 92' lang='lat' dir='ltr'><strong>Sed</strong></span> <span class='ocrx_word' id='word_1_459' title='bbox 766 1862 808 1884; x_wconf 90' lang='lat' dir='ltr'><strong>est</strong></span> <span class='ocrx_word' id='word_1_460' title='bbox 831 1863 922 1888; x_wconf 82' lang='lat' dir='ltr'><strong>verax,</strong></span> <span class='ocrx_word' id='word_1_461' title='bbox 947 1855 994 1890; x_wconf 90' lang='lat' dir='ltr'><strong>qui</strong></span> 
     </span>
    </p>
   </div>
   <div class='ocr_carea' id='block_1_57' title="bbox 211 1901 994 1943">
    <p class='ocr_par' dir='ltr' id='par_1_57' title="bbox 211 1901 994 1943">
     <span class='ocr_line' id='line_1_57' title="bbox 211 1901 994 1943; baseline -0.014 -4"><span class='ocrx_word' id='word_1_462' title='bbox 211 1912 284 1940; x_wconf 85' lang='lat' dir='ltr'><strong>misit</strong></span> <span class='ocrx_word' id='word_1_463' title='bbox 299 1918 353 1943; x_wconf 87' lang='lat' dir='ltr'><strong>tne,</strong></span> <span class='ocrx_word' id='word_1_464' title='bbox 379 1917 459 1943; x_wconf 85' lang='lat' dir='ltr'><strong>quem</strong></span> <span class='ocrx_word' id='word_1_465' title='bbox 479 1915 527 1935; x_wconf 83' lang='lat' dir='ltr'><strong>vos</strong></span> <span class='ocrx_word' id='word_1_466' title='bbox 545 1906 678 1934; x_wconf 83' lang='lat' dir='ltr'><strong>nescitis:</strong></span> <span class='ocrx_word' id='word_1_467' title='bbox 696 1914 706 1930; x_wconf 81' lang='grc' dir='ltr'><strong>ι</strong></span> <span class='ocrx_word' id='word_1_468' title='bbox 733 1911 794 1938; x_wconf 67' lang='lat' dir='ltr'><strong>quae</strong></span> <span class='ocrx_word' id='word_1_469' title='bbox 810 1903 914 1935; x_wconf 90' lang='lat' dir='ltr'><strong>dicunt,</strong></span> <span class='ocrx_word' id='word_1_470' title='bbox 930 1901 994 1936; x_wconf 87' lang='lat' dir='ltr'><strong>quia</strong></span> 
     </span>
    </p>
   </div>
   <div class='ocr_carea' id='block_1_58' title="bbox 210 1948 994 1992">
    <p class='ocr_par' dir='ltr' id='par_1_58' title="bbox 210 1948 994 1992">
     <span class='ocr_line' id='line_1_58' title="bbox 210 1948 994 1992; baseline -0.014 -7"><span class='ocrx_word' id='word_1_471' title='bbox 210 1966 263 1986; x_wconf 89' lang='lat' dir='ltr'><strong>non</strong></span> <span class='ocrx_word' id='word_1_472' title='bbox 282 1957 407 1992; x_wconf 79' lang='lat' dir='ltr'><strong>legerunt</strong></span> <span class='ocrx_word' id='word_1_473' title='bbox 422 1954 579 1988; x_wconf 83' lang='lat' dir='ltr'><strong>Scripturas</strong></span> <span class='ocrx_word' id='word_1_474' title='bbox 594 1951 711 1983; x_wconf 86' lang='lat' dir='ltr'><strong>divinas,</strong></span> <span class='ocrx_word' id='word_1_475' title='bbox 725 1956 813 1984; x_wconf 87' lang='lat' dir='ltr'><strong>neque</strong></span> <span class='ocrx_word' id='word_1_476' title='bbox 829 1948 994 1976; x_wconf 85' lang='lat' dir='ltr'><strong>observave-</strong></span> 
     </span>
    </p>
   </div>
   <div class='ocr_carea' id='block_1_59' title="bbox 210 1993 995 2032">
    <p class='ocr_par' dir='ltr' id='par_1_59' title="bbox 210 1993 995 2032">
     <span class='ocr_line' id='line_1_59' title="bbox 210 1993 995 2032; baseline -0.015 -1"><span class='ocrx_word' id='word_1_477' title='bbox 210 2008 274 2032; x_wconf 87' lang='lat' dir='ltr'><strong>runt</strong></span> <span class='ocrx_word' id='word_1_478' title='bbox 300 2000 523 2030; x_wconf 87' lang='lat' dir='ltr'><strong>consueludinetn</strong></span> <span class='ocrx_word' id='word_1_479' title='bbox 542 1998 688 2024; x_wconf 82' lang='lat' dir='ltr'><strong>locutionis</strong></span> <span class='ocrx_word' id='word_1_480' title='bbox 706 1997 837 2030; x_wconf 88' lang='lat' dir='ltr'><strong>ipsarum.</strong></span> <span class='ocrx_word' id='word_1_481' title='bbox 863 1993 995 2027; x_wconf 81' lang='lat' dir='ltr'><strong>Quamvis</strong></span> 
     </span>
    </p>
   </div>
   <div class='ocr_carea' id='block_1_60' title="bbox 210 2039 993 2081">
    <p class='ocr_par' dir='ltr' id='par_1_60' title="bbox 210 2039 993 2081">
     <span class='ocr_line' id='line_1_60' title="bbox 210 2039 993 2081; baseline -0.017 -4"><span class='ocrx_word' id='word_1_482' title='bbox 210 2049 283 2078; x_wconf 90' lang='lat' dir='ltr'><strong>enim</strong></span> <span class='ocrx_word' id='word_1_483' title='bbox 297 2047 446 2081; x_wconf 79' lang='lat' dir='ltr'><strong>intelligere</strong></span> <span class='ocrx_word' id='word_1_484' title='bbox 458 2045 519 2079; x_wconf 87' lang='lat' dir='ltr'><strong>quis</strong></span> <span class='ocrx_word' id='word_1_485' title='bbox 532 2043 616 2078; x_wconf 78' lang='lat' dir='ltr'><strong>possit</strong></span> <span class='ocrx_word' id='word_1_486' title='bbox 628 2049 688 2076; x_wconf 57' lang='lat' dir='ltr'><strong>quae</strong></span> <span class='ocrx_word' id='word_1_487' title='bbox 704 2042 736 2068; x_wconf 85' lang='lat' dir='ltr'><strong>ad</strong></span> <span class='ocrx_word' id='word_1_488' title='bbox 750 2040 832 2067; x_wconf 88' lang='lat' dir='ltr'><strong>Deum</strong></span> <span class='ocrx_word' id='word_1_489' title='bbox 847 2039 993 2075; x_wconf 81' lang='lat' dir='ltr'><strong>pertinent,</strong></span> 
     </span>
    </p>
   </div>
   <div class='ocr_carea' id='block_1_61' title="bbox 211 2083 995 2129">
    <p class='ocr_par' dir='ltr' id='par_1_61' title="bbox 211 2083 995 2129">
     <span class='ocr_line' id='line_1_61' title="bbox 211 2083 995 2129; baseline -0.015 -7"><span class='ocrx_word' id='word_1_490' title='bbox 211 2103 226 2122; x_wconf 87' lang='lat' dir='ltr'><strong>a</strong></span> <span class='ocrx_word' id='word_1_491' title='bbox 244 2093 366 2129; x_wconf 81' lang='lat' dir='ltr'><strong>patribus</strong></span> <span class='ocrx_word' id='word_1_492' title='bbox 389 2091 501 2118; x_wconf 82' lang='lat' dir='ltr'><strong>edoctus</strong></span> <span class='ocrx_word' id='word_1_493' title='bbox 527 2089 590 2116; x_wconf 86' lang='lat' dir='ltr'><strong>huic</strong></span> <span class='ocrx_word' id='word_1_494' title='bbox 609 2088 659 2115; x_wconf 90' lang='lat' dir='ltr'><strong>soli</strong></span> <span class='ocrx_word' id='word_1_495' title='bbox 683 2085 858 2114; x_wconf 86' lang='lat' dir='ltr'><strong>serviendum</strong></span> <span class='ocrx_word' id='word_1_496' title='bbox 883 2091 952 2116; x_wconf 89' lang='lat' dir='ltr'><strong>esse,</strong></span> <span class='ocrx_word' id='word_1_497' title='bbox 972 2083 995 2111; x_wconf 89' lang='lat' dir='ltr'><strong>si</strong></span> 
     </span>
    </p>
   </div>
   <div class='ocr_carea' id='block_1_62' title="bbox 211 2130 994 2169">
    <p class='ocr_par' dir='ltr' id='par_1_62' title="bbox 211 2130 994 2169">
     <span class='ocr_line' id='line_1_62' title="bbox 211 2130 994 2169; baseline -0.015 -1"><span class='ocrx_word' id='word_1_498' title='bbox 211 2141 284 2168; x_wconf 87' lang='lat' dir='ltr'><strong>vivat</strong></span> <span class='ocrx_word' id='word_1_499' title='bbox 299 2139 322 2166; x_wconf 90' lang='lat' dir='ltr'><strong>is</strong></span> <span class='ocrx_word' id='word_1_500' title='bbox 339 2146 391 2165; x_wconf 91' lang='lat' dir='ltr'><strong>non</strong></span> <span class='ocrx_word' id='word_1_501' title='bbox 403 2138 484 2169; x_wconf 86' lang='lat' dir='ltr'><strong>bene,</strong></span> <span class='ocrx_word' id='word_1_502' title='bbox 502 2135 574 2162; x_wconf 88' lang='lat' dir='ltr'><strong>hunc</strong></span> <span class='ocrx_word' id='word_1_503' title='bbox 598 2134 692 2161; x_wconf 90' lang='lat' dir='ltr'><strong>dicunt</strong></span> <span class='ocrx_word' id='word_1_504' title='bbox 709 2140 762 2160; x_wconf 92' lang='lat' dir='ltr'><strong>non</strong></span> <span class='ocrx_word' id='word_1_505' title='bbox 782 2131 882 2159; x_wconf 88' lang='lat' dir='ltr'><strong>habere</strong></span> <span class='ocrx_word' id='word_1_506' title='bbox 899 2130 994 2166; x_wconf 73' lang='lat' dir='ltr'><strong>cogni-</strong></span> 
     </span>
    </p>
   </div>
   <div class='ocr_carea' id='block_1_63' title="bbox 1045 897 1822 934">
    <p class='ocr_par' dir='ltr' id='par_1_63' title="bbox 1045 897 1822 934">
     <span class='ocr_line' id='line_1_63' title="bbox 1045 897 1822 934; baseline 0.001 -11"><span class='ocrx_word' id='word_1_507' title='bbox 1045 897 1127 923; x_wconf 83' lang='grc' dir='ltr'>πύθεν</span> <span class='ocrx_word' id='word_1_508' title='bbox 1144 897 1212 929; x_wconf 75' lang='grc' dir='ltr'>ἐστὶ,</span> <span class='ocrx_word' id='word_1_509' title='bbox 1225 907 1234 924; x_wconf 72' lang='grc' dir='ltr'><strong>ι</strong></span> <span class='ocrx_word' id='word_1_510' title='bbox 1254 897 1298 924; x_wconf 74' lang='grc' dir='ltr'>διὰ</span> <span class='ocrx_word' id='word_1_511' title='bbox 1314 897 1378 924; x_wconf 88' lang='grc' dir='ltr'>τοῦ·</span> <span class='ocrx_word' id='word_1_512' title='bbox 1398 907 1407 924; x_wconf 83' lang='lat' dir='ltr'><strong>t</strong></span> <span class='ocrx_word' id='word_1_513' title='bbox 1421 898 1501 933; x_wconf 75' lang='grc' dir='ltr'><strong>Κάμὲ</strong></span> <span class='ocrx_word' id='word_1_514' title='bbox 1516 898 1606 925; x_wconf 82' lang='grc' dir='ltr'>οἴδατε</span> <span class='ocrx_word' id='word_1_515' title='bbox 1623 897 1708 925; x_wconf 81' lang='grc' dir='ltr'>πόθεν</span> <span class='ocrx_word' id='word_1_516' title='bbox 1734 899 1822 934; x_wconf 79' lang='grc' dir='ltr'>εἰμί-ι</span> 
     </span>
    </p>
   </div>
   <div class='ocr_carea' id='block_1_64' title="bbox 1043 943 1826 981">
    <p class='ocr_par' dir='ltr' id='par_1_64' title="bbox 1043 943 1826 981">
     <span class='ocr_line' id='line_1_64' title="bbox 1043 943 1826 981; baseline 0.003 -12"><span class='ocrx_word' id='word_1_517' title='bbox 1043 944 1099 975; x_wconf 82' lang='grc' dir='ltr'>τοῖς</span> <span class='ocrx_word' id='word_1_518' title='bbox 1124 943 1152 969; x_wconf 84' lang='grc' dir='ltr'>δὲ</span> <span class='ocrx_word' id='word_1_519' title='bbox 1176 943 1333 979; x_wconf 79' lang='grc' dir='ltr'>Φαρισαίοις</span> <span class='ocrx_word' id='word_1_520' title='bbox 1355 944 1403 976; x_wconf 83' lang='grc' dir='ltr'>τὸ,</span> <span class='ocrx_word' id='word_1_521' title='bbox 1427 953 1436 970; x_wconf 85' lang='lat' dir='ltr'><strong>t</strong></span> <span class='ocrx_word' id='word_1_522' title='bbox 1461 945 1515 971; x_wconf 73' lang='grc' dir='ltr'>Καὶ</span> <span class='ocrx_word' id='word_1_523' title='bbox 1539 944 1595 978; x_wconf 76' lang='grc' dir='ltr'><strong>ἐγὼ</strong></span> <span class='ocrx_word' id='word_1_524' title='bbox 1616 945 1752 981; x_wconf 82' lang='grc' dir='ltr'><strong>μαρτυρῶ</strong></span> <span class='ocrx_word' id='word_1_525' title='bbox 1773 945 1826 980; x_wconf 62' lang='lat' dir='ltr'><strong>ﬁgi</strong></span> 
     </span>
    </p>
   </div>
   <div class='ocr_carea' id='block_1_65' title="bbox 1044 989 1827 1026">
    <p class='ocr_par' dir='ltr' id='par_1_65' title="bbox 1044 989 1827 1026">
     <span class='ocr_line' id='line_1_65' title="bbox 1044 989 1827 1026; baseline 0.004 -11"><span class='ocrx_word' id='word_1_526' title='bbox 1044 989 1172 1024; x_wconf 77' lang='grc' dir='ltr'><strong>ἐμαυτοῦ,</strong></span> <span class='ocrx_word' id='word_1_527' title='bbox 1186 990 1288 1025; x_wconf 80' lang='grc' dir='ltr'><strong>ἀληθής</strong></span> <span class='ocrx_word' id='word_1_528' title='bbox 1304 991 1378 1017; x_wconf 75' lang='grc' dir='ltr'>ἐστιν</span> <span class='ocrx_word' id='word_1_529' title='bbox 1391 991 1407 1026; x_wconf 88' lang='grc' dir='ltr'><strong>ή</strong></span> <span class='ocrx_word' id='word_1_530' title='bbox 1422 991 1557 1026; x_wconf 86' lang='grc' dir='ltr'>μαρτυρία</span> <span class='ocrx_word' id='word_1_531' title='bbox 1572 1000 1622 1026; x_wconf 87' lang='grc' dir='ltr'><strong>μου</strong></span> <span class='ocrx_word' id='word_1_532' title='bbox 1634 999 1641 1006; x_wconf 89' lang='grc'><strong>·</strong></span> <span class='ocrx_word' id='word_1_533' title='bbox 1657 992 1700 1018; x_wconf 77' lang='grc' dir='ltr'>ὅτι</span> <span class='ocrx_word' id='word_1_534' title='bbox 1716 989 1773 1018; x_wconf 79' lang='grc' dir='ltr'>οἶδα</span> <span class='ocrx_word' id='word_1_535' title='bbox 1788 991 1827 1017; x_wconf 66' lang='grc' dir='ltr'><strong>πό-</strong></span> 
     </span>
    </p>
   </div>
   <div class='ocr_carea' id='block_1_66' title="bbox 1045 1033 1823 1073">
    <p class='ocr_par' dir='ltr' id='par_1_66' title="bbox 1045 1033 1823 1073">
     <span class='ocr_line' id='line_1_66' title="bbox 1045 1033 1823 1073; baseline 0.004 -13"><span class='ocrx_word' id='word_1_536' title='bbox 1045 1034 1090 1061; x_wconf 84' lang='grc' dir='ltr'><strong>θεν</strong></span> <span class='ocrx_word' id='word_1_537' title='bbox 1103 1033 1195 1070; x_wconf 83' lang='grc' dir='ltr'>ἦλθον,</span> <span class='ocrx_word' id='word_1_538' title='bbox 1212 1035 1259 1062; x_wconf 74' lang='grc' dir='ltr'>καὶ</span> <span class='ocrx_word' id='word_1_539' title='bbox 1273 1035 1324 1062; x_wconf 90' lang='grc' dir='ltr'>ποῦ</span> <span class='ocrx_word' id='word_1_540' title='bbox 1340 1036 1447 1070; x_wconf 76' lang='grc' dir='ltr'>ὑπάγω,</span> <span class='ocrx_word' id='word_1_541' title='bbox 1464 1046 1473 1063; x_wconf 77' lang='grc' dir='ltr'><strong>ι</strong></span> <span class='ocrx_word' id='word_1_542' title='bbox 1492 1038 1524 1072; x_wconf 84' lang='grc' dir='ltr'><strong>τῇ</strong></span> <span class='ocrx_word' id='word_1_543' title='bbox 1540 1036 1667 1073; x_wconf 71' lang='grc' dir='ltr'>θειοτέρα</span> <span class='ocrx_word' id='word_1_544' title='bbox 1685 1038 1766 1071; x_wconf 78' lang='grc' dir='ltr'>φύσει</span> <span class='ocrx_word' id='word_1_545' title='bbox 1778 1038 1823 1063; x_wconf 62' lang='grc' dir='ltr'>δια»</span> 
     </span>
    </p>
   </div>
   <div class='ocr_carea' id='block_1_67' title="bbox 1043 1079 1827 1116">
    <p class='ocr_par' dir='ltr' id='par_1_67' title="bbox 1043 1079 1827 1116">
     <span class='ocr_line' id='line_1_67' title="bbox 1043 1079 1827 1116; baseline 0.004 -10"><span class='ocrx_word' id='word_1_546' title='bbox 1043 1079 1188 1116; x_wconf 86' lang='grc' dir='ltr'>λεγόμενος</span> <span class='ocrx_word' id='word_1_547' title='bbox 1204 1080 1306 1115; x_wconf 80' lang='grc' dir='ltr'>ἔφασκε</span> <span class='ocrx_word' id='word_1_548' title='bbox 1321 1081 1417 1113; x_wconf 84' lang='grc' dir='ltr'>ταῦτα,</span> <span class='ocrx_word' id='word_1_549' title='bbox 1429 1082 1487 1114; x_wconf 77' lang='grc' dir='ltr'>καὶ,</span> <span class='ocrx_word' id='word_1_550' title='bbox 1503 1083 1541 1114; x_wconf 78' lang='grc' dir='ltr'>ὡς</span> <span class='ocrx_word' id='word_1_551' title='bbox 1562 1082 1594 1109; x_wconf 79' lang='grc' dir='ltr'>ἂν</span> <span class='ocrx_word' id='word_1_552' title='bbox 1611 1082 1686 1109; x_wconf 82' lang='grc' dir='ltr'>εἴποι</span> <span class='ocrx_word' id='word_1_553' title='bbox 1708 1092 1762 1114; x_wconf 83' lang='grc' dir='ltr'>τις,</span> <span class='ocrx_word' id='word_1_554' title='bbox 1777 1082 1827 1109; x_wconf 66' lang='grc' dir='ltr'>καθ’</span> 
     </span>
    </p>
   </div>
   <div class='ocr_carea' id='block_1_68' title="bbox 1043 1125 1827 1164">
    <p class='ocr_par' dir='ltr' id='par_1_68' title="bbox 1043 1125 1827 1164">
     <span class='ocr_line' id='line_1_68' title="bbox 1043 1125 1827 1164; baseline 0.004 -12"><span class='ocrx_word' id='word_1_555' title='bbox 1043 1125 1057 1152; x_wconf 80' lang='grc' dir='ltr'>ὃ</span> <span class='ocrx_word' id='word_1_556' title='bbox 1075 1126 1246 1161; x_wconf 81' lang='grc' dir='ltr'>πρωτότοκος</span> <span class='ocrx_word' id='word_1_557' title='bbox 1265 1127 1355 1163; x_wconf 80' lang='grc' dir='ltr'>πάσης</span> <span class='ocrx_word' id='word_1_558' title='bbox 1373 1128 1486 1160; x_wconf 84' lang='grc' dir='ltr'><strong>κτίσεως</strong></span> <span class='ocrx_word' id='word_1_559' title='bbox 1502 1126 1546 1164; x_wconf 81' lang='grc' dir='ltr'><strong>ἦν.</strong></span> <span class='ocrx_word' id='word_1_560' title='bbox 1570 1128 1672 1164; x_wconf 77' lang='grc' dir='ltr'>Διόπερ</span> <span class='ocrx_word' id='word_1_561' title='bbox 1691 1130 1751 1161; x_wconf 78' lang='grc' dir='ltr'>τοῖς</span> <span class='ocrx_word' id='word_1_562' title='bbox 1772 1130 1827 1164; x_wconf 72' lang='grc' dir='ltr'>πρὸς</span> 
     </span>
    </p>
   </div>
   <div class='ocr_carea' id='block_1_69' title="bbox 1043 1170 1828 1209">
    <p class='ocr_par' dir='ltr' id='par_1_69' title="bbox 1043 1170 1828 1209">
     <span class='ocr_line' id='line_1_69' title="bbox 1043 1170 1828 1209; baseline 0.005 -12"><span class='ocrx_word' id='word_1_563' title='bbox 1043 1170 1128 1197; x_wconf 85' lang='grc' dir='ltr'>ταῦτα</span> <span class='ocrx_word' id='word_1_564' title='bbox 1139 1171 1301 1207; x_wconf 79' lang='grc' dir='ltr'>πυθομένοις</span> <span class='ocrx_word' id='word_1_565' title='bbox 1316 1172 1397 1199; x_wconf 79' lang='grc' dir='ltr'>αὑτοῦ</span> <span class='ocrx_word' id='word_1_566' title='bbox 1414 1173 1461 1200; x_wconf 74' lang='grc' dir='ltr'>καὶ</span> <span class='ocrx_word' id='word_1_567' title='bbox 1475 1173 1616 1209; x_wconf 75' lang='grc' dir='ltr'>είρηκόσι,</span> <span class='ocrx_word' id='word_1_568' title='bbox 1634 1183 1644 1199; x_wconf 79' lang='grc' dir='ltr'><strong>ι</strong></span> <span class='ocrx_word' id='word_1_569' title='bbox 1665 1174 1726 1200; x_wconf 73' lang='grc' dir='ltr'>Ποῦ</span> <span class='ocrx_word' id='word_1_570' title='bbox 1741 1175 1828 1201; x_wconf 70' lang='grc' dir='ltr'>ἐστινό</span> 
     </span>
    </p>
   </div>
   <div class='ocr_carea' id='block_1_70' title="bbox 1043 1215 1828 1254">
    <p class='ocr_par' dir='ltr' id='par_1_70' title="bbox 1043 1215 1828 1254">
     <span class='ocr_line' id='line_1_70' title="bbox 1043 1215 1828 1254; baseline 0.006 -13"><span class='ocrx_word' id='word_1_571' title='bbox 1043 1215 1138 1251; x_wconf 86' lang='grc' dir='ltr'>Πατήρ</span> <span class='ocrx_word' id='word_1_572' title='bbox 1154 1225 1220 1249; x_wconf 75' lang='grc' dir='ltr'>σονς</span> <span class='ocrx_word' id='word_1_573' title='bbox 1240 1226 1249 1243; x_wconf 78' lang='grc' dir='ltr'><strong>ι</strong></span> <span class='ocrx_word' id='word_1_574' title='bbox 1264 1217 1450 1253; x_wconf 86' lang='grc' dir='ltr'>ἀποκρίνεται,</span> <span class='ocrx_word' id='word_1_575' title='bbox 1465 1218 1503 1249; x_wconf 85' lang='grc' dir='ltr'>ὡς</span> <span class='ocrx_word' id='word_1_576' title='bbox 1527 1218 1560 1245; x_wconf 84' lang='grc' dir='ltr'>ἃν</span> <span class='ocrx_word' id='word_1_577' title='bbox 1578 1219 1650 1245; x_wconf 86' lang='grc' dir='ltr'>εἴποι</span> <span class='ocrx_word' id='word_1_578' title='bbox 1675 1228 1732 1251; x_wconf 78' lang='grc' dir='ltr'>τις,</span> <span class='ocrx_word' id='word_1_579' title='bbox 1749 1220 1828 1254; x_wconf 57' lang='grc' dir='ltr'>ἔτερος</span> 
     </span>
    </p>
   </div>
   <div class='ocr_carea' id='block_1_71' title="bbox 1020 1260 1831 1301">
    <p class='ocr_par' dir='ltr' id='par_1_71' title="bbox 1020 1260 1831 1301">
     <span class='ocr_line' id='line_1_71' title="bbox 1020 1260 1831 1301; baseline 0.005 -14"><span class='ocrx_word' id='word_1_580' title='bbox 1020 1264 1022 1266; x_wconf 89' lang='grc'><em>’</em></span> <span class='ocrx_word' id='word_1_581' title='bbox 1043 1260 1081 1287; x_wconf 85' lang='grc' dir='ltr'>ὣν</span> <span class='ocrx_word' id='word_1_582' title='bbox 1093 1261 1141 1288; x_wconf 87' lang='grc' dir='ltr'><strong>τοῦ</strong></span> <span class='ocrx_word' id='word_1_583' title='bbox 1157 1261 1297 1296; x_wconf 83' lang='grc' dir='ltr'>λέγοντος,</span> <span class='ocrx_word' id='word_1_584' title='bbox 1316 1271 1324 1288; x_wconf 90' lang='lat' dir='ltr'><strong>t</strong></span> <span class='ocrx_word' id='word_1_585' title='bbox 1340 1263 1420 1298; x_wconf 83' lang='grc' dir='ltr'><strong>Κάμὲ</strong></span> <span class='ocrx_word' id='word_1_586' title='bbox 1436 1264 1536 1296; x_wconf 88' lang='grc' dir='ltr'>οἴδατε,</span> <span class='ocrx_word' id='word_1_587' title='bbox 1555 1273 1565 1290; x_wconf 74' lang='grc' dir='ltr'><strong>ι</strong></span> <span class='ocrx_word' id='word_1_588' title='bbox 1585 1265 1632 1291; x_wconf 84' lang='grc' dir='ltr'><strong>καί</strong></span> <span class='ocrx_word' id='word_1_589' title='bbox 1651 1273 1739 1301; x_wconf 80' lang='grc' dir='ltr'>φησι·</span> <span class='ocrx_word' id='word_1_590' title='bbox 1756 1274 1766 1290; x_wconf 81' lang='lat' dir='ltr'><strong>t</strong></span> <span class='ocrx_word' id='word_1_591' title='bbox 1783 1264 1831 1291; x_wconf 66' lang='lat' dir='ltr'><strong>Kal.</strong></span> 
     </span>
    </p>
   </div>
   <div class='ocr_carea' id='block_1_72' title="bbox 1043 1305 1832 1344">
    <p class='ocr_par' dir='ltr' id='par_1_72' title="bbox 1043 1305 1832 1344">
     <span class='ocr_line' id='line_1_72' title="bbox 1043 1305 1832 1344; baseline 0.003 -12"><span class='ocrx_word' id='word_1_592' title='bbox 1043 1305 1104 1332; x_wconf 73' lang='grc' dir='ltr'>οὔτε,</span> <span class='ocrx_word' id='word_1_593' title='bbox 1123 1306 1173 1342; x_wconf 78' lang='grc' dir='ltr'><strong>ἐμὲ</strong></span> <span class='ocrx_word' id='word_1_594' title='bbox 1184 1307 1283 1339; x_wconf 84' lang='grc' dir='ltr'>οἴδατε,</span> <span class='ocrx_word' id='word_1_595' title='bbox 1296 1306 1357 1334; x_wconf 77' lang='grc' dir='ltr'>οὔτε</span> <span class='ocrx_word' id='word_1_596' title='bbox 1370 1307 1416 1334; x_wconf 80' lang='grc' dir='ltr'><strong>τὸν</strong></span> <span class='ocrx_word' id='word_1_597' title='bbox 1430 1308 1538 1344; x_wconf 81' lang='grc' dir='ltr'>Πατέρα</span> <span class='ocrx_word' id='word_1_598' title='bbox 1555 1317 1616 1344; x_wconf 84' lang='grc' dir='ltr'>μου.</span> <span class='ocrx_word' id='word_1_599' title='bbox 1635 1318 1646 1334; x_wconf 69' lang='grc' dir='ltr'>ι</span> <span class='ocrx_word' id='word_1_600' title='bbox 1665 1309 1751 1336; x_wconf 77' lang='grc' dir='ltr'><strong>Κατὰ</strong></span> <span class='ocrx_word' id='word_1_601' title='bbox 1764 1309 1791 1335; x_wconf 81' lang='grc' dir='ltr'>δὲ</span> <span class='ocrx_word' id='word_1_602' title='bbox 1806 1308 1832 1334; x_wconf 79' lang='grc' dir='ltr'><strong>τδ</strong></span> 
     </span>
    </p>
   </div>
   <div class='ocr_carea' id='block_1_73' title="bbox 1042 1351 1833 1390">
    <p class='ocr_par' dir='ltr' id='par_1_73' title="bbox 1042 1351 1833 1390">
     <span class='ocr_line' id='line_1_73' title="bbox 1042 1351 1833 1390; baseline 0.006 -13"><span class='ocrx_word' id='word_1_603' title='bbox 1042 1351 1169 1378; x_wconf 80' lang='grc' dir='ltr'>ταπεινὸν</span> <span class='ocrx_word' id='word_1_604' title='bbox 1184 1351 1238 1378; x_wconf 84' lang='grc' dir='ltr'>τῶν</span> <span class='ocrx_word' id='word_1_605' title='bbox 1252 1352 1406 1388; x_wconf 85' lang='grc' dir='ltr'>Φαρισαίων</span> <span class='ocrx_word' id='word_1_606' title='bbox 1418 1351 1462 1389; x_wconf 76' lang='grc' dir='ltr'>ἦν,</span> <span class='ocrx_word' id='word_1_607' title='bbox 1479 1354 1538 1389; x_wconf 70' lang='grc' dir='ltr'>ἦτοι</span> <span class='ocrx_word' id='word_1_608' title='bbox 1555 1355 1593 1390; x_wconf 81' lang='grc' dir='ltr'>μὴ</span> <span class='ocrx_word' id='word_1_609' title='bbox 1609 1356 1682 1381; x_wconf 86' lang='grc' dir='ltr'>νοεῖν</span> <span class='ocrx_word' id='word_1_610' title='bbox 1692 1375 1702 1387; x_wconf 88' lang='grc'><strong>,</strong></span> <span class='ocrx_word' id='word_1_611' title='bbox 1722 1356 1763 1382; x_wconf 81' lang='grc' dir='ltr'>ὅτι</span> <span class='ocrx_word' id='word_1_612' title='bbox 1777 1355 1833 1390; x_wconf 51' lang='lat' dir='ltr'><strong>me?</strong></span> 
     </span>
    </p>
   </div>
   <div class='ocr_carea' id='block_1_74' title="bbox 1043 1397 1831 1437">
    <p class='ocr_par' dir='ltr' id='par_1_74' title="bbox 1043 1397 1831 1437">
     <span class='ocr_line' id='line_1_74' title="bbox 1043 1397 1831 1437; baseline 0.006 -14"><span class='ocrx_word' id='word_1_613' title='bbox 1043 1397 1089 1423; x_wconf 89' lang='grc' dir='ltr'><strong>τοῦ</strong></span> <span class='ocrx_word' id='word_1_614' title='bbox 1104 1397 1170 1425; x_wconf 83' lang='grc' dir='ltr'>Θεοῦ</span> <span class='ocrx_word' id='word_1_615' title='bbox 1186 1398 1240 1425; x_wconf 84' lang='grc' dir='ltr'>τῶν</span> <span class='ocrx_word' id='word_1_616' title='bbox 1253 1398 1321 1425; x_wconf 82' lang='grc' dir='ltr'>ὅλων</span> <span class='ocrx_word' id='word_1_617' title='bbox 1337 1398 1412 1433; x_wconf 73' lang='grc' dir='ltr'>ἔλεγε</span> <span class='ocrx_word' id='word_1_618' title='bbox 1425 1400 1454 1426; x_wconf 88' lang='grc' dir='ltr'><strong>τό</strong></span> <span class='ocrx_word' id='word_1_619' title='bbox 1464 1420 1470 1430; x_wconf 91' lang='grc'><strong>,</strong></span> <span class='ocrx_word' id='word_1_620' title='bbox 1486 1409 1494 1426; x_wconf 80' lang='lat' dir='ltr'><strong>t</strong></span> <span class='ocrx_word' id='word_1_621' title='bbox 1508 1401 1652 1436; x_wconf 81' lang='grc' dir='ltr'>Μαρτυρεῖ</span> <span class='ocrx_word' id='word_1_622' title='bbox 1666 1402 1737 1437; x_wconf 73' lang='grc' dir='ltr'>περὶ</span> <span class='ocrx_word' id='word_1_623' title='bbox 1750 1402 1831 1437; x_wconf 56' lang='lat' dir='ltr'><strong>eno-3!</strong></span> 
     </span>
    </p>
   </div>
   <div class='ocr_carea' id='block_1_75' title="bbox 1043 1443 1832 1483">
    <p class='ocr_par' dir='ltr' id='par_1_75' title="bbox 1043 1443 1832 1483">
     <span class='ocr_line' id='line_1_75' title="bbox 1043 1443 1832 1483; baseline 0.005 -13"><span class='ocrx_word' id='word_1_624' title='bbox 1043 1443 1154 1479; x_wconf 79' lang='grc' dir='ltr'>πέμψας</span> <span class='ocrx_word' id='word_1_625' title='bbox 1163 1452 1196 1479; x_wconf 86' lang='grc' dir='ltr'><strong>με</strong></span> <span class='ocrx_word' id='word_1_626' title='bbox 1208 1445 1329 1480; x_wconf 83' lang='grc' dir='ltr'>Πατὴρ,ι</span> <span class='ocrx_word' id='word_1_627' title='bbox 1340 1445 1368 1480; x_wconf 81' lang='grc' dir='ltr'>ἢ,</span> <span class='ocrx_word' id='word_1_628' title='bbox 1377 1446 1401 1472; x_wconf 86' lang='grc' dir='ltr'><strong>εἴ</strong></span> <span class='ocrx_word' id='word_1_629' title='bbox 1409 1445 1560 1482; x_wconf 77' lang='grc' dir='ltr'>ἐξεδέχοντο</span> <span class='ocrx_word' id='word_1_630' title='bbox 1572 1447 1636 1482; x_wconf 72' lang='grc' dir='ltr'>περὶ</span> <span class='ocrx_word' id='word_1_631' title='bbox 1647 1447 1706 1483; x_wconf 82' lang='grc'><strong>(98)</strong></span> <span class='ocrx_word' id='word_1_632' title='bbox 1719 1448 1765 1475; x_wconf 76' lang='grc' dir='ltr'><strong>τοῦ</strong></span> <span class='ocrx_word' id='word_1_633' title='bbox 1775 1447 1832 1474; x_wconf 73' lang='grc' dir='ltr'>Θεοῦ</span> 
     </span>
    </p>
   </div>
   <div class='ocr_carea' id='block_1_76' title="bbox 1043 1489 1834 1528">
    <p class='ocr_par' dir='ltr' id='par_1_76' title="bbox 1043 1489 1834 1528">
     <span class='ocr_line' id='line_1_76' title="bbox 1043 1489 1834 1528; baseline 0.006 -12"><span class='ocrx_word' id='word_1_634' title='bbox 1043 1489 1128 1517; x_wconf 89' lang='grc' dir='ltr'>ταῦτα</span> <span class='ocrx_word' id='word_1_635' title='bbox 1141 1490 1283 1524; x_wconf 82' lang='grc' dir='ltr'>λέγεσθαι,</span> <span class='ocrx_word' id='word_1_636' title='bbox 1300 1491 1418 1525; x_wconf 80' lang='grc' dir='ltr'>νομίζειν</span> <span class='ocrx_word' id='word_1_637' title='bbox 1430 1512 1437 1524; x_wconf 90' lang='grc'><strong>,</strong></span> <span class='ocrx_word' id='word_1_638' title='bbox 1452 1493 1492 1519; x_wconf 87' lang='grc' dir='ltr'>ὃτι</span> <span class='ocrx_word' id='word_1_639' title='bbox 1509 1493 1538 1519; x_wconf 83' lang='grc' dir='ltr'>ὲν</span> <span class='ocrx_word' id='word_1_640' title='bbox 1551 1493 1626 1528; x_wconf 67' lang='grc' dir='ltr'>τὸπῳ</span> <span class='ocrx_word' id='word_1_641' title='bbox 1639 1494 1718 1521; x_wconf 73' lang='grc' dir='ltr'>ἐστὶν</span> <span class='ocrx_word' id='word_1_642' title='bbox 1737 1496 1752 1521; x_wconf 82' lang='grc' dir='ltr'>ὁ</span> <span class='ocrx_word' id='word_1_643' title='bbox 1767 1495 1834 1525; x_wconf 74' lang='grc' dir='ltr'>Θεὸς.</span> 
     </span>
    </p>
   </div>
   <div class='ocr_carea' id='block_1_77' title="bbox 1044 1536 1834 1577">
    <p class='ocr_par' dir='ltr' id='par_1_77' title="bbox 1044 1536 1834 1577">
     <span class='ocr_line' id='line_1_77' title="bbox 1044 1536 1834 1577; baseline 0.008 -15"><span class='ocrx_word' id='word_1_644' title='bbox 1044 1536 1092 1562; x_wconf 75' lang='grc' dir='ltr'>καὶ</span> <span class='ocrx_word' id='word_1_645' title='bbox 1115 1536 1159 1563; x_wconf 82' lang='grc' dir='ltr'><strong>διὰ</strong></span> <span class='ocrx_word' id='word_1_646' title='bbox 1183 1536 1262 1563; x_wconf 84' lang='grc' dir='ltr'>τοῦτο</span> <span class='ocrx_word' id='word_1_647' title='bbox 1284 1537 1496 1572; x_wconf 81' lang='grc' dir='ltr'>ἀποκρίνεσθαι·</span> <span class='ocrx_word' id='word_1_648' title='bbox 1515 1549 1524 1564; x_wconf 76' lang='grc' dir='ltr'><strong>ε</strong></span> <span class='ocrx_word' id='word_1_649' title='bbox 1540 1539 1595 1566; x_wconf 87' lang='grc' dir='ltr'>Ποῦ</span> <span class='ocrx_word' id='word_1_650' title='bbox 1615 1540 1693 1567; x_wconf 79' lang='grc' dir='ltr'>ἐστιν</span> <span class='ocrx_word' id='word_1_651' title='bbox 1715 1542 1730 1568; x_wconf 81' lang='grc' dir='ltr'>ὁ</span> <span class='ocrx_word' id='word_1_652' title='bbox 1747 1542 1834 1577; x_wconf 73' lang='grc' dir='ltr'>Πατήρ</span> 
     </span>
    </p>
   </div>
   <div class='ocr_carea' id='block_1_78' title="bbox 1045 1583 1834 1622">
    <p class='ocr_par' dir='ltr' id='par_1_78' title="bbox 1045 1583 1834 1622">
     <span class='ocr_line' id='line_1_78' title="bbox 1045 1583 1834 1622; baseline 0.008 -14"><span class='ocrx_word' id='word_1_653' title='bbox 1045 1590 1110 1615; x_wconf 84' lang='grc' dir='ltr'>σου;</span> <span class='ocrx_word' id='word_1_654' title='bbox 1129 1591 1137 1608; x_wconf 71' lang='grc' dir='ltr'><strong>ι</strong></span> <span class='ocrx_word' id='word_1_655' title='bbox 1154 1583 1213 1619; x_wconf 83' lang='grc' dir='ltr'><strong>Χρὴ</strong></span> <span class='ocrx_word' id='word_1_656' title='bbox 1228 1583 1319 1618; x_wconf 85' lang='grc' dir='ltr'>μέντοι</span> <span class='ocrx_word' id='word_1_657' title='bbox 1340 1592 1372 1617; x_wconf 87' lang='grc' dir='ltr'>γε</span> <span class='ocrx_word' id='word_1_658' title='bbox 1385 1584 1494 1617; x_wconf 81' lang='grc' dir='ltr'>εἰδέναι,</span> <span class='ocrx_word' id='word_1_659' title='bbox 1511 1585 1553 1612; x_wconf 83' lang='grc' dir='ltr'><strong>δτι</strong></span> <span class='ocrx_word' id='word_1_660' title='bbox 1575 1586 1599 1611; x_wconf 83' lang='grc' dir='ltr'><strong>οί</strong></span> <span class='ocrx_word' id='word_1_661' title='bbox 1615 1586 1772 1622; x_wconf 76' lang='grc' dir='ltr'>ἑτερόδοξοι</span> <span class='ocrx_word' id='word_1_662' title='bbox 1787 1589 1834 1622; x_wconf 76' lang='lat'><strong>(99]</strong></span> 
     </span>
    </p>
   </div>
   <div class='ocr_carea' id='block_1_79' title="bbox 1044 1626 1835 1667">
    <p class='ocr_par' dir='ltr' id='par_1_79' title="bbox 1044 1626 1835 1667">
     <span class='ocr_line' id='line_1_79' title="bbox 1044 1626 1835 1667; baseline 0.006 -14"><span class='ocrx_word' id='word_1_663' title='bbox 1044 1626 1183 1662; x_wconf 82' lang='grc' dir='ltr'>νομίζουσι</span> <span class='ocrx_word' id='word_1_664' title='bbox 1215 1627 1309 1662; x_wconf 81' lang='grc' dir='ltr'>σαφῶς</span> <span class='ocrx_word' id='word_1_665' title='bbox 1326 1628 1450 1655; x_wconf 74' lang='grc' dir='ltr'>ἐντεῦθεν</span> <span class='ocrx_word' id='word_1_666' title='bbox 1473 1630 1658 1665; x_wconf 66' lang='grc' dir='ltr'>παρίστασθαι</span> <span class='ocrx_word' id='word_1_667' title='bbox 1677 1632 1712 1658; x_wconf 74' lang='grc' dir='ltr'>τὸ</span> <span class='ocrx_word' id='word_1_668' title='bbox 1737 1634 1776 1667; x_wconf 82' lang='grc' dir='ltr'>μὴ</span> <span class='ocrx_word' id='word_1_669' title='bbox 1798 1633 1835 1658; x_wconf 73' lang='grc' dir='ltr'><strong>τὸν</strong></span> 
     </span>
    </p>
   </div>
   <div class='ocr_carea' id='block_1_80' title="bbox 1044 1670 1836 1713">
    <p class='ocr_par' dir='ltr' id='par_1_80' title="bbox 1044 1670 1836 1713">
     <span class='ocr_line' id='line_1_80' title="bbox 1044 1670 1836 1713; baseline 0.009 -15"><span class='ocrx_word' id='word_1_670' title='bbox 1044 1672 1110 1699; x_wconf 77' lang='grc' dir='ltr'>Θεὸν</span> <span class='ocrx_word' id='word_1_671' title='bbox 1120 1670 1141 1706; x_wconf 79' lang='grc' dir='ltr'>ᾧ</span> <span class='ocrx_word' id='word_1_672' title='bbox 1152 1672 1295 1702; x_wconf 84' lang='grc' dir='ltr'>ὲλάτρευον</span> <span class='ocrx_word' id='word_1_673' title='bbox 1311 1674 1431 1710; x_wconf 70' lang='grc' dir='ltr'>Ἰουδαῖοι</span> <span class='ocrx_word' id='word_1_674' title='bbox 1444 1675 1553 1710; x_wconf 87' lang='grc' dir='ltr'>Πατέρα</span> <span class='ocrx_word' id='word_1_675' title='bbox 1563 1674 1632 1703; x_wconf 75' lang='grc' dir='ltr'>εἶναι</span> <span class='ocrx_word' id='word_1_676' title='bbox 1645 1678 1694 1704; x_wconf 77' lang='grc' dir='ltr'><strong>τοῦ</strong></span> <span class='ocrx_word' id='word_1_677' title='bbox 1711 1678 1836 1713; x_wconf 65' lang='grc' dir='ltr'>Χριστοῦ.</span> 
     </span>
    </p>
   </div>
   <div class='ocr_carea' id='block_1_81' title="bbox 1044 1719 1835 1760">
    <p class='ocr_par' dir='ltr' id='par_1_81' title="bbox 1044 1719 1835 1760">
     <span class='ocr_line' id='line_1_81' title="bbox 1044 1719 1835 1760; baseline 0.008 -15"><span class='ocrx_word' id='word_1_678' title='bbox 1044 1719 1076 1745; x_wconf 81' lang='lat' dir='ltr'><strong>Et</strong></span> <span class='ocrx_word' id='word_1_679' title='bbox 1096 1719 1150 1755; x_wconf 89' lang='grc' dir='ltr'><strong>γὰρ</strong></span> <span class='ocrx_word' id='word_1_680' title='bbox 1163 1720 1218 1751; x_wconf 85' lang='grc' dir='ltr'>τοῖς</span> <span class='ocrx_word' id='word_1_681' title='bbox 1242 1720 1398 1755; x_wconf 78' lang='grc' dir='ltr'>Φαρισαίοις</span> <span class='ocrx_word' id='word_1_682' title='bbox 1420 1720 1579 1755; x_wconf 82' lang='grc' dir='ltr'>λατρεύουσι</span> <span class='ocrx_word' id='word_1_683' title='bbox 1601 1722 1641 1758; x_wconf 83' lang='grc' dir='ltr'><strong>τῷ</strong></span> <span class='ocrx_word' id='word_1_684' title='bbox 1663 1723 1835 1760; x_wconf 66' lang='grc' dir='ltr'>Δημιουργῷ,</span> 
     </span>
    </p>
   </div>
   <div class='ocr_carea' id='block_1_82' title="bbox 1046 1764 1836 1802">
    <p class='ocr_par' dir='ltr' id='par_1_82' title="bbox 1046 1764 1836 1802">
     <span class='ocr_line' id='line_1_82' title="bbox 1046 1764 1836 1802; baseline 0.008 -12"><span class='ocrx_word' id='word_1_685' title='bbox 1046 1765 1137 1798; x_wconf 78' lang='grc' dir='ltr'>φασὶν,</span> <span class='ocrx_word' id='word_1_686' title='bbox 1151 1764 1242 1799; x_wconf 76' lang='grc' dir='ltr'>ἔλεγεν</span> <span class='ocrx_word' id='word_1_687' title='bbox 1254 1766 1268 1791; x_wconf 89' lang='grc' dir='ltr'>ὁ</span> <span class='ocrx_word' id='word_1_688' title='bbox 1281 1765 1376 1801; x_wconf 82' lang='grc' dir='ltr'>Σωτὴρ</span> <span class='ocrx_word' id='word_1_689' title='bbox 1386 1785 1394 1797; x_wconf 87' lang='lat'><strong>,</strong></span> <span class='ocrx_word' id='word_1_690' title='bbox 1414 1774 1422 1790; x_wconf 84' lang='lat' dir='ltr'><strong>t</strong></span> <span class='ocrx_word' id='word_1_691' title='bbox 1441 1765 1510 1792; x_wconf 81' lang='grc' dir='ltr'>υΰτε</span> <span class='ocrx_word' id='word_1_692' title='bbox 1524 1767 1574 1802; x_wconf 77' lang='grc' dir='ltr'><strong>ἐμὲ</strong></span> <span class='ocrx_word' id='word_1_693' title='bbox 1591 1768 1681 1795; x_wconf 75' lang='grc' dir='ltr'>οἴδατε</span> <span class='ocrx_word' id='word_1_694' title='bbox 1691 1789 1699 1801; x_wconf 82' lang='grc'><strong>,</strong></span> <span class='ocrx_word' id='word_1_695' title='bbox 1717 1770 1781 1796; x_wconf 72' lang='grc' dir='ltr'>οὗτε</span> <span class='ocrx_word' id='word_1_696' title='bbox 1799 1770 1836 1796; x_wconf 67' lang='grc' dir='ltr'>τὶν</span> 
     </span>
    </p>
   </div>
   <div class='ocr_carea' id='block_1_83' title="bbox 1045 1809 1834 1851">
    <p class='ocr_par' dir='ltr' id='par_1_83' title="bbox 1045 1809 1834 1851">
     <span class='ocr_line' id='line_1_83' title="bbox 1045 1809 1834 1851; baseline 0.008 -16"><span class='ocrx_word' id='word_1_697' title='bbox 1045 1809 1155 1846; x_wconf 79' lang='grc' dir='ltr'>Πατέρα</span> <span class='ocrx_word' id='word_1_698' title='bbox 1173 1819 1234 1845; x_wconf 83' lang='grc' dir='ltr'>μου,</span> <span class='ocrx_word' id='word_1_699' title='bbox 1248 1819 1257 1835; x_wconf 75' lang='grc' dir='ltr'><strong>ι</strong></span> <span class='ocrx_word' id='word_1_700' title='bbox 1276 1811 1370 1844; x_wconf 82' lang='grc' dir='ltr'>σαφὲς,</span> <span class='ocrx_word' id='word_1_701' title='bbox 1388 1811 1428 1838; x_wconf 84' lang='grc' dir='ltr'>ὅτι</span> <span class='ocrx_word' id='word_1_702' title='bbox 1441 1811 1533 1847; x_wconf 78' lang='grc' dir='ltr'>ἕτερον</span> <span class='ocrx_word' id='word_1_703' title='bbox 1558 1812 1621 1839; x_wconf 78' lang='grc' dir='ltr'>ὄντα</span> <span class='ocrx_word' id='word_1_704' title='bbox 1638 1814 1687 1840; x_wconf 83' lang='grc' dir='ltr'><strong>τοῦ</strong></span> <span class='ocrx_word' id='word_1_705' title='bbox 1709 1816 1834 1851; x_wconf 51' lang='lat' dir='ltr'><strong>Amm-ua-</strong></span> 
     </span>
    </p>
   </div>
   <div class='ocr_carea' id='block_1_84' title="bbox 1046 1855 1835 1894">
    <p class='ocr_par' dir='ltr' id='par_1_84' title="bbox 1046 1855 1835 1894">
     <span class='ocr_line' id='line_1_84' title="bbox 1046 1855 1835 1894; baseline 0.008 -13"><span class='ocrx_word' id='word_1_706' title='bbox 1046 1855 1094 1890; x_wconf 85' lang='grc' dir='ltr'>γοῦ</span> <span class='ocrx_word' id='word_1_707' title='bbox 1114 1856 1158 1882; x_wconf 81' lang='grc' dir='ltr'><strong>τὸν</strong></span> <span class='ocrx_word' id='word_1_708' title='bbox 1173 1856 1282 1892; x_wconf 88' lang='grc' dir='ltr'>Πατέρα</span> <span class='ocrx_word' id='word_1_709' title='bbox 1299 1857 1395 1892; x_wconf 81' lang='grc' dir='ltr'>Ἰησοῦ,</span> <span class='ocrx_word' id='word_1_710' title='bbox 1411 1857 1550 1893; x_wconf 78' lang='grc' dir='ltr'>Φαρισαῖοι</span> <span class='ocrx_word' id='word_1_711' title='bbox 1570 1859 1621 1885; x_wconf 82' lang='grc' dir='ltr'><strong>οὐκ</strong></span> <span class='ocrx_word' id='word_1_712' title='bbox 1642 1860 1761 1894; x_wconf 73' lang='grc' dir='ltr'>ᾔδεσαν.</span> <span class='ocrx_word' id='word_1_713' title='bbox 1776 1861 1835 1887; x_wconf 72' lang='grc' dir='ltr'>Ἀλλ’</span> 
     </span>
    </p>
   </div>
   <div class='ocr_carea' id='block_1_85' title="bbox 1045 1901 1837 1939">
    <p class='ocr_par' dir='ltr' id='par_1_85' title="bbox 1045 1901 1837 1939">
     <span class='ocr_line' id='line_1_85' title="bbox 1045 1901 1837 1939; baseline 0.001 -10"><span class='ocrx_word' id='word_1_714' title='bbox 1045 1903 1106 1930; x_wconf 72' lang='grc' dir='ltr'>οὐδὲ</span> <span class='ocrx_word' id='word_1_715' title='bbox 1129 1903 1356 1939; x_wconf 83' lang='grc' dir='ltr'>Ἱεροσολυμῖται,</span> <span class='ocrx_word' id='word_1_716' title='bbox 1379 1901 1419 1935; x_wconf 75' lang='grc' dir='ltr'>οἷς</span> <span class='ocrx_word' id='word_1_717' title='bbox 1443 1904 1620 1939; x_wconf 84' lang='grc' dir='ltr'>προειρήκει,</span> <span class='ocrx_word' id='word_1_718' title='bbox 1642 1906 1742 1933; x_wconf 74' lang='grc' dir='ltr'>«Ἀλλ’</span> <span class='ocrx_word' id='word_1_719' title='bbox 1774 1907 1837 1932; x_wconf 71' lang='grc' dir='ltr'>ἐστιν</span> 
     </span>
    </p>
   </div>
   <div class='ocr_carea' id='block_1_86' title="bbox 1045 1948 1837 1984">
    <p class='ocr_par' dir='ltr' id='par_1_86' title="bbox 1045 1948 1837 1984">
     <span class='ocr_line' id='line_1_86' title="bbox 1045 1948 1837 1984; baseline 0.004 -9"><span class='ocrx_word' id='word_1_720' title='bbox 1045 1948 1170 1983; x_wconf 75' lang='grc' dir='ltr'>ἀληθινὸς</span> <span class='ocrx_word' id='word_1_721' title='bbox 1184 1950 1198 1976; x_wconf 84' lang='grc' dir='ltr'>ὁ</span> <span class='ocrx_word' id='word_1_722' title='bbox 1215 1948 1326 1984; x_wconf 78' lang='grc' dir='ltr'>πέμψας</span> <span class='ocrx_word' id='word_1_723' title='bbox 1343 1957 1386 1984; x_wconf 80' lang='grc' dir='ltr'><strong>με,</strong></span> <span class='ocrx_word' id='word_1_724' title='bbox 1400 1949 1430 1976; x_wconf 84' lang='grc' dir='ltr'>ὃν</span> <span class='ocrx_word' id='word_1_725' title='bbox 1443 1950 1521 1984; x_wconf 81' lang='grc' dir='ltr'>ὑμεῖς</span> <span class='ocrx_word' id='word_1_726' title='bbox 1535 1950 1585 1977; x_wconf 73' lang='grc' dir='ltr'>οὐκ</span> <span class='ocrx_word' id='word_1_727' title='bbox 1602 1951 1707 1984; x_wconf 79' lang='grc' dir='ltr'>οἴδατε,</span> <span class='ocrx_word' id='word_1_728' title='bbox 1732 1963 1743 1979; x_wconf 72' lang='grc' dir='ltr'><strong>ι</strong></span> <span class='ocrx_word' id='word_1_729' title='bbox 1759 1953 1837 1980; x_wconf 65' lang='grc' dir='ltr'>ταῦτ’.</span> 
     </span>
    </p>
   </div>
   <div class='ocr_carea' id='block_1_87' title="bbox 1045 1994 1837 2033">
    <p class='ocr_par' dir='ltr' id='par_1_87' title="bbox 1045 1994 1837 2033">
     <span class='ocr_line' id='line_1_87' title="bbox 1045 1994 1837 2033; baseline 0.005 -12"><span class='ocrx_word' id='word_1_730' title='bbox 1045 1994 1180 2028; x_wconf 82' lang='grc' dir='ltr'>λέγουσιν,</span> <span class='ocrx_word' id='word_1_731' title='bbox 1188 1994 1236 2021; x_wconf 69' lang='grc' dir='ltr'>ἅτε</span> <span class='ocrx_word' id='word_1_732' title='bbox 1246 1995 1283 2030; x_wconf 84' lang='grc' dir='ltr'>μὴ</span> <span class='ocrx_word' id='word_1_733' title='bbox 1294 1994 1477 2028; x_wconf 80' lang='grc' dir='ltr'>ἀνεγνωκότες</span> <span class='ocrx_word' id='word_1_734' title='bbox 1488 1994 1538 2027; x_wconf 82' lang='grc' dir='ltr'><strong>τὰς</strong></span> <span class='ocrx_word' id='word_1_735' title='bbox 1549 1995 1624 2027; x_wconf 86' lang='grc' dir='ltr'>Θείας</span> <span class='ocrx_word' id='word_1_736' title='bbox 1637 1997 1768 2032; x_wconf 69' lang='grc' dir='ltr'>Γραςρὰς,</span> <span class='ocrx_word' id='word_1_737' title='bbox 1778 1999 1837 2033; x_wconf 73' lang='grc' dir='ltr'><strong>μηᾶ</strong></span> 
     </span>
    </p>
   </div>
   <div class='ocr_carea' id='block_1_88' title="bbox 1045 2039 1837 2079">
    <p class='ocr_par' dir='ltr' id='par_1_88' title="bbox 1045 2039 1837 2079">
     <span class='ocr_line' id='line_1_88' title="bbox 1045 2039 1837 2079; baseline 0.006 -13"><span class='ocrx_word' id='word_1_738' title='bbox 1045 2040 1095 2076; x_wconf 86' lang='grc' dir='ltr'>τὴν</span> <span class='ocrx_word' id='word_1_739' title='bbox 1120 2040 1261 2076; x_wconf 81' lang='grc' dir='ltr'>συνήθειαν</span> <span class='ocrx_word' id='word_1_740' title='bbox 1282 2039 1333 2075; x_wconf 85' lang='grc' dir='ltr'>τῆς</span> <span class='ocrx_word' id='word_1_741' title='bbox 1356 2040 1385 2066; x_wconf 85' lang='grc' dir='ltr'>ὲν</span> <span class='ocrx_word' id='word_1_742' title='bbox 1407 2041 1503 2072; x_wconf 82' lang='grc' dir='ltr'>αὑταῖς</span> <span class='ocrx_word' id='word_1_743' title='bbox 1524 2041 1625 2074; x_wconf 81' lang='grc' dir='ltr'>λέξεως</span> <span class='ocrx_word' id='word_1_744' title='bbox 1644 2045 1837 2079; x_wconf 69' lang='grc' dir='ltr'>τετηρηκάτες.</span> 
     </span>
    </p>
   </div>
   <div class='ocr_carea' id='block_1_89' title="bbox 1047 2085 1839 2122">
    <p class='ocr_par' dir='ltr' id='par_1_89' title="bbox 1047 2085 1839 2122">
     <span class='ocr_line' id='line_1_89' title="bbox 1047 2085 1839 2122; baseline 0.004 -9"><span class='ocrx_word' id='word_1_745' title='bbox 1047 2086 1107 2113; x_wconf 84' lang='grc' dir='ltr'>Κᾶν</span> <span class='ocrx_word' id='word_1_746' title='bbox 1118 2085 1172 2122; x_wconf 82' lang='grc' dir='ltr'>γὰρ</span> <span class='ocrx_word' id='word_1_747' title='bbox 1185 2085 1340 2119; x_wconf 80' lang='grc' dir='ltr'>διεξοδεύειν</span> <span class='ocrx_word' id='word_1_748' title='bbox 1352 2094 1394 2117; x_wconf 86' lang='grc' dir='ltr'><strong>τις</strong></span> <span class='ocrx_word' id='word_1_749' title='bbox 1403 2086 1514 2122; x_wconf 83' lang='grc' dir='ltr'>δύνηται</span> <span class='ocrx_word' id='word_1_750' title='bbox 1524 2087 1558 2114; x_wconf 80' lang='grc' dir='ltr'><strong>τὰ</strong></span> <span class='ocrx_word' id='word_1_751' title='bbox 1570 2088 1634 2122; x_wconf 75' lang='grc' dir='ltr'><strong>περὶ</strong></span> <span class='ocrx_word' id='word_1_752' title='bbox 1649 2088 1735 2120; x_wconf 75' lang='grc' dir='ltr'>Θεοῦ,</span> <span class='ocrx_word' id='word_1_753' title='bbox 1752 2091 1784 2116; x_wconf 71' lang='grc' dir='ltr'>ἐκ</span> <span class='ocrx_word' id='word_1_754' title='bbox 1796 2098 1839 2115; x_wconf 73' lang='lat'><strong>:7:-</strong></span> 
     </span>
    </p>
   </div>
   <div class='ocr_carea' id='block_1_90' title="bbox 1046 2132 1839 2170">
    <p class='ocr_par' dir='ltr' id='par_1_90' title="bbox 1046 2132 1839 2170">
     <span class='ocr_line' id='line_1_90' title="bbox 1046 2132 1839 2170; baseline 0.001 -12"><span class='ocrx_word' id='word_1_755' title='bbox 1046 2132 1132 2168; x_wconf 78' lang='grc' dir='ltr'>τέρων</span> <span class='ocrx_word' id='word_1_756' title='bbox 1148 2132 1325 2168; x_wconf 81' lang='grc' dir='ltr'>μεμαθηκὼς,</span> <span class='ocrx_word' id='word_1_757' title='bbox 1338 2132 1379 2159; x_wconf 84' lang='grc' dir='ltr'>ὅτι</span> <span class='ocrx_word' id='word_1_758' title='bbox 1391 2132 1478 2168; x_wconf 79' lang='grc' dir='ltr'>τούτῳ</span> <span class='ocrx_word' id='word_1_759' title='bbox 1492 2133 1635 2169; x_wconf 76' lang='grc' dir='ltr'>λατρεύειν</span> <span class='ocrx_word' id='word_1_760' title='bbox 1649 2135 1728 2170; x_wconf 78' lang='grc' dir='ltr'>μόνῳ</span> <span class='ocrx_word' id='word_1_761' title='bbox 1745 2136 1795 2166; x_wconf 73' lang='grc' dir='ltr'>δεῖ,</span> <span class='ocrx_word' id='word_1_762' title='bbox 1809 2136 1839 2170; x_wconf 60' lang='grc' dir='ltr'>μὴ</span> 
     </span>
    </p>
   </div>
   <div class='ocr_carea' id='block_1_91' title="bbox 212 2176 998 2217">
    <p class='ocr_par' dir='ltr' id='par_1_91' title="bbox 212 2176 994 2217">
     <span class='ocr_line' id='line_1_91' title="bbox 212 2176 994 2217; baseline -0.014 -3"><span class='ocrx_word' id='word_1_763' title='bbox 212 2186 313 2214; x_wconf 86' lang='lat' dir='ltr'><strong>tionem</strong></span> <span class='ocrx_word' id='word_1_764' title='bbox 331 2184 390 2212; x_wconf 88' lang='lat' dir='ltr'><strong>Dei.</strong></span> <span class='ocrx_word' id='word_1_765' title='bbox 408 2183 435 2210; x_wconf 90' lang='lat' dir='ltr'><strong>Si</strong></span> <span class='ocrx_word' id='word_1_766' title='bbox 457 2182 599 2217; x_wconf 76' lang='lat' dir='ltr'><strong>quisquam</strong></span> <span class='ocrx_word' id='word_1_767' title='bbox 619 2181 700 2215; x_wconf 75' lang='lat' dir='ltr'><strong>igitur</strong></span> <span class='ocrx_word' id='word_1_768' title='bbox 714 2179 783 2206; x_wconf 86' lang='lat' dir='ltr'><strong>alius</strong></span> <span class='ocrx_word' id='word_1_769' title='bbox 798 2179 872 2206; x_wconf 87' lang='lat' dir='ltr'><strong>novit</strong></span> <span class='ocrx_word' id='word_1_770' title='bbox 884 2184 945 2212; x_wconf 63' lang='lat' dir='ltr'><strong>qua</strong></span> <span class='ocrx_word' id='word_1_771' title='bbox 961 2176 994 2203; x_wconf 89' lang='lat' dir='ltr'><strong>ad</strong></span> 
     </span>
    </p>
   </div>
   <div class='ocr_carea' id='block_1_92' title="bbox 1100 2176 1839 2217">
    <p class='ocr_par' dir='ltr' id='par_1_92' title="bbox 1113 2176 1839 2213">
     <span class='ocr_line' id='line_1_92' title="bbox 1113 2176 1839 2213; baseline 0.003 -11"><span class='ocrx_word' id='word_1_772' title='bbox 1113 2177 1143 2203; x_wconf 82' lang='grc' dir='ltr'>δὲ</span> <span class='ocrx_word' id='word_1_773' title='bbox 1159 2176 1263 2209; x_wconf 83' lang='grc' dir='ltr'>καλῶς,</span> <span class='ocrx_word' id='word_1_774' title='bbox 1281 2176 1373 2203; x_wconf 82' lang='grc' dir='ltr'>τοῦτόν</span> <span class='ocrx_word' id='word_1_775' title='bbox 1390 2186 1472 2212; x_wconf 84' lang='grc' dir='ltr'>φασιν</span> <span class='ocrx_word' id='word_1_776' title='bbox 1486 2178 1536 2204; x_wconf 82' lang='grc' dir='ltr'>οὐκ</span> <span class='ocrx_word' id='word_1_777' title='bbox 1555 2177 1629 2213; x_wconf 79' lang='grc' dir='ltr'>ἔχειν</span> <span class='ocrx_word' id='word_1_778' title='bbox 1646 2179 1756 2212; x_wconf 80' lang='grc' dir='ltr'>γνῶσιν</span> <span class='ocrx_word' id='word_1_779' title='bbox 1770 2180 1839 2207; x_wconf 67' lang='grc' dir='ltr'><strong>Θεεῦ.</strong></span> 
     </span>
    </p>
   </div>
   <div class='ocr_carea' id='block_1_93' title="bbox 214 2223 995 2263">
    <p class='ocr_par' dir='ltr' id='par_1_93' title="bbox 214 2223 995 2263">
     <span class='ocr_line' id='line_1_93' title="bbox 214 2223 995 2263; baseline -0.014 -4"><span class='ocrx_word' id='word_1_780' title='bbox 214 2232 305 2260; x_wconf 90' lang='lat' dir='ltr'><strong>mundi</strong></span> <span class='ocrx_word' id='word_1_781' title='bbox 318 2230 479 2257; x_wconf 82' lang='lat' dir='ltr'><strong>Eﬂ‘ectorem</strong></span> <span class='ocrx_word' id='word_1_782' title='bbox 495 2227 644 2263; x_wconf 89' lang='lat' dir='ltr'><strong>pertinent,</strong></span> <span class='ocrx_word' id='word_1_783' title='bbox 659 2230 686 2253; x_wconf 90' lang='lat' dir='ltr'><strong>ct</strong></span> <span class='ocrx_word' id='word_1_784' title='bbox 700 2232 760 2260; x_wconf 65' lang='lat' dir='ltr'><strong>quae</strong></span> <span class='ocrx_word' id='word_1_785' title='bbox 781 2224 814 2251; x_wconf 89' lang='lat' dir='ltr'><strong>ad</strong></span> <span class='ocrx_word' id='word_1_786' title='bbox 830 2223 933 2251; x_wconf 83' lang='lat' dir='ltr'><strong>cultum</strong></span> <span class='ocrx_word' id='word_1_787' title='bbox 948 2229 995 2249; x_wconf 82' lang='lat' dir='ltr'><strong>sa—</strong></span> 
     </span>
    </p>
   </div>
   <div class='ocr_carea' id='block_1_94' title="bbox 213 2267 996 2310">
    <p class='ocr_par' dir='ltr' id='par_1_94' title="bbox 213 2267 996 2310">
     <span class='ocr_line' id='line_1_94' title="bbox 213 2267 996 2310; baseline -0.015 -5"><span class='ocrx_word' id='word_1_788' title='bbox 213 2276 389 2308; x_wconf 83' lang='lat' dir='ltr'><strong>cerdotalem,</strong></span> <span class='ocrx_word' id='word_1_789' title='bbox 403 2274 577 2310; x_wconf 87' lang='lat' dir='ltr'><strong>perspicuum</strong></span> <span class='ocrx_word' id='word_1_790' title='bbox 593 2275 670 2299; x_wconf 86' lang='lat' dir='ltr'><strong>certe</strong></span> <span class='ocrx_word' id='word_1_791' title='bbox 687 2275 731 2298; x_wconf 89' lang='lat' dir='ltr'><strong>est</strong></span> <span class='ocrx_word' id='word_1_792' title='bbox 756 2270 827 2297; x_wconf 87' lang='lat' dir='ltr'><strong>inter</strong></span> <span class='ocrx_word' id='word_1_793' title='bbox 842 2270 892 2296; x_wconf 89' lang='lat' dir='ltr'><strong>hos</strong></span> <span class='ocrx_word' id='word_1_794' title='bbox 912 2267 996 2294; x_wconf 79' lang='lat' dir='ltr'><strong>fuisse</strong></span> 
     </span>
    </p>
   </div>
   <div class='ocr_carea' id='block_1_95' title="bbox 214 2312 996 2352">
    <p class='ocr_par' dir='ltr' id='par_1_95' title="bbox 214 2312 996 2352">
     <span class='ocr_line' id='line_1_95' title="bbox 214 2312 996 2352; baseline -0.014 -3"><span class='ocrx_word' id='word_1_795' title='bbox 214 2322 284 2350; x_wconf 87' lang='lat' dir='ltr'><strong>ﬁlios</strong></span> <span class='ocrx_word' id='word_1_796' title='bbox 296 2321 354 2348; x_wconf 82' lang='lat' dir='ltr'><strong>lleli</strong></span> <span class='ocrx_word' id='word_1_797' title='bbox 370 2319 532 2352; x_wconf 73' lang='lat' dir='ltr'><strong>sacerdotis,</strong></span> <span class='ocrx_word' id='word_1_798' title='bbox 547 2317 593 2352; x_wconf 86' lang='lat' dir='ltr'><strong>qui</strong></span> <span class='ocrx_word' id='word_1_799' title='bbox 613 2316 707 2344; x_wconf 85' lang='lat' dir='ltr'><strong>nutriti</strong></span> <span class='ocrx_word' id='word_1_800' title='bbox 723 2315 800 2342; x_wconf 79' lang='lat' dir='ltr'><strong>fuere</strong></span> <span class='ocrx_word' id='word_1_801' title='bbox 811 2314 837 2342; x_wconf 87' lang='lat' dir='ltr'><strong>in</strong></span> <span class='ocrx_word' id='word_1_802' title='bbox 850 2313 896 2341; x_wconf 89' lang='lat' dir='ltr'><strong>Dei</strong></span> <span class='ocrx_word' id='word_1_803' title='bbox 911 2312 996 2340; x_wconf 88' lang='lat' dir='ltr'><strong>cultu.</strong></span> 
     </span>
    </p>
   </div>
   <div class='ocr_carea' id='block_1_96' title="bbox 215 2358 998 2400">
    <p class='ocr_par' dir='ltr' id='par_1_96' title="bbox 215 2358 998 2400">
     <span class='ocr_line' id='line_1_96' title="bbox 215 2358 998 2400; baseline -0.013 -5"><span class='ocrx_word' id='word_1_804' title='bbox 215 2368 340 2395; x_wconf 82' lang='lat' dir='ltr'><strong>Attamen</strong></span> <span class='ocrx_word' id='word_1_805' title='bbox 356 2373 388 2393; x_wconf 86' lang='lat' dir='ltr'><strong>eo</strong></span> <span class='ocrx_word' id='word_1_806' title='bbox 401 2365 471 2400; x_wconf 90' lang='lat' dir='ltr'><strong>quod</strong></span> <span class='ocrx_word' id='word_1_807' title='bbox 487 2363 670 2400; x_wconf 83' lang='lat' dir='ltr'><strong>peccaverint,</strong></span> <span class='ocrx_word' id='word_1_808' title='bbox 689 2361 790 2395; x_wconf 84' lang='lat' dir='ltr'><strong>scripta</strong></span> <span class='ocrx_word' id='word_1_809' title='bbox 806 2363 870 2387; x_wconf 88' lang='lat' dir='ltr'><strong>sunt</strong></span> <span class='ocrx_word' id='word_1_810' title='bbox 892 2358 950 2386; x_wconf 66' lang='lat' dir='ltr'><strong>haec</strong></span> <span class='ocrx_word' id='word_1_811' title='bbox 965 2358 998 2386; x_wconf 88' lang='lat' dir='ltr'><strong>de</strong></span> 
     </span>
    </p>
   </div>
   <div class='ocr_carea' id='block_1_97' title="bbox 214 2405 997 2447">
    <p class='ocr_par' dir='ltr' id='par_1_97' title="bbox 214 2405 997 2447">
     <span class='ocr_line' id='line_1_97' title="bbox 214 2405 997 2447; baseline -0.013 -6"><span class='ocrx_word' id='word_1_812' title='bbox 214 2414 268 2441; x_wconf 83' lang='lat' dir='ltr'><strong>illis</strong></span> <span class='ocrx_word' id='word_1_813' title='bbox 290 2413 318 2440; x_wconf 83' lang='lat' dir='ltr'><strong>in</strong></span> <span class='ocrx_word' id='word_1_814' title='bbox 335 2412 421 2447; x_wconf 85' lang='lat' dir='ltr'><strong>primo</strong></span> <span class='ocrx_word' id='word_1_815' title='bbox 440 2412 540 2446; x_wconf 74' lang='lat' dir='ltr'><strong>[tegunt</strong></span> <span class='ocrx_word' id='word_1_816' title='bbox 554 2410 599 2436; x_wconf 69' lang='grc' dir='ltr'>διε</span> <span class='ocrx_word' id='word_1_817' title='bbox 617 2418 626 2435; x_wconf 77' lang='grc' dir='ltr'><strong>ι</strong></span> <span class='ocrx_word' id='word_1_818' title='bbox 639 2409 672 2435; x_wconf 82' lang='lat' dir='ltr'><strong>Et</strong></span> <span class='ocrx_word' id='word_1_819' title='bbox 697 2407 744 2435; x_wconf 86' lang='lat' dir='ltr'><strong>lilii</strong></span> <span class='ocrx_word' id='word_1_820' title='bbox 766 2406 834 2438; x_wconf 83' lang='lat' dir='ltr'><strong>Heli,</strong></span> <span class='ocrx_word' id='word_1_821' title='bbox 848 2405 895 2433; x_wconf 88' lang='lat' dir='ltr'><strong>ﬁlii</strong></span> <span class='ocrx_word' id='word_1_822' title='bbox 912 2406 997 2440; x_wconf 88' lang='lat' dir='ltr'><strong>pesti-</strong></span> 
     </span>
    </p>
   </div>
   <div class='ocr_carea' id='block_1_98' title="bbox 215 2449 997 2495">
    <p class='ocr_par' dir='ltr' id='par_1_98' title="bbox 215 2449 997 2495">
     <span class='ocr_line' id='line_1_98' title="bbox 215 2449 997 2495; baseline -0.014 -7"><span class='ocrx_word' id='word_1_823' title='bbox 215 2461 313 2492; x_wconf 78' lang='lat' dir='ltr'><strong>lentes,</strong></span> <span class='ocrx_word' id='word_1_824' title='bbox 327 2465 381 2486; x_wconf 91' lang='lat' dir='ltr'><strong>non</strong></span> <span class='ocrx_word' id='word_1_825' title='bbox 400 2461 583 2492; x_wconf 77' lang='lat' dir='ltr'><strong>cognoverunt</strong></span> <span class='ocrx_word' id='word_1_826' title='bbox 607 2455 760 2495; x_wconf 71' lang='lat' dir='ltr'><strong>Dominum.</strong></span> <span class='ocrx_word' id='word_1_827' title='bbox 776 2461 786 2478; x_wconf 81' lang='grc'><strong>›</strong></span> <span class='ocrx_word' id='word_1_828' title='bbox 805 2451 860 2488; x_wconf 89' lang='lat' dir='ltr'><strong>[(l)</strong></span> <span class='ocrx_word' id='word_1_829' title='bbox 877 2449 997 2478; x_wconf 81' lang='lat' dir='ltr'><strong>Interro-</strong></span> 
     </span>
    </p>
   </div>
   <div class='ocr_carea' id='block_1_99' title="bbox 214 2502 993 2542">
    <p class='ocr_par' dir='ltr' id='par_1_99' title="bbox 214 2502 993 2542">
     <span class='ocr_line' id='line_1_99' title="bbox 214 2502 993 2542; baseline -0.014 -9"><span class='ocrx_word' id='word_1_830' title='bbox 214 2513 309 2542; x_wconf 76' lang='lat' dir='ltr'><strong>gemus</strong></span> <span class='ocrx_word' id='word_1_831' title='bbox 321 2504 394 2532; x_wconf 85' lang='lat' dir='ltr'><strong>enim</strong></span> <span class='ocrx_word' id='word_1_832' title='bbox 403 2510 449 2530; x_wconf 90' lang='lat' dir='ltr'><strong>eos</strong></span> <span class='ocrx_word' id='word_1_833' title='bbox 461 2502 506 2537; x_wconf 87' lang='lat' dir='ltr'><strong>qui</strong></span> <span class='ocrx_word' id='word_1_834' title='bbox 519 2502 600 2529; x_wconf 81' lang='lat' dir='ltr'><strong>etiam</strong></span> <span class='ocrx_word' id='word_1_835' title='bbox 615 2505 717 2528; x_wconf 83' lang='lat' dir='ltr'><strong>sectam</strong></span> <span class='ocrx_word' id='word_1_836' title='bbox 732 2502 993 2533; x_wconf 86' lang='lat' dir='ltr'><strong>sequuntur,annon</strong></span> 
     </span>
    </p>
   </div>
   <div class='ocr_carea' id='block_1_100' title="bbox 250 2574 465 2607">
    <p class='ocr_par' dir='ltr' id='par_1_100' title="bbox 250 2574 465 2607">
     <span class='ocr_line' id='line_1_100' title="bbox 250 2574 465 2607; baseline -0.014 -5"><span class='ocrx_word' id='word_1_837' title='bbox 250 2576 272 2591; x_wconf 82' lang='lat'><strong>&quot;</strong></span> <span class='ocrx_word' id='word_1_838' title='bbox 288 2574 351 2602; x_wconf 86' lang='lat' dir='ltr'><strong>ibid.</strong></span> <span class='ocrx_word' id='word_1_839' title='bbox 366 2574 399 2602; x_wconf 75' lang='lat' dir='ltr'><strong>i5</strong></span> <span class='ocrx_word' id='word_1_840' title='bbox 408 2579 465 2607; x_wconf 84' lang='lat' dir='ltr'><strong>seq.</strong></span> 
     </span>
    </p>
   </div>
   <div class='ocr_carea' id='block_1_101' title="bbox 216 2606 660 2642">
    <p class='ocr_par' dir='ltr' id='par_1_101' title="bbox 216 2606 660 2642">
     <span class='ocr_line' id='line_1_101' title="bbox 216 2606 660 2642; baseline -0.016 -3"><span class='ocrx_word' id='word_1_841' title='bbox 216 2610 318 2641; x_wconf 70' lang='lat' dir='ltr'><strong>&quot;ibid,</strong></span> <span class='ocrx_word' id='word_1_842' title='bbox 337 2610 382 2637; x_wconf 78' lang='grc'><strong>18.</strong></span> <span class='ocrx_word' id='word_1_843' title='bbox 419 2606 547 2642; x_wconf 56' lang='grc' dir='ltr'><strong>δ’ίΙΒρς.</strong></span> <span class='ocrx_word' id='word_1_844' title='bbox 567 2615 602 2639; x_wconf 88' lang='grc' dir='ltr'><strong>ιι,</strong></span> <span class='ocrx_word' id='word_1_845' title='bbox 615 2606 660 2635; x_wconf 74' lang='lat'><strong>‘12.</strong></span> 
     </span>
    </p>
   </div>
   <div class='ocr_carea' id='block_1_102' title="bbox 252 2670 995 2716">
    <p class='ocr_par' dir='ltr' id='par_1_102' title="bbox 252 2670 995 2716">
     <span class='ocr_line' id='line_1_102' title="bbox 252 2670 995 2716; baseline -0.011 -9"><span class='ocrx_word' id='word_1_846' title='bbox 252 2680 323 2716; x_wconf 79' lang='lat'><strong>(97&quot;)</strong></span> <span class='ocrx_word' id='word_1_847' title='bbox 338 2679 410 2712; x_wconf 78' lang='lat' dir='ltr'><strong>Lege</strong></span> <span class='ocrx_word' id='word_1_848' title='bbox 435 2677 692 2716; x_wconf 41' lang='grc' dir='ltr'>ἰῆς-ἐπισταμένων</span> <span class='ocrx_word' id='word_1_849' title='bbox 716 2675 768 2715; x_wconf 66' lang='grc' dir='ltr'>ὅτι,</span> <span class='ocrx_word' id='word_1_850' title='bbox 794 2678 931 2716; x_wconf 51' lang='grc' dir='ltr'>οξῃιιηοιο</span> <span class='ocrx_word' id='word_1_851' title='bbox 950 2670 995 2708; x_wconf 84' lang='grc' dir='ltr'><strong>ἦν·</strong></span> 
     </span>
    </p>
   </div>
   <div class='ocr_carea' id='block_1_103' title="bbox 216 2708 999 2750">
    <p class='ocr_par' dir='ltr' id='par_1_103' title="bbox 216 2708 999 2750">
     <span class='ocr_line' id='line_1_103' title="bbox 216 2708 999 2750; baseline -0.011 -8"><span class='ocrx_word' id='word_1_852' title='bbox 216 2708 336 2750; x_wconf 74' lang='lat' dir='ltr'><strong>qttinqtie</strong></span> <span class='ocrx_word' id='word_1_853' title='bbox 352 2708 441 2750; x_wconf 58' lang='lat' dir='ltr'><strong>autem</strong></span> <span class='ocrx_word' id='word_1_854' title='bbox 455 2713 554 2750; x_wconf 57' lang='lat' dir='ltr'><strong>abhinc</strong></span> <span class='ocrx_word' id='word_1_855' title='bbox 569 2708 658 2744; x_wconf 39' lang='lat' dir='ltr'><strong>lin-eis,</strong></span> <span class='ocrx_word' id='word_1_856' title='bbox 672 2711 778 2745; x_wconf 74' lang='lat' dir='ltr'><strong>corrige</strong></span> <span class='ocrx_word' id='word_1_857' title='bbox 789 2709 841 2736; x_wconf 83' lang='grc' dir='ltr'>κᾶν</span> <span class='ocrx_word' id='word_1_858' title='bbox 856 2708 920 2743; x_wconf 79' lang='grc' dir='ltr'>ἐγώ,</span> <span class='ocrx_word' id='word_1_859' title='bbox 938 2716 999 2743; x_wconf 82' lang='lat' dir='ltr'><strong>pro,</strong></span> 
     </span>
    </p>
   </div>
   <div class='ocr_carea' id='block_1_104' title="bbox 217 2747 578 2784">
    <p class='ocr_par' dir='ltr' id='par_1_104' title="bbox 217 2747 578 2784">
     <span class='ocr_line' id='line_1_104' title="bbox 217 2747 578 2784; baseline -0.008 -6"><span class='ocrx_word' id='word_1_860' title='bbox 217 2747 263 2778; x_wconf 69' lang='grc' dir='ltr'>καὶ</span> <span class='ocrx_word' id='word_1_861' title='bbox 279 2747 344 2784; x_wconf 69' lang='grc' dir='ltr'><strong>ἐγώ.</strong></span> <span class='ocrx_word' id='word_1_862' title='bbox 363 2748 441 2784; x_wconf 70' lang='grc' dir='ltr'>Ευιτ.</span> <span class='ocrx_word' id='word_1_863' title='bbox 457 2747 578 2784; x_wconf 67' lang='lat' dir='ltr'><strong>Partica.</strong></span> 
     </span>
    </p>
   </div>
   <div class='ocr_carea' id='block_1_105' title="bbox 252 2777 1001 2821">
    <p class='ocr_par' dir='ltr' id='par_1_105' title="bbox 252 2777 1001 2821">
     <span class='ocr_line' id='line_1_105' title="bbox 252 2777 1001 2821; baseline -0.009 -9"><span class='ocrx_word' id='word_1_864' title='bbox 252 2777 308 2821; x_wconf 74' lang='lat'><strong>(98)</strong></span> <span class='ocrx_word' id='word_1_865' title='bbox 322 2782 587 2821; x_wconf 61' lang='grc' dir='ltr'><strong>’⁸11είρξεςδέχοντο.</strong></span> <span class='ocrx_word' id='word_1_866' title='bbox 600 2781 645 2810; x_wconf 88' lang='lat' dir='ltr'><strong>Sic</strong></span> <span class='ocrx_word' id='word_1_867' title='bbox 656 2780 740 2810; x_wconf 81' lang='lat' dir='ltr'><strong>codex</strong></span> <span class='ocrx_word' id='word_1_868' title='bbox 754 2779 934 2812; x_wconf 83' lang='lat' dir='ltr'><strong>Bodleianus;</strong></span> <span class='ocrx_word' id='word_1_869' title='bbox 947 2777 1001 2806; x_wconf 81' lang='lat' dir='ltr'><strong>Re-</strong></span> 
     </span>
    </p>
   </div>
   <div class='ocr_carea' id='block_1_106' title="bbox 218 2818 540 2855">
    <p class='ocr_par' dir='ltr' id='par_1_106' title="bbox 218 2818 540 2855">
     <span class='ocr_line' id='line_1_106' title="bbox 218 2818 540 2855; baseline -0.009 -8"><span class='ocrx_word' id='word_1_870' title='bbox 218 2818 288 2855; x_wconf 74' lang='lat' dir='ltr'><strong>gius,</strong></span> <span class='ocrx_word' id='word_1_871' title='bbox 299 2818 367 2846; x_wconf 63' lang='grc' dir='ltr'><strong>ἐπεὶ</strong></span> <span class='ocrx_word' id='word_1_872' title='bbox 378 2818 540 2854; x_wconf 70' lang='grc' dir='ltr'>ἐξεδέχοντο.</span> 
     </span>
    </p>
   </div>
   <div class='ocr_carea' id='block_1_107' title="bbox 503 2567 1058 2603">
    <p class='ocr_par' dir='ltr' id='par_1_107' title="bbox 503 2567 1058 2603">
     <span class='ocr_line' id='line_1_107' title="bbox 503 2567 1058 2603; baseline -0.009 -5"><span class='ocrx_word' id='word_1_873' title='bbox 503 2572 525 2588; x_wconf 85' lang='grc'><strong>³³</strong></span> <span class='ocrx_word' id='word_1_874' title='bbox 544 2571 636 2598; x_wconf 75' lang='lat' dir='ltr'><strong>Matth.</strong></span> <span class='ocrx_word' id='word_1_875' title='bbox 655 2578 716 2603; x_wconf 82' lang='lat' dir='ltr'><strong>xm,</strong></span> <span class='ocrx_word' id='word_1_876' title='bbox 729 2569 774 2597; x_wconf 83' lang='lat'><strong>55.</strong></span> <span class='ocrx_word' id='word_1_877' title='bbox 812 2568 834 2584; x_wconf 79' lang='lat'><strong>&quot;</strong></span> <span class='ocrx_word' id='word_1_878' title='bbox 847 2567 997 2601; x_wconf 83' lang='lat' dir='ltr'><strong>Joan.vttt,</strong></span> <span class='ocrx_word' id='word_1_879' title='bbox 1014 2567 1058 2594; x_wconf 76' lang='grc' dir='ltr'><strong>Η.</strong></span> 
     </span>
    </p>
   </div>
   <div class='ocr_carea' id='block_1_108' title="bbox 1047 2221 1841 2261">
    <p class='ocr_par' dir='ltr' id='par_1_108' title="bbox 1047 2221 1841 2261">
     <span class='ocr_line' id='line_1_108' title="bbox 1047 2221 1841 2261; baseline 0.001 -13"><span class='ocrx_word' id='word_1_880' title='bbox 1047 2222 1082 2249; x_wconf 80' lang='grc' dir='ltr'>Εἴ</span> <span class='ocrx_word' id='word_1_881' title='bbox 1092 2231 1135 2254; x_wconf 86' lang='grc' dir='ltr'><strong>τις</strong></span> <span class='ocrx_word' id='word_1_882' title='bbox 1149 2221 1214 2256; x_wconf 88' lang='grc' dir='ltr'>γοῦν</span> <span class='ocrx_word' id='word_1_883' title='bbox 1235 2221 1313 2254; x_wconf 84' lang='grc' dir='ltr'>ἄλλος</span> <span class='ocrx_word' id='word_1_884' title='bbox 1328 2222 1386 2257; x_wconf 74' lang='grc' dir='ltr'>ᾔδει</span> <span class='ocrx_word' id='word_1_885' title='bbox 1405 2222 1439 2249; x_wconf 82' lang='grc' dir='ltr'><strong>τὰ</strong></span> <span class='ocrx_word' id='word_1_886' title='bbox 1454 2223 1518 2257; x_wconf 81' lang='grc' dir='ltr'>περὶ</span> <span class='ocrx_word' id='word_1_887' title='bbox 1538 2223 1585 2249; x_wconf 84' lang='grc' dir='ltr'><strong>τοῦ</strong></span> <span class='ocrx_word' id='word_1_888' title='bbox 1600 2225 1783 2261; x_wconf 71' lang='grc' dir='ltr'>Δημιουρτοῦ</span> <span class='ocrx_word' id='word_1_889' title='bbox 1802 2226 1841 2251; x_wconf 75' lang='lat' dir='ltr'><strong>ui</strong></span> 
     </span>
    </p>
   </div>
   <div class='ocr_carea' id='block_1_109' title="bbox 1047 2267 1842 2304">
    <p class='ocr_par' dir='ltr' id='par_1_109' title="bbox 1047 2267 1842 2304">
     <span class='ocr_line' id='line_1_109' title="bbox 1047 2267 1842 2304; baseline 0.001 -8"><span class='ocrx_word' id='word_1_890' title='bbox 1047 2269 1096 2304; x_wconf 82' lang='grc' dir='ltr'><strong>τῆς</strong></span> <span class='ocrx_word' id='word_1_891' title='bbox 1118 2267 1258 2304; x_wconf 74' lang='grc' dir='ltr'>ἱερατικῆς</span> <span class='ocrx_word' id='word_1_892' title='bbox 1280 2268 1362 2295; x_wconf 82' lang='grc' dir='ltr'>αὐτοῦ</span> <span class='ocrx_word' id='word_1_893' title='bbox 1385 2268 1549 2304; x_wconf 84' lang='grc' dir='ltr'>θεραπείας,</span> <span class='ocrx_word' id='word_1_894' title='bbox 1575 2269 1657 2304; x_wconf 82' lang='grc' dir='ltr'>δῆλον</span> <span class='ocrx_word' id='word_1_895' title='bbox 1671 2291 1679 2303; x_wconf 83' lang='grc'><strong>,</strong></span> <span class='ocrx_word' id='word_1_896' title='bbox 1698 2271 1744 2298; x_wconf 83' lang='grc' dir='ltr'><strong>δτι</strong></span> <span class='ocrx_word' id='word_1_897' title='bbox 1761 2272 1808 2299; x_wconf 76' lang='grc' dir='ltr'>καὶ</span> <span class='ocrx_word' id='word_1_898' title='bbox 1822 2271 1842 2297; x_wconf 74' lang='lat' dir='ltr'><strong>oi</strong></span> 
     </span>
    </p>
   </div>
   <div class='ocr_carea' id='block_1_110' title="bbox 1053 2312 1841 2353">
    <p class='ocr_par' dir='ltr' id='par_1_110' title="bbox 1053 2312 1841 2353">
     <span class='ocr_line' id='line_1_110' title="bbox 1053 2312 1841 2353; baseline 0 -12"><span class='ocrx_word' id='word_1_899' title='bbox 1053 2312 1132 2341; x_wconf 75' lang='grc' dir='ltr'>Ἠλεὶ</span> <span class='ocrx_word' id='word_1_900' title='bbox 1143 2314 1189 2341; x_wconf 83' lang='grc' dir='ltr'><strong>τοῦ</strong></span> <span class='ocrx_word' id='word_1_901' title='bbox 1205 2314 1301 2350; x_wconf 72' lang='grc' dir='ltr'>ἱερέως</span> <span class='ocrx_word' id='word_1_902' title='bbox 1315 2314 1384 2346; x_wconf 76' lang='grc' dir='ltr'>υἱοὶ,</span> <span class='ocrx_word' id='word_1_903' title='bbox 1403 2314 1477 2351; x_wconf 79' lang='grc' dir='ltr'>παρὰ</span> <span class='ocrx_word' id='word_1_904' title='bbox 1491 2316 1524 2350; x_wconf 78' lang='grc' dir='ltr'><strong>τῇ</strong></span> <span class='ocrx_word' id='word_1_905' title='bbox 1541 2315 1657 2351; x_wconf 62' lang='grc' dir='ltr'>λατρεία</span> <span class='ocrx_word' id='word_1_906' title='bbox 1672 2317 1841 2353; x_wconf 73' lang='grc' dir='ltr'>ἀνατεθραμ-</span> 
     </span>
    </p>
   </div>
   <div class='ocr_carea' id='block_1_111' title="bbox 1052 2359 1840 2397">
    <p class='ocr_par' dir='ltr' id='par_1_111' title="bbox 1052 2359 1840 2397">
     <span class='ocr_line' id='line_1_111' title="bbox 1052 2359 1840 2397; baseline 0.001 -11"><span class='ocrx_word' id='word_1_907' title='bbox 1052 2359 1144 2395; x_wconf 82' lang='grc' dir='ltr'>μένοι·</span> <span class='ocrx_word' id='word_1_908' title='bbox 1159 2359 1217 2387; x_wconf 82' lang='grc' dir='ltr'>ἀλλ’</span> <span class='ocrx_word' id='word_1_909' title='bbox 1236 2360 1327 2395; x_wconf 78' lang='grc' dir='ltr'>ὅμως,</span> <span class='ocrx_word' id='word_1_910' title='bbox 1344 2360 1405 2387; x_wconf 72' lang='grc' dir='ltr'>ἐπεὶ</span> <span class='ocrx_word' id='word_1_911' title='bbox 1419 2360 1556 2396; x_wconf 75' lang='grc' dir='ltr'>ἥμαρτον,</span> <span class='ocrx_word' id='word_1_912' title='bbox 1575 2362 1742 2397; x_wconf 76' lang='grc' dir='ltr'>γέγραπται</span> <span class='ocrx_word' id='word_1_913' title='bbox 1765 2363 1840 2390; x_wconf 65' lang='grc' dir='ltr'><strong>ταῦτα</strong></span> 
     </span>
    </p>
   </div>
   <div class='ocr_carea' id='block_1_112' title="bbox 1050 2404 1840 2443">
    <p class='ocr_par' dir='ltr' id='par_1_112' title="bbox 1050 2404 1840 2443">
     <span class='ocr_line' id='line_1_112' title="bbox 1050 2404 1840 2443; baseline 0.001 -12"><span class='ocrx_word' id='word_1_914' title='bbox 1050 2405 1116 2440; x_wconf 75' lang='grc' dir='ltr'>περὶ</span> <span class='ocrx_word' id='word_1_915' title='bbox 1130 2404 1219 2431; x_wconf 84' lang='grc' dir='ltr'>αὐτῶν</span> <span class='ocrx_word' id='word_1_916' title='bbox 1232 2404 1261 2432; x_wconf 78' lang='grc' dir='ltr'>ὲν</span> <span class='ocrx_word' id='word_1_917' title='bbox 1277 2405 1310 2440; x_wconf 85' lang='grc' dir='ltr'>τῇ</span> <span class='ocrx_word' id='word_1_918' title='bbox 1330 2404 1384 2431; x_wconf 84' lang='grc' dir='ltr'>τῶν</span> <span class='ocrx_word' id='word_1_919' title='bbox 1406 2405 1554 2432; x_wconf 83' lang='grc' dir='ltr'>Βασιλειῶν</span> <span class='ocrx_word' id='word_1_920' title='bbox 1572 2405 1673 2443; x_wconf 80' lang='grc' dir='ltr'>πρώτῃ</span> <span class='ocrx_word' id='word_1_921' title='bbox 1683 2415 1691 2422; x_wconf 92' lang='grc'>·</span> <span class='ocrx_word' id='word_1_922' title='bbox 1719 2417 1731 2433; x_wconf 77' lang='grc' dir='ltr'><strong>ι</strong></span> <span class='ocrx_word' id='word_1_923' title='bbox 1750 2409 1805 2434; x_wconf 74' lang='grc' dir='ltr'><strong>Καὶ</strong></span> <span class='ocrx_word' id='word_1_924' title='bbox 1821 2407 1840 2432; x_wconf 78' lang='lat' dir='ltr'><strong>ot</strong></span> 
     </span>
    </p>
   </div>
   <div class='ocr_carea' id='block_1_113' title="bbox 1050 2449 1840 2488">
    <p class='ocr_par' dir='ltr' id='par_1_113' title="bbox 1050 2449 1840 2488">
     <span class='ocr_line' id='line_1_113' title="bbox 1050 2449 1840 2488; baseline 0 -12"><span class='ocrx_word' id='word_1_925' title='bbox 1050 2449 1103 2476; x_wconf 75' lang='grc' dir='ltr'>υἱοὶ</span> <span class='ocrx_word' id='word_1_926' title='bbox 1124 2449 1217 2482; x_wconf 79' lang='grc' dir='ltr'>Ἠλεὶ,</span> <span class='ocrx_word' id='word_1_927' title='bbox 1240 2449 1293 2476; x_wconf 71' lang='grc' dir='ltr'>υἱοὶ</span> <span class='ocrx_word' id='word_1_928' title='bbox 1304 2449 1392 2485; x_wconf 74' lang='grc' dir='ltr'>λοιμοὶ</span> <span class='ocrx_word' id='word_1_929' title='bbox 1403 2469 1412 2482; x_wconf 83' lang='grc'><strong>,</strong></span> <span class='ocrx_word' id='word_1_930' title='bbox 1427 2450 1477 2476; x_wconf 84' lang='grc' dir='ltr'>οὐκ</span> <span class='ocrx_word' id='word_1_931' title='bbox 1495 2449 1618 2483; x_wconf 72' lang='grc' dir='ltr'>ἔγνωσαν</span> <span class='ocrx_word' id='word_1_932' title='bbox 1642 2451 1690 2478; x_wconf 75' lang='grc' dir='ltr'><strong>τὸν</strong></span> <span class='ocrx_word' id='word_1_933' title='bbox 1706 2453 1840 2488; x_wconf 74' lang='grc' dir='ltr'>Κύριον.»</span> 
     </span>
    </p>
   </div>
   <div class='ocr_carea' id='block_1_114' title="bbox 1048 2495 1842 2534">
    <p class='ocr_par' dir='ltr' id='par_1_114' title="bbox 1048 2495 1842 2534">
     <span class='ocr_line' id='line_1_114' title="bbox 1048 2495 1842 2534; baseline 0.003 -11"><span class='ocrx_word' id='word_1_934' title='bbox 1048 2496 1216 2532; x_wconf 84' lang='grc' dir='ltr'>Πευσώμεοα</span> <span class='ocrx_word' id='word_1_935' title='bbox 1227 2496 1281 2532; x_wconf 80' lang='grc' dir='ltr'><strong>γὰρ</strong></span> <span class='ocrx_word' id='word_1_936' title='bbox 1296 2496 1350 2523; x_wconf 83' lang='grc' dir='ltr'>τῶν</span> <span class='ocrx_word' id='word_1_937' title='bbox 1364 2495 1534 2530; x_wconf 74' lang='grc' dir='ltr'>ἑτεροδόξων,</span> <span class='ocrx_word' id='word_1_938' title='bbox 1553 2497 1577 2523; x_wconf 77' lang='grc' dir='ltr'>εἰ</span> <span class='ocrx_word' id='word_1_939' title='bbox 1597 2497 1636 2533; x_wconf 80' lang='grc' dir='ltr'>μὴ</span> <span class='ocrx_word' id='word_1_940' title='bbox 1651 2499 1720 2534; x_wconf 76' lang='grc' dir='ltr'>περὶ</span> <span class='ocrx_word' id='word_1_941' title='bbox 1733 2498 1786 2525; x_wconf 76' lang='grc' dir='ltr'><strong>τοῦ</strong></span> <span class='ocrx_word' id='word_1_942' title='bbox 1797 2501 1842 2532; x_wconf 59' lang='lat' dir='ltr'><strong>Ar,-</strong></span> 
     </span>
    </p>
   </div>
   <div class='ocr_carea' id='block_1_115' title="bbox 1113 2566 1843 2602">
    <p class='ocr_par' dir='ltr' id='par_1_115' title="bbox 1113 2566 1843 2602">
     <span class='ocr_line' id='line_1_115' title="bbox 1113 2566 1843 2602; baseline 0 -8"><span class='ocrx_word' id='word_1_943' title='bbox 1113 2566 1134 2583; x_wconf 75' lang='grc' dir='ltr'><strong>⁵ο</strong></span> <span class='ocrx_word' id='word_1_944' title='bbox 1144 2566 1209 2594; x_wconf 90' lang='lat' dir='ltr'><strong>ibid.</strong></span> <span class='ocrx_word' id='word_1_945' title='bbox 1226 2566 1269 2595; x_wconf 78' lang='lat' dir='ltr'><strong>l9.</strong></span> <span class='ocrx_word' id='word_1_946' title='bbox 1321 2566 1428 2595; x_wconf 77' lang='lat' dir='ltr'><strong>“Joan.</strong></span> <span class='ocrx_word' id='word_1_947' title='bbox 1443 2574 1493 2601; x_wconf 84' lang='lat' dir='ltr'><strong>vtt,</strong></span> <span class='ocrx_word' id='word_1_948' title='bbox 1508 2566 1554 2595; x_wconf 73' lang='lat'><strong>28.</strong></span> <span class='ocrx_word' id='word_1_949' title='bbox 1594 2566 1710 2596; x_wconf 82' lang='lat' dir='ltr'><strong>“Joan.</strong></span> <span class='ocrx_word' id='word_1_950' title='bbox 1724 2577 1790 2602; x_wconf 68' lang='grc' dir='ltr'>τιη,</span> <span class='ocrx_word' id='word_1_951' title='bbox 1808 2569 1843 2596; x_wconf 84' lang='lat' dir='ltr'><strong>t9.</strong></span> 
     </span>
    </p>
   </div>
   <div class='ocr_carea' id='block_1_116' title="bbox 1087 2672 1843 2709">
    <p class='ocr_par' dir='ltr' id='par_1_116' title="bbox 1087 2672 1843 2709">
     <span class='ocr_line' id='line_1_116' title="bbox 1087 2672 1843 2709; baseline 0.001 -9"><span class='ocrx_word' id='word_1_952' title='bbox 1087 2673 1142 2709; x_wconf 81' lang='lat'><strong>(99)</strong></span> <span class='ocrx_word' id='word_1_953' title='bbox 1154 2673 1215 2708; x_wconf 77' lang='grc' dir='ltr'><strong>Χρὴ</strong></span> <span class='ocrx_word' id='word_1_954' title='bbox 1229 2672 1329 2709; x_wconf 63' lang='grc' dir='ltr'>μέντοι</span> <span class='ocrx_word' id='word_1_955' title='bbox 1340 2672 1500 2709; x_wconf 56' lang='grc' dir='ltr'>γεεῑδέχαι,</span> <span class='ocrx_word' id='word_1_956' title='bbox 1508 2672 1552 2699; x_wconf 80' lang='grc' dir='ltr'>ὅτι</span> <span class='ocrx_word' id='word_1_957' title='bbox 1563 2674 1591 2699; x_wconf 79' lang='grc' dir='ltr'>οἱ</span> <span class='ocrx_word' id='word_1_958' title='bbox 1600 2673 1791 2707; x_wconf 76' lang='grc' dir='ltr'>ἑτερόδοξοι.</span> <span class='ocrx_word' id='word_1_959' title='bbox 1799 2678 1843 2697; x_wconf 59' lang='grc' dir='ltr'>ρίτ-</span> 
     </span>
    </p>
   </div>
   <div class='ocr_carea' id='block_1_117' title="bbox 1051 2707 1843 2744">
    <p class='ocr_par' dir='ltr' id='par_1_117' title="bbox 1051 2707 1843 2744">
     <span class='ocr_line' id='line_1_117' title="bbox 1051 2707 1843 2744; baseline -0.001 -9"><span class='ocrx_word' id='word_1_960' title='bbox 1051 2707 1228 2744; x_wconf 76' lang='lat' dir='ltr'><strong>Cerdottiatti,</strong></span> <span class='ocrx_word' id='word_1_961' title='bbox 1245 2708 1418 2744; x_wconf 58' lang='lat' dir='ltr'><strong>Marcimtilip,</strong></span> <span class='ocrx_word' id='word_1_962' title='bbox 1436 2707 1636 2744; x_wconf 78' lang='lat' dir='ltr'><strong>Valentiniani,</strong></span> <span class='ocrx_word' id='word_1_963' title='bbox 1655 2709 1767 2744; x_wconf 76' lang='lat' dir='ltr'><strong>aliique</strong></span> <span class='ocrx_word' id='word_1_964' title='bbox 1781 2708 1843 2742; x_wconf 65' lang='lat' dir='ltr'><strong>eiu;—</strong></span> 
     </span>
    </p>
   </div>
   <div class='ocr_carea' id='block_1_118' title="bbox 1052 2743 1498 2779">
    <p class='ocr_par' dir='ltr' id='par_1_118' title="bbox 1052 2743 1498 2779">
     <span class='ocr_line' id='line_1_118' title="bbox 1052 2743 1498 2779; baseline 0 -8"><span class='ocrx_word' id='word_1_965' title='bbox 1052 2744 1113 2771; x_wconf 87' lang='lat' dir='ltr'><strong>dem</strong></span> <span class='ocrx_word' id='word_1_966' title='bbox 1127 2743 1217 2779; x_wconf 67' lang='grc' dir='ltr'>ζυμης</span> <span class='ocrx_word' id='word_1_967' title='bbox 1232 2743 1363 2779; x_wconf 65' lang='grc' dir='ltr'>Ιιξιξτοιὶοὶ.</span> <span class='ocrx_word' id='word_1_968' title='bbox 1378 2743 1498 2772; x_wconf 72' lang='lat' dir='ltr'><strong>Hunnus</strong></span> 
     </span>
    </p>
   </div>
   <div class='ocr_carea' id='block_1_119' title="bbox 1087 2778 1415 2815">
    <p class='ocr_par' dir='ltr' id='par_1_119' title="bbox 1087 2778 1415 2815">
     <span class='ocr_line' id='line_1_119' title="bbox 1087 2778 1415 2815; baseline 0 -10"><span class='ocrx_word' id='word_1_969' title='bbox 1087 2778 1125 2815; x_wconf 83' lang='lat' dir='ltr'><strong>(l)</strong></span> <span class='ocrx_word' id='word_1_970' title='bbox 1142 2778 1205 2807; x_wconf 75' lang='lat' dir='ltr'><strong>Haec</strong></span> <span class='ocrx_word' id='word_1_971' title='bbox 1218 2786 1233 2807; x_wconf 89' lang='lat' dir='ltr'><strong>e</strong></span> <span class='ocrx_word' id='word_1_972' title='bbox 1246 2778 1381 2807; x_wconf 77' lang='lat' dir='ltr'><strong>Pet-ionio.</strong></span> <span class='ocrx_word' id='word_1_973' title='bbox 1410 2780 1415 2783; x_wconf 82' lang='lat'><strong>‘</strong></span> 
     </span>
    </p>
   </div>
  </div>
