1853 3050
40 140 79 166 5‘29
541 140 719 168 COMMENT.
736 139 769 168 IN
787 139 884 168 JOAN.
901 139 1022 169 TOMUS
1043 140 1113 168 XIX.

1585 143 1638 170 530

38 196 144 233 μιοιιργοῦ
158 197 311 233 γέγραπται
326 198 366 224 τέ’
385 207 393 223 ι
408 198 465 225 Οὐκ
477 198 597 233 ἔγνωσαν
612 201 657 226 τὸν
667 200 768 236 Κύριον

908 201 1000 228 mundi
1028 200 1131 236 Opiﬁee
1145 200 1197 228 hoc
1214 200 1343 236 scriptum
1358 202 1391 229 sit
1405 210 1412 229 :
1432 211 1441 228 ι
1456 201 1513 229 Νοιι
1539 209 1636 236 cogno-

38 244 73 270 ui
91 243 300 278 ἀποκρινομένων
315 263 322 275 ,
343 244 384 270 ὅτι
403 246 466 280 περὶ
485 244 533 271 τοῦ
550 245 722 281 Δημιουργοῧ
743 247 801 272 ἐστι

34 296 60 314 τα
64 288 114 319 ύτα,
120 288 268 324 ζητήσομεν
274 289 305 324 (l'.
318 298 356 316 σω
359 290 402 326 μ-)
409 290 452 317 διὰ
457 291 484 317 τί
489 291 597 326 εἴρηται
602 299 637 317 ’πε
641 291 667 326 pi.
673 290 727 317 τῶν
735 300 749 317 υ
754 291 801 318 ἰῶν

39 334 119 364 Ἠλεί·ι
131 336 184 363 Οὐκ
200 335 322 370 ἔγνωσαν
336 337 381 364 τὸν
394 338 506 373 Κύριον·
524 347 533 364 ι
550 339 663 374 πότερον
679 339 722 365 διὰ
737 339 800 370 τοὺς

33 381 85 417 περὶ
94 380 152 407 Θεοῦ
161 381 208 408 τοῦ
219 382 390 418 Δημιουργοῦ
405 383 509 418 λόγους,
523 384 539 419 ἢ
554 384 598 411 διὰ
608 384 658 419 τὴν
671 385 800 421 πονηρίαν

22 427 115 463 ἀὺτῶν.
130 428 215 462 Σαφὲς
233 428 271 461 δὲ,
289 429 330 455 ὅτι
349 429 393 456 διὰ
411 429 460 465 τὴν
476 430 607 466 πονηρίαν
621 430 745 465 λέγονται
762 431 799 466 μὴ

31 474 160 509 ἐγνωκέναι
181 475 226 501 τὸν
245 474 360 511 Κύριον·
379 476 425 503 καὶ
445 476 475 503 ού
497 477 561 512 περὶ
575 477 629 503 τῶν
643 477 708 504 υἱῶν
727 477 803 504 Ἠλεὶ

31 520 98 554 μόνον
109 520 161 547 ἔστι
178 521 255 547 τοῦτο
270 522 370 557 εὑρεῖν,
385 522 453 549 ἀλλὰ
466 523 514 550 καὶ
529 524 592 559 περὶ
612 523 699 550 ἄλλων
722 523 799 558 βασι-

30 565 161 592 λευσάντων
178 567 207 592 ὲν
226 567 334 602 Ἰσραὴλ
355 568 402 594 καὶ
425 568 509 595 Ἰούδα
530 569 711 604 ἁμαρτωλῶν.
722 569 799 596 Οὖτω

27 611 103 638 τοίνυν
114 612 191 638 καὶοὶ
203 613 344 647 Φαρισαῖοι
359 614 405 640 τὸν
421 614 531 650 Πατέρα
545 614 595 641 οὐκ
609 615 707 650 ᾔδεσαν
717 623 724 630 ·
740 615 800 641 οὐδὲ

28 658 73 693 γὰρ
87 658 169 685 ὲόίουν
185 659 255 685 κατὰ
271 659 301 685 τὸ
313 658 359 686 τοῦ
382 660 554 695 Δημιουργοῦ
572 659 704 696 βούλημα.
721 661 799 687 Ἔστι

25 703 48 729 δὲ
65 704 106 730 καὶ
127 704 190 731 ἄλλο
212 705 409 741 σημαινόμενον
424 706 470 732 τοῦ
492 705 635 740 γινώσκειν
659 707 705 733 τὸν
721 707 798 740 Θεὸν,

24 749 107 785 ἑτέρου
128 750 203 782 ὄντος
223 750 269 777 τοῦ
291 751 435 786 γινώσκειν
454 753 500 779 τὸν
517 753 583 780 Θεὸν
611 753 685 789 παρὰ
704 753 734 780 τὸ
753 763 799 780 πι-

22 794 117 821 στεύειν
131 795 218 830 ψιλῶς
233 797 273 828 είς
284 796 330 824 τὸν
344 797 420 830 Θεὸν,
439 798 476 830 ὡς
490 798 569 834 δῆλον
586 799 617 825 ἐκ
631 798 678 826 τοῦ
689 807 697 814 ·
714 799 798 826 «Ὅσα

20 841 33 866 6
43 841 117 875 νόμος
123 841 207 874 λαλεῖ,
219 844 276 874 τοῖς
289 843 317 869 ὲν
329 843 368 878 τῷ
381 844 455 880 νόμῳ
467 843 542 871 λαλεῖ
551 846 617 872 αὐτό
669 845 760 882 αὑτά].
774 847 797 872 t‘

21 886 51 912 Ἦ
61 887 145 921 δῆλον,
154 888 196 914 ὄτι.
212 888 328 921 καὶτοὺς
343 891 495 925 προφήτας,
511 887 608 918 ὧν³τὰ
623 892 744 928 ῥήματα,
758 892 796 924 ὡς

16 932 42 957 ὲν
56 932 142 964 ἄλλοις
159 932 340 969 ἀπεδείξαμεν
351 955 358 967 ,
382 935 464 970 νόμος
477 935 585 970 λέγεται
596 945 602 951 ·
622 936 728 972 εἴρηται
739 938 794 964 τοί-

14 986 56 1003 νυν
69 979 97 1004 έν
113 979 252 1014 Ψαλμοῖς·
273 988 283 1005 ‹
303 979 467 1015 Σχολάσατε,
486 981 532 1008 καὶ
557 981 661 1016 γνῶτε,
680 983 721 1009 ὃτι
741 982 797 1017 ὲγώ

14 1024 66 1057 εἰμι
79 1024 92 1050 6
106 1023 188 1056 Θεός.
210 1033 220 1049 ι
237 1024 285 1056 Τίς
302 1025 324 1051 δ’
347 1026 396 1052 οὐκ
418 1026 450 1053 ἂν
472 1027 637 1063 ὁμολογήσαι
654 1028 797 1055 πιστεῦσαι

12 1068 157 1104 γεγράφθαι
168 1069 254 1095 ταῦτα
269 1068 325 1104 λαῷ
339 1069 490 1097 πιστεύοντι
505 1071 545 1102 είς
560 1071 606 1097 τὸν
616 1072 795 1107 Δημιουργὸν,

10 1114 94 1141 ὅντινα
105 1114 209 1148 γνῶναι
222 1115 272 1141 οὐκ
287 1114 344 1141 ἔστι
366 1116 402 1152 μὴ
416 1116 585 1151 σχολάσαντα
594 1137 601 1149 ,
618 1117 665 1144 καὶ
678 1117 796 1144 ἐκκαθά-

8 1169 89 1195 ραντα
121 1160 168 1187 τὸν
199 1160 278 1193 νοῦν,
312 1160 367 1188 τῶν
401 1161 532 1189 νοούντων
563 1163 610 1190 καὶ
652 1163 797 1198 θειοτέροις

8 1205 150 1242 ίᾳθαλμοῖς
169 1206 325 1241 βλεπόντων
339 1207 384 1235 τὸν
403 1207 469 1234 Θεὸν
484 1228 491 1240 ,
509 1207 552 1235 διὰ
567 1209 598 1235 τὸ
611 1208 735 1244 καθαρὰν
748 1209 796 1245 τὴν

10 1253 116 1288 καρδίαν
126 1253 319 1289 πεποιηκέναι,
329 1254 378 1288 τῆς
388 1254 497 1289 χάριτος
505 1254 606 1290 ταύτης
619 1254 795 1290 ἀξιουμένων,

7 1299 38 1331 ὡς
53 1299 67 1325 6
78 1300 178 1336 Σωτὴρ
195 1301 330 1336 μαρτυρεί
343 1299 430 1334 λέγων
442 1309 448 1315 ·
467 1310 476 1326 ι
491 1301 631 1337 Μακάριοι
644 1303 667 1328 οί
681 1301 797 1338 καθαροὶ

9 1346 34 1379 ri
49 1345 161 1381 καρδίᾳ,
176 1346 221 1372 ὅτι
232 1345 309 1371 αὐτοὶ
321 1345 366 1371 τὸν
380 1345 446 1372 Θεὸν
460 1345 580 1380 liti/aveat;
597 1356 607 1373 ι
622 1347 698 1382 ’Ἅμα
710 1347 738 1373 δὲ
749 1347 796 1373 καὶ

6 1390 65 1425 πρὸς
81 1391 127 1423 τὸ,
145 1401 156 1416 ι
176 1391 275 1422 Οὐδεὶς
289 1390 359 1424 ἔγνω
381 1390 426 1418 τὸν
440 1390 550 1426 Πατέρα
567 1391 591 1418 εἰ
606 1391 644 1427 μὴ
659 1393 673 1418 6
687 1392 761 1424 Υἱὸς,
785 1401 794 1418 ›

7 1438 133 1473 βήσομεν,
142 1438 187 1464 ὅτι
198 1437 231 1463 οὐ
239 1437 336 1464 ταυτόν
349 1438 408 1463 ἐστι
423 1436 453 1463 τὸ
465 1436 610 1471 γινώσκειν
621 1437 666 1464 τὸν
676 1438 795 1474 Πατέρα,

5 1485 39 1510 ταὶ
55 1483 207 1510 πιστεύειν
232 1483 316 1519 αὐτῷ.
337 1484 375 1510 Οὐ
403 1484 518 1519 μάχεται
538 1481 585 1511 οὖν
609 1484 651 1516 τὸ,
675 1494 683 1511 ι
703 1485 797 1517 Οὐδεὶς

9 1539 63 1563 γνω
77 1531 126 1557 τὸν
145 1530 264 1566 Πατέρα
293 1531 317 1557 εί
336 1531 372 1566 μὴ
387 1531 402 1556 6
422 1530 502 1563 Υἱὸς,
528 1540 537 1556 ι
554 1530 619 1566 τῷ·ι
638 1531 796 1558 Ἑπίστευσε
811 1546 832 1574 C

6 1576 16 1601 ὲ
35 1575 170 1611 Ἀϐραὰμ
182 1575 225 1611 τῷ
238 1575 308 1610 Θεῷ,
318 1575 364 1602 καὶ
376 1575 502 1611 ἐλογίσθη
518 1575 593 1611 αὐτῷ
605 1577 644 1608 είς
660 1577 798 1604 δικαιοσύ-

8 1630 46 1656 ην.
69 1631 78 1648 ι
95 1622 131 1648 Εί
150 1622 183 1648 δέ
202 1630 248 1653 τις
272 1620 357 1647 οἴεται
370 1622 443 1656 ἡμᾶς
462 1621 605 1657 βιάζεσθαι
621 1621 748 1656 λέγοντας
761 1622 798 1659 μὴ

5 1667 83 1694 αυτὸν
98 1665 179 1694 εἶναι
197 1667 230 1694 τὸ
246 1667 385 1694 πιστεύειν
398 1667 436 1702 τῷ
451 1667 611 1701 γινώσκειν,
627 1668 674 1694 καὶ
691 1668 797 1703 ἐνδέχε-

6 1714 46 1740 Βαι
63 1714 224 1740 πιστεύειν
241 1713 301 1748 μὲν,
310 1713 359 1739 οὐκ
371 1712 443 1748 ἔχειν
457 1712 486 1751 δὲ
498 1712 599 1746 γνῶσιν
614 1713 661 1740 τοῦ
670 1721 797 1740 πιστευο-

5 1760 65 1787 ένου
82 1760 134 1787 ὑπ’
157 1759 264 1791 αὐτοῦ,
278 1758 326 1786 τοῦ
340 1759 428 1794 Ἰησοῦ
438 1759 581 1786 ἀκουσάτω
595 1759 719 1792 λέγοντος
731 1760 799 1796 πρὸς

5 1815 43 1838 »υς
57 1806 298 1836 πεπιστευκότας
310 1805 384 1841 αύτῷ
406 1805 567 1837 Ἰουδαίουςο
586 1814 595 1831 ι
607 1806 670 1832 Ἐὰν
689 1806 798 1842 μείνητε

4 1862 6 1873 ι
22 1852 63 1888 τῷ
80 1853 164 1888 λόγῳ
182 1851 230 1887 τῷ
246 1851 320 1887 ἐμῷ,
334 1850 469 1886 γνώσεσθε
486 1851 536 1887 τὴν
556 1851 684 1886 ἀλήθειαν
696 1872 703 1884 ,
721 1852 769 1878 καὶ
783 1853 798 1887 ὴ

4 1899 98 1934 λήθεια
121 1897 320 1933 ἐλευθερώσει
349 1898 430 1933 ὑμᾶς.
454 1907 462 1922 ι
487 1897 646 1933 Παρατήρει
663 1897 735 1934 γὰρ,
758 1899 799 1925 ὅτι

5 1944 28 1971 κ)
43 1943 107 1977 τοῦ,
126 1954 138 1970 ι
164 1944 238 1971 Ἐὰν
251 1943 361 1978 μείνητε
377 1944 406 1969 ὲν
419 1943 457 1978 τῷ
470 1943 540 1978 λόγῳ
555 1943 594 1978 τῷ
609 1943 678 1979 ἐμῷ,
695 1945 798 1979 γνώσε-

5 1999 17 2016 ε
36 1991 92 2026 τὴν
108 1989 273 2025 ἀλήθειαν,
290 1998 298 2014 ι
315 1988 487 2022 γέγραπται·
506 1988 635 2023 (Ἔλεγεν
648 1987 694 2016 οὖν
708 1991 722 2016 6
745 1991 798 2027 ἰη-

4 2036 35 2068 ὖς
56 2037 136 2073 πρὸς
163 2035 241 2066 τοὺς
263 2034 439 2066 πιστεύοντας
457 2034 531 2070 αὐτῷ
552 2035 707 2068 Ἰουδαίους·
727 2046 736 2062 ι
754 2038 800 2064 καὶ

3 2083 105 2116 ἔλεγεν
127 2080 193 2118 ἦν’
231 2090 241 2106 ι
261 2081 323 2108 Ἐὰν
347 2080 457 2116 μείνητε
473 2081 501 2107 ὲν
518 2079 557 2115 τῷ
578 2080 650 2116 λόγῳ
671 2081 709 2117 τῷ
730 2082 798 2118 ἐμῷ,

4 2128 117 2155 inse-93
138 2128 201 2164 τὴν
225 2126 368 2162 ἀλήθειαν.
386 2137 395 2153 ι
415 2127 485 2153 Πολὺ
505 2127 533 2153 δὲ
550 2127 672 2164 διαφέρει
686 2128 717 2155 τὸ
732 2129 800 2165 πρὸς

14 2175 182 2202 πιστεύειν
198 2173 376 2208 ἐγνωκέναι,
396 2173 443 2200 τοῦ
468 2174 606 2201 πιστεύειν
624 2175 719 2210 μόνον·
739 2185 747 2202 ι
764 2174 799 2212 ’ᾯ

851 251 950 273 verunt
964 245 1188 283 Dominutn;r]et
1209 247 1435 281 respondentibus
1455 247 1509 274 illis
1531 248 1588 274 haec
1602 248 1638 275 ad

851 291 944 318 mundi
961 290 1119 319 Eli'ectorem
1133 292 1280 326 pertinere,
1290 299 1444 326 quaeremus
1461 291 1636 326 quamobrem

851 337 885 365 de
912 337 974 365 liliis
988 338 1045 365 lleli
1058 338 1159 366 dictum
1173 339 1209 366 sit
1223 348 1230 366 :
1248 348 1257 364 ι
1273 338 1331 366 Νοιι
1344 342 1531 373 cognoverunt
1546 337 1637 364 Domi-

852 391 936 417 nnm;
955 394 964 411 ι
984 389 1073 412 ntrum
1091 390 1201 420 propter
1220 385 1341 412 rationes
1367 385 1400 412 de
1416 384 1469 412 Deo
1488 383 1578 410 tnundi
1594 382 1636 409 fa-

851 431 998 463 bricatore,
1011 439 1045 458 an
1059 436 1169 467 propter
1187 431 1318 459 malitiam
1334 431 1464 466 ipsorum.
1483 430 1536 457 Sed
1553 430 1636 464 liquet

850 480 962 511 propter
970 476 1112 509 malitiam,
1126 484 1172 505 eos
1186 477 1238 504 dici
1253 485 1304 504 non
1320 477 1462 512 agnovisse
1473 476 1614 503 Dominum
1627 484 1641 502 εν

849 527 930 555 quam
945 528 1002 548 rem
1025 529 1077 548 non
1104 521 1191 549 solum
1209 522 1236 549 in
1255 522 1317 549 ﬁliis
1338 521 1395 548 lleli
1421 521 1544 548 invenire
1562 520 1636 550 licet,

850 574 944 594 verum
959 567 1041 593 etiam
1060 567 1086 594 in
1101 566 1172 598 aliis,
1189 567 1236 601 qui
1249 575 1310 594 cum
1327 567 1464 602 rcgnarint
1476 566 1503 592 in
1518 564 1643 592 lsraelet,

849 610 953 644 Iudaea,
977 617 1133 646 peccatores
1158 612 1242 640 fuere.
1270 612 1324 639 Isto
1350 612 1432 646 igitur
1456 611 1534 637 modo
1553 610 1639 637 etiam

850 656 978 684 Pharisaei
996 656 1102 684 Patrem
1121 664 1173 684 non
1198 662 1306 688 norant,
1323 664 1383 684 cum
1399 663 1451 682 non
1468 656 1590 682 viverent
1603 662 1638 682 ex

850 703 984 731 sententia
994 703 1086 730 mundi
1099 702 1254 730 Eﬁectoris.
1271 702 1354 739 284
1365 703 1432 729 Cum
1448 707 1538 729 autent
1551 701 1642 728 diver.

850 757 886 777 sas
901 749 955 777 sint
969 748 1185 784 signiﬁcationes
1211 749 1375 783 agnoscendi
1391 748 1486 780 Deum,
1499 747 1640 775 diversum

849 803 957 831 quoque
983 800 1025 823 est
1050 803 1200 831 agnoscere
1225 795 1309 822 Deum
1336 798 1363 822 et
1385 794 1498 821 credere
1523 793 1594 820 nude
1610 793 1635 819 in

851 845 948 877 Deum,
965 849 995 871 ιιι
1014 844 1100 879 liqttet
1122 852 1156 872 ex
1182 851 1215 871 eo
1227 843 1274 870 "‘2
1293 853 1303 869 ι
1322 842 1429 870 Scimus
1449 846 1540 868 autent
1565 840 1637 875 quod

849 897 1016 925 quaecunque
1034 889 1075 917 lex
1093 888 1222 924 loquitur,
1241 888 1283 915 his
1299 889 1356 916 inec
1373 888 1500 922 loquatur
1512 887 1558 921 qui
1574 888 1636 912 sunt

849 937 899 965 sub
917 937 1000 972 lege.»
1017 938 1026 948 '
1041 936 1081 963 An
1101 943 1152 963 non
1176 935 1346 969 perspicttntn
1366 939 1407 961 est
1421 934 1503 961 etiam
1520 932 1636 967 prophe-

850 988 903 1014 tns,
929 984 1066 1017 quorum‘
1081 982 1174 1014 verba,
1203 987 1232 1008 ut
1249 981 1275 1008 in
1297 980 1357 1007 aliis
1382 979 1565 1010 ostendimus,
1593 977 1636 1004 lex
1671 974 1673 977 ⁴

850 1027 986 1054 dicuntur.
1000 1026 1106 1054 Dictum
1123 1031 1164 1054 est
1180 1026 1261 1061 igitur
1278 1027 1303 1053 in
1317 1025 1462 1053 Psalmis“
1476 1033 1483 1051 :
1504 1033 1514 1049 ι
1524 1023 1635 1055 Vaeate,

850 1077 878 1099 et
895 1072 1046 1108 agnoscite,
1058 1072 1130 1107 quod
1145 1079 1194 1107 ego
1208 1079 1267 1099 sum
1287 1071 1366 1098 Dens.
1379 1080 1388 1096 ι
1400 1070 1466 1103 Quis
1478 1073 1568 1096 autem
1582 1076 1635 1096 non

851 1119 980 1146 fateretur
998 1126 1028 1146 se
1041 1119 1154 1146 credere
1169 1119 1226 1146 lucc
1240 1118 1342 1152 scripta
1359 1116 1443 1143 fuisse
1459 1114 1558 1150 populo
1576 1121 1636 1141 cre-

849 1165 923 1193 denti
941 1165 967 1192 in
986 1165 1078 1192 mttndi
1091 1164 1238 1198 Opiﬁcem;
1263 1170 1344 1198 quem
1358 1168 1505 1197 agnoscere
1521 1168 1573 1187 non
1590 1167 1637 1187 va~

850 1211 913 1243 leat,
936 1209 981 1245 qni
1000 1217 1053 1237 non
1069 1209 1184 1242 vacarit,
1209 1208 1415 1243 pnrilicaritqne
1433 1211 1568 1238 mentem;
1595 1205 1636 1232 di-

850 1258 910 1292 gnis
935 1258 987 1284 hoc
1005 1264 1118 1284 munere
1137 1255 1237 1283 habitis
1257 1255 1300 1282 his
1323 1255 1368 1287 qui
1389 1253 1477 1281 oculis
1494 1251 1637 1279 diviniorio

851 1304 900 1331 bus
914 1304 997 1332 Deum
1016 1303 1200 1334 considerant,
1214 1302 1360 1336 videntqne
1374 1300 1436 1335 quia
1445 1307 1493 1326 cor
1506 1300 1635 1326 mundum

851 1351 980 1381 fecerint,
1008 1349 1235 1384 quemadmodum
1263 1353 1378 1376 testatur
1393 1346 1523 1373 Dominus
1544 1345 1637 1372 dicens

850 1397 889 1424 ‘7:
905 1406 914 1422 ι
929 1396 1004 1424 Beati
1020 1396 1121 1423 mundo
1134 1395 1295 1430 corde,quia
1307 1395 1358 1429 ipsi
1375 1395 1458 1421 Deum
1470 1391 1634 1420 videbuntii

851 1442 937 1470 Simul
960 1442 1041 1469 etiam
1062 1443 1087 1468 in
1106 1448 1138 1468 co
1165 1441 1280 1468 dicto".
1313 1449 1322 1466 ι
1351 1440 1435 1467 Nemo
1454 1438 1562 1474 agnovit
1586 1437 1638 1464 Pa-

850 1491 931 1520 trem,
946 1488 999 1515 nisi
1019 1486 1134 1520 Filius,»
1161 1486 1260 1513 dicturi
1290 1493 1394 1515 sumus,
1419 1493 1470 1512 non
1489 1485 1558 1511 idem
1576 1491 1637 1511 esse

851 1540 999 1568 agnoscere
1019 1532 1128 1560 Patrem
1155 1536 1182 1558 et
1213 1530 1251 1557 illi
1273 1529 1395 1557 credere.
1417 1529 1490 1557 Unde
1512 1527 1577 1554 illud
1595 1527 1638 1554 di-

850 1584 923 1606 ctum
941 1599 948 1610 ,
966 1587 975 1604 ι
990 1577 1076 1605 Nemo
1103 1576 1212 1612 agnovit
1235 1576 1352 1607 Patrem,
1371 1575 1422 1602 nisi
1444 1574 1537 1606 Filius,
1555 1583 1563 1598 |
1583 1581 1636 1600 non

849 1630 950 1661 pugnat
969 1632 1030 1652 cum
1044 1625 1115 1651 hoc:
1135 1632 1143 1649 ι
1159 1622 1281 1651 Credidit
1299 1627 1389 1648 autem
1413 1621 1552 1648 Abraham
1569 1620 1635 1653 Deo,

849 1675 875 1697 et
891 1670 1053 1704 imputatum
1067 1673 1109 1695 est
1123 1667 1158 1695 illi
1176 1668 1209 1695 ad
1221 1667 1355 1701 justitiam
1367 1666 1401 1694 δ’.
1418 1675 1426 1691 t
1445 1666 1522 1700 Quod
1540 1666 1561 1694 si
1576 1666 1638 1700 quis

849 1716 986 1743 existimet
1003 1722 1052 1742 nos
1069 1714 1123 1742 vim
1145 1714 1245 1747 facere,
1264 1715 1309 1748 qui
1339 1714 1462 1740 dicamus
1489 1720 1542 1739 non
1565 1712 1636 1739 idem

849 1769 910 1790 esse
934 1763 1046 1789 credere
1066 1762 1136 1797 quod
1160 1769 1320 1795 agnoscere,
1348 1762 1561 1794 contingereque
1588 1758 1637 1785 ali-

850 1809 958 1844 quando
974 1814 1002 1835 ut
1018 1809 1118 1843 aliquis
1134 1809 1228 1835 credat
1253 1808 1298 1844 qui
1319 1816 1371 1835 non
1389 1807 1488 1835 habeat
1503 1806 1637 1841 cognitio-

850 1863 911 1882 nem
928 1855 967 1882 rei
982 1855 1015 1883 ab
1032 1855 1091 1890 ipso
1104 1855 1227 1886 creditae.
1246 1854 1340 1883 Jcsnm
1353 1854 1444 1881 audiat
1455 1854 1589 1881 dicentem
1603 1852 1636 1879 ad

849 1908 896 1928 eos
921 1901 967 1936 qni
995 1901 1020 1928 in
1054 1901 1141 1935 ipsum
1170 1901 1352 1935 crediderant,
1377 1902 1487 1936 Jntlzcos
1501 1901 1523 1918 “
1541 1909 1548 1929 :
1569 1909 1578 1926 ι
1608 1900 1636 1928 Si

851 1947 1007 1975 manseritis
1022 1947 1049 1974 in
1069 1955 1195 1975 sermone
1215 1956 1287 1980 meo,
1313 1948 1467 1983 agnoscetis
1483 1948 1635 1978 veritatem,

851 1995 877 2019 et
888 1991 991 2019 veritas
1007 1991 1134 2018 liberabit
1153 1999 1212 2019 vos.
1226 2002 1235 2018 ι
1252 1991 1372 2020 Observa
1390 1991 1462 2019 enim
1486 1991 1556 2026 quod
1575 1996 1638 2019 ante

851 2045 882 2064 ea
909 2037 1003 2070 verba,
1028 2047 1037 2063 ι
1055 2037 1083 2064 Si
1097 2037 1255 2065 manseritis
1270 2038 1295 2065 in
1314 2045 1440 2065 sermone
1458 2045 1528 2071 meo,
1551 2045 1637 2072 agno—

851 2083 932 2111 scetis
956 2084 1130 2117 veritatem,»
1154 2084 1285 2118 scriptum
1314 2084 1372 2111 sit:
1392 2093 1401 2109 ι
1417 2083 1530 2111 Dicebat
1557 2082 1638 2118 igitur

849 2128 927 2156 Jesus
939 2128 971 2155 ad
987 2135 1034 2156 eos
1048 2129 1094 2164 qui
1110 2129 1284 2157 crediderant
1299 2129 1349 2162 illi,
1361 2128 1485 2162 Iudaeos;
1499 2138 1508 2155 ι
1526 2133 1552 2156 et
1564 2128 1635 2164 quod

851 2181 910 2208 qua»
926 2174 1101 2206 dixerit,haec
1116 2179 1214 2202 erant:
1236 2185 1244 2201 ι
1263 2174 1290 2202 Si
1302 2174 1457 2201 manseritis
1474 2174 1499 2201 in
1513 2181 1637 2202 sermone

3 2230 13 2247 ι
34 2222 97 2258 γὰρ
125 2221 183 2248 διὰ
206 2219 262 2246 τοῦ
287 2219 445 2255 Πνεύματος
469 2220 569 2247 δίδοται
590 2220 668 2255 λόγος
692 2229 734 2256 coq

906 2228 922 2251 ι,
937 2220 1090 2254 agnoscatis
1111 2220 1263 2247 veritatem.
1279 2229 1289 2245 I
1306 2219 1387 2246 Mnlta
1406 2223 1495 2246 autem
1508 2223 1550 2246 est
1563 2218 1637 2246 dill‘e-

1 2276 32 2302 .ῳ
45 2268 79 2294 6‘:
94 2266 195 2301 λόγος
212 2264 347 2299 γνώσεως
361 2264 432 2290 κατὰ
445 2264 476 2291 τὸ
494 2265 560 2291 αὐτὸ
575 2265 697 2301 Πνεῦμα,
713 2266 799 2302 ἑτέρῳ

4 2321 55 2345 τις
76 2314 111 2338 ὲν
130 2311 180 2346 τῷ
197 2308 285 2344 αὐτῷ
298 2309 447 2344 Πνεύματι.
465 2319 473 2335 ι
493 2311 547 2337 Καὶ
559 2310 645 2338 ταῦτα
665 2312 714 2346 μὲν
731 2312 800 2348 ὑπὲρ

16 2359 236 2395 παραστῆσαι
255 2356 347 2391 ἕτερον
363 2354 431 2382 εἶναι
445 2355 475 2382 τὸ
487 2356 667 2390 γινώσκεσθαι
677 2358 721 2384 τὸν
733 2358 798 2385 Θεὸν

27 2403 263 2433 πιστεύεσθαι.
290 2402 333 2433 Ὠς
353 2402 382 2428 δὲ
401 2402 469 2438 πρὸς
485 2402 515 2428 τὸ
530 2402 640 2437 ἀκριϐὲς
658 2403 705 2430 καὶ
721 2403 801 2432 τοῦτο

0 2462 4 2482 ;
16 2451 218 2488 εῑρημένοις
236 2447 498 2483 προσαποδώσομεν,
508 2448 549 2475 ὅτι
563 2448 631 2484 πρὸς
644 2449 690 2480 οὕς
706 2458 798 2485 φησιν,

2 2498 53 2524 ita
81 2497 147 2532 ἐμὲ
176 2493 287 2521 οἴδατε
300 2513 307 2525 ,
329 2492 391 2519 οὔτε
412 2493 458 2520 τὸν
478 2493 589 2529 Πατέρα
607 2502 675 2528 μου,
691 2505 700 2520 ι
719 2496 801 2532 Φαρι-

0 2552 57 2575 aug,
80 2540 243 2574 εὐλόγως
270 2536 303 2563 ἂν
322 2535 382 2563 εῐπέ
405 2545 462 2569 τις·
484 2536 553 2563 ⁹Αλλ’
576 2537 636 2564 οὐδὲ
659 2540 801 2566 πιστεύετε

9 2589 64 2615 τὸν
96 2585 248 2620 Πατέρα
275 2591 339 2618 μου·
361 2582 400 2618 τῷ
418 2583 472 2618 γὰρ
486 2583 663 2610 ἀποσταλέντι
678 2585 733 2612 ἀπὸ
754 2586 801 2616 τοῦ

0 2634 61 2666 {,4};
96 2633 165 2660 οὐκ
193 2628 392 2657 ἐπίστευσαν·
422 2638 431 2654 ι
458 2629 486 2655 '0
512 2628 540 2655 δὲ
559 2629 725 2665 ἀρνούμενος
756 2631 803 2658 τὸν

0 2691 20 2714 ,,
45 2690 55 2706 ,
77 2675 248 2712 οὐδαμῶς
272 2683 281 2699 t
301 2674 346 2700 τὸν
367 2674 476 2709 Πατέρα
498 2673 554 2709 ἔχει
567 2683 574 2689 ·
594 2684 603 2700 ι
620 2675 666 2701 καὶ
679 2676 803 2711 οὐδαμῶς

4 2738 13 2756 ι
24 2748 34 2761 ,
56 2727 109 2754 δτι
141 2723 230 2752 οὔτε
254 2720 328 2747 κατὰ
345 2719 512 2754 nlo-tmolus
524 2720 594 2747 κατά
608 2720 717 2756 γνῶσιν.
732 2722 802 2758 Ὅρα

2 2777 11 2800 ί
31 2775 77 2810 μὴ
97 2772 162 2799 καὶ
184 2767 299 2798 ἄλλως
320 2771 336 2806 ὴ
355 2766 450 2802 Γραφὴ
479 2767 543 2799 τοὺς
565 2767 802 2803 ἀνακεκραμένους

14 2834 114 2861 nam
144 2838 202 2863 ιιι,
224 2826 283 2863 to.
322 2826 564 2863 ffljsal.uv,lo.
603 2827 624 2843 ιτ
641 2827 771 2860 Mattb.v,
786 2829 813 2857 8.

852 2266 938 2293 rentia
953 2266 1024 2293 inter
1041 2273 1205 2301 cognoscere
1221 2265 1386 2299 coniunctim
1404 2273 1464 2293 cum
1483 2265 1596 2292 credere
1611 2270 1638 2292 et

853 2312 922 2339 intcr
941 2312 1052 2340 credere
1072 2313 1157 2339 solum
1173 2321 1179 2339 :
1196 2322 1205 2338 (
1225 2312 1276 2339 Alii
1294 2312 1363 2339 enim
1381 2319 1428 2346 per
1442 2310 1572 2345 Spiritum
1591 2310 1640 2336 da-

853 2362 897 2385 tur
912 2366 1001 2386 sermo
1028 2359 1180 2394 sapientize,
1197 2358 1242 2385 alii
1255 2362 1345 2385 autent
1370 2364 1460 2385 sermo
1474 2356 1638 2392 cognitionis

851 2405 999 2431 secundant
1027 2404 1150 2431 eumdem
1176 2403 1319 2438 Spiritum,
1335 2402 1379 2430 alii
1406 2402 1472 2429 ﬁdes
1496 2403 1521 2428 in
1542 2401 1637 2428 eodem

850 2450 954 2485 Spiritu
968 2450 1001 2476 ⁵⁸.
1013 2449 1070 2476 t'Et
1089 2449 1146 2476 haec
1159 2449 1281 2484 quidem.
1297 2454 1326 2476 ut
1342 2448 1550 2476 ostenderemus
1564 2447 1638 2474 aliud

849 2500 911 2520 esse
928 2499 1076 2528 agnoscere
1099 2492 1182 2519 Detnn
1193 2511 1201 2524 ,
1218 2492 1252 2519 ab
1280 2499 1312 2519 co
1329 2492 1401 2526 quod
1422 2495 1465 2518 est
1484 2489 1596 2517 credere
1610 2490 1637 2516 in

852 2539 946 2566 Deum.
963 2537 1019 2565 Hoc
1035 2545 1098 2565 vero
1111 2538 1183 2572 quod
1200 2538 1233 2564 ad
1258 2541 1415 2564 accuratam
1437 2536 1638 2571 interpretatio-

852 2591 913 2611 nem
926 2585 1033 2617 attiuel,
1051 2583 1095 2610 his
1108 2591 1168 2618 qua:
1186 2583 1305 2610 diximus
1319 2583 1451 2610 addemus
1462 2603 1470 2616 ,
1487 2582 1586 2610 merito
1604 2582 1638 2609 ad

851 2629 1014 2661 Pharisatos.
1029 2629 1128 2662 quibus
1143 2629 1231 2663 inquit
1245 2628 1334 2661 Jesus,
1353 2638 1362 2655 ι
1380 2628 1473 2663 Neque
1492 2636 1533 2655 me
1549 2628 1637 2660 scitis,

851 2683 938 2710 neque
951 2675 1059 2703 Patrem
1074 2683 1161 2703 meum
1172 2675 1344 2710 “,taliqnem
1357 2675 1493 2703 dicturum
1505 2683 1512 2702 ;
1526 2674 1579 2702 Sed
1591 2682 1639 2700 Itu-

851 2730 903 2757 que
919 2722 944 2749 iu
962 2722 1069 2749 Patrem
1086 2729 1173 2749 meum
1189 2722 1318 2754 creditis;
1333 2729 1395 2748 enm
1409 2721 1446 2754 ei,
1458 2720 1503 2756 qui
1519 2727 1534 2746 a
1556 2719 1639 2746 Patre

851 2768 950 2795 tnissns
972 2767 1073 2798 fuerat,
1102 2775 1156 2794 non
1182 2767 1366 2801 crediderint;
1389 2771 1416 2795 et
1434 2776 1440 2795 :
1461 2776 1471 2792 ι
1486 2766 1536 2799 Qui
1557 2771 1639 2800 negat

854 2829 876 2844 ⁸³
891 2828 984 2856 Matth.
1002 2829 1093 2859 xt.27.
1132 2828 1154 2844 ”
1166 2828 1234 2856 Gen.
1252 2836 1296 2863 xv,
1307 2829 1337 2860 6;
1357 2828 1434 2856 llum.
1449 2835 1485 2861 tv,
1498 2827 1529 2858 ὃς
1549 2826 1637 2854 ϐηιυι.

0 2860 29 2904 ,ξ
49 2869 126 2897 λης,
154 2860 199 2899 ..,’
221 2862 284 2890 25.
323 2860 437 2889 "Joan.
453 2869 511 2896 vni,
531 2862 636 2897 51,32.
674 2863 721 2890 “l

505 2882 511 2896 ,
531 2862 636 2897 ’ὀῌῖιὶν
674 2864 695 2880 ⁵¹
712 2863 721 2890 l
736 2864 797 2892 Cor.
816 2872 862 2899 ιιι,
882 2863 945 2898 8,9.
984 2864 1005 2880 '”
1018 2863 1095 2891 .Ioan.
1114 2871 1171 2897 \‘lll,
1190 2864 1230 2891 19.
