1847 3045
24 105 70 132 555

536 105 713 134 COMMENT.
732 106 764 133 IN
781 105 875 134 JOAN.
892 106 1011 134 TOMUS
1031 106 1102 133 XIX.

1578 110 1631 137 534

23 174 67 196 τως
81 166 93 191 ὁ
108 164 142 201 μὴ
158 165 282 199 ἐγνωκὼς
299 166 344 192 τὸν
357 166 466 201 Πατέρα
488 166 537 193 οὐκ
558 166 628 201 ἔγνω
644 167 688 194 τὸν
713 167 777 194 Υίόν

869 172 877 194 ι
901 167 1005 195 Patrem
1029 171 1158 200 vestrum,
1173 171 1201 194 et
1222 167 1304 194 Deum
1323 174 1427 199 meum,
1441 172 1470 195 et
1485 168 1568 195 Deum
1586 176 1633 197 ve-

22 211 32 237 ὀ
47 210 91 245 μὲν
105 210 157 246 γὰρ
172 211 234 242 Υἱὸς
251 211 321 246 ἔγνω
334 211 380 238 τὸν
401 212 521 247 Πατέρα,
534 213 548 238 ὁ
567 213 593 239 δὲ
611 212 736 248 θεράπων
750 213 796 239 τὸν

21 256 111 291 Κύριον
122 265 128 272 ·
144 257 190 283 καὶ
202 257 295 292 ὥσπερ
305 257 354 283 οὐκ
367 257 399 284 ἂν
415 258 600 294 ἀσεϐήσαιμεν
610 259 744 294 λέγοντες,
754 259 794 286 ὅτι

21 303 32 328 ὁ
43 302 99 333 Υἱὸς
112 303 161 329 οὐκ
176 302 245 337 ἔγνω
260 303 305 330 τὸν
318 304 419 339 Κύριον
430 313 436 319 ·
454 305 517 336 Υἱὸς
538 306 592 341 γὰρ
603 305 640 331 ὢν
652 306 681 332 οὐ
698 305 790 332 πεπεί-

22 356 91 382 ραται
102 347 147 374 τοῦ
163 347 268 383 Πατρὸς
279 348 407 375 δεσπότου
418 358 424 365 ·
442 350 513 377 οὕτω
530 350 676 386 τηροῦντες
691 350 736 377 τὸν
747 351 796 377 αὑ-

20 393 58 418 τὸν
68 393 139 425 Θεὸν,
162 393 236 419 οὐδὲν
258 393 358 420 ἄτοπον
383 395 589 431 παραδεξόμεθα
606 395 643 431 (6)
660 395 794 430 λέγοντες,

19 439 54 465 ὅτι
71 438 106 474 τῷ
120 439 170 474 μὲν
184 439 240 475 Υἱῷ
264 439 366 475 ἔπρεπε
382 440 526 474 γινώσκειν
550 442 596 468 τὸν
613 442 721 478 Πατέρα
733 462 741 474 ,
757 441 796 478 τῷ

19 483 42 510 δὲ
55 484 190 519 θεράποντι
203 484 248 511 τὸν
271 484 382 519 Κύριον,
401 486 448 512 καὶ
461 486 522 513 οὔτε
536 487 551 513 ὁ
575 487 700 522 θεράπων
726 487 796 522 ἔγνω

21 530 58 556 τὸν
77 530 200 566 Πατέρα,
215 529 276 556 οὕτε
292 531 307 556 ὸ
328 531 391 563 Υἱὸς
407 531 452 558 τὸν
468 532 578 567 Κύριον.
600 533 712 568 Μυρίων
730 532 795 568 γοῦν

20 577 94 603 αὐτῶν
107 577 192 612 εὐχῶν
206 577 458 613 ἀναγεγραμμένων
472 579 501 606 ὲν
522 580 579 610 τοῖς
596 578 733 614 Ψαλμοῖς,
749 579 796 606 καὶ

20 626 67 655 τοῖς
77 624 236 659 προφήταις,
253 624 320 651 ἀλλὰ
334 626 381 652 καὶ
394 625 432 660 τῷ
443 625 528 660 νόμῳ,
545 625 576 651 οὑ
596 625 665 651 πάνυ
679 634 706 651 τι
719 625 796 661 εὕρο-

22 678 64 704 μεν
73 669 214 705 εὐξάμενόν
227 671 266 706 (7)
277 679 348 704 τινα,
361 672 408 698 καὶ
419 671 532 706 λέγοντα
542 671 587 698 τὸν
598 671 664 698 Θεὸν
673 671 793 708 Πατέρα·

22 716 120 752 καὶγὰρ
139 716 281 752 εὐχόμενοι
300 717 339 753 τῷ
353 717 413 752 Θεῷ
433 718 463 744 οὐ
481 717 606 752 λέγουσι,
628 718 723 752 Πάτερ
735 718 773 754 (8)
786 727 793 734 ·

20 763 79 796 τάχα
93 762 149 789 ἐπεὶ
166 763 218 789 οὐκ
229 762 351 797 ἔγνωσαν
365 763 410 789 τὸν
422 763 547 798 Πατέρα·
564 763 688 798 εὖχονται
702 764 730 790 δὲ
747 763 796 790 αὺ-

19 807 51 842 τῷ
61 808 94 839 ὡς
105 808 162 843 Θεῷ
174 809 222 835 καὶ⁸
236 809 343 844 Κυρίῳ,
362 809 558 845 περιμένοντες
575 809 619 836 τὸν
634 810 664 836 τὸ
686 809 795 844 πνεῦμα

848 218 933 240 strum
949 215 981 241 ".
994 223 1004 240 ι
1019 213 1058 240 Ac
1071 213 1194 248 profecto
1205 213 1385 248 gratilicando
1400 214 1453 241 illis
1468 215 1514 249 qui
1530 216 1564 242 ab
1580 216 1633 244 Ec-

847 260 935 287 clesia:
951 260 1067 287 decretis
1083 259 1225 291 dissident,
1254 260 1344 287 dicere
1361 267 1504 294 possumus
1522 260 1632 296 Moysen

846 310 870 333 et
894 305 1038 340 prophetas
1063 305 1168 332 Patrem
1195 313 1250 332 non
1276 306 1444 340 agitavisse:
1462 306 1545 342 286
1561 307 1632 341 quod

847 350 962 378 fortasse
974 358 1068 378 verum
1084 357 1139 377 non
1156 355 1209 382 est,
1219 356 1359 385 propterea
1377 352 1448 386 quod
1460 353 1572 379 omnino
1586 352 1632 387 qui

846 395 954 424 Patrem
971 404 1023 424 non
1041 397 1127 428 novit,
1138 403 1224 431 neque
1241 396 1338 423 Filium
1352 397 1444 430 novit;
1459 397 1543 424 Filius
1557 399 1632 425 enim

848 442 921 469 novit
933 442 1053 475 Patrem,
1067 450 1162 469 servus
1178 447 1266 469 autem
1285 442 1426 470 Dominum
1437 451 1445 471 ι
1457 448 1484 471 et
1495 445 1630 479 quemad-

847 490 954 516 modum
971 489 1052 525 impie
1073 498 1125 517 non
1146 490 1300 518 diceremus
1309 491 1407 518 Filium
1422 499 1473 519 non
1488 493 1632 527 agnovisse

847 535 1000 569 Dominum,
1021 536 1083 570 quia
1101 535 1187 563 Filius
1211 544 1271 562 cum
1291 536 1338 569 sil,
1356 544 1410 564 non
1427 539 1567 572 experitur
1580 539 1631 569 Pa-

847 584 914 606 trem
929 580 1086 613 dominum;
1107 580 1142 607 ita
1157 584 1298 608 servantes
1310 582 1436 608 eumdem
1454 582 1547 616 Deum,
1564 583 1631 610 nihil

846 625 956 652 absurdi
972 625 1147 653 admittcmus
1161 626 1284 654 dicentes
1300 627 1397 654 decere
1408 633 1435 654 ut
1450 625 1535 655 Filius
1549 637 1633 664 agno-

845 675 903 698 scat
925 670 1044 704 Patrem,
1059 678 1154 699 servus
1185 673 1330 699 Dominum
1348 682 1354 699 :
1375 678 1402 699 et
1430 681 1518 708 neque
1537 682 1632 701 servus

845 722 973 750 agnoscat
993 717 1113 750 Patrem,
1134 725 1220 752 neque
1236 718 1319 746 Filius
1334 719 1488 747 Dominum.
1505 719 1571 747 Cum
1591 721 1632 747 in-

846 770 967 790 numerae
988 763 1070 796 igitur
1081 763 1256 798 precationes
1272 765 1299 791 in
1314 764 1429 791 Psalmis
1442 764 1497 792 sint
1512 765 1631 800 scriptae,

845 813 872 835 ct
889 809 1035 844 prophetis,
1058 814 1141 844 atque
1168 811 1249 837 etiam
1267 810 1336 845 lege,
1356 819 1408 838 non
1430 811 1574 838 admodum
1591 812 1633 838 in-

19 853 60 887 τῆς
74 853 203 886 υἱοθεσίας
225 854 356 890 ἐκχέοντα
372 855 422 881 οὑκ
437 854 547 882 ἔλαττον
571 855 615 881 ἐπ’
636 855 756 887 ἐκείνους
776 855 789 890 ἢ

869 855 971 882 animus
983 854 1100 889 aliquem
1115 855 1162 890 qui
1175 855 1257 882 Deum
1268 856 1384 890 appellet
1397 855 1505 883 Patrem
1518 865 1526 890 ι
1542 857 1630 892 siqni-

19 900 56 924 ἑπὶ
69 901 128 932 τοὺς
140 901 209 936 μετὰ
227 901 277 937 τὴν
292 902 443 938 παρουσίαν
460 902 500 934 είς
515 901 581 928 Θεὸν
600 901 633 928 δι’
651 901 733 928 αὐτοῦ
748 911 792 928 πι-

19 945 147 984 στεύοντας
160 946 198 982 (9)
213 955 219 961 ·
236 948 261 973 εἰ
286 947 323 983 μὴ
340 947 394 983 ἄρα
410 948 426 983 ή
441 947 522 983 νοητὴ
544 947 636 979 αὐτοῖς
647 948 793 983 γεγένηται

19 991 134 1027 ἐπιδημία
156 993 291 1029 Χριστοῦ,
305 995 351 1021 καὶ
374 994 452 1028 ἔσχον
470 995 535 1021 ποτὲ
555 993 741 1026 τελειωθέντες
763 994 794 1021 τὸ

18 1037 58 1071 τῆς
69 1038 200 1071 υἱοθεσίας
215 1039 322 1074 πνεῦμα
336 1049 342 1055 ’
355 1041 384 1067 ὲν
397 1040 545 1076 ἀπορρήτῳ
561 1040 589 1066 δὲ
612 1041 659 1067 καὶ
675 1041 705 1067 οὺ
721 1049 792 1075 γνω-

19 1083 77 1114 στώς
91 1085 169 1111 πᾶσιν
188 1085 282 1119 ἔλεγον
299 1086 315 1121 ἢ
331 1086 449 1122 ἔγραφον
461 1087 506 1113 τὸν
521 1086 587 1113 Θεὸν
604 1087 715 1122 Πατέρα
725 1107 732 1120 ,
750 1087 793 1114 ἶνα

19 1128 49 1164 μὴ
69 1130 291 1164 πῳκαταλάὸωσι
312 1132 362 1167 τὴν
388 1132 430 1159 διὰ
451 1132 498 1159 τοῦ
522 1131 609 1168 Ἰησοῦ
632 1132 794 1168 ἐκκενουμέ-

21 1182 58 1207 Inv
70 1174 120 1208 (10)
135 1177 218 1203 παντὶ
236 1177 276 1212 τῷ
296 1177 391 1213 κόσμῳ
412 1178 506 1213 χάριν,
525 1178 629 1209 πάντας
647 1177 793 1210 καλοῦντος

18 1219 55 1244 ἐπὶ
68 1219 111 1255 τὴν
126 1220 273 1254 υἱοθεσίαν,
289 1223 332 1249 ἵνα
347 1223 509 1259 διηγήσηται
524 1223 554 1249 τὸ
570 1223 654 1258 ὄνομα
666 1223 712 1249 τοῦ
725 1223 791 1250 Θεοῦ

17 1265 63 1295 τοῖς
75 1265 194 1301 ἀδελφοῖς
205 1267 300 1300 αὑτοῦ,
314 1269 361 1295 καὶ
372 1270 400 1295 ὲν
418 1269 494 1304 μέσῳ
509 1269 670 1304 Ἐκκλησίας
685 1270 792 1305 ὑμνήσῃ

18 1308 54 1335 τὸν
68 1310 169 1346 Πατέρα
185 1312 258 1339 κατὰ
271 1312 302 1339 τὸ
318 1313 509 1349 γεγραμμένον
519 1322 526 1328 ·
547 1322 556 1339 t
577 1315 747 1349 Διηγήσομαι
762 1314 792 1340 τὸ

18 1354 89 1389 ὄνομά
108 1364 153 1383 σου
175 1359 233 1390 τοῖς
256 1358 379 1394 ἀδελφοῖς
403 1368 464 1394 μου,
490 1360 519 1386 ἐν
538 1359 612 1395 μέσῳ
632 1360 792 1395 Ἑκκλησίας

18 1400 115 1437 ὑμνήσω
129 1412 167 1430 σε.
188 1414 198 1430 ι
221 1404 279 1431 Ὀτι
296 1405 387 1440 μέντοι
407 1414 439 1439 γε
457 1406 470 1432 ὁ
492 1406 571 1438 αὐτός
589 1407 646 1432 ἑστι
662 1405 727 1438 Θεὸς
739 1406 793 1432 τῶν

18 1450 148 1484 προφητῶν
158 1470 166 1482 ,
184 1451 234 1477 καὶ
251 1451 299 1477 τοῦ
316 1451 417 1487 κόσμου
429 1452 595 1488 δημιουργὸς
607 1472 615 1484 ,
630 1452 792 1487 πολλαχόθεν

19 1492 58 1526 μὲν
70 1492 122 1521 ἐστι
136 1495 276 1531 θεωρῆσαι
288 1505 294 1511 ·
313 1497 394 1532 ἀργεῖ
405 1497 433 1523 δὲ
450 1497 499 1523 ὲπὶ
519 1497 565 1523 τοῦ
582 1497 714 1532 παρόντος
727 1497 793 1523 θεω-

18 1539 85 1573 ρῆσαι
98 1541 145 1577 τήν
161 1550 191 1568 τε
212 1543 348 1577 Στεφάνου
367 1543 422 1570 ἀπὸ
440 1544 494 1570 τῶν
512 1543 641 1579 Πράξεων
659 1544 726 1580 πρὸς
747 1544 792 1570 τὸν

17 1582 69 1611 λαὸν
87 1586 267 1623 δημηγορίαν,
283 1588 354 1615 οὕτω
373 1589 494 1624 λέγοντος
505 1598 511 1604 ·
531 1599 540 1615 ἰ
553 1589 665 1625 Ἀνδρες
684 1589 793 1623 ἀδελφοὶ

17 1630 55 1655 καὶ
77 1633 208 1668 πατέρες,
233 1633 383 1661 ἀκούσατε·
413 1635 442 1662 ’0
468 1635 534 1667 Θεὸς
547 1635 596 1671 τῆς
617 1634 695 1670 δόξης
715 1634 794 1670 ὤφθη

17 1675 48 1710 τῷ
76 1679 155 1714 πατρὶ
186 1680 267 1716 ἡμῶν
297 1680 421 1716 Ἀϐραὰμ
452 1681 509 1708 δντι
540 1682 569 1708 ὲν
602 1683 635 1717 τῇ
670 1682 794 1708 Μεσοπο-

18 1723 97 1759 ταμίᾳ,
130 1726 195 1761 πρὶν
225 1727 241 1761 ἢ
273 1727 382 1761 οἰκῆσαι
413 1727 494 1754 αὑτὸν
527 1728 555 1754 ὲν
584 1728 715 1762 Χαρράν·
746 1728 794 1754 καὶ

18 1764 67 1794 εἷπε
85 1770 149 1806 πρὸς
180 1772 278 1798 αὐτόν·
299 1772 409 1806 Ἔξελθε
443 1774 475 1799 ὲκ
508 1773 558 1808 τῆς
588 1773 640 1808 γῆς
664 1781 721 1805 σου,
746 1773 794 1799 καὶ

16 1812 43 1838 ἐκ
69 1815 114 1849 τῆς
140 1817 302 1851 συγγενείας
321 1825 388 1849 σου,
407 1827 416 1843 ι
439 1818 486 1845 καὶ
509 1818 543 1844 τὰ
567 1817 648 1852 ἑξῆς*
676 1817 710 1844 δι’
731 1817 793 1844 ὅλου

17 1860 62 1895 γὰρ
84 1862 127 1888 τοῦ
147 1863 228 1897 λόγου
247 1865 450 1901 ἀναντιρῤήτως
467 1864 524 1890 ἐστι
554 1864 659 1900 μαθεῖν,
677 1864 722 1890 τὸν
739 1863 793 1890 τῶν

18 1907 150 1942 προφητῶν
171 1909 250 1942 Θεὸν,
268 1910 379 1945 Πατέρα
395 1908 465 1936 εἶναι
482 1909 601 1945 Χριστοῦ
625 1908 727 1944 Ἰησοῦ,
748 1910 794 1936 καὶ

18 1951 43 1977 ὲκ
61 1953 106 1988 τῆς
121 1954 190 1990 πρὸς
212 1955 363 1991 Ῥωμαίους
391 1955 551 1990 Ἐπιστολῆς
567 1954 613 1981 τοῦ
634 1955 794 1981 Ἀποστόλου

17 2003 162 2038 ιντούτοις-
181 2007 313 2040 «Παῦλος,
330 2007 421 2039 δοῦλος
437 2007 555 2044 Χριστοῦ
575 2007 676 2042 Ἰησοῦ,
698 2007 795 2043 κλητὸς

17 2057 159 2093 ἀπόστολος,
176 2061 368 2096 ἀφωρισμένος
378 2061 417 2092 είς
433 2060 598 2095 Εὐαγγέλιον
610 2060 689 2092 Θεοῦ,
699 2060 713 2087 ὅ
726 2069 794 2096 προ-

16 2112 186 2145 επηγγείλατο
202 2113 247 2140 διὰ
263 2113 317 2140 τῶν
338 2113 484 2149 προφητῶν
505 2113 587 2139 αὑτοῦ
617 2115 646 2139 ἐν
674 2114 794 2149 Γραφαίς

845 901 905 928 dem
925 901 1096 936 precationes
1109 900 1163 928 Deo
1176 899 1321 929 fundentes
1336 909 1388 928 non
1404 901 1510 934 dicunt,
1528 902 1631 930 Pater:

845 945 979 979 fortassis,
1004 946 1131 981 quoniam
1156 954 1209 974 non
1227 952 1397 982 agnoverunt
1418 947 1547 975 Patrem:
1567 947 1630 975 fun-

844 993 910 1020 dunt
924 997 1015 1020 autem
1030 993 1067 1020 illi
1083 1000 1178 1027 preces
1198 993 1280 1020 veluti
1308 993 1375 1027 Deo,
1397 998 1424 1020 et
1440 994 1567 1026 Domino,
1579 1001 1630 1021 ex-

843 1043 996 1074 spectantes
1010 1045 1082 1071 eum,
1098 1038 1143 1073 qui
1167 1038 1261 1066 eﬂ‘ndit
1279 1038 1406 1072 spiritum
1420 1039 1574 1074 adoptionis
1595 1042 1628 1068 li-

844 1085 942 1111 liorum
957 1084 992 1116 “,
1008 1091 1061 1111 non
1080 1084 1168 1111 minus
1188 1091 1271 1115 super
1300 1084 1359 1111 illos
1376 1091 1457 1118 quam
1474 1093 1556 1120 super
1567 1093 1624 1114 cre-

844 1131 940 1158 dentes
957 1136 1005 1165 per
1024 1137 1085 1156 eum
1112 1129 1140 1156 in
1159 1129 1256 1162 Deutn,
1273 1133 1333 1163 post
1357 1130 1441 1164 ipsius
1461 1130 1628 1158 adventum:

844 1175 895 1202 nisi
911 1174 982 1202 forte
1005 1174 1201 1209 intelligibilem
1216 1175 1360 1202 adventum
1384 1175 1485 1202 Christi
1504 1175 1553 1211 ipsi
1579 1177 1630 1204 ha-

843 1222 969 1252 buerunt,
985 1220 1104 1254 factique
1116 1221 1228 1255 perfecti
1242 1220 1395 1248 habuerunt
1407 1221 1554 1256 aliquando
1565 1223 1631 1250 ado-

843 1266 942 1301 ptionis
966 1266 1114 1300 spiritum:
1133 1266 1201 1293 clam
1224 1271 1327 1300 autem,
1353 1272 1380 1294 et
1406 1275 1459 1295 non
1487 1267 1630 1297 manifeste

844 1312 970 1339 omnibus
986 1312 1112 1339 dicebant
1126 1311 1169 1339 vel
1183 1311 1340 1339 scribebant
1363 1311 1458 1345 Deum,
1470 1317 1498 1340 et
1509 1313 1628 1347 Patrem,

843 1366 877 1386 ne
903 1363 1125 1393 praeoccuparem
1149 1359 1264 1394 gratiam
1284 1361 1332 1387 toti
1359 1360 1460 1388 mundo
1473 1368 1521 1395 per
1535 1359 1630 1389 Jesum

843 1404 965 1437 elIusam,
981 1405 1028 1440 qui
1047 1412 1143 1433 omnes
1160 1406 1277 1432 vocabat
1306 1405 1339 1433 ad
1367 1406 1484 1434 ﬁliorum
1505 1406 1631 1441 adoptio-

844 1459 914 1484 nem,
933 1456 961 1478 ut
977 1457 1121 1479 enarraret
1147 1452 1192 1480 Dei
1214 1460 1313 1480 nomen
1332 1452 1462 1479 fratribus
1482 1454 1554 1485 suis,
1577 1453 1631 1480 Pa:-

845 1502 966 1531 tremqne
977 1497 1003 1523 in
1016 1497 1145 1525 Ecclesiae
1161 1498 1249 1525 medio
1258 1498 1391 1528 laudaret,
1400 1498 1548 1525 secundum
1560 1498 1632 1533 quod

844 1543 973 1576 scriptum
987 1547 1042 1569 est:
1056 1552 1063 1568 ι
1075 1542 1197 1570 Narrabo
1211 1549 1310 1570 nomen
1323 1548 1396 1570 tuum
1408 1543 1538 1571 fratribus
1551 1544 1630 1574 meis,

844 1589 870 1615 in
888 1588 974 1616 medio
988 1587 1113 1616 Ecclesiae
1126 1589 1242 1616 laudabo
1259 1594 1283 1617 te
1295 1589 1328 1616 ".
1340 1599 1349 1614 ι
1362 1589 1438 1623 Quod
1451 1591 1506 1624 ipse
1520 1589 1630 1624 quidem

844 1636 879 1662 sit
895 1636 966 1662 Deus
985 1635 1190 1669 prophetarum,
1210 1635 1357 1670 mundique
1370 1641 1540 1670 procreator,
1562 1635 1630 1663 mul-

845 1682 879 1708 tis
909 1688 942 1707 ex
971 1681 1037 1708 locis
1066 1681 1160 1708 videre
1186 1688 1345 1715 possumus;
1369 1681 1416 1708 sed
1439 1681 1466 1708 in
1484 1681 1629 1716 prmsentia

843 1727 958 1756 suiﬁciat
983 1728 1075 1755 videre
1103 1728 1262 1755 concionem
1290 1727 1421 1762 Stephani
1449 1736 1482 1755 ex
1508 1728 1583 1756 Actis
1596 1729 1630 1756 ad

844 1774 969 1813 populum
984 1773 1055 1800 hunc
1075 1773 1100 1799 in
1115 1773 1222 1799 modum
1247 1772 1362 1800 dicentis
1372 1773 1394 1789 “
1409 1781 1416 1800 :
1432 1782 1442 1798 ι
1463 1772 1516 1800 Viri
1534 1774 1630 1800 fratres

844 1825 871 1847 et
884 1823 987 1854 patres,
999 1818 1090 1846 audite
1104 1826 1110 1843 :
1126 1817 1198 1845 Deus
1209 1818 1302 1853 gloria:
1316 1819 1441 1853 apparuit
1454 1819 1524 1853 patri
1536 1824 1630 1847 nostro

846 1865 970 1897 Abrahae,
985 1872 1046 1891 cum
1060 1869 1134 1891 esset
1149 1864 1173 1890 in
1188 1863 1392 1897 Mesopotamia,
1411 1868 1556 1898 antequam
1579 1864 1630 1891 ha-

845 1911 943 1938 bitaret
954 1911 980 1938 in
992 1910 1096 1942 Chara;
1111 1909 1233 1944 dixitque
1242 1909 1274 1936 ad
1286 1917 1347 1936 eum
1363 1909 1515 1945 :Egredere
1530 1917 1545 1936 e
1559 1914 1631 1937 terra

847 1961 902 1988 tua,
915 1961 941 1983 et
955 1962 970 1983 e
990 1955 1151 1989 cognatione
1174 1959 1229 1988 tua,
1245 1963 1254 1979 ι
1276 1959 1303 1981 et
1322 1962 1381 1989 quin
1402 1959 1569 1989 sequuntur;
1583 1962 1632 1989 per

845 2006 927 2030 totam
938 2001 1011 2028 enim
1022 2001 1173 2028 orationem
1190 2000 1258 2027 citra
1268 2000 1510 2027 contradictionem
1518 2007 1632 2027 cernere

845 2048 907 2075 licet
925 2047 1117 2082 prophetarum
1133 2046 1216 2073 Deum
1240 2045 1346 2072 Patrem
1361 2053 1422 2073 esse
1440 2045 1541 2073 Christi
1553 2044 1629 2072 Jesu.

845 2094 917 2121 Idem
925 2099 1039 2120 cernere
1051 2091 1133 2118 etiam
1145 2090 1206 2117 licet
1216 2098 1248 2118 ex
1265 2090 1384 2125 Apostoli
1398 2089 1516 2124 Epistola
1528 2090 1562 2116 ad
1575 2089 1631 2117 Ro-

846 2138 978 2170 manos,in
992 2138 1062 2166 his"
1073 2147 1081 2165 ι
1093 2147 1101 2163 ι
1115 2137 1316 2165 Paulusservus
1328 2136 1390 2164 Jesu
1402 2136 1630 2168 Christi,vocatuh

17 2159 104 2194 ἁγίαις,
125 2164 189 2199 περὶ
213 2163 260 2190 τοῦ
274 2163 338 2190 Υἱοῦ
361 2163 442 2191 αὑτοῦ
459 2163 505 2190 τοῦ
518 2164 662 2198 γενομένου
674 2164 705 2189 ὲκ
716 2163 789 2198 σπέρ

869 2159 978 2170 ......,-,...
992 2159 1033 2166 ....,
1073 2159 1081 2165 .
1094 2159 1101 2163 .
1115 2159 1125 2164 -
1137 2159 1213 2165 .......-
1221 2159 1260 2164 --.
1273 2159 1316 2164 .__
1328 2159 1390 2164 η..-
1404 2159 1528 2168 -....τ..,.
1539 2159 1629 2163 _-_._-

869 2184 927 2219 ιε’]
957 2184 1106 2218 apostolus,
1128 2188 1289 2218 segregatus
1314 2183 1340 2209 in
1362 2181 1542 2214 Evangelium
1567 2181 1629 2214 Dei,

17 2219 89 2245 ματος
103 2215 183 2242 suae
200 2215 273 2242 κατὰ
288 2217 385 2252 σάρκα,
401 2216 447 2243 τοῦ
469 2215 620 2252 ὁρισθέντος
641 2215 706 2242 Υἱοῠ
724 2214 791 2241 Θεοῦ

17 2262 40 2288 ὲν
53 2264 169 2301 δυνάμει,
187 2266 259 2293 κατὰ
272 2267 381 2302 Πνεῦμα
396 2267 557 2302 ἁγιωσύνης,
574 2266 604 2299 ἐξ
622 2266 794 2298 ἀναστάσεως

17 2318 107 2351 νεκρῶν
127 2319 214 2355 Ἰησοῦ
234 2319 349 2355 Χριστοῦ
372 2319 418 2346 τοῦ
429 2319 531 2355 Κυρίου
542 2319 629 2354 ἡμῶν,
644 2318 677 2345 δι’
691 2316 721 2345 οὗ
734 2318 795 2345 ἐλά-

17 2368 90 2404 ὗομεν
104 2373 182 2408 χάριν
204 2373 252 2399 καὶ
269 2372 430 2408 ἀποστολὴν,
446 2373 486 2404 εἰς
503 2371 624 2407 ὑπακοὴν
639 2372 756 2403 πίστεως
768 2372 796 2397 ἐν

46 2415 151 2444 “Joan.
169 2425 216 2450 xx,
230 2417 273 2445 l7.
313 2417 336 2433 “
349 2418 427 2445 Rom.
441 2426 496 2450 vnt,
514 2418 559 2446 23.
598 2418 620 2435 ⁶⁵
634 2417 705 2445 Psal.
721 2425 777 2449 ut,

881 2415 904 2430 '°
920 2415 981 2441 Act.
999 2414 1075 2446 “1,2
1089 2421 1149 2448 seq.

19 2462 225 2500 visserdaremus,
239 2465 355 2492 dandum
369 2471 441 2492 esset
455 2466 547 2500 utique
561 2473 610 2493 nec
624 2465 722 2493 Filium
740 2473 785 2492 co-

18 2499 142 2535 gnovisse,
159 2506 222 2526 cum
238 2500 376 2535 cognitum
395 2501 427 2527 ab
444 2499 512 2535 ipsis
527 2500 636 2533 Filium,
650 2505 677 2527 et
692 2500 787 2527 vatici-

20 2532 65 2557 niis
77 2533 243 2570 celebratum
260 2532 343 2561 fuisse
361 2532 490 2570 constet),
508 2535 594 2562 Filius
612 2535 713 2570 quippe
737 2535 788 2562 Pa-

21 2570 78 2593 trem
105 2569 256 2602 cognoscit,
283 2569 401 2597 l‘amulns
425 2571 529 2597 herutn.
554 2569 788 2603 Quemadmodum

19 2606 96 2628 autem
112 2604 205 2631 dicere
225 2604 287 2639 licet
310 2604 407 2631 Filium
424 2613 477 2631 non
495 2612 659 2639 cognoscere
676 2605 788 2637 herum;

20 2642 73 2673 nam
88 2643 221 2677 quatenus
234 2638 384 2677 Filiusest,
403 2638 639 2677 l’atris_qiiate|ttts
651 2640 733 2666 herus
747 2644 789 2666 est

22 2675 149 2708 imperium
162 2681 218 2700 non
238 2675 378 2707 experitur
396 2683 403 2700 :
421 2675 458 2701 ita
476 2675 567 2701 dicere
581 2681 725 2708 possumus
741 2681 790 2700 nec

24 2704 122 2743 [animos
136 2704 304 2742 cognoscere
320 2708 427 2735 Patrem
441 2717 448 2742 ;
464 2716 525 2735 nam
537 2704 672 2743 quatenus
698 2709 789 2735 famuli

20 2745 83 2798 ῗριιι,
96 2742 190 2769 lterum
209 2747 343 2777 quatenus
366 2743 448 2771 Pater
464 2748 516 2776 est,
539 2742 592 2770 non
609 2749 789 2778 eognoswnt.

41 2783 137 2798 nutus.

41 2783 138 2803 υκτιυε.

51 2810 84 2844 t6)
114 2812 348 2847 Πιιραδεξόμεθα.
363 2813 400 2840 lla
414 2813 495 2840 habet
507 2813 591 2841 codex
609 2812 790 2842 Bodleianus;

846 2230 916 2265 quod
940 2234 1002 2257 ante
1022 2229 1186 2263 promiserat
1202 2236 1251 2263 per
1267 2228 1412 2262 prophetas
1429 2235 1493 2254 suos
1512 2227 1538 2254 in
1555 2226 1630 2255 Scri-

847 2276 934 2311 pturis
951 2276 1054 2302 sanctis
1069 2275 1102 2302 de
1114 2274 1184 2302 Filio
1202 2281 1250 2302 suo
1267 2274 1358 2308 genito
1372 2281 1405 2300 ex
1420 2273 1522 2300 semine
1545 2272 1629 2300 David

848 2322 996 2350 secundum
1019 2329 1140 2354 carnem,
1158 2320 1294 2348 declarato
1319 2319 1388 2348 Filio
1411 2320 1456 2347 Dei
1479 2320 1505 2346 in
1529 2319 1630 2346 virtute

851 2369 996 2397 secundum
1025 2367 1156 2402 Spiritum
1186 2365 1420 2398 sanctiﬁcationis,
1447 2374 1480 2392 ex
1507 2373 1540 2393 co
1560 2366 1631 2400 quod

1187 2413 1208 2428 ⁸⁷
1226 2413 1306 2440 Rom.
1324 2419 1344 2445 ι,
1362 2412 1387 2446 l,
1405 2411 1423 2438 2
1440 2418 1499 2446 seq.

841 2463 956 2498 Regius,
972 2461 1193 2498 παραδεξάμεθα,
1212 2462 1292 2498 male.

875 2495 912 2533 (Ἴ)
929 2495 1120 2531 Εὺξάᾀιενονζ
1143 2498 1189 2524 Sic
1214 2497 1298 2524 codex
1315 2495 1496 2530 Bodleianus;
1517 2495 1628 2531 Regius,

875 2533 997 2557 ξόαενον.
1013 2532 1093 2557 male.

857 2533 997 2559 ὑξὸμενον.
1013 2533 1093 2559 male.

841 2534 903 2565 εἰ)ξό
927 2541 997 2564 ενον,
1013 2534 1093 2559 male.

878 2542 982 2604 (SS‘Kal
997 2566 1051 2602 γὰρ
1065 2567 1223 2604 εὐχόμενοι
1232 2566 1280 2604 ’τῷ
1291 2565 1354 2604 Θεῷ
1366 2566 1402 2604 οὐ
1419 2565 1553 2604 λέγουσι,
1575 2564 1631 2591 1Ιά-

843 2601 964 2637 τερ.’8ὶο
983 2601 1053 2629 hunc
1072 2602 1173 2637 locum,
1187 2602 1213 2637 i_n
1232 2601 1315 2637 [legio
1325 2601 1420 2637 codice
1436 2601 1570 2637 laxatum,
1587 2608 1631 2627 sa-

845 2635 920 2666 nitati
935 2638 1079 2664 restituunt
1094 2635 1174 2662 codd.
1190 2635 1353 2663 Bodleiaan
1364 2640 1391 2662 et
1405 2635 1582 2661 Barherinus.

877 2673 914 2708 (9)
926 2673 965 2699 Δι’
976 2671 1069 2708 αὑτοῦ
1082 2671 1290 2708 πιστεύοντας.
1300 2670 1345 2698 Sic
1361 2671 1443 2708 codex
1458 2669 1629 2702 Bodleianus,

842 2705 958 2743 optime;
979 2707 1087 2740 Regius,
1103 2707 1181 2743 male,
1194 2706 1238 2743 διᾲ
1251 2708 1313 2739 τοὺς
1332 2705 1516 2743 πιστεύοντας.

879 2743 935 2778 (ίθ)
952 2738 1203 2776 Ἒκθὶενοινμένην.
1218 2741 1333 2770 Omnino
1349 2741 1488 2776 legendum
1500 2738 1631 2776 ἐκχεομέ-

845 2786 903 2814 νην.
