1853 3050
211 134 265 164 535

935 134 1094 162 ORICENIS
1785 136 1822 164 336

211 194 360 224 resurrexit
379 202 394 222 a
411 194 525 222 mortuis
545 194 623 222 Jesus
649 195 773 223 Christus
797 196 926 223 Dominus
947 204 1014 225 ιιο-⁴

1105 206 1112 223 ι
1129 198 1183 227 τοῖς
1203 196 1317 230 ἔθνεσιν,
1336 197 1406 233 ὑπὲρ
1422 198 1468 225 τοῦ
1483 197 1612 233 ὀνόματος
1635 196 1734 229 αὐτοῦ,
1751 197 1778 224 ὲν
1794 196 1823 229 οἷς

214 247 281 276 ster,
299 249 347 276 per
358 248 437 275 quem
452 241 609 275 accopimus
623 242 739 276 gratiam
758 247 785 268 et
802 242 995 276 aposiolatum.

214 295 242 315 ut
260 288 403 316 obedialur
415 287 475 314 tidei
492 287 517 314 in
532 287 658 314 omnibtts
670 288 805 322 gentibus,
825 295 873 322 pro
888 287 997 316 nomine

213 335 281 368 ejus,
296 335 321 361 in
334 333 432 368 quibus
446 333 513 360 estis
527 338 553 360 et
568 340 617 360 vos
629 333 715 360 vocati
731 332 794 360 .lcsu
807 333 906 361 Christi
920 343 926 361 :
939 341 997 361 om-

215 381 293 407 nibus
308 380 354 414 qui
371 383 435 407 sttnt
454 379 556 410 Romae,
574 378 679 405 dilectis
691 379 748 413 Dei,
764 380 867 406 vocatis
881 380 996 412 sanctis,

214 426 300 462 gratia
319 425 409 457 vobis,
425 430 450 452 et
469 433 519 459 pax
538 432 552 451 a
571 425 624 452 Deo
640 425 720 452 Patre
736 430 830 453 nostro
844 431 871 453 et
884 426 997 453 Domino

213 471 276 500 Jesu
294 471 413 498 Christo.
431 470 490 498 iEx
506 471 548 498 his
560 471 631 498 enim
645 470 733 505 palam
747 470 892 498 didicimus
906 471 997 498 mundi

215 521 437 552 procreatorem,
469 517 553 544 Deum
583 516 797 552 prophetarum,
830 522 857 544 et
890 517 998 544 Patrem

215 563 329 594 Christi.
346 561 428 589 Deum
449 566 477 589 et
497 561 603 589 Patrem
631 566 753 588 nostrum
775 570 844 589 esse.
868 561 998 589 Pharisa‘i

215 608 298 642 igitur
315 616 367 635 non
384 607 471 635 solunt
485 607 664 642 cognitionem
682 615 734 634 non
752 607 889 634 habebant
910 608 999 635 Patris

215 654 329 687 Christi,
346 654 393 688 qui
410 653 496 688 legem
517 652 600 684 dedit,
623 657 757 687 quatenus
776 653 858 680 Pater
875 658 926 687 est,
951 661 999 681 seu

214 704 350 733 quatenus
365 699 453 731 Deus;
471 698 518 725 sed
532 705 565 725 ne
578 700 646 725 citra
660 699 876 725 controversiam
891 700 999 734 quidem

217 745 266 778 ipsi
283 745 439 775 credebant,
460 749 593 778 quatenus
613 743 693 771 Pater
717 748 777 771 erat
798 742 873 777 Jesu,
889 750 916 772 et
930 745 1001 773 Deus

216 791 313 824 ipsius,
335 794 416 824 atque
442 789 524 817 etiam
548 789 663 817 fortasse
687 794 822 824 quatenus
850 791 921 819 Deus
942 796 1001 818 erat

218 836 262 869 qni
281 836 374 863 omnia
390 839 540 863 creaverat.
558 835 610 862 Sed
627 844 660 863 ne
673 836 812 864 Christum
831 837 939 871 quidem
956 843 1002 863 no-

218 885 278 908 rant
299 890 307 914 ;
334 886 360 908 et
387 881 456 908 bene
473 881 604 908 Servator
616 888 663 908 eos
681 882 830 916 redarguit,
851 882 944 908 dicens
959 881 998 909 “3:

220 937 229 952 ε
246 927 338 962 Neque
353 934 396 954 me
408 927 495 960 scitis,
513 935 601 962 neque
611 927 718 955 Patrem
733 935 820 954 meum
836 928 920 955 scitis.
934 937 944 954 ›
959 927 1003 955 luo

218 981 298 1008 super
315 973 372 1000 haec
387 981 478 1008 qumro
491 982 497 1001 :
511 979 600 1001 utrum
619 975 672 1001 hoc
685 974 866 1008 proloquium,
886 983 895 998 ι
907 974 933 1002 Si
949 973 1001 1001 Pa-

219 1026 286 1047 trem
311 1026 400 1046 meum
423 1020 539 1051 sciretis,
554 1024 582 1047 et
604 1027 647 1047 me
663 1020 780 1052 sciretis,
799 1029 808 1045 ›
830 1019 900 1046 idem
914 1020 1003 1047 valeat

219 1073 279 1093 cum
309 1065 366 1098 illo,
387 1074 396 1090 ι
418 1065 446 1092 Si
467 1072 511 1093 me
528 1065 649 1097 sciretis,
666 1070 694 1092 et
709 1065 818 1092 Patrem
840 1073 930 1092 mettm
949 1066 1003 1093 sci-

217 1111 294 1142 retis,
313 1120 323 1137 ι
342 1118 376 1138 an
393 1118 457 1138 non.
473 1109 505 1137 Et
518 1110 637 1138 arbitror
652 1111 709 1138 haec
726 1111 797 1137 inter
814 1118 844 1138 se
855 1119 909 1137 non
919 1111 1002 1145 arqui-

217 1157 332 1192 pollere,
345 1165 377 1184 eo
393 1157 464 1191 quod
493 1156 538 1191 qui
557 1156 664 1184 Patrem
684 1157 818 1192 agnoscit,
843 1157 971 1184 ascendat
986 1165 1003 1185 a

217 1203 372 1237 cognitione
398 1202 457 1229 Filii
483 1203 515 1229 ad
538 1202 722 1237 cognitionem
747 1201 847 1234 Patris,
871 1209 922 1228 nec
950 1201 1003 1229 alio

219 1249 297 1276 modo
322 1249 446 1275 videatur
469 1247 549 1274 Pater
575 1255 656 1282 quam
681 1247 785 1274 visione
811 1247 893 1279 Filii;
918 1255 927 1273 ι
952 1247 1002 1280 Qui

218 1295 289 1321 enim
313 1294 381 1322 vidit
406 1301 467 1327 me,
495 1293 592 1328 inquit,
618 1293 684 1320 vidit
700 1298 727 1320 et
751 1292 859 1319 Patrem
875 1293 907 1325 “,
923 1302 932 1318 ι
958 1293 1003 1327 qui

219 1341 292 1368 misit
313 1347 377 1372 me;
393 1347 442 1367 nec
462 1344 550 1367 tamen
572 1339 687 1366 dixisset
703 1347 710 1365 :
729 1338 781 1372 Qui
802 1339 870 1366 vidit
885 1338 1002 1372 Patrem,

219 1385 286 1412 vidit
301 1392 354 1417 me,
373 1384 502 1419 quoniam
519 1384 565 1418 qui
580 1383 740 1411 Sermonem
756 1383 802 1410 Dei
824 1383 909 1416 videt,
932 1384 1004 1411 videt

210 1432 315 1463 ‘lieum,
343 1430 495 1458 ascendens
515 1437 530 1456 a
548 1429 617 1457 Filio
636 1429 670 1456 ad
687 1429 794 1456 Patrem
817 1437 825 1462 ;
852 1429 910 1457 tieri
931 1430 1004 1457 enim

220 1476 314 1511 nequit
341 1480 371 1502 ut
395 1476 485 1503 videat
506 1475 568 1510 quis
592 1474 674 1502 Deum
700 1482 753 1501 non
780 1474 885 1502 habens
909 1475 1004 1502 ducem

1047 241 1107 267 ἐστε
1122 243 1167 268 καὶ
1182 242 1261 276 ὑμεῖς
1278 242 1371 278 κλητοὶ
1387 242 1473 279 Ἰησοῦ
1489 242 1617 278 Χριστοῦ·
1635 243 1704 269 πᾶσι
1718 243 1775 274 τοῖς
1788 241 1822 269 οὖ-

1048 295 1089 313 σιν
1104 288 1132 314 ὲν
1152 285 1244 324 Ῥώμῃ
1262 289 1412 324 ἀγαπητοῖς
1421 289 1498 321 Θεοῦ,
1517 289 1628 324 κλητοῖς
1641 289 1745 322 ἁγίοις,
1761 289 1822 324 χάρις

1048 333 1110 368 ὑμῖν
1121 333 1167 360 καὶ
1181 334 1274 369 εἰρήνη
1289 334 1343 361 ἀπὸ
1356 335 1423 361 Θεοῦ
1437 335 1542 370 Πατρὸς
1557 335 1645 370 ἡμῶν,
1661 335 1711 361 καὶ
1736 335 1822 370 Κυρίου

1053 379 1139 414 Ἰησοῦ
1154 379 1281 415 Χριστοῦ.
1306 390 1316 405 ι
1341 380 1437 415 Σαφῶς
1452 380 1506 415 γὰρ
1524 380 1578 407 ἀπὸ
1590 379 1695 406 τούτων
1713 379 1822 415 μεμαθή-

1048 433 1144 460 καμεν,
1165 425 1206 451 ὅτι
1222 425 1237 451 ὁ
1251 426 1429 462 Δημιουργὸς,
1447 426 1494 452 καὶ
1510 425 1576 458 Θεὸς
1599 425 1654 452 τῶν
1678 424 1821 460 προφητῶν,

1048 471 1095 497 καὶ
1111 470 1205 506 Πατὴρ
1227 471 1273 498 τοῦ
1289 471 1416 507 Χριστοῦ,
1438 471 1503 503 Θεός
1526 480 1555 498 τε
1573 471 1620 498 καὶ
1641 472 1742 506 Πατὴρ
1763 472 1822 506 ἡμῶν

1049 517 1116 543 ἐστι.
1144 517 1283 552 Φαρισαῖοι
1307 517 1394 544 τοίνυν
1410 517 1440 544 οὐ
1464 517 1542 553 μόνον
1563 517 1666 551 γνῶσιν
1688 517 1742 543 οὐκ
1759 514 1821 551 εἶχον,

1049 562 1109 589 οὔτε
1126 563 1186 589 καθ’
1199 564 1213 590 ὃ
1230 564 1335 599 Πατὴρ,
1355 563 1417 590 οὔτε
1431 563 1491 590 καθ’
1505 565 1519 590 ὂ
1535 563 1611 595 Θεὸς,
1626 562 1675 590 τοῦ
1695 563 1822 593 δεᾰυκέτος

1048 608 1094 634 τὸν
1109 608 1189 643 νόμον
1205 608 1311 644 Πατρὸς
1330 608 1377 635 τοῦ
1403 608 1531 644 Χριστοῦ*
1549 608 1606 635 ἀλλ’
1626 608 1683 634 οὐδ’
1702 608 1826 634 ἐπίστευον

1050 653 1125 689 αὐτῷ
1140 654 1363 690 ὁμολογουμένως
1391 654 1439 689 μὲν
1466 653 1527 681 καθ’
1549 654 1563 680 ὃ
1584 653 1682 689 Πατὴρ
1698 651 1734 688 ἦν
1757 653 1826 688 Ἰησοῦ

1050 700 1097 727 καὶ
1113 700 1178 731 Θεὸς
1204 700 1296 732 αὑτοῦ,
1314 699 1384 735 τάχα
1400 699 1429 726 δὲ
1442 699 1502 726 καθ’
1518 700 1532 726 ὃ
1551 701 1565 725 ὁ
1579 699 1645 730 Θεὸς
1659 700 1674 725 ὁ
1686 699 1782 730 κτίσας
1802 698 1828 725 τὰ

1051 745 1140 772 πάντα
1154 743 1198 781 ἦν·
1218 745 1273 772 ἀλλ’
1285 745 1346 772 οὐδὲ
1366 745 1410 771 τὸν
1422 745 1538 780 Χριστὸν
1553 745 1675 780 ᾔδεισαν·
1691 746 1740 771 καὶ
1754 744 1829 775 καλῶς

1051 791 1156 826 ἐλέγχει
1178 791 1276 823 αὐτοὺς
1288 792 1302 817 ὁ
1324 790 1418 826 Σωτὴρ
1442 790 1537 824 λέγων·
1561 799 1571 816 ι
1591 790 1662 817 Οὔτε
1679 791 1732 825 spe
1745 791 1828 820 οἴδατε,

1052 836 1113 863 οὔτε
1127 837 1173 864 τὸν
1185 837 1294 873 Πατέρα
1306 845 1356 872 μου
1373 837 1471 864 οἴδατε.
1491 846 1500 863 ι
1520 836 1611 863 Ταῦτα
1624 835 1713 871 ζητῶ,
1733 836 1829 872 πότερον

1054 882 1109 909 ἴσον
1122 882 1232 909 δύναται
1243 882 1292 918 τῷ,
1309 892 1318 908 ‹
1331 883 1362 909 Εἰ
1376 883 1425 917 ἐμὲ
1441 882 1538 918 ᾔδειτε,
1549 882 1652 909 καὶτὸν
1664 881 1775 916 Πατέρα
1791 890 1830 916 μου

1053 928 1087 954 ἂν
1096 927 1193 963 ᾔδειτε,
1212 937 1221 954 ι
1238 927 1278 959 τὸ,
1296 937 1305 953 ι
1322 928 1354 954 Εἰ
1369 927 1415 954 τὸν
1432 927 1540 962 Πατέρα
1555 935 1605 962 μου
1616 926 1721 961 ᾔδειτε,
1739 926 1782 952 καὶ
1793 925 1830 960 ἐμὲ

1053 973 1086 1001 ἂν
1096 974 1195 1010 ᾔδειτε,
1217 984 1226 1000 i
1243 974 1309 1009 ἥοῦ.
1327 973 1382 1000 Καὶ
1395 973 1516 1009 ἡγοῦμαι
1533 973 1570 1008 μὴ
1588 974 1646 999 ῐσον
1660 972 1751 999 ταῦτα
1769 971 1831 998 δύντ-

1053 1019 1114 1046 σθαι
1138 1019 1270 1055 ὰ).λήλοις,
1286 1019 1325 1055 τῷ
1339 1018 1492 1046 ἀναϐαίνειν
1506 1018 1559 1045 ἀπὸ
1583 1018 1633 1053 τῆς
1648 1017 1778 1052 γνώσεως
1797 1016 1832 1042 τοῦ

1053 1065 1119 1092 Tim")
1136 1066 1182 1092 ἐπὶ
1198 1066 1247 1102 τὴν
1263 1065 1362 1100 γνῶσιν
1378 1066 1424 1092 τοῦ
1437 1065 1543 1101 Πατρὸς
1557 1065 1602 1091 τὸν
1613 1063 1786 1098 γινώσκοντα
1798 1062 1831 1087 τὸν

1053 1112 1173 1147 Πατέρα,
1190 1111 1237 1139 καὶ
1263 1111 1300 1147 μὴ
1323 1111 1410 1143 ἄλλως
1434 1110 1549 1146 ὁρᾶσθαι
1569 1109 1614 1136 τὸν
1640 1107 1784 1144 Πατέραῆ
1803 1106 1832 1140 τῷ

1053 1158 1166 1195 ὁρᾶσθαι
1183 1158 1227 1185 τὸν
1250 1157 1323 1184 Υίὸν·
1346 1157 1395 1184 «Ὀ
1416 1157 1470 1192 γὰρ
1499 1155 1648 1192 ἑωρακὼς,
1667 1155 1763 1189 φησὶν,
1785 1152 1831 1186 ἐμὲν

1054 1204 1159 1241 ἑώρακε
1171 1204 1217 1231 τὸν
1232 1203 1342 1239 Πατέρα
1365 1212 1373 1228 ι
1393 1203 1438 1229 τὸν
1455 1201 1600 1237 πέμψαντά
1626 1208 1671 1235 με’
1697 1200 1748 1226 οὐχ
1765 1199 1795 1225 ἂν

1053 1251 1157 1286 εἰρήκει
1168 1249 1207 1276 τό·
1217 1249 1245 1276 Ὁ
1255 1248 1384 1285 ἑωρακὼς
1399 1248 1444 1274 τὸν
1456 1247 1576 1282 Πατέρα,
1586 1245 1696 1281 ἑώρακέ
1712 1253 1756 1280 με·
1772 1243 1834 1269 ἐπεί-

1054 1304 1106 1331 περ
1123 1296 1136 1322 ὁ
1156 1295 1201 1321 τὸν
1219 1294 1304 1328 Λόγον
1323 1293 1500 1329 τεθεωρηκὼς
1520 1291 1568 1318 τοῦ
1585 1291 1665 1322 Θεοῦ,
1685 1290 1785 1325 θεωρεῖ
1802 1288 1837 1314 τὸν

1054 1342 1130 1374 Θεὸν,
1147 1340 1300 1368 ἀναὸαίνων
1313 1340 1366 1366 ἀπὸ
1380 1339 1427 1365 τοῦ
1440 1338 1527 1372 Λόγου
1544 1337 1611 1373 πρὸς
1624 1336 1670 1363 τὸν
1686 1336 1765 1362 Θεὸν”
1778 1335 1837 1368 ἁμή-

1055 1396 1133 1423 χανον
1146 1387 1174 1413 δέ
1182 1388 1240 1413 ἐστι
1256 1386 1293 1422 μὴ
1310 1385 1364 1412 ἀπὸ
1378 1385 1424 1411 τοῦ
1439 1384 1524 1418 Λόγου
1543 1382 1684 1418 θεωρῆσαι
1703 1381 1751 1407 τὸν
1773 1380 1838 1406 Θεὸν·

1055 1434 1101 1460 καὶ
1115 1434 1128 1460 ὁ
1143 1432 1252 1468 θεωρῶν
1267 1432 1315 1466 τὴν
1332 1431 1426 1465 σοφίαν
1443 1431 1475 1465 ἣν
1494 1429 1600 1456 ἔκτισεν
1613 1429 1627 1455 ὁ
1642 1428 1712 1459 Θεὸς
1728 1427 1782 1460 πρὸ
1796 1425 1838 1452 τῶν

1056 1479 1160 1507 αίώνων
1173 1478 1288 1514 ειςέργα
1304 1477 1398 1509 αὑτοῦ,
1408 1477 1548 1504 ἀναϐαίνει
1564 1476 1619 1502 ἀπὸ
1634 1474 1684 1501 τοῦ
1699 1472 1840 1508 emunt»:

220 1521 318 1556 Λόγον,
335 1520 403 1557 [seu
435 1520 605 1554 Sermonem,
633 1524 661 1548 et
684 1520 782 1548 Filium
805 1521 852 1548 Dei
869 1520 897 1557 ι]
917 1525 943 1549 et
960 1522 1004 1556 qni

1119 1524 1214 1559 σοφίαν
1227 1524 1273 1550 ἐπὶ
1287 1523 1332 1550 τὸν
1341 1523 1449 1557 Πατέρα
1465 1522 1560 1556 αὐτῆς·
1578 1520 1712 1547 ἀδύνατον
1725 1519 1755 1545 δὲ
1768 1517 1840 1553 lupi:

221 1568 348 1602 cognovit
363 1568 541 1603 Sapientiam,
566 1575 647 1603 quam
668 1567 770 1595 creavit
789 1568 860 1595 Deus
881 1574 943 1596 ante
956 1576 1007 1596 sae—

219 1614 280 1641 cula
296 1615 329 1641 ad
345 1622 429 1650 opera
442 1622 490 1642 sua
502 1614 536 1647 τ’,
553 1623 567 1642 a
583 1615 738 1650 cognitione
753 1615 902 1650 Sapientia;
916 1622 1008 1641 ascen-

222 1661 262 1688 dit
275 1662 307 1688 ad
324 1661 407 1696 ipsius
424 1661 569 1694 Sapientiae
582 1660 689 1689 Patrem
705 1671 711 1690 :
726 1662 786 1688 ticri
802 1661 884 1689 etiam
903 1661 1005 1696 nequit,

222 1711 252 1735 ut
264 1707 324 1735 sine
339 1707 419 1741 hujus
433 1708 578 1742 Sapientiae
596 1708 676 1734 ductu
699 1707 867 1742 intelligatur
894 1707 1008 1742 Sapien-

223 1753 268 1780 tia:
283 1753 363 1780 Deus.
380 1752 456 1786 Quod
472 1752 542 1779 idem
558 1752 592 1780 de
609 1752 724 1780 veritate
744 1753 818 1780 dices
836 1762 843 1780 :
865 1760 918 1780 non
935 1753 1006 1780 enim

223 1799 347 1834 intelligit
364 1799 463 1832 aliquis
481 1798 575 1830 Deum,
598 1799 641 1826 vel
662 1798 734 1826 videt
756 1799 856 1833 ipsttm,
869 1803 897 1826 et
913 1803 1008 1834 postea

221 1845 386 1877 veritatem;
404 1844 449 1871 sed
467 1850 544 1871 antea
562 1843 718 1875 veritatem,
737 1848 766 1870 ut
789 1844 840 1871 isto
866 1845 946 1871 modo
964 1851 1009 1870 ve-

222 1891 279 1918 niat
294 1890 328 1917 ad
342 1889 578 1923 centemplandam
590 1887 750 1922 eSsentiam,
767 1889 810 1916 vel
828 1888 947 1916 essentia
962 1896 1008 1916 su-

220 1937 356 1971 periorem
375 1936 525 1970 potentiam
551 1940 578 1962 et
601 1939 727 1962 naturam
753 1934 811 1962 Dei.
830 1935 870 1962 Ac
886 1934 1009 1969 profecto

222 1982 348 2014 fortasse,
365 1981 591 2016 quemadmodum
617 1981 717 2015 gradus
738 1980 848 2015 quidam
875 1985 954 2007 erant
983 1980 1009 2007 in

222 2028 320 2062 templo
343 2034 391 2062 per
413 2034 481 2061 quos
502 2027 705 2061 ingrediebatnr
729 2027 828 2061 aliquis
854 2027 880 2053 in
907 2026 1008 2054 Sancta

221 2077 391 2105 structorum,
410 2073 446 2100 ita
465 2079 560 2099 omnes
573 2073 672 2107 gradus
687 2073 772 2100 nostri
791 2073 947 2108 uuigenilus
967 2077 1009 2100 est

222 2119 307 2147 Filius
330 2119 377 2146 Dei
397 2126 404 2151 ;
426 2123 453 2146 et
477 2119 548 2146 sicut
569 2119 673 2154 primus
699 2119 830 2153 graduum
851 2118 1008 2154 Unigenilus

223 2170 264 2193 est
280 2166 308 2193 in
330 2166 410 2193 rebus
424 2165 528 2198 inferis,
543 2165 626 2200 288
639 2166 756 2200 itemque
767 2165 902 2193 secundus
921 2165 1009 2199 primo

223 2211 358 2246 superior,
377 2217 405 2239 et
418 2212 458 2238 sic
471 2211 598 2245 deinceps
614 2219 699 2247 usque
719 2212 751 2239 ad
766 2219 922 2247 supremum
945 2220 951 2244 ;
969 2211 1008 2238 sic

223 2267 317 2287 omnes
329 2260 428 2295 gradus
439 2266 504 2288 sunt
517 2260 646 2290 Servator
657 2272 664 2290 :
677 2262 754 2298 cujus
775 2262 931 2289 humanitas
949 2269 1010 2296 gra-

224 2307 275 2334 dus
288 2307 403 2335 inferior
415 2308 501 2336 veluti
513 2308 617 2344 primus
626 2314 668 2336 est
680 2318 688 2339 ι
701 2316 750 2344 per
762 2316 842 2344 quant
855 2309 1011 2343 gradientes

224 2353 368 2380 emetimur
393 2361 500 2381 omnem
518 2355 652 2389 graduum
670 2355 753 2387 viam,
777 2359 806 2381 ct
830 2355 957 2388 deinceps
979 2361 1010 2381 ea

224 2405 284 2432 quae
309 2399 366 2433 ipse
385 2404 426 2426 est
441 2408 447 2432 ;
462 2400 497 2426 ita
517 2404 546 2428 ut
567 2401 746 2428 ascendamus
767 2407 815 2434 per
839 2400 939 2434 ipsum,
965 2400 1010 2434 qui

223 2442 344 2477 Angelus
358 2448 400 2470 est
411 2448 437 2470 et
450 2450 555 2472 caetera:
570 2445 708 2480 potentize.
723 2445 794 2478 Quin
806 2445 888 2472 etiam
902 2450 1010 2480 propter

226 2488 460 2517 considerationes
485 2490 519 2517 de
543 2489 601 2524 ipso
617 2489 848 2525 (quandoquidem
872 2490 944 2517 aliud
970 2495 1011 2518 est

227 2536 268 2562 via
294 2540 322 2562 et
341 2535 412 2562 aliud
432 2534 555 2569 ostium),
571 2536 686 2569 primum
705 2543 849 2570 pergamus
874 2543 922 2571 per
939 2536 1010 2562 viam

227 2588 338 2608 necesse
361 2585 413 2614 est,
435 2585 465 2607 ut
488 2585 580 2615 postea
598 2582 650 2609 isto
669 2582 748 2608 modo
766 2582 954 2616 perveniamus
975 2581 1008 2609 ad

179 2660 182 2662 q
227 2627 325 2654 ostium
343 2634 352 2660 ;
375 2631 403 2653 et
424 2627 458 2654 ad
480 2627 607 2654 uteudttm
632 2635 673 2660 eo,
689 2628 824 2663 praecipue
838 2628 863 2654 in
877 2631 1008 2662 quantum

264 2707 287 2725 ⁶¹
296 2707 374 2737 Joan.
384 2715 443 2740 vni,
457 2708 502 2735 l9.

264 2782 320 2819 (lli
333 2779 544 2819 Hpoo’arwrﬁq.
560 2779 742 2819 S_cril)cnd_um
760 2779 936 2819 προαγιηγῇς.

271 2818 325 2851 (l2)
345 2817 371 2842 '0
386 2814 557 2850 Μοιλογενιίς
569 2816 634 2842 ἐστι
650 2814 703 2841 τοῦ
723 2814 806 2845 Θεοῦ,
817 2820 874 2851 _etc._
888 2815 930 2840 Sic
944 2814 1014 2851 hunc

233 2849 333 2886 locum,
351 2852 375 2879 in
396 2849 480 2886 liegio
497 2851 590 2878 codice
605 2850 740 2881 vitiatum,
765 2849 875 2875 sanitati
897 2849 1014 2876 restituit

1057 1571 1106 1607 τῆς
1115 1571 1210 1605 σοφίας
1227 1569 1408 1605 προσαγωγῆς
1425 1567 1448 1602 (1
1457 1568 1480 1603 l)
1496 1566 1625 1602 νοηθῆναι
1635 1565 1683 1591 τὸν
1699 1565 1750 1599 τῆς
1759 1563 1841 1596 σσείιξ

1057 1617 1133 1643 Θεόν.
1148 1616 1185 1642 Τὸ
1199 1615 1221 1642 δ’
1236 1615 1300 1642 αὐτὸ
1313 1615 1385 1649 ἐρεῖς
1396 1614 1442 1640 καὶ
1456 1613 1519 1648 περὶ
1534 1612 1583 1647 τῆς
1595 1611 1738 1646 ἀληθείας·
1754 1610 1784 1636 οὐ
1799 1609 1841 1641 γᾶς

1058 1663 1114 1688 νοεῖ
1124 1670 1164 1693 τις
1178 1661 1223 1687 τὸν
1239 1659 1316 1692 Θεὸν,
1332 1659 1348 1695 ἢ
1373 1659 1470 1694 θεωρεῖ
1491 1657 1581 1689 αὑτὸν,
1604 1656 1652 1683 καὶ
1679 1655 1752 1691 μετὰ
1767 1653 1842 1680 τιῦτι

1058 1708 1107 1744 τὴν
1123 1707 1260 1742 ἀλήθειαν·
1274 1706 1341 1732 ἀλλὰ
1353 1705 1483 1740 πρότερον
1497 1704 1547 1740 τὴν
1559 1701 1703 1737 ἀλήθειαν,
1715 1701 1750 1727 ἵν’
1768 1700 1844 1728 οὕτως

1059 1753 1123 1790 ἔλθῃ
1138 1753 1184 1779 ἐπὶ
1193 1752 1223 1778 τὸ
1236 1752 1330 1779 ἐνιδεῖν
1339 1752 1370 1786 τῇ
1384 1750 1473 1785 οὐσίᾳ,
1486 1749 1502 1785 ἢ
1514 1750 1546 1783 τῇ
1559 1747 1727 1783 ὑπερέκεινα
1745 1745 1795 1779 τῆς
1805 1745 1841 1770 c3-

1060 1801 1120 1832 σίας
1134 1800 1256 1835 δυνάμει,
1269 1799 1315 1825 καὶ
1325 1798 1403 1832 φύσει
1413 1796 1459 1823 τοῦ
1472 1795 1549 1822 Θεοῦ.
1566 1795 1622 1821 Καὶ
1637 1795 1710 1829 τάχα
1719 1793 1842 1828 facint—=1:

1060 1847 1129 1874 κατὰ
1138 1846 1183 1873 τὸν
1196 1845 1258 1872 ναὸν
1272 1843 1422 1879 ἀναϐαθμοί
1439 1851 1510 1873 τινες
1517 1840 1640 1877 ἧσαν,δι”
1654 1837 1692 1867 ὧν
1707 1839 1799 1874 εἰσῄει
1812 1844 1844 1865 τις

1059 1894 1099 1925 εἰς
1112 1893 1145 1920 τὰ
1158 1893 1240 1927 ’Ἅγια
1255 1891 1310 1918 τῶν
1325 1891 1419 1924 ἁγίων,
1437 1889 1523 1920 οὕτως
1536 1889 1560 1914 oi
1575 1888 1677 1918 πάντες
1689 1886 1775 1921 ἡμῶν
1791 1886 1844 1910 ἐνα-

1061 1940 1110 1966 6αθ
1115 1940 1159 1975 μοὶ
1170 1939 1184 1964 ὁ
1192 1938 1345 1972 Μονογενής
1358 1937 1415 1962 ἐστι
1431 1935 1477 1962 τοῦ
1486 1934 1553 1961 Θεοῦ
1564 1934 1631 1970 (l2)-
1640 1932 1795 1965 uatis-31:59
1803 1930 1844 1955 τῶν

1059 1984 1224 2020 ἀναϐαθμῶν
1245 1985 1259 2011 ὁ
1272 1983 1426 2017 Μονογενής
1438 1982 1496 2007 ἐστι
1513 1980 1622 2016 πρῶτος
1645 1978 1691 2005 ἐπὶ
1711 1979 1752 2005 τὰ
1772 1977 1844 2007 xitv,

1059 2032 1074 2058 ὸ
1088 2032 1116 2058 δὲ
1140 2030 1235 2057 τούτου
1255 2028 1394 2064 ἀνωτέρω,
1418 2027 1465 2054 καὶ
1483 2025 1571 2057 οὕτως
1584 2024 1685 2060 ἐφεξῆς
1705 2024 1794 2059 μέχρι
1810 2020 1844 2047 2:3

1060 2077 1200 2104 ἀνωτάτω
1222 2075 1308 2106 οὕτως
1333 2074 1358 2100 οἱ
1385 2073 1433 2108 μὲν
1457 2072 1557 2102 πάντες
1577 2071 1646 2097 εἰσὶν
1671 2066 1844 2103 ἁναδαδμοὶί

1061 2122 1164 2157 Σωτήρ’
1182 2121 1196 2146 ὁ
1210 2121 1238 2146 δὲ
1253 2117 1308 2146 οἷον
1331 2118 1438 2154 πρῶτος
1463 2117 1610 2153 κατωτέρω
1632 2116 1663 2142 τὸ
1682 2114 1844 2150 ἀνθρώπιπῑ

1062 2167 1155 2199 αὑτοῦ,
1176 2163 1198 2200 ᾧ
1217 2165 1402 2196 ἐπιϐαίνοντες
1421 2163 1559 2197 ὀδεύομεν,
1574 2161 1623 2188 καὶ
1640 2160 1674 2188 τὰ
1688 2160 1761 2195 ἑξῆς
1778 2155 1844 2186 αὕτῖῖ

1061 2214 1135 2245 ὄντα,
1153 2212 1202 2247 τὴν
1215 2213 1304 2238 πᾶσαν
1316 2211 1344 2237 ἐν
1358 2211 1414 2241 τοῖς
1431 2207 1532 2235 ἀναϐαθ
1538 2208 1599 2242 μοῖς
1616 2206 1684 2238 ὁδὸν,
1696 2206 1775 2232 (La-.5
1793 2205 1844 2230 ἁνία

1059 2260 1139 2295 ϐῆναι
1160 2258 1193 2284 δι’
1210 2256 1291 2284 αὐτοῦ
1309 2257 1384 2288 ὄντος
1406 2256 1453 2282 καὶ
1469 2254 1597 2289 ἀγγέλου,
1619 2254 1666 2280 καὶ
1681 2252 1741 2278 τῶν
1758 2249 1844 2277 λοι-τὺ

1059 2305 1207 2340 δυνάμεων.
1239 2303 1294 2329 Καὶ
1319 2301 1389 2328 κατὰ
1408 2300 1457 2331 τὰς
1473 2298 1596 2331 ἐπινοίας
1616 2299 1644 2325 δὲ
1664 2298 1752 2325 αὐτοῦ
1772 2299 1844 2333 (εἶπεί

1059 2350 1151 2386 ἓτερον
1177 2350 1250 2375 ἐστιν
1277 2348 1335 2380 ὁδὸς
1355 2347 1402 2374 καὶ
1423 2346 1515 2382 θύρα),
1539 2344 1756 2381 προαπαντῆσιι
1773 2341 1844 2375 δεῐῆ

1063 2395 1125 2431 ὁδῷ,
1139 2395 1182 2423 ἵνα
1198 2394 1266 2430 μετὰ
1277 2394 1362 2420 ταῦτα
1371 2393 1457 2423 οὓτως
1472 2391 1564 2427 φθάσῃ
1578 2399 1622 2422 τις
1637 2390 1682 2416 ἐπὶ
1692 2390 1750 2424 τὴν
1764 2389 1844 2423 ei?!“

1065 2439 1112 2466 καὶ
1133 2439 1241 2474 ἄρχοντι
1264 2436 1415 2473 χρήσασθαι
1437 2435 1511 2470 αὑτῷ
1531 2435 1592 2461 καθ’
1612 2435 1626 2461 ὂ
1648 2435 1756 2469 ποιμήν
1776 2435 1844 2461 sm

1065 2486 1109 2512 ἵνα
1127 2493 1168 2516 τις
1181 2483 1281 2519 δυνηθῇ
1300 2482 1381 2510 αὐτοῦ
1400 2482 1553 2509 ἀπολαῦσαι
1570 2482 1617 2508 καὶ
1635 2480 1784 2516 βασιλέως,
1798 2480 1844 2505 ὀνκ

1066 2532 1126 2558 σθαί
1137 2540 1166 2558 τε
1179 2530 1260 2557 αὐτοῦ
1269 2529 1376 2565 πρῶτον
1386 2529 1423 2560 ὡς
1434 2527 1533 2563 ἀμνοῦ,
1547 2528 1591 2554 ἵνα
1600 2527 1705 2563 πρῶτον
1716 2527 1778 2561 ἄρῃ

1063 2580 1113 2616 τὴν
1134 2578 1281 2614 ἁμαρτίαν,
1303 2577 1350 2603 καὶ
1372 2576 1440 2612 μετὰ
1451 2575 1538 2602 ταῦτα
1553 2573 1793 2609 χεκαθαρισμένοι
1809 2568 1844 2605 iii

1063 2629 1193 2663 φάγωμεν
1215 2623 1297 2652 αὐτοῦ
1321 2623 1370 2658 τῆς
1390 2621 1500 2657 σαρκὸς,
1516 2620 1568 2656 τῆς
1589 2618 1721 2655 ἀληθινῆς
1746 2617 1844 2655 ερεξνῄ

541 2707 563 2723 ⁸³
578 2706 656 2735 Joan.
670 2714 728 2740 xtv,
742 2706 768 2734 9.
805 2707 828 2722 ⁷⁸
839 2707 917 2734 Prov.
942 2715 1002 2741 vnt,
1015 2707 1060 2733 22.

1069 2776 1152 2809 codex
1168 2773 1340 2809 Bodleianusf

1105 2802 1159 2845 (I3)
1175 2809 1260 2845 Codd.
1277 2807 1375 2841 Regius
1393 2810 1419 2845 et
1443 2804 1622 2845 Barbcrinus,
1647 2802 1844 2838 κεκαθαριεμέα

1068 2841 1126 2873 νοι·
1147 2841 1320 2876 Bodleianus,
1332 2841 1539 2876 κεκαθαρμένοι.
