1847 3045
12 121 66 150 557

549 122 728 151 ΟΟΜΜΕΝΤ.
746 123 779 150 1N
798 122 894 152 JOAN.
916 123 1036 152 τοίως
1050 125 1120 153 XIX.

1400 92 1416 106 δ

1594 125 1646 158 558

12 182 58 208 καὶ
81 181 294 217 ἐπιμελέστερον
315 190 344 209 τε
365 183 399 208 τὰ
422 183 611 218 παρακείμενα
637 184 741 216 τούτοις
766 192 806 215 τις

894 189 903 212 ι
925 189 1028 219 pastor.
1045 191 1073 213 ut
1091 186 1152 221 quis
1171 184 1252 212 etiam
1277 191 1310 212 eo
1330 189 1359 212 ut
1376 184 1451 220 Rege
1476 185 1528 212 lrui
1552 186 1647 219 possit,

12 227 148 259 ἐξετάσας
162 227 210 254 καὶ
228 228 404 263 παραλαϐὼν,
422 229 570 255 ἀκούσεται
592 229 658 265 (14),
679 239 688 254 ι
710 230 740 256 Ei
757 230 806 264 ἐμὲ

12 274 113 305 οἴδατε,
127 273 174 300 καὶ
187 274 233 299 τὸν
250 274 360 309 Πατέρα
376 283 426 309 μου
440 275 540 306 οἴδατε,
566 285 575 300 ι
591 275 648 307 καὶ,
668 275 742 301 Ἐπεὶ
756 275 806 310 ἐμὲ

12 319 113 351 οἴδατε,
127 318 174 344 καὶ
190 318 234 345 τὸν
249 318 358 354 Πατέρα
376 328 427 354 μου
441 319 539 347 οἴδατε.

857 229 1000 264 iuvarique
1017 230 1051 257 ab
1068 231 1138 265 ipso,
1167 230 1253 265 primo
1272 229 1369 264 gradu,
1397 237 1445 256 ceu
1468 237 1548 264 agno,
1570 235 1598 256 ut
1620 230 1646 256 in

859 274 954 308 primis
971 275 1047 302 tollat
1063 281 1201 310 peccatum
1218 281 1340 302 nostrum
1354 275 1375 291 '“
1393 283 1401 307 ;
1415 282 1446 302 ac
1463 280 1558 309 postea
1573 275 1648 309 puri-

859 319 931 348 ﬁcati
949 323 1123 349 eomedamus
1140 322 1225 357 ipsius
1243 330 1366 354 carnem,
1382 329 1479 354 nempe
1496 329 1589 348 verum
1606 321 1647 348 εἰν

12 366 97 393 bum:
114 373 230 400 cumque
250 366 312 400 quis
332 366 488 400 diligentius
509 370 694 400 perscrutatus
715 365 798 393 fuerit
829 366 872 394 his
898 369 1020 402 proxima
1043 370 1260 404 perceperilque,
1293 369 1357 396 illud
1376 368 1493 395 audiet:
1510 376 1520 393 ε
1552 367 1581 394 Si
1602 373 1647 395 mo

12 412 135 444 sciretis,
159 417 186 439 et
205 412 313 439 Patrem
337 420 425 439 mcum
444 413 550 440 sciretis
572 413 595 429 ⁷³
612 423 618 446 ;
633 423 642 439 ι
661 418 702 441 et:
722 413 854 446 Quoniam
872 422 916 442 me
931 417 1016 448 scitis,
1030 422 1057 443 et
1074 416 1181 443 Patrem
1200 423 1288 444 meum
1302 417 1390 444 scitis.

43 457 71 484 2.
93 466 104 483 ί
123 457 218 484 Ταῦτα
232 457 265 484 τὰ
286 458 396 493 ῥήματα
415 457 544 493 ἐλάλησεν
558 458 586 484 ὲν
600 457 638 493 τῷ
654 457 807 492 γαζοφυλα-

13 504 74 539 κὶῳ,
89 503 224 530 διδάσκων
236 504 265 529 ἐν
280 504 318 538 τῷ
334 503 408 539 ἱερῷ,
423 504 470 530 καὶ
486 504 573 536 οὐδεὶς
590 504 702 531 ἐπίασεν
714 504 804 536 αὑτὸν,

12 549 51 575 ὅτι
68 548 147 575 οὔπω
166 548 289 584 ἐληλύθει
312 549 328 585 ή
350 548 410 584 ὥρα
428 549 523 575 αὑτοῦ·
543 559 552 575 ι
566 549 598 576 Εἰ
618 550 654 585 μή
671 558 697 576 τι
711 551 806 585 χρήσι-

15 603 61 629 μον
77 592 112 630 ἦν
131 594 228 629 μαθεῖν
251 596 283 622 ὲκ
306 595 352 622 τοῦ
375 595 409 622 τὰ
427 596 611 631 προειρημένα
635 596 805 631 ἀπηγγέλθαι

15 641 63 666 ὑπο
78 640 128 667 τοῦ
146 641 272 677 Σωτῆρος
287 642 334 668 καὶ
348 641 511 676 λελαλῆσθαι
523 641 578 677 (15)
594 643 623 668 ὲν
637 642 675 677 τῷ
689 641 806 676 γαζοφυ-

15 686 107 721 λακίῳ,
124 687 176 713 οὐκ
191 687 224 713 ἂν
237 687 406 723 προσέθηκεν
426 688 440 714 ὁ
461 688 663 723 Εὑαγγελιστὴς
675 686 716 720 οἶς
731 687 806 715 εἷπεν

13 733 27 758 ὸ
46 732 163 768 Ἰησοῦς,
179 733 219 760 τό·
242 743 251 758 ‹
271 733 363 760 Ταῦτα
383 733 418 760 τὰ
440 734 549 770 ῥήματα
573 734 702 770 ἐλάλησεν
723 735 752 761 ὲν
767 734 806 770 τῷ

15 778 207 814 γαζοφυλακίῳ
229 779 363 805 διδάσκων
377 780 406 805 ὲν
421 779 461 815 τῷ
475 779 550 815 ἱερῷ·
576 788 586 805 ι
607 781 654 806 καὶ
670 780 804 815 πανταχοῦ

894 459 922 486 2.
940 468 950 486 ‹
969 460 1029 488 llazc
1047 462 1128 488 verba
1144 460 1253 488 loculus
1283 465 1326 488 est
1342 461 1368 488 in
1389 460 1584 496 gazophylacio
1598 460 1650 488 deo

859 512 924 532 cens
939 505 965 532 in
983 506 1083 540 templo
1103 515 1110 533 :
1134 510 1161 532 et
1181 506 1269 533 nullus
1292 515 1354 534 eum
1370 506 1557 541 apprehendit,
1575 507 1645 541 quod

860 551 979 578 nomium
1010 556 1123 578 venerat
1141 551 1208 578 hora
1224 551 1281 585 ejus
1301 552 1335 577 ⁷³.
1361 561 1370 577 ι
1395 551 1449 578 Nisi
1469 551 1558 585 aliqua
1574 556 1646 578 esset

860 596 975 629 utilitas.
993 604 1026 624 eo
1043 597 1114 631 quod
1131 597 1258 631 przedieta
1277 596 1400 623 nuntiata
1421 595 1498 623 luere
1520 603 1553 623 ac
1573 596 1645 623 dicta

859 649 873 668 a
887 641 1035 670 Servatore
1051 643 1077 669 in
1092 641 1298 677 gazophylacio,
1313 640 1522 675 haudquaquam
1536 641 1645 668 additu-

859 695 905 714 rus
914 687 1002 715 !ueral
1013 688 1179 723 evangelista
1193 688 1234 715 his
1249 695 1309 722 qua;
1324 687 1428 714 dixerat
1441 685 1540 714 Jesus:
1560 694 1568 709 ι
1583 686 1647 714 Haec

858 735 941 761 verba
962 734 1067 762 loeutus
1084 740 1125 762 est
1142 735 1167 761 in
1199 733 1391 769 gazophylacio
1414 733 1513 760 docens
1534 732 1560 759 in
1578 738 1646 759 teni.

860 780 904 814 plo
918 790 924 814 ;
941 790 950 807 ι
968 786 995 807 et
1015 781 1173 817 frequenter
1186 781 1231 807 ubi
1247 779 1356 807 additur
1371 788 1377 806 :
1393 779 1456 806 Haze
1471 778 1552 806 verba
1568 779 1645 805 locn-

15 832 44 858 γε
57 825 123 850 ὅπου
134 825 306 860 πρόσκειται·
322 824 414 852 Ταῦτα
430 825 466 852 τὰ
479 826 588 861 ῥήματα
601 825 618 852 ἃ
635 825 765 861 ἐλάλησεν
778 826 806 852 ὲν

894 836 901 854 ς
916 831 957 854 est
974 828 1000 854 in
1020 827 1064 853 tali
1082 827 1153 857 loco.
1172 827 1194 854 si
1217 826 1390 861 indagaveris
1407 825 1551 857 rationem,
1568 825 1646 850 inve-

16 866 63 903 ᾧδὲ
72 879 124 897 τινι
139 871 224 906 τόπῳ,
239 871 388 906 ἐπιστήσας
399 871 527 906 εὑρήσεις
539 870 569 898 τὸ
580 871 630 906 τῆς
648 869 806 907 προσθήκης

16 915 132 950 εὔλογον.
153 917 201 944 Ἴν¹
228 914 275 943 οὖν
299 916 381 952 νοηθῇ
402 916 428 942 τί
451 916 482 942 τὸ
503 916 532 943 ὲν
554 916 593 951 τῷ
616 915 806 952 γαζοφυλακίῳ

17 961 97 988 ταῦτα
113 961 149 988 τὰ
164 962 274 997 ῥήματα
285 962 319 988 τὰ
333 962 386 988 ὑπὸ
400 961 446 988 τοῦ
470 961 557 996 Ἰησοῦ
569 961 704 997 εἰρῆσθαι,
718 970 807 997 παρα-

19 1007 154 1043 Θησόμεϐα
174 1007 246 1044 ἅπερ
268 1008 322 1034 ἀπὸ
339 1008 432 1034 Λουκᾶ
446 1008 493 1034 καὶ
513 1008 627 1043 Μάρκου
646 1007 807 1042 μεμαθήκα-

21 1061 76 1087 μεν,
101 1053 295 1088 ὀνομασάντων
317 1053 348 1080 τὸ
369 1052 578 1087 γαζοφυλάκιον·
605 1053 658 1079 ἀπὸ
683 1053 731 1088 μὲν
759 1052 805 1078 τοῦ

18 1099 105 1125 Λουκᾶ
130 1099 228 1126 ταῦτα·
248 1107 257 1125 t
281 1099 450 1133 Ἀναϐλέψας
474 1099 502 1125 δὲ
528 1099 567 1130 είς
583 1099 646 1129 τοὺς
663 1098 806 1133 βάλλοντας

19 1144 54 1175 εἰς
69 1144 98 1170 τὸ
114 1144 317 1179 γαζοφυλάκιον
330 1144 364 1171 τὰ
380 1145 453 1181 δῶρα
477 1144 567 1171 αὐτῶν
579 1144 733 1176 πλουσίους,
753 1142 806 1169 εἶδέ

20 1198 74 1215 τινα
89 1190 177 1226 χήραν
189 1190 321 1226 πενιχρὰν
338 1190 487 1225 βάλλουσαν
495 1189 580 1217 λεπτὰ
594 1189 650 1221 δύο,
666 1189 712 1215 καὶ
719 1186 804 1214 εἶπεν·

26 1236 138 1271 Ἀληθῶς
152 1236 224 1270 λέγω
231 1237 246 1263 ὑ
251 1239 307 1272 μῐν,
323 1237 365 1263 ὅτι
382 1238 398 1272 ἡ
412 1238 484 1272 χήρα
501 1237 517 1272 ἡ
532 1236 626 1271 πτωχὴ
638 1235 707 1270 αὕτη
716 1234 806 1261 πλεῖον

22 1282 122 1308 πάντων
136 1281 227 1308 ἕδαλε’
238 1283 337 1313 πάντες
353 1282 408 1318 γὰρ
416 1279 488 1308 οὗτοι
498 1282 530 1308 ἑκ
545 1280 591 1307 τοῦ
601 1280 807 1316 περισσεύοντος

23 1328 105 1359 αὐτοῖς
116 1327 212 1354 ἔϐαλον
227 1329 266 1359 είς
284 1327 317 1354 τὰ
333 1327 407 1363 δῶρα
425 1328 472 1354 τοῦ
488 1326 565 1354 Θεοῦ·
584 1326 653 1361 αὕτη
672 1326 699 1352 δὲ
715 1327 747 1352 ἐκ
760 1325 806 1352 τοῦ

23 1372 200 1408 ὑστερήματος
210 1373 293 1408 αὐτῆς
300 1373 388 1400 πάντα
394 1373 439 1399 τὸν
447 1373 504 1408 βίον
510 1372 619 1407 ἑαυτῆς,
627 1372 655 1398 ὃν
661 1369 732 1407 εἶχεν
740 1371 805 1405 (16),

24 1419 119 1445 ἔϐαλεν.
148 1429 158 1445 ι
176 1419 243 1447 Ἀπὸ
259 1419 287 1446 δὲ
303 1419 351 1446 τοῦ
369 1419 440 1446 κατὰ
452 1419 575 1454 Μάρκον⁸
595 1427 604 1444 t
626 1418 681 1444 Καὶ
696 1417 780 1449 ἑστὼς
793 1418 806 1444 ὁ

24 1464 119 1499 Ἰησοῦς
129 1465 273 1492 κατέναντι
282 1465 328 1492 τοῦ
343 1465 544 1500 γαζοςρυλακίου
557 1463 677 1500 ἐθεώρει,
690 1464 736 1489 καὶ
753 1463 807 1494 πᾶς

859 873 919 900 nies
932 873 1004 907 quod
1021 873 1056 899 sit
1072 873 1108 899 illi
1126 873 1310 899 additamento
1326 876 1524 898 consentanea.
1541 869 1575 898 Ut
1596 869 1646 904 igi-

858 923 902 946 tur
918 919 1087 953 intelligatur
1104 918 1218 952 aliquid,
1236 925 1321 952 quare
1345 925 1359 943 a
1376 916 1438 943 Jcsu
1459 915 1530 942 dicta
1546 914 1646 941 fuerint

858 963 915 990 btee
932 964 1014 990 verba
1036 963 1062 990 in
1080 962 1285 997 gazophylacio,
1308 968 1476 996 apponemus
1497 968 1529 986 ea
1553 967 1612 994 qua
1630 967 1646 986 θ

858 1009 928 1036 Luca
943 1014 969 1036 ct
988 1009 1079 1035 Marco
1096 1009 1253 1040 didicimus,
1273 1008 1318 1041 qui
1335 1007 1498 1034 mentionem
1513 1006 1648 1041 gazophy-

859 1055 919 1081 lacii
937 1055 1068 1081 fecerunt.
1085 1055 1117 1081 Et
1133 1055 1189 1081 haec
1205 1053 1312 1088 quidem
1328 1052 1407 1080 Lucae
1420 1057 1482 1079 sunt
1501 1052 1583 1078 verba
1598 1051 1644 1078 "z

861 1108 870 1125 ι
889 1099 1046 1133 Respiciens
1063 1106 1152 1126 autem
1172 1099 1198 1125 in
1213 1099 1311 1125 divites
1332 1105 1444 1124 tnnnera
1460 1105 1507 1123 sua
1525 1097 1551 1123 in
1568 1103 1646 1131 gazo-

858 1145 1012 1179 phylacium
1032 1145 1182 1177 mittentes,
1205 1144 1272 1170 vidit
1291 1143 1481 1178 pauperculam
1498 1142 1644 1176 quamdam

859 1192 966 1218 viduam
982 1191 1133 1217 mittentem
1150 1191 1252 1217 minuta
1274 1191 1336 1221 duo,
1352 1195 1379 1217 et
1398 1190 1466 1216 dixit
1481 1199 1486 1216 :
1505 1189 1573 1216 Vcre
1585 1190 1646 1216 dico

858 1237 936 1263 vobis
952 1235 1021 1263 hanc
1035 1243 1180 1270 pauperem
1195 1236 1301 1263 viduam
1319 1236 1379 1269 plus
1393 1243 1474 1270 quam
1490 1242 1584 1262 onnies
1598 1235 1647 1262 mi-

858 1281 926 1308 sisse
940 1291 945 1308 :
961 1290 1022 1308 nam
1039 1289 1136 1308 omnes
1153 1282 1179 1308 hi
1194 1289 1226 1309 ex
1238 1289 1270 1309 eo
1285 1282 1355 1316 quod
1370 1281 1421 1308 sibi
1438 1281 1582 1311 redundat,
1595 1281 1647 1307 mi-

858 1333 951 1354 serunt
973 1328 999 1354 in
1018 1328 1087 1354 dona
1122 1327 1189 1359 Dei;
1213 1327 1271 1355 haec
1298 1332 1387 1353 autem
1410 1334 1441 1353 ex
1462 1327 1573 1361 penuria
1596 1334 1645 1353 sna

858 1374 1014 1400 universam
1036 1373 1218 1400 substantiam
1240 1380 1329 1404 suam,
1353 1380 1434 1407 qualn
1450 1371 1577 1402 habebat,
1596 1370 1646 1396 nti-

858 1420 901 1447 sit.
924 1430 933 1446 ι
955 1419 1037 1446 Marci
1055 1428 1119 1447 vero
1133 1419 1215 1446 verba
1231 1419 1271 1446 sic
1287 1426 1315 1446 se
1332 1419 1432 1445 habent
1450 1418 1472 1434 "
1487 1427 1493 1444 :
1514 1427 1522 1442 ε
1538 1417 1570 1449 Et
1584 1424 1644 1442 cum

858 1465 965 1491 sederet
990 1464 1070 1492 Jesus
1096 1472 1129 1491 cx
1155 1465 1271 1492 adverso
1287 1462 1486 1498 gazophylacii.
1503 1461 1646 1496 spectabat

23 1510 107 1537 Ῑδαλλε
120 1512 176 1547 (Π)
193 1511 294 1547 χαλκὸς
318 1510 348 1547 [ι.
364 1510 475 1547 χαλκὸν]
497 1512 536 1543 είς
553 1510 583 1537 τὸ
597 1509 805 1544 γαζοφυλάκιον,

897 1511 996 1537 οιιιο‹Ιο
1011 1510 1154 1537 multitudo
1171 1510 1292 1537 mitteret
1304 1517 1341 1536 ωε
1355 1509 1380 1535 iu
1400 1507 1622 1543 gazophylacium
1637 1515 1645 1534 :

25 1556 65 1583 καὶ
78 1557 167 1584 ττολλο)¹
183 1557 306 1584 πλούσιοι
327 1557 437 1584 ἐόαλλον
460 1556 554 1583 πολλά·
575 1555 688 1582 ἐλθοῦσα
707 1555 736 1581 δὲ
757 1554 807 1589 μία

25 1603 87 1638 χήρα
105 1602 198 1638 πτωχὴ
212 1602 292 1629 ἔϐαλε
306 1602 392 1629 λεπτὰ
402 1602 458 1634 δύο,
473 1603 487 1629 ὃ
503 1603 561 1628 ἐστι
576 1601 733 1636 κοδράντης
759 1600 807 1627 καὶ

26 1648 272 1684 προσκαλεσάμενος
288 1648 350 1680 τοὺς
368 1648 491 1683 μαθητὰς
505 1646 588 1674 αὐτοῦ
610 1645 686 1673 εἶπεν
703 1647 805 1678 αὐτοῖς·

27 1691 102 1728 Ἀμὴν
116 1694 188 1728 λέγω
205 1694 279 1730 ὑμῖν,
296 1694 336 1720 ὅτι
357 1695 374 1729 ἡ
385 1694 457 1729 χήρα
476 1694 493 1728 ὴ
514 1692 608 1728 πτωχὴ
629 1691 698 1728 αὓτη
716 1692 807 1720 πλεῖον

27 1739 124 1766 πάντων
139 1739 219 1766 ἔϐαλε
233 1739 288 1766 τῶν
313 1739 463 1775 βαλλόντων
483 1740 523 1771 εἰς
545 1738 576 1765 τὸ
595 1737 804 1772 γαζοφυλάκιον·

28 1784 116 1816 πάντες
125 1785 180 1821 γὰρ
191 1787 223 1812 ὲκ
238 1785 285 1812 τοῦ
303 1784 510 1822 περισσεύοντος
530 1785 622 1817 αὐτοῖς
637 1784 742 1811 ἔϐαλον·
756 1783 807 1810 αὕ-

28 1839 55 1865 τη
76 1831 101 1858 δὲ
117 1833 148 1858 ἐκ
170 1832 219 1867 τῆς
243 1831 416 1867 ὑστερήσεως
437 1831 522 1866 αὐτῆς
549 1831 638 1857 πάντα
661 1830 710 1856 ὅσα
735 1828 807 1865 εἶχεν

26 1874 121 1910 ἒῆαλεν,
146 1878 207 1904 ὅλον
225 1877 272 1904 τὸν
297 1876 354 1912 βίον
370 1877 464 1912 αὐτῆς.
485 1886 494 1902 ι
515 1876 547 1903 Τί
568 1876 596 1902 δέ
615 1885 662 1912 μοι
683 1876 806 1911 βούλεται

28 1922 41 1956 ἡ
55 1923 103 1949 τῶν
117 1924 205 1959 ῥητῶν
221 1922 372 1959 παράθεσις
383 1923 544 1958 τηρήσαντι,
557 1922 638 1949 ὅτιτὸ
655 1921 808 1956 γαζοφυλά-

29 1976 77 1994 κιον
89 1970 115 1995 ὲν
133 1970 172 2004 τῷ
187 1968 252 2005 ἱερῷ
262 1967 307 2005 ἦν,
322 1968 392 2004 ὑπὲρ
401 1968 447 1995 τοῦ
457 1968 550 2004 νοῆσαι
560 1967 609 2003 τὴν
624 1967 807 2003 προκειμένην

29 2010 68 2037 τοῦ
86 2013 206 2040 Ἰωάννου
222 2012 305 2045 λέξιν,
331 2013 380 2048 ἤδη
401 2012 525 2048 λέξομεν.
548 2013 580 2039 Ei
604 2012 635 2038 τὸ
659 2013 729 2048 ἱερὸν
751 2012 806 2048 (l8)

30 2057 151 2094 ἀνάγομεν
178 2058 226 2086 τοῦ
251 2058 331 2090 Θεοῦ,
353 2059 399 2085 καὶ
427 2058 497 2085 κατὰ
520 2059 566 2085 τὸν
584 2058 657 2090 ναὸν,
684 2058 740 2085 εἴτε
762 2058 808 2085 τὸν

32 2105 200 2138 πλευματικδν
223 2105 312 2139 λόγον,
330 2104 418 2140 τούτῳ
435 2103 589 2136 ἀκολούθως
611 2104 658 2131 καὶ
682 2104 713 2130 τὸ
726 2105 754 2130 ἐν
768 2103 808 2139 τῷ

32 2148 86 2184 ἱερῷ
104 2150 303 2185 γαζοφυλάκιον
325 2151 547 2186 κατανοήσωμεν,
562 2151 631 2185 ὅπερ
651 2150 709 2176 ἐστὶ
726 2150 807 2181 τόπος

31 2196 190 2230 νομισμάτων
208 2197 248 2228 εἰς
264 2196 347 2231 τιμὴν
363 2195 430 2222 Θεοῦ
451 2195 497 2222 καὶ
512 2195 667 2231 οἰκονομίαν
683 2195 806 2222 ἀναπαύ-

32 2247 90 2271 σεως
100 2242 219 2277 πενήτων
236 2241 475 2277 προσφερομένων.
490 2241 531 2267 Τὰ
539 2241 567 2268 δὲ
581 2241 736 2276 νομίσματα
746 2240 807 2267 τίνα

33 2283 59 2310 ἂν
72 2286 109 2321 εἴη
123 2287 138 2322 ἦ
152 2288 176 2314 οἱ
188 2287 253 2314 θεῖοι
269 2287 343 2321 λόγοι
359 2286 407 2322 τὴν
426 2286 518 2313 εἰκόνα
528 2286 574 2313 τοῦ
598 2286 714 2321 μεγάλου
732 2285 807 2320 βασι-

33 2328 90 2362 λέως
101 2333 320 2368 ἐντετυπωμένην
339 2332 455 2367 ἔχοντες,
476 2332 528 2359 ὑπὸ
547 2332 665 2367 δοκίμων
677 2331 807 2366 τραπεζι-

34 2376 78 2402 τῶν
102 2377 287 2415 θεωρούμενοι,
315 2379 368 2405 τῶν
391 2378 517 2414 χωρίζειν
538 2377 728 2413 ἐπισταμένων
753 2377 807 2404 ἀπὸ

34 2420 78 2448 τῶν
91 2422 202 2459 δοκίμων
218 2424 253 2451 τὰ
266 2424 392 2459 ἀδόκιμα,
409 2423 631 2460 προσποιούμενα
643 2423 671 2450 δὲ
680 2421 747 2449 εῖναι
767 2423 807 2449 δό-

857 1560 885 1582 et
899 1556 974 1582 multi
992 1555 1091 1582 divites
1106 1555 1247 1582 mittebant
1266 1554 1347 1581 multa
1361 1562 1368 1587 ;
1383 1561 1444 1579 cum
1460 1552 1580 1579 venisset
1598 1559 1642 1578 au-

859 1606 911 1629 tem
927 1602 1051 1636 qumdam
1064 1601 1144 1628 vidua
1162 1609 1274 1636 pauper,
1289 1599 1364 1627 misit
1380 1599 1481 1626 minuta
1497 1599 1561 1630 duo,
1574 1596 1646 1632 quod

858 1653 899 1675 est
926 1648 1064 1682 quadrans
1088 1655 1096 1680 ;
1120 1648 1278 1682 vocatisque
1298 1647 1332 1673 ad
1355 1653 1385 1673 se
1404 1645 1488 1681 289
1507 1643 1647 1678 discipulis

858 1695 925 1727 suis,
941 1695 1007 1721 dicit
1024 1693 1079 1720 illis
1094 1703 1102 1721 :
1120 1694 1204 1721 Amen
1221 1694 1280 1720 dico
1294 1693 1383 1726 vobis,
1405 1692 1469 1727 quia
1487 1691 1569 1718 vidua
1588 1690 1646 1717 haec

859 1748 959 1775 panper
974 1741 1034 1775 plus
1048 1740 1122 1767 misit
1137 1746 1218 1773 quam
1235 1745 1332 1765 omnes
1345 1737 1392 1772 qui
1406 1738 1539 1764 miserunt.
1554 1737 1580 1763 in
1597 1742 1646 1770 ga-

859 1786 1048 1821 zophylacium
1065 1796 1072 1813 :
1086 1793 1148 1812 nam
1175 1791 1272 1812 omnes
1289 1791 1323 1810 ex
1344 1791 1376 1811 eo
1391 1783 1463 1817 quod
1479 1782 1532 1809 illis
1547 1788 1645 1814 super-

858 1838 928 1864 erat,
945 1833 1077 1860 miserunt
1090 1841 1097 1864 ;
1110 1837 1139 1858 at
1164 1831 1225 1858 hazc
1241 1838 1256 1858 e
1273 1829 1385 1865 penuria
1400 1836 1448 1856 sua
1465 1828 1555 1855 omnia
1573 1835 1647 1862 quaa-

858 1887 965 1914 cuuqne
985 1877 1115 1910 habebat,
1131 1877 1216 1909 misit,
1234 1880 1317 1904 totam
1332 1874 1514 1903 substantiam
1528 1881 1616 1901 suam.
1635 1883 1645 1898 ι

858 1925 927 1959 Quid
948 1929 1039 1952 autem
1060 1932 1110 1959 ego
1128 1922 1207 1950 velint
1228 1922 1377 1949 observans
1403 1920 1568 1947 additionem
1586 1926 1649 1946 ver-

859 1970 966 2003 borum,
983 1978 1081 2005 nempe
1096 1970 1168 2005 quod
1183 1967 1407 2004 gazophylacium
1423 1971 1483 1992 erat
1497 1965 1522 1992 in
1538 1964 1647 1999 templo,

859 2024 907 2051 pro
924 2016 1102 2050 intelligentia
1122 2018 1269 2042 contextus
1288 2012 1413 2045 Joannis,
1428 2019 1482 2046 quo
1496 2011 1528 2037 de
1544 2011 1646 2044 agitur,

856 2061 911 2096 jam
928 2061 1060 2088 dicemus.
1077 2060 1140 2088 Sive
1162 2058 1290 2094 templum
1310 2058 1368 2090 Dei,
1385 2062 1412 2085 et
1427 2064 1487 2092 qua:
1506 2056 1532 2083 in
1548 2055 1648 2089 templo

859 2112 932 2140 sunt,
945 2113 1026 2133 sensu
1043 2105 1192 2140 anagogico
1206 2103 1378 2138 exponimus,
1395 2103 1453 2129 sive
1475 2100 1647 2135 spiritualem

859 2158 1025 2184 sermonem,
1033 2151 1097 2178 huic
1107 2154 1308 2184 consequenter
1318 2147 1540 2183 gazophylacium
1553 2146 1647 2179 etiam,

860 2197 933 2232 quod
952 2197 978 2223 in
998 2196 1097 2230 templo
1122 2200 1193 2227 erat,
1220 2195 1365 2230 diligenter
1390 2192 1647 2221 considet-abiturus:

859 2243 931 2276 quod
948 2242 1056 2276 quidem
1081 2240 1304 2275 gazophylacium
1320 2239 1395 2266 locus
1410 2246 1471 2265 cum
1486 2237 1521 2264 sit
1542 2237 1649 2264 nomis-

861 2292 977 2319 matum,
994 2295 1054 2321 quae
1075 2286 1226 2314 oﬂ‘eruntur
1243 2287 1276 2313 ad
1293 2287 1423 2313 honorem
1438 2284 1485 2311 Dei
1502 2288 1529 2310 et
1546 2283 1579 2310 ad
1593 2282 1651 2309 dis-

860 2333 1049 2368 pensationem
1067 2332 1168 2366 requiei
1183 2338 1344 2366 pauperum,
1361 2331 1425 2365 quid
1440 2329 1512 2356 aliud
1524 2333 1586 2355 sunt
1599 2336 1651 2354 nn-

861 2379 988 2408 mismata
1002 2377 1174 2412 quamdivini
1186 2384 1326 2404 sermones
1338 2376 1482 2410 imaginem
1495 2376 1584 2408 magni
1597 2374 1650 2400 Ro-

861 2423 904 2458 gis
921 2424 1081 2457 impressam
1096 2423 1237 2454 habentes,
1255 2421 1300 2456 qui
1317 2421 1528 2448 considerantur
1541 2428 1557 2447 a
1572 2426 1649 2447 mett-

65 2515 166 2546 ηοω.
184 2527 206 2556 ι,
225 2519 267 2547 29.
307 2520 330 2535 ⁷²
342 2518 420 2546 Joan.
435 2526 493 2551 vui,
508 2518 551 2545 l9.
590 2518 612 2534 ⁷³
626 2517 689 2545 ibid.
705 2517 750 2544 ΞΟ.
788 2517 806 2533 ⁷⁸

906 2523 964 2549 xxi,
978 2516 1005 2548 1,
1023 2515 1040 2542 ’Ξ
1063 2522 1121 2549 seq.
1159 2515 1183 2531 ⁷⁸
1203 2515 1285 2542 Marc.
1308 2522 1356 2548 xu,
1370 2514 1401 2541 Η
1416 2522 1474 2550 seq.

69 2596 117 2632 (l4)
131 2598 219 2627 Codex
235 2599 411 2632 Bodleianus,
426 2599 572 2626 ἀκούσεται
582 2607 588 2615 ’
608 2599 719 2634 Regius,
731 2599 809 2626 ἁκού-

41 2637 72 2656 es:
87 2641 121 2664 τε,

69 2667 116 2705 (115)
144 2669 197 2696 Καὶ
224 2668 422 2702 λελαλτῆσϐαι.
450 2669 479 2696 In
505 2669 596 2697 codice
623 2669 707 2705 [legio
731 2670 807 2696 deest

42 2701 88 2740 καί,
99 2705 139 2740 sed
155 2705 251 2740 legitnr
270 2705 295 2731 in
310 2701 466 2731 Bodleiano.

71 2737 118 2770 illi)
137 2737 292 2773 Ὂνῗεῖκεν.
308 2740 356 2766 Ὃν
377 2740 481 2766 excidit.
499 2746 514 2766 e
538 2739 631 2766 codice
647 2739 744 2772 Regio,
760 2739 806 2766 sed

43 2775 117 2798 exstat
133 2773 156 2799 in
172 2774 329 2801 Bodleiano.

71 2805 118 2838 (lii
128 2809 177 2835 Καὶ
190 2809 249 2842 πᾶς
264 2809 382 2838 ἔϐαλλε,
399 2809 443 2836 Sic
454 2809 554 2836 habent
565 2808 672 2835 codices
684 2809 806 2835 Bodleia—

46 2845 85 2866 aus
97 2846 121 2868 et
135 2843 306 2873 liarbcrinus.
325 2846 369 2873 ubi
389 2845 489 2880 [legitis
506 2851 648 2880 perperam
664 2845 745 2872 habet
760 2844 805 2871 καὶ

863 2598 948 2624 ’πᾶσιν
977 2596 1082 2623 ἔὸαλλε.
1105 2595 1216 2630 Vulgata
1241 2595 1324 2622 Marci
1354 2595 1520 2630 exemplaria
1543 2593 1650 2627 Graeca,

860 2633 918 2664 πῶς
938 2634 952 2659 ὁ
964 2633 1041 2667 ὅχλος
1053 2631 1152 2666 βάλλει.

879 2662 937 2700 (l8)
955 2662 996 2693 Ιῗῖ
1012 2662 1152 2700 τὲιίερόν,
1169 2671 1221 2692 etc.
1246 2665 1337 2693 Codex
1364 2665 1536 2696 Bodleianus,
1551 2665 1604 2690 εἴτε
1621 2662 1653 2700 {ab

862 2698 1013 2736 ίε’ρόν,(ἰε.
1038 2698 1181 2729 Ferrarius
1195 2701 1303 2727 videtur
1324 2701 1421 2736 legisse
1447 2699 1502 2736 εἴτε
1524 2699 1558 2736 τδᾼ
1580 2699 1652 2736 ἱερδν

859 2733 996 2772 ἀνάγομεν
1017 2736 1064 2772 τοῦ
1080 2736 1157 2769 Θεοῦ,
1175 2736 1221 2772 καὶ
1236 2736 1269 2762 τὰ
1294 2733 1361 2772 κατά
1378 2735 1422 2762 τὸν
1439 2735 1512 2772 ναὸν,
1531 2734 1585 2772 εἴτε
1605 2733 1652 2772 τρν

861 2768 1152 2807 πνευματικὸνηλόγοῃ
1180 2771 1331 2807 Legundnm
1350 2771 1465 2807 fortasse
1525 2768 1652 2807 ’τὺ-ἱεροῖο

859 2803 995 2842 ἀνάγομεν
1015 2805 1061 2832 τοῦ
1087 2803 1152 2832 (εἱεοῦ
1178 2806 1223 2832 καὶ
1240 2805 1272 2832 τὰ
1299 2807 1369 2832 κατὰ
1392 2805 1435 2831 τὸν
1463 2804 1525 2832 ναὺν
1547 2804 1586 2834 εἰς
1605 2803 1652 2829 τὸν

861 2841 1047 2877 πνευματικὸν
1063 2841 1150 2875 λόγον.
