1853 3050
57 115 99 144 5M

558 113 736 142 COMMENT.
758 113 790 140 ΙΝ
810 113 906 142 ΙΟᾹΝ.
925 113 1045 142 TOMUS
1063 114 1138 142 XIX.

1618 115 1671 142 ωε

55 173 218 209 πράττουσιν,
246 172 285 199 ὅτι
315 172 404 198 πάντα
425 171 443 199 ἃ
467 172 607 207 δεδύνηται
632 172 732 207 πεποίη

895 181 941 200 ton
955 173 1072 200 debeant
1089 176 1185 200 contra
1206 178 1253 199 eos
1271 171 1317 206 qui
1335 171 1439 205 judicio
1453 171 1592 198 hominum
1610 178 1672 201 stitit

53 220 148 251 ἐκεῖνος
169 219 199 245 οὐ
222 219 310 245 πάντα
333 217 389 251 οἷός
412 228 440 246 τε
460 217 495 255 ἦν
518 219 691 246 ἀπαιτεῖσθαι
709 219 763 246 ἀπὸ
786 219 833 245 τοῦ

50 267 131 299 Λόγου
147 265 164 292 ἃ
177 265 345 292 ἀποδέδωκεν
371 265 450 300 (24⁸).
475 265 632 299 ’Δνέϐλεψεν
648 262 694 291 οὖν
711 265 751 295 εἰς
771 263 834 295 τοὺς

51 311 189 346 βάλλοντας
204 311 244 342 εἰς
256 310 287 336 τὸ
300 310 499 345 γαζοφυλάκιον
512 310 546 336 τὰ
557 309 631 345 δῶρα
647 308 738 336 αὐτῶν
753 309 834 336 πλου-

51 356 118 387 σίους
132 356 147 382 ό
173 355 284 390 Ἰησοῦς·
301 356 347 382 καὶ
361 355 422 382 ἰδὼν
439 356 489 391 τὴν
505 355 637 391 πενιχρὰν
653 354 834 390 χήρανλεπτὰ

49 400 177 436 βαλοῦσαν
197 400 253 436 (25)
270 400 332 432 ᾶὺο,
343 401 414 436 τάχα
427 400 465 435 τῷ
479 400 620 435 γνωστικῷ
641 400 716 435 τόπῳ
729 401 776 427 καὶ
794 400 833 435 τῷ

48 446 187 482 πρακτικῷ
211 446 393 482 ἁπλούστερον
419 446 553 482 περὶτῶν
572 446 652 473 θείων
671 445 830 481 φρονοῦσαν,

46 493 88 519 καὶ
102 492 233 526 ἀνάλογον
246 491 352 523 τούτοις
376 491 496 526 βιοῦσαν,
511 489 597 518 εἶπενο
618 502 628 517 ι
653 491 771 526 Ἀληθῶς
788 491 831 518 λέ-

45 549 82 572 γω
98 539 172 574 ὑμῖν,
187 539 228 565 ὅτι
243 539 260 574 ἡ
276 540 348 574 χήρα
371 541 387 574 ή
414 540 508 575 πτωχὴ
525 539 594 575 αὕτη
618 540 709 566 πλεῖον
723 539 832 565 πάντων

43 585 128 611 Ξῖαλε.
151 594 160 610 ι
174 584 228 610 Καὶ
253 585 332 611 τοῦτο
351 583 411 611 εἷπε
436 585 492 620 (26)
510 585 633 621 καθορῶν
651 585 712 612 τίνα
732 584 832 618 τρόπον

44 629 258 655 πολλαπλασίονα
288 629 431 665 δυνάμενοι
458 631 551 666 φέρειν
578 631 618 662 εὶς
637 630 668 657 τὸ
688 630 786 661 κοινὸν,
806 630 831 657 ol

41 675 99 701 ὅσον
116 676 164 701 ὲπὶ
178 676 210 710 τῇ
231 675 344 710 δυνάμει
364 676 486 703 πλούσιοι
504 677 536 703 ἐκ
552 676 600 703 τοῦ
622 676 831 712 περισσεύοντος

41 719 129 750 αὐτοῖς
142 719 237 746 ἔϐαλον
249 720 289 751 είς
304 719 337 746 τὰ
354 720 428 756 δῶρα
443 720 490 747 τοῦ
509 721 578 747 Θεοῦ
614 721 754 756 ἐλάχιστον
773 721 829 756 (27)

41 763 132 798 μόριον
148 762 186 790 ὧν
200 761 251 790 οἷοί
265 773 294 791 τε
309 762 379 799 ἦσαν
392 765 589 800 συνεισφέρειν.
601 766 734 792 Κατανόει
743 765 772 791 δὲ
784 765 830 792 καὶ

38 807 72 833 τὰ
94 807 145 842 τῆς
166 809 254 843 χήρας
272 809 461 845 ὑστερήματα,
479 810 526 836 καὶ
542 810 582 836 ὅτι
598 809 750 845 βιασαμένη
764 811 828 837 ἑαυ-

37 853 84 888 τὴν
106 853 197 880 πάντα
216 853 245 880 ὃν
263 851 336 889 εἶχεν
358 855 416 890 βίον
432 855 546 891 ἤνεγκεν
562 856 603 887 είς
623 855 653 882 τὸ
669 856 698 882 ὲν
708 855 747 890 τῷ
764 855 828 891 ἱερῷ
845 848 865 875 Β

37 897 248 932 γαζοφυλάκιον,
264 899 454 934 προσφέρουσα
465 901 554 927 πᾶσαν
568 899 618 935 τὴν
634 899 747 935 δύναμιν
763 901 828 926 ἑαυ-

33 943 83 977 τῆς
95 943 135 978 τῷ
145 943 215 978 Θεῷ.
234 944 289 970 Ἀεὶ
297 945 386 972 τοίνυν
395 946 410 972 ὁ
426 944 539 979 Ἰησοῦς,
555 945 625 972 κατὰ
642 946 690 980 μὲν
699 946 746 972 τὸν
761 947 829 972 Λου-

34 988 94 1019 κᾶν,
112 989 274 1016 ἀναϐλέπων
292 991 333 1022 εἰς
345 991 408 1022 τοὺς
420 990 564 1025 βάλλοντας
577 992 616 1023 εἰς
626 991 656 1017 τὸ
673 991 828 1026 γαζοφυλάη

33 1040 91 1059 xtov
106 1033 250 1065 πλουσίους
264 1034 298 1061 τὰ
312 1035 385 1070 δῶρα
402 1035 502 1068 αὐτῶν,
515 1036 565 1071 ὁρᾷ
575 1035 622 1062 καὶ
637 1037 685 1071 τὴν
697 1037 828 1072 πενιχρὰν

31 1077 119 1112 χήραν
141 1077 290 1112 βάλλουσαν
305 1078 392 1106 λεπτὰ
413 1079 468 1106 δύο·
495 1080 566 1106 κατὰ
588 1080 616 1106 δὲ
632 1080 677 1106 τὸν
703 1080 826 1116 Μάρκον,

31 1122 118 1155 ἑστὼς
139 1123 281 1150 κατέναντι
297 1124 343 1150 τοῦ
359 1124 558 1159 γαζοφυλακίου
577 1125 674 1160 θεωρεῖ
690 1125 750 1152 τίνα
766 1126 827 1161 τρό-

28 1177 80 1194 πον
97 1170 157 1200 πᾶς
170 1169 254 1202 ὁλαὺς
270 1170 360 1205 βάλλει
377 1171 446 1197 κατὰ
459 1171 573 1206 δύναμιν
593 1171 639 1197 τὸν
656 1171 749 1207 νοητὸν
764 1171 827 1206 χαλ-

28 1213 77 1239 κὸν
102 1215 146 1246 εἰς
163 1215 194 1241 τὸ
218 1214 428 1250 γαζοφυλάκιον·
453 1217 500 1243 καὶ
515 1217 553 1247 ὡς
575 1216 654 1251 μόνος
678 1216 826 1252 δυνάμενος

27 1259 144 1293 βλέπειν
173 1261 237 1293 τοὺς
264 1261 425 1294 πλουσίους,
452 1259 521 1288 εἶδεν
553 1259 597 1289 οἷά
630 1271 694 1289 ποτε
731 1263 824 1299 πτωχὴ

25 1305 100 1341 ψυχὴ
132 1307 183 1332 καὶ
207 1307 391 1343 ὑστερουμένη
425 1307 480 1344 (28)
510 1308 601 1343 βάλλει
626 1308 675 1344 ὅλῃ
702 1308 823 1344 δυνάμει,

24 1351 72 1377 καὶ
93 1351 143 1378 διὰ
164 1351 243 1378 τοῦτο
258 1353 314 1388 (29)
331 1353 506 1389 δικαιουμὲνη
529 1354 604 1389 παρὰ
626 1356 689 1386 τοὺς
711 1355 825 1388 πολλοὺς

24 1397 188 1429 πλουσίους.
207 1398 295 1434 "Amp
309 1399 340 1425 οὐ
352 1401 408 1430 τοῖς
420 1400 533 1435 τυχοῦσι
548 1400 631 1435 λέγει,
647 1401 703 1427 ἀλλ’
714 1401 751 1434 ὥς
770 1411 807 1438 φη

24 1450 66 1467 σιν
82 1443 98 1468 ὁ
115 1443 243 1478 Μάρκος,
264 1445 320 1476 τοῖς
343 1444 479 1480 μαθηταῖς
495 1445 595 1472 αὑτοῦ·
612 1447 660 1473 καὶ
685 1447 733 1474 νῦν
757 1448 822 1484 γὰρ,

20 1488 268 1542 προσ-καλούμενος
286 1490 350 1521 τοὺς
367 1490 490 1526 μαθητὰς
510 1491 604 1524 αὑτοῦ,
621 1492 695 1527 λέγει
710 1494 801 1526 αὐτοῖς
812 1514 820 1527 ,
835 1513 856 1542 C

18 1533 166 1561 διδάσκων
187 1535 306 1569 βλέπειν,
325 1537 374 1571 οὐχ
390 1537 428 1568 ὼς
452 1537 546 1572 ἅψεται
573 1538 735 1575 ἄνθρωπος,
764 1540 820 1567 ἀλλ’

17 1579 57 1611 ὡς
74 1579 180 1615 ὄψεται
195 1582 208 1607 ὁ
220 1581 286 1613 Θεὸς
307 1581 459 1618 (ἄνθρωπος
487 1583 542 1619 γὰρ
566 1584 661 1619 ὄψεται
682 1585 723 1617 εἰς
741 1586 824 1622 πρόσ-

20 1632 108 1657 ωπον,
122 1626 138 1652 ὁ
153 1625 183 1653 δὲ
199 1625 263 1659 Θεὸς
276 1626 371 1661 ὄψεται
381 1629 420 1659 εἰς
432 1628 568 1664 καρδίαν),
577 1629 616 1656 τό·
629 1639 638 1655 ι
651 1630 735 1665 Ἀμὴν
752 1631 823 1665 λέγω

15 1670 97 1704 ὑμῖν,
120 1671 166 1697 ὅτι
184 1672 200 1706 ἡ
218 1672 288 1707 χήρα
300 1673 316 1707 ἠ
327 1673 422 1709 πτωχὴ
435 1673 504 1709 αὕτη
520 1674 611 1701 πλεῖον
621 1675 729 1702 πάντων
743 1676 822 1703 ἔϐαλε

13 1716 72 1742 τῶν
91 1716 252 1751 βαλλόντων
274 1719 314 1750 είς
330 1718 360 1746 τὸ
374 1719 583 1753 γαζοφυλάκιον,
599 1729 608 1746 ι
626 1721 673 1747 καὶ
695 1721 729 1748 τὰ
748 1721 820 1757 ἑξῆς.

11 1763 34 1788 Τ
38 1762 46 1788 ί
60 1763 96 1798 δή
116 1771 169 1798 μοι
185 1763 271 1790 ταῦτα
283 1765 369 1791 πάντα
384 1764 518 1799 βούλεται,
532 1766 712 1801 προκειμένου
727 1767 823 1802 διηγή-

10 1808 121 1835 σασθαι
140 1808 186 1840 τὸ,
211 1818 219 1834 t
245 1808 335 1836 Ταῦτα
361 1810 395 1836 τὰ
420 1812 528 1846 ῥήματα
545 1811 564 1838 ἃ.
580 1811 708 1847 ἐλάλησεν
731 1813 760 1838 ἐν
782 1812 821 1848 τῷ

8 1853 231 1890 γαζοφυλακίῳ,
249 1855 383 1882 διδάσκων
397 1857 426 1883 ὲν
440 1857 478 1892 τῷ
494 1857 567 1893 ἱερῷ,
583 1866 593 1882 ι
608 1857 624 1893 ἢ
637 1858 819 1893 παραστῆσαι,

6 1902 52 1927 'c'rct
68 1901 195 1927 πάντων
214 1902 446 1937 συνεισφερόντων
469 1903 498 1929 ἐν
512 1902 551 1938 τῷ
564 1902 757 1938 γαζοφυλακίῳ
772 1903 819 1930 τοῦ

4 1946 88 1982 ἱεροῦ
118 1945 174 1973 τοῦ
198 1947 267 1983 ὑπὲρ
286 1947 334 1974 τοῦ
351 1947 440 1974 κοινοῦ
453 1947 486 1974 τὰ
502 1947 634 1983 θρέψοντα
653 1948 715 1979 τοὺς
727 1948 821 1983 δεομέ-

3 2000 87 2023 νους,
111 1991 221 2026 μᾶλλον
249 1992 357 2019 πάντων
379 1993 462 2028 ἐχρῆν
483 1993 529 2019 τὸν
547 1993 651 2028 Ἰησοῦν
667 1993 760 2029 φέρειν
785 1993 819 2020 τὰ

1 2037 224 2073 ὠφελήσαντα,
252 2038 324 2074 ἆπερ
350 2036 383 2074 ἦν
402 2039 512 2074 ῥήματα
535 2039 608 2075 ζωῆς
633 2039 753 2071 αἰωνίου,
771 2040 818 2067 καὶ

0 2081 187 2108 διδασκαλία
204 2082 220 2116 ἡ
233 2082 297 2117 περὶ
317 2082 395 2115 Θεοῦ,
409 2083 456 2110 καὶ
468 2083 583 2116 ἐαυτοῦς
601 2085 654 2111 Καὶ
672 2085 770 2117 παντός
786 2094 818 2120 γε

2 2127 197 2161 νομίσματος
209 2127 424 2164 τιμαλφέστερον
437 2127 471 2165 ἧν
484 2129 525 2161 τὸ,
539 2138 548 2154 t
569 2129 640 2163 Ἐγώ
651 2130 710 2164 εἰμι
721 2130 751 2156 τὸ
761 2130 818 2164 φῶς

0 2172 52 2198 τοῦ
73 2172 212 2207 κόσμου,
228 2183 237 2198 ι
264 2174 293 2199 ὲν
313 2174 352 2209 τῷ
370 2175 561 2210 γαζοφυλακίῳ
586 2176 744 2211 εἰρημένον,
770 2178 816 2204 καὶ
833 2185 853 2212 ι)

0 2219 42 2250 τὸ,
65 2228 76 2244 ι
95 2219 134 2245 Εἰ
160 2219 213 2253 ἐμὲ
228 2219 327 2255 ᾔδειτε,
343 2221 389 2247 καὶ
404 2221 449 2248 τὸν
465 2221 574 2257 Πατέρα
585 2230 635 2256 μου
652 2222 684 2249 ἂν
701 2223 816 2257 ᾗδειτε,»

0 2265 50 2291 καὶ
67 2264 128 2290 ὅλα
148 2263 188 2290 τὰ
206 2265 277 2291 κατὰ
298 2265 344 2292 τὸν
363 2266 454 2293 τόπον.
474 2267 529 2294 Καὶ
546 2268 560 2293 ὁ
575 2268 628 2299 πᾶς
643 2276 675 2302 γε
688 2268 741 2295 τῶν
761 2268 816 2296 λοι-

0 2311 62 2337 πῶν
84 2311 134 2341 εἰς
154 2310 188 2336 τὸ
204 2311 403 2346 γαζοφυλάκιον
421 2313 557 2348 φερόντων
583 2313 601 2340 ἃ
619 2311 690 2349 εἶχον
703 2315 814 2350 χρυσὸς,

0 2357 129 2392 ξάμμος
148 2353 187 2391 ἦν
201 2356 279 2392 ὀλίγη
293 2357 331 2388 ὡς
351 2358 420 2393 πρὸς
431 2358 465 2385 τὰ
488 2358 574 2394 Ἰησοῦ
597 2359 716 2394 ῥήματα·
736 2360 817 2394 σοφία

0 2404 54 2440 (ἀρ
71 2401 115 2439 ἦν
132 2403 196 2434 πᾶς
213 2403 227 2428 ὁ
242 2402 320 2436 λόγος
335 2403 433 2430 αὑτοῦ·
454 2413 463 2429 ι
481 2405 538 2435 Πᾶς
551 2403 579 2430 δὲ
595 2404 695 2440 χρυσὸς
711 2405 740 2431 ὲν
755 2405 814 2440 Mat

0 2450 107 2484 ςοφεας
128 2448 252 2483 ψάμμος
267 2449 362 2484 ὀλίγη,
387 2450 433 2476 καὶ
457 2450 494 2482 ὼς
518 2450 600 2484 πηλὸς
622 2451 812 2486 λογισθήσεται

0 2495 135 2531 ἱργυρος
153 2494 279 2520 ἐναντίον
291 2495 386 2529 αὐτῆς.
409 2505 418 2520 ι
434 2496 487 2522 Καὶ
503 2496 589 2522 ταῦτα
599 2504 630 2530 γε
644 2496 736 2531 σαφῶς
753 2506 813 2533 νοη-

0 2542 125 2576 ιήσεται
162 2541 223 2570 τοῖς
247 2541 407 2568 κατακούειν
425 2541 596 2577 μεμαθηκόσι
618 2543 669 2577 τῆς
696 2544 752 2575 τοῖς
770 2553 812 2571 τε-

52 2610 82 2626 ὀ
98 2609 184 2637 Luc.
198 2616 253 2643 ut,
272 2611 298 2638 5.
337 2610 382 2637 τ’]
399 2611 466 2646 Reg.
478 2619 534 2643 ενι,
549 2611 575 2638 7.

27 2667 115 2704 (2⁵.)
134 2667 173 2704 -ἓ
193 2665 394 2704 ἀττοδέδιινίλενἶ
408 2665 455 2693 Sic
467 2666 635 2704 rectehabct
645 2668 729 2696 codex
740 2669 808 2697 Bod-

0 2701 126 2735 eianus,
147 2701 255 2735 Regius
268 2709 331 2728 vero
346 2702 413 2729 ntale
430 2703 521 2728 omisit
535 2702 562 2728 ἆ.

25 2738 96 2774 (95)
115 2735 222 2765 Codex
239 2735 411 2769 Bodleiauus,
435 2736 580 2772 βαλοῦσαν,
605 2737 718 2772 Regius.
741 2738 805 2773 βάλ-

0 2782 115 2801 ουσαν.

24 2809 94 2844 (26)
112 2804 220 2844 Codex
237 2805 406 2844 Bodleianus,
426 2804 497 2844 εἷπε,
510 2806 625 2844 Regius,
637 2807 732 2834 εἰπών.

26 2840 95 2881 (27)
112 2841 218 2870 Codex
237 2840 408 2875 Bodleianus,
434 2841 584 2877 ἐλάχιστον,
608 2841 716 2878 Regius,
742 2843 803 2869 3).:-

625 2611 647 2627 ⁸⁰
663 2611 741 2640 Joan.
754 2622 813 2648 vm,
829 2614 872 2641 12.

887 220 1045 246 tenuiores:
1068 227 1120 246 non
1138 219 1211 246 enirn
1231 223 1322 246 certus
1337 223 1378 245 est
1395 218 1492 250 ﬁdelis,
1510 219 1672 247 existit-rans

884 273 914 293 se
928 265 1040 293 meliora
1058 271 1085 293 ct
1105 265 1258 300 copiosiora
1274 264 1373 295 facere,
1391 264 1533 291 conferens
1552 273 1670 299 seipsum

885 317 947 338 cum
963 311 1073 337 minima
1090 311 1245 345 agentibus,
1259 310 1332 344 quod
1345 310 1436 336 omnia
1448 317 1507 343 quze
1526 310 1613 344 potuit
1628 309 1670 337 fe-

885 357 947 389 cit;
967 356 1009 384 vel
1024 357 1096 392 quod
1121 364 1169 391 per
1197 355 1370 387 Sermonem,
1391 361 1418 382 et
1438 355 1536 382 Filimn
1554 356 1600 383 Dei
1618 364 1671 383 non

883 407 1009 438 poterant
1022 403 1093 438 exigi
1110 403 1145 430 ab
1157 409 1190 429 eo
1205 402 1296 429 omnia
1312 409 1372 435 quae
1395 401 1521 428 reddidit.
1543 401 1672 434 Respexit

883 455 948 484 ergo
963 449 997 477 ad
1012 456 1059 476 eos
1071 447 1168 475 divites
1176 447 1266 479 Jesus,
1281 447 1327 481 qui
1342 454 1453 473 munera
1466 453 1513 473 sua
1527 446 1670 473 mittebant

884 494 911 521 in
927 493 1148 529 gazophylacium
1167 501 1173 519 :
1188 497 1214 520 et
1228 492 1342 519 intuitus
1352 491 1543 525 pauperculam
1560 490 1669 517 viduam

882 539 987 566 minuta
1003 539 1056 566 duo
1073 538 1226 564 mittentem
1254 536 1398 570 (fortassis
1420 536 1586 570 cogitantem
1601 536 1668 561 sim-

882 584 981 619 plicius
996 583 1029 611 de
1046 582 1126 610 rebus
1140 581 1240 608 divinis
1253 579 1494 614 contemplatione,
1508 584 1534 606 et
1549 579 1667 610 actione,

882 633 910 656 et
923 632 1124 662 consequenter
1144 627 1186 655 his
1201 626 1360 660 viventem),
1379 625 1449 652 dixit
1471 634 1476 650 :
1500 634 1510 650 ι
1528 624 1595 651 Vere
1608 625 1669 651 dico

882 674 960 702 vobis
977 673 1087 700 viduam
1116 673 1186 700 hanc
1212 678 1359 707 pauperem
1387 670 1447 705 plus
1471 677 1550 704 quam
1574 677 1668 697 OIIIIICB

882 719 990 746 misisse
1009 719 1032 735 ⁷⁸
1052 728 1059 745 :
1082 727 1092 744 ›
1107 718 1179 752 quod
1208 718 1276 744 dixit
1297 717 1449 751 despiciens
1470 715 1668 749 quodammodo

881 763 991 796 divites,
1010 763 1055 798 qui
1082 763 1166 790 multo
1191 761 1344 796 copiosiora
1375 760 1446 787 ferre
1472 761 1499 786 in
1522 766 1667 786 commune

881 808 1014 841 valentes,
1041 808 1113 842 quod
1132 808 1164 835 ad
1181 807 1330 841 potentiam
1354 807 1461 839 attinet,
1481 813 1514 832 ex
1537 813 1570 833 eo
1594 806 1665 840 quod

881 854 934 881 illis
949 853 1129 886 redundabat,
1155 853 1299 880 mittebant
1321 853 1347 879 in
1369 859 1480 879 munera
1497 851 1543 880 Dei
1560 856 1665 886 partem

881 900 1020 926 minimam
1044 906 1137 926 eorum
1160 905 1220 933 quae
1239 898 1340 924 inferre
1362 901 1497 932 poterant.
1518 896 1664 924 COnSidera

879 945 960 972 etiam
975 944 1061 971 viduae
1077 943 1216 978 penurias,
1241 948 1266 970 et
1289 943 1361 977 quod
1379 943 1432 969 vim
1455 943 1506 969 sibi
1532 943 1664 974 inferens,

879 997 987 1016 omnem
1003 996 1084 1022 quam
1100 988 1218 1014 habebat
1235 988 1417 1015 substantiam
1438 987 1531 1014 tulerit
1549 988 1575 1013 in
1597 992 1666 1013 tem-

879 1034 963 1069 plum,
988 1034 1014 1060 in
1043 1033 1278 1068 gazophylacium,
1304 1033 1420 1061 ctl'erens
1440 1041 1547 1060 onmem
1571 1039 1665 1068 puteu-

880 1081 942 1107 tiam
954 1088 1029 1107 suam
1048 1081 1113 1107 Deo.
1127 1079 1241 1113 Semper
1255 1079 1337 1114 igitur
1354 1078 1534 1113 Jesus.jux1a
1551 1079 1663 1113 Lucam,

879 1125 1030 1160 respiciens
1051 1125 1078 1151 in
1092 1124 1190 1152 divites
1213 1124 1352 1151 mittentes
1372 1132 1485 1151 munera
1505 1132 1554 1151 sua
1569 1125 1595 1151 in
1619 1132 1665 1158 ga-

878 1171 1078 1206 zophylacium,
1092 1171 1164 1197 videt
1176 1170 1259 1196 etiam
1275 1170 1465 1204 pauperculam
1478 1170 1587 1197 viduam
1602 1171 1664 1196 mit-

877 1223 979 1245 tentem
997 1217 1101 1244 minuta
1118 1216 1182 1243 duo.
1201 1214 1282 1242 Juvta
1299 1215 1418 1242 Marcum
1438 1223 1513 1246 vero,
1535 1223 1596 1242 cum
1621 1224 1664 1243 se-

876 1264 947 1292 derit
959 1271 992 1291 ex
1009 1263 1123 1290 adverso
1139 1261 1335 1297 gazophylaeii,
1359 1261 1431 1288 videt
1450 1269 1567 1295 quonam
1583 1262 1664 1288 modo

875 1309 964 1337 omnis
977 1307 1090 1344 populus
1103 1308 1184 1334 tnittit
1196 1315 1244 1342 pro
1254 1306 1357 1333 viribus
1367 1307 1422 1334 suis
1433 1314 1469 1334 tes
1481 1307 1623 1338 spirituale
1634 1308 1661 1334 in

876 1355 1098 1391 gazophylacium
1111 1363 1118 1382 :
1133 1360 1171 1387 et,
1187 1359 1313 1388 tanquam
1329 1354 1375 1388 qui
1389 1353 1463 1380 solus
1475 1353 1567 1379 videre
1578 1353 1664 1386 possit

875 1403 985 1434 divites,
1009 1400 1081 1428 videt
1100 1408 1223 1434 quamam
1239 1399 1355 1432 ,tandem
1377 1399 1466 1424 mittat
1483 1397 1509 1424 in
1525 1397 1589 1424 illud
1613 1406 1662 1432 pro

874 1447 978 1474 viribus
1004 1446 1061 1473 suis
1087 1445 1169 1472 etiam
1196 1445 1285 1471 anima
1313 1442 1476 1478 paupercula
1502 1447 1530 1470 et
1551 1450 1662 1476 egena:

876 1492 954 1527 291
976 1499 1036 1526 qua:
1053 1490 1119 1525 quia
1134 1489 1205 1525 quod
1220 1493 1308 1524 potest
1324 1488 1416 1520 mittit,
1432 1495 1487 1522 pra:
1503 1487 1596 1514 multis
1620 1488 1662 1514 di-

876 1539 975 1565 vitibus
995 1537 1163 1571 justiﬁcatur
1179 1536 1271 1563 etiam.
1292 1534 1348 1561 Nec
1370 1534 1427 1562 haec
1441 1535 1560 1569 loquitur
1582 1533 1663 1561 Jcsus

873 1584 1042 1619 vulgaribus,
1071 1584 1140 1614 sed,
1171 1581 1399 1616 quemadmodum
1425 1579 1533 1607 Marcus
1561 1581 1661 1615 inquit,

873 1628 1014 1663 discipulis
1039 1628 1106 1654 suis.
1121 1625 1233 1654 Etenim
1251 1633 1323 1652 nunc
1348 1632 1505 1652 convocans
1526 1625 1559 1651 ad
1578 1633 1607 1652 se
1620 1625 1662 1651 di-

873 1674 990 1708 scipulos
1014 1681 1089 1707 suos,
1112 1672 1176 1699 dicit
1191 1671 1243 1698 illis
1255 1671 1332 1703 illud,
1362 1671 1481 1698 edocens
1500 1678 1547 1698 eos
1563 1676 1593 1698 ut
1621 1671 1662 1698 vi-

872 1721 963 1752 deant,
972 1728 1023 1746 non
1032 1718 1260 1755 quemadmodum
1276 1718 1368 1750 homo,
1377 1717 1423 1744 sed
1434 1716 1660 1751 quemadmodum

871 1767 946 1794 videt
972 1766 1044 1793 Deus
1064 1766 1157 1801 (homo
1176 1764 1250 1791 enim
1265 1762 1339 1789 videt
1363 1765 1389 1790 in
1415 1762 1494 1794 l'acie.
1509 1762 1580 1789 Deus
1595 1770 1660 1789 veru

871 1811 898 1838 in
909 1811 990 1838 corde
1002 1811 1035 1845 7')
1051 1820 1057 1837 :
1072 1819 1082 1835 ι
1094 1810 1179 1837 Amen
1192 1810 1254 1836 dico
1268 1809 1344 1836 vobis
1358 1809 1464 1834 viduam
1481 1808 1550 1834 hanc
1559 1815 1660 1842 paupe-

871 1863 928 1883 rem
942 1856 1003 1891 plus
1011 1856 1136 1883 onmibus
1148 1855 1265 1887 misisse,
1282 1854 1328 1888 qui
1341 1854 1472 1881 miserunt
1483 1854 1508 1880 in
1522 1854 1661 1889 gazophy-

870 1902 980 1934 lacium,
988 1911 996 1927 ι
1010 1906 1038 1928 et
1050 1909 1110 1936 quze
1118 1906 1278 1936 sequuntur.
1288 1899 1484 1934 Scdquiduam,
1493 1906 1595 1933 qumso,
1607 1906 1659 1932 pu-

871 1954 911 1976 tas
923 1956 965 1976 me
974 1948 1041 1975 velle
1049 1948 1100 1975 hoc.
1114 1947 1193 1982 longo
1204 1946 1363 1982 hyperbato,
1377 1954 1437 1972 cum
1447 1945 1613 1980 propositum
1623 1944 1658 1971 sit

869 1995 935 2022 illud
952 1994 1054 2022 dictutn
1069 2001 1220 2027 exponere:
1233 2003 1242 2018 ι
1256 1993 1318 2019 lla-c
1334 1991 1415 2018 verba
1427 1999 1487 2026 qua:
1499 1991 1604 2018 locutus
1616 1995 1658 2017 est

868 2041 978 2069 Jesusin
988 2039 1180 2075 gazophylacio
1191 2041 1290 2066 docens
1301 2039 1326 2065 in
1347 2037 1455 2073 templo,
1472 2047 1481 2062 ι
1498 2037 1549 2064 nisi
1564 2041 1660 2063 osten-

869 2088 933 2114 dere
949 2086 1020 2121 quod
1038 2085 1166 2112 omnibus
1192 2083 1372 2111 inferentibus
1384 2083 1411 2110 in
1433 2081 1660 2117 gazophylacium}

871 2132 962 2166 templi
988 2139 1048 2167 quze
1075 2131 1102 2158 in
1126 2131 1264 2158 communi
1293 2130 1422 2157 alimento
1446 2128 1538 2155 futura
1564 2132 1658 2154 essent

868 2178 1022 2212 egentibus,
1039 2183 1151 2204 necesse
1169 2176 1204 2203 sit
1218 2175 1255 2202 uti
1269 2173 1348 2202 .lesus
1363 2174 1450 2209 magis
1466 2180 1547 2208 quam
1560 2178 1660 2198 omnes-

869 2223 969 2250 inferat
985 2231 1046 2258 qua:
1063 2222 1173 2250 utilitati
1188 2222 1242 2249 sint
1258 2221 1360 2252 futura,
1382 2227 1479 2254 nempe
1493 2219 1576 2246 verba
1593 2218 1655 2244 vita:

867 2275 987 2303 aeternae,
1013 2275 1041 2297 et
1065 2269 1197 2297 doctrinae
1223 2270 1256 2297 de
1272 2269 1338 2301 Deo,
1361 2273 1389 2295 et
1413 2268 1446 2294 de
1466 2274 1496 2293 se
1518 2265 1599 2300 ipso?
1615 2265 1654 2291 Ac

867 2316 1033 2351 splendidius
1058 2316 1179 2351 profecto
1196 2315 1292 2350 quovis
1307 2315 1471 2341 numismate
1488 2312 1554 2340 illud
1579 2316 1650 2342 eral.

869 2369 879 2386 ι
900 2361 955 2395 Ego
969 2368 1027 2387 sum
1042 2361 1087 2388 lux
1101 2361 1235 2393 mundi",
1255 2369 1264 2386 ι
1279 2360 1351 2394 quod
1375 2359 1476 2386 dietutn
1492 2357 1542 2384 fuit
1561 2357 1587 2383 in
1603 2364 1651 2392 ga-

868 2404 1026 2440 zophylacio
1040 2414 1046 2432 :
1066 2410 1093 2432 et
1112 2405 1175 2432 illud
1190 2413 1197 2432 :
1215 2414 1224 2430 ι
1246 2405 1275 2432 Si
1299 2411 1341 2432 me
1357 2404 1466 2431 sciretis
1478 2423 1485 2436 ,
1501 2407 1527 2429 et
1543 2402 1650 2429 Patrem

868 2459 956 2478 meum
974 2452 1082 2479 sciretis
1094 2451 1116 2467 ⁸¹
1131 2459 1138 2483 ς
1158 2461 1167 2478 ι
1187 2451 1234 2479 sed
1256 2456 1282 2479 et
1305 2451 1396 2478 omnia
1411 2457 1472 2485 qure
1482 2453 1545 2476 sunt
1561 2449 1588 2475 in
1607 2447 1652 2474 illo

866 2498 927 2523 loco
939 2497 1091 2533 (splendida
1107 2497 1194 2533 sunt.]
1210 2497 1299 2532 Atque
1315 2504 1410 2524 aurum
1427 2502 1493 2523 sane
1510 2502 1590 2521 omne
1600 2501 1651 2520 ue-

869 2548 988 2570 terorum
1006 2543 1051 2578 qui
1076 2543 1102 2569 in
1133 2543 1327 2578 gazophylacio
1347 2542 1471 2570 ferebant
1487 2547 1547 2576 qua:
1566 2539 1653 2568 babe-

921 2612 943 2627 “
957 2611 1022 2639 ibid.
1037 2610 1080 2638 l9.

861 2668 952 2739 χίῖξέ)
973 2702 1059 2739 entia.
1083 2702 1248 2730 Barberinus
1272 2707 1299 2729 et
1323 2703 1497 2739 Bodleianus,
1514 2700 1648 2739 οἷά-ποτε

897 2704 941 2739 (ἳδ
975 2704 1059 2730 Codd.
1083 2704 1248 2730 Barberinus
1272 2707 1299 2729 et
1323 2704 1497 2733 Bmlleianns,
1514 2704 1559 2728 οἷὰ
1580 2709 1647 2728 ποτε

861 2704 953 2782 temp)
963 2738 1308 2782 duxhlxa‘t‘fieripoupévr).
1328 2739 1354 2765 lu
1379 2738 1462 2772 Hegio
1478 2745 1527 2772 pro
1542 2735 1588 2763 cla
1610 2737 1647 2764 16-

859 2775 931 2808 gitur
946 2774 980 2802 si,
995 2779 1018 2797 ιιι
1033 2775 1107 2808 diuisi
1119 2773 1202 2808 ψυχή.

895 2810 950 2851 ('12))
965 2808 1018 2835 Καὶ
1039 2807 1087 2835 διὰ
1108 2807 1204 2835 τοῦτο.
1223 2809 1250 2836 lu
1266 2809 1358 2836 εὐεξίαι)
1375 2808 1459 2842 ιὶυεῑο
1475 2807 1646 2834 desideratus

860 2853 914 2870 και.
