1853 3050
194 122 247 150 535

902 123 1062 152 ORIGENIS

1774 127 1823 155 5M

193 183 355 215 baut,arena
365 188 423 210 erat.
437 190 519 216 pauca
534 183 735 217 comparatione
744 184 887 211 verborum
904 184 978 212 Jesu.

1065 185 1112 217 ίοις
1125 186 1291 221 λαλουμένης
1305 186 1400 220 σοφίας
1425 186 1454 213 ἐν
1475 186 1618 222 μυστηρίῳ
1643 185 1824 222 ἀποκεκρυμρ

195 228 337 262 Sapientia
364 229 498 263 siquidem
513 234 572 254 erat
585 229 674 263 quivis
688 229 747 262 ejus
764 237 864 262 sermo,
881 231 914 258 de
925 238 978 265 qua

195 274 294 300 dicitur
312 275 358 300 υτ
387 284 395 300 ι
423 273 510 302 Omne
537 282 634 301 aurum
661 283 753 302 coram
781 276 912 310 sapientia
938 281 981 304 est

195 326 280 353 pauca
296 327 393 351 arena;
420 325 447 345 et
463 327 511 346 cett
526 327 635 347 emnum
651 320 821 354 reputabitur
836 328 979 356 argentum

194 371 284 390 coram
301 372 331 391 ea
347 373 354 391 :
375 373 384 390 ι
402 369 428 391 et
445 365 501 392 haec
515 372 590 392 certe
605 367 828 399 considerabuut,
849 373 980 403 quotquot

193 410 280 437 edocti
297 414 360 437 sunt
375 411 469 437 audire
487 412 651 445 sapientiam
668 412 741 439 illaut
760 421 820 447 qua:
834 415 982 442 annuntia-

190 460 235 482 tttr
248 455 319 482 inter
339 456 485 490 perfectos,
504 457 530 483 in
546 458 676 492 mysterio
692 459 888 492 absconditam,
899 468 979 494 quam

195 501 371 535 prmdcstinat
390 503 459 529 Deus
476 507 540 530 ante
555 503 653 530 sa-cttla
670 505 702 530 ad
715 505 851 539 justornm
870 513 979 532 suorum

194 547 307 581 gloriam
327 548 359 575 ⁸³.
375 548 592 576 Considerabunt
610 551 667 577 hac
682 551 763 577 etiam
778 552 822 586 qui
846 552 980 587 dispicere

194 594 284 619 valent
311 594 473 628 sapientiam
502 595 548 622 Dei
576 596 655 632 longe
681 598 902 626 excellentiorem
931 607 976 626 sa-

195 639 294 672 pientia
313 639 393 672 hujus
406 641 508 672 steculi,
522 642 562 668 vel
578 643 729 677 principum
751 644 843 671 saeculi
859 644 937 676 hujus
945 644 978 677 ³⁸,

194 686 240 720 qui
258 687 445 720 destruuntur,
463 696 511 716 ceu
529 690 574 723 qui
599 694 710 717 utantur
726 692 842 725 propriis
864 693 980 727 prophe-

195 733 240 764 tis,
257 737 282 759 et
300 738 428 760 tueantur
443 734 645 769 qnalesrunque
660 743 810 769 sermones,
827 737 893 764 alios
911 745 979 772 pra:-

195 781 235 804 ter
255 779 397 805 veritatem
416 789 422 807 :
440 788 502 806 nam
518 786 622 808 cmterae
639 783 781 817 sapientiae
795 803 802 814 ,
820 791 880 817 qua:
896 783 978 810 veluti

194 831 290 850 aurum
304 830 470 858 repulantnr,
484 834 565 853 arena
581 833 642 854 ειιιιι
657 836 739 862 parva
760 835 854 855 COI'illl'a
873 830 979 864 sapien-

195 870 242 901 tia,
256 877 336 903 quant
354 872 459 898 creavit
480 872 549 899 Detts
567 873 731 908 principium
746 875 852 901 viarum
869 883 978 901 suarum

194 915 228 941 ad
252 923 334 950 opera
354 924 403 944 sua
429 918 467 950 ³⁵;
489 923 687 953 argentumque
710 920 850 954 splendida
869 926 897 947 et
922 921 979 948 elo-

193 969 280 994 quens
295 963 439 990 nntltorum
452 965 540 991 oratio
554 973 601 992 ceu
620 973 728 992 ctutum
751 967 920 1000 reputabitur
935 975 980 994 co-

195 1015 253 1033 ram
273 1008 357 1035 castis
376 1010 546 1036 sermonibus
564 1010 682 1043 Domini,
699 1011 743 1044 qui
762 1011 838 1046 igniti
853 1017 926 1044 sunt,
953 1017 980 1040 et

193 1052 311 1086 purgati,
338 1057 365 1080 et
391 1053 496 1088 probati
521 1055 673 1089 scpluplum
697 1056 729 1089 ",
751 1057 813 1091 quia
838 1065 980 1091 processe-

194 1102 256 1124 runt
280 1099 313 1126 ab
332 1098 377 1126 illo
403 1099 534 1127 Sermone
552 1101 597 1134 qui
620 1102 722 1128 eratin
749 1102 883 1138 principio
911 1103 979 1138 apml

194 1143 276 1170 Deum
294 1144 327 1172 ³⁷.
355 1145 488 1172 Craterum
507 1147 660 1174 testimonia
677 1155 709 1174 ex
736 1149 804 1175 libro
819 1151 864 1184 qui
884 1150 982 1176 inscri-

194 1189 266 1216 bitur
278 1190 296 1217 S
306 1191 427 1225 ~pientia,
441 1192 509 1219 alias
523 1193 709 1227 opposuimus,
724 1199 752 1221 ιιι
765 1195 919 1222 videremus
928 1196 980 1222 vim

193 1235 257 1263 dicti
276 1236 346 1264 illius
362 1246 368 1263 :
388 1247 397 1262 ι
420 1238 480 1265 lla:c
491 1240 570 1266 verba
587 1247 646 1274 qua:
666 1239 772 1268 locutus
785 1245 825 1267 est
837 1241 918 1276 292
937 1241 982 1268 Je-

193 1289 238 1307 sus
255 1282 280 1308 in
299 1283 492 1318 gazophylacio
508 1285 608 1312 docens
624 1285 651 1312 in
679 1285 778 1320 templo
789 1286 812 1302 ⁸⁸
829 1294 836 1313 :
858 1296 867 1312 ι
885 1288 981 1313 obser-

194 1333 272 1353 vetur
293 1328 365 1354 cuitu
381 1330 517 1363 expositio
540 1331 573 1358 de
598 1330 773 1365 pauperibus,
797 1332 885 1366 deque
902 1332 980 1359 vidua

195 1374 368 1408 paupercula,
386 1380 412 1401 ut
434 1376 569 1410 explicata
582 1382 639 1408 est,
657 1376 717 1403 etsi
734 1377 795 1411 quis
809 1377 929 1404 imitator
940 1382 982 1404 est

192 1419 305 1452 Christi,
324 1420 415 1447 veniat
431 1421 463 1446 ad
478 1420 606 1455 templutn
627 1421 685 1454 Dei,
700 1422 770 1456 quod
785 1428 875 1449 mente
890 1423 980 1450 cerni-

193 1469 247 1497 tur,
266 1470 292 1490 et
312 1472 364 1491 non
381 1470 421 1492 est
442 1466 468 1492 in
485 1465 554 1498 loco,
577 1471 667 1493 mente
686 1466 737 1493 iter
750 1466 862 1500 faciens,
880 1473 907 1494 et
937 1475 981 1495 sc-

192 1518 279 1544 queus
299 1510 437 1545 spiritum,
453 1519 467 1537 a
483 1519 537 1546 quo
556 1520 635 1539 manu
652 1512 711 1539 duci
729 1513 787 1547 ipse
799 1514 832 1540 ad
851 1513 978 1548 templum
995 1530 1015 1558 Ο

194 1557 282 1591 ipsum
301 1562 391 1591 potest
405 1566 412 1590 ;
428 1557 577 1592 aderatque
591 1559 702 1593 probata
719 1559 892 1592 nomismata,
907 1567 981 1587 nent-

193 1611 227 1637 pe
243 1605 324 1631 verba
343 1604 404 1630 vita:
419 1608 531 1631 aeterna:
545 1604 578 1631 ad
600 1605 833 1640 gazophylacium,
855 1610 882 1633 et
898 1613 980 1641 opera

195 1649 383 1683 hujuscemodi
399 1651 489 1677 verbis
503 1659 631 1679 consona.
651 1653 738 1686 Atque
759 1653 860 1680 utinam
883 1653 982 1688 aliquis

194 1701 319 1722 nostrum
337 1703 388 1722 nou
414 1697 449 1724 sit
467 1697 509 1723 illa
528 1705 629 1732 panper
646 1706 734 1733 neque
751 1699 794 1726 illa
813 1699 904 1731 vidua,
922 1707 981 1734 qua:

195 1742 267 1768 terre
290 1741 349 1776 plus
368 1742 404 1768 nil
431 1742 502 1769 valet
526 1743 630 1770 duobus
651 1745 774 1777 minutis,
793 1752 881 1779 neque
906 1745 982 1772 dives

194 1786 310 1814 atl‘erens
324 1795 355 1813 ex
369 1795 401 1814 eo
415 1787 473 1814 solo
488 1788 560 1822 quod
582 1789 726 1821 redundat,
743 1789 790 1816 sed
805 1797 899 1817 omnes
913 1790 982 1818 divi-

195 1833 245 1859 tias
265 1833 319 1860 Deo
331 1834 445 1861 dedicet.
460 1834 594 1861 Cancrum
611 1841 664 1861 non
683 1835 774 1861 omnia
788 1843 849 1870 qua:
865 1835 981 1863 habebat

195 1879 277 1906 Verba
303 1879 409 1906 locutus
432 1884 475 1916 est
496 1879 574 1907 .lesus
596 1879 621 1906 in
639 1880 833 1915 gazophylacio
858 1881 979 1914 docens,

193 1925 241 1952 sed
256 1930 295 1952 tot
310 1930 375 1960 quot
387 1925 509 1960 capiebat
522 1925 743 1960 gazophylaciqu
757 1933 764 1959 ;
781 1934 842 1953 nam
862 1934 895 1953 ne
905 1934 982 1953 mun-

194 1975 257 1999 dtuu
276 1973 386 2006 quidem
405 1972 493 2006 ipsmn
508 1976 593 1998 totum
609 1973 730 1999 arbitror
741 1979 838 2006 capere
856 1972 904 2000 Dei
921 1980 982 1999 ver-

194 2019 259 2046 hmn
269 2019 302 2046 θ’.
320 2019 445 2045 Atlanteo
459 2023 499 2045 Iot
514 2018 594 2045 verba
612 2018 841 2053 ingazophylacio
855 2019 979 2053 loquens,

194 2069 221 2092 et
241 2066 341 2092 docens
349 2065 427 2092 Jesns
443 2065 469 2092 in
479 2064 589 2098 templo,
605 2065 724 2092 nondum
741 2066 773 2091 ab
788 2064 841 2092 ullo
859 2069 979 2097 tenetur;

195 2112 276 2138 verba
292 2118 410 2145 namque
433 2111 517 2144 ipsius
544 2111 656 2138 fortiora
673 2117 751 2137 erant
775 2111 864 2144 ipsum
883 2118 981 2145 appre-

195 2157 315 2184 hendere
337 2157 493 2184 volentibus
517 2165 524 2185 :
548 2162 575 2184 et
599 2161 675 2184 certe
698 2157 818 2191 quandiu
846 2156 975 2192 loquitur,

1032 231 1133 266 μένης,
1155 232 1189 267 ἢν
1205 232 1356 269 προώρισεν
1371 234 1385 259 ὁ
1414 232 1481 263 Θεὸς
1509 232 1561 268 πρὸ
1578 232 1633 258 τῶν
1654 231 1768 259 αἰώνων
1788 233 1824 264 εις

1030 277 1080 313 τὴν
1095 277 1150 304 τῶν
1170 277 1281 305 δικαίων
1297 278 1380 305 αὐτοῦ
1399 278 1494 311 δόξαν,
1525 278 1574 305 καὶ
1597 277 1763 313 δυναμένοις
1786 278 1825 304 ὲν-

1029 325 1095 359 ορᾷν
1113 324 1250 361 ὑπεροχὴν
1267 325 1363 359 σοφίας
1388 325 1455 352 Θεοῦ
1481 325 1556 361 παρὰ
1581 325 1631 360 τὴν
1661 324 1765 359 σοφίαν
1780 324 1824 351 τοῦ

1031 369 1128 401 αἰῶνος
1143 369 1249 403 τούτου,
1267 370 1284 406 ἢ
1301 370 1354 397 τῶν
1366 371 1504 407 ἀρχόντων
1520 369 1567 396 τοῦ
1587 369 1687 401 αἰῶνος
1702 368 1802 396 τούτου
1816 390 1824 402 ,

1030 413 1084 440 τῶν
1099 415 1327 450 καταργουμένων
1343 415 1424 442 οἱονεὶ
1437 416 1589 451 προφήταις
1615 415 1693 447 ἰδίοις
1715 415 1823 451 χρωμέ-

1031 468 1095 491 νων,
1122 460 1176 487 τῶν
1199 461 1399 496 όποιωνδήποτε
1419 461 1505 495 λόγων
1532 461 1634 497 ἑτέρων
1666 461 1749 496 παρὰ
1778 461 1823 496 τὴν

1031 503 1158 540 ἀλήθειαν
1172 506 1388 541 προϊσταμένων·
1403 505 1514 541 ψάμμος
1529 505 1583 540 γὰρ
1597 506 1677 540 ὀλίγη
1689 507 1719 532 αἱ
1733 506 1822 532 λοιπαὶ

1032 551 1134 585 σοφίαι,
1152 550 1252 586 χρυσὸς
1269 549 1338 577 εἶναι
1353 552 1540 586 νομιζόμεναι,
1554 552 1582 577 ὲν
1599 550 1660 586 ὕφει
1677 551 1778 585 σοφίας
1792 551 1822 586 ῆν

1030 596 1137 623 ἔκτισεν
1152 597 1166 622 ὁ
1177 596 1243 628 Θεὸς
1251 597 1338 633 ἀρχὴν
1350 597 1408 624 ὁδὸν
1425 598 1484 633 (sic)
1497 597 1579 624 αὑτοῦ
1591 598 1631 629 είς
1642 596 1716 632 ἔργα
1731 597 1820 623 αὐτοῦ·

1030 641 1077 668 καὶ
1100 641 1219 677 ἄργυρος
1245 643 1259 668 ό
1282 642 1336 668 τῶν
1353 642 1458 668 πολλῶν
1484 642 1610 677 λαμπρὸς
1638 642 1689 668 καί
1713 641 1824 672 πιθανὸς

1030 686 1108 721 λόγος
1121 687 1158 718 ὡς
1174 687 1259 722 πηλὸς
1271 687 1471 724 λογισθήσεται,
1485 687 1539 714 τῶν
1553 687 1647 722 ἁγνῶν
1657 687 1761 722 λογίων
1772 687 1823 721 (30)

1031 733 1134 768 Κυρίου
1161 733 1215 760 τῶν
1244 734 1451 769 πεπυρωμένων
1487 733 1535 759 καὶ
1577 732 1824 768 κεκαθαρισμένων

1031 778 1242 810 ἑτιταπλασίως,
1266 779 1313 805 καὶ
1342 779 1476 814 δοκίμων,
1507 778 1554 805 ἆτε
1578 778 1822 814 προσεληλυθότων

1031 825 1085 852 ἀπὸ
1099 825 1147 852 τοῦ
1163 827 1192 852 ὲν
1207 826 1277 860 ἀρχῇ
1298 825 1367 861 πρὸς
1390 825 1435 852 τὸν
1458 825 1524 852 Θεὸν
1547 825 1646 859 Λόγου.
1664 825 1708 851 Τὰ
1727 824 1757 851 δὲ
1774 824 1823 851 ἀπὸ

1032 871 1081 906 τῆς
1099 871 1342 906 ἐπιγεγραμμένης
1361 870 1460 904 Σοφίας
1483 871 1569 903 ἄλλως
1589 871 1776 906 παρεθέμεθα
1789 872 1822 901 είς

1030 916 1062 942 τὸ
1077 916 1192 942 συνιδεῖν
1211 916 1261 951 τὴν
1276 915 1389 950 δύναμιν
1407 916 1453 942 τοῦ
1463 924 1469 930 “
1494 925 1503 941 t
1520 915 1612 942 Ταῦτα
1625 916 1662 942 τὰ
1683 916 1798 951 ῥήματα
1808 915 1824 941 ἃ

1031 961 1160 996 ἐλάλησεν
1185 962 1213 987 ὲν
1242 961 1281 996 τῷ
1309 960 1500 996 γαζοφυλακίῳ
1525 960 1662 987 διδάσκων
1682 961 1698 987 ὸ
1723 960 1825 994 Ἰησοῦς

1032 1007 1087 1042 (51)
1105 1007 1134 1033 ἐν
1146 1006 1185 1042 τῷ
1202 1007 1278 1042 ἱερῷ·
1295 1016 1304 1033 t
1323 1006 1459 1042 τηρείσθω
1478 1006 1562 1041 γὰρὴ
1579 1006 1645 1041 περὶ
1661 1006 1720 1032 τῶν
1744 1006 1823 1032 πλου-

1033 1053 1098 1080 σίων
1115 1054 1160 1080 καὶ
1176 1054 1225 1089 τῆς
1249 1054 1380 1089 πενιχρᾶς
1400 1054 1487 1089 χήρας
1505 1053 1649 1088 διήγησις,
1672 1053 1714 1084 ὡς
1730 1053 1824 1079 ἀποδέ-

1031 1100 1114 1131 δοται,
1128 1100 1175 1126 καὶ
1186 1100 1212 1126 εί
1222 1099 1263 1131 τίς
1274 1107 1305 1133 γε
1315 1099 1370 1134 (5'2)
1383 1099 1504 1134 μιμητής
1517 1100 1573 1125 ἐστι
1586 1098 1721 1134 Χριστοῦ,
1737 1099 1823 1133 ἡκέτω

1032 1146 1078 1172 ἐπὶ
1093 1145 1123 1172 τδ
1137 1146 1174 1181 μὴ
1186 1146 1214 1172 ἐν
1227 1147 1302 1181 τόπῳ
1316 1146 1410 1181 νοητὸν
1426 1146 1497 1182 ἱερὸν
1513 1145 1560 1172 τοῦ
1574 1145 1655 1178 Θεοῦ,
1673 1146 1779 1172 ὁδεύων
1790 1145 1822 1179 τῷ

1031 1191 1079 1226 νῷ,
1095 1192 1142 1218 καὶ
1153 1190 1306 1218 ἀκολουθῶν
1323 1191 1362 1226 τῷ
1374 1191 1508 1227 πνεύματι
1522 1191 1734 1227 χειραγωγῆσαι
1748 1191 1822 1217 αὐτὸν

1031 1238 1074 1263 ἐπ’
1090 1237 1156 1264 αὐτὸ
1176 1237 1329 1272 δυναμένῳ·
1349 1238 1396 1264 καὶ
1413 1237 1519 1272 φερέτω
1532 1237 1631 1272 δόκιμα
1645 1237 1821 1272 νομίσματα,

1033 1284 1141 1319 ῥήματα
1159 1283 1231 1319 ζωῆς
1251 1284 1372 1317 αἰωνίου,
1400 1284 1446 1310 ἐπὶ
1471 1284 1502 1310 τὺ
1525 1282 1750 1318 γαζοφυλάκιον,
1780 1283 1822 1309 καὶ

1032 1329 1099 1363 ἔργα
1125 1329 1259 1356 ἀκόλουθα
1285 1330 1342 1361 τοῖς
1363 1329 1493 1360 τοιούτοις
1520 1330 1651 1364 ῥήμασιν.
1677 1329 1749 1355 Ἀλλ’
1771 1328 1821 1354 eilia

1035 1375 1103 1410 μήτε
1127 1375 1245 1411 πενιχρά
1258 1384 1301 1406 τις
1317 1375 1406 1411 ἡμῶν,
1435 1376 1502 1410 μήτε
1517 1376 1589 1410 χήρα
1604 1374 1649 1410 εἴη
1662 1375 1761 1410 φέρειν
1775 1384 1822 1409 μη-

1031 1420 1075 1446 δὲν
1093 1420 1184 1447 πλεῖον
1205 1421 1342 1456 δυναμένη
1365 1421 1412 1448 δύο
1428 1421 1545 1452 λεπτῶν,
1564 1421 1633 1456 μήτε
1648 1420 1779 1453 πλούσιος
1795 1422 1821 1446 ὲκ

1033 1467 1114 1502 μόνου
1140 1467 1187 1494 τοῦ
1214 1467 1433 1503 περισσεύματος
1457 1467 1563 1502 φέρων,
1582 1467 1651 1494 ἀλλὰ
1669 1467 1762 1493 πάντα
1781 1467 1820 1493 τὸν

1033 1512 1145 1540 πλοῦτον
1164 1514 1305 1545 ἀνατεθεὶς
1329 1514 1368 1549 τῷ
1391 1513 1466 1548 Θεῷι
1490 1512 1595 1548 Ἰησοῦς
1615 1513 1663 1539 καὶ
1686 1513 1717 1539 οὐ
1737 1513 1821 1539 πάντα

1033 1557 1052 1584 ἃ.
1071 1556 1126 1593 εἶχε
1151 1559 1262 1594 ῥήματα
1282 1560 1413 1595 ἐλάλησεν
1437 1561 1465 1586 ὲν
1483 1559 1523 1594 τῷ
1542 1558 1740 1594 γαζοφυλακίῳ
1753 1558 1822 1586 διδά-

1034 1612 1122 1636 σκων,
1141 1603 1209 1631 ἀλλὰ
1225 1605 1343 1631 τοσαῦτα
1358 1605 1408 1632 ὅσα
1429 1604 1526 1640 ἐχώρει
1551 1605 1582 1631 τὸ
1602 1604 1820 1639 γαζοφυλάκων·

1032 1651 1092 1678 οὐδὲ
1105 1651 1160 1687 γὰρ
1176 1651 1256 1678 αὐτόν
1270 1661 1301 1687 γε
1319 1650 1394 1687 οἶμαι
1407 1653 1506 1687 χωρεῖν
1518 1651 1564 1678 τὸν
1576 1651 1681 1686 κόσμον
1700 1651 1747 1678 τὸν
1765 1651 1821 1678 63m

1032 1697 1079 1724 τοῦ
1105 1697 1172 1724 Θεοῦ
1198 1697 1286 1732 λόγον.
1304 1699 1398 1733 Ὅμως
1422 1698 1449 1724 δὲ
1470 1697 1587 1724 τοσαῦτα
1601 1699 1713 1734 ῥήματα
1732 1699 1763 1724 ἐν
1784 1698 1820 1731 τῷ

1032 1743 1225 1779 γαζοφυλακίῳ
1244 1743 1331 1770 λαλῶν
1351 1743 1398 1770 καὶ
1421 1743 1554 1770 διδάσκων
1573 1744 1588 1769 ὁ
1615 1743 1720 1778 Ἰησοῦς
1742 1745 1770 1770 ὲν
1784 1744 1819 1778 τῷ

1034 1788 1116 1824 ἱερῷ,
1136 1790 1181 1816 ὑπ’
1199 1789 1305 1821 οὐδενὸς
1318 1789 1459 1824 ἐκρατεῖτό
1478 1797 1537 1816 πω·
1563 1789 1610 1815 καὶ
1630 1789 1714 1816 αὑτοῦ
1733 1791 1783 1824 γὰρ
1796 1790 1818 1814 οἱ

1032 1833 1104 1868 λόγοι
1119 1834 1287 1870 ἰσχυρότεροι
1300 1834 1446 1870 ἐτύγχανον
1457 1834 1510 1861 τῶν
1523 1834 1620 1861 πιάσαι
1636 1835 1718 1861 αὑτὸν
1733 1835 1817 1862 θελόνι

1032 1889 1085 1907 των
1097 1888 1104 1896 ’
1118 1881 1164 1907 καὶ
1190 1881 1251 1906 ὅσον
1270 1888 1302 1914 γε
1322 1880 1407 1914 λέγει,
1426 1879 1550 1906 τοσοῦτον
1565 1880 1619 1915 (55)
1636 1881 1724 1912 οὐδεὶς
1743 1881 1818 1907 αὑτὸν

1033 1923 1130 1951 πιάσαι
1143 1923 1196 1950 τῶν
1209 1924 1436 1951 ὲπιὸουλευόντων
1456 1924 1532 1959 αὑτῷ
1550 1924 1664 1952 δύναται
1679 1925 1734 1961 (δι)
1744 1934 1751 1940 ·

1032 1969 1080 1996 ἐὰν
1093 1971 1235 2005 σιωπήσῃ,
1258 1971 1320 1997 τότε
1346 1971 1497 2006 κρατεῖταιο
1519 1970 1594 2003 ὃθεν,
1616 1971 1679 1998 ἐπεὶ
1700 1972 1818 1998 ἐϐούλετο

1033 2017 1102 2052 ὑπὲρ
1119 2016 1166 2043 τοῦ
1179 2017 1283 2052 κόσμου
1299 2017 1405 2048 παθεῖν,
1421 2017 1616 2051 ἐξεταζόμενος
1638 2017 1692 2044 ὑπὸ
1709 2018 1756 2045 τοῦ
1775 2019 1817 2044 Il:-

1032 2061 1128 2092 λάτου,
1154 2061 1201 2087 καὶ
1219 2061 1434 2096 μαστιγούμενος
1450 2062 1552 2097 σιωπᾷ.-
1575 2062 1600 2088 εἰ
1624 2062 1679 2098 γὰρ
1699 2062 1817 2096 ὲλελαλή-

1032 2115 1085 2140 κει,
1102 2107 1152 2133 οὐκ
1168 2106 1208 2133 ἔτι
1226 2107 1330 2141 ἐγίνετο
1343 2106 1416 2142 αὺτῷ
1434 2107 1464 2133 τὸ
1485 2107 1678 2143 ἐσταυρῶσθαι
1700 2109 1731 2142 ἐξ
1746 2109 1818 2135 ἀσθε-

1032 2153 1115 2185 νείας·
1133 2153 1248 2189 ἐπείπερ
1265 2154 1316 2180 οὐκ
1332 2153 1404 2180 ἐστιν
1424 2153 1550 2180 ἀσθένεια
1573 2155 1602 2180 ἐν
1627 2153 1670 2188 οἷς
1699 2157 1713 2182 ὁ
1741 2157 1817 2190 Λόγος

196 2202 290 2230 taudiu
305 2210 384 2229 nemo
400 2202 437 2229 illi
453 2202 566 2230 insidias
588 2202 753 2229 strueutium
774 2202 979 2236 apprehendere

1066 2199 1122 2226 λεῖ·
1145 2200 1202 2226 ὄντι
1224 2200 1253 2226 δὲ
1273 2200 1349 2236 αὑτῷ
1364 2202 1393 2227 ὲν
1409 2200 1448 2236 τῷ
1463 2201 1656 2237 γαζοφυλακίῳ
1681 2202 1785 2229 οὐδέπω
1804 2204 1816 2236 ἡ

194 2257 257 2277 eum
282 2249 371 2276 valent
385 2258 391 2282 ;
406 2249 452 2276 sed
468 2249 490 2276 si
518 2249 655 2280 tacuerit,
679 2253 744 2276 tunc
770 2253 891 2281 tenetur;
909 2249 980 2276 unde

199 2295 384 2330 interrogatus
399 2303 413 2321 ιι
430 2294 515 2321 Pilato
531 2298 557 2321 et
575 2293 736 2328 ﬂagellatus,
754 2287 826 2328 quod
841 2294 921 2321 vellet
933 2301 981 2328 pro

196 2341 295 2367 mundo
310 2341 385 2376 pati,
415 2345 486 2368 Iacet
499 2341 542 2373 '°;
561 2341 681 2374 alioquin
698 2341 721 2367 si
752 2340 858 2367 locutus
876 2339 981 2373 fuisset,

197 2395 249 2414 non
264 2387 461 2421 cruciﬁgendus
480 2395 513 2414 ex
538 2387 707 2419 inﬁrmitate,
729 2386 857 2421 quoniam
873 2394 925 2412 non
939 2390 981 2413 est

196 2432 341 2459 inﬁrmitas
357 2433 383 2458 in
407 2432 450 2459 his
466 2441 525 2467 qum
541 2433 637 2460 Sermo
657 2432 742 2459 Filius
760 2432 808 2459 Dei
833 2432 954 2466 loquitur
971 2439 978 2458 :

196 2485 312 2513 cumque
326 2478 472 2505 cxsisleret
487 2478 514 2504 in
539 2477 745 2513 gazophylacio,
763 2477 879 2504 nondum
895 2477 980 2503 iusta-

232 2536 254 2550 “
272 2535 334 2569 Sap.
361 2543 407 2567 \‘tt,
433 2535 459 2562 9.
507 2536 530 2551 ⁸³
546 2535 628 2563 ICnr.
648 2544 676 2568 It,
695 2535 722 2567 6,
738 2536 764 2562 7.
810 2535 833 2551 ⁸⁵
857 2535 923 2562 ibid.
952 2534 977 2561 6.

196 2569 219 2586 ⁸⁸
234 2570 312 2597 Juan.
327 2578 384 2603 vut,
399 2571 443 2598 εί).
493 2571 515 2586 "9
528 2570 604 2597 Joau.
622 2579 677 2604 ut,
693 2571 738 2598 25.

234 2627 290 2662 (50)
307 2627 367 2654 Τῶν
382 2626 482 2661 ἁγνῶν
495 2628 614 2663 λογίων.
637 2628 746 2663 Snpple,
763 2630 791 2655 ὲν
812 2628 883 2663 ὕψει,
912 2627 982 2661 quod

199 2663 322 2697 praecedit
337 2671 344 2694 ;
359 2663 384 2688 id
400 2662 464 2698 vidit
483 2662 634 2689 Ferrarius.
651 2662 855 2698 Ad'tnargiuem
881 2664 983 2690 codicis

199 2698 338 2759 liprberini
352 2705 384 2724 ex
401 2697 556 2730 conjectura
572 2697 678 2733 legitur,
698 2699 743 2725 ἐπὶ
758 2699 812 2725 τῶν
826 2698 915 2732 ἁγνῶν
939 2698 984 2723 λο-

199 2741 214 2759 γ
228 2741 275 2759 ων.

228 2741 264 2759 ων
269 2753 275 2759 .

198 2741 290 2801 γαῗέί)
311 2767 337 2792 '0
357 2767 480 2800 Ἰησοῦς.
499 2767 578 2795 Deest
596 2768 621 2794 in
644 2768 739 2796 codice
757 2767 852 2803 Regio,
869 2769 916 2796 sed
943 2768 983 2795 le-

199 2803 272 2836 gitur
286 2803 311 2828 in
330 2803 482 2830 Bodleiano.

236 2837 290 2871 (ὅθ.)
308 2838 398 2865 Codex
426 2837 597 2871 Dodlcianus,
615 2837 661 2864 xui.
678 2837 704 2863 εἴ
723 2838 763 2870 τίς
793 2847 840 2873 γε·
872 2838 980 2874 Regius,

1033 2245 1092 2280 ὥρα
1105 2246 1255 2281 ἐνειστήκει
1274 2245 1321 2272 τοῦ
1337 2245 1483 2281 πιασθῆναι
1502 2246 1585 2273 αὐτὸν
1595 2266 1602 2278 ,
1616 2247 1676 2274 ἀλλ’
1688 2249 1748 2275 οὐδὲ
1767 2249 1815 2275 δντι

1034 2292 1063 2317 ὲν
1075 2290 1114 2326 τῷ
1129 2290 1193 2326 ἱερῷ
1207 2291 1261 2327 (55)
1270 2301 1277 2307 ·
1289 2291 1456 2327 χειμάρρουν
1469 2292 1496 2319 δέ
1509 2301 1569 2320 τινα
1587 2294 1675 2328 ὲχρῆν
1697 2292 1766 2321 εἶναι
1778 2296 1814 2320 τῆν

1034 2337 1127 2369 τόπον,
1143 2336 1206 2362 ἔνθα
1223 2336 1348 2363 ἐϐούλετο
1360 2337 1505 2373 πιασοῆναι
1523 2339 1538 2365 ὁ
1557 2339 1678 2374 Ἰησοῦς,
1699 2341 1747 2366 καὶ
1766 2340 1815 2366 £55—

1035 2391 1108 2409 νατο.
1127 2381 1208 2408 Ἀλλὰ
1228 2382 1276 2408 καὶ
1299 2382 1394 2418 καιρὸν
1418 2383 1466 2410 τοῦ
1489 2385 1650 2419 κρατεῖσθαι
1671 2385 1753 2412 αὑτὸν
1773 2386 1814 2412 oi:

1035 2428 1087 2454 εδει
1108 2428 1237 2464 ήμερινόν
1248 2437 1254 2444 ·
1272 2437 1281 2454 ‹
1303 2429 1332 2455 '0
1342 2429 1396 2463 γὰρ
1417 2429 1517 2462 Ἰούδας
1530 2429 1622 2457 λαϐὼν
1636 2431 1688 2468 τὴν
1699 2433 1811 2467 σπεῖραν,

1035 2474 1082 2500 καὶ
1108 2475 1141 2500 ὲκ
1160 2474 1214 2501 τῶν
1238 2474 1387 2509 ἀρχιερέων
1412 2475 1458 2501 καὶ
1478 2476 1634 2511 Φαρισαίων
1662 2477 1812 2513 ὑπηρέτας,

1038 2534 1061 2550 ⁸⁸
1075 2533 1153 2561 Prov.
1180 2540 1240 2564 \‘lll,
1263 2533 1307 2559 22.
1355 2533 1378 2548 ⁸⁵
1392 2533 1464 2561 Psal.
1487 2542 1525 2567 xt,
1553 2534 1579 2560 7.
1619 2534 1641 2550 "
1661 2534 1741 2562 Joan.
1761 2534 1811 2566 με,

784 2571 807 2586 ὀ
820 2570 898 2598 .Ioau.
914 2571 1000 2602 ωδ.
1014 2569 1056 2597 ll.

1037 2627 1097 2654 ἐπεί
1112 2627 1154 2658 τίς
1169 2635 1210 2658 γε.

1072 2635 1305 2697 ῖέὸἷιὲἔιξοῦτον.
1319 2661 1400 2689 Deest
1413 2661 1440 2688 in
1451 2660 1544 2689 codice
1559 2660 1656 2697 Regio,
1667 2662 1715 2689 sed
1740 2662 1812 2688 habe-

1038 2703 1082 2724 tur
1100 2698 1124 2723 iu
1142 2698 1297 2724 Bodleiano.

1076 2732 1131 2768 (54)
1145 2733 1282 2768 Δύιξαται.
1300 2731 1473 2758 Desideratur
1493 2731 1520 2758 in
1535 2731 1629 2759 codice
1655 2732 1749 2767 Regio,
1772 2731 1810 2759 sal

1039 2767 1136 2802 legitur
1154 2768 1179 2793 itt
1198 2767 1353 2793 Bodleiano.
1366 2801 1376 2802 77
1439 2801 1443 2802 7
1502 2801 1507 2802 7
1560 2801 1563 2802 7
1773 2797 1794 2802 η

1073 2802 1134 2863 (fagi
1148 2803 1210 2830 Post
1223 2802 1299 2838 ἐντῷ
1318 2801 1382 2837 ἱερῷ
1397 2801 1481 2830 codex
1499 2801 1666 2830 Bodleianus
1680 2802 1760 2830 habet
1772 2801 1811 2823 ἱκί

1073 2846 1104 2863 πισ
1123 2846 1193 2863 τῖναι.

1038 2846 1193 2874 πιασυηναι.
