1853 3050
26 105 72 134 515

524 112 702 142 COMMENT.
723 115 755 142 IN
774 116 870 146 JOAN.
892 118 1011 147 TOMUS
1036 120 1107 148 XIX.

1584 128 1637 155 546

24 166 123 201 ἔρχεται
139 164 196 190 ἐκεῖ
211 163 279 199 μετὰ
294 165 396 199 φανῶν,
407 167 454 194 καὶ⁸
463 167 623 203 λαμπάδων.
631 171 676 198 καὶ
683 173 767 201 ὅπλωι

866 180 900 201 »ιιι
917 176 982 203 hora
999 184 1052 211 qua
1069 178 1283 211 prehemleretur
1297 188 1305 213 ;
1322 182 1368 208 sed
1390 191 1478 217 neque
1493 186 1637 218 oportebat

24 211 83 246 Περὶ
102 210 130 236 δὲ
144 209 203 242 τοῦ,
222 220 230 236 ι
248 210 331 237 Οὔπω
354 211 483 247 ἐλήλυθεν
502 213 533 248 (Ῑ.
549 215 682 252 ἐληλύθει)
701 219 717 254 ἡ

17 298 56 333 οἷς
73 301 159 336 χρήσῃ
184 301 230 327 καὶ
246 302 286 332 εἰς
300 301 335 328 τὰ
351 302 482 337 παρόντα.

741 219 800 254 ὥρα
854 228 916 248 eum
934 223 1064 256 prehendi
1082 224 1108 250 in
1127 226 1226 259 templo
1242 235 1249 255 :
1267 232 1415 256 torrentem
1437 238 1498 258 esse
1521 238 1636 259 necesse

21 255 106 287 αὑτοῦ,
116 265 124 281 ι
138 256 167 283 ὲν
179 257 235 287 τοῖς
248 257 376 293 ἀνωτέρω
397 258 442 285 διὰ
462 259 593 287 πλειόνων
613 262 799 300 διειλήφαμεν,

853 272 913 294 erat
926 267 1025 301 locum,
1042 269 1087 296 ubi
1104 270 1207 297 volebat
1222 271 1299 299 Jesus
1312 274 1453 308 prehendi,
1469 281 1496 302 et
1520 277 1564 304 ubi
1589 286 1635 311 po-

855 316 924 340 terat
938 315 1079 347 prehendi.
1102 317 1171 350 Quin
1188 318 1269 345 etiam
1294 325 1400 356 tempus
1417 329 1469 355 quo
1488 323 1635 357 capiendus

671 346 674 348 ‘
938 346 943 347 ’
1107 346 1123 350 ’ν
1350 346 1358 356 l
1373 346 1376 347 ⁷
1388 346 1397 348 “
1420 346 1432 355 ‘l
1446 346 1465 348 '4
1491 346 1634 357 "‘r'*“"“"

19 354 84 382 erat,
97 348 207 375 minime
231 349 358 376 diurnum
377 357 438 377 esse
454 353 596 386 oportebat
614 361 620 380 :
640 362 649 379 ι
673 353 738 382 Nam
754 354 838 385 Judas
862 367 922 386 cum
939 362 1089 396 accepisset
1112 364 1264 398 cohortem,
1280 371 1307 394 et
1324 375 1338 393 a
1355 369 1520 404 principibus
1545 378 1635 398 sacer-

21 395 106 421 dotum
129 402 161 422 ac
188 394 336 423 Phariswis
365 397 516 432 ministros,
542 400 614 427 venit
639 401 701 429 illuc
727 411 788 430 cum
816 404 939 440 latcruis,
960 413 987 436 et
1008 409 1123 442 facibus,
1146 419 1177 438 ac
1199 414 1282 441 armis
1296 415 1318 430 ’ί

1322 434 1329 442 .
1347 427 1356 441 ι
1376 416 1508 444 (la-terum
1532 418 1564 445 de
1583 419 1634 446 hoc

18 441 116 472 dicIO,(
133 440 257 468 Nondum
278 447 391 470 venerat
410 443 478 472 L-Jra
509 445 567 479 ejus
578 446 618 479 ",
637 456 647 472 ι
672 448 698 475 in
731 451 918 484 superioribus
947 455 1125 484 disseruimus
1151 458 1273 492 pluribus
1301 461 1399 495 verbis,
1426 464 1524 497 quibus
1550 465 1632 492 etiam

16 487 39 513 in
52 487 192 520 praesentia
209 488 305 516 uteris.

45 537 71 564 5.
90 546 99 562 ι
113 535 196 564 Εἶπεν
220 536 267 565 οὖν
288 538 369 565 πάλιν
393 539 500 572 αὐτοῖς·
525 541 597 576 Ἐγὼ
619 543 726 578 ὑπάγω,
750 545 797 572 καὶ

14 582 137 618 ζητήσετέ
151 592 184 618 με
194 603 201 615 ,
216 584 264 610 καὶ
277 584 306 611 ὲν
318 586 351 620 τῇ
365 586 487 622 ἁμαρτίᾳ
503 587 580 622 ὑμῶν
596 589 777 617 ἀποθανεῖσθε
787 600 794 607 ·

13 628 73 653 ὅπου
92 627 146 662 ἐγὼ
167 629 281 663 ὑπάγω,
305 630 382 665 ὑμεῖς
405 632 436 658 οὐ
457 632 570 660 δύνασθε
592 634 690 662 ἐλθεῖν.
705 646 714 661 ι
741 637 763 663 Κ

865 644 923 676 ado,
936 652 985 672 vos
1000 653 1053 672 non
1070 647 1183 680 potestis
1198 649 1292 675 venire
1308 650 1331 665 ⁰³

13 672 91 699 ταῦτα
111 674 141 700 ὲν
157 673 196 709 τῷ
216 674 410 711 γαζοφυλακίῳ
432 678 462 704 ὲν
483 677 521 714 τῷ
539 679 612 714 ἱερῷ,
640 681 767 716 προστιθε

13 719 63 730 --τ-
86 719 228 730 ----ΙΑ-ΑΑ
254 720 276 730 γ)
337 721 344 730 Ι
456 721 468 727 υ
559 724 614 730 εις.
677 726 682 730 ι
711 726 722 730 ..

865 689 980 725 hylaeio,
998 692 1024 719 iu
1042 693 1142 728 templo
1158 701 1219 720 eum
1241 695 1353 730 loquere

12 719 63 749 τοῖς
85 719 228 754 προτέροις
250 720 280 746 οὐ
311 721 392 756 μόνον
418 721 504 749 ταῦτα
517 743 523 755 ,
553 724 621 752 ἀλλὰ
643 726 688 752 καὶ
710 726 767 762 ἔτερ

881 719 890 725 ,
974 719 979 723 ,
1099 719 1109 728 τ
1132 719 1137 720 γ
1162 719 1169 720 κ
1241 719 1350 730 μ-νηη

868 736 978 764 oribus:
999 745 1048 765 nec
1068 738 1153 766 solum
1168 740 1237 773 haec,
1256 742 1304 769 sed
1327 743 1350 769 al

11 764 113 790 πλείονα
139 765 195 800 (56)
216 766 268 798 ἕως
291 766 354 793 τοῦ-
384 776 393 793 ι
414 768 499 804 Ἀμὴν
521 769 592 805 λέγω
615 771 699 806 ὑμῖν,
725 775 790 809 πρὶν

14 810 133 846 Ἀϐραὰμ
145 811 270 844 γενέσθαι
284 833 291 844 ,
310 812 364 846 ὲγὼ
380 814 447 848 ειμι.
464 824 473 839 ι
490 815 567 842 Μετά
584 816 612 842 δὲ
630 817 724 844 τοῦτον
744 818 789 845 τόν

8 852 78 886 λόγον
89 853 215 889 ἀράντων
230 854 328 887 λίθους.
348 856 391 883 ἵνα
405 856 550 886 λιθάσωσιν
567 861 658 893 αὑτὸν,
686 862 789 898 Ἰησοῦς

6 898 112 933 ἐκρύϐη,
130 899 178 925 καὶ
190 899 300 935 ἐξῆλθεν
316 902 349 927 ὲκ
368 901 415 928 τοῦ
431 903 502 938 ἱεροῦ
512 913 519 919 ⁸
533 905 577 931 ὅτε
592 906 723 942 παράγων
734 906 788 935 εἶδε

5 944 46 970 τὸν
63 945 116 971 ἀπὸ
133 946 248 981 γενετῆς
267 947 376 981 τυφλὸν,
402 949 467 984 περ).
489 947 519 976 οὗ
548 951 695 987 εἰσόμεθα,
719 954 786 981 Θεοῦ

5 989 123 1022 διδόντος,
140 991 280 1026 γενόμενοι
296 992 366 1019 κατά
380 993 425 1019 τὸν
443 994 534 1021 τόπον.
550 996 630 1030 Λέγει
648 997 677 1023 δὲ
689 998 785 1030 ταῦτα,

5 1035 41 1061 ἵνα
62 1035 91 1061 τὸ
117 1037 316 1073 ἐπιφερόμενον
341 1039 470 1075 γένηται,
496 1050 504 1066 ι
523 1041 614 1068 Ταῦτα
630 1043 684 1079 γὰρ
702 1044 785 1072 αὑτοῦ

5 1080 140 1112 λαλοῦντος
167 1082 330 1110 ἐπίστευσαν
349 1084 390 1116 είς
411 1085 494 1111 αὑτὸν
506 1106 513 1118 ,
534 1096 543 1111 ι
574 1088 653 1115 οἱονεὶ
671 1089 785 1125 πένητες

5 1126 53 1161 [57)
69 1127 212 1162 ἐρχόμενοι
230 1128 277 1155 ἐπὶ
293 1129 324 1155 τὸ
342 1130 552 1164 γαζοφυλάκιον,
571 1133 603 1159 ἵν’
617 1135 722 1161 ἐκεῖθεν
738 1135 785 1162 λά-

5 1171 78 1198 Βωσιν
101 1173 119 1200 ἀ
140 1173 188 1200 ἐὰν
205 1173 346 1208 δύνωνται,
363 1176 410 1202 καὶ
432 1176 450 1203 ἃ
477 1177 524 1204 ἐὰν
545 1179 659 1215 μερισθῇ
682 1180 782 1213 αὐτοῖς.

5 1217 118 1244 ιΠολλοὶ
150 1219 198 1254 μὲν
213 1218 260 1246 οὖν
278 1220 440 1248 ἐπίστευσαν
462 1223 502 1254 εἰς
519 1224 610 1256 αὐτὸν,
629 1235 638 1250 ι
663 1225 693 1251 οὐ
718 1226 783 1253 πολ-

5 1263 37 1289 ιοὶ
52 1263 79 1289 δὲ
104 1264 229 1298 ἔγνωσαν
245 1265 336 1292 αὐτόν·
362 1268 424 1293 ἐπεὶ
441 1268 493 1294 τῶν
507 1270 728 1298 πεπιστευκότων
742 1274 783 1304 εἰς

5 1310 74 1338 tam
87 1312 113 1337 οἱ
130 1311 258 1346 μένοντες
272 1313 300 1339 ὲν
317 1313 355 1348 τῷ
371 1313 443 1349 λόγῳ
463 1315 556 1348 αὑτοῦ,
575 1316 683 1352 ἀληθῶς
710 1319 782 1352 γινό-

5 1365 68 1383 ιενοι
84 1357 209 1393 μαθηταὶ
225 1358 318 1391 αὑτοῦ,
336 1359 484 1393 γνώσονται
498 1362 548 1396 τὴν
562 1362 690 1399 ἀλήθειαν
700 1373 706 1379 ·
722 1365 782 1400 οὐχὶ

5 1402 21 1428 ῖὲ
33 1404 56 1428 οι
73 1403 168 1430 πολλοὶ
189 1403 243 1430 τῶν
266 1406 487 1433 πεπιστευκότων
504 1407 544 1439 είς
560 1409 640 1435 αὑτὸν
657 1409 780 1444 μένουσιν

7 1456 20 1473 ν
32 1448 69 1483 τῷ
83 1449 157 1484 λόγῳ
173 1449 266 1476 αὑτοῦ·
283 1451 343 1477 οὐδὲ
358 1452 382 1477 οί
399 1452 490 1478 πολλοὶ
504 1453 611 1489 ἀληθῶς
628 1455 710 1482 αὑτοῦ
730 1465 781 1491 μα-

5 1494 69 1527 ηηταὶ
85 1495 226 1529 γίνονταν
246 1495 342 1531 διόπερ
363 1497 423 1524 οὐδὲ
446 1497 538 1525 πολλοὶ
556 1499 705 1533 γνώσονται
723 1501 778 1536 (58)

5 1539 128 1575 ιλήθειαν,
158 1541 207 1568 καὶ
231 1543 264 1577 τῇ
295 1542 409 1578 ἀληθείᾳ
435 1543 572 1580 ἐλεύθεροι
589 1546 619 1572 οὐ
647 1547 778 1580 γίνονται·

5 1586 90 1622 ηφόδρα
106 1587 163 1622 γὰρ
177 1587 263 1622 ὀλίγοι
276 1588 394 1624 χωροῦσι
416 1589 465 1625 τὴν
479 1590 606 1626 ἀλήθειαν
620 1592 685 1628 (59).
701 1593 779 1626 Τίνες

5 1631 15 1658 ἐ
31 1634 99 1660 εἰσιν
116 1635 142 1660 οἱ
157 1634 336 1669 γνωσόμενοι,
353 1635 405 1670 ἣοὶ
421 1636 551 1670 ὑψοῦντες
565 1637 645 1664 αὐτόν
655 1647 662 1671 ;
674 1639 711 1671 ὡς
727 1640 777 1665 αὺ-

5 1679 29 1710 δς
54 1679 178 1707 διδάσκει
202 1679 305 1714 λέγων·
322 1690 331 1706 ι
351 1682 434 1708 Ὅταν
451 1682 576 1718 ὑψώσητε
590 1683 634 1710 τὸν
650 1684 712 1710 Υἰὸν
729 1685 776 1711 τοῦ

5 1724 142 1760 *ιθρώπου,
158 1726 219 1752 τότε
233 1726 381 1760 γνώσεσθε,
404 1729 443 1755 ὅτι
457 1729 512 1763 ἐγώ
527 1730 585 1764 εἰμι
595 1739 602 1745 ·
618 1739 626 1755 ι
644 1730 730 1762 οὐδεὶς
748 1731 776 1758 δὲ

5 1772 61 1798 Βτὸν
73 1772 141 1808 Quid
153 1772 270 1807 γάλακτι
287 1774 472 1809 ποτιζόμενος,
484 1777 699 1811 παρασκευάζων
712 1778 776 1803 ἐαυ-

5 1826 25 1843 λν
41 1819 82 1850 εἰς
97 1819 258 1855 παραδοχὴν
275 1819 323 1854 τῆς
338 1821 450 1856 στερεᾶς
473 1821 592 1856 τροφῆς·
615 1821 709 1858 διόπερ
736 1822 775 1858 τῷ

5 1865 92 1901 uoti-th
101 1865 193 1900 λέγει·
212 1875 221 1891 ι
235 1866 350 1902 Ἔκρινα
360 1867 442 1902 μηδὲν
457 1868 554 1895 εἰδέναι
570 1869 598 1894 ὲν
609 1869 683 1904 ὑμῖν,
695 1870 719 1895 εί
737 1870 774 1905 μὴ

5 1911 88 1945 ησυῦν
109 1911 241 1948 Χριστὸν,
260 1913 308 1938 καὶ
322 1912 417 1939 τοῦτον
439 1913 657 1950 ἐσταυρωμένον·
671 1925 680 1942 ι
707 1915 774 1950 πρὸς

5 1965 6 1971 π
24 1957 71 1983 καὶ
88 1957 104 1983 ὸ
121 1956 173 1983 τοῦ
190 1956 270 1991 λόγου
284 1956 406 1989 διάκονος
419 1958 448 1984 ὲν
465 1958 591 1995 ἀσθενείᾳ
607 1959 720 1993 γίνεται,
736 1960 774 1992 ὣς

5 2010 57 2036 ῖσιν
70 2003 85 2028 ὁ
103 2001 215 2033 Παῦλος
232 2003 288 2034 τοῖς
302 2002 431 2034 τοιούτοις
441 2011 449 2018 ο
469 2013 478 2028 ι
492 2003 577 2037 Κάγὼ
592 2005 621 2030 ἐν
635 2005 771 2042 ἀσθενείᾳ,

5 2048 20 2074 il
45 2049 75 2075 ἐν
100 2048 193 2083 φόϐῳ,
221 2048 268 2074 καὶ
285 2048 313 2074 ἐν
337 2048 432 2085 τρόμῳ
449 2049 539 2084 πολλῷ
554 2050 688 2086 ἐγενόμην
704 2051 773 2087 πρὸς

882 546 909 573 5.
929 555 939 572 ι
958 546 1061 574 Rursus
1075 554 1140 584 ergo
1157 549 1226 576 dixit
1247 550 1322 578 illis:
1337 551 1392 585 Ego
1417 553 1497 586 vado,
1515 559 1542 581 et
1557 563 1630 589 quac-

845 593 911 620 retis
929 600 984 624 me,
1000 598 1027 620 et
1042 594 1067 620 in
1086 600 1197 628 peccato
1210 600 1300 623 vestro
1318 599 1468 626 moriemini
1485 608 1492 629 :
1511 608 1564 635 quo
1575 610 1626 636 ego

1334 670 1341 676 .
1358 659 1368 676 ι
1387 651 1419 678 Ει
1435 652 1491 680 haec
1506 653 1532 680 in
1548 662 1629 689 gazo-

1355 703 1408 731 tur,
1423 700 1526 726 addidit
1548 709 1629 736 supe-

1356 743 1378 769 ia
1394 745 1477 772 multo
1491 745 1566 779 plura
1583 755 1628 774 us-

840 788 893 815 que
905 782 939 809 ad
964 790 1025 810 eum
1042 790 1199 812 contextum
1215 795 1221 816 :
1237 796 1246 812 ι
1269 788 1354 815 Amen
1373 789 1433 816 dico
1454 792 1537 823 vobis,
1555 798 1628 820 ante-

839 834 919 860 quam
938 828 1074 856 Abraham
1102 830 1200 864 ﬁeret,
1218 840 1270 867 ego
1295 841 1355 860 sum
1380 834 1415 862 “.
1439 845 1449 862 ι
1472 837 1536 864 Post
1553 839 1625 866 hunc

839 877 929 900 autem
948 881 1102 903 sermonem
1124 885 1184 904 cum
1213 879 1314 913 lapides
1337 881 1462 909 tulissent
1485 882 1568 911 Judaei
1596 890 1626 912 ut

838 918 989 953 lapidarent
1005 929 1078 954 eum,
1090 922 1169 951 Jesns
1184 925 1327 953 abscondit
1341 934 1370 954 se
1385 933 1412 955 et
1428 929 1510 957 exivit
1526 938 1540 957 e
1557 935 1625 958 tem-

838 966 882 1001 plo
896 975 903 996 :
921 968 1001 1004 293
1017 970 1125 1003 quando
1141 972 1300 1005 praeteriens
1323 974 1390 1002 vidit
1408 983 1508 1003 casu-um
1522 984 1535 1004 a
1551 978 1623 1005 nati-

837 1012 957 1046 vitate”,
971 1015 1003 1040 de
1015 1022 1068 1048 quo
1086 1016 1213 1049 sciemus,
1233 1017 1287 1044 Deo
1305 1019 1396 1052 dante,
1413 1028 1474 1048 cum
1487 1023 1520 1049 ad
1536 1023 1622 1050 locmu

837 1059 1051 1091 pervenerimus.
1072 1060 1133 1088 Hmc
1153 1067 1242 1089 autem
1262 1063 1391 1098 loquitur,
1416 1071 1445 1093 ut
1464 1069 1570 1096 eveniat
1595 1069 1622 1097 id

836 1105 906 1138 quod
938 1105 1120 1140 subjungilul‘,
1140 1116 1149 1133 ι
1167 1107 1228 1135 llrec
1246 1116 1278 1136 eo
1297 1109 1434 1145 loquente.
1449 1114 1623 1142 crediderunt

836 1149 862 1175 in
879 1157 939 1176 eum
954 1150 987 1183 ",
1007 1160 1016 1176 ι
1034 1152 1160 1179 nimirum
1180 1161 1327 1188 pauperes,
1344 1157 1390 1191 qui
1406 1158 1439 1184 ad
1456 1159 1621 1195 gazophyla—

834 1194 907 1221 cium
924 1201 1064 1229 veneraut,
1084 1197 1146 1224 inde
1159 1200 1297 1235 accepturi
1315 1209 1375 1236 quae
1392 1209 1501 1236 possent
1515 1209 1542 1231 et
1559 1194 1620 1239 qua:

834 1245 885 1271 sibi
905 1246 1049 1274 distributa
1065 1248 1191 1276 fuissent.
1206 1250 1297 1285 Itaque
1319 1262 1328 1278 ι
1349 1253 1423 1280 multi
1446 1255 1620 1284 crediderunt

834 1289 861 1316 in
877 1298 950 1323 eum,
968 1301 978 1318 ι
996 1292 1042 1319 sed
1055 1301 1106 1320 non
1123 1294 1198 1321 multi
1211 1302 1450 1331 aguoverunteum
1466 1307 1473 1331 ;
1490 1301 1617 1334 quoniam

833 1342 866 1361 ex
880 1335 922 1363 his
936 1337 981 1371 qui
994 1339 1168 1367 crediderunt
1183 1341 1208 1367 in
1223 1348 1295 1375 eum,
1312 1348 1454 1370 manentes
1472 1344 1499 1370 iu
1516 1352 1617 1372 sermo-

835 1393 868 1413 ne
885 1387 955 1421 eius,
974 1396 1037 1416 vere
1055 1390 1118 1417 facti
1136 1391 1261 1426 discipuli
1276 1393 1333 1426 ejus
1352 1399 1504 1428 agnoscunt
1516 1395 1618 1423 verita-

795 1427 817 1457 (ἶ
835 1443 886 1466 lem
908 1440 953 1472 ”;
972 1441 1018 1467 sed
1045 1449 1097 1468 non
1126 1443 1203 1469 multi
1219 1451 1252 1470 ex
1274 1444 1316 1471 his
1332 1445 1375 1477 qui
1396 1446 1570 1473 crediderunt
1589 1448 1616 1475 in

831 1491 903 1517 cum,
920 1492 1030 1513 manout
1045 1487 1070 1514 in
1086 1495 1211 1516 sermone
1224 1489 1281 1523 ejus
1295 1498 1302 1521 ;
1321 1497 1352 1517 ac
1369 1499 1401 1518 ne
1417 1493 1493 1518 multi
1506 1493 1616 1527 quidem

831 1539 896 1559 vere
912 1533 1065 1561 efﬁciuntur
1087 1535 1159 1563 illius
1181 1537 1306 1572 discipuli
1324 1547 1332 1568 ;
1350 1539 1462 1573 proinde
1478 1548 1511 1567 ue
1537 1543 1615 1569 multi

829 1578 940 1612 quidem
954 1587 1106 1615 agnoscunt
1120 1583 1274 1616 veritatem,
1292 1589 1319 1611 et
1334 1586 1448 1613 veritate
1465 1587 1542 1614 liberi
1560 1596 1614 1616 nou

828 1625 1000 1653 redduntur:
1016 1627 1160 1655 admodum
1187 1629 1257 1655 enim
1286 1631 1364 1664 pauci
1381 1632 1493 1665 capiunt
1511 1634 1614 1661 verita-

829 1675 894 1697 tem.
912 1671 964 1697 Sed
980 1672 1091 1706 quinam
1107 1674 1224 1707 agnituri
1241 1680 1304 1702 sunt
1318 1684 1378 1703 eum
1391 1697 1398 1706 .
1418 1678 1469 1705 nisi
1491 1680 1615 1707 exaltan-

828 1720 868 1742 tes
878 1716 958 1742 eum?
974 1721 1002 1742 ut
1018 1718 1098 1744 etiam
1115 1717 1173 1752 ipse
1183 1719 1270 1752 docet,
1282 1721 1373 1748 dicens
1381 1722 1404 1738 9'
1417 1732 1423 1749 ;
1435 1732 1444 1749 ι
1460 1723 1526 1751 Cum
1541 1727 1614 1753 exal-

828 1762 951 1789 taveritis
970 1762 1068 1790 Filium
1088 1763 1216 1798 hominis,
1234 1770 1297 1792 tunc
1310 1768 1464 1801 agnoscetis
1479 1771 1549 1804 quod
1563 1779 1614 1806 ego

826 1820 908 1841 sum:
928 1823 937 1839 ι
953 1814 1042 1842 nullus
1069 1819 1158 1842 autem
1178 1823 1239 1843 eum
1266 1818 1378 1851 exultat,
1401 1819 1446 1853 qui
1465 1819 1533 1848 lacte
1561 1822 1613 1849 ali-

827 1869 870 1892 tur
885 1873 1046 1900 prazparans
1064 1866 1183 1901 seipsum
1200 1868 1233 1895 ad
1257 1871 1455 1902 susceptionem
1472 1872 1525 1899 cibi
1545 1873 1611 1900 soli-

825 1911 851 1937 di
872 1910 895 1926 ”
907 1919 914 1943 ;
928 1912 1106 1945 quamobrem
1124 1913 1170 1939 tali
1188 1914 1254 1941 dicit
1269 1915 1276 1930 ²
1291 1923 1299 1941 ;
1319 1924 1329 1941 ι
1344 1914 1466 1944 Iudicavi
1486 1925 1528 1944 me
1544 1920 1611 1947 nihil

824 1955 895 1982 scire
911 1955 981 1983 inter
996 1964 1055 1988 vos.
1074 1957 1125 1984 nisi
1142 1957 1234 1985 Jesum
1247 1959 1397 1994 Christum,
1417 1967 1444 1989 et
1461 1963 1533 1990 hunc
1546 1971 1610 1992 cru-

823 2001 933 2029 ciﬁxqu
953 2011 961 2035 ;
980 2011 990 2028 ι
1010 2011 1093 2038 penes
1113 2012 1195 2038 quem
1220 2006 1302 2032 etiam
1323 2008 1459 2035 sermonis
1486 2009 1610 2037 minister

824 2048 851 2075 in
876 2047 1036 2077 infirmitate
1052 2056 1185 2083 versatur,
1206 2057 1235 2079 ut
1249 2052 1336 2087 inquit
1347 2052 1448 2081 Paulus
1466 2054 1562 2082 talibus
1576 2056 1608 2084 ἰ

5 2094 55 2124 ιᾶς.
72 2103 83 2119 ι
104 2093 180 2129 Φησὶ
195 2093 285 2119 τοίνυν
301 2094 315 2119 ὁ
330 2093 376 2120 τοῦ
394 2093 461 2121 Θεοῦ
478 2094 563 2129 Λόγος
581 2096 668 2131 ἀρχὴν
681 2096 767 2124 ποιούς

865 2095 886 2122 Ξι
900 2103 950 2129 ego
964 2096 991 2123 in
1009 2097 1179 2132 inﬁrmitate,
1192 2103 1218 2126 et
1240 2100 1267 2127 iu
1285 2101 1393 2132 timore.
1406 2107 1433 2128 et
1448 2102 1474 2129 in
1492 2107 1608 2132 tremore

8 2147 52 2170 νος
64 2139 209 2175 δευτέρων
229 2139 396 2174 μαθημάτων
411 2139 464 2166 τῶν
480 2141 509 2166 ὲν
523 2140 561 2176 τῷ
577 2142 768 2178 γαζοφυλακίῳ

15 2184 54 2219 τῷ
69 2184 142 2220 ἱερῷ
153 2192 159 2197 ·
190 2193 199 2210 ι
217 2184 289 2218 Ἐγὼ
306 2184 421 2219 ὑπάγω,
445 2185 493 2211 καὶ
509 2184 641 2222 ζητήσετέ
661 2196 706 2222 με,
722 2190 768 2216 καὶ

19 2233 53 2267 τῇ
75 2231 207 2267 ἁμαρτίᾳ
227 2231 304 2266 ὑμῶν
325 2231 516 2261 ἀποθανεῖσθε,
530 2241 539 2257 ι
557 2233 635 2269 Ζητῶ
657 2234 701 2261 διὰ
725 2235 766 2268 τὸ,

5 2278 96 2305 Γαῦτα
113 2276 202 2304 αὐτοῦ
216 2277 370 2310 λαλοῦντος,
385 2277 477 2304 πολλοὶ
490 2278 653 2307 ἐπίστευσαν
664 2281 705 2312 εἰς
716 2281 767 2308 αὺ-

5 2332 31 2356 ι,
48 2333 58 2349 ι
80 2324 195 2359 μήποτε
209 2324 240 2349 οὐ
254 2323 322 2358 πρὸς
337 2323 441 2355 πάντας
456 2324 518 2356 τοὺς
538 2325 674 2361 παρόντας
692 2326 767 2362 λέγει

22 2378 31 2395 ι
51 2369 131 2404 Ἐγὼ
146 2369 256 2403 ὑπάγω,
271 2369 317 2396 καὶ
331 2369 462 2405 ζητήσετέ
474 2378 519 2405 με,
531 2371 577 2397 καὶ
590 2371 619 2397 ὲν
631 2372 665 2406 τῇ
677 2371 767 2408 ἀμαρ-

5 2422 10 2439 ι
40 2413 124 2449 ὑμῶν
152 2413 344 2447 ἀποθανεῖσθε,
364 2423 373 2439 ι
404 2414 472 2441 ἀλλά
496 2414 565 2450 πρὸς
584 2415 696 2447 τούτους
718 2416 765 2448 οὓς

5 2469 20 2486 ;ι
37 2460 77 2496 μὴ
98 2459 314 2492 πιστεύσαντας,
330 2460 378 2486 καὶ
393 2459 437 2486 διὰ
455 2459 534 2486 τοῦτο
548 2461 577 2487 ὲν
592 2462 624 2497 τῇ
642 2462 764 2498 ἁμαρτίᾳ

5 2505 52 2532 τῶν
77 2505 342 2540 ἀποθανουμένους,
364 2505 411 2532 καὶ
434 2505 471 2541 μὴ
497 2505 662 2541 δυναμένους
678 2507 765 2533 ὀπίσω

5 2550 43 2577 τοῦ
60 2548 269 2585 ἀκολουθῆσαι,
286 2549 322 2585 μὴ
336 2549 499 2585 δυναμένους
515 2549 543 2577 δὲ
555 2550 598 2577 διὰ
608 2550 638 2576 τὺ
653 2550 690 2587 μὴ
704 2551 765 2586 βού-

8 2597 30 2612 ’¹
46 2596 134 2624 Joan.
153 2603 233 2628 mn,
248 2595 286 2623 3..
312 2596 335 2612 “
348 2595 427 2623 Joan.
441 2603 507 2627 vni,
526 2595 571 2623 ΞΟ.
609 2595 632 2611 ’⁸
651 2596 714 2623 ibid.
728 2597 774 2623 21.

5 2630 69 2659 ibid.
89 2631 124 2658 5|
132 2652 141 2663 ,
161 2630 206 2657 δὲ.

6 2679 61 2722 56)-
71 2679 175 2706 Codex
193 2677 368 2712 Bodleianus,
385 2679 466 2715 ἕτερα
482 2678 604 2713 πλείονα,
624 2679 651 2706 ἱιι
675 2679 759 2715 Regio

5 2721 170 2782 gilesopge-x
185 2748 363 2781 Bodleianus,
383 2749 465 2776 οἱονεὶ
487 2748 619 2784 πένητες·
647 2749 759 2785 Regius,

5 2786 47 2811 ιοί
63 2784 201 2819 πένητες.
674 2819 680 2826 1

5 2819 50 2852 53)
68 2820 172 2848 Codex
191 2818 363 2853 Bodleianus,
378 2819 426 2846 καὶ
443 2819 475 2855 τῇ
491 2817 605 2854 ἀληθείᾳ
622 2818 759 2856 ἐλεύθεροι

823 2142 909 2169 multo
929 2149 1055 2171 versatus
1069 2152 1128 2172 sum
1142 2147 1212 2180 apud
1229 2154 1285 2174 vos.
1311 2156 1321 2173 ι
1344 2146 1434 2182 lnquit
1459 2148 1541 2183 igitur
1564 2150 1608 2178 illo

823 2187 869 2216 Dei
897 2188 995 2217 Sermo
1007 2211 1015 2222 ,
1034 2189 1079 2217 ille
1096 2190 1141 2218 Dei
1168 2191 1252 2218 Filius
1265 2212 1272 2225 ,
1297 2200 1406 2220 rursum
1425 2194 1522 2221 docere
1541 2195 1608 2222 inci-

821 2233 899 2268 piens
916 2234 941 2261 in
957 2235 1152 2271 gazophylacio
1172 2236 1198 2263 in
1219 2237 1341 2271 templo:
1363 2247 1373 2263 ι
1393 2238 1449 2274 Ego
1470 2240 1551 2272 vado,
1579 2246 1607 2268 et

821 2280 948 2313 quaeretis
972 2289 1025 2315 me,
1042 2286 1071 2308 et
1086 2281 1111 2308 in
1134 2288 1246 2317 peccato
1272 2289 1363 2311 vestro
1379 2285 1532 2313 moriemini
1552 2286 1573 2313 ³.
1593 2296 1603 2312 ι

821 2325 918 2359 Quer
935 2332 1046 2361 propter
1075 2329 1127 2356 hoc
1152 2329 1264 2362 dictum,
1281 2338 1291 2355 ι
1313 2329 1374 2358 Haec
1397 2338 1430 2358 eo
1454 2331 1602 2366 loquente,

820 2371 896 2398 multi
913 2373 1088 2401 crediderunt
1112 2373 1139 2401 in
1163 2382 1245 2407 eum,
1272 2384 1281 2400 ι
1307 2376 1427 2409 nunquid
1451 2377 1484 2404 ad
1510 2385 1605 2405 omnes

819 2421 964 2451 praesentes
987 2419 1086 2446 dixerit
1102 2429 1108 2447 :
1126 2429 1135 2445 ι
1153 2420 1208 2455 Ego
1224 2421 1305 2454 vado,
1318 2425 1345 2448 et
1365 2423 1493 2456 quaeretis
1505 2430 1559 2455 me,
1575 2428 1604 2451 et

819 2462 845 2489 in
870 2470 982 2498 peccato
995 2469 1088 2492 vestro
1107 2466 1278 2499 moriemini;
1294 2476 1304 2493 ι
1326 2475 1360 2494 an
1384 2468 1475 2502 potius
1493 2469 1525 2496 ad
1554 2477 1602 2497 eos

817 2514 895 2542 quos.
920 2508 984 2542 quia
1002 2517 1054 2536 non
1077 2511 1278 2546 credidissent,
1296 2517 1408 2540 noverat
1435 2513 1462 2540 in
1489 2519 1602 2548 peccato

818 2560 868 2580 suo
885 2554 1050 2586 morituros,
1078 2563 1131 2583 non
1147 2557 1270 2585 valentes
1295 2565 1365 2592 pone
1387 2559 1475 2593 ipsum
1500 2561 1600 2595 sequi;

823 2597 847 2637 ’ξ
863 2599 927 2626 ibid.
941 2599 986 2637 5g,
1079 2600 1116 2637 »ξ’
1131 2600 1209 2637 dona.
1221 2609 1262 2637 ιν,
1278 2602 1304 2629 l.
1350 2604 1373 2619 "
1386 2602 1466 2631 Joan.
1482 2611 1543 2637 VIII,
1555 2605 1600 2633 50.

255 2630 278 2647 ⁸⁸
297 2631 363 2658 ibid.
377 2631 421 2658 ΞΒ.
460 2631 482 2650 ’9
498 2631 580 2659 Hebr.
593 2638 621 2661 ν,
640 2631 741 2662 ‘12,“.
782 2632 790 2647 ¹
807 2632 891 2660 lCor.
909 2641 939 2665 ll,
957 2630 996 2662 2.}
1023 2635 1033 2650 ⁸
1050 2635 1115 2662 ibid.
1129 2636 1155 2663 5.
1196 2630 1294 2664 ³1οιἱιι.
1313 2645 1370 2669 VIII,
1394 2638 1439 2667 2|.

813 2681 843 2722 ος»
857 2681 990 2722 γίνονταις
1006 2682 1115 2722 Regius,
1131 2683 1178 2710 καὶ
1197 2684 1221 2710 εἰ
1244 2684 1282 2720 μὴ
1308 2685 1422 2720 ἀλήθεια
1451 2685 1599 2722 ἐλευθεροῖ,

813 2716 949 2753 ἐλεύθεροι
965 2718 994 2743 οὐ
1011 2716 1139 2752 γίνονται.

849 2751 1021 2795 (δρινᾳοιιει
1038 2753 1199 2782 Bodleianus
1217 2753 1362 2795 ἀληθειαν·
1393 2755 1493 2790 Regius
1523 2764 1599 2789 vero,

813 2787 980 2823 ἐλευθερίαν.
