1853 3050
11 113 58 141 565

533 112 713 141 COMMENT.
734 112 767 141 IN
786 111 882 140 JOAN.
900 112 1018 140 TOMUS
1038 112 1108 140 XIX.

1569 113 1621 141 566

7 181 59 204 του,
80 171 125 198 καὶ
147 170 226 199 ἄλλον
252 171 284 197 ἐκ
302 170 351 206 μὲν
368 171 414 198 τοῦ
431 171 534 207 κόσμου
553 173 660 204 τούτου,
685 173 717 198 ὲκ
737 180 759 198 τι

872 171 889 198 ri
909 175 936 198 et
950 171 1009 198 ﬁeri
1030 177 1046 198 e
1062 169 1197 206 supernis,
1212 176 1262 197 nec
1276 169 1391 204 amplius
1404 177 1437 197 ex
1452 169 1502 198 hoc
1520 172 1620 198 mundo

5 215 109 252 οὐρανοῦ
123 215 161 242 δέ.
177 216 246 250 Φησὶ
262 215 327 249 γοῦν
343 217 398 247 τοῖς
414 216 549 252 μαθηταῖς
562 218 576 243 ό
597 216 692 252 Σωτήρ
708 215 764 250 (85)
774 223 781 231 ”

7 271 17 289 ι
27 263 69 290 Ἐκ
81 261 126 288 τοῦ
138 261 240 297 κόσμου
256 260 316 297 ἦτε,
333 262 411 296 κάγὼ
425 262 588 298 ἐξελεξάμην
602 263 673 298 ὑμᾶς
689 263 723 289 ὲκ·
736 261 783 288 τοῦ

3 308 108 344 κόσμου,
125 307 172 334 καὶ
187 307 278 334 οὐκέτι
294 307 356 334 ἐστὲ
367 309 399 335 ἐκ
416 308 462 335 τοῦ
478 309 594 344 κόσμου·
609 318 618 334 ι
635 308 714 344 εἴπερ
729 308 783 344 γὰρ

2 351 76 388 ἦλθεν
97 352 111 378 ό
127 351 223 387 Σωτὴρ
246 352 374 388 ζητῆσαι,
402 353 449 379 καὶ
472 354 558 380 σῶσαι
580 353 613 380 τδ
634 352 781 385 ἀπολωλὸς,

2 397 61 433 ἦλθε
76 397 138 428 τοὺς
159 398 235 424 κάτω
258 399 305 425 καὶ
321 398 604 434 πολιτογραφηθέντας
620 400 648 425 ὲν
662 399 717 431 τοῖς
735 399 783 425 κά-

2 453 36 470 τω
49 443 214 479 μεταστῆσαι
235 444 282 470 ἐπὶ
304 445 339 471 τὰ
353 445 419 472 ἄνω.
449 445 503 471 Καὶ
524 445 578 480 γὰρ
591 446 631 476 εὶς
643 445 678 472 τὰ
695 444 784 471 κατώ-

2 496 60 523 τερα
75 488 148 524 μέρη
160 489 211 524 τῆς
225 489 278 524 γῆς
288 490 304 516 ό
318 490 441 522 καταϐὰς
455 490 536 522 αὑτός
550 491 607 517 ἐστι
622 491 665 518 διὰ
677 492 740 523 τοὺς
753 492 784 518 ὲν

2 536 50 565 τοῖς
73 533 222 562 κατωτάτω
244 535 294 571 τῆς
309 536 362 570 γῆς
372 545 379 552 ·
406 536 475 563 ἀλλά
489 537 540 564 καὶ
553 537 637 572 ἀνέϐη
654 537 783 573 ὑπεράνω

2 580 100 607 πάντων
113 580 167 607 τῶν
182 581 315 616 οὐρανῶν,
327 582 457 609 ὁδοποιῶν
470 583 526 614 τοίς
537 582 720 618 βουλομένοις,
737 582 783 609 καὶ

2 625 109 661 γνησίως
133 625 207 661 αὐτῷ
234 627 473 663 μαθητευομένοις,
495 628 544 664 τὴν
567 629 703 665 φέρουσαν
725 629 782 656 ὁδὸν

2 671 40 698 ἐπὶ
51 670 83 698 τὰ
97 671 224 707 ὑπεράνω
238 672 347 700 πάντων
362 674 415 700 τῶν
433 674 566 710 οὐρανῶν,
582 675 722 702 τουτέστιν
736 676 782 702 ἐπὶ

2 716 29 742 τὰ
44 717 95 750 ἔξω
120 717 264 753 σωμάτων.
294 719 327 746 Ei
386 721 433 746 καὶ
447 721 540 752 ποθεῖς
558 721 653 756 μαθεῖν
665 721 719 748 ἀπὸ
732 721 782 756 τῆς

2 762 103 798 Γραφῆς
118 763 160 795 τίς
173 763 247 790 ὲστιν
260 765 275 791 ό
290 765 323 791 ὲκ
337 765 392 792 τῶν
408 766 493 798 κάτω,
517 766 565 793 καὶ
579 767 621 798 τίς
634 768 708 794 ἐστιν
722 768 736 794 ὁ
750 767 782 794 ὲκ

2 808 44 834 τῶν
59 809 124 840 ἀνω,
151 809 252 836 ἄκουε·
273 811 349 838 Ἐπεὶ
372 811 438 839 ὅπου
462 813 476 839 ό
493 812 627 848 θησαυρὸς
653 813 779 845 ἑκάστου,

2 855 48 880 mai
61 854 106 881 καὶ
118 855 136 890 ἠ
151 855 250 891 καρδία
267 857 342 883 ἐστίν
352 865 360 872 θ
375 857 424 884 ἐάν
437 866 478 889 τις
501 858 654 895 θησαυρίζῃ
670 860 716 885 ἐπὶ
730 859 781 894 τῆς

2 899 52 934 (ἧς,
74 899 106 932 ἐξ
128 900 212 927 αὑτοῦ
238 901 284 928 τοῦ
304 901 478 938 θησαυρίζειν
491 903 538 930 ἐπὶ
550 904 599 939 τῆς
614 904 666 939 γῆς
680 905 712 930 ἐκ
726 904 781 932 τῶν

2 946 63 971 ιέττω
77 945 183 980 γίνεται
193 955 200 962 '
218 947 266 973 ἐὰν
282 947 309 974 δέ
321 956 364 980 τις
374 947 526 985 θησαυρίζῃ
540 949 569 975 ὲν
580 950 636 981 τοῖς
646 949 779 984 οὐρανοῖς,

2 992 116 1018 ἐννᾶται
131 991 246 1024 ἄνωθεν,
275 994 322 1020 καὶ
345 994 529 1029 άναλαμὸάνει
546 995 594 1031 τὴν
618 996 710 1022 εἰκόνα
733 996 780 1023 τοῦ

5 1037 168 1072 πουρανίου·
199 1038 268 1066 ἀλλὰ
286 1040 332 1066 καὶ
358 1039 437 1072 ἄλλος
461 1039 574 1067 διελθὼν
597 1041 701 1073 πάντας
718 1042 780 1074 τοὺς

2 1081 118 1116 ὐρανοὺς
141 1083 170 1109 ὲν
184 1084 255 1111 τέλει
272 1085 428 1120 εὑρίσκεται
455 1086 665 1122 μακαριωτάτῳ.
686 1087 736 1123 Εῐη
756 1088 779 1115 δ’

2 1135 18 1153 ιν
35 1128 83 1154 καὶ
106 1129 144 1156 τὰ
168 1130 298 1166 ἑκατέρου
313 1131 391 1166 ἔργα,
405 1130 449 1158 οἷα
471 1131 546 1159 εἷπον
562 1133 635 1169 (86)·
653 1133 723 1161 ὥστε
740 1134 779 1160 εί-

2 1174 46 1199 ῖεῖν
69 1173 105 1200 ἂν
121 1175 157 1202 τὰ
182 1175 250 1211 ἔργα
266 1176 314 1211 τῆς
329 1177 430 1212 σαρκὸς
442 1179 531 1205 ποιεῖν
544 1177 590 1205 τὸν
610 1179 643 1205 ὲκ
659 1179 713 1206 τῶν
731 1179 780 1206 κά-

2 1227 31 1249 ω,
47 1218 96 1246 τὸν
111 1219 142 1246 δὲ
166 1221 273 1257 καρπὸν
287 1222 334 1248 τοῦ
357 1222 511 1258 πνεύματος
533 1225 578 1251 τὸν
592 1225 624 1251 ἐκ
636 1225 690 1252 τῶν
712 1227 778 1258 ἄνω,

2 1263 29 1288 αὶ
45 1264 130 1291 πάλιν
147 1265 196 1300 τὴν
212 1267 280 1300 πρὸς
304 1267 349 1295 τὸν
374 1268 475 1304 κόσμον
488 1269 581 1296 τοῦτον
602 1270 712 1307 ἀγάπην
734 1272 779 1299 τὸν

2 1308 37 1354 ii)
53 1310 87 1335 ἐκ
101 1309 150 1337 τοῦ
166 1311 269 1347 κόσμου
283 1313 377 1341 τούτου
387 1322 393 1328 ·
411 1315 483 1347 ἐπεὶ,
498 1315 568 1342 κατὰ
579 1316 624 1343 τὸν
641 1318 777 1354 Ἰωάννην,

9 1352 79 1387 ἔχων
103 1354 156 1390 τὴν
181 1356 293 1392 ἀγάπην
315 1358 362 1384 τοῦ
376 1358 456 1390 Θεοῦ,
472 1360 575 1392 ἐκεῖνος
589 1362 640 1388 οὐκ
655 1362 728 1389 ἔστιν
744 1352 778 1390 ἐκ

2 1399 27 1425 ιῦ
41 1399 151 1435 κόσμου
167 1401 262 1428 τούτου
272 1411 278 1417 ·
294 1403 323 1436 ὃς
338 1403 367 1430 δὲ
379 1405 429 1433 οὐκ
442 1404 538 1440 ἀγαπᾷ
550 1406 595 1433 τὸν
611 1407 721 1442 κόσμον,
734 1409 779 1435 οὺ-

2 1452 7 1470 ι
22 1445 57 1472 τὰ
68 1447 100 1473 ὲν
113 1447 221 1483 κόσμῳ,
237 1449 304 1476 ἀλλὰ
314 1449 400 1484 λέγων
410 1459 417 1466 ο
437 1460 446 1477 ι
458 1452 533 1487 Ἐμοὶ
547 1453 584 1488 μὴ
594 1453 699 1488 γένοιτο
712 1464 778 1482 καυ-

2 1490 100 1540 ῑσθαιζ
109 1492 144 1542 el-
154 1491 243 1542 pit-iv
254 1493 293 1542 τιῖ.»
305 1494 414 1542 σταυρῷ
427 1495 474 1522 τοῦ
489 1497 592 1532 Κυρίου
615 1506 665 1533 μου
689 1499 775 1535 Ἰησοῦ
789 1513 811 1542 C

3 1535 113 1569 ριστοῦ,
130 1536 165 1563 δι’
179 1533 210 1563 οὗ
223 1538 284 1572 ἐμοί¹
302 1538 404 1573 κόσμος
427 1540 606 1577 ἐσταύρωται,
621 1544 699 1578 κάγὼ
720 1533 775 1572 ’κὸ-

2 1588 48 1614 ιῳ,
62 1590 71 1606 ι
90 1581 143 1608 καὶ
159 1582 255 1618 χωρῶν
268 1583 298 1610 τὸ
312 1583 422 1620 ἀγαπᾷν
435 1586 537 1622 Κύριον
553 1588 598 1614 τὸν
613 1588 679 1616 Θεὸν
693 1591 775 1617 αὑτοῦ

2 1634 4 1654 ;
19 1625 89 1661 ὅλης
114 1627 168 1663 τῆς
182 1629 294 1664 καρδίας
318 1631 411 1663 αὑτοῦ,
435 1633 483 1660 καὶ
497 1633 527 1665 ἐξ
549 1634 613 1670 ὅλης
624 1635 673 1671 τῆς
687 1636 776 1672 ψυχῆς

2 1671 70 1703 ἱτοῦ,
89 1673 144 1700 καὶ
161 1673 192 1706 ἐξ
212 1674 277 1710 ὅλης
290 1675 340 1711 τῆς
362 1676 480 1710 διανοίας
498 1679 591 1712 αὐτοῦ,
614 1680 652 1715 τῷ
667 1681 704 1717 μὴ
721 1671 776 1708 θλί-

6 1719 71 1747 σθαι
89 1721 146 1756 τὴν
165 1722 291 1758 τοιαύτην
313 1724 423 1760 ἀγάπην
438 1726 491 1752 ὑπὸ
510 1727 559 1763 τῆς
583 1727 652 1763 πρὸς
667 1728 712 1756 τὸν
728 1730 774 1756 κό-

2 1774 42 1792 ιον
65 1767 198 1802 ἀγάπης,
216 1769 262 1795 καὶ
275 1769 308 1796 τὰ
323 1770 379 1805 (88)
395 1771 424 1797 ὲν
446 1771 486 1806 τῷ
500 1772 595 1807 κόσμῳ
606 1781 613 1788 ·
636 1773 776 1809 ἀμήχανον

2 1819 24 1846 ιρ
40 1813 238 1849 συνυπάρχειν
262 1815 312 1851 τὴν
326 1816 394 1851 πρὸς
415 1817 460 1844 τὸν
486 1818 587 1853 κόσμον
609 1819 719 1856 ἀγάπην
744 1822 775 1856 τῇ

2 1857 40 1889 ad;
65 1858 119 1885 τὸν
147 1858 215 1886 Θεὸν
230 1861 338 1897 ἀγάπῃ·
366 1863 404 1894 ὡς
428 1864 568 1899 ἀμήχανον
595 1865 776 1902 συνυπάρχειν

2 1902 103 1938 λήλοις
121 1903 184 1938 φῶς
196 1905 244 1932 καὶ
257 1906 361 1939 σκότος,
378 1907 394 1942 ἢ
410 1908 527 1943 Χριστὸν
548 1909 594 1936 καὶ
610 1909 655 1937 τὸν
668 1910 775 1946 Βελίαρ,

2 1949 45 1975 τὸν
59 1950 134 1977 ναὸν
159 1947 229 1976 εἶναι
245 1952 292 1979 τοῦ
314 1953 381 1980 Θεοῦ
398 1954 468 1989 μετὰ
485 1956 532 1982 τοῦ
549 1956 613 1983 ναοῦ
633 1957 777 1992 τυγχάνον-

2 2002 10 2025 ;
27 1994 92 2030 (89)
111 1995 246 2024 εἰδώλων.
271 1998 313 2030 Ὠς
329 1999 462 2034 διαφορᾶς
483 2000 606 2036 μέντοιγε
621 2002 706 2038 οὕσης
725 2003 777 2030 τῶν

2 2048 43 2066 τω
57 2041 140 2076 πρὸς
152 2042 265 2078 ἄλληλα,
282 2043 388 2078 λέγεται
399 2045 585 2081 ὑπερθετικῶς
596 2048 625 2074 τό
635 2057 642 2063 ·
662 2058 671 2074 ι
685 2049 778 2076 Ἔϐεν-

11 2095 47 2120 με
65 2087 101 2113 ὲν
126 2087 227 2123 λάκκῳ
250 2090 397 2126 κατωτάτῳ
409 2099 415 2106 ·
433 2101 442 2117 ι
462 2092 509 2118 καὶ
524 2093 555 2119 τό
567 2101 573 2108 ·
594 2103 603 2119 ι
615 2093 661 2126 Εἰς
677 2095 711 2125 τὰ
727 2104 776 2122 κα-

2 2140 79 2158 τατα
95 2133 157 2167 τῆς
180 2133 232 2168 γῆς
249 2135 263 2160 ό
285 2135 417 2168 καταϐὰς,
435 2133 512 2169 οὗτός
528 2138 602 2164 ἐστιν
622 2139 668 2166 καὶ
679 2140 693 2165 ὁ
708 2141 773 2167 ἀνα-

834 224 896 245 csse
910 226 917 245 :
934 217 980 244 alii
995 217 1076 244 etiam
1090 216 1162 249 licet,
1174 223 1207 243 ex
1226 216 1276 243 hoc
1285 215 1384 243 smculo
1399 223 1460 243 cum
1472 216 1519 250 sit,
1533 216 1591 244 ﬂeri
1607 225 1623 244 e

835 262 915 296 cmlo,
932 262 1043 290 dicente
1056 261 1196 296 discipulis
1211 260 1357 288 Servatore
1369 261 1391 277 ⁶⁹
1406 270 1412 287 :
1432 269 1442 286 ι
1459 259 1499 287 Ex
1522 262 1622 289 mundo

834 307 929 341 eratis,
945 311 972 334 et
997 313 1047 342 ego
1065 313 1112 334 vos
1126 313 1141 334 e
1162 305 1263 333 mundo
1280 304 1360 340 elegi,
1378 312 1427 333 nee
1442 304 1560 339 amplius
1587 312 1621 332 ex

834 353 936 381 mundo
948 352 1015 380 estis
1028 359 1036 378 :
1055 361 1065 378 ι
1083 350 1299 387 quandoquidem
1314 350 1386 377 enim
1401 351 1476 378 venit
1489 348 1621 377 Servator

833 406 957 434 quaerere
979 403 1008 426 et
1031 405 1145 426 servare
1170 395 1242 431 quod
1267 396 1385 430 perierat
1409 395 1443 429 ‘l,
1471 395 1546 423 venit
1574 403 1621 423 eos

835 445 1019 472 translaturus
1030 444 1063 471 ad
1076 450 1203 478 superna,
1218 441 1263 477 qui
1277 441 1383 469 inferne
1396 447 1485 475 erant,
1497 446 1526 469 ct
1539 442 1621 469 ascri-

833 491 872 527 pti
891 491 965 519 cives
989 491 1063 518 inter
1075 497 1122 518 eos
1144 489 1190 525 qui
1215 488 1322 515 inferne
1337 493 1425 516 erant.
1439 489 1546 517 Etenim
1563 490 1622 524 ipse

833 541 883 569 est,
908 536 955 572 qui
975 536 1117 564 descendit
1143 535 1169 562 in
1199 533 1343 561 inferiores
1370 539 1462 569 partes
1488 539 1568 562 terras
1582 535 1616 568 θ’,

834 586 944 616 propter
967 588 1016 608 eos
1039 581 1085 616 qui
1109 585 1188 608 erant
1213 580 1240 607 in
1265 579 1367 608 inﬁmis
1390 581 1512 615 partibus
1529 586 1619 608 teme.

834 626 905 660 Quin
918 627 1001 655 etiam
1021 628 1146 655 ascendit
1167 633 1248 662 super
1264 634 1360 655 omnes
1387 626 1469 655 caelos
1496 627 1528 659 “,
1549 627 1620 654 viam

833 680 992 707 praeparans
1015 673 1181 707 volentibus,
1205 677 1287 709 atque
1312 673 1393 701 etiam
1412 673 1454 700 his
1476 673 1522 708 qui
1537 673 1621 708 ipsius

833 718 958 752 discipuli
973 718 1080 746 sincere
1095 718 1208 752 fuerim,
1224 719 1257 746 ad
1271 726 1303 746 ea
1319 725 1379 754 quae
1389 723 1452 746 sunt
1466 725 1548 752 supra
1563 725 1622 746 om-

833 771 882 791 nes
906 763 1001 796 caelos,
1018 764 1070 792 hoc
1085 769 1128 791 est
1141 764 1174 791 ad
1202 772 1234 792 ea
1250 771 1310 799 quae
1322 768 1385 791 sunt
1400 768 1477 791 extra
1492 771 1620 799 corpora.

833 808 911 842 Quod
927 809 950 836 si
964 809 1042 843 cupis
1056 817 1071 836 a
1085 809 1229 844 Scriptura
1247 810 1352 838 discere
1365 810 1426 844 quis
1438 811 1475 838 sit
1486 818 1518 837 ex
1535 811 1621 837 inl‘er-

833 855 887 887 nis,
918 855 1037 890 ilemque
1052 855 1114 890 quis
1128 857 1163 884 sit
1188 863 1203 883 e
1226 856 1364 891 supernis,
1382 856 1446 883 audi
1464 865 1471 882 :
1487 856 1620 890 Quoniam

832 901 876 928 ubi
903 901 986 929 fuerit
1012 901 1229 938 uniuscujusque
1255 902 1411 934 thesaurus,
1437 902 1492 930 illic
1516 902 1570 930 erit
1591 907 1619 930 et

832 954 880 974 cor
895 947 934 980 “;
959 948 982 975 si
997 949 1060 983 quis
1073 949 1217 976 thesauros
1232 947 1417 976 recondiderit
1432 948 1459 975 in
1476 952 1562 981 terra,
1585 956 1619 976 ex

833 993 891 1027 ipso
916 994 988 1027 quod
1015 994 1142 1022 recondit
1157 994 1300 1022 thesauros
1316 994 1342 1021 in
1358 998 1443 1026 terra,
1457 1001 1489 1021 ex
1507 994 1621 1023 infernis

830 1037 965 1071 edicitur;
983 1039 1025 1066 sin
1040 1045 1105 1066 vero
1119 1039 1265 1066 thesauros
1289 1039 1475 1066 recondiderit
1492 1040 1519 1066 in
1532 1040 1620 1072 melis,

831 1083 954 1111 nascitur
974 1091 990 1111 e
1007 1084 1134 1118 supernis
1148 1103 1156 1116 ,
1173 1087 1200 1110 et
1220 1083 1335 1110 assumit
1356 1083 1506 1118 imaginem
1523 1091 1620 1119 super-

831 1129 953 1157 cwlestis
964 1129 987 1145 ⁶⁸
1003 1139 1009 1156 :
1028 1135 1111 1164 atque
1127 1129 1208 1156 etiam
1233 1129 1303 1156 alius
1317 1128 1399 1165 304
1415 1137 1476 1157 cum
1491 1136 1614 1164 penetra-

831 1175 870 1202 rit
888 1182 982 1203 omnes
1005 1175 1090 1202 caelos
1104 1175 1139 1208 “,
1153 1175 1179 1202 in
1195 1175 1246 1202 line
1269 1175 1423 1203 invenietur
1449 1176 1619 1205 beatissimo.

831 1220 891 1248 Sint
906 1225 996 1248 autem
1013 1221 1154 1255 utriusque
1169 1227 1265 1256 opera,
1278 1221 1370 1256 qualia
1382 1222 1437 1250 dixi
1455 1231 1462 1250 ε
1480 1223 1515 1250 ita
1534 1229 1563 1250 ut
1579 1225 1621 1251 di-

830 1273 926 1294 camus
936 1273 1019 1301 opera
1039 1266 1131 1294 carnis
1146 1265 1237 1293 facere
1252 1274 1314 1294 eum
1328 1268 1374 1302 qui
1386 1276 1418 1295 ex
1434 1268 1548 1296 infernis
1559 1274 1618 1303 est;

830 1312 948 1339 h'uctum
963 1319 1028 1339 vero
1038 1311 1152 1346 spiritus
1160 1311 1252 1339 facere
1264 1319 1326 1340 eum
1336 1314 1381 1348 qui
1397 1319 1461 1342 este
1474 1316 1618 1350 superuis;

830 1362 913 1392 atque
931 1364 1029 1384 I'III'SUS
1057 1364 1180 1385 antorem
1204 1364 1268 1392 erga
1286 1357 1360 1386 hunc
1384 1360 1512 1387 mundum
1529 1360 1620 1388 facere

829 1403 967 1431 hominem
993 1411 1027 1431 ex
1048 1403 1100 1431 hoc
1127 1404 1228 1432 mundo
1253 1406 1430 1433 exsistenlem
1446 1414 1453 1434 :
1470 1406 1618 1440 quoniam.

829 1450 976 1478 secundum
992 1449 1136 1482 Joannem,
1161 1450 1207 1485 qui
1231 1452 1315 1480 habet
1336 1459 1457 1479 amorem
1479 1451 1547 1485 Dei,
1574 1451 1620 1480 ille

829 1503 882 1524 non
895 1500 937 1523 est
951 1503 986 1524 ex
1003 1496 1055 1524 hoc
1069 1496 1185 1530 mundo;
1203 1498 1249 1532 qui
1265 1502 1356 1525 autem
1368 1505 1421 1525 ιιοιι
1437 1497 1525 1533 diligit
1542 1505 1619 1526 mun-

827 1544 904 1575 dum,
922 1550 972 1570 nec
987 1550 1019 1570 ea
1038 1543 1148 1577 quidem
1162 1551 1222 1578 qua:
1243 1544 1270 1571 in
1287 1545 1389 1572 mundo
1400 1549 1465 1572 sunt
1481 1544 1568 1580 diligit
1582 1545 1616 1578 ",

828 1589 876 1616 sed
889 1587 975 1616 dicit:
995 1597 1004 1613 ι
1024 1587 1089 1615 Mihi
1100 1588 1176 1615 absit
1192 1588 1315 1623 gloriari,
1332 1589 1382 1619 nisi
1407 1590 1433 1617 in
1459 1597 1540 1618 cruce
1567 1590 1619 1617 Do-

828 1633 894 1660 mini
923 1633 976 1660 mei
1000 1632 1064 1660 Jesu
1089 1632 1202 1665 Christi,
1227 1640 1274 1667 per
1301 1641 1381 1668 quem
1404 1634 1470 1661 mihi
1500 1633 1617 1661 mundus

827 1680 979 1708 cruciﬁxus
990 1683 1043 1710 est,
1064 1682 1091 1706 et
1108 1685 1158 1712 ego
1178 1679 1281 1706 mundo
1297 1679 1331 1712 ⁸⁸,
1352 1688 1360 1704 ι
1379 1684 1406 1706 et
1418 1680 1491 1714 capit
1504 1679 1618 1713 diligere

829 1726 974 1754 Dominum
988 1726 1072 1754 Deum
1084 1733 1163 1752 suum
1178 1732 1211 1752 ex
1228 1728 1285 1752 toto
1296 1725 1378 1752 corde
1390 1733 1450 1757 suo,
1471 1729 1498 1752 et
1511 1733 1544 1752 ex
1561 1729 1616 1752 tota

829 1770 921 1798 anima
936 1778 997 1805 sua,
1018 1775 1045 1798 et
1062 1778 1097 1798 cx
1121 1775 1177 1798 tota
1194 1774 1284 1798 mente
1306 1778 1354 1798 sua
1372 1771 1406 1804 α’,
1421 1778 1454 1798 eo
1469 1770 1539 1805 quod
1563 1778 1617 1798 non

829 1821 970 1852 prematur
989 1816 1052 1844 talis
1068 1823 1147 1843 amor
1171 1816 1206 1844 ab
1221 1823 1315 1844 amore
1340 1816 1444 1848 mundi,
1471 1820 1498 1843 et
1523 1823 1617 1844 eorum

829 1869 890 1897 quae
912 1866 977 1889 sunt
992 1862 1020 1889 in
1046 1861 1158 1889 mundo.
1185 1860 1258 1888 Fieri
1281 1861 1354 1888 enim
1378 1861 1471 1896 nequit
1484 1865 1515 1887 ut
1536 1860 1618 1888 simul

827 1908 943 1935 exsistat
958 1915 1036 1936 amor
1050 1915 1115 1943 erga
1127 1907 1256 1935 mundum
1270 1914 1331 1934 cum
1343 1914 1436 1934 amore
1447 1914 1511 1942 erga
1521 1906 1616 1940 Deum,

828 1954 1056 1989 quemadmodum
1075 1955 1134 1983 ﬁeri
1158 1954 1257 1989 nequit
1277 1958 1306 1981 ut
1325 1953 1405 1982 simul
1423 1953 1557 1982 exsistant
1572 1952 1618 1980 lux

828 2005 856 2028 et
873 2000 1001 2033 tenebrae,
1016 2000 1142 2030 Christus
1155 2005 1182 2028 ct
1196 1999 1287 2027 Beliar
1299 2007 1307 2029 :
1320 2000 1385 2028 item
1401 2000 1459 2028 ﬁeri
1480 1999 1576 2035 nequit
1590 2003 1618 2026 ut

829 2045 901 2073 idem
924 2047 1053 2081 templum
1067 2048 1104 2075 sit
1120 2047 1248 2082 templum
1265 2046 1326 2080 Dei,
1342 2051 1372 2073 et
1387 2045 1515 2081 templum
1528 2046 1615 2074 idolo-

830 2099 889 2119 rum
908 2092 940 2121 "°.
958 2091 1018 2120 Jam
1031 2094 1109 2128 quasi
1124 2093 1372 2122 dilicrautintersc
1390 2092 1446 2120 loca
1461 2100 1522 2127 quas
1535 2091 1617 2119 infcr-

830 2144 864 2165 ne
880 2142 967 2171 sunt,
987 2138 1150 2173 superlative
1167 2140 1289 2168 dicitur;
1309 2148 1318 2165 ι
1347 2138 1501 2166 Posuerunt
1525 2145 1569 2164 me
1591 2138 1617 2164 in

2 2187 22 2209 ;.
44 2188 56 2204 ι
90 2179 206 2215 Διόπερ
219 2179 335 2208 ἐνώπιον
348 2181 395 2208 τοῦ
410 2183 527 2218 Χριστοῦ
553 2192 563 2209 ι
578 2185 759 2219 προπεσοῢντο

874 2191 889 2211 ιι
905 2184 999 2211 inﬁmo
1013 2184 1047 2217 ".
1077 2194 1086 2211 ι
1104 2190 1131 2213 et
1148 2185 1212 2214 illud
1227 2195 1233 2213 :
1250 2195 1259 2211 ι
1285 2185 1338 2218 Qui
1353 2183 1492 2212 descendit
1506 2183 1540 2210 ad
1557 2183 1618 2209 inli-

2 2232 12 2249 ν
30 2225 151 2256 πάντες
168 2226 194 2251 οἱ
209 2226 415 2259 καταϐαίνοντες
427 2237 436 2254 ι
458 2229 498 2259 είς
517 2229 551 2256 τὰ
570 2229 711 2266 κατώτερα
729 2232 776 2266 μέ-

8 2270 68 2305 τῆς
85 2270 164 2305 γῆς,
182 2271 222 2302 εἰς
239 2271 302 2306 ᾅδου
315 2280 321 2286 ·
347 2273 408 2298 ἐπεὶ
421 2272 521 2308 ἀληθὲς
536 2274 583 2300 τό·
610 2285 619 2300 ι
632 2275 688 2302 Οὐκ
702 2275 775 2303 ἔστιν

2 2316 44 2351 τῷ
61 2316 190 2351 θανάτῳ
205 2318 219 2343 ό
236 2319 413 2352 μνημονεύων
429 2328 475 2346 σου
490 2327 497 2334 ·
521 2320 550 2346 ἐν
573 2320 602 2347 δὲ
616 2321 654 2356 τῷ
669 2321 719 2358 ᾄδῃ
734 2322 775 2354 τίς

2 2362 210 2398 μολογήσεταί
234 2371 289 2396 σοις
304 2373 312 2388 ι
348 2363 410 2390 Ἐὰν
435 2364 462 2391 δέ
486 2374 528 2397 τις
551 2365 726 2403 ἀνθυποφέρῃ
743 2368 774 2394 τὸ

2 2407 159 2434 ταϐαίνειν
183 2407 263 2434 αὐτὸν
275 2408 316 2440 είς
329 2408 362 2435 τὰ
378 2409 520 2445 κατώτερα
538 2410 588 2446 τῆς
601 2412 663 2446 γῆς,
679 2413 774 2448 ἐπιτη-

2 2461 68 2486 τεις,
91 2453 145 2480 ὅτι
175 2452 223 2480 ἐπὶ
240 2454 296 2481 τῶν
311 2455 528 2483 καταϐαινόντων
543 2457 582 2489 εἰς
601 2458 653 2492 γῆν
668 2459 774 2494 εἴρηται

14 2499 282 2535 προπεσοῦνται·
298 2501 503 2529 ὑποπιπτόντων
523 2503 576 2539 γὰρ
594 2503 633 2540 τῷ
653 2505 772 2541 Χριστῷ,

2 2582 13 2598 ⁹
33 2581 136 2609 Joan.
159 2580 265 2610 xv,19.

316 2581 337 2597 “
354 2581 420 2609 Luc.
434 2590 490 2614 nx.
509 2583 552 2610 10.

2 2616 88 2644 lebr.
109 2622 158 2646 Iv.
179 2614 223 2641 M.

271 2615 293 2652 f7
311 2615 321 2643 l
341 2617 419 2652 John,
442 2625 470 2649 ιι,
492 2617 525 2645 i5
546 2626 604 2652 seq.

607 2584 629 2599 σί
646 2584 718 2602 ΙῗπιΙιιι

859 2586 905 2648 .r
928 2586 1071 2649 ίιιίέιλιιιι.

829 2237 889 2257 mas
901 2234 994 2265 partes
1011 2235 1103 2264 terrae.
1120 2231 1164 2259 hic
1189 2236 1230 2259 est
1245 2231 1327 2259 etiam
1342 2230 1387 2266 qui
1409 2229 1530 2257 ascendit
1545 2228 1588 2262 7‘;
1604 2237 1614 2252 ι

829 2276 961 2311 quocirca
977 2283 1070 2304 coram
1088 2277 1198 2304 Christo
1214 2286 1223 2303 ι
1241 2277 1383 2311 proeident
1397 2282 1491 2303 omnes
1506 2274 1618 2301 descen-

829 2322 923 2350 dentes
936 2322 960 2338 ⁷³
977 2331 987 2348 ι
1007 2322 1041 2350 ad
1065 2322 1209 2356 inferiores
1224 2327 1317 2358 partes
1345 2327 1423 2349 terra:
1437 2341 1444 2354 ,
1460 2328 1557 2356 nempe
1589 2320 1615 2346 iu

829 2367 976 2402 infernum,
999 2369 1130 2403 quoniam
1154 2376 1247 2396 verum
1264 2373 1306 2396 est
1328 2367 1393 2395 illud
1407 2376 1413 2394 :
1430 2376 1440 2392 ι
1461 2366 1519 2394 Non
1533 2371 1574 2393 est
1588 2366 1614 2392 in

830 2417 916 2441 morte
931 2414 977 2449 qui
994 2423 1099 2443 memor
1114 2415 1150 2444 sit
1174 2416 1231 2449 tui;
1258 2415 1285 2442 in
1312 2414 1418 2442 inferno
1440 2419 1530 2441 autem
1554 2414 1615 2448 quis

828 2459 1006 2488 conﬁtebitur
1021 2461 1070 2489 tibi
1085 2461 1129 2489 7‘?
1147 2471 1156 2488 ι
1173 2461 1249 2495 Quod
1273 2462 1295 2489 si
1312 2465 1406 2488 contra
1428 2461 1489 2496 quis
1504 2459 1618 2494 obiiciat

829 2506 917 2541 ipsum
939 2506 1023 2534 etiam
1042 2507 1209 2535 descendere
1225 2508 1258 2535 ad
1282 2507 1427 2535 inferiores
1444 2509 1537 2542 partes
1558 2510 1615 2534 lcr-

883 2586 905 2602 ⁸³
928 2586 993 2614 ibid.
1012 2587 1055 2614 10.
1095 2587 1118 2603 ⁵⁸
1131 2587 1224 2614 Matth.
1238 2596 1275 2621 vt,
1287 2588 1332 2614 21.
1370 2589 1392 2604 ⁸⁸
1408 2587 1491 2615 ICor.
1509 2595 1553 2620 xv.
1569 2587 1612 2616 69.

883 2622 903 2648 ι.
950 2622 972 2638 ⁶⁹
989 2622 1084 2649 Matth.
1105 2630 1173 2651 uti.
1193 2623 1237 2650 57.
1293 2624 1316 2638 ⁷⁰
1335 2622 1356 2651 ll
1376 2623 1440 2651 Cor.
1452 2631 1488 2651 vr.
1519 2622 1612 2651 ιιι-ιθ.

1433 2644 1440 2651 α
1453 2637 1488 2658 Vl,
1521 2637 1614 2651 ιιΙ-ιυυ

2 2652 77 2680 ’sal.
102 2656 239 2683 Lxxxvu,
261 2650 287 2677 7.
332 2651 354 2668 ⁷³
365 2651 464 2686 Ephes.
485 2660 521 2685 Iv,
534 2653 560 2686 9,
577 2650 618 2681 l0.
666 2655 688 2670 "
706 2655 757 2683 l’sa

872 2656 915 2683 '50.
955 2656 979 2672 ⁷⁵
998 2657 1072 2685 Psal.
1088 2665 1126 2690 vt,
1143 2650 1168 2684 ϐξ

2 2720 51 2755 35)
60 2719 107 2758 _'0
121 2717 248 2758 ξωτήρ.
269 2717 350 2745 Deest
367 2725 394 2745 In
409 2718 503 2746 codice
525 2719 621 2754 Regio,
638 2721 685 2748 sed
710 2721 774 2758 legi-

8 2752 44 2784 ξεί
59 2752 247 2782 Bodleiano.

2 2792 51 2824 36)
67 2789 128 2826 sic
163 2787 248 2826 habet
273 2788 357 2826 cedes
373 2787 545 2826 Bodleianus,
571 2790 668 2826 melius
690 2799 771 2826 quam

2 2819 74 2862 (ius,
95 2824 132 2853 iu
150 2829 209 2858 quo
229 2821 328 2858 legitur
349 2822 463 2850 ἑκάστου
481 2819 549 2860 ἔργα
558 2819 613 2853 οἷον
626 2819 700 2854 εἶπαί

862 2722 919 2762 (8])
932 2723 1021 2762 Codex
1033 2723 1204 2762 liodlcianus,
1224 2725 1277 2762 τόν)
1294 2725 1394 2762 Regius
1403 2745 1410 2759 ,
1424 2725 1485 2762 τήν,
1497 2724 1576 2752 male.

862 2758 920 2794 (88)
934 2759 1026 2787 Codex
1044 2759 1215 2793 Bodleianus,
1232 2760 1278 2787 καὶ
1291 2758 1355 2787 τῶν.

828 2794 919 2864 χάίὸθ)
931 2794 1023 2826 Codex
1041 2795 1215 2829 Bodleianus,
1230 2796 1417 2832 τυγχάνοντος·
1435 2794 1534 2830 Regius
1547 2803 1613 2829 τυγ-

866 2837 930 2856 νειν.
