1847 3045
13 111 58 138 id!)
544 110 721 139 COMNIENT.
742 109 774 137 IN
794 109 807 138 ,ι

887 132 889 138 ,
905 108 1024 137 TOMUS
1042 108 1112 136 XIX.

1591 111 1644 138 570

13 170 85 198 ιτέον
103 170 168 203 τοῦ,
192 181 200 196 ι
213 171 269 206 Πρὸ
293 171 444 206 καταϐολῆς
459 171 576 206 κόσμου’
592 180 601 196 ι
627 169 752 206 ἐπίτηδες
765 169 809 196 διὰ

888 169 947 196 ›εδῑι
964 168 1054 195 anima
1067 175 1128 195 esse
1151 167 1214 196 Jesu
1230 174 1290 204 quae
1309 168 1374 196 dicit
1388 176 1396 196 :
1412 178 1423 195 ι
1448 170 1504 205 Ego
1519 177 1572 198 non
1584 155 1643 198 sum

13 216 140 252 τοιαύτην
163 216 200 252 (2)
214 216 334 243 ἐπίνοιαν
358 216 518 243 πλασάντων
540 216 623 251 ὄνομα
646 217 700 242 τῶν
722 216 806 249 ἁγίων

13 261 46 292 τὸ,
66 260 124 294 τῆς
137 259 315 292 καταϐολῆς.
333 261 463 295 Καίτοιγε
491 260 617 287 ἐδύναντο
640 261 730 294 λέγειν
754 260 807 296 πρὸ

13 307 127 338 κτίσεως
142 306 257 342 κόσμου,
275 307 322 333 καὶ
344 306 381 342 μὴ
397 306 550 342 χρήσασθαι
571 306 610 342 τῷ
622 306 673 341 τῆς
689 308 809 333 καταϐο-

13 352 66 386 Ιῆς
90 352 219 388 ὀνόματι.
242 352 321 384 Ὄλος
347 350 393 379 οὖν
409 353 424 378 6
438 352 549 387 κόσμος,
570 353 617 379 καὶ
633 352 667 378 τὰ
688 352 717 378 ὲν
733 352 808 388 αὐτῷ

13 398 36 424 ὲν
53 397 198 434 καταϐολῇ
215 398 289 424 ἐστιν
300 406 308 413 ⁸
335 397 387 429 ἔξω
403 397 431 424 δὲ
448 397 600 432 καταϐολῆς
614 396 717 432 κόσμου
742 405 809 423 παν-

13 444 52 475 τὸς
65 443 193 478 γίνονται
215 445 238 470 οἱ
254 443 301 470 τοῦ
321 443 407 479 Ἰησοῦ
425 444 530 478 ¹γνήσιοι
545 443 674 478 μαθηταὶ,
688 441 736 474 οὓς
749 442 808 475 ὲξεη

13 489 107 523 λέξατο
130 490 166 516 ὲκ
191 488 238 516 τοῦ
252 489 366 524 κόσμου,
390 489 434 516 ἴνα
450 488 548 524 μηκέτι
567 485 633 515 ὦσιν
649 489 681 515 ὲκ
697 488 744 514 τοῦ
761 488 807 514 κό-

13 543 92 570 σμου.
108 535 237 570 αἴροντες
248 535 295 562 τὸν
309 535 424 570 σταυρὸν
441 535 555 567 ἑαυτῶν,
571 534 618 561 καὶ
632 533 808 561 ἀκολουθοῦν-

13 589 38 606 τε
42 589 55 612 ς
69 589 158 616 αυτῳ.

859 222 890 242 ex
907 215 958 241 hoc
974 215 1075 242 mundo
1088 215 1122 247 '°,
1141 224 1151 240 ι
1165 222 1332 242 conversaris
1355 215 1383 242 in
1401 215 1448 242 illo
1462 221 1518 243 toto
1533 215 1644 248 mundo,

859 268 1022 294 omnemque
1044 267 1106 287 eum
1128 260 1307 295 perlustrans,
1326 268 1462 296 manuque
1485 261 1586 288 ducens
1610 260 1644 288 ad

858 314 919 334 cum
934 314 981 334 eos
994 307 1039 342 qui
1064 306 1224 334 didicissent
1247 306 1312 333 nihil
1328 306 1434 334 inferne
1451 307 1550 334 habere
1565 315 1644 334 mun-

859 354 922 379 dum
950 353 1023 379 llllllll
1049 352 1269 387 intelligibilem;
1299 352 1529 387 quemadmodum
1559 359 1647 386 neque

859 397 919 428 istc,
936 398 958 425 si
976 398 1038 432 quis
1053 401 1179 424 accurate
1192 397 1349 432 perpendat,
1365 398 1512 432 quidquam
1529 404 1646 429 superne

858 443 951 471 habet.
968 444 1096 479 Alioquin
1119 443 1255 479 quomodo
1272 444 1388 472 mundus
1404 445 1455 472 iste
1472 444 1570 472 habere
1594 445 1646 470 ali-

859 490 923 523 quid
934 497 1052 524 superne
1075 494 1184 524 potest,
1207 490 1285 525 cujus
1310 490 1432 517 conditio
1448 496 1489 517 est
1506 490 1621 525 dejectio
1634 489 1647 516 ’ί

859 535 952 569 Neque
969 536 1041 562 enim
1068 536 1218 564 oscitanter
1233 535 1375 570 legendum
1403 541 1443 562 est
1459 536 1536 568 illud,
1556 545 1565 561 ι
1584 541 1647 563 ante

862 582 1041 616 dejectionem
1057 583 1148 610 mtmdi
1165 582 1202 615 ",
1221 592 1230 608 ι
1257 590 1317 609 cum
1335 583 1421 610 sancti
1442 583 1647 612 convenienter.

13 632 37 653 et
65 626 191 653 studiose
217 634 314 653 nomen
330 627 381 655 hoc
393 626 443 661 τῆς
459 625 612 661 καταῦολῆς
631 625 701 662 [hoc
717 630 758 654 est
774 627 941 663 dejectionis]
962 634 1073 662 propter
1095 629 1174 655 talem
1191 628 1395 662 intelligentiam
1412 628 1549 655 ﬂuxerint.
1571 627 1646 654 Alio-

15 674 75 707 quin
88 674 183 701 dicere
195 678 320 708 poterant
336 673 388 708 πρὸ
403 673 519 704 κτίσεως
539 672 602 708 [hoc
620 678 663 700 est
681 677 741 700 ante
762 674 950 710 conditionem]
977 674 1087 707 mundi,
1111 683 1160 702 nec
1177 676 1215 702 uti
1237 675 1388 709 dejectionis
1405 675 1546 702 vocabulo.
1562 674 1648 701 Totus

16 721 102 754 inque
125 720 253 749 mundus.
270 724 370 754 etquae
386 720 411 746 in
433 721 489 754 ipso
507 725 582 752 sunt,
599 720 624 747 in
644 720 794 754 dejectione
815 725 897 752 sunt;
919 726 948 748 at
968 728 1032 748 vero
1059 725 1135 748 extra
1155 721 1334 755 dejectionem
1356 721 1439 748 totius
1460 720 1550 747 nmudi
1567 720 1649 755 306

16 768 147 794 exsistunt
166 768 288 802 germani
304 767 368 795 Jesu
386 767 520 802 discipuli,
537 774 604 802 quos
621 775 636 795 c
650 768 749 795 iuundo
760 767 888 803 elegerat,
902 772 993 796 utnon
1007 768 1121 805 amplius
1136 773 1228 796 essent
1240 777 1255 796 e
1273 769 1383 802 mundo,
1400 767 1523 795 tollentes
1540 774 1648 794 crucem

16 822 98 845 suam,
115 818 144 840 et.
157 817 382 848 sequentes'eum
393 814 426 840 θ’.

48 859 75 887 6.
94 869 103 885 ι
116 857 203 886 Εἶπον
215 857 261 885 οὖν
275 860 349 895 ὑμῖν,
363 860 403 886 ὃτι
414 859 591 886 ἀποθανεῖσθε
605 860 634 886 ὲν
644 860 704 892 ταῖς
718 860 808 895 ἁμαρ-

15 905 83 937 τίαις
98 905 179 940 ὑμῶν
191 913 198 920 ·
226 905 274 932 ἐὰν
295 905 350 941 γὰρ
365 905 402 941 μὴ
425 905 598 941 πιστεύσητε,
614 906 654 932 ὅτι
672 906 726 940 ἐγώ
739 907 807 942 εἰμι,

897 860 922 887 6.
942 869 951 887 ι
975 861 1035 888 Dixi
1052 868 1116 896 ergo
1138 861 1214 889 vobis
1230 861 1302 895 quod
1318 860 1470 888 moriemini
1488 860 1514 886 in
1530 859 1649 894 peccatis

862 906 962 933 vestris
975 915 982 938 ;
1000 906 1052 934 nisi
1075 907 1147 934 enim
1170 905 1343 933 credideritis
1358 906 1427 940 quod
1441 913 1490 940 ego
1504 912 1574 936 sum,
1589 911 1648 931 mo-

19 950 194 977 ἀποθανεῖσθε
228 952 257 977 ὲν
281 952 341 982 ταῖς
359 951 507 986 ἁμαρτίαις
522 950 607 985 ὑμῶν.
621 960 630 976 ›
648 951 715 978 Πότε
733 950 809 978 εἶπεν

887 952 970 979 endni
988 952 1014 979 in
1029 953 1148 987 peccatis
1164 952 1264 980 vestris
1279 952 1311 979 ⁸⁸.
1333 962 1341 977 ι
1359 951 1472 984 Quando
1493 951 1561 978 dixit
1574 951 1646 978 illis:

20 997 125 1027 αὐτοῖς·
152 996 366 1023 ι’Δποθανείσθε
395 997 424 1023 ἐν
447 998 506 1028 ταῖς
522 997 670 1032 ἁμαρτίαις
695 997 781 1033 ὑμῶν,
795 1007 805 1024 ι

20 1041 36 1075 ἢ
51 1042 93 1067 ὅτε
108 1041 214 1076 ἔφασκε
224 1051 231 1057 ·
251 1052 260 1067 ι
273 1042 426 1077 Ζητήσεσθέ
438 1043 476 1076 (5)
491 1051 535 1077 με,
548 1043 594 1069 καὶ
608 1043 637 1069 ἐν
647 1044 706 1074 ταῖς
718 1044 808 1079 ἀμαρ-

21 1088 86 1119 τίαις
103 1088 180 1123 ὑμῶν
206 1088 405 1121 ἀποθανεῖσθε;
421 1098 430 1114 ι
454 1089 485 1115 Τί
508 1089 536 1116 δὲ
559 1090 589 1116 τὸ
611 1090 695 1116 αἴτιον
714 1089 761 1116 τοῦ
778 1091 807 1116 ὲν

22 1134 76 1164 ταῖς
89 1133 242 1169 ἁμαρτίαις
257 1134 346 1162 αὐτῶν
359 1134 542 1170 ἀποθνήσκειν
556 1134 726 1170 ἀνθρώπους,
745 1136 761 1171 ἢ
777 1135 808 1162 τὺ

26 1180 59 1214 μὴ
80 1179 229 1212 πιστεύειν,
255 1180 296 1206 ὅτι
316 1180 419 1213 Ἰησοῦς
444 1182 517 1208 ἐστιν
541 1182 555 1207 6
572 1182 704 1217 Χριστός;
727 1182 808 1214 αὐτος

25 1224 73 1259 γὰρ
97 1233 198 1260 φησιν·
228 1235 237 1251 ι
252 1222 369 1261 Ἐὰνμὴ
396 1227 567 1262 πιστεύσητε,
596 1228 637 1254 ὅτι
662 1227 717 1262 ἐγώ
739 1229 807 1263 εἰμι,

26 1269 197 1297 ἀποθανεῖσθε
215 1271 244 1296 ὲν
262 1272 322 1303 ταῖς
339 1271 487 1307 ἁμαρτίαις
501 1272 588 1307 ὑμῶν.
601 1282 610 1298 ι
640 1273 671 1299 El
696 1273 725 1299 δὲ
739 1273 753 1299 6
770 1273 807 1309 μὴ

28 1314 166 1347 πιστεύων,
182 1316 224 1342 ὃτι
245 1315 349 1350 Ἰησοῦς
371 1317 385 1342 6
399 1317 515 1352 Χριστός
533 1318 616 1348 ἐστιν,
634 1317 808 1345 ἀποθανεῖται

30 1359 53 1385 ἰν
72 1362 129 1392 ταῖς
141 1361 294 1396 ἁμαρτίαις
317 1362 424 1394 ἑαυτοῦ,
441 1362 528 1397 δῆλον,
543 1363 583 1389 ὅτι
607 1363 622 1389 6
639 1363 676 1398 μὴ
691 1363 809 1399 ἀποθνή-

29 1412 94 1431 σκων
108 1406 137 1432 ὲν
157 1407 220 1438 ταῖς
234 1402 380 1442 ἁμαρτίαις
395 1407 478 1434 αὑτοῦ
504 1408 668 1435 πεπίστευκε
688 1408 727 1444 τῷ
740 1410 808 1445 Χρι-

29 1450 93 1486 στῷ·
114 1453 127 1478 6
147 1451 175 1478 δὲ
192 1452 372 1487 ἀποθνήσκων
395 1454 424 1479 ὲν
448 1455 508 1485 ταῖς
535 1455 682 1490 ἁμαρτίαις
701 1456 808 1489 ἑαυτοῦ,

29 1495 74 1522 κᾶν
89 1496 153 1532 λέγῃ
177 1497 316 1524 πιστεύειν
329 1497 368 1533 τῷ
383 1497 502 1534 Χριστῷ,
528 1498 566 1530 ὡς
588 1499 656 1535 πρὸς
671 1499 701 1526 τὺ
712 1500 810 1535 ἀληθὲς

30 1541 56 1567 οὐ
71 1543 248 1570 πεπίστευκεν
264 1543 354 1578 αὐτῷ·
380 1543 427 1570 ἐὰν
444 1543 496 1580 γὰρ
512 1544 549 1579 (4)
562 1544 675 1580 λέγηται
701 1546 750 1581 μὲν
764 1546 809 1573 πί-

31 1595 91 1620 στις,
107 1589 191 1624 χωρὶς
206 1589 234 1615 δὲ
251 1589 338 1625 ἔργων
352 1589 482 1626 τυγχάνῃ,
500 1590 584 1625 νεκρά
599 1591 670 1618 ἐστιν
687 1592 703 1626 ὴ
719 1592 810 1618 τοιαύ-

865 1007 874 1024 ι
891 998 1044 1026 Moriemini
1075 999 1101 1025 iu
1124 999 1245 1033 peccatis
1261 998 1370 1030 vestris,
1391 1007 1400 1023 ι
1416 997 1467 1024 nisi
1485 997 1594 1032 quando
1608 995 1649 1023 di-

862 1044 914 1075 xit,
929 1053 938 1069 ι
959 1043 1094 1077 Qumretis
1113 1051 1167 1075 nte,
1181 1049 1208 1070 et
1221 1044 1247 1069 in
1264 1043 1383 1078 peccatis
1396 1043 1494 1070 vestris
1509 1042 1648 1069 moriemi-

862 1089 888 1115 ni
916 1088 963 1114 “?
983 1098 992 1114 ι
1012 1088 1082 1121 Quid
1101 1095 1166 1115 vero
1188 1092 1230 1114 est
1259 1088 1284 1114 in
1301 1095 1382 1115 causa
1402 1093 1428 1113 ut
1446 1087 1570 1114 homines
1588 1093 1647 1112 mo-

862 1135 968 1162 riantnr
978 1135 1004 1161 in
1019 1135 1137 1169 peccatis
1148 1134 1215 1165 suis,
1228 1134 1279 1160 nisi
1295 1141 1346 1160 non
1362 1133 1473 1160 credere
1484 1131 1575 1159 .lesnm
1587 1139 1648 1158 esse

862 1181 1026 1208 Christum?
1055 1180 1114 1216 ipse
1139 1181 1212 1207 enim
1239 1180 1323 1214 inquit
1341 1188 1348 1206 :
1365 1188 1374 1204 ι
1397 1178 1452 1205 Nisi
1479 1177 1650 1205 credideritis

861 1227 933 1262 quod
947 1235 997 1262 ego
1011 1227 1067 1260 ipse
1084 1234 1155 1257 sum.
1171 1225 1323 1253 moriemini
1338 1225 1364 1252 in
1380 1225 1497 1260 peccatis
1509 1223 1617 1251 vestris.
1636 1232 1647 1248 ι

863 1273 939 1307 Quod
953 1273 976 1300 si
990 1273 1052 1308 quis
1064 1280 1117 1299 non
1144 1272 1231 1299 credit
1247 1271 1338 1300 Jesum
1353 1278 1413 1298 esse
1430 1271 1578 1301 Christmn,
1592 1276 1650 1296 mo-

864 1320 933 1347 ritur
958 1319 991 1351 in,
1010 1319 1129 1353 peccatis
1151 1318 1224 1350 suis;
1252 1318 1353 1345 scilicet
1379 1317 1424 1351 qui
1451 1324 1504 1343 non
1534 1315 1649 1343 moritur

863 1366 890 1393 in
915 1365 1033 1401 peccatis
1060 1365 1136 1397 suis,
1162 1365 1185 1392 is
1200 1364 1309 1391 Christo
1332 1364 1429 1391 credit.
1456 1363 1492 1389 At
1519 1369 1582 1388 vero
1603 1361 1649 1396 qui

864 1412 978 1439 moritur
994 1411 1020 1439 in
1038 1410 1158 1443 peccatis
1173 1410 1240 1441 suis.
1259 1409 1365 1437 etiamsi
1391 1409 1463 1436 dicat
1485 1416 1514 1435 se
1540 1407 1650 1434 Christo

863 1456 987 1489 credere,
1001 1461 1132 1491 quantum
1157 1455 1190 1483 ad
1207 1455 1347 1483 veritatem
1373 1454 1422 1489 ipsi
1440 1461 1493 1481 non
1515 1452 1650 1485 credidit;

865 1510 926 1530 nam
948 1502 1058 1530 etiamsi
1083 1502 1190 1529 dicatur
1206 1500 1282 1533 [ιιιες.
1311 1500 1357 1528 sed
1378 1501 1414 1527 sit
1435 1500 1492 1526 sine
1509 1498 1648 1533 operibus,

864 1548 1018 1582 huiusmodi
1035 1547 1103 1575 iich
1120 1552 1227 1575 mortua
1240 1551 1291 1580 est,
1312 1551 1340 1572 ut
1356 1546 1469 1580 legimus
1489 1545 1514 1572 in
1531 1544 1649 1577 Epistola

864 1602 924 1630 qua:
947 1593 1040 1621 Jacobi
1060 1593 1169 1621 nomine
1192 1592 1384 1621 circumfertur
1409 1591 1443 1619 ⁸⁵.
1471 1591 1538 1624 Quis
1569 1591 1651 1626 igitur

31 1640 70 1668 τη,
89 1634 124 1666 ὼς
149 1635 178 1660 ὲν
193 1636 227 1670 τῇ
245 1635 382 1670 φερομένῃ
401 1635 528 1663 Ἰακώϐου
537 1637 675 1673 Ἐπιστολῇ
693 1637 809 1672 ἀνέγνω-

887 1645 944 1667 utas
958 1644 1001 1667 est
1016 1640 1143 1670 credens.
1162 1639 1215 1666 nisi
1237 1639 1281 1665 ille
1295 1639 1341 1673 qui
1359 1645 1392 1666 eo
1415 1637 1538 1672 pervenit
1555 1641 1584 1664 ut
1597 1644 1650 1664 non

34 1688 85 1713 μεν.
101 1681 147 1712 Τίς
159 1679 208 1707 οὖν
224 1681 277 1716 ἄρα
294 1682 366 1708 ἐστὶν
381 1682 395 1708 6
413 1682 548 1709 πιστεύων
564 1682 579 1718 ἢ
597 1684 610 1709 ὁ
620 1683 766 1718 ,πεπονθὼς
780 1685 813 1711 ἐκ

33 1725 73 1750 τοῦ
87 1726 237 1753 διακεῖσθαι
259 1727 330 1753 κατὰ
350 1727 395 1753 τὸν
419 1727 507 1762 λόγον,
533 1729 580 1755 καὶ
606 1730 814 1763 συμπεφυκέναι

34 1770 98 1806 αὑτῷ
118 1772 148 1798 τὸ
172 1773 212 1808 μὴ
236 1773 414 1808 ἐμπεσεῖσθαι
431 1773 474 1805 ἂν,
497 1775 559 1801 ὅσον
584 1775 632 1810 μὲν
651 1776 697 1801 ἐπὶ
709 1776 813 1808 τούτοις

35 1817 81 1848 τοῖς
104 1818 206 1853 ῥητοῖς,
232 1819 272 1849 εἰς
296 1818 330 1845 τὰ
358 1818 491 1854 λεγόμενα
514 1820 581 1855 πρὸς
606 1820 720 1847 θάνατον
744 1819 814 1848 εἶναι

35 1861 232 1898 ἀμαρτήματα;
255 1865 316 1891 ὅσον
343 1865 371 1891 δὲ
396 1866 442 1892 ἐπὶ
455 1865 494 1900 τῷ
505 1874 513 1881 ·
534 1875 543 1891 ι
556 1866 613 1898 Πᾶς
629 1867 642 1892 6
667 1867 812 1900 πιστεύων,

36 1906 70 1932 ὅτι
87 1908 185 1942 Ἰησοῦς
199 1910 337 1945 όΧριστός
352 1911 435 1942 ἐστιν,
451 1912 483 1937 ὲκ
493 1911 540 1937 τοῦ
555 1911 621 1938 Θεοῦ
632 1912 786 1947 γεγένηται,
801 1922 810 1938 ι

37 1952 78 1986 οὐχ
94 1953 244 1990 ἁμαρτάνει
270 1955 401 1991 καὶπρὸς
422 1956 436 1982 ὅ
459 1965 485 1982 τι
501 1956 635 1991 δηποτοῦν
660 1957 715 1983 τῶν
739 1957 814 1993 παρὰ

37 1997 74 2024 τδν
95 2001 170 2036 ὀρθὸν
184 2002 335 2037 γινομένων
349 2002 445 2036 λόγον,
472 2003 532 2029 Ἔτι
547 2003 574 2030 δὲ
595 2004 694 2039 μᾶλλον
709 2005 814 2040 νοήσεις

37 2045 60 2071 τί
73 2047 155 2074 ἔστιν·
175 2058 184 2074 ι
197 2048 261 2075 Ἐὰν
275 2058 284 2074 ι
300 2048 353 2084 γὰρ
367 2058 377 2074 ι
393 2049 430 2085 μὴ
442 2049 614 2084 πιστεύσητε,
625 2050 666 2077 ὅτι
678 2050 733 2084 ἐγώ
745 2051 813 2086 εἰμι,

40 2091 204 2121 ἀποθανεῖσθε
228 2095 256 2120 ὲν
277 2096 337 2127 ταῖς
362 2095 509 2131 ἁμαρτίαις
533 2095 620 2130 ὑμῶν,
635 2106 643 2121 I
671 2096 690 2123 ἃ.
714 2097 815 2124 ἐστινό

41 2137 201 2172 Πρωτότοκος
217 2140 307 2176 πάσης
330 2141 445 2173 κτίσεως
468 2142 701 2177 ἀναλογιζόμενος.
724 2139 786 2169 Οἷον
801 2144 815 2170 6

40 2183 160 2212 πιστεύων
181 2186 208 2212 τί
229 2187 303 2213 ἐστιν
324 2187 340 2222 ἡ
365 2187 532 2224 δικαιοσύνη,
549 2188 599 2215 οὐκ
621 2188 653 2215 ἂν
667 2189 812 2224 ἀδικήσαι-

42 2229 82 2255 καὶ
104 2230 145 2258 διὰ
161 2234 190 2260 τὸ
206 2233 406 2269 τεθεωρηκέναι
421 2235 482 2269 ἥτις
497 2235 570 2261 ἐστὶν
594 2236 611 2270 ή
625 2235 715 2270 σοφία,
733 2244 815 2262 πεπι-

42 2276 148 2309 στευκὼς
169 2279 210 2310 εις
234 2279 284 2314 τὴν
307 2279 411 2314 σοφίαν,
424 2280 474 2306 οὐκ
493 2280 526 2307 ἂν
544 2289 571 2307 τι
591 2280 682 2316 μωρὸν
696 2280 779 2315 λέγοι,
797 2281 813 2316 ἢ

864 1686 955 1717 cadat,
977 1690 1108 1719 quantum
1125 1684 1157 1711 ad
1174 1684 1231 1711 haec
1251 1684 1332 1710 verba
1347 1684 1476 1718 pertinet,
1499 1684 1525 1710 in
1540 1690 1570 1710 ca
1587 1690 1650 1717 pcc-

864 1735 924 1758 cata
937 1738 997 1764 qua:
1011 1734 1072 1757 sunt
1097 1730 1131 1757 ad
1155 1734 1269 1756 mortem
1283 1729 1317 1761 ",
1334 1737 1366 1756 en
1388 1730 1459 1763 quod
1485 1729 1596 1756 all‘et-tus
1616 1728 1651 1755 sit

864 1777 1013 1804 secundum
1039 1775 1170 1802 rationem
1188 1779 1216 1801 et
1235 1775 1368 1801 coalucrll
1395 1782 1457 1801 cum
1481 1774 1537 1801 ea?
1565 1782 1651 1808 quan—

866 1827 921 1848 tum
937 1828 1002 1848 vero
1016 1821 1049 1848 ad
1071 1820 1116 1847 illa
1132 1820 1212 1846 verba
1230 1828 1236 1846 :
1256 1828 1266 1844 ι
1286 1818 1381 1846 Omnis
1396 1819 1442 1854 qui
1455 1819 1542 1846 credit
1553 1819 1646 1846 Jesum

864 1875 924 1894 esse
937 1867 1087 1898 Christum,
1107 1873 1141 1892 ex
1159 1864 1217 1892 Deo
1228 1869 1309 1891 natus
1325 1869 1366 1892 est
1383 1865 1418 1898 ⁸⁷,
1443 1873 1452 1890 ι
1470 1869 1501 1891 ιιι
1522 1872 1574 1891 nou
1590 1872 1653 1899 pec-

865 1917 909 1939 cet
931 1912 958 1939 in
980 1912 1035 1939 ullo
1049 1919 1144 1938 eorum
1163 1917 1224 1945 qua:
1247 1910 1316 1937 ﬁunt
1342 1914 1442 1944 prmter
1455 1916 1554 1937 rectam
1570 1910 1653 1937 ratio-

865 1957 941 1985 nem?
956 1956 1070 1992 insuper
1081 1956 1209 1984 memoria
1224 1960 1350 1991 repetens
1362 1963 1404 1988 ea,
1420 1964 1478 1991 quae
1493 1960 1535 1983 est
1553 1955 1653 1982 Primo-

865 2003 973 2038 genitns
986 2003 1076 2031 omnis
1090 2007 1225 2030 creatura:
1248 2002 1281 2036 ⁸⁸,
1306 2002 1496 2030 considerabis
1510 2002 1574 2037 quid
1591 2002 1626 2029 sit
1643 2009 1649 2030 :

869 2059 878 2074 ι
897 2049 955 2077 Nisi
981 2048 1153 2076 credideritis
1167 2048 1241 2084 quod
1267 2055 1318 2084 ego
1343 2056 1414 2080 sum,
1443 2049 1597 2076 moriemini
1625 2048 1650 2075 iu

865 2095 986 2130 peccatis
1002 2095 1101 2123 vestris
1114 2095 1148 2122 ⁸⁸.
1172 2105 1182 2122 ι
1207 2094 1288 2123 Verbi
1307 2095 1405 2129 gratia,
1425 2095 1470 2130 qui
1484 2094 1567 2122 credit
1586 2094 1651 2128 quid

865 2140 901 2168 sit
918 2140 1038 2176 justitia,
1052 2140 1182 2176 injuriam
1199 2148 1251 2168 non
1264 2140 1380 2173 inferet;
1396 2145 1423 2167 et
1445 2140 1488 2175 qui
1505 2140 1652 2168 crediderit

867 2185 892 2212 in
906 2185 1081 2220 sapientiam,
1097 2185 1170 2220 quod
1184 2185 1255 2213 satis
1279 2186 1417 2220 explorate
1440 2186 1592 2220 perceperit
1606 2193 1653 2213 co-

866 2231 1042 2267 gnoveritque
1061 2239 1134 2264 eam,
1165 2232 1189 2259 is
1213 2239 1263 2259 nec
1284 2231 1388 2259 fatuum
1403 2231 1503 2266 aliquid
1529 2232 1654 2266 loquetur

867 2285 917 2305 nec
937 2277 1028 2306 faciet.
1047 2278 1087 2306 Ad
1111 2278 1168 2305 haec
1192 2279 1238 2312 qui
1266 2277 1411 2305 crediderit
1433 2277 1527 2313 Λόγῳ,
1545 2277 1582 2314 [id
1612 2282 1654 2305 est

44 2321 157 2354 πράττοι-
177 2324 239 2350 ἐπεὶ
253 2325 267 2350 ὁ
285 2325 431 2357 πιστεύσας
444 2325 482 2361 (5)
503 2325 542 2361 τῷ
558 2327 587 2352 ἐν
602 2327 672 2361 ἀρχῇ
689 2327 757 2362 πρὸς
769 2326 809 2353 τὸς.

887 2325 963 2352 ιιίοιιί
990 2330 1018 2352 et
1041 2324 1109 2352 Filio
1128 2324 1193 2360 Dei]
1220 2324 1266 2359 qui
1290 2329 1350 2351 erat
1376 2324 1402 2351 in
1429 2325 1562 2360 principio
1581 2324 1653 2359 apud

43 2366 99 2393 Θεὸν
112 2369 197 2406 Λόγῳ,
210 2371 240 2397 ὲν
256 2371 295 2406 τῷ
312 2372 538 2407 κατανενοηκέναι
553 2372 644 2405 αὑτὸν,
659 2373 734 2400 οὐδὲν
751 2373 812 2400 ἀλό-

868 2371 951 2398 Deum
961 2371 984 2387 ”
996 2379 1005 2404 ;
1018 2370 1080 2398 dum
1106 2370 1178 2398 illius
1193 2370 1346 2405 cognitione
1360 2369 1471 2404 iruitur,
1484 2371 1551 2398 nihil
1569 2379 1583 2398 a
1610 2378 1654 2398 ra-

74 2433 94 2448 “
103 2432 242 2473 {panthv-ii,
255 2436 307 2473 23.7
339 2437 360 2454 "
378 2437 456 2465 Joan.
476 2447 541 2471 xvn,
554 2439 606 2472 24;
622 2439 721 2473 Ephes.
735 2447 754 2471 I,
765 2440 797 2472 ις
813 2441 822 2467 ι
835 2440 908 2468 Petr.
923 2448 942 2469 ι,
954 2438 1000 2466 ‘20.
1033 2437 1056 2453 ⁸²
1070 2436 1257 2473 ,Ιοιιιιτλιινηίθ
1269 2445 1277 2469 ;
1291 2436 1376 2473 Marc.
1388 2436 1500 2473 ηιμ-54.
1538 2437 1561 2452 ⁵³
1574 2436 1652 2473 Joan.

44 2473 91 2497 “It.
103 2468 143 2496 26.
179 2470 202 2486 “
216 2471 278 2499 ibid.
296 2472 340 2500 21.

46 2500 64 2515 ’⁸
75 2501 142 2530 ιίυιιιι.
157 2512 175 2537 l,
189 2505 216 2532 2.

47 2572 176 2608 καταϐολή,
192 2573 371 2609 patrocinium
396 2574 519 2608 quaesivit
537 2574 668 2609 Origenes
691 2575 813 2609 opinioni

48 2613 102 2644 sum,
117 2616 163 2640 qua
178 2609 307 2636 mundum
330 2609 466 2636 conditum
489 2610 605 2641 [iungebat
624 2618 656 2636 ex
682 2611 812 2637 mentium

50 2639 200 2679 diversitate,
216 2652 276 2679 qua:
294 2645 347 2670 huc
364 2644 443 2678 dejici
458 2639 560 2670 merii-«e
581 2650 653 2671 sunt.
666 2644 732 2671 Vide
747 2645 765 2672 l.
781 2653 811 2672 ιιι

50 2674 106 2713 ξίερί
123 2674 231 2712 ἀρχῶνξ
240 2686 300 2712 cap.
319 2678 346 2709 5,
361 2674 434 2706 uuln.
449 2678 474 2709 4,
491 2685 517 2706 et
536 2679 695 2713 Origeniann
710 2685 810 2712 nostra,

51 2706 88 2735 lib'.
100 2718 125 2741 ιι,
138 2706 228 2746 Epit-st:
246 2706 290 2744 ιεὶ,
306 2706 381 2740 uuln.
401 2714 428 2745 2,
446 2706 489 2741 ubi
515 2715 548 2740 de
574 2706 675 2742 mundo
700 2706 809 2742 disseri:

51 2749 108 2770 mus.
124 2747 247 2776 lluc'rms.
271 2765 274 2766 ν

80 2779 113 2814 (ᾖ)
131 2782 276 2816 Ἐπίτηδες
291 2784 339 2810 θιὰ
354 2783 410 2817 τὴν
424 2785 573 2818 τοιαύτην.
599 2784 645 2811 Sic
664 2790 735 2810 recte
764 2785 810 2811 hu-

53 2810 88 2839 ltct
100 2810 174 2844 codex
186 2810 356 2851 Hodie-ianus,
372 2810 396 2846 lli
408 2819 492 2853 Hegio
512 2810 599 2846 autem
617 2810 642 2845 ct
663 2810 807 2846 num-nm

379 2473 401 2489 ⁸³
417 2473 475 2501 Jac.
491 2482 522 2507 ιι,
535 2474 580 2504 20,
618 2471 732 2503 ⁵⁸Ἡυιιι.
751 2476 809 2509 vI,l

887 2474 923 2501 "1
938 2474 1016 2502 Joan.
1030 2480 1056 2506 v,
1076 2473 1102 2500 ί.
1140 2471 1277 2499 “Coloss.
1295 2476 1314 2504 I,
1330 2472 1374 2499 14.
1412 2471 1518 2499 "Joan.
1535 2480 1593 2506 vm,
1606 2472 1652 2498 ‘25.

867 2583 1007 2610 perperam
1023 2575 1131 2610 legitur,
1152 2575 1277 2612 ἐπίτηδες
1293 2576 1419 2613 τοιαύτην
1436 2577 1558 2604 ἐπίνοιαν
1584 2577 1653 2604 πλα-

867 2611 970 2636 σάντων
985 2610 1122 2636 ὀνομάτων
1135 2611 1230 2636 ἁγίων.

867 2611 970 2637 σάντων
985 2611 1122 2646 ὀνομάτων
1135 2611 1230 2645 ἁγίων.
1397 2611 1401 2613 Ἴ

882 2646 943 2686 ³(2⁷))
966 2646 1054 2673 Codex
1076 2646 1247 2682 Bodleianus,
1276 2645 1443 2683 ζητήσεσθε·
1475 2647 1585 2682 Regius,
1608 2645 1654 2683 ζη-

865 2689 939 2752 mi;
953 2716 1043 2752 Codex
1055 2715 1227 2749 Bodleianus,
1240 2716 1287 2743 ἐὰν
1300 2717 1354 2752 γάρ
1367 2725 1373 2732 ’
1392 2716 1501 2752 Regius,
1514 2717 1562 2744 ἐὰν
1576 2717 1613 2744 δέ.

901 2751 939 2785 (Si)
958 2751 1034 2777 Ἐπεὶ
1058 2753 1074 2778 o'
1094 2752 1276 2784 πιστεύσας,
1302 2751 1355 2779 etc.
1378 2751 1519 2780 Ferrarius
1545 2753 1650 2780 videtur

866 2785 962 2819 legisse
974 2786 1014 2812 ἓτι
1025 2787 1039 2812 ὀ
1051 2787 1210 2820 πιστεύσας,
1226 2792 1280 2814 etc.
