1853 3050
188 102 240 133 στι

913 94 1073 124 ORIGENIS

1767 90 1813 117 572

188 163 266 189 tione
285 160 404 188 alienum
432 160 554 187 facturus
582 162 624 185 est
643 166 650 185 :
669 158 709 185 sic
727 158 773 192 qui
796 157 885 184 credit
901 163 954 190 quo

1041 162 1082 185 to;
1101 153 1230 188 ποιήσαι·
1251 151 1318 188 πρὸς
1341 150 1446 182 τούτοις
1468 151 1483 177 ὁ
1506 149 1654 181 πιστεύων,
1671 149 1714 176 ὅτι
1736 148 1812 181 αὐτός

189 208 247 242 ipse
275 210 317 233 est
338 213 389 240 pax
413 208 507 231 nostra
530 203 572 235 “.
598 203 807 237 haudquaquam
833 201 972 236 quidpiam

188 251 346 287 operabitur
363 249 468 278 dissidii
491 254 539 276 aut
559 249 634 276 belli.
650 248 720 282 Quin
742 249 837 281 etiam,
854 248 974 283 quando-

187 297 296 333 quidem
323 296 448 324 Christus
474 299 516 323 est
547 302 601 322 non
630 295 717 322 solum
742 295 788 322 Dei
819 294 972 329 sapientia,

187 347 280 369 verum
295 341 377 368 etiam
393 340 439 367 Dei
458 340 589 376 potentia,
607 340 652 374 qui
669 339 757 367 credit
780 339 831 372 illi,
844 340 870 366 in
888 346 973 374 quan-

187 392 243 415 tum
257 387 379 422 potentia
394 385 442 414 Dei
457 390 511 419 est,
529 386 740 421 haudquaquam
759 385 812 413 erit
838 385 972 420 impotens

186 433 219 460 ad
234 432 374 467 praeclara.
396 432 513 460 Proinde
530 432 686 460 necessario
711 439 772 459 eum
795 432 973 459 consideran-

187 482 228 505 tes
243 471 402 511 patientiam
416 481 443 504 et
454 475 657 508 fortitudinem,
673 480 785 509 propter
796 475 861 502 illud
881 483 889 501 ε
911 483 921 499 ι
940 474 973 501 Ει

184 530 257 551 nunc
272 530 333 558 quae
345 527 388 551 est
403 522 534 557 patientia
549 529 606 550 mea
617 522 630 549 ‘3
645 521 741 549 Nonne
757 521 887 549 Dominus
895 521 918 538 “
931 521 943 547 ?
959 530 969 546 ι

183 572 234 599 et,
260 577 269 594 ι
298 567 439 595 Fortitudo
468 574 548 600 mea;
579 575 589 592 ι
613 571 662 599 et,
695 575 705 592 ι
729 566 887 594 Substantia
911 573 971 592 mea

183 613 316 640 Dominus
337 614 377 646 ”,
403 622 412 640 ι
437 613 559 640 dicemus
585 613 658 648 quod
682 612 705 640 si
730 612 852 640 cedimus
876 612 909 638 ad
933 611 972 638 la-

182 659 284 690 bores.
304 666 357 686 non
386 659 525 686 credimus
551 659 600 691 illi,
626 659 653 686 in
681 663 810 693 quantum
826 662 868 686 est
890 658 970 692 307

182 703 330 738 patientia;
354 708 382 732 et
409 703 434 731 si
453 704 635 737 inlirmamur,
662 712 715 731 non
731 704 868 732 credimus
885 704 921 735 ei,
943 703 969 730 in

183 753 317 782 quantum
347 754 389 777 est
412 750 506 777 robur.
539 749 615 783 Quod
635 749 659 777 si
686 749 832 784 collegeris
853 754 970 776 caeteras

183 791 283 820 Christi
298 794 540 825 considerationes,
554 802 607 822 non
620 793 765 821 clilIiCulter
781 794 916 826 invenies,
936 801 968 820 ex

183 838 227 866 his
250 846 310 873 qua:
335 839 463 871 diximus,
489 847 608 874 quonam
632 843 713 875 pacto
737 840 783 874 qui
805 847 858 866 non
884 840 971 867 credit

183 883 306 918 Christo,
322 885 451 912 moriatur
465 885 492 912 in
515 887 636 920 peccatis
647 886 714 914 suis.
736 885 803 913 Nam
824 886 871 920 qui
891 885 972 914 fuerit

183 930 210 956 in
235 930 276 957 his
303 937 364 964 qua:
391 930 530 957 contraria
556 936 618 958 sunt
636 931 851 959 considerationi
875 939 969 958 earum

182 981 274 1002 rerum
286 982 346 1009 qnze
359 980 400 1002 est
412 975 544 1008 Christus.
559 976 585 1003 in
602 977 659 1004 suis
672 977 792 1012 peccatis
807 977 932 1004 moritur.

220 1024 244 1049 7.
263 1028 273 1045 ι
285 1020 418 1048 Dicebant
433 1029 498 1056 ergo
520 1021 557 1049 illi
576 1030 583 1048 :
599 1022 638 1049 Tu
659 1023 720 1057 quis
738 1022 817 1050 es“?
831 1032 841 1048 ι
866 1021 969 1050 Conse-

180 1072 268 1098 quens
280 1069 341 1093 erat
363 1071 409 1099 ut,
436 1066 577 1095 audientes
597 1075 658 1103 quae.
680 1075 695 1095 a
720 1067 785 1096 Jesu
809 1069 970 1096 dicebantur

181 1115 242 1135 eum
259 1110 344 1137 multa
358 1116 504 1145 potestate.
517 1113 719 1148 interrogarent
741 1114 802 1149 quis
813 1119 889 1142 esset
903 1114 967 1142 talia

180 1155 312 1191 loquens;
328 1158 471 1186 videbatur
481 1160 553 1186 enim
565 1167 626 1188 esse
638 1160 736 1196 aliquis
747 1162 858 1189 homine
871 1161 967 1196 major,

179 1206 208 1229 et
227 1208 322 1230 natura
336 1204 461 1238 quedam
474 1204 594 1232 divinior
608 1205 739 1234 Servator
752 1207 846 1234 dicens
863 1213 871 1233 :
889 1216 898 1233 ε
909 1206 967 1234 Nisi

180 1249 353 1278 credideritis
370 1250 441 1284 quod
456 1258 506 1286 ego
526 1259 603 1283 sum,
621 1251 774 1279 moriemini
801 1253 827 1279 in
845 1253 967 1287 peccatis

179 1294 279 1322 vestris
292 1295 328 1321 ".
340 1304 349 1322 ι
365 1294 431 1323 Illud
442 1303 507 1332 ergo
524 1305 532 1325 :
547 1305 556 1322 ‹
570 1296 609 1323 Tu
621 1298 682 1332 quis
696 1305 726 1325 es
737 1298 762 1324 ἰν»
779 1298 862 1326 veluti
875 1303 964 1334 poslu-

180 1337 294 1367 lantium
313 1345 356 1369 est
380 1349 550 1376 responsura.
575 1342 631 1377 Ego
657 1350 718 1370 sum
743 1344 868 1372 Christus
888 1354 894 1371 :
912 1345 965 1378 vel,

180 1383 236 1419 Ego
256 1393 317 1413 sum
336 1387 469 1421 propheta
489 1387 566 1418 :vel.
588 1387 646 1421 Ego
662 1396 721 1416 sum
735 1389 826 1422 Elias;
846 1391 887 1417 vel
908 1390 965 1417 for-

180 1429 270 1462 lassis,
295 1430 351 1465 Ego
377 1439 437 1459 sum
462 1432 576 1467 angelus
596 1433 644 1460 Dei
664 1444 670 1461 :
687 1441 774 1469 neque
799 1435 892 1468 enim,
914 1436 965 1464 nisi

1025 202 1098 227 ἐστιν
1114 201 1131 234 ἠ
1147 199 1242 234 εἰρήνη
1257 198 1345 234 ἡμῶν,
1358 198 1410 224 οὐκ
1418 197 1450 224 ἄν
1462 205 1487 224 τι
1501 196 1618 232 πολέμου
1635 195 1683 222 καὶ
1697 195 1812 226 στάσεως

1025 245 1158 281 ὲνεργοίη.
1188 244 1267 271 Ἀλλὰ
1285 243 1333 270 καὶ
1349 242 1429 278 εἴπερ
1450 242 1566 278 Χριστός
1591 242 1667 267 ἐστιν
1682 241 1712 267 οὺ
1737 241 1810 275 μόνον

1023 291 1091 318 Θεοῦ
1109 291 1200 324 σοφία,
1221 289 1289 316 ἀλλὰ
1304 289 1350 316 καὶ
1364 288 1432 314 Θεοῦ
1451 288 1576 322 δύναμις,
1589 288 1604 313 ὁ
1617 286 1756 313 πιστεύων
1768 287 1810 312 αὐτ

1023 337 1062 372 τῷ
1081 337 1141 364 καθ’
1155 337 1169 363 ὃ
1187 335 1300 371 δύναμίς
1320 336 1406 366 ἐστιν,
1429 334 1479 361 οὐκ
1498 334 1530 360 ἂν
1544 333 1586 368 εἴη
1609 333 1676 368 περὶ
1695 333 1729 359 τὰ
1745 332 1808 360 καὶὰ

1023 381 1163 413 ἀδύνατος.
1188 381 1356 415 Ἀναγκαίως
1369 380 1396 407 δὲ
1411 379 1587 411 ὑπονοοῦντες
1607 378 1690 405 αὑτὸν
1711 379 1804 413 ύποξιοι

1023 430 1071 465 νὴν
1087 430 1134 457 καὶ
1152 429 1228 464 ἰσχὺν
1241 428 1285 456 διὰ
1297 428 1327 454 τό
1340 437 1346 443 ·
1365 438 1373 453 ι
1384 427 1439 454 Καὶ
1456 427 1503 454 νῦν
1517 427 1559 458 τίς
1574 427 1591 461 ὴ
1603 426 1727 461 ὑπομονὴ
1745 434 1806 460 μου;

1023 476 1089 511 Οὐχὶ
1100 475 1215 510 Κύριος;
1229 484 1239 500 ι
1251 474 1299 501 καὶ
1311 474 1356 500 τό·
1371 484 1380 499 ι
1393 473 1480 509 Ἰσχύς
1495 481 1557 508 μου,
1567 481 1576 498 ι
1592 472 1640 499 καὶ
1650 472 1680 498 τό
1690 480 1697 486 ·
1713 481 1724 497 ι
1734 471 1808 498 Ὑπό-

1024 522 1118 553 στασίς
1133 530 1184 556 μου
1201 522 1214 548 ό
1227 521 1338 556 Κύριος,
1349 529 1358 545 ι
1374 520 1507 555 φήσομεν,
1524 519 1565 545 ὅτι
1583 519 1607 544 εἰ
1624 517 1761 552 ἐνδίδομεν
1774 516 1806 551 (6)

1023 569 1091 604 πρὸς
1115 569 1222 600 πόνους,
1238 569 1269 594 οὐ
1291 568 1456 602 πιστεύομεν
1474 566 1548 602 αὑτῷ
1564 567 1611 592 καὶ
1633 565 1696 592 καθ’
1711 566 1725 591 ὅ
1740 566 1807 591 ἐστιν

1023 614 1155 649 ὑπομονή·
1169 614 1216 640 καὶ
1227 614 1252 639 ει
1262 612 1439 648 ἀσθενοῦμεν,
1454 612 1485 639 οὑ
1500 611 1725 646 πεπιστεύκαμεν
1740 611 1807 645 αὐτῷ

1023 659 1082 686 καθ’
1094 660 1109 686 ὅ
1119 660 1192 685 ἐστιν
1204 658 1290 694 ἰσχύς.
1313 658 1375 685 Ἐὰν
1391 657 1420 684 δὲ
1436 657 1634 692 ἀναλεγόμενος
1651 657 1703 687 τὰς
1718 655 1807 686 λοιπὰς

1022 705 1143 736 ἐπινοίας
1157 703 1203 731 τοῦ
1223 703 1350 740 Χριστοῦ,
1363 703 1394 729 οὺ
1411 702 1536 737 χαλεπῶς
1551 702 1583 728 ὲκ
1592 702 1647 727 τῶν
1661 701 1809 736 εἰρημένων

1022 751 1147 786 εὑρήσεις
1160 750 1221 776 τίνα
1235 749 1335 785 τρόπον
1345 750 1359 775 ὁ
1373 748 1411 784 μὴ
1422 747 1556 774 πιστεύων
1572 747 1611 782 τῷ
1626 746 1738 782 Χριστῷ
1752 746 1810 771 ἀπ’·

1023 794 1143 821 θανεῖται
1159 796 1187 821 ὲν
1199 795 1259 826 ταῖς
1277 793 1424 828 ἁμαρτίαις
1439 792 1532 818 αὐτοῦ·
1550 792 1694 826 γινόμενος
1711 789 1765 825 γὰρ
1785 790 1811 815 ἐν

1021 841 1078 871 τοῖς
1090 839 1222 870 ἐναντίοις
1237 840 1270 874 τῇ
1285 838 1390 872 ἐπινοίᾳ
1405 834 1442 864 ὧν
1459 838 1533 864 ἐστιν
1547 839 1561 864 ὁ
1574 836 1705 872 Χριστὸς,
1722 836 1752 862 ὲν
1765 835 1811 862 a3-

1019 887 1080 917 ταῖς
1091 885 1258 921 ἀποθνήσκει
1271 886 1332 916 ταῖς
1345 883 1502 919 ἁμαρτίαις.

988 823 1008 850 Β

1054 1023 1081 1049 ’1.
1102 1032 1111 1048 ‹
1130 1022 1242 1056 Ἔλεγον
1256 1019 1302 1048 οὖν
1317 1021 1400 1057 αὐτῷ·
1413 1022 1449 1048 Σὺ
1464 1021 1504 1053 τίς
1519 1019 1558 1054 εἷς
1576 1031 1585 1046 ι
1602 1021 1765 1049 Ἀκόλουθον
1781 1019 1812 1055 ἦν

1018 1068 1081 1100 τοὺς
1100 1068 1294 1103 ἀκροωμένους
1310 1068 1378 1103 μετὰ
1391 1067 1490 1103 πολλῆς
1506 1067 1630 1100 ἐξουσίας
1644 1067 1814 1101 ἀπαγγελλο-

1019 1115 1108 1150 μένων
1125 1114 1178 1143 ύπὺ
1192 1114 1239 1141 τοῦ
1254 1115 1355 1150 Κυρίου
1373 1113 1554 1141 πυνθάνεσθαι
1574 1114 1616 1145 τίς
1632 1113 1676 1149 εἴη
1693 1115 1708 1140 ὁ
1730 1114 1813 1140 ταῦτα

1018 1159 1114 1193 λέγων·
1133 1159 1257 1194 ἐνέφαινε
1279 1159 1333 1195 γὰρ
1348 1160 1380 1186 τὸ
1402 1159 1470 1186 εἶναι
1488 1159 1632 1195 ἀνθρώπου
1651 1159 1748 1194 μεῖζον
1765 1160 1811 1194 (7),

1018 1206 1065 1232 καὶ
1080 1205 1204 1241 θειοτέρα
1223 1214 1265 1237 τις
1282 1205 1362 1240 φύσις
1383 1206 1527 1241 τυγχάνειν
1541 1207 1555 1233 ὁ
1573 1206 1670 1241 Σωτὴρ
1688 1206 1811 1240 φάσκων,

1017 1252 1069 1284 ὅτι,
1089 1262 1098 1278 ι
1126 1252 1188 1279 Ἐὰν
1200 1253 1238 1288 μὴ
1256 1253 1414 1288 πιστεύητε,
1427 1253 1468 1279 ὅτι
1479 1252 1534 1287 ἐγώ
1547 1253 1618 1288 ειμι,
1633 1252 1810 1279 ἀποθανεῖσθε

1018 1298 1047 1324 ὲν
1060 1298 1121 1329 ταῖς
1134 1297 1282 1333 ἁμαρτίαις
1307 1297 1395 1333 ὑμῶν.
1417 1306 1426 1323 ι
1445 1297 1483 1324 Τὸ
1509 1294 1565 1324 οὖν·
1587 1307 1596 1322 ι
1622 1297 1659 1323 Σὺ
1682 1297 1726 1328 τίς
1742 1295 1783 1330 ei;
1802 1307 1809 1323 ι

1017 1345 1098 1371 οἱονεὶ
1108 1344 1255 1371 αετούντων
1267 1341 1302 1379 ἦν
1315 1344 1472 1379 ἀπόκρισιν,
1482 1344 1534 1375 ὃτι,
1556 1343 1627 1378 Ἐγώ
1647 1345 1706 1380 εἰμι
1721 1345 1737 1371 ὁ
1750 1345 1813 1380 Χρι-

1018 1391 1090 1422 στός
1106 1391 1134 1426 ἢ,
1155 1389 1225 1424 Ἐγώ
1241 1391 1298 1426 εἰμι
1312 1391 1326 1417 ὁ
1340 1391 1492 1426 προφήτης·
1504 1392 1532 1425 ἥ,
1550 1389 1622 1424 Ἐγώ
1634 1391 1694 1426 εἰμι
1710 1390 1812 1420 111-3.:

1017 1437 1033 1472 ἦ
1049 1437 1129 1472 τάχα,
1152 1436 1224 1470 Ἐγώ
1236 1438 1294 1472 εἰμι
1309 1436 1424 1471 ἄγγελος
1438 1435 1515 1463 Θεοῦ·
1534 1437 1584 1462 οὐκ
1604 1436 1637 1463 ἂν
1649 1436 1706 1472 γὰρ
1727 1437 1764 1472 μὴ
1775 1435 1814 1467 εἷς

178 1481 249 1502 unus
266 1482 299 1502 ex
317 1475 358 1503 his
379 1482 468 1510 esset,
485 1485 518 1506 ac
541 1478 639 1506 similis
661 1479 712 1512 eis,
738 1481 874 1516 proferret
899 1482 954 1509 tali:

1041 1491 1058 1514 ης
1072 1482 1175 1509 τούτων
1195 1480 1240 1517 ἦν,
1264 1483 1311 1510 καὶ
1328 1482 1516 1518 παραπλήσιος
1533 1482 1571 1518 (8)
1595 1482 1688 1514 αὐτοῖς
1712 1483 1813 1518 τυγχὰ-

179 1520 262 1548 verba
278 1522 405 1556 genuina.

1015 1537 1079 1560 νων,
1095 1528 1282 1564 προσεφέρετο
1297 1529 1424 1564 γνησίους
1435 1529 1531 1563 λόγους
1546 1528 1737 1564 τηλικούτους.

182 1599 1810 1616 ——_—._—_———__—_—_

755 1685 1230 1752 ΩΡΙΓΕΝΟΥΣ

474 1798 548 1826 ΤΩΝ
560 1800 625 1827 ΕΙΣ
642 1801 687 1828 ΤΟ
702 1801 750 1828 ΚΑ
758 1801 797 1828 TA
817 1801 987 1828 ΙΩΑΝΝΗΝ
1002 1801 1248 1829 ΕΥΑΓΓΕΛΙΟΝ
1265 1802 1504 1831 ΕΞΗΓΗΤῙΚΩΝ

850 1882 1042 1927 ΤΟΜΟΣ
1068 1877 1132 1926 Κ’.

824 2066 1161 2124 ORIGENIS

403 2170 788 2206 COMMENTARIORUM
810 2175 851 2206 IN
874 2176 1139 2208 EVANGELIUM
1162 2177 1374 2210 SECUNDUM
1395 2178 1586 2211 JOANNEM

703 2264 828 2311 TOM
841 2266 908 2311 US
931 2267 1274 2313 VICESIMUS.

214 2438 240 2467 Ι.
256 2437 420 2467 Vicesimum
442 2445 545 2470 tomum
566 2442 594 2470 in
622 2442 798 2479 Evangelium
824 2449 839 2470 a
859 2442 954 2470 Joanm

1052 2443 1078 2470 1.
1102 2441 1230 2469 Εἰκοστὺν
1245 2441 1458 2477 ύπαγορεύοντες
1474 2443 1515 2474 εἰς
1540 2441 1572 2468 τὸ
1586 2441 1659 2469 κατὰ
1684 2443 1815 2478 Ἰωάννην

177 2486 306 2518 traditum
324 2489 544 2522 eommentaturi,
568 2489 615 2518 Dei
629 2490 816 2518 amantissime
831 2494 912 2524 atque
932 2490 960 2517 in

177 2531 293 2561 Domino
321 2533 546 2562 exercitatissime
575 2536 726 2568 Ambrosi.
773 2537 963 2564 decentissime

175 2584 322 2612 precamur
334 2585 350 2606 e
362 2579 530 2614 plenitudine
543 2580 605 2609 Filii
618 2581 677 2615 Dei,
692 2582 718 2609 in
733 2589 813 2617 quem
825 2589 961 2617 propenso

1015 2488 1181 2523 Εὑαγγέλιον
1202 2488 1295 2523 τόμον,
1320 2487 1498 2522 φιλοθεὼτατε
1519 2487 1567 2514 καὶ
1589 2488 1813 2524 φιλομαθέστατε

1016 2536 1045 2562 ὲν
1059 2535 1155 2570 Κυρίῳ
1184 2533 1340 2569 Ἀμϐρόσιε,
1363 2533 1499 2569 εὐχόμεθα
1514 2534 1546 2559 ἐκ
1558 2532 1605 2560 τοῦ
1624 2533 1814 2570 πληρώματος

1014 2581 1061 2607 τοῦ
1079 2580 1144 2607 Υἱοῦ
1157 2579 1203 2606 τοῦ
1219 2579 1298 2611 Θεοῦ,
1312 2581 1352 2611 εἰς
1361 2580 1390 2606 ὃν
1405 2579 1533 2614 εὐδόκησε
1555 2579 1610 2606 πᾶν
1624 2579 1655 2606 τὺ
1670 2580 1815 2615 πλήρωμα

212 2645 234 2661 ’⁸
250 2644 352 2680 Ephes.
370 2646 458 2679 11,14.
496 2646 520 2663 ’³
536 2646 606 2675 Psal.
626 2656 740 2682 xxxvm,
758 2649 785 2677 8.
826 2649 849 2665 "
864 2649 937 2676 Psal.
953 2664 954 2670 ι

1054 2648 1097 2675 Η.
1133 2647 1157 2663 ’⁸
1171 2647 1248 2675 Joan.
1261 2655 1321 2681 vm,
1334 2647 1380 2675 25.
1418 2647 1442 2663 ⁸⁵
1451 2646 1519 2675 ibid.
1532 2646 1579 2674 ει.

213 2703 383 2741 (6)_Co§ice_s
394 2703 556 2741 Botlleiauns
570 2711 597 2733 et
621 2706 795 2741 Barberinus,
811 2709 835 2734 εξ
855 2707 952 2734 ἐνδίδο-

180 2745 246 2774 ιιεῃΔ
258 2738 286 2764 In
301 2739 388 2774 Regio
402 2739 500 2774 codice
509 2740 584 2767 deest
600 2741 634 2767 εἰ.

215 2772 253 2810 (ξι)
275 2773 310 2799 Τὸ
317 2772 565 2810 εἶναιᾴνθριίδπου
582 2775 690 2809 μεῖζον.
707 2775 778 2810 Lego
793 2785 822 2810 fc:
840 2775 908 2803 εἶναι
919 2777 966 2803 ἁν-

181 2805 303 2841 ορώπου.
317 2805 469 2835 Ferrarius
483 2805 590 2837 videtur
610 2805 709 2844 legisse
724 2805 765 2842 vi";
779 2809 845 2838 εἶναι
860 2811 964 2847 ἀνθρώ-

1006 2715 1058 2733 που
1074 2705 1183 2740 μείζων.

1054 2737 1093 2774 (8)
1114 2741 1204 2776 (index
1227 2740 1338 2776 Regius,
1359 2740 1410 2776 ούκ
1425 2739 1459 2766 ἄν
1477 2739 1567 2776 γμὴγὲν
1588 2747 1615 2766 τι
1636 2739 1752 2776 τούτων
1767 2737 1815 2776 ἦν,

1019 2775 1220 2839 Γαραπέᾐὺσιρν,
1237 2776 1284 2804 sed
1300 2775 1464 2804 Bodleianus
1476 2775 1621 2804 lectionem
1640 2775 1737 2804 nostri
1755 2779 1815 2803 tax-

1030 2819 1060 2839 us
1079 2818 1110 2838 cx
1135 2818 1140 2837 l
1163 2818 1177 2838 ιε
1192 2829 1200 2838 .
