1847 3045
54 146 95 174 ἥξει

561 146 727 173 COMHENT
762 145 792 172 ΙΝ
814 146 910 174 ιοΑΝ.
930 145 1049 174 TOMUS
1066 145 1123 172 XX.

1605 147 1657 174 500

52 209 81 238 di;
98 206 199 242 μηδέπω
222 203 281 233 οὗοι
307 207 411 238 τέκνοις
436 207 483 232 τοῦ
514 208 638 243 Ἀϐραὰμ
659 208 765 242 λέγεται
779 217 793 234 τ

902 207 988 240 μιίὺιις
999 207 1095 238 etiam,
1116 210 1243 240 tanquam
1259 205 1305 240 qui
1324 213 1378 233 non
1392 211 1484 235 essent
1510 205 1556 234 ﬁlii
1573 206 1659 234 Abra-

53 254 80 280 Ei
90 253 168 279 ιέκνα
181 252 233 279 τοῦ
253 253 376 287 Ἁϐραάμ
388 253 467 284 ἐστε,
486 253 522 280 τὰ
536 254 608 288 ἔργα
621 254 675 280 τοῦ
692 254 819 288 Ἀϐραὰμ

51 298 142 325 ποιεῖτε
154 296 229 332 [52]},
241 299 389 334 παρίστησι
405 299 434 325 τὸ
449 299 561 334 μηδέπω
573 300 683 332 τούτους
697 301 819 335 καρποὺς

51 344 111 378 ἔχειν
122 343 164 370 τοῦ
178 343 333 379 ἐληλυθέναι
352 345 419 380 πρὸς
438 345 484 372 τὸν
503 346 625 380 Σωτῆρα.
649 346 720 381 Πρὸς
735 346 762 372 δὲ
774 346 819 372 τὸν

49 389 122 420 οὕτως
134 389 304 423 ἀντιλέγοντα
318 390 502 425 ἀπαντήσεταί
514 400 566 423 τις,
584 391 620 426 μὴ
637 392 734 417 ταύτὸν
749 389 818 419 εἶναι

51 434 147 468 φάει-κων
161 435 199 460 τὸ·
215 434 279 467 Πᾶς
295 436 311 461 ό
327 435 462 468 ἀκούσας
473 436 552 469 παρὰ
565 435 617 462 τοῦ
629 436 754 469 Πατρός,
769 437 817 463 καὶ

47 478 144 513 μαθὼν,
157 479 203 514 τῷ·
218 480 272 506 Καὶ
289 479 374 514 ὑμεῖς
389 478 446 508 οὖν
462 480 481 507 ἂ
496 481 648 514 ἠκούσατε
667 481 747 515 παρὰ
765 481 818 508 τοῦ

49 525 158 559 Πατρόςθ
178 526 191 551 ὁ
214 526 262 561 μὲν
278 526 332 562 γὰρ
346 526 414 561 πρὸς
426 527 456 553 τὸ
479 526 595 553 ἀκοῦσαι
611 527 686 561 παρὰ
698 527 745 553 τοῦ
761 528 818 554 Πα-

48 572 100 607 τρὸς
115 572 203 607 μαθὼν
218 573 326 605 πάντως
341 574 449 609 ἔρχεται
466 574 534 610 πρὸς
548 574 593 600 τὸν
609 574 732 609 Σωτῆρα·
747 575 772 601 oi
789 575 818 601 δὲ

48 618 197 650 ἀκούσαντες
223 620 281 654 μὲν,
308 619 344 655 μὴ
365 621 473 652 πάντως
496 620 523 646 δὲ
546 621 593 646 καὶ
617 620 816 656 μεμαθηκότες,

47 664 136 690 οὐδέπω
153 665 235 691 τέκνα
248 666 301 692 εἰσὶ
314 666 360 692 τοῦ
382 666 515 701 Ἀϐραάμ.

75 709 97 736 8.
110 710 308 745 ΙΙυνθανοὶμεθα
322 711 344 736 δ’
359 711 391 737 ἂν
403 712 456 737 τῶν
469 711 518 742 τὰς
535 711 629 744 φύσεις
643 712 815 746 εἰσαγόντων,

47 755 85 781 καὶ
97 756 131 787 εἰς
147 755 186 786 τὺ,
208 756 249 781 ὅτι
267 756 293 781 '0
305 756 399 790 Λόγος
416 757 432 783 ό
443 756 514 791 ἐμὸς
530 758 565 783 οὺ
578 757 667 791 χωρεῖ
679 757 714 783 ἐν
735 758 815 792 ὑμῖν,

46 801 207 828 ἀποδιδόντων
221 801 292 828 κατά
314 802 497 837 Ἡρακλέωνα,
511 803 551 829 ὅτι
565 802 609 829 διὰ
622 803 701 829 τοῦτο
716 804 747 830 οὐ
765 813 818 839 χω-

45 847 89 882 ρεῖ,
99 846 135 872 ὅτι
147 846 327 882 ἀνεπιτήδειοι
337 847 396 882 ἦτοι
405 848 465 873 κατ’
474 847 566 873 οὐσίαν
581 847 676 883 ῆκατὰ
691 848 814 883 γνώμην,

875 253 925 286 lite,
943 253 1064 280 dicitur:
1083 251 1112 279 Si
1135 252 1184 286 ﬁlii
1202 252 1315 279 Abrahaz
1341 253 1420 285 estis,
1441 261 1519 286 opera
1546 253 1659 280 Abrahae

872 299 960 333 facile)
975 299 1071 326 docere
1086 299 1134 326 bos
1156 299 1275 326 nondum
1288 298 1390 326 habere
1404 298 1508 325 fructus
1533 299 1659 326 veniendi

875 344 908 371 ad
923 343 1108 372 Servatorem.
1130 344 1165 371 At
1182 352 1245 372 vero
1271 345 1304 371 ad
1319 344 1391 372 hunc
1408 345 1448 371 sic
1469 344 1660 372 contradicen-

874 394 926 416 tem
945 390 1119 425 respondebit
1134 389 1213 424 alius,
1228 399 1282 418 non
1306 391 1376 419 idem
1400 399 1459 419 esse
1476 400 1484 418 :
1503 390 1595 418 Omnis
1613 389 1658 425 qui

872 437 974 463 audit-it
987 445 1003 462 a
1026 436 1115 468 Patre.
1129 442 1152 463 et
1167 437 1272 468 didicit,
1301 445 1361 464 cum
1381 438 1424 464 his
1438 438 1548 465 verbis:
1564 435 1597 463 Et
1613 444 1658 463 vos

872 480 962 514 igitur,
976 488 1034 515 qua:
1050 481 1187 508 audivistis
1201 490 1216 508 a
1234 481 1334 508 Patre:
1349 482 1424 508 illum
1441 490 1556 516 namth
1567 502 1574 514 ,
1590 489 1659 515 prae-

873 529 994 559 terquam
1016 527 1086 559 quod
1105 534 1119 553 a
1132 526 1214 554 Patre
1229 527 1345 554 audierit
1370 532 1397 554 ct
1421 528 1555 559 didicerit.
1575 527 1658 554 etiam

872 572 964 598 venire
976 572 1009 598 ad
1023 572 1216 604 Servatorem;
1235 572 1285 599 hos
1303 579 1369 600 vero
1390 573 1436 608 qui
1451 573 1585 600 audierint
1599 574 1659 607 qui-

872 617 945 650 dem,
959 617 1006 644 sed
1021 624 1074 644 non
1090 617 1200 644 omnino
1210 618 1355 645 didicerint
1365 619 1458 651 etiam,
1472 620 1587 646 nondum
1598 627 1657 646 esse

871 662 988 690 Abrahte
1004 663 1084 691 filios.

906 707 933 736 8.
952 709 1006 736 Sed
1028 709 1230 745 interrogentur
1247 718 1262 737 ο
1281 711 1359 738 nobis
1382 711 1427 745 qui
1444 715 1559 738 naturas
1572 711 1656 738 intro-

872 754 985 785 ducunt.
1003 755 1102 789 quique
1120 756 1146 782 in
1162 756 1213 782 hoc
1224 761 1352 783 contextu
1366 756 1475 784 :Sermo
1492 757 1657 784 nicuslocum

871 807 923 826 non
941 800 1018 826 habet
1038 801 1066 827 in
1079 801 1151 827 vobis
1171 801 1205 832 ",
1219 801 1296 835 juxta
1315 801 1509 830 Heracleoncm
1521 803 1658 837 explicant

870 852 931 872 eum
947 845 1048 873 idcirco
1068 845 1155 873 locum
1177 847 1204 873 in
1228 848 1268 874 eis
1294 855 1347 875 non
1369 848 1478 880 habere,
1510 849 1574 883 quia
1603 849 1657 875 sint

45 891 94 923 πῶς
105 893 128 918 οἱ
141 893 321 927 ἀνεπιτήδειοι
341 894 401 919 κατ’
419 893 512 919 οὐσίαν
533 893 653 929 ἧκουσαν
674 893 750 929 παρὰ
772 903 793 920 τι

902 895 968 918 itura
991 891 1033 918 vel
1058 893 1149 919 animo
1172 893 1307 920 inhabiles
1333 903 1339 920 :
1361 894 1495 928 quomodo
1523 893 1657 921 inhabiles

45 937 150 973 Πατρός;
166 938 246 964 Ἀλλά
258 939 305 965 καὶ
318 939 431 974 πότερόν
446 947 510 965 ποτε
528 939 650 974 πρόϐατα
663 936 736 966 οὗτοι
747 937 817 975 ἦσαν

43 983 82 1008 τοῦ
97 983 222 1018 Χριστοῦ,
236 984 252 1019 ἢ
268 983 402 1019 ἀλλότριοι
413 984 535 1019 ὑπῆρχον
547 984 629 1011 αὑτοῦ
641 993 648 1017 ;
658 985 689 1012 Ei
705 985 733 1011 δὲ
747 983 817 1020 ἦσαν

43 1029 172 1064 ἀλλότριοι,
186 1028 246 1060 πῶς
257 1030 376 1065 ἤκουσαν
392 1031 466 1065 παρά
478 1030 524 1056 τοῦ
537 1031 643 1066 Πατρὸς
664 1031 766 1065 σαφῶς,
780 1031 817 1063 ὡς

42 1074 139 1104 οἴονται.
164 1075 311 1111 λεγομένου
339 1076 407 1111 πρὸς
430 1077 493 1108 τοὺς
516 1076 682 1111 ἀλλοτρίους,
701 1077 741 1104 ὅτι
765 1078 818 1104 Διὰ

40 1118 115 1146 τοῦτο
132 1121 217 1156 ὑμεῖς
242 1122 297 1148 οὐκ
324 1122 458 1154 ἀκούετε,
477 1122 522 1149 ὅτι
543 1123 598 1150 οὐκ
613 1123 682 1150 ἐστε
695 1124 730 1150 ἐκ
758 1123 817 1150 τῶν

40 1169 178 1200 προῢὰτων
199 1168 258 1195 τῶν
283 1166 377 1204 ὲμῶν;
391 1169 415 1194 ει
432 1168 469 1204 μὴ
493 1168 547 1204 ἄρα
561 1169 713 1205 θλιϐόμενοι
730 1170 816 1206 ἑτέρῳ

41 1213 120 1248 ἀτόπῳ
132 1215 245 1246 ἑαυτοὺς
259 1213 450 1249 περιῖάλλουσι
464 1214 599 1248 λέγοντες,
614 1214 689 1250 παρά
703 1215 752 1250 μὲν
769 1215 816 1242 τοῦ

40 1257 132 1294 Πατρὺς
158 1260 307 1295 ἀκηκοέναι
333 1261 395 1291 τοὺς
411 1259 577 1296 ἀλλοτρίους,
597 1260 634 1296 μὴ
653 1261 762 1287 ἀκούειν
787 1261 816 1288 δὲ

39 1305 92 1336 τοὺς
106 1305 201 1337 αὐτοὺς
214 1306 325 1338 τούτους
338 1305 413 1343 παρά
426 1305 472 1333 τοῦ
487 1306 624 1341 Σωτῆρος.
639 1306 670 1332 Ei
684 1306 706 1332 δ’
720 1307 815 1333 οἰκεῖοι

38 1349 77 1376 τοῦ
90 1351 212 1388 Σωτῆρος
232 1349 302 1387 ἦσαν
322 1352 432 1387 καὶτῆς
459 1352 598 1388 μακαρίας
614 1352 732 1386 φύσεως,
756 1353 815 1385 πῶς

39 1395 137 1430 ἐζήτουν
153 1397 234 1423 αὐτὸν
257 1397 426 1429 ἀποκτεῖναι,
446 1398 493 1424 καὶ
515 1396 573 1429 πῶς
591 1398 605 1423 ὁ
627 1397 674 1424 τοῦ
688 1398 815 1434 Σωτῆρος

38 1441 105 1475 λόγος
116 1444 162 1470 οὐκ
177 1442 275 1479 ἐχώρει
292 1445 320 1469 ὲν
337 1444 444 1476 αὑτοῖςς

67 1489 90 1515 9.
111 1490 338 1524 Ἀπεκρίθησαν,
363 1490 412 1517 καὶ
440 1488 529 1517 εἶπαν
551 1490 640 1523 αὐτῷ·
668 1490 694 1516 Ὀ
718 1490 815 1525 πατὴρ

874 942 971 964 natura
989 945 1004 964 a
1020 937 1102 965 Patre
1125 938 1290 966 audierunt?
1316 938 1369 966 Sed
1393 943 1483 966 utrum
1505 939 1613 966 tandem
1629 939 1655 966 hi

868 988 1022 1012 erantoves
1039 984 1150 1018 Christi,
1167 993 1200 1012 an
1222 985 1256 1012 ab
1268 986 1326 1020 ipso
1340 985 1442 1013 alieni?
1457 986 1532 1019 Quod
1546 986 1567 1013 si
1579 992 1657 1014 erant

869 1029 963 1063 alieni,
978 1031 1116 1065 quomodo
1132 1031 1279 1059 audierunt
1294 1039 1308 1058 a
1324 1032 1421 1064 Patre,
1437 1032 1537 1067 palam,
1558 1037 1587 1059 ut
1608 1041 1656 1067 pu-

869 1081 938 1109 tant,
951 1076 1059 1104 dicente
1076 1078 1109 1104 ad
1122 1078 1225 1104 alienos
1243 1087 1251 1105 :
1271 1077 1386 1111 Propter
1396 1078 1445 1104 Itoc
1458 1086 1503 1105 vos
1515 1086 1566 1105 non
1576 1079 1655 1105 audi-

868 1123 912 1154 tis,
928 1123 998 1150 auod
1018 1131 1070 1149 non
1092 1123 1151 1150 sitis
1171 1131 1204 1150 ex
1228 1123 1317 1150 ovibus
1340 1124 1406 1149 meis
1428 1123 1471 1150 "2’
1500 1123 1558 1151 Nisi
1588 1124 1656 1151 forte

868 1175 928 1194 cum
948 1173 1107 1203 urgeantur,
1136 1169 1162 1196 in
1186 1169 1259 1196 aliud
1279 1169 1428 1197 absurdum
1450 1169 1556 1204 seipsos
1569 1169 1655 1203 conji-

867 1213 953 1244 ciunt.
974 1214 1095 1241 dicentes
1111 1221 1125 1240 ο
1142 1213 1223 1242 Patre
1239 1214 1347 1249 quidem
1359 1214 1467 1242 audisse
1478 1215 1590 1246 alienos,
1606 1215 1654 1242 hos

867 1266 933 1287 vero
947 1260 1022 1295 ipsos
1039 1268 1092 1288 non
1107 1260 1203 1288 audire
1225 1268 1239 1288 a
1259 1260 1414 1288 Servatore.
1433 1261 1486 1287 Sed
1499 1261 1520 1288 si
1541 1261 1655 1288 familia-

868 1312 911 1332 res
938 1310 1017 1333 erant
1049 1305 1204 1333 ServatOris
1227 1326 1235 1338 ,
1267 1310 1294 1333 et
1321 1307 1407 1334 beate
1438 1307 1511 1334 illius
1538 1312 1653 1338 nutum.

867 1351 1004 1385 quomodo
1019 1351 1178 1386 qumrebant
1192 1359 1254 1378 eum
1276 1352 1429 1380 interficere
1440 1373 1448 1386 ,
1469 1357 1497 1380 et
1519 1353 1653 1387 quomodo

867 1397 1020 1425 Servatoris
1031 1405 1122 1425 sermo
1133 1405 1184 1425 non
1203 1397 1322 1426 habebat
1335 1398 1423 1426 locum
1440 1399 1468 1425 in
1485 1398 1545 1426 eis?

902 1488 983 1524 317
1013 1489 1040 1516 9.
1071 1488 1281 1523 Responderunt,
1312 1494 1336 1516 et
1368 1489 1490 1516 dixerim!
1517 1490 1558 1517 ei:
1576 1489 1656 1516 Pater

36 1534 242 1570 ἠμῶνἈόραάμ
261 1536 336 1563 ἐστι.
350 1536 458 1568 Δόξαιεν
474 1537 506 1563 ἂν
517 1536 566 1572 τὴν
583 1536 729 1572 ἀπόκρισιν
743 1534 793 1564 οὗτε

903 1542 957 1563 ster
971 1537 1105 1563 Abraham
1121 1541 1158 1564 est
1182 1536 1215 1564 ".
1232 1535 1368 1564 Videntur
1384 1536 1411 1564 lii
1430 1536 1563 1571 :il-jectius
1580 1535 1660 1570 longe

788 1559 850 1587 ."C

37 1581 188 1616 πεποιῆσθαι
201 1581 270 1608 πολὺ
284 1582 472 1617 ταπεινότερον
490 1580 662 1617 ἐκδεξάμενοι
677 1582 741 1618 περὶ
756 1581 813 1614 τοῦ,

35 1623 71 1655 τις
83 1625 168 1653 αὐτῶν
196 1624 232 1661 ἦν
246 1627 260 1653 ὁ
277 1626 367 1662 πατὴρ
383 1626 449 1662 (55),
468 1627 484 1661 ἢ
509 1627 547 1658 ὡς
561 1628 576 1653 ὁ
595 1626 696 1662 Κύριος
711 1626 813 1660 έλεγεν·

35 1669 48 1694 ὁ
60 1670 102 1704 μὲν
118 1671 171 1708 γὰρ
182 1673 287 1707 Ἰησοῦς
302 1672 445 1708 ἀναφέρων
461 1673 507 1699 ἐπὶ
523 1672 567 1698 τὸν
582 1671 647 1698 Θεὸν
660 1671 762 1706 ἔφασκε
773 1673 813 1698 τό·

35 1715 82 1742 Καὶ
103 1717 187 1751 ὑμεῖς
213 1716 270 1745 οὖν
292 1718 311 1744 ἁ
336 1718 487 1751 ἠκούσατε
511 1717 592 1751 παρὰ
614 1716 667 1743 τοῦ
689 1718 814 1750 Πατρὸς,

35 1762 144 1789 ποιεῖτεο
159 1765 183 1790 οι
204 1764 233 1790 δὲ
249 1764 439 1799 ταπεινότερον
454 1763 501 1790 τὸν
525 1762 571 1789 τοῦ
590 1762 682 1794 ἔθνους
695 1771 816 1798 παρομο-

35 1805 147 1841 λογοῦσιν
160 1809 218 1844 (54)
242 1809 347 1836 ἑαυτῶν
364 1809 480 1844 πατέρα,
502 1808 641 1842 λέγοντες·
669 1808 695 1834 Ὁ
718 1807 816 1841 πατὴρ

34 1852 111 1884 ἡμῶν
125 1854 250 1889 Ἀϐραάμ
273 1855 350 1882 ἐστι.
375 1854 485 1890 Βαηθῶν
506 1854 528 1880 δ’
547 1854 580 1881 ἄν
598 1863 639 1885 τις
655 1854 756 1886 αὐτοῖς,
778 1853 816 1885 ὡς

34 1898 115 1931 καλῶς
134 1901 374 1936 ἀποκριναμένοις,
397 1901 488 1936 φήσει,
511 1900 551 1926 ὅτι
569 1900 608 1932 ὼς
629 1900 744 1935 μέτριοι,
769 1899 816 1926 καὶ

35 1944 66 1979 μὴ
87 1945 204 1978 διδόντες
234 1947 340 1978 ἑαυτοῖς
367 1944 436 1972 εἶναι
463 1946 532 1977 υἱοῖς
560 1945 640 1976 Θεοῦ,
662 1945 710 1972 τοῦ
727 1945 814 1981 Ἰησοῦ

33 1988 158 2023 λέγοντος·
174 1993 204 2019 Ἀ
221 1992 374 2025 ἠκούσατε
388 1991 468 2025 παρὰ
485 1991 538 2018 τοῦ
554 1991 679 2025 Πατρός,
696 1990 814 2023 ποιεῖτε,

33 2036 73 2062 καὶ
86 2037 267 2073 ἀναφέροντος
275 2038 322 2064 ἐπὶ
334 2038 378 2064 τὸν
389 2037 465 2070 Θεὸν,
476 2037 567 2072 φασιν·
586 2037 611 2063 '0
624 2037 722 2072 πατὴρ
733 2037 816 2072 ἡμῶν

32 2081 148 2117 Ἀϐραάμ
160 2083 236 2110 ἐστι.
255 2084 340 2119 Δῆλον
355 2084 383 2111 δὲ
402 2085 442 2111 ὅτι
458 2085 505 2111 καὶ
519 2084 598 2111 τοῦτο
610 2084 715 2111 εὐθύνει
732 2085 745 2110 ὁ
760 2084 816 2110 Σω-

31 2128 87 2162 τὴρ.
101 2129 138 2160 ὡς
154 2129 261 2165 ψευδῶς
280 2131 436 2166 εἰρημένον,
456 2130 500 2157 διὰ
515 2130 572 2157 τοῦ·
590 2132 626 2157 Ei
645 2131 736 2157 τέκνα
763 2130 816 2156 τοῦ

31 2171 147 2209 ’Λσραάμ
166 2176 248 2208 ἐστε,
269 2176 306 2202 τὰ
320 2176 392 2211 ἔργα
415 2176 469 2203 τοῦ
485 2176 608 2211 Ἀϐραὰμ
622 2177 742 2203 ποιεῖτε.
760 2177 816 2202 Οὐκ

869 1582 1035 1617 respondere
1061 1589 1142 1617 quant
1171 1583 1272 1610 uixerit
1303 1583 1433 1610 Dominus
1450 1602 1458 1615 .
1486 1583 1656 1610 declarantes

867 1629 928 1662 quis
943 1628 1066 1663 ipsorum
1082 1633 1156 1656 esset
1170 1634 1268 1663 pater;
1285 1630 1417 1664 siquidem
1430 1629 1510 1656 Jesus
1523 1630 1556 1656 ad
1572 1629 1654 1656 Deum

867 1673 989 1702 referens
1014 1675 1143 1702 dixerat:
1164 1675 1196 1702 Et
1220 1682 1262 1702 vos
1286 1675 1378 1709 igitur,
1403 1683 1461 1710 qua:
1484 1675 1624 1702 audivistis
1639 1684 1655 1700 ιι

868 1718 958 1752 Patre,
973 1720 1053 1754 facile
1069 1720 1091 1736 "
1102 1728 1109 1746 :
1121 1722 1147 1747 hi
1161 1727 1225 1747 vero
1234 1721 1364 1754 abjectius
1378 1726 1480 1756 patrem
1490 1721 1609 1756 gentium
1622 1721 1654 1750 ³⁸.

867 1770 972 1800 patrem
1004 1773 1084 1792 suum
1107 1764 1237 1798 fatentur,
1275 1766 1397 1793 dicentes
1423 1766 1533 1795 :Pater
1568 1772 1655 1794 noster

866 1811 999 1837 Abraham
1022 1816 1059 1837 ut
1076 1811 1109 1836 ³⁷.
1125 1811 1201 1844 Quod
1219 1811 1242 1838 si
1259 1811 1321 1846 quis
1339 1818 1387 1838 eos
1401 1811 1548 1839 defendens
1562 1832 1570 1844 .
1594 1817 1652 1840 tuu-

867 1864 947 1890 quam
959 1857 1005 1891 qui
1023 1855 1090 1883 bene
1103 1857 1312 1891 responderint,
1331 1857 1412 1889 (licet.
1433 1857 1497 1885 Jesu
1522 1858 1629 1885 dicente
1645 1868 1652 1885 :

868 1901 934 1934 Qua:
959 1901 1100 1928 audivistis
1116 1900 1235 1933 aPatre,
1255 1892 1349 1936 limite,
1368 1907 1396 1929 et
1417 1902 1539 1930 voeulam
1564 1902 1654 1930 Patris
1695 1900 1696 1903 “

867 1947 1004 1974 referente
1018 1947 1050 1974 ad
1066 1948 1163 1981 Deum,
1180 1955 1227 1975 eos
1239 1948 1350 1976 dicere:
1366 1947 1449 1975 Pater
1468 1954 1555 1975 noster
1567 1948 1648 1975 Abra-

867 1994 928 2019 Iiam
951 1998 1000 2025 est,
1028 2000 1076 2020 ceu
1100 1994 1237 2021 modestos
1265 1999 1292 2020 et
1318 1993 1439 2020 nolentes
1465 1994 1515 2021 sibi
1535 1994 1654 2020 tribuere.

867 2036 938 2070 quod
955 2035 1000 2062 filii
1021 2035 1065 2063 Dei
1090 2042 1192 2070 essent,
1210 2037 1386 2071 perspicuum
1403 2042 1445 2064 est
1464 2038 1516 2064 hoc
1539 2038 1619 2064 etiam
1638 2047 1652 2064 τι

867 2080 1012 2108 Servatore
1030 2081 1141 2116 corrigi,
1158 2089 1206 2108 ceu
1226 2081 1293 2112 falso
1306 2082 1419 2112 dictum,
1435 2082 1479 2109 his
1496 2082 1604 2109 verbis:
1623 2083 1653 2109 Si

867 2125 917 2160 ﬁlii
933 2126 1045 2153 Abraha-
1056 2127 1127 2156 estis.
1141 2135 1220 2161 opera
1236 2127 1352 2154 Abrahae
1365 2127 1455 2161 facile.
1473 2127 1567 2162 Neque
1587 2136 1653 2155 vero

868 2170 986 2198 absurde
997 2176 1094 2205 praeter
1109 2172 1164 2198 hinc
1180 2176 1286 2206 quierat
1305 2172 1385 2198 etiam
1405 2171 1505 2206 aliquis
1518 2173 1654 2206 quomodo

31 2218 130 2252 ἀτόπως
143 2220 173 2247 δὲ
192 2221 321 2257 καὶπρὸς
339 2221 426 2248 ταῦτα
448 2221 563 2257 ζητήσαι
575 2230 616 2253 τις
633 2221 676 2252 ἂν,
695 2222 735 2248 ὅτι
757 2221 793 2248 πᾶ

902 2221 1009 2248 ετνιιιον,
1022 2215 1066 2249 qui
1081 2216 1122 2243 eis
1136 2223 1168 2242 ne
1183 2216 1244 2242 filiis
1260 2215 1369 2250 quidem
1390 2223 1450 2243 esse
1463 2217 1578 2243 Abrahae
1590 2224 1655 2243 con-

31 2263 95 2290 κατὰ
104 2265 149 2291 τὸν
162 2265 278 2302 Σωτῆρά
290 2266 357 2298 ἐστι,
374 2266 411 2302 μὴ
421 2265 683 2301 συγκατατιθέμενον
693 2263 760 2292 εἶναι
771 2266 816 2292 αὐ-

29 2310 86 2340 τοὺς
95 2310 177 2337 τέκνα
193 2311 242 2337 τοῦ
257 2311 392 2347 Ἀϐραὰμ,
401 2311 432 2338 τὸ
445 2311 536 2344 λέγειν
547 2311 648 2342 αὐτοῖς·
663 2311 718 2338 Καὶ
731 2310 815 2345 ὑμεῖς

30 2351 82 2380 οὖν
101 2355 120 2382 d
136 2357 288 2390 ἠκούσατε
304 2357 384 2390 παρὰ
403 2357 455 2383 τοῦ
468 2355 593 2390 Πατρός,
611 2356 730 2385 ποιεῖτε.
747 2356 814 2382 ἀνα-

30 2402 177 2436 φερομένου
193 2402 253 2434 τοῦ,
271 2403 350 2436 παρὰ
369 2402 422 2428 τοῦ
442 2401 568 2436 Πατρός,
587 2403 633 2428 ἐπὶ
645 2402 690 2428 τὸν
704 2402 778 2428 Θεόν·
801 2402 815 2428 ὁ

29 2444 79 2479 γὰρ
96 2446 132 2481 μὴ
145 2446 184 2473 ὦν
198 2447 292 2474 τέκνον
306 2447 353 2474 τοῦ
368 2447 493 2483 Ἀϐραὰμ
507 2447 576 2474 κατὰ
585 2447 702 2482 μίμησιν
715 2446 814 2482 ἀρετῆς

29 2490 166 2518 ὁποιανοῦν
188 2492 242 2518 τῶν
263 2493 317 2528 (55)
343 2493 411 2528 μετὰ
433 2493 479 2519 τὸν
492 2492 628 2528 Ἀϐραὰμ,
646 2491 754 2526 ψεκτὸς,
777 2491 816 2522 ὡς

29 2532 105 2566 οὗτοι,
129 2537 202 2572 πρὸς
223 2537 269 2569 οὓς
291 2539 305 2564 ὁ
327 2537 414 2572 λόγος,
438 2537 526 2572 πολλῷ
558 2537 656 2572 μᾶλλον
682 2536 731 2562 οὐκ
759 2536 814 2562 ἔστι

29 2580 118 2608 τέκνον
132 2582 182 2609 τοῦ
193 2583 272 2609 Θεοῦ.
288 2584 358 2618 Ὅρα
370 2583 398 2610 δὲ
409 2583 433 2609 εἰ
454 2584 499 2610 καὶ
511 2583 579 2619 πρὸς
592 2583 669 2609 τοῦτο
679 2581 815 2617 δυνάμεθα

30 2624 112 2658 λέγειν
128 2627 181 2661 (ὅτι
200 2627 251 2654 οὐκ
264 2627 380 2663 εἴρηται·
390 2628 444 2654 Καὶ
461 2627 546 2662 ὑμεῖς
566 2625 622 2654 οὖν
634 2626 653 2654 ἃ
665 2627 816 2661 ἠκούσατε

58 2695 79 2711 ³¹
92 2695 172 2723 Joau.
195 2702 255 2726 vni.
271 2695 316 2722 5-7.
355 2695 376 2710 ³³
391 2694 472 2722 Joan.
486 2704 513 2726 χ,
524 2695 570 2722 26.
608 2695 631 2710 3“
645 2694 722 2721 Joau.
737 2702 796 2727 \‘lll,
813 2693 861 2721 35.

71 2754 116 2790 52)
129 2753 225 2790 Codex
234 2753 408 2790 Bodleiauus,
423 2756 524 2781 ποιεῖτε
534 2763 540 2769 ·
555 2754 666 2785 Regius,
683 2754 811 2790 ἐποιεῖτε.

71 2755 116 2790 52)
129 2755 225 2782 Codex
234 2755 408 2786 Bodleiautts,
423 2756 524 2781 ποιεῖτε
534 2763 540 2769 ·
555 2755 666 2785 Regius,
683 2755 811 2780 ἐποιεῖτε.

28 2824 45 2838 ν
59 2755 115 2833 ἕὸᾕ)
132 2789 228 2817 Codex
255 2789 424 2821 Bodleianus,
449 2795 530 2820 recte,
558 2790 665 2824 ’πα-ξήρ’
700 2789 811 2824 Regius,

29 2833 209 2894 “mg-Idem
226 2859 308 2887 codex
326 2859 496 2893 Bodleianus,
513 2858 732 2895 ἀναιμολογοῦσιν.

871 2260 995 2293 cedebat,
1008 2261 1100 2288 dicere
1110 2266 1201 2295 posset
1217 2269 1224 2287 :
1242 2261 1271 2287 Et
1282 2269 1326 2288 vos
1336 2262 1427 2296 igitur,
1441 2270 1499 2296 qua:
1516 2262 1653 2289 audivistis

869 2316 884 2333 α
900 2306 989 2340 Patre,
1011 2307 1090 2341 facile
1102 2326 1110 2340 ,
1122 2307 1204 2333 rclatn
1226 2315 1292 2334 voce
1313 2307 1401 2334 Patris
1423 2309 1455 2333 ad
1470 2307 1552 2334 Deum
1570 2316 1576 2333 :
1592 2316 1652 2334 nam

869 2353 914 2387 qui
931 2352 1047 2379 Abrahaz
1070 2353 1141 2379 filius
1160 2361 1212 2379 non
1229 2357 1287 2384 est,
1304 2353 1484 2387 qualicunque
1498 2354 1578 2380 modo
1600 2355 1654 2380 vir-

870 2403 953 2425 tutem
969 2403 1137 2432 posterorum
1152 2397 1419 2430 Abrahatimitando,
1433 2399 1456 2425 is
1469 2398 1654 2432 vituperabilis

869 2444 980 2479 perinde
995 2449 1077 2478 atque
1088 2444 1114 2471 hi
1132 2444 1164 2470 ad
1186 2451 1254 2478 quos
1276 2449 1318 2471 est
1334 2451 1442 2476 sermo,
1465 2445 1548 2472 multo
1567 2445 1654 2479 magis

869 2497 921 2516 non
935 2489 986 2516 erit
1002 2489 1071 2516 filius
1091 2489 1148 2515 Dei.
1173 2488 1289 2516 Proinde
1310 2489 1374 2515 vide
1394 2497 1427 2516 an
1446 2489 1528 2516 etiam
1549 2490 1581 2517 ad
1602 2489 1653 2516 llOt:

869 2535 959 2561 dicere
973 2534 1106 2568 possimus
1122 2534 1261 2569 (quoniam
1278 2541 1330 2560 non
1352 2533 1453 2560 dictum
1470 2534 1519 2560 fuit
1536 2542 1543 2559 :
1559 2533 1594 2560 Et
1611 2543 1654 2560 vos

869 2581 958 2615 igitur,
977 2589 1035 2615 qua
1054 2581 1192 2608 audivistis
1207 2588 1221 2607 a
1241 2579 1321 2607 Patre
1343 2585 1445 2611 vestro,
1464 2580 1506 2606 vel
1532 2587 1548 2607 a
1577 2585 1654 2615 patre

869 2632 974 2659 nostro,
1000 2627 1058 2659 sed,
1072 2636 1088 2654 α
1106 2626 1208 2662 Patre).
1221 2626 1292 2661 quod
1308 2626 1369 2653 licet
1386 2625 1484 2660 aliquis
1510 2626 1546 2652 sit
1567 2631 1654 2660 pater,

900 2694 921 2710 ³³
937 2695 1002 2722 ibid.
1013 2695 1059 2723 58.
1097 2696 1120 2711 ³⁸
1130 2696 1197 2723 Gen.
1213 2702 1279 2726 xvu,
1291 2695 1319 2726 4,
1330 2694 1356 2721 5.
1396 2694 1416 2710 ³⁷
1431 2693 1508 2722 Joan.
1525 2701 1587 2726 vni,
1608 2694 1654 2721 59.

903 2754 958 2787 (55)
974 2754 1055 2781 Κατὰ
1070 2755 1198 2789 μίμησιν
1214 2753 1321 2787 ἀρετῆς
1337 2753 1584 2789 ὁποιανοῦνλτῶν,
1600 2759 1653 2781 etc.

867 2788 914 2815 Sic
930 2790 1000 2816 hunc
1016 2787 1113 2820 locum;
1129 2789 1154 2816 in
1186 2789 1324 2816 codicibus
1342 2788 1426 2822 Regio
1451 2794 1478 2816 et
1505 2787 1654 2815 Barberino

869 2823 1001 2856 luxatum,
1018 2825 1126 2852 sanitati
1143 2824 1260 2851 restituit
1274 2823 1443 2849 Bndleianus.
