  <div class='ocr_page' id='page_1' title='image "/cluster/home/n/w/nwhite01/storage/ocr_20150623/14/njp.32101077772448/310.png"; bbox 0 0 1847 3045; ppageno 0'>
   <div class='ocr_carea' id='block_1_1' title="bbox 8 115 27 142">
    <p class='ocr_par' dir='ltr' id='par_1_1' title="bbox 8 115 27 142">
     <span class='ocr_line' id='line_1_1' title="bbox 8 115 27 142; baseline 0 0"><span class='ocrx_word' id='word_1_1' title='bbox 8 115 27 142; x_wconf 70' lang='lat'><strong>&gt;5</strong></span> 
     </span>
    </p>
   </div>
   <div class='ocr_carea' id='block_1_2' title="bbox 478 113 1040 144">
    <p class='ocr_par' dir='ltr' id='par_1_2' title="bbox 478 113 1040 144">
     <span class='ocr_line' id='line_1_2' title="bbox 478 113 1040 144; baseline 0.005 -4"><span class='ocrx_word' id='word_1_2' title='bbox 478 113 656 142; x_wconf 75' lang='lat' dir='ltr'><strong>COMMENT.</strong></span> <span class='ocrx_word' id='word_1_3' title='bbox 678 114 710 140; x_wconf 81' lang='lat' dir='ltr'><strong>IN</strong></span> <span class='ocrx_word' id='word_1_4' title='bbox 730 115 826 142; x_wconf 75' lang='lat' dir='ltr'><strong>JOAN.</strong></span> <span class='ocrx_word' id='word_1_5' title='bbox 844 115 964 142; x_wconf 74' lang='lat' dir='ltr'><strong>TOML’S</strong></span> <span class='ocrx_word' id='word_1_6' title='bbox 981 116 1040 144; x_wconf 74' lang='grc' dir='ltr'><strong>ΧΧ.</strong></span> 
     </span>
    </p>
   </div>
   <div class='ocr_carea' id='block_1_3' title="bbox 1528 122 1580 150">
    <p class='ocr_par' dir='ltr' id='par_1_3' title="bbox 1528 122 1580 150">
     <span class='ocr_line' id='line_1_3' title="bbox 1528 122 1580 150; baseline 0.038 -2"><span class='ocrx_word' id='word_1_7' title='bbox 1528 122 1580 150; x_wconf 70' lang='lat'><strong>606</strong></span> 
     </span>
    </p>
   </div>
   <div class='ocr_carea' id='block_1_4' title="bbox 8 173 734 214">
    <p class='ocr_par' dir='ltr' id='par_1_4' title="bbox 8 173 727 210">
     <span class='ocr_line' id='line_1_4' title="bbox 8 173 727 210; baseline 0.004 -11"><span class='ocrx_word' id='word_1_8' title='bbox 8 176 54 210; x_wconf 69' lang='grc' dir='ltr'>ὶσης</span> <span class='ocrx_word' id='word_1_9' title='bbox 69 173 201 209; x_wconf 83' lang='grc' dir='ltr'>ἀκριϐείας</span> <span class='ocrx_word' id='word_1_10' title='bbox 215 173 253 208; x_wconf 84' lang='grc' dir='ltr'><strong>τῷ</strong></span> <span class='ocrx_word' id='word_1_11' title='bbox 276 173 385 209; x_wconf 80' lang='grc' dir='ltr'>Ἰωάννῃ</span> <span class='ocrx_word' id='word_1_12' title='bbox 401 173 533 209; x_wconf 79' lang='grc' dir='ltr'>εἴρηνται·</span> <span class='ocrx_word' id='word_1_13' title='bbox 549 174 615 201; x_wconf 77' lang='grc' dir='ltr'><strong>ὥστ’</strong></span> <span class='ocrx_word' id='word_1_14' title='bbox 627 175 660 202; x_wconf 82' lang='grc' dir='ltr'>ὃν</span> <span class='ocrx_word' id='word_1_15' title='bbox 677 175 727 201; x_wconf 77' lang='grc' dir='ltr'>θαι)</span> 
     </span>
    </p>
   </div>
   <div class='ocr_carea' id='block_1_5' title="bbox 812 173 1578 214">
    <p class='ocr_par' dir='ltr' id='par_1_5' title="bbox 818 176 1578 214">
     <span class='ocr_line' id='line_1_5' title="bbox 818 176 1578 214; baseline 0.007 -12"><span class='ocrx_word' id='word_1_16' title='bbox 818 180 836 207; x_wconf 90' lang='lat' dir='ltr'><strong>t,</strong></span> <span class='ocrx_word' id='word_1_17' title='bbox 854 184 887 203; x_wconf 84' lang='lat' dir='ltr'><strong>ex</strong></span> <span class='ocrx_word' id='word_1_18' title='bbox 905 176 958 203; x_wconf 83' lang='lat' dir='ltr'><strong>Deo</strong></span> <span class='ocrx_word' id='word_1_19' title='bbox 971 181 1033 210; x_wconf 84' lang='lat' dir='ltr'><strong>est;</strong></span> <span class='ocrx_word' id='word_1_20' title='bbox 1056 176 1096 203; x_wconf 86' lang='lat' dir='ltr'><strong>vcl</strong></span> <span class='ocrx_word' id='word_1_21' title='bbox 1120 177 1154 210; x_wconf 93' lang='lat' dir='ltr'><strong>si,</strong></span> <span class='ocrx_word' id='word_1_22' title='bbox 1172 178 1397 212; x_wconf 87' lang='lat' dir='ltr'><strong>quemadmodum</strong></span> <span class='ocrx_word' id='word_1_23' title='bbox 1410 180 1578 214; x_wconf 84' lang='lat' dir='ltr'><strong>scripserat:</strong></span> 
     </span>
    </p>
   </div>
   <div class='ocr_carea' id='block_1_6' title="bbox 8 219 742 255">
    <p class='ocr_par' dir='ltr' id='par_1_6' title="bbox 8 219 742 255">
     <span class='ocr_line' id='line_1_6' title="bbox 8 219 742 255; baseline 0.001 -8"><span class='ocrx_word' id='word_1_24' title='bbox 8 221 51 247; x_wconf 67' lang='lat' dir='ltr'><strong>ira:</strong></span> <span class='ocrx_word' id='word_1_25' title='bbox 64 220 115 246; x_wconf 76' lang='grc' dir='ltr'>τινὰ</span> <span class='ocrx_word' id='word_1_26' title='bbox 132 219 189 251; x_wconf 79' lang='grc' dir='ltr'><strong>πῶς</strong></span> <span class='ocrx_word' id='word_1_27' title='bbox 206 220 343 255; x_wconf 83' lang='grc' dir='ltr'>ἁλήπτως,</span> <span class='ocrx_word' id='word_1_28' title='bbox 361 220 418 251; x_wconf 72' lang='grc' dir='ltr'>καὶ,</span> <span class='ocrx_word' id='word_1_29' title='bbox 433 220 470 251; x_wconf 85' lang='grc' dir='ltr'><strong>ὡς</strong></span> <span class='ocrx_word' id='word_1_30' title='bbox 487 221 520 247; x_wconf 84' lang='grc' dir='ltr'><strong>ἂν</strong></span> <span class='ocrx_word' id='word_1_31' title='bbox 534 221 637 248; x_wconf 76' lang='grc' dir='ltr'>εἷποιέν</span> <span class='ocrx_word' id='word_1_32' title='bbox 654 230 742 254; x_wconf 79' lang='grc' dir='ltr'>τινες,</span> 
     </span>
    </p>
   </div>
   <div class='ocr_carea' id='block_1_7' title="bbox 8 265 742 304">
    <p class='ocr_par' dir='ltr' id='par_1_7' title="bbox 8 265 742 304">
     <span class='ocr_line' id='line_1_7' title="bbox 8 265 742 304; baseline 0.003 -11"><span class='ocrx_word' id='word_1_33' title='bbox 8 265 130 297; x_wconf 76' lang='grc' dir='ltr'>ιλεκτικῶς</span> <span class='ocrx_word' id='word_1_34' title='bbox 160 265 304 300; x_wconf 70' lang='grc' dir='ltr'><strong>ἐξήνεγκεν</strong></span> <span class='ocrx_word' id='word_1_35' title='bbox 329 265 431 298; x_wconf 84' lang='grc' dir='ltr'>αὐτὰς,</span> <span class='ocrx_word' id='word_1_36' title='bbox 458 266 494 301; x_wconf 89' lang='grc' dir='ltr'>μὴ</span> <span class='ocrx_word' id='word_1_37' title='bbox 517 267 550 294; x_wconf 85' lang='grc' dir='ltr'>τὰ</span> <span class='ocrx_word' id='word_1_38' title='bbox 578 268 658 302; x_wconf 82' lang='grc' dir='ltr'>ὅμοια</span> <span class='ocrx_word' id='word_1_39' title='bbox 687 268 742 304; x_wconf 63' lang='grc'><strong>(94)</strong></span> 
     </span>
    </p>
   </div>
   <div class='ocr_carea' id='block_1_8' title="bbox 8 310 742 346">
    <p class='ocr_par' dir='ltr' id='par_1_8' title="bbox 8 310 742 346">
     <span class='ocr_line' id='line_1_8' title="bbox 8 310 742 346; baseline 0.005 -8"><span class='ocrx_word' id='word_1_40' title='bbox 8 311 206 346; x_wconf 69' lang='grc' dir='ltr'>ησενεγκάμενος</span> <span class='ocrx_word' id='word_1_41' title='bbox 224 311 287 346; x_wconf 75' lang='grc' dir='ltr'>περὶ</span> <span class='ocrx_word' id='word_1_42' title='bbox 303 310 357 337; x_wconf 82' lang='grc' dir='ltr'><strong>τῶν</strong></span> <span class='ocrx_word' id='word_1_43' title='bbox 374 313 405 338; x_wconf 80' lang='grc' dir='ltr'>ὲκ</span> <span class='ocrx_word' id='word_1_44' title='bbox 418 311 466 338; x_wconf 83' lang='grc' dir='ltr'><strong>τοῦ</strong></span> <span class='ocrx_word' id='word_1_45' title='bbox 478 312 613 345; x_wconf 87' lang='grc' dir='ltr'>διαϐόλου,</span> <span class='ocrx_word' id='word_1_46' title='bbox 631 315 742 342; x_wconf 76' lang='grc' dir='ltr'>καὶτῶν</span> 
     </span>
    </p>
   </div>
   <div class='ocr_carea' id='block_1_9' title="bbox 19 356 742 396">
    <p class='ocr_par' dir='ltr' id='par_1_9' title="bbox 19 356 742 396">
     <span class='ocr_line' id='line_1_9' title="bbox 19 356 742 396; baseline 0.003 -12"><span class='ocrx_word' id='word_1_47' title='bbox 19 358 57 384; x_wconf 82' lang='grc' dir='ltr'><strong>τοῦ</strong></span> <span class='ocrx_word' id='word_1_48' title='bbox 70 358 145 384; x_wconf 83' lang='grc' dir='ltr'><strong>Θεοῦ·</strong></span> <span class='ocrx_word' id='word_1_49' title='bbox 160 358 262 393; x_wconf 80' lang='grc' dir='ltr'>ὁμοίως</span> <span class='ocrx_word' id='word_1_50' title='bbox 287 357 310 383; x_wconf 79' lang='grc' dir='ltr'>δ’</span> <span class='ocrx_word' id='word_1_51' title='bbox 323 356 356 384; x_wconf 81' lang='grc' dir='ltr'>ἂν</span> <span class='ocrx_word' id='word_1_52' title='bbox 373 357 531 393; x_wconf 78' lang='grc' dir='ltr'>ἐξήνεγκεν,</span> <span class='ocrx_word' id='word_1_53' title='bbox 561 360 585 386; x_wconf 77' lang='grc' dir='ltr'>ει</span> <span class='ocrx_word' id='word_1_54' title='bbox 612 361 742 396; x_wconf 74' lang='grc' dir='ltr'>ἐπεποιή-</span> 
     </span>
    </p>
   </div>
   <div class='ocr_carea' id='block_1_10' title="bbox 8 402 741 439">
    <p class='ocr_par' dir='ltr' id='par_1_10' title="bbox 8 402 741 439">
     <span class='ocr_line' id='line_1_10' title="bbox 8 402 741 439; baseline 0.003 -9"><span class='ocrx_word' id='word_1_55' title='bbox 8 414 26 436; x_wconf 80' lang='grc' dir='ltr'>ι,</span> <span class='ocrx_word' id='word_1_56' title='bbox 44 405 125 439; x_wconf 76' lang='grc' dir='ltr'>ὥσπερ</span> <span class='ocrx_word' id='word_1_57' title='bbox 144 403 188 429; x_wconf 87' lang='grc' dir='ltr'><strong>τό·</strong></span> <span class='ocrx_word' id='word_1_58' title='bbox 213 404 239 429; x_wconf 84' lang='grc'><strong>’0</strong></span> <span class='ocrx_word' id='word_1_59' title='bbox 254 402 347 430; x_wconf 78' lang='grc' dir='ltr'>ποιῶν</span> <span class='ocrx_word' id='word_1_60' title='bbox 375 403 433 437; x_wconf 80' lang='grc' dir='ltr'>τὴν</span> <span class='ocrx_word' id='word_1_61' title='bbox 462 403 609 438; x_wconf 80' lang='grc' dir='ltr'><strong>ἁμαρτίαν</strong></span> <span class='ocrx_word' id='word_1_62' title='bbox 633 405 667 431; x_wconf 79' lang='grc' dir='ltr'>ἐκ</span> <span class='ocrx_word' id='word_1_63' title='bbox 687 406 741 432; x_wconf 84' lang='grc' dir='ltr'><strong>τοῦ</strong></span> 
     </span>
    </p>
   </div>
   <div class='ocr_carea' id='block_1_11' title="bbox 8 449 741 487">
    <p class='ocr_par' dir='ltr' id='par_1_11' title="bbox 8 449 741 487">
     <span class='ocr_line' id='line_1_11' title="bbox 8 449 741 487; baseline 0.004 -12"><span class='ocrx_word' id='word_1_64' title='bbox 8 451 96 476; x_wconf 66' lang='grc' dir='ltr'>πσόλου</span> <span class='ocrx_word' id='word_1_65' title='bbox 114 449 214 481; x_wconf 78' lang='grc' dir='ltr'>ἐστὶν,</span> <span class='ocrx_word' id='word_1_66' title='bbox 230 449 332 481; x_wconf 78' lang='grc' dir='ltr'>οὕτως·</span> <span class='ocrx_word' id='word_1_67' title='bbox 349 450 378 476; x_wconf 89' lang='grc'><strong>’0</strong></span> <span class='ocrx_word' id='word_1_68' title='bbox 403 449 487 477; x_wconf 81' lang='grc' dir='ltr'>ποιῶν</span> <span class='ocrx_word' id='word_1_69' title='bbox 502 450 551 486; x_wconf 81' lang='grc' dir='ltr'>τὴν</span> <span class='ocrx_word' id='word_1_70' title='bbox 568 450 741 487; x_wconf 82' lang='grc' dir='ltr'>δικαιοσύνην</span> 
     </span>
    </p>
   </div>
   <div class='ocr_carea' id='block_1_12' title="bbox 16 495 740 532">
    <p class='ocr_par' dir='ltr' id='par_1_12' title="bbox 16 495 740 532">
     <span class='ocr_line' id='line_1_12' title="bbox 16 495 740 532; baseline 0.004 -11"><span class='ocrx_word' id='word_1_71' title='bbox 16 495 53 522; x_wconf 79' lang='grc' dir='ltr'><strong>τοῦ</strong></span> <span class='ocrx_word' id='word_1_72' title='bbox 65 495 125 522; x_wconf 86' lang='grc' dir='ltr'>Θεοῦ</span> <span class='ocrx_word' id='word_1_73' title='bbox 142 496 231 522; x_wconf 76' lang='grc' dir='ltr'>ἐστιν·</span> <span class='ocrx_word' id='word_1_74' title='bbox 250 495 266 531; x_wconf 84' lang='grc' dir='ltr'><strong>ἢ</strong></span> <span class='ocrx_word' id='word_1_75' title='bbox 283 496 307 522; x_wconf 78' lang='grc' dir='ltr'>εἰ</span> <span class='ocrx_word' id='word_1_76' title='bbox 324 495 379 531; x_wconf 76' lang='grc'><strong>(95)</strong></span> <span class='ocrx_word' id='word_1_77' title='bbox 397 495 492 531; x_wconf 84' lang='grc' dir='ltr'>ὥσπερ</span> <span class='ocrx_word' id='word_1_78' title='bbox 514 497 677 532; x_wconf 78' lang='grc' dir='ltr'>ἀνέγραφεν,</span> <span class='ocrx_word' id='word_1_79' title='bbox 699 498 740 524; x_wconf 86' lang='grc' dir='ltr'><strong>ὅτι</strong></span> 
     </span>
    </p>
   </div>
   <div class='ocr_carea' id='block_1_13' title="bbox 8 540 740 576">
    <p class='ocr_par' dir='ltr' id='par_1_13' title="bbox 8 540 740 576">
     <span class='ocr_line' id='line_1_13' title="bbox 8 540 740 576; baseline 0.003 -9"><span class='ocrx_word' id='word_1_80' title='bbox 8 540 26 573; x_wconf 84' lang='grc' dir='ltr'>ῖς</span> <span class='ocrx_word' id='word_1_81' title='bbox 38 542 51 567; x_wconf 84' lang='grc' dir='ltr'><em>ὁ</em></span> <span class='ocrx_word' id='word_1_82' title='bbox 67 540 278 575; x_wconf 75' lang='grc' dir='ltr'><strong>γεγεννημένος</strong></span> <span class='ocrx_word' id='word_1_83' title='bbox 304 541 339 567; x_wconf 82' lang='grc' dir='ltr'>ἐκ</span> <span class='ocrx_word' id='word_1_84' title='bbox 365 541 418 568; x_wconf 86' lang='grc' dir='ltr'><strong>τοῦ</strong></span> <span class='ocrx_word' id='word_1_85' title='bbox 444 541 519 569; x_wconf 87' lang='grc' dir='ltr'><strong>Θεοῦ</strong></span> <span class='ocrx_word' id='word_1_86' title='bbox 540 542 686 576; x_wconf 76' lang='grc' dir='ltr'>ἁμαρτίην</span> <span class='ocrx_word' id='word_1_87' title='bbox 704 544 740 569; x_wconf 84' lang='grc' dir='ltr'><strong>οὺ</strong></span> 
     </span>
    </p>
   </div>
   <div class='ocr_carea' id='block_1_14' title="bbox 9 587 739 623">
    <p class='ocr_par' dir='ltr' id='par_1_14' title="bbox 9 587 739 623">
     <span class='ocr_line' id='line_1_14' title="bbox 9 587 739 623; baseline 0 -9"><span class='ocrx_word' id='word_1_88' title='bbox 9 588 49 618; x_wconf 85' lang='grc' dir='ltr'><strong>ιεῖ,</strong></span> <span class='ocrx_word' id='word_1_89' title='bbox 72 588 225 622; x_wconf 79' lang='grc' dir='ltr'><strong>ἐπεποιήκει</strong></span> <span class='ocrx_word' id='word_1_90' title='bbox 245 587 291 613; x_wconf 77' lang='grc' dir='ltr'><strong>τό·</strong></span> <span class='ocrx_word' id='word_1_91' title='bbox 307 587 365 618; x_wconf 78' lang='grc' dir='ltr'><strong>Πᾶς</strong></span> <span class='ocrx_word' id='word_1_92' title='bbox 385 588 400 614; x_wconf 81' lang='grc' dir='ltr'><strong><em>ὁ</em></strong></span> <span class='ocrx_word' id='word_1_93' title='bbox 419 588 618 623; x_wconf 82' lang='grc' dir='ltr'>γεγεννημένος</span> <span class='ocrx_word' id='word_1_94' title='bbox 645 589 676 614; x_wconf 79' lang='grc' dir='ltr'>ἐκ</span> <span class='ocrx_word' id='word_1_95' title='bbox 692 588 739 615; x_wconf 82' lang='grc' dir='ltr'><strong>τοῦ</strong></span> 
     </span>
    </p>
   </div>
   <div class='ocr_carea' id='block_1_15' title="bbox 8 631 737 669">
    <p class='ocr_par' dir='ltr' id='par_1_15' title="bbox 8 631 737 669">
     <span class='ocr_line' id='line_1_15' title="bbox 8 631 737 669; baseline 0.003 -11"><span class='ocrx_word' id='word_1_96' title='bbox 8 632 76 658; x_wconf 73' lang='grc' dir='ltr'>ιῦόλου</span> <span class='ocrx_word' id='word_1_97' title='bbox 90 631 260 667; x_wconf 77' lang='grc' dir='ltr'>δικαιοσύνην</span> <span class='ocrx_word' id='word_1_98' title='bbox 276 632 306 658; x_wconf 88' lang='grc' dir='ltr'><strong>οὐ</strong></span> <span class='ocrx_word' id='word_1_99' title='bbox 322 633 403 658; x_wconf 84' lang='grc' dir='ltr'>ποιεῖ.</span> <span class='ocrx_word' id='word_1_100' title='bbox 425 633 538 668; x_wconf 84' lang='grc' dir='ltr'><strong>Μήποτε</strong></span> <span class='ocrx_word' id='word_1_101' title='bbox 563 633 591 659; x_wconf 78' lang='grc' dir='ltr'>δὲ</span> <span class='ocrx_word' id='word_1_102' title='bbox 617 633 664 660; x_wconf 79' lang='grc' dir='ltr'><strong>καὶ</strong></span> <span class='ocrx_word' id='word_1_103' title='bbox 678 633 717 669; x_wconf 84' lang='grc' dir='ltr'>τῷ</span> <span class='ocrx_word' id='word_1_104' title='bbox 730 655 737 667; x_wconf 88' lang='grc'>,</span> 
     </span>
    </p>
   </div>
   <div class='ocr_carea' id='block_1_16' title="bbox 8 675 740 714">
    <p class='ocr_par' dir='ltr' id='par_1_16' title="bbox 8 675 740 714">
     <span class='ocr_line' id='line_1_16' title="bbox 8 675 740 714; baseline 0.004 -12"><span class='ocrx_word' id='word_1_105' title='bbox 8 677 52 708; x_wconf 75' lang='grc' dir='ltr'>τὶν,</span> <span class='ocrx_word' id='word_1_106' title='bbox 67 677 198 712; x_wconf 77' lang='grc' dir='ltr'><strong>εἰρημένῳ</strong></span> <span class='ocrx_word' id='word_1_107' title='bbox 215 675 262 703; x_wconf 77' lang='grc' dir='ltr'><strong>ἐπὶ</strong></span> <span class='ocrx_word' id='word_1_108' title='bbox 278 676 326 703; x_wconf 85' lang='grc' dir='ltr'><strong>τοῦ</strong></span> <span class='ocrx_word' id='word_1_109' title='bbox 344 678 377 703; x_wconf 84' lang='grc' dir='ltr'><strong>ὲκ</strong></span> <span class='ocrx_word' id='word_1_110' title='bbox 390 677 438 704; x_wconf 86' lang='grc' dir='ltr'><strong>τοῦ</strong></span> <span class='ocrx_word' id='word_1_111' title='bbox 461 677 597 711; x_wconf 85' lang='grc' dir='ltr'>διαϐόλου,</span> <span class='ocrx_word' id='word_1_112' title='bbox 617 679 654 714; x_wconf 81' lang='grc' dir='ltr'><strong>μὴ</strong></span> <span class='ocrx_word' id='word_1_113' title='bbox 671 688 740 714; x_wconf 80' lang='grc' dir='ltr'>χρη-</span> 
     </span>
    </p>
   </div>
   <div class='ocr_carea' id='block_1_17' title="bbox 8 723 737 759">
    <p class='ocr_par' dir='ltr' id='par_1_17' title="bbox 8 723 737 759">
     <span class='ocr_line' id='line_1_17' title="bbox 8 723 737 759; baseline 0.004 -11"><span class='ocrx_word' id='word_1_114' title='bbox 8 731 69 758; x_wconf 82' lang='grc' dir='ltr'>μενος</span> <span class='ocrx_word' id='word_1_115' title='bbox 84 723 125 749; x_wconf 74' lang='grc' dir='ltr'>ἐπὶ</span> <span class='ocrx_word' id='word_1_116' title='bbox 139 723 193 749; x_wconf 85' lang='grc' dir='ltr'><strong>τῶν</strong></span> <span class='ocrx_word' id='word_1_117' title='bbox 208 723 240 749; x_wconf 81' lang='grc' dir='ltr'><strong>ὲκ</strong></span> <span class='ocrx_word' id='word_1_118' title='bbox 253 723 300 750; x_wconf 84' lang='grc' dir='ltr'><strong>τοῦ</strong></span> <span class='ocrx_word' id='word_1_119' title='bbox 315 723 395 755; x_wconf 82' lang='grc' dir='ltr'>Θεοῦ,</span> <span class='ocrx_word' id='word_1_120' title='bbox 411 723 428 759; x_wconf 81' lang='grc' dir='ltr'><strong>ἢ</strong></span> <span class='ocrx_word' id='word_1_121' title='bbox 445 723 494 759; x_wconf 84' lang='grc' dir='ltr'>τῷ,</span> <span class='ocrx_word' id='word_1_122' title='bbox 511 724 737 759; x_wconf 79' lang='grc' dir='ltr'>γεγεννημένος,</span> 
     </span>
    </p>
   </div>
   <div class='ocr_carea' id='block_1_18' title="bbox 8 768 739 805">
    <p class='ocr_par' dir='ltr' id='par_1_18' title="bbox 8 768 739 805">
     <span class='ocr_line' id='line_1_18' title="bbox 8 768 739 805; baseline 0.003 -11"><span class='ocrx_word' id='word_1_123' title='bbox 8 768 182 804; x_wconf 83' lang='grc' dir='ltr'>ιγεγραμμὲνῳ</span> <span class='ocrx_word' id='word_1_124' title='bbox 199 769 245 795; x_wconf 81' lang='grc' dir='ltr'>ἐπί</span> <span class='ocrx_word' id='word_1_125' title='bbox 257 769 310 796; x_wconf 85' lang='grc' dir='ltr'><strong>τῶν</strong></span> <span class='ocrx_word' id='word_1_126' title='bbox 321 770 354 795; x_wconf 75' lang='grc' dir='ltr'><strong>ἐκ</strong></span> <span class='ocrx_word' id='word_1_127' title='bbox 365 769 412 796; x_wconf 84' lang='grc' dir='ltr'><strong>τοῦ</strong></span> <span class='ocrx_word' id='word_1_128' title='bbox 428 770 507 802; x_wconf 82' lang='grc' dir='ltr'>Θεοῦ,</span> <span class='ocrx_word' id='word_1_129' title='bbox 526 770 563 805; x_wconf 85' lang='grc' dir='ltr'>μὴ</span> <span class='ocrx_word' id='word_1_130' title='bbox 582 771 739 805; x_wconf 85' lang='grc' dir='ltr'>συγχρησά-</span> 
     </span>
    </p>
   </div>
   <div class='ocr_carea' id='block_1_19' title="bbox 8 814 737 849">
    <p class='ocr_par' dir='ltr' id='par_1_19' title="bbox 8 814 737 849">
     <span class='ocr_line' id='line_1_19' title="bbox 8 814 737 849; baseline 0.001 -9"><span class='ocrx_word' id='word_1_131' title='bbox 8 823 39 845; x_wconf 82' lang='grc' dir='ltr'><strong>νος</strong></span> <span class='ocrx_word' id='word_1_132' title='bbox 48 814 87 840; x_wconf 80' lang='grc' dir='ltr'><strong>ἐπὶ</strong></span> <span class='ocrx_word' id='word_1_133' title='bbox 93 814 144 840; x_wconf 85' lang='grc' dir='ltr'>τῶν</span> <span class='ocrx_word' id='word_1_134' title='bbox 155 816 187 841; x_wconf 84' lang='grc' dir='ltr'>ὲκ</span> <span class='ocrx_word' id='word_1_135' title='bbox 201 814 247 841; x_wconf 80' lang='grc' dir='ltr'><strong>τοῦ</strong></span> <span class='ocrx_word' id='word_1_136' title='bbox 258 815 393 847; x_wconf 85' lang='grc' dir='ltr'>διαϐόλου,</span> <span class='ocrx_word' id='word_1_137' title='bbox 406 815 478 841; x_wconf 81' lang='grc' dir='ltr'>πάνυ</span> <span class='ocrx_word' id='word_1_138' title='bbox 488 814 631 849; x_wconf 78' lang='grc' dir='ltr'><strong>σοφώτατα</strong></span> <span class='ocrx_word' id='word_1_139' title='bbox 642 815 737 848; x_wconf 77' lang='grc' dir='ltr'>ἐξέδω-</span> 
     </span>
    </p>
   </div>
   <div class='ocr_carea' id='block_1_20' title="bbox 8 849 772 896">
    <p class='ocr_par' dir='ltr' id='par_1_20' title="bbox 8 849 772 896">
     <span class='ocr_line' id='line_1_20' title="bbox 8 849 772 896; baseline 0.003 -10"><span class='ocrx_word' id='word_1_140' title='bbox 8 867 24 891; x_wconf 73' lang='lat' dir='ltr'><strong>v;</strong></span> <span class='ocrx_word' id='word_1_141' title='bbox 45 859 137 895; x_wconf 79' lang='grc' dir='ltr'>Ἐπῆρε</span> <span class='ocrx_word' id='word_1_142' title='bbox 151 860 208 895; x_wconf 85' lang='grc' dir='ltr'>γὰρ</span> <span class='ocrx_word' id='word_1_143' title='bbox 221 860 267 887; x_wconf 86' lang='grc' dir='ltr'>τὸν</span> <span class='ocrx_word' id='word_1_144' title='bbox 281 861 314 886; x_wconf 84' lang='grc' dir='ltr'>ὲκ</span> <span class='ocrx_word' id='word_1_145' title='bbox 329 860 375 887; x_wconf 82' lang='grc' dir='ltr'><strong>τοῦ</strong></span> <span class='ocrx_word' id='word_1_146' title='bbox 392 860 458 887; x_wconf 84' lang='grc' dir='ltr'>θεοῦ</span> <span class='ocrx_word' id='word_1_147' title='bbox 472 861 671 896; x_wconf 84' lang='grc' dir='ltr'>γεγεννημένον</span> <span class='ocrx_word' id='word_1_148' title='bbox 687 862 735 888; x_wconf 74' lang='grc' dir='ltr'><strong>τά-</strong></span> <span class='ocrx_word' id='word_1_149' title='bbox 752 849 772 877; x_wconf 75' lang='grc' dir='ltr'><strong>Β</strong></span> 
     </span>
    </p>
   </div>
   <div class='ocr_carea' id='block_1_21' title="bbox 8 906 735 942">
    <p class='ocr_par' dir='ltr' id='par_1_21' title="bbox 8 906 735 942">
     <span class='ocr_line' id='line_1_21' title="bbox 8 906 735 942; baseline 0.004 -11"><span class='ocrx_word' id='word_1_150' title='bbox 8 906 57 936; x_wconf 80' lang='grc' dir='ltr'><strong>;ὲπ’</strong></span> <span class='ocrx_word' id='word_1_151' title='bbox 67 906 154 933; x_wconf 81' lang='grc' dir='ltr'>αὑτοῦ·</span> <span class='ocrx_word' id='word_1_152' title='bbox 171 907 252 942; x_wconf 87' lang='grc' dir='ltr'>ὅπερ,</span> <span class='ocrx_word' id='word_1_153' title='bbox 270 907 294 933; x_wconf 82' lang='grc' dir='ltr'><strong>ει</strong></span> <span class='ocrx_word' id='word_1_154' title='bbox 308 907 355 934; x_wconf 72' lang='grc' dir='ltr'>καὶ</span> <span class='ocrx_word' id='word_1_155' title='bbox 369 907 416 933; x_wconf 76' lang='grc' dir='ltr'><strong>ἐπὶ</strong></span> <span class='ocrx_word' id='word_1_156' title='bbox 430 907 477 934; x_wconf 87' lang='grc' dir='ltr'><strong>τοῦ</strong></span> <span class='ocrx_word' id='word_1_157' title='bbox 500 907 532 933; x_wconf 86' lang='grc' dir='ltr'>ὲκ</span> <span class='ocrx_word' id='word_1_158' title='bbox 547 907 595 933; x_wconf 71' lang='grc' dir='ltr'><strong>τοῦ</strong></span> <span class='ocrx_word' id='word_1_159' title='bbox 611 907 735 934; x_wconf 81' lang='grc' dir='ltr'>διαϐόλου</span> 
     </span>
    </p>
   </div>
   <div class='ocr_carea' id='block_1_22' title="bbox 9 952 735 990">
    <p class='ocr_par' dir='ltr' id='par_1_22' title="bbox 9 952 735 990">
     <span class='ocr_line' id='line_1_22' title="bbox 9 952 735 990; baseline 0.004 -12"><span class='ocrx_word' id='word_1_160' title='bbox 9 960 55 986; x_wconf 82' lang='grc' dir='ltr'>ητο,</span> <span class='ocrx_word' id='word_1_161' title='bbox 68 954 152 988; x_wconf 76' lang='grc' dir='ltr'>χεῖρον</span> <span class='ocrx_word' id='word_1_162' title='bbox 166 952 201 979; x_wconf 81' lang='grc' dir='ltr'>ἄν</span> <span class='ocrx_word' id='word_1_163' title='bbox 212 961 238 979; x_wconf 88' lang='grc' dir='ltr'>τι</span> <span class='ocrx_word' id='word_1_164' title='bbox 252 952 375 987; x_wconf 80' lang='grc' dir='ltr'>ἐνέφαινε</span> <span class='ocrx_word' id='word_1_165' title='bbox 395 952 451 988; x_wconf 85' lang='grc'><strong>(96)</strong></span> <span class='ocrx_word' id='word_1_166' title='bbox 469 953 544 990; x_wconf 83' lang='grc' dir='ltr'>παρὰ</span> <span class='ocrx_word' id='word_1_167' title='bbox 558 953 600 985; x_wconf 83' lang='grc' dir='ltr'><strong>τὸ,</strong></span> <span class='ocrx_word' id='word_1_168' title='bbox 621 953 667 981; x_wconf 80' lang='grc' dir='ltr'><em>Ἐκ</em></span> <span class='ocrx_word' id='word_1_169' title='bbox 683 954 735 981; x_wconf 85' lang='grc' dir='ltr'><strong>τοῦ</strong></span> 
     </span>
    </p>
   </div>
   <div class='ocr_carea' id='block_1_23' title="bbox 8 997 734 1034">
    <p class='ocr_par' dir='ltr' id='par_1_23' title="bbox 8 997 734 1034">
     <span class='ocr_line' id='line_1_23' title="bbox 8 997 734 1034; baseline 0.006 -11"><span class='ocrx_word' id='word_1_170' title='bbox 8 998 88 1024; x_wconf 70' lang='grc' dir='ltr'><strong>ιϐέλου</strong></span> <span class='ocrx_word' id='word_1_171' title='bbox 101 998 183 1024; x_wconf 78' lang='grc' dir='ltr'>ἐστίν</span> <span class='ocrx_word' id='word_1_172' title='bbox 195 1007 202 1014; x_wconf 86' lang='grc'><strong>·</strong></span> <span class='ocrx_word' id='word_1_173' title='bbox 218 998 286 1025; x_wconf 79' lang='grc' dir='ltr'>ἀλλὰ</span> <span class='ocrx_word' id='word_1_174' title='bbox 301 998 349 1025; x_wconf 77' lang='grc' dir='ltr'>καὶ</span> <span class='ocrx_word' id='word_1_175' title='bbox 369 997 448 1034; x_wconf 71' lang='grc' dir='ltr'>εἴπερ</span> <span class='ocrx_word' id='word_1_176' title='bbox 460 999 497 1030; x_wconf 81' lang='grc' dir='ltr'>ὡς</span> <span class='ocrx_word' id='word_1_177' title='bbox 512 999 559 1025; x_wconf 78' lang='grc' dir='ltr'><strong>ἐπὶ</strong></span> <span class='ocrx_word' id='word_1_178' title='bbox 577 1000 624 1027; x_wconf 75' lang='grc' dir='ltr'><strong>τοῦ</strong></span> <span class='ocrx_word' id='word_1_179' title='bbox 640 1001 672 1027; x_wconf 80' lang='grc' dir='ltr'>ὲκ</span> <span class='ocrx_word' id='word_1_180' title='bbox 687 1000 734 1027; x_wconf 81' lang='grc' dir='ltr'><strong>τοῦ</strong></span> 
     </span>
    </p>
   </div>
   <div class='ocr_carea' id='block_1_24' title="bbox 8 1040 734 1078">
    <p class='ocr_par' dir='ltr' id='par_1_24' title="bbox 8 1040 734 1078">
     <span class='ocr_line' id='line_1_24' title="bbox 8 1040 734 1078; baseline 0.004 -11"><span class='ocrx_word' id='word_1_181' title='bbox 8 1040 72 1068; x_wconf 71' lang='grc' dir='ltr'>δόλου</span> <span class='ocrx_word' id='word_1_182' title='bbox 84 1041 158 1075; x_wconf 80' lang='grc' dir='ltr'>ἔταξε</span> <span class='ocrx_word' id='word_1_183' title='bbox 174 1042 217 1075; x_wconf 85' lang='grc' dir='ltr'>τὸ,</span> <span class='ocrx_word' id='word_1_184' title='bbox 235 1042 311 1074; x_wconf 82' lang='grc' dir='ltr'>ἐστὶ,</span> <span class='ocrx_word' id='word_1_185' title='bbox 328 1044 489 1078; x_wconf 79' lang='grc' dir='ltr'>ἐπεποιήκει</span> <span class='ocrx_word' id='word_1_186' title='bbox 508 1043 554 1069; x_wconf 75' lang='grc' dir='ltr'><strong>ἐπὶ</strong></span> <span class='ocrx_word' id='word_1_187' title='bbox 570 1043 617 1070; x_wconf 87' lang='grc' dir='ltr'><strong>τοῦ</strong></span> <span class='ocrx_word' id='word_1_188' title='bbox 639 1045 672 1070; x_wconf 81' lang='grc' dir='ltr'>ἑκ</span> <span class='ocrx_word' id='word_1_189' title='bbox 686 1044 734 1070; x_wconf 84' lang='grc' dir='ltr'><strong>τοῦ</strong></span> 
     </span>
    </p>
   </div>
   <div class='ocr_carea' id='block_1_25' title="bbox 8 1087 733 1125">
    <p class='ocr_par' dir='ltr' id='par_1_25' title="bbox 8 1087 733 1125">
     <span class='ocr_line' id='line_1_25' title="bbox 8 1087 733 1125; baseline 0.004 -14"><span class='ocrx_word' id='word_1_190' title='bbox 8 1087 33 1117; x_wconf 68' lang='grc' dir='ltr'>νῦ,</span> <span class='ocrx_word' id='word_1_191' title='bbox 46 1087 144 1114; x_wconf 74' lang='grc' dir='ltr'>ἔλαττον</span> <span class='ocrx_word' id='word_1_192' title='bbox 157 1088 191 1115; x_wconf 76' lang='grc' dir='ltr'>ἂν</span> <span class='ocrx_word' id='word_1_193' title='bbox 210 1088 275 1123; x_wconf 78' lang='grc' dir='ltr'>περὶ</span> <span class='ocrx_word' id='word_1_194' title='bbox 293 1088 339 1115; x_wconf 87' lang='grc' dir='ltr'><strong>τὸν</strong></span> <span class='ocrx_word' id='word_1_195' title='bbox 381 1087 414 1113; x_wconf 78' lang='grc' dir='ltr'>ἐκ</span> <span class='ocrx_word' id='word_1_196' title='bbox 434 1088 480 1114; x_wconf 85' lang='grc' dir='ltr'><strong>τοῦ</strong></span> <span class='ocrx_word' id='word_1_197' title='bbox 505 1089 574 1116; x_wconf 84' lang='grc' dir='ltr'>Θεοῦ</span> <span class='ocrx_word' id='word_1_198' title='bbox 601 1088 733 1125; x_wconf 79' lang='grc' dir='ltr'><strong>παρίστη,</strong></span> 
     </span>
    </p>
   </div>
   <div class='ocr_carea' id='block_1_26' title="bbox 8 1131 735 1170">
    <p class='ocr_par' dir='ltr' id='par_1_26' title="bbox 8 1131 735 1170">
     <span class='ocr_line' id='line_1_26' title="bbox 8 1131 735 1170; baseline 0.007 -13"><span class='ocrx_word' id='word_1_199' title='bbox 8 1131 43 1167; x_wconf 64' lang='grc' dir='ltr'><strong>λλῷ</strong></span> <span class='ocrx_word' id='word_1_200' title='bbox 59 1133 207 1169; x_wconf 81' lang='grc' dir='ltr'>κρείττονος</span> <span class='ocrx_word' id='word_1_201' title='bbox 237 1134 415 1169; x_wconf 79' lang='grc' dir='ltr'>τυγχάνοντος</span> <span class='ocrx_word' id='word_1_202' title='bbox 437 1134 485 1161; x_wconf 83' lang='grc' dir='ltr'><strong>τοῦ</strong></span> <span class='ocrx_word' id='word_1_203' title='bbox 508 1135 686 1170; x_wconf 81' lang='grc' dir='ltr'>γεγεννῆσθαι</span> <span class='ocrx_word' id='word_1_204' title='bbox 702 1136 735 1162; x_wconf 83' lang='grc' dir='ltr'>ὲκ</span> 
     </span>
    </p>
   </div>
   <div class='ocr_carea' id='block_1_27' title="bbox 19 1177 732 1216">
    <p class='ocr_par' dir='ltr' id='par_1_27' title="bbox 19 1177 732 1216">
     <span class='ocr_line' id='line_1_27' title="bbox 19 1177 732 1216; baseline 0.004 -12"><span class='ocrx_word' id='word_1_205' title='bbox 19 1178 74 1205; x_wconf 79' lang='grc' dir='ltr'>Θεοῦ</span> <span class='ocrx_word' id='word_1_206' title='bbox 89 1179 159 1215; x_wconf 72' lang='grc' dir='ltr'>παρὰ</span> <span class='ocrx_word' id='word_1_207' title='bbox 173 1180 207 1206; x_wconf 80' lang='grc' dir='ltr'><strong>τὸ</strong></span> <span class='ocrx_word' id='word_1_208' title='bbox 227 1177 295 1206; x_wconf 85' lang='grc' dir='ltr'>εἶναι</span> <span class='ocrx_word' id='word_1_209' title='bbox 312 1181 344 1206; x_wconf 78' lang='grc' dir='ltr'>ὲκ</span> <span class='ocrx_word' id='word_1_210' title='bbox 364 1180 411 1206; x_wconf 82' lang='grc' dir='ltr'><strong>τοῦ</strong></span> <span class='ocrx_word' id='word_1_211' title='bbox 429 1179 508 1207; x_wconf 82' lang='grc' dir='ltr'>Θεοῦ.</span> <span class='ocrx_word' id='word_1_212' title='bbox 531 1181 614 1216; x_wconf 69' lang='grc' dir='ltr'>Φήαει</span> <span class='ocrx_word' id='word_1_213' title='bbox 628 1181 656 1207; x_wconf 76' lang='grc' dir='ltr'>δέ</span> <span class='ocrx_word' id='word_1_214' title='bbox 668 1189 709 1213; x_wconf 89' lang='grc' dir='ltr'>τις</span> <span class='ocrx_word' id='word_1_215' title='bbox 725 1202 732 1214; x_wconf 89' lang='grc'>,</span> 
     </span>
    </p>
   </div>
   <div class='ocr_carea' id='block_1_28' title="bbox 19 1225 732 1261">
    <p class='ocr_par' dir='ltr' id='par_1_28' title="bbox 19 1225 732 1261">
     <span class='ocr_line' id='line_1_28' title="bbox 19 1225 732 1261; baseline 0.006 -10"><span class='ocrx_word' id='word_1_216' title='bbox 19 1225 68 1251; x_wconf 67' lang='grc' dir='ltr'>τινὰ</span> <span class='ocrx_word' id='word_1_217' title='bbox 81 1225 129 1252; x_wconf 83' lang='grc' dir='ltr'>τῶν</span> <span class='ocrx_word' id='word_1_218' title='bbox 142 1226 302 1261; x_wconf 81' lang='grc' dir='ltr'>κτισμάτων</span> <span class='ocrx_word' id='word_1_219' title='bbox 328 1227 387 1252; x_wconf 76' lang='grc' dir='ltr'><strong>ἐστὶ</strong></span> <span class='ocrx_word' id='word_1_220' title='bbox 411 1227 460 1261; x_wconf 81' lang='grc' dir='ltr'><strong>μὲν</strong></span> <span class='ocrx_word' id='word_1_221' title='bbox 485 1228 518 1253; x_wconf 84' lang='grc' dir='ltr'>ὲκ</span> <span class='ocrx_word' id='word_1_222' title='bbox 540 1227 587 1254; x_wconf 84' lang='grc' dir='ltr'><strong>τοῦ</strong></span> <span class='ocrx_word' id='word_1_223' title='bbox 609 1228 689 1259; x_wconf 84' lang='grc' dir='ltr'>Θεοῦ,</span> <span class='ocrx_word' id='word_1_224' title='bbox 703 1229 732 1255; x_wconf 84' lang='grc' dir='ltr'><strong>οὐ</strong></span> 
     </span>
    </p>
   </div>
   <div class='ocr_carea' id='block_1_29' title="bbox 8 1271 732 1306">
    <p class='ocr_par' dir='ltr' id='par_1_29' title="bbox 8 1271 732 1306">
     <span class='ocr_line' id='line_1_29' title="bbox 8 1271 732 1306; baseline 0.006 -10"><span class='ocrx_word' id='word_1_225' title='bbox 8 1279 15 1295; x_wconf 72' lang='grc' dir='ltr'><strong>ν</strong></span> <span class='ocrx_word' id='word_1_226' title='bbox 27 1271 170 1306; x_wconf 80' lang='grc' dir='ltr'>γεγέννηται</span> <span class='ocrx_word' id='word_1_227' title='bbox 185 1273 219 1298; x_wconf 79' lang='grc' dir='ltr'>ὲκ</span> <span class='ocrx_word' id='word_1_228' title='bbox 232 1271 279 1298; x_wconf 73' lang='grc' dir='ltr'><strong>τοῦ</strong></span> <span class='ocrx_word' id='word_1_229' title='bbox 288 1271 367 1303; x_wconf 82' lang='grc' dir='ltr'>Θεοῦ,</span> <span class='ocrx_word' id='word_1_230' title='bbox 378 1272 423 1298; x_wconf 60' lang='grc' dir='ltr'><strong>καὶ⁴</strong></span> <span class='ocrx_word' id='word_1_231' title='bbox 432 1272 540 1304; x_wconf 80' lang='grc' dir='ltr'>πάντως</span> <span class='ocrx_word' id='word_1_232' title='bbox 555 1273 642 1301; x_wconf 82' lang='grc' dir='ltr'>ταῦτα</span> <span class='ocrx_word' id='word_1_233' title='bbox 653 1273 732 1301; x_wconf 81' lang='grc' dir='ltr'>ἐλάτ-</span> 
     </span>
    </p>
   </div>
   <div class='ocr_carea' id='block_1_30' title="bbox 8 1315 734 1354">
    <p class='ocr_par' dir='ltr' id='par_1_30' title="bbox 8 1315 734 1354">
     <span class='ocr_line' id='line_1_30' title="bbox 8 1315 734 1354; baseline 0.007 -13"><span class='ocrx_word' id='word_1_234' title='bbox 8 1323 21 1340; x_wconf 81' lang='grc' dir='ltr'><strong>α</strong></span> <span class='ocrx_word' id='word_1_235' title='bbox 40 1315 87 1350; x_wconf 77' lang='grc' dir='ltr'>ἔχει</span> <span class='ocrx_word' id='word_1_236' title='bbox 101 1317 174 1349; x_wconf 80' lang='grc' dir='ltr'>τάξιν</span> <span class='ocrx_word' id='word_1_237' title='bbox 196 1318 227 1343; x_wconf 78' lang='grc' dir='ltr'>ἐν</span> <span class='ocrx_word' id='word_1_238' title='bbox 241 1316 280 1352; x_wconf 84' lang='grc' dir='ltr'><strong>τῷ</strong></span> <span class='ocrx_word' id='word_1_239' title='bbox 300 1317 382 1344; x_wconf 74' lang='grc' dir='ltr'>παντὶ</span> <span class='ocrx_word' id='word_1_240' title='bbox 400 1317 453 1344; x_wconf 80' lang='grc' dir='ltr'><strong>τῶν</strong></span> <span class='ocrx_word' id='word_1_241' title='bbox 464 1318 642 1354; x_wconf 83' lang='grc' dir='ltr'>γεγεννῆσθαι</span> <span class='ocrx_word' id='word_1_242' title='bbox 659 1319 734 1354; x_wconf 80' lang='grc' dir='ltr'>λεγο-</span> 
     </span>
    </p>
   </div>
   <div class='ocr_carea' id='block_1_31' title="bbox 8 1363 734 1402">
    <p class='ocr_par' dir='ltr' id='par_1_31' title="bbox 8 1363 734 1402">
     <span class='ocr_line' id='line_1_31' title="bbox 8 1363 734 1402; baseline 0.006 -14"><span class='ocrx_word' id='word_1_243' title='bbox 8 1370 40 1387; x_wconf 71' lang='grc' dir='ltr'>ων</span> <span class='ocrx_word' id='word_1_244' title='bbox 52 1363 79 1388; x_wconf 75' lang='grc' dir='ltr'>ἐκ</span> <span class='ocrx_word' id='word_1_245' title='bbox 93 1363 137 1389; x_wconf 71' lang='grc' dir='ltr'><strong>τοῦ</strong></span> <span class='ocrx_word' id='word_1_246' title='bbox 157 1363 238 1390; x_wconf 79' lang='grc' dir='ltr'>Θεοῦ.</span> <span class='ocrx_word' id='word_1_247' title='bbox 255 1363 311 1390; x_wconf 78' lang='grc' dir='ltr'><strong>Καὶ</strong></span> <span class='ocrx_word' id='word_1_248' title='bbox 324 1363 468 1399; x_wconf 76' lang='grc' dir='ltr'>γενόμενος</span> <span class='ocrx_word' id='word_1_249' title='bbox 485 1373 517 1398; x_wconf 89' lang='grc' dir='ltr'><strong>γε</strong></span> <span class='ocrx_word' id='word_1_250' title='bbox 531 1365 602 1391; x_wconf 84' lang='grc' dir='ltr'>κατὰ</span> <span class='ocrx_word' id='word_1_251' title='bbox 615 1365 664 1402; x_wconf 81' lang='grc' dir='ltr'>τὴν</span> <span class='ocrx_word' id='word_1_252' title='bbox 672 1366 734 1392; x_wconf 81' lang='grc' dir='ltr'>δια-</span> 
     </span>
    </p>
   </div>
   <div class='ocr_carea' id='block_1_32' title="bbox 8 1407 733 1447">
    <p class='ocr_par' dir='ltr' id='par_1_32' title="bbox 8 1407 733 1447">
     <span class='ocr_line' id='line_1_32' title="bbox 8 1407 733 1447; baseline 0.007 -13"><span class='ocrx_word' id='word_1_253' title='bbox 8 1407 48 1438; x_wconf 68' lang='grc' dir='ltr'>θὶιν,</span> <span class='ocrx_word' id='word_1_254' title='bbox 63 1409 194 1436; x_wconf 81' lang='grc' dir='ltr'>τουτέστιν</span> <span class='ocrx_word' id='word_1_255' title='bbox 211 1410 244 1436; x_wconf 81' lang='grc' dir='ltr'>ὲκ</span> <span class='ocrx_word' id='word_1_256' title='bbox 260 1410 307 1436; x_wconf 87' lang='grc' dir='ltr'><strong>τοῦ</strong></span> <span class='ocrx_word' id='word_1_257' title='bbox 328 1410 466 1443; x_wconf 81' lang='grc' dir='ltr'>διαϐόλου,</span> <span class='ocrx_word' id='word_1_258' title='bbox 479 1411 495 1446; x_wconf 82' lang='grc' dir='ltr'>ἢ</span> <span class='ocrx_word' id='word_1_259' title='bbox 508 1411 686 1447; x_wconf 76' lang='grc' dir='ltr'>γεγεννῆσθαι</span> <span class='ocrx_word' id='word_1_260' title='bbox 701 1413 733 1439; x_wconf 83' lang='grc' dir='ltr'>ὲκ</span> 
     </span>
    </p>
   </div>
   <div class='ocr_carea' id='block_1_33' title="bbox 17 1453 734 1493">
    <p class='ocr_par' dir='ltr' id='par_1_33' title="bbox 17 1453 734 1493">
     <span class='ocr_line' id='line_1_33' title="bbox 17 1453 734 1493; baseline 0.006 -13"><span class='ocrx_word' id='word_1_261' title='bbox 17 1453 85 1486; x_wconf 74' lang='grc' dir='ltr'>Θεοῦ,</span> <span class='ocrx_word' id='word_1_262' title='bbox 101 1455 227 1492; x_wconf 78' lang='grc' dir='ltr'>ζητήσεις</span> <span class='ocrx_word' id='word_1_263' title='bbox 249 1456 348 1491; x_wconf 82' lang='grc' dir='ltr'>μήποτ’</span> <span class='ocrx_word' id='word_1_264' title='bbox 364 1456 420 1482; x_wconf 82' lang='grc' dir='ltr'>ὲστί</span> <span class='ocrx_word' id='word_1_265' title='bbox 436 1465 477 1488; x_wconf 87' lang='grc' dir='ltr'><strong>τις</strong></span> <span class='ocrx_word' id='word_1_266' title='bbox 498 1458 513 1483; x_wconf 85' lang='grc' dir='ltr'><strong><em>ὁ</em></strong></span> <span class='ocrx_word' id='word_1_267' title='bbox 537 1458 583 1484; x_wconf 77' lang='grc' dir='ltr'>καὶ</span> <span class='ocrx_word' id='word_1_268' title='bbox 605 1466 734 1493; x_wconf 83' lang='grc' dir='ltr'>γεγεννη-</span> 
     </span>
    </p>
   </div>
   <div class='ocr_carea' id='block_1_34' title="bbox 8 1501 733 1535">
    <p class='ocr_par' dir='ltr' id='par_1_34' title="bbox 8 1501 733 1535">
     <span class='ocr_line' id='line_1_34' title="bbox 8 1501 733 1535; baseline 0.006 -8"><span class='ocrx_word' id='word_1_269' title='bbox 8 1508 34 1531; x_wconf 63' lang='lat' dir='ltr'><strong>ro;</strong></span> <span class='ocrx_word' id='word_1_270' title='bbox 53 1501 80 1527; x_wconf 79' lang='grc' dir='ltr'>ὲκ</span> <span class='ocrx_word' id='word_1_271' title='bbox 101 1502 146 1528; x_wconf 77' lang='grc' dir='ltr'><strong>τοῦ</strong></span> <span class='ocrx_word' id='word_1_272' title='bbox 164 1502 301 1534; x_wconf 86' lang='grc' dir='ltr'>διαϐόλου,</span> <span class='ocrx_word' id='word_1_273' title='bbox 319 1503 394 1535; x_wconf 78' lang='grc' dir='ltr'>ὅστις</span> <span class='ocrx_word' id='word_1_274' title='bbox 411 1503 519 1535; x_wconf 84' lang='grc' dir='ltr'>πάντως</span> <span class='ocrx_word' id='word_1_275' title='bbox 542 1504 589 1530; x_wconf 73' lang='grc' dir='ltr'><strong>καὶ</strong></span> <span class='ocrx_word' id='word_1_276' title='bbox 605 1503 679 1531; x_wconf 81' lang='grc' dir='ltr'>ἔστιν</span> <span class='ocrx_word' id='word_1_277' title='bbox 701 1505 733 1531; x_wconf 77' lang='grc' dir='ltr'>ὲκ</span> 
     </span>
    </p>
   </div>
   <div class='ocr_carea' id='block_1_35' title="bbox 17 1545 731 1582">
    <p class='ocr_par' dir='ltr' id='par_1_35' title="bbox 17 1545 731 1582">
     <span class='ocr_line' id='line_1_35' title="bbox 17 1545 731 1582; baseline 0.007 -11"><span class='ocrx_word' id='word_1_278' title='bbox 17 1545 134 1580; x_wconf 72' lang='grc' dir='ltr'>διαϐόλου,</span> <span class='ocrx_word' id='word_1_279' title='bbox 147 1548 177 1574; x_wconf 75' lang='grc' dir='ltr'>οὐ</span> <span class='ocrx_word' id='word_1_280' title='bbox 195 1548 304 1580; x_wconf 83' lang='grc' dir='ltr'>πάντως</span> <span class='ocrx_word' id='word_1_281' title='bbox 323 1548 370 1575; x_wconf 78' lang='grc' dir='ltr'><strong>τοῦ</strong></span> <span class='ocrx_word' id='word_1_282' title='bbox 393 1549 480 1581; x_wconf 78' lang='grc' dir='ltr'>ὖντος,</span> <span class='ocrx_word' id='word_1_283' title='bbox 493 1550 524 1575; x_wconf 76' lang='grc' dir='ltr'>ὲκ</span> <span class='ocrx_word' id='word_1_284' title='bbox 545 1549 592 1576; x_wconf 83' lang='grc' dir='ltr'><strong>τοῦ</strong></span> <span class='ocrx_word' id='word_1_285' title='bbox 608 1550 731 1582; x_wconf 73' lang='grc' dir='ltr'>διαϐόλου</span> 
     </span>
    </p>
   </div>
   <div class='ocr_carea' id='block_1_36' title="bbox 8 1593 731 1627">
    <p class='ocr_par' dir='ltr' id='par_1_36' title="bbox 8 1593 731 1627">
     <span class='ocr_line' id='line_1_36' title="bbox 8 1593 731 1627; baseline 0.01 -11"><span class='ocrx_word' id='word_1_286' title='bbox 8 1593 155 1627; x_wconf 75' lang='grc' dir='ltr'>Ὲννημένου·</span> <span class='ocrx_word' id='word_1_287' title='bbox 173 1595 220 1621; x_wconf 85' lang='grc' dir='ltr'><strong>καὶ</strong></span> <span class='ocrx_word' id='word_1_288' title='bbox 238 1595 320 1621; x_wconf 77' lang='grc' dir='ltr'>πάλιν</span> <span class='ocrx_word' id='word_1_289' title='bbox 344 1595 401 1621; x_wconf 81' lang='grc' dir='ltr'>ἐστί</span> <span class='ocrx_word' id='word_1_290' title='bbox 425 1603 467 1627; x_wconf 83' lang='grc' dir='ltr'><strong>τις</strong></span> <span class='ocrx_word' id='word_1_291' title='bbox 488 1596 520 1622; x_wconf 81' lang='grc' dir='ltr'>ὲκ</span> <span class='ocrx_word' id='word_1_292' title='bbox 535 1595 583 1622; x_wconf 81' lang='grc' dir='ltr'><strong>τοῦ</strong></span> <span class='ocrx_word' id='word_1_293' title='bbox 600 1595 679 1627; x_wconf 82' lang='grc' dir='ltr'>Θεοῦ,</span> <span class='ocrx_word' id='word_1_294' title='bbox 701 1597 731 1623; x_wconf 80' lang='grc' dir='ltr'>οὐ</span> 
     </span>
    </p>
   </div>
   <div class='ocr_carea' id='block_1_37' title="bbox 8 1640 733 1676">
    <p class='ocr_par' dir='ltr' id='par_1_37' title="bbox 8 1640 733 1676">
     <span class='ocr_line' id='line_1_37' title="bbox 8 1640 733 1676; baseline 0.007 -13"><span class='ocrx_word' id='word_1_295' title='bbox 8 1646 54 1669; x_wconf 78' lang='grc' dir='ltr'>τως</span> <span class='ocrx_word' id='word_1_296' title='bbox 76 1640 120 1665; x_wconf 83' lang='grc' dir='ltr'>καὶ</span> <span class='ocrx_word' id='word_1_297' title='bbox 145 1641 344 1676; x_wconf 82' lang='grc' dir='ltr'>γεγεννημένος</span> <span class='ocrx_word' id='word_1_298' title='bbox 372 1642 404 1667; x_wconf 86' lang='grc' dir='ltr'><strong>ὲκ</strong></span> <span class='ocrx_word' id='word_1_299' title='bbox 427 1641 475 1668; x_wconf 82' lang='grc' dir='ltr'><strong>τοῦ</strong></span> <span class='ocrx_word' id='word_1_300' title='bbox 497 1640 581 1668; x_wconf 75' lang='grc' dir='ltr'>Θεοῦ·</span> <span class='ocrx_word' id='word_1_301' title='bbox 598 1641 690 1668; x_wconf 81' lang='grc' dir='ltr'>οὐκέτι</span> <span class='ocrx_word' id='word_1_302' title='bbox 704 1641 733 1668; x_wconf 83' lang='grc' dir='ltr'>δὲ</span> 
     </span>
    </p>
   </div>
   <div class='ocr_carea' id='block_1_38' title="bbox 8 1683 732 1723">
    <p class='ocr_par' dir='ltr' id='par_1_38' title="bbox 8 1683 732 1723">
     <span class='ocr_line' id='line_1_38' title="bbox 8 1683 732 1723; baseline 0.008 -15"><span class='ocrx_word' id='word_1_303' title='bbox 8 1683 47 1714; x_wconf 65' lang='grc' dir='ltr'>τὰς</span> <span class='ocrx_word' id='word_1_304' title='bbox 58 1684 100 1711; x_wconf 74' lang='grc' dir='ltr'><strong>τοῦ</strong></span> <span class='ocrx_word' id='word_1_305' title='bbox 117 1685 192 1718; x_wconf 69' lang='grc' dir='ltr'>ὗντος</span> <span class='ocrx_word' id='word_1_306' title='bbox 218 1687 251 1712; x_wconf 71' lang='grc' dir='ltr'>ἐκ</span> <span class='ocrx_word' id='word_1_307' title='bbox 279 1687 327 1713; x_wconf 75' lang='grc' dir='ltr'><strong>τοῦ</strong></span> <span class='ocrx_word' id='word_1_308' title='bbox 357 1686 423 1713; x_wconf 77' lang='grc' dir='ltr'>Θεοῦ</span> <span class='ocrx_word' id='word_1_309' title='bbox 438 1707 445 1718; x_wconf 91' lang='grc'>,</span> <span class='ocrx_word' id='word_1_310' title='bbox 473 1687 672 1723; x_wconf 83' lang='grc' dir='ltr'>γεγεννημένου</span> <span class='ocrx_word' id='word_1_311' title='bbox 700 1688 732 1714; x_wconf 86' lang='grc' dir='ltr'>ὲκ</span> 
     </span>
    </p>
   </div>
   <div class='ocr_carea' id='block_1_39' title="bbox 26 1730 732 1768">
    <p class='ocr_par' dir='ltr' id='par_1_39' title="bbox 26 1730 732 1768">
     <span class='ocr_line' id='line_1_39' title="bbox 26 1730 732 1768; baseline 0.006 -12"><span class='ocrx_word' id='word_1_312' title='bbox 26 1730 94 1758; x_wconf 76' lang='grc' dir='ltr'>Θεοῦ.</span> <span class='ocrx_word' id='word_1_313' title='bbox 117 1732 360 1768; x_wconf 81' lang='grc' dir='ltr'>Χαρακτηρίζεται</span> <span class='ocrx_word' id='word_1_314' title='bbox 385 1733 477 1767; x_wconf 79' lang='grc' dir='ltr'>μέντοι</span> <span class='ocrx_word' id='word_1_315' title='bbox 501 1734 515 1759; x_wconf 82' lang='grc' dir='ltr'>ὁ</span> <span class='ocrx_word' id='word_1_316' title='bbox 536 1732 732 1768; x_wconf 84' lang='grc' dir='ltr'>γεγεννημένος</span> 
     </span>
    </p>
   </div>
   <div class='ocr_carea' id='block_1_40' title="bbox 8 1775 732 1814">
    <p class='ocr_par' dir='ltr' id='par_1_40' title="bbox 8 1775 732 1814">
     <span class='ocr_line' id='line_1_40' title="bbox 8 1775 732 1814; baseline 0.007 -14"><span class='ocrx_word' id='word_1_317' title='bbox 8 1775 40 1800; x_wconf 72' lang='grc' dir='ltr'>τοῦ</span> <span class='ocrx_word' id='word_1_318' title='bbox 55 1775 116 1803; x_wconf 67' lang='grc' dir='ltr'>Θεοῦ</span> <span class='ocrx_word' id='word_1_319' title='bbox 130 1777 172 1812; x_wconf 82' lang='grc' dir='ltr'>τῷ</span> <span class='ocrx_word' id='word_1_320' title='bbox 193 1778 332 1813; x_wconf 82' lang='grc' dir='ltr'>ἁμαρτίαν</span> <span class='ocrx_word' id='word_1_321' title='bbox 356 1778 385 1804; x_wconf 81' lang='grc' dir='ltr'>οὐ</span> <span class='ocrx_word' id='word_1_322' title='bbox 403 1780 498 1812; x_wconf 81' lang='grc' dir='ltr'>ποιεῖν,</span> <span class='ocrx_word' id='word_1_323' title='bbox 514 1778 558 1805; x_wconf 83' lang='grc' dir='ltr'><strong>διὰ</strong></span> <span class='ocrx_word' id='word_1_324' title='bbox 571 1778 602 1805; x_wconf 87' lang='grc' dir='ltr'>τὸ</span> <span class='ocrx_word' id='word_1_325' title='bbox 622 1779 732 1814; x_wconf 79' lang='grc' dir='ltr'>σπέρμα</span> 
     </span>
    </p>
   </div>
   <div class='ocr_carea' id='block_1_41' title="bbox 14 1819 732 1859">
    <p class='ocr_par' dir='ltr' id='par_1_41' title="bbox 14 1819 732 1859">
     <span class='ocr_line' id='line_1_41' title="bbox 14 1819 732 1859; baseline 0.007 -13"><span class='ocrx_word' id='word_1_326' title='bbox 14 1819 71 1847; x_wconf 78' lang='grc' dir='ltr'>Θεοῦ</span> <span class='ocrx_word' id='word_1_327' title='bbox 93 1823 120 1849; x_wconf 84' lang='grc' dir='ltr'><strong>ἐν</strong></span> <span class='ocrx_word' id='word_1_328' title='bbox 140 1823 215 1857; x_wconf 80' lang='grc' dir='ltr'>αὐτῷ</span> <span class='ocrx_word' id='word_1_329' title='bbox 236 1823 337 1858; x_wconf 79' lang='grc' dir='ltr'>μένειν,</span> <span class='ocrx_word' id='word_1_330' title='bbox 363 1824 410 1850; x_wconf 75' lang='grc' dir='ltr'><strong>καὶ</strong></span> <span class='ocrx_word' id='word_1_331' title='bbox 436 1823 489 1850; x_wconf 83' lang='grc' dir='ltr'><strong>ἀπὸ</strong></span> <span class='ocrx_word' id='word_1_332' title='bbox 507 1824 557 1859; x_wconf 86' lang='grc' dir='ltr'>τῆς</span> <span class='ocrx_word' id='word_1_333' title='bbox 569 1824 674 1851; x_wconf 82' lang='grc' dir='ltr'>ἐκείνου</span> <span class='ocrx_word' id='word_1_334' title='bbox 685 1824 732 1850; x_wconf 83' lang='grc' dir='ltr'><strong>δυ-</strong></span> 
     </span>
    </p>
   </div>
   <div class='ocr_carea' id='block_1_42' title="bbox 8 1868 733 1906">
    <p class='ocr_par' dir='ltr' id='par_1_42' title="bbox 8 1868 733 1906">
     <span class='ocr_line' id='line_1_42' title="bbox 8 1868 733 1906; baseline 0.006 -14"><span class='ocrx_word' id='word_1_335' title='bbox 8 1873 51 1898; x_wconf 73' lang='lat' dir='ltr'><strong>5w;</strong></span> <span class='ocrx_word' id='word_1_336' title='bbox 73 1868 279 1904; x_wconf 75' lang='grc' dir='ltr'><strong>ἐνυπαρχούσης</strong></span> <span class='ocrx_word' id='word_1_337' title='bbox 308 1869 382 1904; x_wconf 81' lang='grc' dir='ltr'>αὐτῷ</span> <span class='ocrx_word' id='word_1_338' title='bbox 409 1869 584 1905; x_wconf 77' lang='grc' dir='ltr'>ἐγγινομένου</span> <span class='ocrx_word' id='word_1_339' title='bbox 608 1870 655 1896; x_wconf 88' lang='grc' dir='ltr'><strong>τοῦ</strong></span> <span class='ocrx_word' id='word_1_340' title='bbox 681 1879 733 1906; x_wconf 89' lang='grc' dir='ltr'>μη-</span> 
     </span>
    </p>
   </div>
   <div class='ocr_carea' id='block_1_43' title="bbox 8 1910 732 1949">
    <p class='ocr_par' dir='ltr' id='par_1_43' title="bbox 8 1910 732 1949">
     <span class='ocr_line' id='line_1_43' title="bbox 8 1910 732 1949; baseline 0.01 -14"><span class='ocrx_word' id='word_1_341' title='bbox 8 1910 141 1940; x_wconf 70' lang='grc' dir='ltr'><strong>ιδὺνασθαι</strong></span> <span class='ocrx_word' id='word_1_342' title='bbox 158 1915 338 1949; x_wconf 80' lang='grc' dir='ltr'>ἁμαρτάνειν.</span> <span class='ocrx_word' id='word_1_343' title='bbox 357 1915 412 1941; x_wconf 76' lang='grc' dir='ltr'><strong>Καὶ</strong></span> <span class='ocrx_word' id='word_1_344' title='bbox 436 1916 464 1942; x_wconf 80' lang='grc' dir='ltr'><strong>ὲν</strong></span> <span class='ocrx_word' id='word_1_345' title='bbox 488 1916 545 1946; x_wconf 80' lang='grc' dir='ltr'>τοῖς</span> <span class='ocrx_word' id='word_1_346' title='bbox 568 1916 732 1947; x_wconf 78' lang='grc' dir='ltr'>τελευταίοις</span> 
     </span>
    </p>
   </div>
   <div class='ocr_carea' id='block_1_44' title="bbox 8 1956 732 1997">
    <p class='ocr_par' dir='ltr' id='par_1_44' title="bbox 8 1956 732 1997">
     <span class='ocr_line' id='line_1_44' title="bbox 8 1956 732 1997; baseline 0.01 -14"><span class='ocrx_word' id='word_1_347' title='bbox 8 1956 88 1989; x_wconf 76' lang='grc' dir='ltr'>ἐγεται</span> <span class='ocrx_word' id='word_1_348' title='bbox 103 1959 151 1995; x_wconf 79' lang='grc' dir='ltr'>τῆς</span> <span class='ocrx_word' id='word_1_349' title='bbox 169 1960 339 1996; x_wconf 78' lang='grc' dir='ltr'>Ἐπιστολῆς,</span> <span class='ocrx_word' id='word_1_350' title='bbox 352 1961 392 1988; x_wconf 81' lang='grc' dir='ltr'>ὅτι</span> <span class='ocrx_word' id='word_1_351' title='bbox 409 1961 471 1994; x_wconf 84' lang='grc' dir='ltr'><strong>Πᾶς</strong></span> <span class='ocrx_word' id='word_1_352' title='bbox 488 1964 504 1989; x_wconf 83' lang='grc' dir='ltr'><strong>ό</strong></span> <span class='ocrx_word' id='word_1_353' title='bbox 516 1963 732 1997; x_wconf 71' lang='grc' dir='ltr'>γεγεννημένος</span> 
     </span>
    </p>
   </div>
   <div class='ocr_carea' id='block_1_45' title="bbox 10 2003 732 2044">
    <p class='ocr_par' dir='ltr' id='par_1_45' title="bbox 10 2003 732 2044">
     <span class='ocr_line' id='line_1_45' title="bbox 10 2003 732 2044; baseline 0.012 -16"><span class='ocrx_word' id='word_1_354' title='bbox 10 2003 53 2029; x_wconf 74' lang='grc' dir='ltr'><strong>τοῦ</strong></span> <span class='ocrx_word' id='word_1_355' title='bbox 75 2006 146 2032; x_wconf 84' lang='grc' dir='ltr'>Θεοῦ</span> <span class='ocrx_word' id='word_1_356' title='bbox 174 2007 234 2041; x_wconf 81' lang='grc' dir='ltr'><strong>οὐχ</strong></span> <span class='ocrx_word' id='word_1_357' title='bbox 264 2007 435 2042; x_wconf 79' lang='grc' dir='ltr'>ἁμαρτάνει,</span> <span class='ocrx_word' id='word_1_358' title='bbox 454 2008 534 2035; x_wconf 69' lang='grc' dir='ltr'>ἀλλὰ</span> <span class='ocrx_word' id='word_1_359' title='bbox 559 2011 575 2035; x_wconf 82' lang='grc' dir='ltr'><strong>ό</strong></span> <span class='ocrx_word' id='word_1_360' title='bbox 594 2018 732 2044; x_wconf 74' lang='grc' dir='ltr'>γεγεννη-</span> 
     </span>
    </p>
   </div>
   <div class='ocr_carea' id='block_1_46' title="bbox 8 2048 732 2088">
    <p class='ocr_par' dir='ltr' id='par_1_46' title="bbox 8 2048 732 2088">
     <span class='ocr_line' id='line_1_46' title="bbox 8 2048 732 2088; baseline 0.01 -14"><span class='ocrx_word' id='word_1_361' title='bbox 8 2055 34 2079; x_wconf 73' lang='lat' dir='ltr'><strong>Dr;</strong></span> <span class='ocrx_word' id='word_1_362' title='bbox 47 2048 76 2075; x_wconf 74' lang='grc' dir='ltr'>ἐκ</span> <span class='ocrx_word' id='word_1_363' title='bbox 92 2050 144 2076; x_wconf 87' lang='grc' dir='ltr'><strong>τοῦ</strong></span> <span class='ocrx_word' id='word_1_364' title='bbox 161 2051 238 2077; x_wconf 80' lang='grc' dir='ltr'>Θεοῦ</span> <span class='ocrx_word' id='word_1_365' title='bbox 258 2051 340 2085; x_wconf 77' lang='grc' dir='ltr'>τηρεῖ</span> <span class='ocrx_word' id='word_1_366' title='bbox 367 2052 486 2085; x_wconf 79' lang='grc' dir='ltr'>ἑαυτὸν,</span> <span class='ocrx_word' id='word_1_367' title='bbox 500 2053 549 2080; x_wconf 76' lang='grc' dir='ltr'><strong>καὶ</strong></span> <span class='ocrx_word' id='word_1_368' title='bbox 566 2055 581 2080; x_wconf 82' lang='grc' dir='ltr'><em>ὁ</em></span> <span class='ocrx_word' id='word_1_369' title='bbox 600 2054 732 2088; x_wconf 74' lang='grc' dir='ltr'>πονηρὸς</span> 
     </span>
    </p>
   </div>
   <div class='ocr_carea' id='block_1_47' title="bbox 22 2092 731 2133">
    <p class='ocr_par' dir='ltr' id='par_1_47' title="bbox 22 2092 731 2133">
     <span class='ocr_line' id='line_1_47' title="bbox 22 2092 731 2133; baseline 0.01 -14"><span class='ocrx_word' id='word_1_370' title='bbox 22 2092 132 2122; x_wconf 76' lang='grc' dir='ltr'>ἅπτεται</span> <span class='ocrx_word' id='word_1_371' title='bbox 148 2097 256 2124; x_wconf 77' lang='grc' dir='ltr'>αὐτοῦ.</span> <span class='ocrx_word' id='word_1_372' title='bbox 273 2097 304 2123; x_wconf 86' lang='lat' dir='ltr'><strong>El</strong></span> <span class='ocrx_word' id='word_1_373' title='bbox 322 2097 350 2123; x_wconf 78' lang='grc' dir='ltr'>δὲ</span> <span class='ocrx_word' id='word_1_374' title='bbox 367 2099 381 2124; x_wconf 86' lang='grc' dir='ltr'>ὁ</span> <span class='ocrx_word' id='word_1_375' title='bbox 401 2098 540 2133; x_wconf 82' lang='grc' dir='ltr'>γεννηθεὶς</span> <span class='ocrx_word' id='word_1_376' title='bbox 558 2099 591 2125; x_wconf 86' lang='grc' dir='ltr'>ὲκ</span> <span class='ocrx_word' id='word_1_377' title='bbox 605 2099 651 2126; x_wconf 88' lang='grc' dir='ltr'><strong>τοῦ</strong></span> <span class='ocrx_word' id='word_1_378' title='bbox 664 2100 731 2126; x_wconf 86' lang='grc' dir='ltr'>Θεοῦ</span> 
     </span>
    </p>
   </div>
   <div class='ocr_carea' id='block_1_48' title="bbox 8 2140 732 2179">
    <p class='ocr_par' dir='ltr' id='par_1_48' title="bbox 8 2140 732 2179">
     <span class='ocr_line' id='line_1_48' title="bbox 8 2140 732 2179; baseline 0.011 -15"><span class='ocrx_word' id='word_1_379' title='bbox 8 2140 23 2163; x_wconf 78' lang='grc' dir='ltr'>εἰ</span> <span class='ocrx_word' id='word_1_380' title='bbox 34 2140 137 2174; x_wconf 72' lang='grc' dir='ltr'>ἑαυτὸν,</span> <span class='ocrx_word' id='word_1_381' title='bbox 154 2143 203 2169; x_wconf 79' lang='grc' dir='ltr'><strong>καὶ</strong></span> <span class='ocrx_word' id='word_1_382' title='bbox 225 2144 239 2169; x_wconf 83' lang='grc' dir='ltr'><strong><em>ὁ</em></strong></span> <span class='ocrx_word' id='word_1_383' title='bbox 262 2143 378 2179; x_wconf 80' lang='grc' dir='ltr'>πονηρὸς</span> <span class='ocrx_word' id='word_1_384' title='bbox 402 2145 451 2179; x_wconf 74' lang='grc' dir='ltr'><strong>οὐχ</strong></span> <span class='ocrx_word' id='word_1_385' title='bbox 471 2145 586 2172; x_wconf 75' lang='grc' dir='ltr'>ἅπτεται</span> <span class='ocrx_word' id='word_1_386' title='bbox 601 2145 682 2172; x_wconf 80' lang='grc' dir='ltr'>αὐτοῦ</span> <span class='ocrx_word' id='word_1_387' title='bbox 695 2167 702 2179; x_wconf 94' lang='grc'>,</span> <span class='ocrx_word' id='word_1_388' title='bbox 717 2147 732 2172; x_wconf 82' lang='grc' dir='ltr'>ὁ</span> 
     </span>
    </p>
   </div>
   <div class='ocr_carea' id='block_1_49' title="bbox 795 222 1579 258">
    <p class='ocr_par' dir='ltr' id='par_1_49' title="bbox 795 222 1579 258">
     <span class='ocr_line' id='line_1_49' title="bbox 795 222 1579 258; baseline 0.005 -9"><span class='ocrx_word' id='word_1_389' title='bbox 795 222 888 249; x_wconf 67' lang='lat' dir='ltr'><strong>Omnia</strong></span> <span class='ocrx_word' id='word_1_390' title='bbox 898 223 943 256; x_wconf 81' lang='lat' dir='ltr'><strong>qui</strong></span> <span class='ocrx_word' id='word_1_391' title='bbox 958 228 1034 249; x_wconf 71' lang='lat' dir='ltr'><strong>nam:</strong></span> <span class='ocrx_word' id='word_1_392' title='bbox 1044 227 1081 250; x_wconf 74' lang='lat' dir='ltr'><strong>est</strong></span> <span class='ocrx_word' id='word_1_393' title='bbox 1097 231 1129 250; x_wconf 75' lang='lat' dir='ltr'><strong>ex</strong></span> <span class='ocrx_word' id='word_1_394' title='bbox 1141 224 1205 255; x_wconf 86' lang='lat' dir='ltr'><strong>Deo,</strong></span> <span class='ocrx_word' id='word_1_395' title='bbox 1217 230 1352 257; x_wconf 75' lang='lat' dir='ltr'><strong>peccatum</strong></span> <span class='ocrx_word' id='word_1_396' title='bbox 1364 233 1415 252; x_wconf 86' lang='lat' dir='ltr'><strong>non</strong></span> <span class='ocrx_word' id='word_1_397' title='bbox 1430 227 1579 258; x_wconf 74' lang='lat' dir='ltr'><strong>conualuit.</strong></span> 
     </span>
    </p>
   </div>
   <div class='ocr_carea' id='block_1_50' title="bbox 793 267 1576 305">
    <p class='ocr_par' dir='ltr' id='par_1_50' title="bbox 793 267 1576 305">
     <span class='ocr_line' id='line_1_50' title="bbox 793 267 1576 305; baseline 0.006 -12"><span class='ocrx_word' id='word_1_398' title='bbox 793 267 947 301; x_wconf 71' lang='lat' dir='ltr'><strong>sot&#39;ipsisset</strong></span> <span class='ocrx_word' id='word_1_399' title='bbox 963 276 968 294; x_wconf 92' lang='lat'>:</span> <span class='ocrx_word' id='word_1_400' title='bbox 986 267 1081 295; x_wconf 87' lang='lat' dir='ltr'><strong>Omnis</strong></span> <span class='ocrx_word' id='word_1_401' title='bbox 1093 269 1138 303; x_wconf 89' lang='lat' dir='ltr'><strong>qui</strong></span> <span class='ocrx_word' id='word_1_402' title='bbox 1159 274 1238 296; x_wconf 88' lang='lat' dir='ltr'><strong>natus</strong></span> <span class='ocrx_word' id='word_1_403' title='bbox 1251 274 1292 296; x_wconf 85' lang='lat' dir='ltr'><strong>cst</strong></span> <span class='ocrx_word' id='word_1_404' title='bbox 1314 279 1346 297; x_wconf 85' lang='lat' dir='ltr'><strong>ex</strong></span> <span class='ocrx_word' id='word_1_405' title='bbox 1363 271 1480 300; x_wconf 85' lang='lat' dir='ltr'><strong>diabolo.</strong></span> <span class='ocrx_word' id='word_1_406' title='bbox 1496 272 1576 305; x_wconf 80' lang='lat' dir='ltr'><strong>justi-</strong></span> 
     </span>
    </p>
   </div>
   <div class='ocr_carea' id='block_1_51' title="bbox 793 311 1580 351">
    <p class='ocr_par' dir='ltr' id='par_1_51' title="bbox 793 311 1580 351">
     <span class='ocr_line' id='line_1_51' title="bbox 793 311 1580 351; baseline 0.008 -13"><span class='ocrx_word' id='word_1_407' title='bbox 793 311 857 338; x_wconf 88' lang='lat' dir='ltr'><strong>tiam</strong></span> <span class='ocrx_word' id='word_1_408' title='bbox 888 320 940 339; x_wconf 92' lang='lat' dir='ltr'><strong>non</strong></span> <span class='ocrx_word' id='word_1_409' title='bbox 972 314 1129 341; x_wconf 83' lang='lat' dir='ltr'><strong>conuuittit.</strong></span> <span class='ocrx_word' id='word_1_410' title='bbox 1154 314 1250 342; x_wconf 80' lang='lat' dir='ltr'><strong>Annon</strong></span> <span class='ocrx_word' id='word_1_411' title='bbox 1272 316 1354 343; x_wconf 86' lang='lat' dir='ltr'><strong>etiam</strong></span> <span class='ocrx_word' id='word_1_412' title='bbox 1379 317 1580 351; x_wconf 76' lang='lat' dir='ltr'><strong>sapientissime</strong></span> 
     </span>
    </p>
   </div>
   <div class='ocr_carea' id='block_1_52' title="bbox 792 357 1578 396">
    <p class='ocr_par' dir='ltr' id='par_1_52' title="bbox 792 357 1578 396">
     <span class='ocr_line' id='line_1_52' title="bbox 792 357 1578 396; baseline 0.006 -13"><span class='ocrx_word' id='word_1_413' title='bbox 792 357 937 384; x_wconf 78' lang='lat' dir='ltr'><strong>admodum</strong></span> <span class='ocrx_word' id='word_1_414' title='bbox 953 359 1041 391; x_wconf 87' lang='lat' dir='ltr'><strong>posuit</strong></span> <span class='ocrx_word' id='word_1_415' title='bbox 1056 358 1167 386; x_wconf 76' lang='lat' dir='ltr'><strong>verbum</strong></span> <span class='ocrx_word' id='word_1_416' title='bbox 1183 364 1264 396; x_wconf 45' lang='lat' dir='ltr'><strong>esﬁet</strong></span> <span class='ocrx_word' id='word_1_417' title='bbox 1275 361 1433 388; x_wconf 79' lang='lat' dir='ltr'><strong>vocabulum</strong></span> <span class='ocrx_word' id='word_1_418' title='bbox 1458 361 1578 396; x_wconf 66' lang='lat' dir='ltr'><strong>genitus;</strong></span> 
     </span>
    </p>
   </div>
   <div class='ocr_carea' id='block_1_53' title="bbox 791 402 1577 439">
    <p class='ocr_par' dir='ltr' id='par_1_53' title="bbox 791 402 1577 439">
     <span class='ocr_line' id='line_1_53' title="bbox 791 402 1577 439; baseline 0.008 -12"><span class='ocrx_word' id='word_1_419' title='bbox 791 402 903 428; x_wconf 86' lang='lat' dir='ltr'><strong>verbum</strong></span> <span class='ocrx_word' id='word_1_420' title='bbox 923 407 961 429; x_wconf 68' lang='lat' dir='ltr'><strong>ea!</strong></span> <span class='ocrx_word' id='word_1_421' title='bbox 978 404 1079 430; x_wconf 91' lang='lat' dir='ltr'><strong>dictum</strong></span> <span class='ocrx_word' id='word_1_422' title='bbox 1101 405 1134 430; x_wconf 86' lang='lat' dir='ltr'><strong>de</strong></span> <span class='ocrx_word' id='word_1_423' title='bbox 1152 412 1184 430; x_wconf 85' lang='lat' dir='ltr'><strong>eo</strong></span> <span class='ocrx_word' id='word_1_424' title='bbox 1197 405 1243 439; x_wconf 90' lang='lat' dir='ltr'><strong>qui</strong></span> <span class='ocrx_word' id='word_1_425' title='bbox 1263 413 1296 432; x_wconf 78' lang='lat' dir='ltr'><strong>ex</strong></span> <span class='ocrx_word' id='word_1_426' title='bbox 1319 406 1426 433; x_wconf 80' lang='lat' dir='ltr'><strong>diabolo</strong></span> <span class='ocrx_word' id='word_1_427' title='bbox 1449 411 1501 437; x_wconf 82' lang='lat' dir='ltr'><strong>est,</strong></span> <span class='ocrx_word' id='word_1_428' title='bbox 1525 414 1577 434; x_wconf 88' lang='lat' dir='ltr'><strong>non</strong></span> 
     </span>
    </p>
   </div>
   <div class='ocr_carea' id='block_1_54' title="bbox 791 447 1576 483">
    <p class='ocr_par' dir='ltr' id='par_1_54' title="bbox 791 447 1576 483">
     <span class='ocr_line' id='line_1_54' title="bbox 791 447 1576 483; baseline 0.006 -10"><span class='ocrx_word' id='word_1_429' title='bbox 791 454 894 480; x_wconf 86' lang='lat' dir='ltr'><strong>ponens</strong></span> <span class='ocrx_word' id='word_1_430' title='bbox 913 447 948 475; x_wconf 88' lang='lat' dir='ltr'><strong>de</strong></span> <span class='ocrx_word' id='word_1_431' title='bbox 970 448 1012 475; x_wconf 87' lang='lat' dir='ltr'><strong>his</strong></span> <span class='ocrx_word' id='word_1_432' title='bbox 1034 449 1080 483; x_wconf 85' lang='lat' dir='ltr'><strong>qui</strong></span> <span class='ocrx_word' id='word_1_433' title='bbox 1107 457 1139 475; x_wconf 80' lang='lat' dir='ltr'><strong>ex</strong></span> <span class='ocrx_word' id='word_1_434' title='bbox 1167 449 1220 476; x_wconf 78' lang='lat' dir='ltr'><strong>Deo</strong></span> <span class='ocrx_word' id='word_1_435' title='bbox 1247 455 1329 482; x_wconf 89' lang='lat' dir='ltr'><strong>sunt;</strong></span> <span class='ocrx_word' id='word_1_436' title='bbox 1363 455 1390 477; x_wconf 88' lang='lat' dir='ltr'><strong>et</strong></span> <span class='ocrx_word' id='word_1_437' title='bbox 1415 451 1576 478; x_wconf 83' lang='lat' dir='ltr'><strong>voeabulum</strong></span> 
     </span>
    </p>
   </div>
   <div class='ocr_carea' id='block_1_55' title="bbox 790 493 1577 531">
    <p class='ocr_par' dir='ltr' id='par_1_55' title="bbox 790 493 1577 531">
     <span class='ocr_line' id='line_1_55' title="bbox 790 493 1577 531; baseline 0.006 -13"><span class='ocrx_word' id='word_1_438' title='bbox 790 493 891 527; x_wconf 70' lang='lat' dir='ltr'><strong>genilu:</strong></span> <span class='ocrx_word' id='word_1_439' title='bbox 907 494 1038 527; x_wconf 88' lang='lat' dir='ltr'><strong>scriptum</strong></span> <span class='ocrx_word' id='word_1_440' title='bbox 1052 494 1084 521; x_wconf 84' lang='lat' dir='ltr'><strong>de</strong></span> <span class='ocrx_word' id='word_1_441' title='bbox 1097 494 1138 521; x_wconf 87' lang='lat' dir='ltr'><strong>his</strong></span> <span class='ocrx_word' id='word_1_442' title='bbox 1152 495 1196 528; x_wconf 91' lang='lat' dir='ltr'><strong>qui</strong></span> <span class='ocrx_word' id='word_1_443' title='bbox 1207 501 1268 522; x_wconf 88' lang='lat' dir='ltr'><strong>sunt</strong></span> <span class='ocrx_word' id='word_1_444' title='bbox 1282 503 1314 522; x_wconf 81' lang='lat' dir='ltr'><strong>ex</strong></span> <span class='ocrx_word' id='word_1_445' title='bbox 1330 496 1458 528; x_wconf 80' lang='grc' dir='ltr'><strong>1)(ιο,ιιοιι</strong></span> <span class='ocrx_word' id='word_1_446' title='bbox 1473 504 1577 531; x_wconf 82' lang='lat' dir='ltr'><strong>ponens</strong></span> 
     </span>
    </p>
   </div>
   <div class='ocr_carea' id='block_1_56' title="bbox 792 537 1576 576">
    <p class='ocr_par' dir='ltr' id='par_1_56' title="bbox 792 537 1576 576">
     <span class='ocr_line' id='line_1_56' title="bbox 792 537 1576 576; baseline 0.005 -12"><span class='ocrx_word' id='word_1_447' title='bbox 792 538 826 564; x_wconf 86' lang='lat' dir='ltr'><strong>de</strong></span> <span class='ocrx_word' id='word_1_448' title='bbox 839 537 881 565; x_wconf 87' lang='lat' dir='ltr'><strong>his</strong></span> <span class='ocrx_word' id='word_1_449' title='bbox 894 539 940 572; x_wconf 87' lang='lat' dir='ltr'><strong>qui</strong></span> <span class='ocrx_word' id='word_1_450' title='bbox 955 544 1019 565; x_wconf 91' lang='lat' dir='ltr'><strong>sunt</strong></span> <span class='ocrx_word' id='word_1_451' title='bbox 1030 547 1062 565; x_wconf 79' lang='lat' dir='ltr'><strong>ex</strong></span> <span class='ocrx_word' id='word_1_452' title='bbox 1081 539 1211 567; x_wconf 83' lang='lat' dir='ltr'><strong>diabolo?</strong></span> <span class='ocrx_word' id='word_1_453' title='bbox 1238 541 1340 567; x_wconf 78' lang='lat' dir='ltr'><strong>Extulit</strong></span> <span class='ocrx_word' id='word_1_454' title='bbox 1360 542 1432 568; x_wconf 86' lang='lat' dir='ltr'><strong>enim</strong></span> <span class='ocrx_word' id='word_1_455' title='bbox 1456 549 1517 568; x_wconf 86' lang='lat' dir='ltr'><strong>cum</strong></span> <span class='ocrx_word' id='word_1_456' title='bbox 1531 541 1576 576; x_wconf 92' lang='lat' dir='ltr'><strong>qui</strong></span> 
     </span>
    </p>
   </div>
   <div class='ocr_carea' id='block_1_57' title="bbox 789 584 1577 621">
    <p class='ocr_par' dir='ltr' id='par_1_57' title="bbox 789 584 1577 621">
     <span class='ocr_line' id='line_1_57' title="bbox 789 584 1577 621; baseline 0.004 -10"><span class='ocrx_word' id='word_1_457' title='bbox 789 591 822 611; x_wconf 79' lang='lat' dir='ltr'><strong>ex</strong></span> <span class='ocrx_word' id='word_1_458' title='bbox 839 584 893 612; x_wconf 88' lang='lat' dir='ltr'><strong>Deo</strong></span> <span class='ocrx_word' id='word_1_459' title='bbox 911 589 963 615; x_wconf 82' lang='lat' dir='ltr'><strong>est.</strong></span> <span class='ocrx_word' id='word_1_460' title='bbox 977 584 1137 612; x_wconf 74' lang='lat' dir='ltr'><strong>vocabulum</strong></span> <span class='ocrx_word' id='word_1_461' title='bbox 1151 587 1255 619; x_wconf 73' lang='lat' dir='ltr'><strong>genitus</strong></span> <span class='ocrx_word' id='word_1_462' title='bbox 1272 594 1375 619; x_wconf 66' lang='lat' dir='ltr'><strong>pultrlts</strong></span> <span class='ocrx_word' id='word_1_463' title='bbox 1391 587 1423 613; x_wconf 81' lang='lat' dir='ltr'><strong>de</strong></span> <span class='ocrx_word' id='word_1_464' title='bbox 1439 595 1471 614; x_wconf 83' lang='lat' dir='ltr'><strong>eo</strong></span> <span class='ocrx_word' id='word_1_465' title='bbox 1484 595 1491 619; x_wconf 90' lang='lat'><strong>;</strong></span> <span class='ocrx_word' id='word_1_466' title='bbox 1506 587 1577 621; x_wconf 85' lang='lat' dir='ltr'><strong>quod</strong></span> 
     </span>
    </p>
   </div>
   <div class='ocr_carea' id='block_1_58' title="bbox 789 629 1577 665">
    <p class='ocr_par' dir='ltr' id='par_1_58' title="bbox 789 629 1577 665">
     <span class='ocr_line' id='line_1_58' title="bbox 789 629 1577 665; baseline 0.001 -9"><span class='ocrx_word' id='word_1_467' title='bbox 789 629 811 656; x_wconf 90' lang='lat' dir='ltr'><strong>si</strong></span> <span class='ocrx_word' id='word_1_468' title='bbox 825 629 906 656; x_wconf 87' lang='lat' dir='ltr'><strong>etiam</strong></span> <span class='ocrx_word' id='word_1_469' title='bbox 919 629 956 656; x_wconf 84' lang='lat' dir='ltr'><strong>de</strong></span> <span class='ocrx_word' id='word_1_470' title='bbox 966 629 1076 657; x_wconf 79' lang='lat' dir='ltr'><strong>diabolo</strong></span> <span class='ocrx_word' id='word_1_471' title='bbox 1088 631 1233 664; x_wconf 89' lang='lat' dir='ltr'><strong>posuisset,</strong></span> <span class='ocrx_word' id='word_1_472' title='bbox 1250 631 1325 665; x_wconf 65' lang='lat' dir='ltr'><strong>pejus</strong></span> <span class='ocrx_word' id='word_1_473' title='bbox 1343 631 1469 664; x_wconf 81' lang='lat' dir='ltr'><strong>quiddam</strong></span> <span class='ocrx_word' id='word_1_474' title='bbox 1484 636 1577 658; x_wconf 80' lang='lat' dir='ltr'><strong>osten-</strong></span> 
     </span>
    </p>
   </div>
   <div class='ocr_carea' id='block_1_59' title="bbox 789 676 1578 711">
    <p class='ocr_par' dir='ltr' id='par_1_59' title="bbox 789 676 1578 711">
     <span class='ocr_line' id='line_1_59' title="bbox 789 676 1578 711; baseline 0 -8"><span class='ocrx_word' id='word_1_475' title='bbox 789 684 870 704; x_wconf 87' lang='lat' dir='ltr'><strong>surus</strong></span> <span class='ocrx_word' id='word_1_476' title='bbox 884 680 942 703; x_wconf 83' lang='lat' dir='ltr'><strong>erat</strong></span> <span class='ocrx_word' id='word_1_477' title='bbox 955 683 1035 710; x_wconf 85' lang='lat' dir='ltr'><strong>quam</strong></span> <span class='ocrx_word' id='word_1_478' title='bbox 1052 676 1074 703; x_wconf 92' lang='lat' dir='ltr'><strong>si</strong></span> <span class='ocrx_word' id='word_1_479' title='bbox 1088 676 1213 708; x_wconf 82' lang='lat' dir='ltr'><strong>dixisset,</strong></span> <span class='ocrx_word' id='word_1_480' title='bbox 1236 681 1273 703; x_wconf 73' lang='lat' dir='ltr'><strong>es!</strong></span> <span class='ocrx_word' id='word_1_481' title='bbox 1288 684 1320 703; x_wconf 77' lang='lat' dir='ltr'><strong>ea:</strong></span> <span class='ocrx_word' id='word_1_482' title='bbox 1334 677 1441 703; x_wconf 83' lang='lat' dir='ltr'><strong>diabolo</strong></span> <span class='ocrx_word' id='word_1_483' title='bbox 1467 684 1477 703; x_wconf 92' lang='lat'><strong><em>:</em></strong></span> <span class='ocrx_word' id='word_1_484' title='bbox 1497 682 1578 711; x_wconf 81' lang='lat' dir='ltr'><strong>alque</strong></span> 
     </span>
    </p>
   </div>
   <div class='ocr_carea' id='block_1_60' title="bbox 788 722 1577 757">
    <p class='ocr_par' dir='ltr' id='par_1_60' title="bbox 788 722 1577 757">
     <span class='ocr_line' id='line_1_60' title="bbox 788 722 1577 757; baseline 0 -7"><span class='ocrx_word' id='word_1_485' title='bbox 788 723 870 750; x_wconf 87' lang='lat' dir='ltr'><strong>etiam</strong></span> <span class='ocrx_word' id='word_1_486' title='bbox 886 722 907 749; x_wconf 84' lang='lat' dir='ltr'><strong>si</strong></span> <span class='ocrx_word' id='word_1_487' title='bbox 919 723 1056 757; x_wconf 88' lang='lat' dir='ltr'><strong>posuisset</strong></span> <span class='ocrx_word' id='word_1_488' title='bbox 1072 723 1184 750; x_wconf 80' lang='lat' dir='ltr'><strong>verbum</strong></span> <span class='ocrx_word' id='word_1_489' title='bbox 1199 727 1238 749; x_wconf 71' lang='grc' dir='ltr'><strong>εει</strong></span> <span class='ocrx_word' id='word_1_490' title='bbox 1255 723 1287 749; x_wconf 88' lang='lat' dir='ltr'><strong>de</strong></span> <span class='ocrx_word' id='word_1_491' title='bbox 1299 729 1331 750; x_wconf 89' lang='lat' dir='ltr'><strong>eo</strong></span> <span class='ocrx_word' id='word_1_492' title='bbox 1348 724 1393 757; x_wconf 86' lang='lat' dir='ltr'><strong>qui</strong></span> <span class='ocrx_word' id='word_1_493' title='bbox 1409 727 1450 750; x_wconf 83' lang='lat' dir='ltr'><strong>est</strong></span> <span class='ocrx_word' id='word_1_494' title='bbox 1462 730 1494 749; x_wconf 73' lang='lat' dir='ltr'><strong>ex</strong></span> <span class='ocrx_word' id='word_1_495' title='bbox 1511 722 1577 756; x_wconf 76' lang='lat' dir='ltr'><strong>Deo,</strong></span> 
     </span>
    </p>
   </div>
   <div class='ocr_carea' id='block_1_61' title="bbox 788 768 1576 802">
    <p class='ocr_par' dir='ltr' id='par_1_61' title="bbox 788 768 1576 802">
     <span class='ocr_line' id='line_1_61' title="bbox 788 768 1576 802; baseline 0.001 -8"><span class='ocrx_word' id='word_1_496' title='bbox 788 768 1017 802; x_wconf 84' lang='lat' dir='ltr'><strong>quemadmodum</strong></span> <span class='ocrx_word' id='word_1_497' title='bbox 1034 768 1123 802; x_wconf 89' lang='lat' dir='ltr'><strong>posuit</strong></span> <span class='ocrx_word' id='word_1_498' title='bbox 1151 768 1184 795; x_wconf 87' lang='lat' dir='ltr'><strong>de</strong></span> <span class='ocrx_word' id='word_1_499' title='bbox 1204 776 1237 795; x_wconf 87' lang='lat' dir='ltr'><strong>eo</strong></span> <span class='ocrx_word' id='word_1_500' title='bbox 1261 768 1306 801; x_wconf 91' lang='lat' dir='ltr'><strong>qui</strong></span> <span class='ocrx_word' id='word_1_501' title='bbox 1333 775 1365 795; x_wconf 82' lang='lat' dir='ltr'><strong>ex</strong></span> <span class='ocrx_word' id='word_1_502' title='bbox 1390 768 1497 796; x_wconf 83' lang='lat' dir='ltr'><strong>diabolo</strong></span> <span class='ocrx_word' id='word_1_503' title='bbox 1524 773 1576 801; x_wconf 83' lang='lat' dir='ltr'><strong>est,</strong></span> 
     </span>
    </p>
   </div>
   <div class='ocr_carea' id='block_1_62' title="bbox 789 813 1577 847">
    <p class='ocr_par' dir='ltr' id='par_1_62' title="bbox 789 813 1577 847">
     <span class='ocr_line' id='line_1_62' title="bbox 789 813 1577 847; baseline 0 -7"><span class='ocrx_word' id='word_1_504' title='bbox 789 814 879 841; x_wconf 87' lang='lat' dir='ltr'><strong>minus</strong></span> <span class='ocrx_word' id='word_1_505' title='bbox 891 819 1052 841; x_wconf 75' lang='lat' dir='ltr'><strong>ostensurus</strong></span> <span class='ocrx_word' id='word_1_506' title='bbox 1074 813 1162 840; x_wconf 79' lang='lat' dir='ltr'><strong>fuerat</strong></span> <span class='ocrx_word' id='word_1_507' title='bbox 1185 816 1219 843; x_wconf 90' lang='lat' dir='ltr'><strong>de</strong></span> <span class='ocrx_word' id='word_1_508' title='bbox 1239 822 1273 844; x_wconf 90' lang='lat' dir='ltr'><strong>eo</strong></span> <span class='ocrx_word' id='word_1_509' title='bbox 1300 814 1345 847; x_wconf 88' lang='lat' dir='ltr'><strong>qui</strong></span> <span class='ocrx_word' id='word_1_510' title='bbox 1370 820 1402 840; x_wconf 80' lang='lat' dir='ltr'><strong>ex</strong></span> <span class='ocrx_word' id='word_1_511' title='bbox 1421 815 1475 841; x_wconf 80' lang='lat' dir='ltr'><strong>Deo</strong></span> <span class='ocrx_word' id='word_1_512' title='bbox 1497 819 1577 840; x_wconf 81' lang='lat' dir='ltr'><strong>natus</strong></span> 
     </span>
    </p>
   </div>
   <div class='ocr_carea' id='block_1_63' title="bbox 788 859 1577 894">
    <p class='ocr_par' dir='ltr' id='par_1_63' title="bbox 788 859 1577 894">
     <span class='ocr_line' id='line_1_63' title="bbox 788 859 1577 894; baseline 0.003 -8"><span class='ocrx_word' id='word_1_513' title='bbox 788 864 841 891; x_wconf 80' lang='lat' dir='ltr'><strong>est,</strong></span> <span class='ocrx_word' id='word_1_514' title='bbox 860 866 921 886; x_wconf 88' lang='lat' dir='ltr'><strong>cum</strong></span> <span class='ocrx_word' id='word_1_515' title='bbox 944 859 1023 894; x_wconf 77' lang='lat' dir='ltr'><strong>longe</strong></span> <span class='ocrx_word' id='word_1_516' title='bbox 1051 859 1148 885; x_wconf 85' lang='lat' dir='ltr'><strong>melius</strong></span> <span class='ocrx_word' id='word_1_517' title='bbox 1162 859 1197 885; x_wconf 87' lang='lat' dir='ltr'><strong>sit</strong></span> <span class='ocrx_word' id='word_1_518' title='bbox 1215 859 1334 894; x_wconf 76' lang='lat' dir='ltr'><strong>genitum</strong></span> <span class='ocrx_word' id='word_1_519' title='bbox 1354 859 1438 886; x_wconf 74' lang='lat' dir='ltr'><strong>fuisse</strong></span> <span class='ocrx_word' id='word_1_520' title='bbox 1465 868 1497 886; x_wconf 70' lang='lat' dir='ltr'><strong>cx</strong></span> <span class='ocrx_word' id='word_1_521' title='bbox 1523 861 1577 888; x_wconf 84' lang='lat' dir='ltr'><strong>Deo</strong></span> 
     </span>
    </p>
   </div>
   <div class='ocr_carea' id='block_1_64' title="bbox 786 904 1575 940">
    <p class='ocr_par' dir='ltr' id='par_1_64' title="bbox 786 904 1575 940">
     <span class='ocr_line' id='line_1_64' title="bbox 786 904 1575 940; baseline 0.001 -8"><span class='ocrx_word' id='word_1_522' title='bbox 786 912 868 940; x_wconf 83' lang='lat' dir='ltr'><strong>quam</strong></span> <span class='ocrx_word' id='word_1_523' title='bbox 880 913 912 932; x_wconf 82' lang='lat' dir='ltr'><strong>ex</strong></span> <span class='ocrx_word' id='word_1_524' title='bbox 929 905 982 932; x_wconf 87' lang='lat' dir='ltr'><strong>Dco</strong></span> <span class='ocrx_word' id='word_1_525' title='bbox 993 913 1063 932; x_wconf 64' lang='lat' dir='ltr'><strong>esso.</strong></span> <span class='ocrx_word' id='word_1_526' title='bbox 1076 904 1159 940; x_wconf 80' lang='lat'><strong>326</strong></span> <span class='ocrx_word' id='word_1_527' title='bbox 1169 904 1223 932; x_wconf 79' lang='lat' dir='ltr'><strong>Sed</strong></span> <span class='ocrx_word' id='word_1_528' title='bbox 1241 905 1314 932; x_wconf 81' lang='lat' dir='ltr'><strong>dicet</strong></span> <span class='ocrx_word' id='word_1_529' title='bbox 1333 905 1430 939; x_wconf 88' lang='lat' dir='ltr'><strong>aliquis</strong></span> <span class='ocrx_word' id='word_1_530' title='bbox 1444 907 1575 940; x_wconf 87' lang='lat' dir='ltr'><strong>quasdam</strong></span> 
     </span>
    </p>
   </div>
   <div class='ocr_carea' id='block_1_65' title="bbox 786 951 1576 986">
    <p class='ocr_par' dir='ltr' id='par_1_65' title="bbox 786 951 1576 986">
     <span class='ocr_line' id='line_1_65' title="bbox 786 951 1576 986; baseline 0.003 -8"><span class='ocrx_word' id='word_1_531' title='bbox 786 955 928 979; x_wconf 83' lang='lat' dir='ltr'><strong>creaturas</strong></span> <span class='ocrx_word' id='word_1_532' title='bbox 942 959 1003 978; x_wconf 85' lang='lat' dir='ltr'><strong>esse</strong></span> <span class='ocrx_word' id='word_1_533' title='bbox 1016 959 1048 978; x_wconf 85' lang='lat' dir='ltr'><strong>ex</strong></span> <span class='ocrx_word' id='word_1_534' title='bbox 1065 951 1131 982; x_wconf 81' lang='lat' dir='ltr'><strong>Deo,</strong></span> <span class='ocrx_word' id='word_1_535' title='bbox 1143 959 1203 985; x_wconf 73' lang='lat' dir='ltr'><strong>(pta:</strong></span> <span class='ocrx_word' id='word_1_536' title='bbox 1218 952 1331 978; x_wconf 88' lang='lat' dir='ltr'><strong>ontuino</strong></span> <span class='ocrx_word' id='word_1_537' title='bbox 1346 952 1442 986; x_wconf 68' lang='lat' dir='ltr'><strong>genita:</strong></span> <span class='ocrx_word' id='word_1_538' title='bbox 1456 960 1508 979; x_wconf 89' lang='lat' dir='ltr'><strong>non</strong></span> <span class='ocrx_word' id='word_1_539' title='bbox 1521 953 1576 980; x_wconf 87' lang='lat' dir='ltr'><strong>sint</strong></span> 
     </span>
    </p>
   </div>
   <div class='ocr_carea' id='block_1_66' title="bbox 785 995 1576 1030">
    <p class='ocr_par' dir='ltr' id='par_1_66' title="bbox 785 995 1576 1030">
     <span class='ocr_line' id='line_1_66' title="bbox 785 995 1576 1030; baseline 0 -6"><span class='ocrx_word' id='word_1_540' title='bbox 785 1004 819 1024; x_wconf 74' lang='lat' dir='ltr'><strong>ex</strong></span> <span class='ocrx_word' id='word_1_541' title='bbox 842 996 908 1027; x_wconf 79' lang='lat' dir='ltr'><strong>Deo.</strong></span> <span class='ocrx_word' id='word_1_542' title='bbox 936 997 1038 1030; x_wconf 81' lang='lat' dir='ltr'><strong>hasque</strong></span> <span class='ocrx_word' id='word_1_543' title='bbox 1062 996 1175 1022; x_wconf 86' lang='lat' dir='ltr'><strong>omnino</strong></span> <span class='ocrx_word' id='word_1_544' title='bbox 1201 995 1345 1023; x_wconf 80' lang='lat' dir='ltr'><strong>inferiores</strong></span> <span class='ocrx_word' id='word_1_545' title='bbox 1365 1005 1427 1024; x_wconf 85' lang='lat' dir='ltr'><strong>csse</strong></span> <span class='ocrx_word' id='word_1_546' title='bbox 1450 998 1576 1025; x_wconf 76' lang='lat' dir='ltr'><strong>outnibus</strong></span> 
     </span>
    </p>
   </div>
   <div class='ocr_carea' id='block_1_67' title="bbox 785 1041 1575 1076">
    <p class='ocr_par' dir='ltr' id='par_1_67' title="bbox 785 1041 1575 1076">
     <span class='ocr_line' id='line_1_67' title="bbox 785 1041 1575 1076; baseline 0.006 -10"><span class='ocrx_word' id='word_1_547' title='bbox 785 1048 846 1076; x_wconf 71' lang='lat' dir='ltr'><strong>qua:</strong></span> <span class='ocrx_word' id='word_1_548' title='bbox 857 1048 872 1067; x_wconf 83' lang='lat' dir='ltr'><strong>a</strong></span> <span class='ocrx_word' id='word_1_549' title='bbox 883 1041 936 1067; x_wconf 86' lang='lat' dir='ltr'><strong>Deo</strong></span> <span class='ocrx_word' id='word_1_550' title='bbox 954 1041 1079 1067; x_wconf 88' lang='lat' dir='ltr'><strong>dicantur</strong></span> <span class='ocrx_word' id='word_1_551' title='bbox 1098 1041 1188 1075; x_wconf 81' lang='lat' dir='ltr'><strong>genita</strong></span> <span class='ocrx_word' id='word_1_552' title='bbox 1201 1048 1273 1068; x_wconf 81' lang='lat' dir='ltr'><strong>esse.</strong></span> <span class='ocrx_word' id='word_1_553' title='bbox 1293 1043 1331 1068; x_wconf 78' lang='lat' dir='ltr'><strong>Ac</strong></span> <span class='ocrx_word' id='word_1_554' title='bbox 1345 1048 1420 1069; x_wconf 86' lang='lat' dir='ltr'><strong>certe</strong></span> <span class='ocrx_word' id='word_1_555' title='bbox 1433 1051 1493 1070; x_wconf 90' lang='lat' dir='ltr'><strong>cum</strong></span> <span class='ocrx_word' id='word_1_556' title='bbox 1512 1052 1575 1076; x_wconf 81' lang='lat' dir='ltr'><strong>per-</strong></span> 
     </span>
    </p>
   </div>
   <div class='ocr_carea' id='block_1_68' title="bbox 786 1085 1575 1121">
    <p class='ocr_par' dir='ltr' id='par_1_68' title="bbox 786 1085 1575 1121">
     <span class='ocr_line' id='line_1_68' title="bbox 786 1085 1575 1121; baseline 0.008 -10"><span class='ocrx_word' id='word_1_557' title='bbox 786 1085 893 1112; x_wconf 81' lang='lat' dir='ltr'><strong>veneris</strong></span> <span class='ocrx_word' id='word_1_558' title='bbox 908 1085 942 1112; x_wconf 86' lang='lat' dir='ltr'><strong>ad</strong></span> <span class='ocrx_word' id='word_1_559' title='bbox 956 1085 1136 1113; x_wconf 76' lang='lat' dir='ltr'><strong>tliﬂ&#39;crentiatn</strong></span> <span class='ocrx_word' id='word_1_560' title='bbox 1153 1087 1226 1113; x_wconf 87' lang='lat' dir='ltr'><strong>illatn</strong></span> <span class='ocrx_word' id='word_1_561' title='bbox 1238 1095 1298 1121; x_wconf 68' lang='lat' dir='ltr'><strong>qua:</strong></span> <span class='ocrx_word' id='word_1_562' title='bbox 1313 1093 1355 1114; x_wconf 82' lang='lat' dir='ltr'><strong>cst</strong></span> <span class='ocrx_word' id='word_1_563' title='bbox 1376 1089 1446 1115; x_wconf 87' lang='lat' dir='ltr'><strong>inter</strong></span> <span class='ocrx_word' id='word_1_564' title='bbox 1461 1096 1523 1116; x_wconf 83' lang='lat' dir='ltr'><strong>esse</strong></span> <span class='ocrx_word' id='word_1_565' title='bbox 1540 1097 1575 1117; x_wconf 78' lang='lat' dir='ltr'><strong>ex</strong></span> 
     </span>
    </p>
   </div>
   <div class='ocr_carea' id='block_1_69' title="bbox 786 1131 1573 1168">
    <p class='ocr_par' dir='ltr' id='par_1_69' title="bbox 786 1131 1573 1168">
     <span class='ocr_line' id='line_1_69' title="bbox 786 1131 1573 1168; baseline 0.005 -10"><span class='ocrx_word' id='word_1_566' title='bbox 786 1131 905 1162; x_wconf 86' lang='lat' dir='ltr'><strong>diabolo,</strong></span> <span class='ocrx_word' id='word_1_567' title='bbox 919 1134 946 1157; x_wconf 85' lang='lat' dir='ltr'><strong>et</strong></span> <span class='ocrx_word' id='word_1_568' title='bbox 962 1131 1034 1158; x_wconf 78' lang='lat' dir='ltr'><strong>inter</strong></span> <span class='ocrx_word' id='word_1_569' title='bbox 1052 1131 1173 1165; x_wconf 76' lang='lat' dir='ltr'><strong>genitura</strong></span> <span class='ocrx_word' id='word_1_570' title='bbox 1186 1140 1248 1160; x_wconf 69' lang='lat' dir='ltr'><strong>esse</strong></span> <span class='ocrx_word' id='word_1_571' title='bbox 1261 1141 1293 1160; x_wconf 78' lang='lat' dir='ltr'><strong>ex</strong></span> <span class='ocrx_word' id='word_1_572' title='bbox 1312 1134 1377 1165; x_wconf 75' lang='lat' dir='ltr'><strong>Deo,</strong></span> <span class='ocrx_word' id='word_1_573' title='bbox 1390 1142 1495 1168; x_wconf 67' lang='lat' dir='ltr'><strong>quaeres</strong></span> <span class='ocrx_word' id='word_1_574' title='bbox 1510 1143 1573 1162; x_wconf 89' lang='lat' dir='ltr'><strong>num</strong></span> 
     </span>
    </p>
   </div>
   <div class='ocr_carea' id='block_1_70' title="bbox 786 1177 1573 1214">
    <p class='ocr_par' dir='ltr' id='par_1_70' title="bbox 786 1177 1573 1214">
     <span class='ocr_line' id='line_1_70' title="bbox 786 1177 1573 1214; baseline 0.006 -10"><span class='ocrx_word' id='word_1_575' title='bbox 786 1177 855 1204; x_wconf 80' lang='lat' dir='ltr'><strong>forte</strong></span> <span class='ocrx_word' id='word_1_576' title='bbox 867 1178 966 1211; x_wconf 85' lang='lat' dir='ltr'><strong>aliquis</strong></span> <span class='ocrx_word' id='word_1_577' title='bbox 978 1178 1014 1204; x_wconf 91' lang='lat' dir='ltr'><strong>sit</strong></span> <span class='ocrx_word' id='word_1_578' title='bbox 1026 1178 1071 1212; x_wconf 92' lang='lat' dir='ltr'><strong>qui</strong></span> <span class='ocrx_word' id='word_1_579' title='bbox 1085 1178 1166 1204; x_wconf 89' lang='lat' dir='ltr'><strong>etiam</strong></span> <span class='ocrx_word' id='word_1_580' title='bbox 1184 1186 1215 1205; x_wconf 83' lang='lat' dir='ltr'><strong>ex</strong></span> <span class='ocrx_word' id='word_1_581' title='bbox 1230 1180 1337 1207; x_wconf 87' lang='lat' dir='ltr'><strong>diabolo</strong></span> <span class='ocrx_word' id='word_1_582' title='bbox 1354 1181 1390 1208; x_wconf 87' lang='lat' dir='ltr'><strong>sit</strong></span> <span class='ocrx_word' id='word_1_583' title='bbox 1407 1187 1496 1214; x_wconf 87' lang='lat' dir='ltr'><strong>natus,</strong></span> <span class='ocrx_word' id='word_1_584' title='bbox 1512 1190 1573 1209; x_wconf 87' lang='lat' dir='ltr'><strong>cum</strong></span> 
     </span>
    </p>
   </div>
   <div class='ocr_carea' id='block_1_71' title="bbox 784 1223 1574 1257">
    <p class='ocr_par' dir='ltr' id='par_1_71' title="bbox 784 1223 1574 1257">
     <span class='ocr_line' id='line_1_71' title="bbox 784 1223 1574 1257; baseline 0.008 -8"><span class='ocrx_word' id='word_1_585' title='bbox 784 1223 896 1250; x_wconf 92' lang='lat' dir='ltr'><strong>omnino</strong></span> <span class='ocrx_word' id='word_1_586' title='bbox 908 1224 953 1257; x_wconf 91' lang='lat' dir='ltr'><strong>qui</strong></span> <span class='ocrx_word' id='word_1_587' title='bbox 966 1223 1044 1250; x_wconf 80' lang='lat' dir='ltr'><strong>silcx</strong></span> <span class='ocrx_word' id='word_1_588' title='bbox 1059 1224 1179 1256; x_wconf 87' lang='lat' dir='ltr'><strong>diabolo,</strong></span> <span class='ocrx_word' id='word_1_589' title='bbox 1194 1233 1247 1252; x_wconf 94' lang='lat' dir='ltr'><strong>non</strong></span> <span class='ocrx_word' id='word_1_590' title='bbox 1259 1227 1390 1253; x_wconf 88' lang='lat' dir='ltr'><strong>continuo</strong></span> <span class='ocrx_word' id='word_1_591' title='bbox 1403 1228 1484 1254; x_wconf 87' lang='lat' dir='ltr'><strong>etiam</strong></span> <span class='ocrx_word' id='word_1_592' title='bbox 1496 1233 1574 1256; x_wconf 90' lang='lat' dir='ltr'><strong>natus</strong></span> 
     </span>
    </p>
   </div>
   <div class='ocr_carea' id='block_1_72' title="bbox 785 1269 1572 1307">
    <p class='ocr_par' dir='ltr' id='par_1_72' title="bbox 785 1269 1572 1307">
     <span class='ocr_line' id='line_1_72' title="bbox 785 1269 1572 1307; baseline 0.006 -11"><span class='ocrx_word' id='word_1_593' title='bbox 785 1269 821 1296; x_wconf 85' lang='lat' dir='ltr'><strong>sit</strong></span> <span class='ocrx_word' id='word_1_594' title='bbox 839 1276 872 1296; x_wconf 81' lang='lat' dir='ltr'><strong>ex</strong></span> <span class='ocrx_word' id='word_1_595' title='bbox 896 1269 1004 1297; x_wconf 88' lang='lat' dir='ltr'><strong>diabolo</strong></span> <span class='ocrx_word' id='word_1_596' title='bbox 1021 1278 1029 1297; x_wconf 93' lang='lat'><strong>:</strong></span> <span class='ocrx_word' id='word_1_597' title='bbox 1045 1274 1073 1297; x_wconf 95' lang='lat' dir='ltr'><strong>et</strong></span> <span class='ocrx_word' id='word_1_598' title='bbox 1089 1278 1196 1298; x_wconf 86' lang='lat' dir='ltr'><strong>rursum</strong></span> <span class='ocrx_word' id='word_1_599' title='bbox 1213 1279 1277 1298; x_wconf 90' lang='lat' dir='ltr'><strong>num</strong></span> <span class='ocrx_word' id='word_1_600' title='bbox 1294 1272 1329 1299; x_wconf 88' lang='lat' dir='ltr'><strong>sit</strong></span> <span class='ocrx_word' id='word_1_601' title='bbox 1340 1272 1440 1307; x_wconf 82' lang='lat' dir='ltr'><strong>aliquis</strong></span> <span class='ocrx_word' id='word_1_602' title='bbox 1455 1281 1488 1300; x_wconf 82' lang='lat' dir='ltr'><strong>ex</strong></span> <span class='ocrx_word' id='word_1_603' title='bbox 1506 1273 1572 1307; x_wconf 88' lang='lat' dir='ltr'><strong>Deo,</strong></span> 
     </span>
    </p>
   </div>
   <div class='ocr_carea' id='block_1_73' title="bbox 784 1315 1574 1352">
    <p class='ocr_par' dir='ltr' id='par_1_73' title="bbox 784 1315 1574 1352">
     <span class='ocr_line' id='line_1_73' title="bbox 784 1315 1574 1352; baseline 0.008 -11"><span class='ocrx_word' id='word_1_604' title='bbox 784 1315 829 1350; x_wconf 91' lang='lat' dir='ltr'><strong>qui</strong></span> <span class='ocrx_word' id='word_1_605' title='bbox 846 1322 898 1342; x_wconf 92' lang='lat' dir='ltr'><strong>non</strong></span> <span class='ocrx_word' id='word_1_606' title='bbox 912 1315 995 1342; x_wconf 83' lang='lat' dir='ltr'><strong>etiam</strong></span> <span class='ocrx_word' id='word_1_607' title='bbox 1013 1316 1126 1343; x_wconf 89' lang='lat' dir='ltr'><strong>omnino</strong></span> <span class='ocrx_word' id='word_1_608' title='bbox 1138 1324 1170 1343; x_wconf 75' lang='lat' dir='ltr'><strong>ex</strong></span> <span class='ocrx_word' id='word_1_609' title='bbox 1186 1316 1242 1344; x_wconf 81' lang='lat' dir='ltr'><strong>Deo</strong></span> <span class='ocrx_word' id='word_1_610' title='bbox 1253 1318 1381 1345; x_wconf 84' lang='lat' dir='ltr'><strong>sitnatus</strong></span> <span class='ocrx_word' id='word_1_611' title='bbox 1396 1327 1403 1352; x_wconf 86' lang='lat'>;</span> <span class='ocrx_word' id='word_1_612' title='bbox 1426 1327 1488 1346; x_wconf 88' lang='lat' dir='ltr'><strong>cum</strong></span> <span class='ocrx_word' id='word_1_613' title='bbox 1503 1320 1574 1348; x_wconf 82' lang='lat' dir='ltr'><strong>sisit</strong></span> 
     </span>
    </p>
   </div>
   <div class='ocr_carea' id='block_1_74' title="bbox 784 1362 1572 1396">
    <p class='ocr_par' dir='ltr' id='par_1_74' title="bbox 784 1362 1572 1396">
     <span class='ocr_line' id='line_1_74' title="bbox 784 1362 1572 1396; baseline 0.008 -8"><span class='ocrx_word' id='word_1_614' title='bbox 784 1362 883 1396; x_wconf 84' lang='lat' dir='ltr'><strong>aliquis</strong></span> <span class='ocrx_word' id='word_1_615' title='bbox 896 1369 930 1389; x_wconf 80' lang='lat' dir='ltr'><strong>ex</strong></span> <span class='ocrx_word' id='word_1_616' title='bbox 945 1362 1009 1396; x_wconf 83' lang='lat' dir='ltr'><strong>Deo,</strong></span> <span class='ocrx_word' id='word_1_617' title='bbox 1026 1370 1079 1390; x_wconf 92' lang='lat' dir='ltr'><strong>nou</strong></span> <span class='ocrx_word' id='word_1_618' title='bbox 1094 1364 1205 1393; x_wconf 83' lang='lat' dir='ltr'><strong>omnino</strong></span> <span class='ocrx_word' id='word_1_619' title='bbox 1219 1365 1255 1391; x_wconf 85' lang='lat' dir='ltr'><strong>sit</strong></span> <span class='ocrx_word' id='word_1_620' title='bbox 1271 1365 1353 1392; x_wconf 87' lang='lat' dir='ltr'><strong>ctiam</strong></span> <span class='ocrx_word' id='word_1_621' title='bbox 1367 1372 1448 1394; x_wconf 88' lang='lat' dir='ltr'><strong>natus</strong></span> <span class='ocrx_word' id='word_1_622' title='bbox 1464 1375 1497 1394; x_wconf 78' lang='lat' dir='ltr'><strong>ex</strong></span> <span class='ocrx_word' id='word_1_623' title='bbox 1507 1368 1572 1394; x_wconf 81' lang='lat' dir='ltr'><strong>Deo.</strong></span> 
     </span>
    </p>
   </div>
   <div class='ocr_carea' id='block_1_75' title="bbox 783 1405 1573 1446">
    <p class='ocr_par' dir='ltr' id='par_1_75' title="bbox 783 1405 1573 1446">
     <span class='ocr_line' id='line_1_75' title="bbox 783 1405 1573 1446; baseline 0.011 -14"><span class='ocrx_word' id='word_1_624' title='bbox 783 1405 906 1434; x_wconf 78' lang='lat' dir='ltr'><strong>Proinde</strong></span> <span class='ocrx_word' id='word_1_625' title='bbox 936 1407 1070 1434; x_wconf 80' lang='lat' dir='ltr'><strong>formatur</strong></span> <span class='ocrx_word' id='word_1_626' title='bbox 1091 1409 1299 1444; x_wconf 82' lang='lat' dir='ltr'><strong>delineaturque</strong></span> <span class='ocrx_word' id='word_1_627' title='bbox 1317 1412 1362 1446; x_wconf 91' lang='lat' dir='ltr'><strong>qui</strong></span> <span class='ocrx_word' id='word_1_628' title='bbox 1384 1417 1464 1439; x_wconf 84' lang='lat' dir='ltr'><strong>natus</strong></span> <span class='ocrx_word' id='word_1_629' title='bbox 1479 1418 1520 1440; x_wconf 83' lang='lat' dir='ltr'><strong>est</strong></span> <span class='ocrx_word' id='word_1_630' title='bbox 1539 1421 1573 1441; x_wconf 76' lang='lat' dir='ltr'><strong>ex</strong></span> 
     </span>
    </p>
   </div>
   <div class='ocr_carea' id='block_1_76' title="bbox 786 1452 1571 1492">
    <p class='ocr_par' dir='ltr' id='par_1_76' title="bbox 786 1452 1571 1492">
     <span class='ocr_line' id='line_1_76' title="bbox 786 1452 1571 1492; baseline 0.009 -13"><span class='ocrx_word' id='word_1_631' title='bbox 786 1452 851 1484; x_wconf 89' lang='lat' dir='ltr'><strong>Deo,</strong></span> <span class='ocrx_word' id='word_1_632' title='bbox 870 1452 894 1479; x_wconf 77' lang='lat' dir='ltr'><strong>si</strong></span> <span class='ocrx_word' id='word_1_633' title='bbox 906 1458 1047 1487; x_wconf 88' lang='lat' dir='ltr'><strong>peccatum</strong></span> <span class='ocrx_word' id='word_1_634' title='bbox 1066 1463 1120 1482; x_wconf 91' lang='lat' dir='ltr'><strong>non</strong></span> <span class='ocrx_word' id='word_1_635' title='bbox 1141 1456 1304 1489; x_wconf 68' lang='lat' dir='ltr'><strong>committat,</strong></span> <span class='ocrx_word' id='word_1_636' title='bbox 1327 1465 1359 1484; x_wconf 86' lang='lat' dir='ltr'><strong>eo</strong></span> <span class='ocrx_word' id='word_1_637' title='bbox 1386 1459 1458 1492; x_wconf 91' lang='lat' dir='ltr'><strong>quod</strong></span> <span class='ocrx_word' id='word_1_638' title='bbox 1478 1466 1571 1486; x_wconf 76' lang='lat' dir='ltr'><strong>semen</strong></span> 
     </span>
    </p>
   </div>
   <div class='ocr_carea' id='block_1_77' title="bbox 785 1497 1571 1536">
    <p class='ocr_par' dir='ltr' id='par_1_77' title="bbox 785 1497 1571 1536">
     <span class='ocr_line' id='line_1_77' title="bbox 785 1497 1571 1536; baseline 0.009 -11"><span class='ocrx_word' id='word_1_639' title='bbox 785 1497 832 1525; x_wconf 84' lang='lat' dir='ltr'><strong>Dei</strong></span> <span class='ocrx_word' id='word_1_640' title='bbox 847 1499 873 1526; x_wconf 92' lang='lat' dir='ltr'><strong>in</strong></span> <span class='ocrx_word' id='word_1_641' title='bbox 884 1499 941 1534; x_wconf 89' lang='lat' dir='ltr'><strong>ipso</strong></span> <span class='ocrx_word' id='word_1_642' title='bbox 953 1505 1070 1533; x_wconf 84' lang='lat' dir='ltr'><strong>maneat,</strong></span> <span class='ocrx_word' id='word_1_643' title='bbox 1081 1505 1131 1528; x_wconf 85' lang='lat' dir='ltr'><strong>eta</strong></span> <span class='ocrx_word' id='word_1_644' title='bbox 1145 1502 1264 1536; x_wconf 85' lang='lat' dir='ltr'><strong>potentia</strong></span> <span class='ocrx_word' id='word_1_645' title='bbox 1277 1502 1323 1530; x_wconf 88' lang='lat' dir='ltr'><strong>Dei</strong></span> <span class='ocrx_word' id='word_1_646' title='bbox 1337 1504 1362 1530; x_wconf 93' lang='lat' dir='ltr'><strong>iu</strong></span> <span class='ocrx_word' id='word_1_647' title='bbox 1376 1511 1406 1531; x_wconf 86' lang='lat' dir='ltr'><strong>se</strong></span> <span class='ocrx_word' id='word_1_648' title='bbox 1419 1503 1571 1532; x_wconf 83' lang='lat' dir='ltr'><strong>exsisteutc</strong></span> 
     </span>
    </p>
   </div>
   <div class='ocr_carea' id='block_1_78' title="bbox 784 1545 1571 1584">
    <p class='ocr_par' dir='ltr' id='par_1_78' title="bbox 784 1545 1571 1584">
     <span class='ocr_line' id='line_1_78' title="bbox 784 1545 1571 1584; baseline 0.006 -11"><span class='ocrx_word' id='word_1_649' title='bbox 784 1546 906 1580; x_wconf 78' lang='lat' dir='ltr'><strong>ingenita</strong></span> <span class='ocrx_word' id='word_1_650' title='bbox 924 1547 977 1572; x_wconf 86' lang='lat' dir='ltr'><strong>vim</strong></span> <span class='ocrx_word' id='word_1_651' title='bbox 991 1545 1089 1573; x_wconf 80' lang='lat' dir='ltr'><strong>habeat</strong></span> <span class='ocrx_word' id='word_1_652' title='bbox 1103 1547 1128 1573; x_wconf 92' lang='lat' dir='ltr'><strong>in</strong></span> <span class='ocrx_word' id='word_1_653' title='bbox 1145 1552 1281 1581; x_wconf 87' lang='lat' dir='ltr'><strong>posterum</strong></span> <span class='ocrx_word' id='word_1_654' title='bbox 1295 1557 1347 1576; x_wconf 86' lang='lat' dir='ltr'><strong>non</strong></span> <span class='ocrx_word' id='word_1_655' title='bbox 1367 1551 1508 1584; x_wconf 80' lang='lat' dir='ltr'><strong>peccandi.</strong></span> <span class='ocrx_word' id='word_1_656' title='bbox 1525 1551 1571 1578; x_wconf 89' lang='lat' dir='ltr'><strong>Di-</strong></span> 
     </span>
    </p>
   </div>
   <div class='ocr_carea' id='block_1_79' title="bbox 784 1592 1573 1633">
    <p class='ocr_par' dir='ltr' id='par_1_79' title="bbox 784 1592 1573 1633">
     <span class='ocr_line' id='line_1_79' title="bbox 784 1592 1573 1633; baseline 0.006 -15"><span class='ocrx_word' id='word_1_657' title='bbox 784 1592 858 1619; x_wconf 90' lang='lat' dir='ltr'><strong>citur</strong></span> <span class='ocrx_word' id='word_1_658' title='bbox 866 1592 949 1619; x_wconf 86' lang='lat' dir='ltr'><strong>etiam</strong></span> <span class='ocrx_word' id='word_1_659' title='bbox 969 1593 996 1619; x_wconf 92' lang='lat' dir='ltr'><strong>in</strong></span> <span class='ocrx_word' id='word_1_660' title='bbox 1017 1597 1142 1620; x_wconf 83' lang='lat' dir='ltr'><strong>extremo</strong></span> <span class='ocrx_word' id='word_1_661' title='bbox 1157 1593 1236 1628; x_wconf 87' lang='lat' dir='ltr'><strong>hujus</strong></span> <span class='ocrx_word' id='word_1_662' title='bbox 1256 1594 1384 1629; x_wconf 64' lang='lat' dir='ltr'><strong>Epistulae</strong></span> <span class='ocrx_word' id='word_1_663' title='bbox 1397 1605 1403 1623; x_wconf 95' lang='lat'>:</span> <span class='ocrx_word' id='word_1_664' title='bbox 1418 1596 1512 1623; x_wconf 74' lang='lat' dir='ltr'><strong>Omnis</strong></span> <span class='ocrx_word' id='word_1_665' title='bbox 1526 1597 1573 1633; x_wconf 72' lang='lat' dir='ltr'><strong>qui</strong></span> 
     </span>
    </p>
   </div>
   <div class='ocr_carea' id='block_1_80' title="bbox 784 1638 1573 1677">
    <p class='ocr_par' dir='ltr' id='par_1_80' title="bbox 784 1638 1573 1677">
     <span class='ocr_line' id='line_1_80' title="bbox 784 1638 1573 1677; baseline 0.006 -12"><span class='ocrx_word' id='word_1_666' title='bbox 784 1643 862 1665; x_wconf 76' lang='lat' dir='ltr'><strong>natus</strong></span> <span class='ocrx_word' id='word_1_667' title='bbox 873 1643 911 1665; x_wconf 76' lang='lat' dir='ltr'><strong>est</strong></span> <span class='ocrx_word' id='word_1_668' title='bbox 928 1646 961 1665; x_wconf 75' lang='lat' dir='ltr'><strong>ea;</strong></span> <span class='ocrx_word' id='word_1_669' title='bbox 977 1638 1044 1671; x_wconf 81' lang='lat' dir='ltr'><strong>Deo,</strong></span> <span class='ocrx_word' id='word_1_670' title='bbox 1064 1647 1116 1666; x_wconf 78' lang='lat' dir='ltr'><strong>non</strong></span> <span class='ocrx_word' id='word_1_671' title='bbox 1128 1645 1230 1674; x_wconf 77' lang='lat' dir='ltr'><strong>peccat;</strong></span> <span class='ocrx_word' id='word_1_672' title='bbox 1249 1641 1293 1668; x_wconf 71' lang='lat' dir='ltr'><strong>sed</strong></span> <span class='ocrx_word' id='word_1_673' title='bbox 1307 1642 1352 1676; x_wconf 79' lang='lat' dir='ltr'><strong>qui</strong></span> <span class='ocrx_word' id='word_1_674' title='bbox 1365 1643 1466 1677; x_wconf 72' lang='lat' dir='ltr'><strong>genitu:</strong></span> <span class='ocrx_word' id='word_1_675' title='bbox 1482 1649 1519 1670; x_wconf 71' lang='lat' dir='ltr'><strong>est</strong></span> <span class='ocrx_word' id='word_1_676' title='bbox 1540 1651 1573 1671; x_wconf 79' lang='grc' dir='ltr'><strong>οῑ·</strong></span> 
     </span>
    </p>
   </div>
   <div class='ocr_carea' id='block_1_81' title="bbox 783 1685 1570 1723">
    <p class='ocr_par' dir='ltr' id='par_1_81' title="bbox 783 1685 1570 1723">
     <span class='ocr_line' id='line_1_81' title="bbox 783 1685 1570 1723; baseline 0.006 -11"><span class='ocrx_word' id='word_1_677' title='bbox 783 1685 850 1716; x_wconf 88' lang='lat' dir='ltr'><strong>Dea,</strong></span> <span class='ocrx_word' id='word_1_678' title='bbox 871 1689 956 1712; x_wconf 76' lang='lat' dir='ltr'><strong>servat</strong></span> <span class='ocrx_word' id='word_1_679' title='bbox 971 1686 1102 1719; x_wconf 71' lang='lat' dir='ltr'><strong>seipsum.</strong></span> <span class='ocrx_word' id='word_1_680' title='bbox 1117 1691 1141 1712; x_wconf 82' lang='grc' dir='ltr'>ει</span> <span class='ocrx_word' id='word_1_681' title='bbox 1164 1687 1250 1713; x_wconf 73' lang='lat' dir='ltr'><strong>nmlus</strong></span> <span class='ocrx_word' id='word_1_682' title='bbox 1274 1695 1324 1714; x_wconf 87' lang='lat' dir='ltr'><strong>mm</strong></span> <span class='ocrx_word' id='word_1_683' title='bbox 1347 1690 1432 1723; x_wconf 80' lang='lat' dir='ltr'><strong>tangit</strong></span> <span class='ocrx_word' id='word_1_684' title='bbox 1453 1698 1511 1716; x_wconf 80' lang='lat' dir='ltr'><strong>eum</strong></span> <span class='ocrx_word' id='word_1_685' title='bbox 1537 1690 1570 1717; x_wconf 82' lang='grc'><strong>⁷⁸.</strong></span> 
     </span>
    </p>
   </div>
   <div class='ocr_carea' id='block_1_82' title="bbox 784 1730 1570 1769">
    <p class='ocr_par' dir='ltr' id='par_1_82' title="bbox 784 1730 1570 1769">
     <span class='ocr_line' id='line_1_82' title="bbox 784 1730 1570 1769; baseline 0.005 -11"><span class='ocrx_word' id='word_1_686' title='bbox 784 1730 853 1766; x_wconf 77' lang='grc'>[(98)</span> <span class='ocrx_word' id='word_1_687' title='bbox 874 1730 951 1763; x_wconf 87' lang='lat' dir='ltr'><strong>Quod</strong></span> <span class='ocrx_word' id='word_1_688' title='bbox 973 1731 995 1757; x_wconf 88' lang='lat' dir='ltr'><strong>si</strong></span> <span class='ocrx_word' id='word_1_689' title='bbox 1019 1731 1042 1758; x_wconf 82' lang='lat' dir='ltr'><strong>is</strong></span> <span class='ocrx_word' id='word_1_690' title='bbox 1072 1732 1117 1764; x_wconf 92' lang='lat' dir='ltr'><strong>qui</strong></span> <span class='ocrx_word' id='word_1_691' title='bbox 1143 1739 1176 1758; x_wconf 84' lang='lat' dir='ltr'><strong>ex</strong></span> <span class='ocrx_word' id='word_1_692' title='bbox 1197 1733 1252 1759; x_wconf 86' lang='lat' dir='ltr'><strong>Deo</strong></span> <span class='ocrx_word' id='word_1_693' title='bbox 1270 1738 1349 1760; x_wconf 86' lang='lat' dir='ltr'><strong>natus</strong></span> <span class='ocrx_word' id='word_1_694' title='bbox 1372 1739 1430 1767; x_wconf 85' lang='lat' dir='ltr'><strong>est,</strong></span> <span class='ocrx_word' id='word_1_695' title='bbox 1452 1735 1570 1769; x_wconf 86' lang='lat' dir='ltr'><strong>seipsum</strong></span> 
     </span>
    </p>
   </div>
   <div class='ocr_carea' id='block_1_83' title="bbox 785 1777 1570 1815">
    <p class='ocr_par' dir='ltr' id='par_1_83' title="bbox 785 1777 1570 1815">
     <span class='ocr_line' id='line_1_83' title="bbox 785 1777 1570 1815; baseline 0.006 -12"><span class='ocrx_word' id='word_1_696' title='bbox 785 1781 877 1804; x_wconf 85' lang='lat' dir='ltr'><strong>tuetur</strong></span> <span class='ocrx_word' id='word_1_697' title='bbox 901 1781 928 1804; x_wconf 88' lang='lat' dir='ltr'><strong>et</strong></span> <span class='ocrx_word' id='word_1_698' title='bbox 947 1782 1052 1809; x_wconf 65' lang='lat' dir='ltr'><strong>servat,</strong></span> <span class='ocrx_word' id='word_1_699' title='bbox 1073 1785 1123 1804; x_wconf 87' lang='lat' dir='ltr'><strong>nec</strong></span> <span class='ocrx_word' id='word_1_700' title='bbox 1150 1777 1306 1812; x_wconf 81' lang='lat' dir='ltr'><strong>improbus,</strong></span> <span class='ocrx_word' id='word_1_701' title='bbox 1327 1779 1352 1805; x_wconf 90' lang='lat' dir='ltr'><strong>id</strong></span> <span class='ocrx_word' id='word_1_702' title='bbox 1375 1785 1417 1806; x_wconf 81' lang='lat' dir='ltr'><strong>est</strong></span> <span class='ocrx_word' id='word_1_703' title='bbox 1436 1779 1570 1815; x_wconf 82' lang='lat' dir='ltr'><strong>diabolus,</strong></span> 
     </span>
    </p>
   </div>
   <div class='ocr_carea' id='block_1_84' title="bbox 781 1821 1572 1857">
    <p class='ocr_par' dir='ltr' id='par_1_84' title="bbox 781 1821 1572 1857">
     <span class='ocr_line' id='line_1_84' title="bbox 781 1821 1572 1857; baseline 0.004 -8"><span class='ocrx_word' id='word_1_704' title='bbox 781 1821 1022 1857; x_wconf 78' lang='lat' dir='ltr'><strong>ipsumattiugit,]</strong></span> <span class='ocrx_word' id='word_1_705' title='bbox 1044 1823 1089 1856; x_wconf 90' lang='lat' dir='ltr'><strong>qui</strong></span> <span class='ocrx_word' id='word_1_706' title='bbox 1104 1822 1227 1857; x_wconf 84' lang='lat' dir='ltr'><strong>scipsum</strong></span> <span class='ocrx_word' id='word_1_707' title='bbox 1241 1831 1295 1850; x_wconf 89' lang='lat' dir='ltr'><strong>non</strong></span> <span class='ocrx_word' id='word_1_708' title='bbox 1315 1830 1422 1857; x_wconf 88' lang='lat' dir='ltr'><strong>servat,</strong></span> <span class='ocrx_word' id='word_1_709' title='bbox 1446 1833 1480 1852; x_wconf 86' lang='lat' dir='ltr'><strong>ne</strong></span> <span class='ocrx_word' id='word_1_710' title='bbox 1501 1826 1572 1853; x_wconf 84' lang='lat' dir='ltr'><strong>malo</strong></span> 
     </span>
    </p>
   </div>
   <div class='ocr_carea' id='block_1_85' title="bbox 784 1867 1572 1902">
    <p class='ocr_par' dir='ltr' id='par_1_85' title="bbox 784 1867 1572 1902">
     <span class='ocr_line' id='line_1_85' title="bbox 784 1867 1572 1902; baseline 0.006 -9"><span class='ocrx_word' id='word_1_711' title='bbox 784 1867 830 1894; x_wconf 93' lang='lat' dir='ltr'><strong>illo</strong></span> <span class='ocrx_word' id='word_1_712' title='bbox 849 1872 987 1902; x_wconf 79' lang='lat' dir='ltr'><strong>tangatur,</strong></span> <span class='ocrx_word' id='word_1_713' title='bbox 1006 1876 1058 1894; x_wconf 92' lang='lat' dir='ltr'><strong>non</strong></span> <span class='ocrx_word' id='word_1_714' title='bbox 1083 1868 1192 1902; x_wconf 76' lang='lat' dir='ltr'><strong>genitus</strong></span> <span class='ocrx_word' id='word_1_715' title='bbox 1212 1874 1254 1895; x_wconf 86' lang='lat' dir='ltr'><strong>est</strong></span> <span class='ocrx_word' id='word_1_716' title='bbox 1275 1877 1309 1896; x_wconf 81' lang='lat' dir='ltr'><strong>ex</strong></span> <span class='ocrx_word' id='word_1_717' title='bbox 1333 1870 1404 1902; x_wconf 79' lang='lat' dir='ltr'><strong>Deo;</strong></span> <span class='ocrx_word' id='word_1_718' title='bbox 1427 1875 1453 1898; x_wconf 89' lang='lat' dir='ltr'><strong>et</strong></span> <span class='ocrx_word' id='word_1_719' title='bbox 1483 1872 1572 1898; x_wconf 90' lang='lat' dir='ltr'><strong>omnis</strong></span> 
     </span>
    </p>
   </div>
   <div class='ocr_carea' id='block_1_86' title="bbox 784 1912 1571 1949">
    <p class='ocr_par' dir='ltr' id='par_1_86' title="bbox 784 1912 1571 1949">
     <span class='ocr_line' id='line_1_86' title="bbox 784 1912 1571 1949; baseline 0.008 -12"><span class='ocrx_word' id='word_1_720' title='bbox 784 1920 863 1947; x_wconf 83' lang='lat' dir='ltr'><strong>quem</strong></span> <span class='ocrx_word' id='word_1_721' title='bbox 885 1913 969 1947; x_wconf 81' lang='lat' dir='ltr'><strong>tangit</strong></span> <span class='ocrx_word' id='word_1_722' title='bbox 992 1912 1098 1944; x_wconf 84' lang='lat' dir='ltr'><strong>malus,</strong></span> <span class='ocrx_word' id='word_1_723' title='bbox 1121 1912 1167 1939; x_wconf 83' lang='lat' dir='ltr'><strong>ille</strong></span> <span class='ocrx_word' id='word_1_724' title='bbox 1188 1921 1240 1940; x_wconf 90' lang='lat' dir='ltr'><strong>non</strong></span> <span class='ocrx_word' id='word_1_725' title='bbox 1262 1914 1369 1948; x_wconf 78' lang='lat' dir='ltr'><strong>genitus</strong></span> <span class='ocrx_word' id='word_1_726' title='bbox 1387 1921 1475 1943; x_wconf 81' lang='lat' dir='ltr'><strong>estex</strong></span> <span class='ocrx_word' id='word_1_727' title='bbox 1498 1915 1571 1949; x_wconf 78' lang='lat' dir='ltr'><strong>Deo;</strong></span> 
     </span>
    </p>
   </div>
   <div class='ocr_carea' id='block_1_87' title="bbox 785 1958 1570 1995">
    <p class='ocr_par' dir='ltr' id='par_1_87' title="bbox 785 1958 1570 1995">
     <span class='ocr_line' id='line_1_87' title="bbox 785 1958 1570 1995; baseline 0.004 -10"><span class='ocrx_word' id='word_1_728' title='bbox 785 1959 872 1993; x_wconf 78' lang='lat' dir='ltr'><strong>tangit</strong></span> <span class='ocrx_word' id='word_1_729' title='bbox 885 1963 974 1985; x_wconf 84' lang='lat' dir='ltr'><strong>autent</strong></span> <span class='ocrx_word' id='word_1_730' title='bbox 991 1958 1080 1986; x_wconf 90' lang='lat' dir='ltr'><strong>malus</strong></span> <span class='ocrx_word' id='word_1_731' title='bbox 1091 1959 1136 1986; x_wconf 82' lang='lat' dir='ltr'><strong>ille</strong></span> <span class='ocrx_word' id='word_1_732' title='bbox 1150 1967 1197 1987; x_wconf 83' lang='lat' dir='ltr'><strong>eos</strong></span> <span class='ocrx_word' id='word_1_733' title='bbox 1207 1960 1252 1994; x_wconf 90' lang='lat' dir='ltr'><strong>qui</strong></span> <span class='ocrx_word' id='word_1_734' title='bbox 1269 1961 1373 1995; x_wconf 83' lang='lat' dir='ltr'><strong>seipsos</strong></span> <span class='ocrx_word' id='word_1_735' title='bbox 1385 1970 1438 1988; x_wconf 88' lang='lat' dir='ltr'><strong>nott</strong></span> <span class='ocrx_word' id='word_1_736' title='bbox 1450 1966 1570 1989; x_wconf 74' lang='lat' dir='ltr'><strong>servant.</strong></span> 
     </span>
    </p>
   </div>
   <div class='ocr_carea' id='block_1_88' title="bbox 783 2004 1572 2040">
    <p class='ocr_par' dir='ltr' id='par_1_88' title="bbox 783 2004 1572 2040">
     <span class='ocr_line' id='line_1_88' title="bbox 783 2004 1572 2040; baseline 0.005 -9"><span class='ocrx_word' id='word_1_737' title='bbox 783 2004 917 2038; x_wconf 83' lang='lat' dir='ltr'><strong>Quoniam</strong></span> <span class='ocrx_word' id='word_1_738' title='bbox 930 2013 994 2031; x_wconf 83' lang='lat' dir='ltr'><strong>vero</strong></span> <span class='ocrx_word' id='word_1_739' title='bbox 1012 2005 1046 2032; x_wconf 82' lang='lat' dir='ltr'><strong>iis</strong></span> <span class='ocrx_word' id='word_1_740' title='bbox 1058 2013 1117 2040; x_wconf 75' lang='lat' dir='ltr'><strong>qua:</strong></span> <span class='ocrx_word' id='word_1_741' title='bbox 1128 2005 1161 2033; x_wconf 84' lang='lat' dir='ltr'><strong>de</strong></span> <span class='ocrx_word' id='word_1_742' title='bbox 1173 2006 1309 2033; x_wconf 87' lang='lat' dir='ltr'><strong>Abraham</strong></span> <span class='ocrx_word' id='word_1_743' title='bbox 1324 2007 1396 2034; x_wconf 85' lang='lat' dir='ltr'><strong>dicta</strong></span> <span class='ocrx_word' id='word_1_744' title='bbox 1410 2012 1483 2039; x_wconf 83' lang='lat' dir='ltr'><strong>sunt,</strong></span> <span class='ocrx_word' id='word_1_745' title='bbox 1497 2008 1572 2035; x_wconf 93' lang='lat' dir='ltr'><strong>nullo</strong></span> 
     </span>
    </p>
   </div>
   <div class='ocr_carea' id='block_1_89' title="bbox 783 2050 1571 2087">
    <p class='ocr_par' dir='ltr' id='par_1_89' title="bbox 783 2050 1571 2087">
     <span class='ocr_line' id='line_1_89' title="bbox 783 2050 1571 2087; baseline 0.001 -9"><span class='ocrx_word' id='word_1_746' title='bbox 783 2051 856 2078; x_wconf 78' lang='lat' dir='ltr'><strong>facto</strong></span> <span class='ocrx_word' id='word_1_747' title='bbox 877 2050 1037 2083; x_wconf 78' lang='lat' dir='ltr'><strong>intervallo,</strong></span> <span class='ocrx_word' id='word_1_748' title='bbox 1061 2051 1113 2078; x_wconf 86' lang='lat' dir='ltr'><strong>hoc</strong></span> <span class='ocrx_word' id='word_1_749' title='bbox 1141 2051 1277 2078; x_wconf 78' lang='lat' dir='ltr'><strong>infertur:</strong></span> <span class='ocrx_word' id='word_1_750' title='bbox 1295 2050 1346 2078; x_wconf 72' lang='lat' dir='ltr'><strong>Vos</strong></span> <span class='ocrx_word' id='word_1_751' title='bbox 1380 2053 1468 2086; x_wconf 81' lang='lat' dir='ltr'><strong>facitis</strong></span> <span class='ocrx_word' id='word_1_752' title='bbox 1493 2061 1571 2087; x_wconf 58' lang='lat' dir='ltr'><strong>opera</strong></span> 
     </span>
    </p>
   </div>
   <div class='ocr_carea' id='block_1_90' title="bbox 782 2096 1572 2132">
    <p class='ocr_par' dir='ltr' id='par_1_90' title="bbox 782 2096 1572 2132">
     <span class='ocr_line' id='line_1_90' title="bbox 782 2096 1572 2132; baseline 0.003 -10"><span class='ocrx_word' id='word_1_753' title='bbox 782 2097 866 2131; x_wconf 78' lang='lat' dir='ltr'><strong>patris</strong></span> <span class='ocrx_word' id='word_1_754' title='bbox 891 2096 970 2123; x_wconf 66' lang='lat' dir='ltr'><strong>vestri</strong></span> <span class='ocrx_word' id='word_1_755' title='bbox 989 2096 1024 2128; x_wconf 69' lang='grc'><strong>⁷³³,</strong></span> <span class='ocrx_word' id='word_1_756' title='bbox 1055 2096 1245 2130; x_wconf 73' lang='lat' dir='ltr'><strong>qumrebamus</strong></span> <span class='ocrx_word' id='word_1_757' title='bbox 1268 2105 1331 2123; x_wconf 91' lang='lat' dir='ltr'><strong>num</strong></span> <span class='ocrx_word' id='word_1_758' title='bbox 1367 2098 1435 2124; x_wconf 75' lang='lat' dir='ltr'><strong>forte</strong></span> <span class='ocrx_word' id='word_1_759' title='bbox 1461 2103 1572 2132; x_wconf 85' lang='lat' dir='ltr'><strong>propter</strong></span> 
     </span>
    </p>
   </div>
   <div class='ocr_carea' id='block_1_91' title="bbox 783 2142 1570 2178">
    <p class='ocr_par' dir='ltr' id='par_1_91' title="bbox 783 2142 1570 2178">
     <span class='ocr_line' id='line_1_91' title="bbox 783 2142 1570 2178; baseline 0.003 -10"><span class='ocrx_word' id='word_1_760' title='bbox 783 2143 901 2177; x_wconf 86' lang='lat' dir='ltr'><strong>primum</strong></span> <span class='ocrx_word' id='word_1_761' title='bbox 924 2142 1042 2169; x_wconf 72' lang='lat' dir='ltr'><strong>Abrahae</strong></span> <span class='ocrx_word' id='word_1_762' title='bbox 1069 2142 1161 2169; x_wconf 87' lang='lat' dir='ltr'><strong>datutn</strong></span> <span class='ocrx_word' id='word_1_763' title='bbox 1191 2143 1348 2170; x_wconf 83' lang='lat' dir='ltr'><strong>tnandatum</strong></span> <span class='ocrx_word' id='word_1_764' title='bbox 1367 2143 1419 2170; x_wconf 89' lang='lat' dir='ltr'><strong>hoc</strong></span> <span class='ocrx_word' id='word_1_765' title='bbox 1440 2144 1570 2178; x_wconf 87' lang='lat' dir='ltr'><strong>scriptum</strong></span> 
     </span>
    </p>
   </div>
   <div class='ocr_carea' id='block_1_92' title="bbox 9 2187 734 2228">
    <p class='ocr_par' dir='ltr' id='par_1_92' title="bbox 9 2187 730 2228">
     <span class='ocr_line' id='line_1_92' title="bbox 9 2187 730 2228; baseline 0.015 -16"><span class='ocrx_word' id='word_1_766' title='bbox 9 2187 87 2221; x_wconf 74' lang='grc' dir='ltr'>τηρῶν</span> <span class='ocrx_word' id='word_1_767' title='bbox 100 2189 209 2223; x_wconf 79' lang='grc' dir='ltr'>ἑαυτὸν,</span> <span class='ocrx_word' id='word_1_768' title='bbox 229 2190 261 2216; x_wconf 79' lang='grc' dir='ltr'><strong>ἵν’</strong></span> <span class='ocrx_word' id='word_1_769' title='bbox 275 2191 289 2217; x_wconf 81' lang='grc' dir='ltr'><strong><em>ὁ</em></strong></span> <span class='ocrx_word' id='word_1_770' title='bbox 304 2191 420 2226; x_wconf 84' lang='grc' dir='ltr'>πονηρὸς</span> <span class='ocrx_word' id='word_1_771' title='bbox 438 2191 520 2218; x_wconf 77' lang='grc' dir='ltr'>αὐτοῦ</span> <span class='ocrx_word' id='word_1_772' title='bbox 545 2192 581 2227; x_wconf 87' lang='grc' dir='ltr'>μὴ</span> <span class='ocrx_word' id='word_1_773' title='bbox 602 2192 730 2228; x_wconf 77' lang='grc' dir='ltr'>ἅπτηται,</span> 
     </span>
    </p>
   </div>
   <div class='ocr_carea' id='block_1_93' title="bbox 812 2187 1568 2228">
    <p class='ocr_par' dir='ltr' id='par_1_93' title="bbox 812 2188 1568 2222">
     <span class='ocr_line' id='line_1_93' title="bbox 812 2188 1568 2222; baseline 0.003 -8"><span class='ocrx_word' id='word_1_774' title='bbox 812 2193 829 2214; x_wconf 86' lang='grc' dir='ltr'><strong>ι.</strong></span> <span class='ocrx_word' id='word_1_775' title='bbox 841 2188 962 2215; x_wconf 82' lang='lat' dir='ltr'><strong>Primum</strong></span> <span class='ocrx_word' id='word_1_776' title='bbox 979 2195 1096 2222; x_wconf 84' lang='lat' dir='ltr'><strong>namque</strong></span> <span class='ocrx_word' id='word_1_777' title='bbox 1108 2188 1228 2215; x_wconf 89' lang='lat' dir='ltr'><strong>divinutn</strong></span> <span class='ocrx_word' id='word_1_778' title='bbox 1240 2188 1394 2216; x_wconf 84' lang='lat' dir='ltr'><strong>mandatum</strong></span> <span class='ocrx_word' id='word_1_779' title='bbox 1411 2189 1443 2215; x_wconf 87' lang='lat' dir='ltr'><strong>ad</strong></span> <span class='ocrx_word' id='word_1_780' title='bbox 1459 2197 1519 2216; x_wconf 84' lang='lat' dir='ltr'><strong>eum</strong></span> <span class='ocrx_word' id='word_1_781' title='bbox 1530 2189 1568 2217; x_wconf 80' lang='lat' dir='ltr'><strong>sic</strong></span> 
     </span>
    </p>
   </div>
   <div class='ocr_carea' id='block_1_94' title="bbox 8 2233 731 2269">
    <p class='ocr_par' dir='ltr' id='par_1_94' title="bbox 8 2233 731 2269">
     <span class='ocr_line' id='line_1_94' title="bbox 8 2233 731 2269; baseline 0.008 -10"><span class='ocrx_word' id='word_1_782' title='bbox 8 2233 140 2269; x_wconf 74' lang='grc' dir='ltr'>ἐγέννηται</span> <span class='ocrx_word' id='word_1_783' title='bbox 159 2236 193 2261; x_wconf 85' lang='grc' dir='ltr'>ὲκ</span> <span class='ocrx_word' id='word_1_784' title='bbox 216 2236 263 2262; x_wconf 80' lang='grc' dir='ltr'><strong>τοῦ</strong></span> <span class='ocrx_word' id='word_1_785' title='bbox 280 2236 347 2263; x_wconf 80' lang='grc' dir='ltr'>Θεοῦ</span> <span class='ocrx_word' id='word_1_786' title='bbox 359 2245 365 2252; x_wconf 70' lang='grc'><strong><em>⁸</em></strong></span> <span class='ocrx_word' id='word_1_787' title='bbox 386 2237 432 2263; x_wconf 71' lang='grc' dir='ltr'><strong>καὶ</strong></span> <span class='ocrx_word' id='word_1_788' title='bbox 451 2238 505 2267; x_wconf 77' lang='grc' dir='ltr'><strong>πᾶς</strong></span> <span class='ocrx_word' id='word_1_789' title='bbox 531 2235 561 2264; x_wconf 80' lang='grc' dir='ltr'>οῦ</span> <span class='ocrx_word' id='word_1_790' title='bbox 579 2238 694 2265; x_wconf 76' lang='grc' dir='ltr'>ἅπτεται</span> <span class='ocrx_word' id='word_1_791' title='bbox 717 2239 731 2265; x_wconf 86' lang='grc' dir='ltr'>ὁ</span> 
     </span>
    </p>
   </div>
   <div class='ocr_carea' id='block_1_95' title="bbox 8 2276 730 2316">
    <p class='ocr_par' dir='ltr' id='par_1_95' title="bbox 8 2276 730 2316">
     <span class='ocr_line' id='line_1_95' title="bbox 8 2276 730 2316; baseline 0.008 -13"><span class='ocrx_word' id='word_1_792' title='bbox 8 2276 71 2310; x_wconf 68' lang='grc' dir='ltr'>ῖρός,</span> <span class='ocrx_word' id='word_1_793' title='bbox 86 2277 162 2312; x_wconf 75' lang='grc' dir='ltr'>οὗτος</span> <span class='ocrx_word' id='word_1_794' title='bbox 180 2281 212 2307; x_wconf 85' lang='grc' dir='ltr'>οὺ</span> <span class='ocrx_word' id='word_1_795' title='bbox 231 2280 390 2316; x_wconf 79' lang='grc' dir='ltr'>γεγέννηται</span> <span class='ocrx_word' id='word_1_796' title='bbox 405 2282 438 2308; x_wconf 80' lang='grc' dir='ltr'><strong>ἐκ</strong></span> <span class='ocrx_word' id='word_1_797' title='bbox 451 2282 497 2308; x_wconf 76' lang='grc' dir='ltr'><strong>τοῦ</strong></span> <span class='ocrx_word' id='word_1_798' title='bbox 514 2282 596 2308; x_wconf 80' lang='grc' dir='ltr'>Θεοῦ·</span> <span class='ocrx_word' id='word_1_799' title='bbox 616 2283 730 2310; x_wconf 74' lang='grc' dir='ltr'>ἅπτεται</span> 
     </span>
    </p>
   </div>
   <div class='ocr_carea' id='block_1_96' title="bbox 17 2325 729 2364">
    <p class='ocr_par' dir='ltr' id='par_1_96' title="bbox 17 2325 729 2364">
     <span class='ocr_line' id='line_1_96' title="bbox 17 2325 729 2364; baseline 0.008 -16"><span class='ocrx_word' id='word_1_800' title='bbox 17 2325 123 2360; x_wconf 73' lang='grc' dir='ltr'>πονηρός</span> <span class='ocrx_word' id='word_1_801' title='bbox 136 2326 191 2352; x_wconf 79' lang='grc' dir='ltr'><strong>τῶν</strong></span> <span class='ocrx_word' id='word_1_802' title='bbox 214 2326 252 2362; x_wconf 84' lang='grc' dir='ltr'>μὴ</span> <span class='ocrx_word' id='word_1_803' title='bbox 267 2327 419 2362; x_wconf 82' lang='grc' dir='ltr'>τηρούντων</span> <span class='ocrx_word' id='word_1_804' title='bbox 436 2327 558 2359; x_wconf 79' lang='grc' dir='ltr'>ἑαυτούς.</span> <span class='ocrx_word' id='word_1_805' title='bbox 583 2328 658 2354; x_wconf 76' lang='grc' dir='ltr'>Ἐπεὶ</span> <span class='ocrx_word' id='word_1_806' title='bbox 674 2328 729 2364; x_wconf 87' lang='lat'><strong>(97)</strong></span> 
     </span>
    </p>
   </div>
   <div class='ocr_carea' id='block_1_97' title="bbox 8 2370 729 2410">
    <p class='ocr_par' dir='ltr' id='par_1_97' title="bbox 8 2370 729 2410">
     <span class='ocr_line' id='line_1_97' title="bbox 8 2370 729 2410; baseline 0.004 -12"><span class='ocrx_word' id='word_1_807' title='bbox 8 2370 45 2401; x_wconf 59' lang='grc' dir='ltr'><strong>ἰοῖς</strong></span> <span class='ocrx_word' id='word_1_808' title='bbox 72 2372 201 2408; x_wconf 72' lang='grc' dir='ltr'>περὶτοῦ</span> <span class='ocrx_word' id='word_1_809' title='bbox 225 2374 360 2410; x_wconf 76' lang='grc' dir='ltr'>Ἀϐραὰμ,</span> <span class='ocrx_word' id='word_1_810' title='bbox 385 2374 491 2406; x_wconf 77' lang='grc' dir='ltr'>οὐδενὸς</span> <span class='ocrx_word' id='word_1_811' title='bbox 512 2374 656 2410; x_wconf 80' lang='grc' dir='ltr'>γενομένου</span> <span class='ocrx_word' id='word_1_812' title='bbox 682 2383 729 2410; x_wconf 85' lang='grc' dir='ltr'>με-</span> 
     </span>
    </p>
   </div>
   <div class='ocr_carea' id='block_1_98' title="bbox 8 2415 728 2454">
    <p class='ocr_par' dir='ltr' id='par_1_98' title="bbox 8 2415 728 2454">
     <span class='ocr_line' id='line_1_98' title="bbox 8 2415 728 2454; baseline 0.011 -15"><span class='ocrx_word' id='word_1_813' title='bbox 8 2423 10 2436; x_wconf 86' lang='grc' dir='ltr'><strong>ι</strong></span> <span class='ocrx_word' id='word_1_814' title='bbox 33 2415 234 2452; x_wconf 78' lang='grc' dir='ltr'>διαλείμματος,</span> <span class='ocrx_word' id='word_1_815' title='bbox 251 2419 408 2454; x_wconf 58' lang='grc' dir='ltr'>ἐπιᾳέρεται</span> <span class='ocrx_word' id='word_1_816' title='bbox 431 2421 477 2446; x_wconf 76' lang='grc' dir='ltr'><strong>τό·</strong></span> <span class='ocrx_word' id='word_1_817' title='bbox 505 2420 603 2454; x_wconf 68' lang='grc' dir='ltr'><strong>ἠιεῖς</strong></span> <span class='ocrx_word' id='word_1_818' title='bbox 619 2420 728 2447; x_wconf 78' lang='grc' dir='ltr'>ποιεῖτε</span> 
     </span>
    </p>
   </div>
   <div class='ocr_carea' id='block_1_99' title="bbox 8 2456 729 2500">
    <p class='ocr_par' dir='ltr' id='par_1_99' title="bbox 8 2456 729 2500">
     <span class='ocr_line' id='line_1_99' title="bbox 8 2456 729 2500; baseline 0.007 -14"><span class='ocrx_word' id='word_1_819' title='bbox 8 2456 59 2492; x_wconf 53' lang='lat' dir='ltr'><strong>lpra</strong></span> <span class='ocrx_word' id='word_1_820' title='bbox 74 2461 124 2488; x_wconf 81' lang='grc' dir='ltr'><strong>τοῦ</strong></span> <span class='ocrx_word' id='word_1_821' title='bbox 146 2462 262 2496; x_wconf 72' lang='grc' dir='ltr'>πατρὸς</span> <span class='ocrx_word' id='word_1_822' title='bbox 279 2463 372 2497; x_wconf 80' lang='grc' dir='ltr'>ὑμῶν,</span> <span class='ocrx_word' id='word_1_823' title='bbox 390 2463 541 2499; x_wconf 74' lang='grc' dir='ltr'>ἐζητοῦμεν</span> <span class='ocrx_word' id='word_1_824' title='bbox 559 2466 662 2500; x_wconf 84' lang='grc' dir='ltr'>μήποτε</span> <span class='ocrx_word' id='word_1_825' title='bbox 685 2465 729 2492; x_wconf 80' lang='grc' dir='ltr'><strong>διὰ</strong></span> 
     </span>
    </p>
   </div>
   <div class='ocr_carea' id='block_1_100' title="bbox 13 2505 729 2546">
    <p class='ocr_par' dir='ltr' id='par_1_100' title="bbox 13 2505 729 2546">
     <span class='ocr_line' id='line_1_100' title="bbox 13 2505 729 2546; baseline 0.017 -20"><span class='ocrx_word' id='word_1_826' title='bbox 13 2505 44 2538; x_wconf 76' lang='grc' dir='ltr'><strong>τῷ</strong></span> <span class='ocrx_word' id='word_1_827' title='bbox 66 2507 190 2543; x_wconf 59' lang='grc' dir='ltr'>Ἀϐραὰμ</span> <span class='ocrx_word' id='word_1_828' title='bbox 215 2509 327 2545; x_wconf 78' lang='grc' dir='ltr'>πρώτην</span> <span class='ocrx_word' id='word_1_829' title='bbox 346 2510 491 2544; x_wconf 80' lang='grc' dir='ltr'>δεδομένην</span> <span class='ocrx_word' id='word_1_830' title='bbox 512 2510 621 2546; x_wconf 82' lang='grc' dir='ltr'>ἐντολὴν</span> <span class='ocrx_word' id='word_1_831' title='bbox 648 2511 729 2538; x_wconf 85' lang='grc' dir='ltr'>τοῦτο</span> 
     </span>
    </p>
   </div>
   <div class='ocr_carea' id='block_1_101' title="bbox 8 2549 722 2592">
    <p class='ocr_par' dir='ltr' id='par_1_101' title="bbox 8 2549 722 2592">
     <span class='ocr_line' id='line_1_101' title="bbox 8 2549 722 2592; baseline 0.007 -14"><span class='ocrx_word' id='word_1_832' title='bbox 8 2549 150 2585; x_wconf 24' lang='grc' dir='ltr'>έέγρςιπται.</span> <span class='ocrx_word' id='word_1_833' title='bbox 172 2555 204 2580; x_wconf 93' lang='lat' dir='ltr'><strong>&#39;O</strong></span> <span class='ocrx_word' id='word_1_834' title='bbox 221 2554 328 2589; x_wconf 74' lang='grc' dir='ltr'>πρῶτος</span> <span class='ocrx_word' id='word_1_835' title='bbox 345 2554 372 2581; x_wconf 71' lang='grc' dir='ltr'>δὲ</span> <span class='ocrx_word' id='word_1_836' title='bbox 389 2556 581 2590; x_wconf 78' lang='grc' dir='ltr'>χρηματισμὸς</span> <span class='ocrx_word' id='word_1_837' title='bbox 596 2556 663 2592; x_wconf 78' lang='grc' dir='ltr'>πρὸς</span> <span class='ocrx_word' id='word_1_838' title='bbox 677 2557 722 2583; x_wconf 81' lang='grc' dir='ltr'><strong>αὺ-</strong></span> 
     </span>
    </p>
   </div>
   <div class='ocr_carea' id='block_1_102' title="bbox 13 2595 727 2637">
    <p class='ocr_par' dir='ltr' id='par_1_102' title="bbox 13 2595 727 2637">
     <span class='ocr_line' id='line_1_102' title="bbox 13 2595 727 2637; baseline 0.013 -16"><span class='ocrx_word' id='word_1_839' title='bbox 13 2595 90 2630; x_wconf 78' lang='grc' dir='ltr'>οῦτως</span> <span class='ocrx_word' id='word_1_840' title='bbox 108 2599 181 2634; x_wconf 73' lang='grc' dir='ltr'><strong>ἔχει’</strong></span> <span class='ocrx_word' id='word_1_841' title='bbox 203 2601 327 2632; x_wconf 75' lang='grc' dir='ltr'><strong>Ἔξελθε</strong></span> <span class='ocrx_word' id='word_1_842' title='bbox 343 2602 375 2627; x_wconf 78' lang='grc' dir='ltr'>ἑκ</span> <span class='ocrx_word' id='word_1_843' title='bbox 391 2601 446 2635; x_wconf 80' lang='grc' dir='ltr'><strong>τῆς</strong></span> <span class='ocrx_word' id='word_1_844' title='bbox 463 2601 518 2637; x_wconf 76' lang='grc' dir='ltr'>γῆς</span> <span class='ocrx_word' id='word_1_845' title='bbox 537 2610 606 2634; x_wconf 84' lang='grc' dir='ltr'>σου,</span> <span class='ocrx_word' id='word_1_846' title='bbox 631 2603 680 2629; x_wconf 80' lang='grc' dir='ltr'><strong>καὶ</strong></span> <span class='ocrx_word' id='word_1_847' title='bbox 693 2603 727 2630; x_wconf 70' lang='grc' dir='ltr'>ἐκ</span> 
     </span>
    </p>
   </div>
   <div class='ocr_carea' id='block_1_103' title="bbox 19 2664 747 2707">
    <p class='ocr_par' dir='ltr' id='par_1_103' title="bbox 19 2664 747 2707">
     <span class='ocr_line' id='line_1_103' title="bbox 19 2664 747 2707; baseline 0.008 -13"><span class='ocrx_word' id='word_1_848' title='bbox 19 2664 109 2696; x_wconf 77' lang='lat' dir='ltr'><strong>lloan.</strong></span> <span class='ocrx_word' id='word_1_849' title='bbox 127 2677 153 2701; x_wconf 74' lang='grc' dir='ltr'><strong>ι’,</strong></span> <span class='ocrx_word' id='word_1_850' title='bbox 168 2671 213 2697; x_wconf 71' lang='grc'><strong>18.</strong></span> <span class='ocrx_word' id='word_1_851' title='bbox 253 2671 275 2686; x_wconf 72' lang='grc'>⁷⁸</span> <span class='ocrx_word' id='word_1_852' title='bbox 291 2670 368 2698; x_wconf 85' lang='lat' dir='ltr'><strong>Joau.</strong></span> <span class='ocrx_word' id='word_1_853' title='bbox 385 2680 442 2704; x_wconf 86' lang='lat' dir='ltr'><strong>vnt,</strong></span> <span class='ocrx_word' id='word_1_854' title='bbox 458 2673 503 2701; x_wconf 70' lang='lat'><strong>4|.</strong></span> <span class='ocrx_word' id='word_1_855' title='bbox 542 2673 564 2688; x_wconf 76' lang='grc'><strong>⁸⁰</strong></span> <span class='ocrx_word' id='word_1_856' title='bbox 579 2673 647 2701; x_wconf 85' lang='lat' dir='ltr'><strong>ch.</strong></span> <span class='ocrx_word' id='word_1_857' title='bbox 661 2681 708 2707; x_wconf 80' lang='lat' dir='ltr'><strong>xu,</strong></span> <span class='ocrx_word' id='word_1_858' title='bbox 722 2673 747 2700; x_wconf 78' lang='lat' dir='ltr'><strong>i.</strong></span> 
     </span>
    </p>
   </div>
   <div class='ocr_carea' id='block_1_104' title="bbox 9 2723 616 2765">
    <p class='ocr_par' dir='ltr' id='par_1_104' title="bbox 9 2723 616 2765">
     <span class='ocr_line' id='line_1_104' title="bbox 9 2723 616 2765; baseline 0.01 -14"><span class='ocrx_word' id='word_1_859' title='bbox 9 2723 31 2765; x_wconf 54' lang='grc' dir='ltr'><strong>ἑ)</strong></span> <span class='ocrx_word' id='word_1_860' title='bbox 45 2726 132 2765; x_wconf 81' lang='lat' dir='ltr'><strong>_C_odex</strong></span> <span class='ocrx_word' id='word_1_861' title='bbox 153 2727 329 2765; x_wconf 67' lang='lat' dir='ltr'><strong>Burneianus,</strong></span> <span class='ocrx_word' id='word_1_862' title='bbox 347 2730 393 2755; x_wconf 71' lang='grc' dir='ltr'>καὶ</span> <span class='ocrx_word' id='word_1_863' title='bbox 409 2730 442 2756; x_wconf 80' lang='grc' dir='ltr'><strong>τὰ</strong></span> <span class='ocrx_word' id='word_1_864' title='bbox 455 2731 546 2765; x_wconf 77' lang='grc' dir='ltr'>ὃμοια,</span> <span class='ocrx_word' id='word_1_865' title='bbox 562 2736 616 2757; x_wconf 76' lang='lat' dir='ltr'><strong>ctu.</strong></span> 
     </span>
    </p>
   </div>
   <div class='ocr_carea' id='block_1_105' title="bbox 8 2761 637 2797">
    <p class='ocr_par' dir='ltr' id='par_1_105' title="bbox 8 2761 637 2797">
     <span class='ocr_line' id='line_1_105' title="bbox 8 2761 637 2797; baseline 0.008 -11"><span class='ocrx_word' id='word_1_866' title='bbox 45 2761 110 2797; x_wconf 81' lang='lat' dir='ltr'><strong>Idem</strong></span> <span class='ocrx_word' id='word_1_867' title='bbox 123 2765 209 2790; x_wconf 76' lang='lat' dir='ltr'><strong>t&#39;mlcx</strong></span> <span class='ocrx_word' id='word_1_868' title='bbox 226 2763 388 2791; x_wconf 75' lang='lat' dir='ltr'><strong>Bodleiauus</strong></span> <span class='ocrx_word' id='word_1_869' title='bbox 403 2766 442 2790; x_wconf 78' lang='grc' dir='ltr'><strong>εἰ·</strong></span> <span class='ocrx_word' id='word_1_870' title='bbox 463 2761 573 2797; x_wconf 41' lang='lat' dir='ltr'><strong>lle-gius,</strong></span> <span class='ocrx_word' id='word_1_871' title='bbox 589 2766 637 2792; x_wconf 74' lang='grc' dir='ltr'>ὅτι.</span> 
     </span>
    </p>
   </div>
   <div class='ocr_carea' id='block_1_106' title="bbox 9 2794 721 2851">
    <p class='ocr_par' dir='ltr' id='par_1_106' title="bbox 9 2794 721 2851">
     <span class='ocr_line' id='line_1_106' title="bbox 9 2794 721 2851; baseline 0.01 -30"><span class='ocrx_word' id='word_1_872' title='bbox 9 2794 124 2827; x_wconf 67' lang='lat' dir='ltr'><strong>GHIod-rx</strong></span> <span class='ocrx_word' id='word_1_873' title='bbox 139 2799 318 2828; x_wconf 71' lang='lat' dir='ltr'><strong>Bodlvmuus,</strong></span> <span class='ocrx_word' id='word_1_874' title='bbox 337 2799 437 2851; x_wconf 47' lang='lat' dir='ltr'><strong>cirri-‘10,</strong></span> <span class='ocrx_word' id='word_1_875' title='bbox 454 2794 544 2835; x_wconf 70' lang='grc' dir='ltr'>χεῖρον</span> <span class='ocrx_word' id='word_1_876' title='bbox 564 2800 596 2826; x_wconf 73' lang='grc' dir='ltr'>ἄν</span> <span class='ocrx_word' id='word_1_877' title='bbox 615 2810 639 2828; x_wconf 75' lang='grc' dir='ltr'><strong>τι</strong></span> <span class='ocrx_word' id='word_1_878' title='bbox 665 2801 721 2828; x_wconf 77' lang='grc' dir='ltr'><strong>ἐνέ-</strong></span> 
     </span>
     <span class='ocr_line' id='line_1_107' title="bbox 9 2830 497 2851; baseline 0 0"><span class='ocrx_word' id='word_1_879' title='bbox 9 2830 139 2851; x_wconf 69' lang='grc' dir='ltr'>;ἰιρινὶηε</span> <span class='ocrx_word' id='word_1_880' title='bbox 172 2834 269 2851; x_wconf 58' lang='grc' dir='ltr'><strong>ρῖρηνι</strong></span> <span class='ocrx_word' id='word_1_881' title='bbox 284 2832 314 2851; x_wconf 60' lang='grc' dir='ltr'><strong>⁷1η</strong></span> <span class='ocrx_word' id='word_1_882' title='bbox 338 2841 352 2847; x_wconf 84' lang='lat'><strong><em>~</em></strong></span> <span class='ocrx_word' id='word_1_883' title='bbox 375 2835 497 2851; x_wconf 46' lang='lat' dir='ltr'><strong>ausum“,</strong></span> 
     </span>
    </p>
   </div>
   <div class='ocr_carea' id='block_1_107' title="bbox 9 2830 508 2869">
    <p class='ocr_par' dir='ltr' id='par_1_107' title="bbox 9 2830 508 2869">
     <span class='ocr_line' id='line_1_108' title="bbox 9 2830 508 2869; baseline 0.01 -14"><span class='ocrx_word' id='word_1_884' title='bbox 9 2837 18 2853; x_wconf 83' lang='lat'>:</span> <span class='ocrx_word' id='word_1_885' title='bbox 28 2837 33 2842; x_wconf 81' lang='grc'><strong>’</strong></span> <span class='ocrx_word' id='word_1_886' title='bbox 45 2830 149 2866; x_wconf 70' lang='lat' dir='ltr'><strong>ltcgius,</strong></span> <span class='ocrx_word' id='word_1_887' title='bbox 172 2834 269 2868; x_wconf 69' lang='grc' dir='ltr'>εἴρητο</span> <span class='ocrx_word' id='word_1_888' title='bbox 283 2832 324 2864; x_wconf 71' lang='grc' dir='ltr'>ἂν,</span> <span class='ocrx_word' id='word_1_889' title='bbox 338 2830 508 2869; x_wconf 58' lang='grc' dir='ltr'><strong>τῖὲνέφαῖνεί</strong></span> 
     </span>
    </p>
   </div>
   <div class='ocr_carea' id='block_1_108' title="bbox 783 2233 1568 2269">
    <p class='ocr_par' dir='ltr' id='par_1_108' title="bbox 783 2233 1568 2269">
     <span class='ocr_line' id='line_1_109' title="bbox 783 2233 1568 2269; baseline 0 -8"><span class='ocrx_word' id='word_1_890' title='bbox 783 2234 883 2261; x_wconf 83' lang='lat' dir='ltr'><strong>habet:</strong></span> <span class='ocrx_word' id='word_1_891' title='bbox 899 2233 1030 2268; x_wconf 82' lang='lat' dir='ltr'><strong>Egredere</strong></span> <span class='ocrx_word' id='word_1_892' title='bbox 1047 2233 1078 2260; x_wconf 82' lang='lat' dir='ltr'><strong>de</strong></span> <span class='ocrx_word' id='word_1_893' title='bbox 1093 2239 1164 2260; x_wconf 82' lang='lat' dir='ltr'><strong>terra</strong></span> <span class='ocrx_word' id='word_1_894' title='bbox 1183 2238 1239 2265; x_wconf 86' lang='lat' dir='ltr'><strong>tua,</strong></span> <span class='ocrx_word' id='word_1_895' title='bbox 1255 2238 1279 2260; x_wconf 77' lang='grc' dir='ltr'><strong>ιι</strong></span> <span class='ocrx_word' id='word_1_896' title='bbox 1296 2234 1328 2260; x_wconf 80' lang='lat' dir='ltr'><strong>de</strong></span> <span class='ocrx_word' id='word_1_897' title='bbox 1344 2235 1499 2269; x_wconf 77' lang='lat' dir='ltr'><strong>cognatione</strong></span> <span class='ocrx_word' id='word_1_898' title='bbox 1510 2240 1568 2268; x_wconf 78' lang='lat' dir='ltr'><strong>tua,</strong></span> 
     </span>
    </p>
   </div>
   <div class='ocr_carea' id='block_1_109' title="bbox 781 2278 1565 2314">
    <p class='ocr_par' dir='ltr' id='par_1_109' title="bbox 781 2278 1565 2314">
     <span class='ocr_line' id='line_1_110' title="bbox 781 2278 1565 2314; baseline 0.001 -9"><span class='ocrx_word' id='word_1_899' title='bbox 781 2285 805 2306; x_wconf 79' lang='lat' dir='ltr'><strong>et</strong></span> <span class='ocrx_word' id='word_1_900' title='bbox 820 2280 852 2306; x_wconf 85' lang='lat' dir='ltr'><strong>de</strong></span> <span class='ocrx_word' id='word_1_901' title='bbox 864 2280 941 2305; x_wconf 76' lang='lat' dir='ltr'><strong>dotno</strong></span> <span class='ocrx_word' id='word_1_902' title='bbox 952 2278 1036 2313; x_wconf 78' lang='lat' dir='ltr'><strong>patris</strong></span> <span class='ocrx_word' id='word_1_903' title='bbox 1049 2278 1099 2311; x_wconf 79' lang='lat' dir='ltr'><strong>lui,</strong></span> <span class='ocrx_word' id='word_1_904' title='bbox 1113 2284 1136 2305; x_wconf 82' lang='lat' dir='ltr'><strong>et</strong></span> <span class='ocrx_word' id='word_1_905' title='bbox 1152 2279 1217 2306; x_wconf 79' lang='lat' dir='ltr'><strong>vade</strong></span> <span class='ocrx_word' id='word_1_906' title='bbox 1227 2280 1261 2306; x_wconf 82' lang='lat' dir='ltr'><strong>ad</strong></span> <span class='ocrx_word' id='word_1_907' title='bbox 1274 2284 1371 2306; x_wconf 77' lang='lat' dir='ltr'><strong>terram</strong></span> <span class='ocrx_word' id='word_1_908' title='bbox 1387 2288 1464 2314; x_wconf 85' lang='lat' dir='ltr'><strong>quum</strong></span> <span class='ocrx_word' id='word_1_909' title='bbox 1477 2288 1565 2307; x_wconf 79' lang='lat' dir='ltr'><strong>aucu-</strong></span> 
     </span>
    </p>
   </div>
   <div class='ocr_carea' id='block_1_110' title="bbox 781 2324 1569 2360">
    <p class='ocr_par' dir='ltr' id='par_1_110' title="bbox 781 2324 1569 2360">
     <span class='ocr_line' id='line_1_111' title="bbox 781 2324 1569 2360; baseline 0.003 -10"><span class='ocrx_word' id='word_1_910' title='bbox 781 2324 843 2350; x_wconf 83' lang='lat' dir='ltr'><strong>dant</strong></span> <span class='ocrx_word' id='word_1_911' title='bbox 860 2325 904 2351; x_wconf 84' lang='lat' dir='ltr'><strong>tibi</strong></span> <span class='ocrx_word' id='word_1_912' title='bbox 917 2325 950 2351; x_wconf 64' lang='lat'><strong>9°.</strong></span> <span class='ocrx_word' id='word_1_913' title='bbox 966 2324 1135 2359; x_wconf 76' lang='lat' dir='ltr'><strong>Exivitergo</strong></span> <span class='ocrx_word' id='word_1_914' title='bbox 1156 2324 1294 2351; x_wconf 77' lang='lat' dir='ltr'><strong>Abraham</strong></span> <span class='ocrx_word' id='word_1_915' title='bbox 1322 2325 1356 2352; x_wconf 85' lang='lat' dir='ltr'><strong>de</strong></span> <span class='ocrx_word' id='word_1_916' title='bbox 1378 2325 1458 2353; x_wconf 89' lang='lat' dir='ltr'><strong>domo</strong></span> <span class='ocrx_word' id='word_1_917' title='bbox 1483 2331 1569 2360; x_wconf 74' lang='lat' dir='ltr'><strong>patris</strong></span> 
     </span>
    </p>
   </div>
   <div class='ocr_carea' id='block_1_111' title="bbox 783 2369 1568 2407">
    <p class='ocr_par' dir='ltr' id='par_1_111' title="bbox 783 2369 1568 2407">
     <span class='ocr_line' id='line_1_112' title="bbox 783 2369 1568 2407; baseline 0.004 -10"><span class='ocrx_word' id='word_1_918' title='bbox 783 2370 837 2402; x_wconf 90' lang='lat' dir='ltr'><strong>sui,</strong></span> <span class='ocrx_word' id='word_1_919' title='bbox 851 2371 987 2404; x_wconf 88' lang='lat' dir='ltr'><strong>quodnon</strong></span> <span class='ocrx_word' id='word_1_920' title='bbox 999 2369 1098 2398; x_wconf 80' lang='lat' dir='ltr'><strong>fecisse</strong></span> <span class='ocrx_word' id='word_1_921' title='bbox 1111 2371 1309 2398; x_wconf 84' lang='lat' dir='ltr'><strong>convincuntur</strong></span> <span class='ocrx_word' id='word_1_922' title='bbox 1319 2371 1347 2398; x_wconf 87' lang='lat' dir='ltr'><strong>lti</strong></span> <span class='ocrx_word' id='word_1_923' title='bbox 1362 2372 1407 2406; x_wconf 87' lang='lat' dir='ltr'><strong>qui</strong></span> <span class='ocrx_word' id='word_1_924' title='bbox 1420 2373 1568 2407; x_wconf 87' lang='lat' dir='ltr'><strong>reprehen-</strong></span> 
     </span>
    </p>
   </div>
   <div class='ocr_carea' id='block_1_112' title="bbox 783 2415 1570 2449">
    <p class='ocr_par' dir='ltr' id='par_1_112' title="bbox 783 2415 1570 2449">
     <span class='ocr_line' id='line_1_113' title="bbox 783 2415 1570 2449; baseline 0.004 -8"><span class='ocrx_word' id='word_1_925' title='bbox 783 2416 884 2442; x_wconf 87' lang='lat' dir='ltr'><strong>duntur</strong></span> <span class='ocrx_word' id='word_1_926' title='bbox 905 2422 938 2442; x_wconf 83' lang='lat' dir='ltr'><strong>co</strong></span> <span class='ocrx_word' id='word_1_927' title='bbox 958 2415 1030 2449; x_wconf 84' lang='lat' dir='ltr'><strong>quod</strong></span> <span class='ocrx_word' id='word_1_928' title='bbox 1051 2423 1103 2442; x_wconf 87' lang='lat' dir='ltr'><strong>non</strong></span> <span class='ocrx_word' id='word_1_929' title='bbox 1132 2416 1204 2443; x_wconf 79' lang='lat' dir='ltr'><strong>bene</strong></span> <span class='ocrx_word' id='word_1_930' title='bbox 1224 2416 1361 2443; x_wconf 86' lang='lat' dir='ltr'><strong>dixerint:</strong></span> <span class='ocrx_word' id='word_1_931' title='bbox 1379 2415 1459 2443; x_wconf 84' lang='lat' dir='ltr'><strong>Pater</strong></span> <span class='ocrx_word' id='word_1_932' title='bbox 1482 2422 1570 2444; x_wconf 76' lang='lat' dir='ltr'><strong>noster</strong></span> 
     </span>
    </p>
   </div>
   <div class='ocr_carea' id='block_1_113' title="bbox 781 2460 1568 2497">
    <p class='ocr_par' dir='ltr' id='par_1_113' title="bbox 781 2460 1568 2497">
     <span class='ocr_line' id='line_1_114' title="bbox 781 2460 1568 2497; baseline 0.001 -10"><span class='ocrx_word' id='word_1_933' title='bbox 781 2460 963 2487; x_wconf 80' lang='lat' dir='ltr'><strong>Abralmmeu</strong></span> <span class='ocrx_word' id='word_1_934' title='bbox 978 2460 1018 2492; x_wconf 81' lang='grc'><strong>⁸¹;</strong></span> <span class='ocrx_word' id='word_1_935' title='bbox 1038 2468 1098 2487; x_wconf 83' lang='lat' dir='ltr'><strong>nam</strong></span> <span class='ocrx_word' id='word_1_936' title='bbox 1122 2461 1144 2487; x_wconf 87' lang='lat' dir='ltr'><strong>si</strong></span> <span class='ocrx_word' id='word_1_937' title='bbox 1164 2461 1210 2487; x_wconf 80' lang='lat' dir='ltr'><strong>ﬁlii</strong></span> <span class='ocrx_word' id='word_1_938' title='bbox 1224 2461 1340 2488; x_wconf 70' lang='lat' dir='ltr'><strong>Abraha:</strong></span> <span class='ocrx_word' id='word_1_939' title='bbox 1359 2461 1463 2488; x_wconf 81' lang='lat' dir='ltr'><strong>faciunt</strong></span> <span class='ocrx_word' id='word_1_940' title='bbox 1486 2470 1568 2497; x_wconf 78' lang='lat' dir='ltr'><strong>opera</strong></span> 
     </span>
    </p>
   </div>
   <div class='ocr_carea' id='block_1_114' title="bbox 782 2507 1568 2541">
    <p class='ocr_par' dir='ltr' id='par_1_114' title="bbox 782 2507 1568 2541">
     <span class='ocr_line' id='line_1_115' title="bbox 782 2507 1568 2541; baseline 0.003 -8"><span class='ocrx_word' id='word_1_941' title='bbox 782 2507 910 2538; x_wconf 65' lang='lat' dir='ltr'><strong>Abrahae,</strong></span> <span class='ocrx_word' id='word_1_942' title='bbox 923 2513 949 2533; x_wconf 86' lang='lat' dir='ltr'><strong>ct</strong></span> <span class='ocrx_word' id='word_1_943' title='bbox 969 2507 991 2533; x_wconf 90' lang='lat' dir='ltr'><strong>si</strong></span> <span class='ocrx_word' id='word_1_944' title='bbox 1008 2507 1124 2540; x_wconf 85' lang='lat' dir='ltr'><strong>primum</strong></span> <span class='ocrx_word' id='word_1_945' title='bbox 1136 2515 1203 2541; x_wconf 83' lang='lat' dir='ltr'><strong>opus</strong></span> <span class='ocrx_word' id='word_1_946' title='bbox 1216 2513 1257 2534; x_wconf 83' lang='lat' dir='ltr'><strong>est</strong></span> <span class='ocrx_word' id='word_1_947' title='bbox 1268 2508 1343 2535; x_wconf 80' lang='lat' dir='ltr'><strong>exire</strong></span> <span class='ocrx_word' id='word_1_948' title='bbox 1362 2508 1395 2535; x_wconf 85' lang='lat' dir='ltr'><strong>de</strong></span> <span class='ocrx_word' id='word_1_949' title='bbox 1415 2514 1486 2535; x_wconf 81' lang='lat' dir='ltr'><strong>terra</strong></span> <span class='ocrx_word' id='word_1_950' title='bbox 1506 2517 1568 2538; x_wconf 89' lang='lat' dir='ltr'><strong>sua.</strong></span> 
     </span>
    </p>
   </div>
   <div class='ocr_carea' id='block_1_115' title="bbox 782 2552 1568 2587">
    <p class='ocr_par' dir='ltr' id='par_1_115' title="bbox 782 2552 1568 2587">
     <span class='ocr_line' id='line_1_116' title="bbox 782 2552 1568 2587; baseline 0.003 -8"><span class='ocrx_word' id='word_1_951' title='bbox 782 2558 809 2580; x_wconf 86' lang='lat' dir='ltr'><strong>et</strong></span> <span class='ocrx_word' id='word_1_952' title='bbox 823 2553 855 2580; x_wconf 83' lang='lat' dir='ltr'><strong>de</strong></span> <span class='ocrx_word' id='word_1_953' title='bbox 871 2552 951 2579; x_wconf 88' lang='lat' dir='ltr'><strong>domo</strong></span> <span class='ocrx_word' id='word_1_954' title='bbox 971 2552 1057 2586; x_wconf 84' lang='lat' dir='ltr'><strong>patris</strong></span> <span class='ocrx_word' id='word_1_955' title='bbox 1077 2552 1129 2584; x_wconf 85' lang='lat' dir='ltr'><strong>sui,</strong></span> <span class='ocrx_word' id='word_1_956' title='bbox 1147 2557 1174 2578; x_wconf 90' lang='lat' dir='ltr'><strong>ct</strong></span> <span class='ocrx_word' id='word_1_957' title='bbox 1192 2553 1327 2587; x_wconf 74' lang='lat' dir='ltr'><strong>proficisci</strong></span> <span class='ocrx_word' id='word_1_958' title='bbox 1346 2554 1379 2580; x_wconf 90' lang='lat' dir='ltr'><strong>ad</strong></span> <span class='ocrx_word' id='word_1_959' title='bbox 1395 2562 1454 2581; x_wconf 84' lang='lat' dir='ltr'><strong>cant</strong></span> <span class='ocrx_word' id='word_1_960' title='bbox 1469 2558 1568 2581; x_wconf 86' lang='lat' dir='ltr'><strong>terram</strong></span> 
     </span>
    </p>
   </div>
   <div class='ocr_carea' id='block_1_116' title="bbox 782 2599 1567 2635">
    <p class='ocr_par' dir='ltr' id='par_1_116' title="bbox 782 2599 1567 2635">
     <span class='ocr_line' id='line_1_117' title="bbox 782 2599 1567 2635; baseline 0.003 -9"><span class='ocrx_word' id='word_1_961' title='bbox 782 2607 862 2635; x_wconf 82' lang='lat' dir='ltr'><strong>quant</strong></span> <span class='ocrx_word' id='word_1_962' title='bbox 876 2599 913 2626; x_wconf 90' lang='lat' dir='ltr'><strong>illi</strong></span> <span class='ocrx_word' id='word_1_963' title='bbox 925 2599 1043 2626; x_wconf 78' lang='lat' dir='ltr'><strong>ostendit</strong></span> <span class='ocrx_word' id='word_1_964' title='bbox 1068 2599 1151 2633; x_wconf 70' lang='lat' dir='ltr'><strong>Deus,</strong></span> <span class='ocrx_word' id='word_1_965' title='bbox 1177 2604 1203 2626; x_wconf 89' lang='lat' dir='ltr'><strong>ct</strong></span> <span class='ocrx_word' id='word_1_966' title='bbox 1218 2600 1286 2629; x_wconf 83' lang='lat' dir='ltr'><strong>hanc</strong></span> <span class='ocrx_word' id='word_1_967' title='bbox 1307 2601 1341 2628; x_wconf 82' lang='lat' dir='ltr'><strong>ob</strong></span> <span class='ocrx_word' id='word_1_968' title='bbox 1360 2608 1470 2628; x_wconf 83' lang='lat' dir='ltr'><strong>causam</strong></span> <span class='ocrx_word' id='word_1_969' title='bbox 1487 2601 1512 2628; x_wconf 92' lang='lat' dir='ltr'><strong>hi</strong></span> <span class='ocrx_word' id='word_1_970' title='bbox 1532 2602 1567 2628; x_wconf 73' lang='lat' dir='ltr'><strong>ad</strong></span> 
     </span>
    </p>
   </div>
   <div class='ocr_carea' id='block_1_117' title="bbox 785 2670 1036 2703">
    <p class='ocr_par' dir='ltr' id='par_1_117' title="bbox 785 2670 1036 2703">
     <span class='ocr_line' id='line_1_118' title="bbox 785 2670 1036 2703; baseline -0.012 -4"><span class='ocrx_word' id='word_1_971' title='bbox 785 2673 805 2690; x_wconf 70' lang='grc' dir='ltr'>δ’</span> <span class='ocrx_word' id='word_1_972' title='bbox 822 2671 902 2699; x_wconf 84' lang='lat' dir='ltr'><strong>Joan.</strong></span> <span class='ocrx_word' id='word_1_973' title='bbox 917 2679 977 2703; x_wconf 79' lang='lat' dir='ltr'><strong>vui,</strong></span> <span class='ocrx_word' id='word_1_974' title='bbox 993 2670 1036 2697; x_wconf 73' lang='grc' dir='ltr'><strong>ὅθ.</strong></span> 
     </span>
    </p>
   </div>
   <div class='ocr_carea' id='block_1_118' title="bbox 813 2728 1566 2792">
    <p class='ocr_par' dir='ltr' id='par_1_118' title="bbox 813 2728 1566 2792">
     <span class='ocr_line' id='line_1_119' title="bbox 813 2728 1566 2792; baseline 0 -35"><span class='ocrx_word' id='word_1_975' title='bbox 813 2730 868 2766; x_wconf 82' lang='lat'><strong>(97)</strong></span> <span class='ocrx_word' id='word_1_976' title='bbox 884 2729 976 2756; x_wconf 79' lang='lat' dir='ltr'><strong>Codex</strong></span> <span class='ocrx_word' id='word_1_977' title='bbox 996 2728 1169 2760; x_wconf 76' lang='lat' dir='ltr'><strong>Bodleianus,</strong></span> <span class='ocrx_word' id='word_1_978' title='bbox 1189 2729 1265 2756; x_wconf 76' lang='grc' dir='ltr'>Ἐπεὶ</span> <span class='ocrx_word' id='word_1_979' title='bbox 1283 2730 1309 2756; x_wconf 75' lang='grc' dir='ltr'>δὲ</span> <span class='ocrx_word' id='word_1_980' title='bbox 1324 2731 1380 2762; x_wconf 78' lang='grc' dir='ltr'>τοῖς</span> <span class='ocrx_word' id='word_1_981' title='bbox 1408 2730 1486 2792; x_wconf 48' lang='grc' dir='ltr'>περ·</span> <span class='ocrx_word' id='word_1_982' title='bbox 1514 2731 1566 2758; x_wconf 74' lang='lat' dir='ltr'><strong>lio-</strong></span> 
     </span>
     <span class='ocr_line' id='line_1_120' title="bbox 818 2764 1458 2792; baseline 0.003 -2"><span class='ocrx_word' id='word_1_983' title='bbox 818 2774 839 2792; x_wconf 87' lang='lat' dir='ltr'><strong>IS</strong></span> <span class='ocrx_word' id='word_1_984' title='bbox 855 2770 882 2790; x_wconf 80' lang='lat' dir='ltr'><strong>cl</strong></span> <span class='ocrx_word' id='word_1_985' title='bbox 896 2764 1071 2792; x_wconf 79' lang='lat' dir='ltr'><strong>Barbcriuus.</strong></span> <span class='ocrx_word' id='word_1_986' title='bbox 1089 2764 1167 2792; x_wconf 80' lang='lat' dir='ltr'><strong>male.</strong></span> <span class='ocrx_word' id='word_1_987' title='bbox 1183 2765 1244 2790; x_wconf 69' lang='grc' dir='ltr'>ἐπεὶ</span> <span class='ocrx_word' id='word_1_988' title='bbox 1267 2766 1292 2791; x_wconf 72' lang='grc' dir='ltr'>δὲ</span> <span class='ocrx_word' id='word_1_989' title='bbox 1308 2767 1370 2792; x_wconf 72' lang='grc' dir='ltr'>τοὺς</span> <span class='ocrx_word' id='word_1_990' title='bbox 1383 2774 1437 2792; x_wconf 78' lang='grc' dir='ltr'>περ</span> <span class='ocrx_word' id='word_1_991' title='bbox 1452 2787 1458 2792; x_wconf 96' lang='grc'>.</span> 
     </span>
    </p>
   </div>
   <div class='ocr_carea' id='block_1_119' title="bbox 779 2764 1458 2800">
    <p class='ocr_par' dir='ltr' id='par_1_119' title="bbox 779 2764 1458 2800">
     <span class='ocr_line' id='line_1_121' title="bbox 779 2764 1458 2800; baseline 0.001 -9"><span class='ocrx_word' id='word_1_992' title='bbox 779 2764 839 2800; x_wconf 77' lang='lat' dir='ltr'><strong>gitis</strong></span> <span class='ocrx_word' id='word_1_993' title='bbox 855 2770 885 2800; x_wconf 76' lang='lat' dir='ltr'><strong>ut</strong></span> <span class='ocrx_word' id='word_1_994' title='bbox 896 2764 1071 2800; x_wconf 66' lang='lat' dir='ltr'><strong>liarbcriuus.</strong></span> <span class='ocrx_word' id='word_1_995' title='bbox 1089 2764 1167 2796; x_wconf 80' lang='lat' dir='ltr'><strong>male,</strong></span> <span class='ocrx_word' id='word_1_996' title='bbox 1183 2765 1244 2790; x_wconf 72' lang='grc' dir='ltr'>ἐπεὶ</span> <span class='ocrx_word' id='word_1_997' title='bbox 1267 2766 1292 2791; x_wconf 71' lang='grc' dir='ltr'>δὲ</span> <span class='ocrx_word' id='word_1_998' title='bbox 1308 2767 1370 2797; x_wconf 72' lang='grc' dir='ltr'>τοὺς</span> <span class='ocrx_word' id='word_1_999' title='bbox 1383 2764 1458 2800; x_wconf 78' lang='grc' dir='ltr'>περί.</span> 
     </span>
    </p>
   </div>
   <div class='ocr_carea' id='block_1_120' title="bbox 812 2799 1566 2836">
    <p class='ocr_par' dir='ltr' id='par_1_120' title="bbox 812 2799 1566 2836">
     <span class='ocr_line' id='line_1_122' title="bbox 812 2799 1566 2836; baseline -0.001 -9"><span class='ocrx_word' id='word_1_1000' title='bbox 812 2799 866 2835; x_wconf 82' lang='lat'><strong>(98)</strong></span> <span class='ocrx_word' id='word_1_1001' title='bbox 880 2799 951 2832; x_wconf 75' lang='lat' dir='ltr'><strong>Ihcc,</strong></span> <span class='ocrx_word' id='word_1_1002' title='bbox 965 2808 978 2827; x_wconf 69' lang='grc' dir='ltr'><strong>ιι</strong></span> <span class='ocrx_word' id='word_1_1003' title='bbox 991 2799 1119 2826; x_wconf 74' lang='lat' dir='ltr'><strong>Fct&#39;rat‘io</strong></span> <span class='ocrx_word' id='word_1_1004' title='bbox 1134 2800 1327 2834; x_wconf 57' lang='grc' dir='ltr'>ιιιηυιειηιιὶετίι,</span> <span class='ocrx_word' id='word_1_1005' title='bbox 1338 2810 1352 2828; x_wconf 75' lang='lat' dir='ltr'><strong>e</strong></span> <span class='ocrx_word' id='word_1_1006' title='bbox 1367 2799 1490 2829; x_wconf 80' lang='lat' dir='ltr'><strong>l‘ct&#39;iuuio</strong></span> <span class='ocrx_word' id='word_1_1007' title='bbox 1503 2809 1566 2836; x_wconf 82' lang='lat' dir='ltr'><strong>sup—</strong></span> 
     </span>
    </p>
   </div>
   <div class='ocr_carea' id='block_1_121' title="bbox 778 2837 917 2870">
    <p class='ocr_par' dir='ltr' id='par_1_121' title="bbox 778 2837 917 2870">
     <span class='ocr_line' id='line_1_123' title="bbox 778 2837 917 2870; baseline 0.007 -10"><span class='ocrx_word' id='word_1_1008' title='bbox 778 2837 917 2870; x_wconf 70' lang='lat' dir='ltr'><strong>ltlchlltllS.</strong></span> 
     </span>
    </p>
   </div>
  </div>
