1841 3047
15 115 57 141 6'25

519 115 698 144 COMMENT.
720 115 752 143 ΙΝ
772 115 866 144 -ίΟᾹΝ,
886 115 1004 144 TOMUS
1023 114 1080 143 XX.

1564 108 1621 138 σεο

10 172 49 198 τοῦ
63 170 121 197 Θεοῦ
139 171 186 197 καὶ
205 173 291 198 ποιεῖν
306 171 339 198 τὰ
357 173 423 209 ἔργα
442 172 488 200 τοῦ
505 173 589 200 Θεοῦ·
609 175 640 201 οὐ
664 175 718 211 γὰρ
735 186 737 209 λ

887 182 895 202 s
915 174 947 201 ad
968 174 1026 201 lucc
1047 172 1149 201 diceret
1163 162 1286 199 Snflieere
1303 163 1438 202 etiam,ut
1460 165 1544 196 simus
1569 170 1614 196 lilii

10 226 46 243 νον
64 217 90 244 τδ
105 216 199 247 θέλειν,
223 217 291 244 ἀλλὰ
312 218 358 245 καὶ
382 219 413 246 τὸ
438 220 575 255 ἐνεργεῖν,
598 220 636 252 ὥς
662 229 743 255 φησιν
765 221 780 247 ὁ

8 263 108 295 Παῦλος,
130 263 161 290 ἐκ
183 263 230 290 τοῦ
256 264 323 291 Θεοῦ
346 265 430 298 ἐστιν,
456 265 588 301 ἑπομένου
612 267 719 297 πάντως
740 265 779 302 τῷ

7 308 71 344 καλῷ
91 309 174 335 θέλειν
191 309 239 336 τοῦ
260 310 378 345 συζύγου
405 311 479 347 αὐτῷ
505 311 560 347 (48)
576 312 712 348 ἐνεργεῖν·
732 313 779 339 καὶ

7 355 52 389 γὰρ
63 353 119 387 τοῖς
136 354 273 389 ἀγαπῶσι
285 355 338 382 τὸν
353 356 428 383 Θεὸν·
446 356 544 384 πάντα
565 357 709 393 συνεργεῖ
722 357 777 393 (49)

7 401 40 432 εἴς
56 399 172 434 ἀγαθὸν,
189 402 236 427 καὶ
259 401 308 428 οὐκ
329 401 362 429 ἂν
380 402 462 429 καλὸν
482 402 568 430 θέλειν
585 403 678 435 ἀτελὲς
697 404 778 430 ἐᾶσαι

7 447 15 472 5
34 445 110 472 ποιῶν
130 446 218 473 πάντα
240 446 310 473 καλὰ
329 447 400 475 λίαν.
423 448 493 474 Ἀλλ’
516 448 576 475 οὐδὲ
601 448 777 485 ἐπινοηθῆναι

7 491 99 518 δύναται
123 491 204 518 καλὸν
226 492 312 519 θέλειν
334 493 372 529 μὴ
393 494 609 530 ωνεζευγμένης
634 495 684 531 τῆς
707 495 778 522 κατὰ

7 536 26 561 ιδ
44 536 108 563 οὕτω
126 537 213 564 θέλειν
232 538 372 574 ἐνεργείας
388 539 472 574 καλῆς
485 540 523 576 τῷ
537 539 611 575 καλῷ
626 540 723 567 θέλειν.
745 541 777 568 Ἡ

7 581 112 616 ιέντοιγε
134 583 201 618 πρὸς
214 583 253 619 τῷ
270 583 356 611 θέλειν
376 585 512 620 ἐνέργεια,
532 585 583 612 κᾶν
603 586 777 622 ἐμποδίζοιτο

7 626 45 652 Sno
62 627 107 661 τῆς
122 628 254 663 Προνοίας
268 629 385 664 εὐλόγως
402 630 543 663 πολλάκις,
557 632 601 658 ὅτε
619 632 690 668 ὺπέρ
705 641 776 664 τινος

7 672 134 705 ιαθολικὼς
152 675 328 711 χρησίμου,ῆ
351 676 425 707 ὅπως
449 677 513 703 ποτὲ
538 678 673 713 χρησίμου
696 678 776 714 χρεία

7 719 183 746 ινακόπτεσθαι
194 720 225 746 τὸ
243 721 313 747 κατὰ
329 721 359 747 τὸ
370 721 456 748 θέλειν
471 722 500 748 τὸ
514 724 604 759 χεῖρον
621 723 710 759 ἔργον.
729 724 775 756 Είς

7 764 71 790 ἀὔτα
86 765 113 791 δὲ
138 766 153 792 ό
173 765 328 800 ’Πρακλέων
351 768 432 803 φησί’
460 778 469 793 ‹
486 768 558 804 Πρὸς
583 769 629 801 οὒς
651 771 664 797 ὁ
685 770 773 805 λόγος,

8 819 22 835 κ
37 810 82 845 τῆς
97 810 191 842 οὐσίας
213 811 259 838 τοῦ
281 812 403 839 διαϐόλου
422 810 508 848 ἦσαν·
521 824 529 840 ι
547 814 584 847 ὡς
609 815 706 852 ἑτέρας
728 816 774 843 οὖ-

833 219 891 252 Dei,
904 219 971 247 velle
986 218 1118 246 desideria
1132 217 1205 245 illitis
1221 216 1320 247 facere,
1333 215 1439 242 etiamsi
1450 222 1531 250 opera
1546 214 1618 242 illius

833 272 885 292 non
907 264 1039 291 faciamus
1054 272 1062 296 ;
1077 263 1123 290 sed
1138 262 1282 289 dicendum
1296 266 1339 290 est
1354 261 1426 296 quod
1449 267 1561 287 necesse
1582 260 1618 287 sit

832 310 856 338 ei
884 310 929 345 qui
951 310 1016 337 velit
1032 309 1169 337 desideria
1191 308 1238 335 Dei
1263 307 1364 339 facere.
1387 310 1416 334 ut
1436 306 1520 334 etiam
1536 306 1618 334 faciat.

831 363 914 390 opera
932 354 997 388 Dei;
1014 362 1068 382 non
1093 354 1166 381 enim
1193 352 1282 380 solum
1307 351 1385 384 velle,
1410 358 1505 378 verum
1534 352 1616 378 etiam

832 403 972 438 perﬁcere,
996 405 1026 429 ut
1041 401 1125 437 inquit
1146 400 1246 428 Paulus
1254 399 1326 429 “.ex
1342 400 1397 426 Deo
1412 403 1473 431 est;
1490 406 1551 426 cum
1565 399 1618 426 hoc

831 448 932 476 bonum
946 447 1017 475 velle
1033 451 1165 481 sequatur
1179 447 1289 474 omnino
1303 446 1437 480 operatio,
1457 444 1540 472 veluti
1555 451 1615 477 sua,

830 498 859 521 ut
880 494 914 521 ita
930 493 1031 525 dicam,
1046 492 1144 527 coniux
1158 499 1166 520 :
1185 491 1357 526 Diligentifmr
1370 490 1444 518 enim
1462 490 1545 517 Deum
1558 498 1616 516 om-

831 537 876 564 m'a
890 542 1064 571 cooperantur
1075 537 1102 564 in
1117 536 1245 563 bonum“
1261 545 1267 569 ;
1284 543 1333 563 nec
1351 537 1421 564 Deus
1436 536 1551 563 omnino
1569 535 1618 562 bo—

831 591 894 610 num
918 583 998 615 velle,
1022 583 1212 617 imperfectum
1244 582 1325 614 siuet,
1356 582 1401 616 qui
1428 581 1494 609 facit
1524 582 1615 607 omnia

828 636 909 663 opera
928 628 1006 656 valde
1022 629 1090 655 bona
1104 628 1136 654 °'.
1150 628 1219 662 Quin
1238 635 1271 655 ne
1285 627 1434 662 excogitari
1448 627 1558 662 quidem
1568 635 1617 663 po-

830 679 882 701 test
905 674 1005 702 bonum
1028 674 1109 706 velle,
1130 682 1183 701 non
1203 673 1348 707 conjuncta
1365 674 1391 701 in
1409 674 1453 701 tali
1478 673 1615 701 voluntate

828 719 986 754 operatione
1001 719 1072 747 bona
1083 719 1153 748 bono
1166 720 1243 748 velle.
1258 720 1330 748 Sane
1343 720 1463 753 operatio
1476 719 1542 747 velle
1551 727 1615 746 con-

826 765 919 800 juncta
934 770 986 797 est.
999 765 1105 793 etiamsi
1124 765 1285 801 plerumque
1300 765 1398 793 rationi
1422 765 1615 793 convenienter

830 811 992 846 impediatur
1006 820 1020 839 a
1037 812 1220 845 Providentia,
1235 812 1343 847 quando
1364 819 1414 847 pro
1441 812 1531 846 aliqua
1551 811 1614 838 uni-

7 863 38 889 ης
51 856 101 890 (50)
115 856 166 891 τῆς
176 857 221 884 τοῦ
236 858 359 885 διαϐόλου
372 859 468 893 οὐσίας
480 863 554 898 παρὰ
563 861 611 898 τὴν
622 862 676 888 τῶν
691 863 734 897 ἁγί

887 859 924 886 ali
941 859 1069 892 utilitate,
1089 859 1129 886 vel
1142 867 1192 893 pro
1204 859 1389 893 qualicunque
1403 859 1530 891 utilitate,
1547 866 1614 893 opus

7 901 97 938 ογικῶν
112 902 222 932 οὐσίαν·
239 904 330 941 ὅμοιον
346 904 374 933 δὲ
390 907 419 932 ὲν
433 906 521 942 τούτῳ
546 916 590 942 μοι
613 907 774 935 πεπονθέναι

7 951 106 976 ιαίνεται
121 950 161 986 τῷ
178 951 274 986 ἑτέραν
288 950 382 977 οὐσίαν
399 949 530 985 φάσκοντι
544 951 683 987 ὀφθαλμοῦ
703 960 774 987 παρ-

7 996 113 1030 ρῶντος,
138 997 186 1023 καὶ
211 997 306 1033 ἑτέραν
332 997 463 1032 ὁρῶντος·
486 997 532 1024 καὶ
558 997 652 1032 ἑτέραν
681 997 774 1023 οὐσίαν

7 1043 65 1077 mi};
83 1042 304 1078 παρακουούσιις,
320 1044 366 1070 καὶ
379 1042 464 1077 ὑγιῶς
477 1042 639 1078 ἀκουούσης.
660 1043 704 1074 Ὠς
719 1042 773 1078 γὰρ

7 1087 132 1119 ιτούτοις
159 1088 218 1123 οὐχὶ
235 1089 252 1124 ἡ
274 1089 353 1115 οὐσία
376 1088 519 1124 διάφορος,
544 1088 611 1115 ἀλλὰ
636 1097 662 1114 τι
688 1088 773 1115 αἴτιον

7 1134 187 1169 πισυμὸέϐηκε
216 1134 262 1161 τοῦ
290 1134 468 1170 παρακούειν,
491 1134 607 1161 καὶτοῦ
638 1135 771 1170 παρορᾷν,

7 1179 65 1212 ire);
80 1181 182 1212 παντὸς
199 1181 246 1208 τοῦ
265 1181 416 1216 πεφυκότος
436 1182 506 1216 λόγῳ
527 1181 739 1217 παρακολουθεῖν
756 1181 772 1215 ἡ

7 1226 202 1262 ιρακολουθικὴ
220 1227 296 1253 οὐσία
318 1227 334 1262 ὴ
354 1228 421 1263 αὐτή
445 1228 530 1261 ἐστιν,
551 1227 606 1254 εἴτε
624 1227 773 1262 παραδέχε-

7 1280 23 1298 ιι
46 1272 90 1298 τὸν
114 1272 206 1306 λόγον,
231 1272 287 1299 εἴτε
312 1273 436 1300 ἀνανεύει
461 1273 528 1309 πρὸς
550 1273 646 1299 αὐτόν·
670 1272 696 1299 τί
718 1273 772 1308 γὰρ

8 1317 101 1352 αφέρει
126 1317 172 1351 ἐφ’
194 1317 273 1352 ἡμῶν
297 1317 351 1344 τῶν
377 1317 527 1353 ἀνθρώπων
549 1317 579 1344 τὸ
600 1318 772 1354 παρακολου-

7 1361 61 1395 ᾗσαν
76 1361 124 1388 τοῦ
142 1362 181 1397 μὴ
203 1362 479 1397 παρακολουθοῦντος,
493 1363 543 1390 οὐκ
560 1363 593 1390 ἂν
608 1363 717 1399 ἔχοιμεν
733 1365 772 1390 εί-

7 1407 46 1437 ίίν,
60 1408 84 1432 εἰ
105 1408 156 1434 καὶ
176 1407 246 1442 μετὰ
260 1408 290 1434 τὸ
308 1408 425 1434 συνιέναι
441 1408 494 1434 τῶν
509 1409 671 1444 εἰρημένων,
692 1410 707 1436 ὁ
721 1410 771 1445 μέν

7 1461 18 1483 ς
32 1453 181 1488 ἐπικρίνας
204 1453 384 1487 συγκατέθετο
402 1453 442 1489 τῷ
464 1453 601 1489 λεγομένῳ
619 1454 685 1490 (51),
709 1456 723 1482 ὁ
743 1455 771 1481 δὲ

7 1498 102 1524 ἔνευσε
126 1499 198 1534 πρὸς
213 1499 289 1525 αὑτό.
312 1499 445 1531 Πολλάκις
459 1499 487 1526 δὲ
503 1499 616 1535 εἴπομεν
632 1500 700 1535 (52),
716 1500 768 1533 ὅτι,

7 1551 22 1567 ν
41 1543 208 1579 ςυγχωρηθῇ
225 1542 303 1569 τοῦτο
320 1542 350 1569 τὸ
371 1542 510 1575 ἀδύνατον,
526 1542 596 1577 λέγω
611 1543 638 1570 δὲ
655 1543 685 1569 τὸ
700 1542 769 1570 εἶναι

8 1588 66 1620 πίας
87 1589 200 1625 ἐτέρας,
214 1589 261 1615 καὶ
277 1589 451 1615 ἀνεπίδεκτον
469 1589 521 1615 τῶν
541 1589 701 1624 κρειττόνων
725 1589 770 1616 τὸν

7 1632 106 1665 ὶεολον,
125 1634 194 1670 περὶ
216 1633 264 1668 μὲν
287 1633 389 1660 ἐκείνου
412 1633 651 1668 ἀπελογησάμεθα,
669 1634 706 1666 ὠς
726 1634 771 1660 οὐ·

7 1679 56 1713 μοῦ
72 1679 165 1705 αἰτίου
180 1678 229 1714 τῆς
245 1678 387 1714 πονηρίας,
402 1678 433 1704 τὸ
447 1677 476 1704 δὲ
491 1677 616 1713 ἔγκλημα
629 1678 668 1713 τῷ
688 1679 770 1706 αὐτὸν

7 1724 137 1752 σιώπαντι
163 1724 212 1751 καὶ
234 1724 466 1760 δημιουργήσαντι
493 1723 679 1759 προσάψομεν,
702 1724 770 1761 ὅπερ

7 1771 26 1796 εἰ
39 1771 156 1797 πάντων
174 1769 358 1797 ἀτοπώτατον.
376 1768 511 1804 Πρόδηλον
526 1768 554 1794 δὲ
572 1769 601 1796 τὺ
615 1770 770 1805 παράλογον

7 1824 43 1842 ται
67 1815 107 1851 τῷ
128 1816 331 1851 κατανοήσαντι
353 1815 446 1851 ψυχῶν
466 1815 644 1852 ἀνθρωπίνων
663 1816 768 1848 οὐσίαν,

7 1870 12 1886 ι
36 1861 177 1892 ἐκδιδόντι,
200 1861 240 1886 ὅτι
264 1861 403 1896 ἀμήχανόν
428 1861 512 1892 ἐστιν,
539 1860 633 1896 ὥσπερ
656 1859 769 1897 σώματα

7 1907 42 1942 ρὰ
65 1907 191 1942 σώματα
215 1904 284 1933 εἶναι
305 1905 461 1942 ἀνθρώπινα
486 1907 581 1942 ἑτέρας
606 1906 652 1933 καὶ
674 1907 769 1943 ἐτέρας

7 1952 69 1984 τίας,
93 1951 175 1978 οὕτω
197 1951 244 1978 καὶ
258 1951 347 1987 ψυχὰς
364 1952 438 1988 παρὰ
458 1952 558 1987 ψυχὰς,
581 1952 627 1978 καὶ
646 1952 769 1987 νοητικὸν

7 1998 40 2033 ρὰ
62 1998 96 2024 τὸ
113 1997 256 2032 νοητικὸν,
275 1998 322 2024 καὶ
335 1997 366 2024 τὸ
384 1997 551 2033 διανοητικὺν
570 1997 644 2033 παρὰ
660 1998 690 2024 τὺ
712 1998 769 2025 δια-

11 2044 101 2070 τικόν.
128 2043 171 2070 Τὸ
189 2042 217 2069 δὲ
236 2043 328 2078 ὅμοιον
351 2044 424 2078 ἐρεῖς
452 2043 498 2070 καὶ
515 2043 560 2070 ἐπὶ
576 2043 624 2070 τοῦ
648 2043 767 2079 λογικοῦ,

16 2090 64 2116 ἐπὶ
77 2089 138 2116 τῶν
152 2090 185 2116 ὲν
200 2090 232 2125 τῇ
246 2088 318 2124 ψυχῇ
331 2088 482 2124 δυνάμεων,
494 2088 543 2124 τῆς
554 2097 584 2115 τε
597 2091 768 2125 μνημονικῆς

27 2135 82 2171 τῆς
101 2134 202 2166 οὕτως
223 2134 421 2169 φανταστικῆς·
445 2134 552 2170 ἀνάγκη
577 2134 646 2170 γὰρ,
667 2135 691 2161 εἰ
708 2136 767 2163 ἑτε-

7 2181 84 2214 ὑσιός
108 2181 176 2215 (55)
201 2180 274 2206 ἔστιν
297 2180 441 2216 ἄνθρωπός
456 2189 498 2212 τις
521 2181 584 2216 παρ’
599 2181 703 2217 ἕτερον,
721 2182 767 2208 καὶ⁴

7 2228 135 2261 οογενεῖς
161 2223 236 2253 εἶναι
249 2225 298 2258 τὰς
314 2226 364 2261 τῆς
380 2225 470 2261 ψυχῆς
487 2225 626 2261 δυνάμεις,
646 2226 692 2253 καὶ
708 2225 766 2253 ἑτε-

7 2271 57 2306 ενῆ
77 2270 173 2302 εἶναι,
197 2269 263 2306 φέρε
280 2270 377 2301 εἰπεῖν,
391 2270 440 2304 τὴν
457 2270 636 2305 μνημονικὴν,
651 2270 699 2296 καὶ
715 2271 765 2306 τὴν

7 2317 154 2353 ιοητικὴν,
170 2315 249 2352 παρά
269 2315 319 2350 τὴν
337 2315 519 2351 διανοητικήν.
540 2315 722 2349 Ἑξεταςέσθω
737 2316 764 2343 δὲ

7 2365 66 2398 ἄγος
83 2364 160 2399 περὶ
176 2362 290 2394 τούτων,
312 2361 330 2389 ἃ.
350 2361 450 2398 ὁμοίως
469 2362 502 2389 ἂν
518 2363 614 2398 νοήσαι
636 2363 683 2389 καὶ
705 2362 765 2389 δια-

7 2410 63 2446 ὶείη
76 2418 84 2425 ·
112 2409 197 2436 ὥστε
220 2408 267 2434 καὶ¹
284 2407 482 2443 παραπλησίως
505 2407 733 2442 συγκαταθέσθαι,
749 2408 766 2444 ἥ

7 2459 90 2492 Γχεῖν,
106 2457 126 2492 ἦ
145 2454 299 2482 ἀνανεῦσαι
313 2454 343 2481 ὅν
360 2461 441 2489 φασιν
461 2454 559 2480 ἐκεῖνοι
574 2453 766 2490 πνευματικὸν,

26 2524 140 2560 Philip.
160 2523 255 2555 11,15.

7 2584 43 2619 με)
57 2582 385 2619 CorticesABodleianus
408 2587 436 2610 et
460 2582 645 2619 Barberinus,
670 2583 762 2618 αὑτῷε

9 2617 63 2649 ius.
86 2617 180 2649 αὑτό,
199 2617 268 2653 lin-te
285 2617 426 2653 legendum
443 2618 537 2644 αὐτοῦ.

7 2654 40 2688 -9)
59 2654 169 2682 Codex
202 2651 322 2688 Regius,‘
336 2654 475 2687 συνεργεῖν
488 2661 494 2668 ·
519 2653 690 2686 Bodleianus,
707 2662 765 2681 συν-

8 2724 38 2760 0)
60 2723 116 2758 Ὧς
133 2721 250 2760 ἐτέρας
264 2722 369 2756 οὔσης,
381 2727 435 2750 etc.
452 2721 576 2756 Ejusdem
599 2723 692 2755 οὐσίας
704 2731 764 2751 esse

10 2757 78 2786 aius
94 2763 146 2786 est
183 2757 317 2792 Origenes
341 2765 509 2792 quzccunque
533 2760 644 2792 praedita
673 2765 765 2786 essent

7 2804 66 2822 me.
87 2792 240 2827 Corporis
251 2793 338 2819 solum
352 2793 496 2820 discrimen
516 2794 625 2826 aliquod
651 2794 762 2828 angelos

7 2839 15 2857 r
32 2836 62 2857 et
82 2830 243 2857 danuoncs
258 2827 409 2860 constituit,
424 2833 453 2855 ut
476 2829 502 2855 in
528 2827 698 2863 Orig/cuiauis
716 2829 761 2857 dc-

783 1525 806 1556 C

825 908 867 931 est
879 904 1038 940 interrumpi
1051 912 1119 939 opus
1131 904 1262 937 deterius,
1275 904 1423 932 secundum
1435 904 1613 931 Voluntatcm.

826 948 878 976 Sed
896 949 922 976 in
947 948 1005 976 haec
1034 950 1124 984 inquit
1145 948 1318 976 lleracleon:
1337 958 1346 975 ι
1359 948 1404 982 lii,
1432 948 1464 976 ad
1486 957 1552 983 quos
1573 955 1614 976 est

825 1001 924 1025 sermo,
939 1002 970 1021 ex
987 994 1140 1021 substantia
1156 994 1256 1022 diaboli
1271 999 1368 1028 erant;
1384 1004 1393 1020 ι
1410 994 1523 1030 perinde
1536 994 1613 1028 quasi

825 1040 923 1068 diaboli
936 1041 1085 1068 substantia
1100 1041 1206 1082 diversa
1222 1041 1258 1068 sit
1275 1041 1308 1068 ab
1323 1040 1442 1068 eSsentia
1455 1045 1612 1068 sanctonnu

824 1087 981 1121 angelorqu
1000 1087 1114 1114 rationis
1130 1081 1263 1120 compote.
1285 1086 1331 1113 Ac‘
1345 1086 1413 1113 mihi
1429 1085 1518 1113 simile
1532 1085 1613 1120 quid-

824 1134 886 1159 dam
900 1132 925 1159 iu
943 1133 991 1159 hoc
1007 1139 1102 1166 passus
1121 1132 1204 1159 fuisse
1216 1132 1333 1164 videtur,
1348 1136 1430 1166 atque
1447 1131 1491 1158 ille
1509 1131 1552 1166 qui
1569 1131 1612 1158 (Ιί-

823 1185 931 1205 versam
947 1179 1095 1205 essentiam
1114 1178 1180 1205 dicit
1194 1186 1253 1206 esse
1269 1177 1339 1206 oculi
1353 1178 1410 1206 sani
1427 1182 1455 1205 et
1468 1178 1536 1205 oculi
1553 1185 1613 1212 per-

824 1231 917 1258 peram
932 1224 1065 1258 videntis;
1085 1229 1110 1251 et
1127 1223 1242 1251 alteram
1261 1231 1322 1251 esse
1338 1224 1484 1251 essentiam
1503 1223 1612 1250 auditus

823 1269 923 1302 vitiati,
943 1269 1057 1296 alteram
1081 1269 1191 1296 auditus
1218 1270 1288 1297 sani.
1307 1269 1342 1297 Ut
1357 1269 1429 1296 enim
1447 1269 1472 1295 iu
1489 1269 1531 1296 his
1557 1275 1611 1296 non

823 1315 943 1343 essentia
959 1315 1077 1346 diversa,
1099 1315 1146 1342 sed
1169 1322 1253 1342 causa
1281 1314 1404 1349 quatdam
1431 1313 1556 1349 contigit,
1582 1318 1613 1341 ut

821 1361 931 1389 auditus
946 1360 1094 1397 oculosque
1110 1360 1289 1394 vitiarcntur;
1308 1360 1348 1388 sic
1364 1359 1550 1394 cujuscunque
1566 1367 1611 1387 na-

823 1411 884 1434 tura
898 1407 953 1442 apti
978 1407 1011 1434 ad
1028 1407 1227 1441 assequeudam
1245 1407 1382 1434 rationem
1398 1406 1514 1433 essentia
1535 1412 1611 1432 asse-

821 1453 924 1486 cutiva,
947 1452 1043 1479 eadem
1069 1457 1129 1485 est;
1158 1452 1214 1480 sive
1239 1452 1371 1479 rationem
1396 1452 1532 1484 admittat,
1555 1451 1613 1478 sive

822 1505 881 1525 eam
898 1500 1005 1525 renuat.
1021 1497 1090 1532 Quid
1103 1499 1174 1525 enim
1191 1498 1217 1525 in
1234 1498 1312 1525 nobis
1325 1497 1480 1525 hominibus
1502 1497 1613 1524 differat

823 1543 863 1571 vis
878 1543 922 1570 illa
936 1551 996 1578 qua:
1012 1548 1135 1570 assecuta
1143 1548 1197 1575 est,
1210 1543 1243 1569 ab
1259 1549 1290 1570 ea
1304 1550 1364 1577 qua:
1379 1550 1431 1569 non
1445 1543 1610 1577 assequitur,

823 1589 893 1616 haud
908 1589 1033 1624 equidem
1055 1588 1146 1616 dicere
1163 1595 1277 1623 queam;
1304 1587 1412 1615 etiamsi
1441 1587 1524 1623 338
1549 1591 1610 1622 post

822 1633 956 1660 dictorum
977 1633 1182 1668 intelligentiam
1211 1633 1281 1660 alter
1307 1634 1417 1667 quidem
1438 1641 1470 1660 ca
1498 1633 1611 1661 laudans

822 1679 979 1713 acquiescat
997 1678 1080 1711 dicto,
1097 1678 1166 1705 alter
1189 1685 1252 1705 vero
1275 1677 1341 1705 illud
1366 1683 1471 1706 renuat.
1497 1678 1532 1705 At
1556 1678 1611 1706 fre-

821 1728 937 1758 quenter
966 1724 1102 1757 diximus,
1128 1724 1150 1751 si
1176 1731 1336 1752 concessum
1365 1724 1447 1752 fuerit
1475 1726 1611 1753 essentia:

821 1777 882 1797 esse
898 1769 1030 1802 diversas,
1046 1770 1117 1805 quod
1135 1770 1192 1797 fieri
1208 1771 1314 1805 nequit,
1335 1771 1500 1805 minimeque
1519 1779 1610 1798 rerum

821 1817 1009 1850 praestantium
1025 1824 1151 1851 capacem
1167 1817 1303 1844 diabolum
1321 1824 1391 1849 esse,
1405 1816 1523 1844 futurum
1539 1825 1610 1848 esse.

821 1866 850 1888 ut
870 1861 914 1888 ille
929 1869 944 1888 a
966 1861 1044 1890 nobis
1061 1861 1229 1894 defendatur,
1245 1862 1358 1897 perinde
1373 1862 1450 1897 quasi
1468 1862 1610 1898 pravitatis

821 1914 875 1934 non
894 1907 928 1934 sit
942 1912 1052 1941 auctor;
1070 1912 1161 1934 notam
1183 1906 1305 1942 alioquin
1321 1908 1456 1936 inusturis
1471 1909 1495 1935 ei
1514 1909 1559 1943 qui
1576 1908 1609 1935 il-

821 1952 875 1979 lum
886 1953 1000 1985 creavit,
1017 1953 1119 1988 quique
1136 1954 1186 1988 ipsi
1207 1954 1356 1981 essentiam
1373 1959 1416 1982 est
1431 1954 1546 1989 largitus
1560 1963 1567 1988 ;
1581 1954 1607 1981 id

820 1998 891 2033 quod
904 1998 1025 2026 omnium
1041 2000 1266 2027 absurdissimum
1288 2004 1339 2027 est.
1359 2000 1500 2028 Manifesta
1516 2006 1608 2027 autent

820 2045 874 2072 erit
891 2044 1044 2072 absurditas
1061 2045 1176 2073 intuenti
1195 2046 1375 2074 humanarum
1393 2047 1546 2074 animarum
1563 2054 1608 2073 es-

820 2090 946 2122 sentiam,
971 2095 999 2117 et
1022 2091 1175 2126 inspicienti
1199 2092 1270 2126 quod
1297 2092 1525 2128 quemadmodum
1550 2093 1608 2120 fieri

819 2137 913 2170 nequit
925 2141 954 2162 ut
969 2143 1083 2172 corpora
1099 2137 1216 2165 humana
1230 2138 1315 2172 magis
1326 2146 1407 2173 quam
1421 2138 1472 2166 alia
1489 2139 1608 2166 humana

820 2187 944 2215 corpora.
962 2181 1018 2209 sint
1041 2181 1154 2210 alterius
1169 2187 1195 2210 et
1211 2183 1324 2211 alterius
1334 2184 1472 2218 essentne,
1490 2185 1526 2211 ita
1547 2184 1606 2212 ﬁeri

820 2233 872 2254 non
888 2234 967 2262 posse
980 2232 1008 2254 ut
1022 2228 1119 2255 anima:
1135 2229 1221 2264 magis
1233 2237 1314 2264 quam
1331 2230 1391 2257 aliae
1404 2230 1512 2264 animm,
1526 2235 1553 2258 et
1564 2237 1608 2259 res

819 2272 852 2299 ad
867 2272 1033 2301 intellectum
1050 2278 1178 2309 spectans
1202 2275 1287 2310 magis
1301 2283 1383 2311 quam
1406 2284 1451 2304 res
1465 2276 1499 2304 ad
1525 2276 1605 2305 intel-

818 2317 919 2345 lectum
945 2323 1081 2353 spectans,
1101 2324 1130 2347 et
1152 2319 1194 2347 vis
1214 2320 1350 2355 cogitandi
1363 2322 1449 2357 magis
1462 2330 1544 2358 quam
1561 2322 1601 2350 vis

818 2362 966 2397 cogitandi,
979 2363 1015 2391 sit
1030 2363 1144 2392 alterius
1153 2365 1286 2392 essentia.
1305 2365 1377 2393 Idem
1390 2367 1464 2395 dices
1478 2368 1560 2395 etiam
1573 2368 1607 2396 de

818 2414 851 2435 eo
866 2408 937 2442 quod
958 2409 1072 2438 rationis
1093 2415 1135 2438 est
1154 2418 1275 2446 compos,
1296 2416 1324 2439 et
1344 2413 1378 2440 de
1400 2413 1529 2447 potentiis
1547 2421 1608 2449 qua:

820 2458 883 2480 sunt
899 2454 925 2481 in
939 2455 1052 2490 anima;
1068 2463 1165 2493 nempe
1182 2457 1215 2485 de
1230 2458 1349 2493 potentia
1367 2459 1514 2492 memoriae,
1530 2464 1558 2487 et
1575 2460 1608 2487 de

310 2524 332 2543 σι
348 2523 427 2552 Rom.
445 2531 504 2557 vni,
521 2524 566 2552 28.
605 2525 628 2540 ⁶¹
644 2525 712 2552 Gen.
730 2533 754 2558 ι,
771 2525 816 2553 51.

819 2583 1039 2618 monstravimus.
1056 2583 1122 2611 Cum
1142 2591 1208 2618 ergo
1223 2585 1271 2612 lib.
1286 2593 1326 2617 nl.
1342 2594 1416 2613 mnu.
1441 2587 1486 2618 57,
1514 2593 1606 2616 contra

819 2617 923 2654 Celsnm
940 2618 996 2654 haec
1008 2618 1109 2654 scripta
1123 2617 1281 2654 reliquerit:
1294 2620 1326 2648 Οἱ
1344 2621 1373 2647 δὲ
1389 2621 1435 2648 τοῦ
1452 2617 1519 2648 Θεοῦ
1537 2621 1605 2650 θεῖοι

818 2653 865 2680 καὶ
881 2652 953 2687 amo:
966 2652 1077 2693 ᾇγγελοίι
1090 2653 1172 2693 ᾇλλης
1180 2652 1248 2693 ζείσὶ
1267 2655 1380 2693 ’φύσεως
1404 2657 1451 2693 καὶ
1475 2658 1603 2693 προαιρέ-

819 2697 887 2719 σεως
903 2688 1068 2727 παρὰητοὺς
1082 2689 1135 2727 ’ἐπὶ
1151 2688 1221 2727 γῆς
1237 2688 1341 2727 πάντας
1365 2688 1503 2727 δαίμοναςξ
1530 2688 1607 2720 Vide-

819 2722 961 2760 “"1496th
978 2723 1135 2760 distinxisse
1149 2722 1285 2760 οὓόὺσίᾳ.
1304 2722 1434 2754 llus-rtus.

855 2759 910 2796 ﬁt)
925 2759 1012 2796 (ῥοθεῖ
1022 2758 1199 2796 βοιίίεὶιηιιιε,
1217 2758 1363 2796 εἰρημένῳ.

853 2794 910 2830 (52)
921 2794 1007 2830 Codex
1020 2793 1130 2829 Regius,
1143 2793 1371 2830 εἴποιμενζίιιιιιο.

853 2827 909 2864 (55)
923 2827 995 2857 idem
1008 2827 1093 2857 codcx
1105 2827 1397 2864 ltegius,‘ézspodcto;.
