1841 3047
15 78 57 105 6H

523 73 701 103 COMMENT.
724 73 757 102 IN
778 74 873 103 JOAN.
894 74 1014 102 TOMUS
1033 74 1092 103 XX.

1567 79 1618 107 650

15 137 194 173 προσεύχεσθε
217 137 293 170 ὑπὲρ
317 136 377 163 τῶν
397 137 564 164 διωκόντων
586 137 682 172 ὑμᾶς,
703 138 779 170 ὅπως

870 141 906 164 ale
927 145 974 171 pro
995 136 1207 171 persequentibus
1238 145 1292 169 vos,
1320 143 1348 164 ut
1373 138 1431 165 sitis
1452 138 1503 174 [iiii
1529 137 1620 167 Patris

15 185 120 220 Γένησθε
135 182 193 209 vloi
215 182 267 210 τοῦ
284 183 399 217 Πατρὸς
415 183 497 218 ὑμῶν
514 185 567 211 τοῦ
581 185 616 211 ἐν
628 184 776 218 οὐρανοῖς.

15 231 37 258 Εί
51 230 96 265 γὰρ
114 228 215 260 Παῦλος
232 229 311 263 φύσει
327 230 410 264 ὀργῆς
429 230 494 261 υἱὸς,
516 230 557 260 τίς
574 230 644 266 ὑπὲρ
661 230 777 262 Παῦλον,

15 278 61 303 Ξσον
72 275 113 302 ἐπὶ
130 276 160 310 τῇ
183 276 349 310 κατασκευῇ,
363 275 413 302 οὐκ
429 275 514 311 ὀργῆς
531 276 597 308 υίὸς,
615 276 668 312 πρὸ
677 275 722 302 τοῦ
733 276 780 302 λα-

15 323 57 348 Ξείν
68 321 180 355 ἐξουσίαν
203 321 286 347 τέκνα
298 321 347 356 (7‘)
360 321 428 348 Θεοῦ
441 322 580 356 γενέσθαί,
598 322 645 348 καὶ
662 322 715 358 πρὸ
731 322 778 348 τοῦ

15 370 89 395 ςέκνον
103 367 224 402 γενέσθαι
239 367 306 393 Θεοῦ
319 376 326 400 ;
345 369 399 394 Καὶ
413 369 437 395 ει
449 369 499 395 οὐκ
516 368 603 400 ἄλλως
619 369 723 403 γίνεται
736 377 779 401 τις

23 415 55 446 ἰὸς
70 414 112 441 τοῦ
125 414 152 440 ὲν
165 414 288 449 οὐρανοῖς
300 413 416 449 Πατρδς,
433 414 450 450 ἢ
469 416 501 441 ὲκ
519 415 566 442 τοῦ
589 416 699 451 ἀγαπᾷν
714 416 779 447 τοὺς

15 462 106 497 εχθρσὺς
119 460 223 492 ἑαυτοῦ,
237 460 283 487 καὶ
299 461 497 497 προσεύχεσθαι
513 462 582 498 ὑπὲρ
598 462 653 489 τῶν
666 462 778 490 διωκόν-

15 517 51 534 των
70 507 155 538 αὑτὸν,
168 507 258 542 δῆλον,
281 507 322 534 ὅτι
341 507 428 540 οὐδεὶς
443 508 483 543 τῷ
502 508 581 542 φύσει
603 505 672 535 εἶναι
687 509 719 534 ὲκ
732 508 778 535 τοῦ

15 553 73 585 )εοῦ,
87 553 118 580 τὰ
133 554 242 588 ῥήματα
263 553 310 580 τοῦ
327 554 394 580 Θεοῦ
418 553 521 585 ἀκούει,
545 554 612 580 ἀλλὰ
634 554 672 589 τῷ
689 555 779 581 λαϐεῖν

18 600 114 631 ξονσὶαν
137 600 230 626 τεκνον
252 599 320 626 Θεοῦ
344 599 481 634 γενέσθαι,
507 601 554 627 καὶ
575 601 724 637 κεχρῆσθαι
741 603 780 633 εἰς

15 644 54 670 ηέον
67 645 95 679 τῇ
109 643 224 679 ἐξουσίᾳ,
247 644 295 670 καὶ
309 643 347 679 τῷ
371 644 546 680 ἠγαπηκέναι
568 646 631 677 τοὺς
653 646 779 681 ἐχθροὺς,

14 691 43 716 ,al
58 690 253 725 προσεύχεσθαι
267 690 337 725 ὑπὲρ
357 690 410 717 τῶν
427 691 647 726 ἐπηρεαζόντων,
665 693 779 727 γενόμε-

16 736 97 767 auio;
105 735 150 762 τοῦ
168 737 198 762 ὲν
211 736 335 771 οὐρανοῖς
347 736 463 771 Πατρὺς,
475 736 535 762 τότε
547 736 606 763 ἐστὶ
622 738 669 763 καὶ
685 738 717 764 ἐκ
734 737 779 764 τοῦ

14 782 70 813 Iani,
83 782 128 808 καὶ
141 781 175 808 τὰ
197 783 305 817 ῥήματα
321 781 367 808 τοῦ
379 781 445 808 Θεοῦ
460 782 563 814 ἀκούει,
585 783 683 814 συνιεὶς
692 784 780 810 αὐτῶν

19 829 42 854 αἱ
55 829 206 864 ἐπιστήμην
216 828 304 855 αὐτῶν
313 828 518 864 ἀναλαμϐάνων·
530 829 598 865 ὅπερ
607 829 671 856 ἴδιον
682 830 712 856 οὺ
726 830 782 856 δού-

14 883 45 900 ων
52 875 98 908 (8),
108 874 175 900 ἀλλὰ
187 874 288 901 τέκνων
298 874 355 901 ἐστὶ
365 874 442 906 Θεοῦ,
454 873 508 901 τῶν
524 875 613 901 πᾶσαν
623 875 671 911 μὲν
680 885 781 911 καταρ-

14 920 130 955 ησάντων
149 921 269 954 γένεσιν,
289 921 338 956 τὴν
352 921 380 946 δὲ
393 921 446 947 ἀπὸ
461 921 528 948 Θεοῦ
543 921 725 958 ἀνειληφότων
738 922 781 949 διὰ

14 966 38 992 7'3
50 966 98 1001 τῆς
122 966 263 997 υἱοθεσίας
282 966 446 1001 πνεύματος,
466 967 541 1002 Ἅμα
559 967 588 994 δὲ
606 967 782 1003 ἐπιμελέστε-

14 1020 38 1037 ον
59 1012 242 1047 κατανοητέον
265 1012 323 1044 πῶς
341 1012 380 1038 δεῖ
400 1012 525 1048 δέχεσθαι
537 1012 579 1039 τό·
601 1013 640 1040 Τὰ
662 1013 782 1047 ῥήματα

14 1057 43 1084 οὔ
63 1057 136 1084 Θεοῦ
159 1058 281 1085 ἀκούει’
299 1055 321 1092 ᾧ
335 1058 426 1093 ὅμοιόν
449 1059 508 1084 ἐστι
527 1058 576 1085 καὶ
598 1059 644 1085 τόο
670 1059 708 1086 Τὰ
726 1059 782 1093 ἐμὰ

14 1104 120 1137 ρόσατα
138 1103 197 1138 τῆς
214 1104 289 1138 ἐμῆς
311 1103 413 1139 φωνῆς
435 1105 590 1132 ἀκούουσι.
611 1105 643 1132 Εἰ
661 1105 714 1142 γὰρ
736 1106 782 1132 ἐπὶ

14 1148 68 1185 ιλῆς
93 1150 324 1185 συγκαταθέσεως
352 1150 399 1183 τὸ,
421 1150 544 1178 ἀκούειν
564 1151 613 1187 (9),
635 1151 780 1187 λάϐοιμεν,

14 1197 33 1222 t‘.
50 1198 74 1223 oi.
89 1197 205 1233 ψυχικοὶ
221 1196 277 1232 (10)
295 1197 362 1232 πρὸς
376 1197 471 1232 χρόνον
485 1197 658 1229 πιστεύοντες
675 1197 781 1224 ἔσονται

14 1249 19 1266 ι
37 1241 82 1267 τοῦ
109 1241 193 1273 Θεοῦ,
220 1241 461 1276 μεμαρτυρημένοι
479 1241 532 1269 ὑπὸ
550 1242 598 1269 τοῦ
623 1242 720 1277 Λόγου,
742 1243 782 1270 ’ὁτι

14 1285 50 1317 )ὀς
77 1287 177 1323 καιρόν
205 1295 277 1319 τινες
310 1288 500 1315 πιστεύουσιν*
531 1289 555 1316 εί
581 1289 608 1315 δὲ
640 1289 711 1316 κατὰ
739 1288 780 1322 τὸ,

14 1333 96 1364 rodet,
110 1333 279 1368 ἐκλὰὃοιμεν
296 1334 342 1360 ἐπὶ
363 1334 410 1361 τοῦ
424 1336 518 1371 τηρεῖν
537 1335 586 1368 τὰς
601 1336 720 1369 ἐντολὰς,
734 1335 783 1372 δῆ-

14 1387 34 1410 ν,
51 1380 103 1410 ὁτι,
123 1379 180 1406 κάν
201 1380 243 1406 ἐνὶ
261 1380 434 1416 ἁμαρτάνων,
458 1382 509 1408 οὐκ
522 1381 598 1409 ἔσται
615 1381 671 1414 υίὸς
694 1383 762 1410 Θεοῦ
773 1392 779 1399 ·

13 1433 47 1460 ερ
63 1426 142 1460 ἡμᾶς
169 1426 221 1461 μὲν
238 1427 268 1452 οὺ
289 1425 376 1461 θλίψει
396 1427 460 1459 τοὺς
475 1427 602 1461 λέγοντας
618 1429 649 1455 ὲκ
668 1430 783 1464 μεταϐο-

13 1479 26 1497 :
40 1470 172 1504 γίνεσθαί
192 1479 255 1497 τινα
279 1471 335 1498 υίόν
356 1471 436 1503 Θεοῦ,
456 1472 575 1504 ἐκείνους
596 1473 623 1500 δὲ
650 1474 687 1509 μὴ
709 1474 780 1500 πάνυ
796 1491 817 1521 C

13 1513 63 1546 ίξαι
80 1516 257 1552 δυναμένους
280 1518 488 1554 ἀναμαρτήτους
512 1519 635 1551 ἑαυτοὺς,
653 1520 699 1547 mi.
719 1521 782 1552 τοὺς

19 1564 76 1594 τοῖς
94 1563 197 1595 αὐτοῖς
217 1563 371 1599 μαθήμασι.
394 1564 424 1590 El
447 1564 529 1596 δὲτὸ,
548 1565 660 1598 ἀκούει,
676 1566 782 1601 λαμϐά-

18 1616 66 1642 μεν
84 1610 134 1635 ἐπὶ
150 1609 204 1636 τοῦ
220 1610 348 1641 συνιέναι,
367 1611 413 1637 καὶ
429 1613 508 1644 νοεῖν,
524 1612 706 1640 δεικνύτωσάν
722 1621 782 1639 τινα

13 1662 82 1680 ντων
108 1655 257 1682 ἀκούοντα
279 1656 364 1689 οὕτως
387 1657 440 1684 τῶν
458 1658 507 1693 τῆς
525 1658 628 1694 Καινῆς
646 1658 783 1694 Διαθήκης

13 1708 69 1732 ων,
89 1701 137 1728 ἵνα
152 1702 264 1729 ἐκεῖνον
287 1703 343 1738 (Η)
367 1703 489 1739 εἴπωμεν
511 1703 568 1730 υἱὸν
594 1703 672 1736 Θεοῦ,
698 1705 721 1730 εἰ
745 1705 782 1739 μὴ

16 1745 124 1780 δέχοιτο
150 1747 319 1783 ἀνατροπὴν
341 1749 381 1780 εἰς
400 1748 434 1775 τὰ
454 1749 520 1783 ἅγια
537 1749 687 1785 γράμματα
704 1750 720 1784 ὴ
739 1750 784 1775 ὲκ-

14 1792 31 1827 ὴ
49 1793 141 1820 αὑτοῦ
155 1802 163 1808 ·
181 1795 270 1829 ἡμεῖς
288 1793 341 1830 γὰρ
360 1795 408 1821 καὶ
423 1795 494 1821 κατὰ
511 1795 598 1822 ταῦτα
620 1795 706 1830 μέγαν
721 1795 783 1822 τινα

29 1838 205 1875 θαυμαστὸν
223 1838 292 1866 εἶναι
307 1841 502 1876 φανταζόμενοι
514 1841 559 1868 τὸν
570 1841 620 1877 ἤδη
633 1843 688 1868 υἱὸν
702 1842 781 1874 Θεοῦ,

28 1885 277 1921 ἐλεγχθησόμεθα
297 1886 412 1918 ἀναξίως
427 1887 481 1914 τῶν
496 1887 527 1913 ἐκ
541 1887 587 1914 τοῦ
601 1887 669 1914 Θεοῦ
685 1888 783 1924 ἐξειλη-

14 1938 46 1962 ες
59 1931 93 1958 τό
104 1940 112 1945 ·
137 1932 168 1957 Ὀ
188 1930 240 1957 ὢν
258 1931 292 1958 ἐκ
306 1932 358 1958 τοῦ
373 1932 446 1959 Θεοῦ
466 1933 501 1959 τὰ
509 1932 630 1968 ῥήματα
643 1933 695 1959 τοῦ
708 1933 782 1960 Θεοῦ

13 1977 75 2002 aiat.
97 1977 179 2012 Ἤδη
198 1977 233 2003 δὲ
249 1977 295 2003 καὶ
309 1977 341 2003 ὲκ
356 1977 409 2003 τῶν
431 1978 557 2004 ἐναντίων
583 1979 733 2014 παράδοξον
751 1979 783 2006 ἄν

13 2022 87 2048 ιανὲν
104 2022 320 2057 ἀποδειχθῆναι
335 2022 447 2049 δυνατὸν
465 2023 549 2050 ἔσται.
567 2023 598 2049 Τί
614 2024 642 2051 δὲ
654 2025 683 2051 τὸ
695 2025 783 2060 παρά-

13 2078 30 2094 νν
44 2069 61 2103 ἢ
79 2068 115 2095 τὸ
135 2067 219 2094 εἷναί
244 2076 306 2093 τινα
329 2067 422 2104 ἐτέρου
447 2068 504 2095 υἱοῦ
520 2069 587 2095 Θεοῦ
610 2069 710 2104 μᾶλλον
726 2070 782 2097 υἱὸν

13 2113 35 2145 5,
63 2115 119 2142 καὶ
153 2113 309 2140 διπλάσιον
332 2113 370 2145 ὡς
393 2114 486 2150 ἕτερον
510 2114 603 2150 ἑτέρου
629 2114 698 2142 εἶναι
726 2116 783 2143 υἱὸν

13 2161 40 2192 Ξ;
76 2160 146 2192 πῶς
170 2159 205 2186 δὲ
232 2158 315 2185 τοῦτο
345 2159 398 2186 ἀπὸ
418 2159 464 2186 τοῦ
488 2161 609 2187 ἐναντίου
635 2161 781 2194 δείκνυται,

13 2216 22 2232 ›
39 2207 295 2242 παραστήσομεν.
319 2206 362 2232 Ἔν
379 2205 416 2240 τῷ
431 2206 500 2233 κατὰ
520 2206 657 2234 Μαι-ϐατον
679 2209 692 2234 ὁ
716 2209 783 2244 πρὸς

26 2252 238 2288 γραμματεῖς
255 2250 300 2276 καὶ
311 2251 471 2286 Φαρισαίους
481 2252 606 2288 δεύτερος
621 2252 782 2288 ταλανισμδς

13 2306 37 2329 ›ς
52 2298 118 2333 ἔχει
132 2306 140 2312 ”
163 2296 254 2324 Οὐαὶ
268 2295 349 2330 ὑμῖν,
366 2297 544 2331 γραμματεῖς
557 2298 605 2325 καὶ
628 2299 782 2333 Φαρισαῖοι

13 2346 133 2380 κριταὶ,
156 2345 213 2372 ὅτι
231 2343 387 2377 περιάγετε
406 2343 463 2377 τὴν
486 2343 647 2371 θάλασσαι-
663 2345 712 2372 καὶ
727 2345 783 2380 τὴν

13 2393 61 2423 ἓν,
106 2390 263 2424 ποιῆσαι
295 2390 349 2416 ἕνα
382 2389 591 2423 προσήλυτον·
632 2391 682 2418 καὶ
711 2391 783 2418 ὅταν

13 2446 72 2465 ita!
84 2457 93 2469 ,
112 2435 255 2463 ποιεῖτε
269 2433 362 2461 αὐτὸν
381 2435 448 2462 υἱὸν
468 2435 592 2469 γεέννης
605 2435 783 2470 διπλότερον

13 2492 38 2508 ν*
59 2483 182 2510 οὐκοῦν
198 2481 281 2509 κατὰ
294 2480 372 2507 τοῦτο
385 2480 446 2507 οὔτε
456 2481 533 2515 φύσει
547 2482 599 2508 υἱοὶ
613 2482 722 2517 γεέννης
731 2483 782 2509 εἰσί

16 2552 23 2563 ,
43 2530 117 2558 οὔτε
136 2528 263 2559 ἐπίσης
284 2527 308 2552 οἱ
322 2527 369 2562 τῆς
385 2527 497 2562 γεέννης
510 2527 564 2554 υἱοὶ
582 2529 633 2555 υἱοί
649 2529 716 2554 εἰσιν
733 2529 781 2555 αὺ-

14 2577 82 2611 εῐγε
106 2577 227 2610 ἕτερος
244 2572 342 2608 ἑτέρου
358 2573 514 2609 διπλότερον
526 2574 583 2605 υἱός
603 2575 674 2601 ἐςτιν
689 2575 782 2610 αὐτῆς.

13 2647 124 2674 Matth.
142 2653 175 2676 ν,
194 2642 216 2669 4
226 2641 254 2668 ι.

14 2703 24 2739 )
48 2701 128 2739 μσς,
144 2698 279 2739 τρωθέν.
297 2695 477 2739 Εοκίξληξοι.

33 2731 148 2766 CoJ'ex
173 2733 310 2766 Regius,
330 2731 384 2758 οὐδ’
406 2733 491 2759 ὄλων-
519 2732 678 2762 ΒυΛΙίεῐοιιυς
702 2739 730 2761 ut
753 2734 778 2762 in

297 2641 319 2656 “
340 2640 419 2668 Joan.
444 2649 508 2679 rm,
525 2642 567 2668 t7.

14 2792 24 2799 .
34 2806 217 2836 Ἀκούειν.
243 2801 322 2835 Lego
335 2801 439 2828 ἀκούει.

63 2856 240 2886 ΡΑτιιοι.
268 2847 328 2876 Gn.
347 2848 430 2879 XIV.

607 2643 628 2657 ”‘
651 2642 727 2670 Joan.
751 2643 824 2676 x,27.

831 183 908 210 vestri
927 182 1038 210 celestis
1056 182 1078 198 ³³
1095 191 1101 214 ;
1120 190 1182 209 nam
1200 182 1223 210 si
1244 183 1342 210 l'aulus
1363 189 1460 212 natura
1484 185 1556 213 illius
1574 186 1620 213 ira:

829 232 900 261 erat,
921 229 982 264 quis
999 228 1124 263 superior
1137 232 1178 256 est
1191 228 1283 261 Paulo,
1300 235 1434 264 quatenus
1449 231 1481 258 ad
1498 232 1614 259 creatio~

831 282 892 302 nem
907 274 1014 307 attinet,
1034 279 1061 302 et
1075 275 1137 310 quis
1155 281 1206 302 nOn
1224 274 1294 302 ﬁlius
1311 275 1370 308 ine,
1384 280 1530 311 antequam
1546 279 1620 305 acci-

831 319 886 354 piat
900 324 1063 354 potestatem
1081 321 1165 348 ﬁlium
1183 321 1230 348 Dei
1248 321 1316 353 ﬁeri,
1335 326 1363 348 et
1382 327 1528 357 antequam
1546 323 1618 350 illius

831 365 879 393 Dei
895 365 1052 394 eﬂiciatnr?
1069 367 1145 400 Quod
1171 367 1194 394 si
1216 375 1269 394 non
1291 367 1368 395 aliter
1390 367 1506 396 ellicitur
1519 370 1619 405 aliquis

830 411 903 439 ﬁlius
918 411 1006 439 Patris
1020 413 1150 446 caelestis,
1167 412 1218 439 nisi
1234 413 1372 448 diligendo
1389 421 1452 442 suos
1469 415 1553 450 ipsius
1566 416 1619 443 ini-

830 457 918 485 micos
932 462 960 485 et
971 459 1077 485 orando
1091 466 1140 494 pro
1151 459 1378 493 persequentibus
1391 467 1430 493 se,
1441 462 1617 497 perspicuum

830 508 873 530 est
887 503 991 531 nullum
1010 504 1158 537 hominem,
1178 512 1211 532 eo
1233 505 1304 539 quod
1328 511 1423 534 natura
1440 507 1477 535 sit
1500 516 1530 536 ex
1551 509 1617 541 Deo.

832 549 913 576 verba
931 548 976 576 Dei
996 549 1102 582 audire,
1118 550 1165 577 sed
1181 551 1244 585 quia
1259 553 1396 586 acceperit
1410 557 1571 587 potestatem
1590 561 1619 582 ut

832 595 901 622 ﬁlius
921 594 967 622 Dei
987 594 1130 628 elliciatur,
1154 603 1239 632 eaque
1255 602 1348 624 utatur
1361 600 1516 632 commode,
1540 606 1567 627 et
1585 609 1617 629 eo

832 642 904 676 quod
923 643 1049 670 dilexerit
1075 643 1211 677 inimicos,
1227 649 1254 672 et
1270 645 1391 672 oraverit
1411 653 1460 680 pro
1475 653 1505 673 se
1519 646 1619 674 laeden-

833 689 917 722 tibus,
936 689 1024 716 iactus
1051 689 1121 717 ﬁlius
1144 689 1233 717 Patris
1260 691 1395 724 caelestis,
1415 696 1480 720 tunc
1505 700 1564 720 esse
1585 701 1617 720 ex

834 734 899 766 Deo,
914 740 941 761 et
954 735 1037 762 verba
1048 735 1093 762 Dei
1108 735 1212 768 audire,
1229 735 1379 771 intelligens
1389 744 1430 771 ca,
1439 742 1466 765 et
1476 738 1619 766 scientiam

833 779 940 806 illorum
960 780 1095 815 recipiens
1110 788 1192 816 :.quae
1206 788 1250 809 res
1264 790 1316 809 non
1333 784 1439 818 propria
1458 788 1500 811 est
1522 786 1618 817 servis,

798 812 818 839 Β
832 826 878 853 sed
897 825 939 853 his
953 826 999 861 qui
1011 812 1075 854 sunt
1089 812 1208 861 Deivﬁlii,
1224 829 1270 863 qui
1280 812 1390 857 omnem
1401 829 1510 864 quidem
1527 834 1618 858 ortum

833 871 1038 904 destruxerunt,
1062 872 1109 900 sed
1132 877 1220 900 ortum
1244 881 1259 901 a
1283 874 1339 902 Deo
1360 881 1533 910 receperunt,
1552 876 1620 904 duce

833 917 931 951 spiritu
950 918 1115 953 adoptionis.
1143 918 1250 946 Pariter
1276 920 1341 948 illud
1368 922 1449 949 etiam
1477 923 1620 959 diligenter

833 963 1063 991 considerandum
1077 970 1129 997 est,
1147 965 1283 999 quomodo
1303 966 1390 1002 accipi
1415 976 1484 1003 opus
1508 969 1544 997 sit
1568 971 1619 998 hoc

833 1007 954 1036 dictum:
973 1008 1056 1036 Verba
1075 1010 1122 1036 Dei
1141 1010 1216 1038 audit
1232 1011 1255 1027 "
1270 1020 1278 1045 ;
1300 1012 1345 1039 cui
1362 1013 1450 1041 simile
1468 1019 1510 1042 est
1529 1015 1593 1042 illud
1610 1024 1617 1043 :

834 1052 900 1080 Ores
912 1061 978 1081 mea:
990 1062 1077 1081 vocem
1092 1063 1176 1082 meam
1195 1056 1307 1084 audiunt
1320 1058 1351 1083 ’⁸.
1369 1057 1438 1085 Nam
1458 1059 1481 1086 si
1499 1061 1619 1088 vocabu-

833 1097 889 1125 lum
905 1099 980 1126 audit
998 1099 1032 1127 de
1047 1100 1118 1128 nudo
1131 1108 1272 1130 sumamus
1288 1109 1434 1136 consensu,
1456 1104 1538 1132 etiam
1557 1106 1619 1133 ani-

834 1145 918 1173 males
937 1145 970 1173 ad
985 1150 1090 1182 tempus
1107 1147 1251 1176 credentes
1266 1155 1299 1175 ex
1313 1147 1367 1176 Deo
1383 1154 1464 1176 erunt
1482 1158 1490 1177 :
1510 1151 1543 1178 de
1558 1152 1619 1186 qui-

832 1191 884 1218 bus
905 1191 1037 1220 Servator
1057 1193 1144 1227 inquit
1155 1193 1188 1227 “,
1206 1195 1338 1229 quosdam
1351 1202 1412 1223 esse
1429 1196 1474 1231 qui
1493 1197 1528 1225 ad
1551 1201 1620 1225 tem-

833 1245 883 1272 pus
897 1238 1022 1266 credant.
1059 1239 1176 1267 Rursum
1198 1240 1220 1268 si
1246 1241 1357 1268 t'crbum
1382 1243 1457 1269 audit
1480 1251 1619 1270 sumamus

833 1290 883 1318 pro
902 1290 935 1311 eo
948 1284 1020 1319 quod
1037 1289 1089 1318 est,
1103 1292 1216 1314 servare
1233 1288 1373 1320 mandata,
1388 1290 1561 1324 perspicuum
1578 1295 1620 1318 est

833 1330 876 1357 vel
897 1330 922 1357 in
940 1338 994 1358 uno
1010 1337 1181 1367 peccantem,
1209 1341 1263 1361 non
1292 1333 1412 1361 futurum
1436 1335 1521 1363 ﬁlium
1549 1336 1619 1364 Dei:

834 1377 906 1411 quod
920 1377 1030 1412 quidem
1047 1386 1099 1406 non
1115 1386 1165 1406 nos
1184 1380 1294 1414 premit,
1313 1380 1357 1414 qui
1382 1380 1496 1409 dicimus
1510 1389 1542 1408 ex
1562 1389 1620 1409 mn-

833 1422 936 1450 latione
953 1430 1172 1459 unumquemque
1198 1424 1283 1452 ﬁlium
1310 1424 1357 1452 Dei
1382 1425 1440 1453 ﬁeri
1462 1434 1469 1459 ;
1494 1427 1541 1454 sed
1559 1427 1620 1456 illos

833 1468 878 1502 qui
895 1476 982 1504 neque
999 1470 1112 1505 seipsos,
1131 1477 1220 1504 neque
1237 1470 1331 1498 iisdem
1348 1471 1500 1506 disciplinis
1527 1473 1618 1501 imbu-

835 1519 876 1541 tos
898 1513 980 1542 facile
1008 1516 1151 1543 ostendere
1173 1520 1285 1551 possunt
1302 1516 1542 1555 [ἀναμαρτήτους,
1568 1521 1620 1548 hoc

834 1559 893 1596 est]
915 1560 1116 1595 impeccabiles.
1133 1562 1208 1595 Quod
1227 1563 1250 1590 si
1266 1564 1342 1590 audit
1365 1571 1503 1593 sumamus
1524 1573 1573 1600 pro
1588 1574 1621 1594 eo

833 1606 905 1640 quod
919 1611 962 1633 est
979 1606 1141 1642 intelligere,
1163 1613 1191 1634 et
1208 1609 1394 1642 considerare,
1412 1612 1558 1639 ostendant
1573 1613 1623 1639 ali-

834 1658 916 1686 quem
932 1659 1028 1680 omnes
1042 1653 1114 1680 hunc
1132 1653 1157 1680 in
1172 1654 1281 1681 modum
1298 1653 1364 1682 Novi
1380 1655 1546 1685 Testamenti
1562 1666 1622 1685 ser—

835 1705 929 1725 mones
942 1699 1110 1731 audientem,
1128 1704 1157 1726 ut
1172 1699 1247 1726 illum
1272 1699 1396 1728 dicamus
1420 1702 1504 1730 ﬁlium
1523 1704 1581 1737 Dei,
1596 1705 1619 1732 si

834 1745 968 1779 expositio
983 1744 1053 1772 illius
1064 1746 1091 1772 in
1108 1746 1193 1774 sacris
1209 1747 1357 1782 Scriptnris
1369 1746 1551 1776 inversionem
1564 1758 1616 1778 non

834 1790 947 1823 recipiat
960 1799 968 1817 ε
984 1797 1033 1817 nos
1046 1791 1117 1818 enim
1134 1792 1216 1818 etiam
1229 1792 1256 1819 in
1270 1793 1311 1820 his
1322 1801 1448 1828 magnum
1463 1795 1619 1829 quemdam,

833 1839 861 1862 et
875 1835 1062 1863 admirandum
1084 1837 1263 1872 imaginantes
1278 1845 1337 1865 esse
1353 1845 1426 1872 eum,
1443 1840 1489 1874 qni
1505 1839 1562 1873 jam
1585 1842 1618 1867 li-

834 1881 885 1909 lius
905 1882 952 1908 Dei
969 1881 1080 1909 effectus
1103 1889 1157 1915 est,
1181 1891 1234 1910 non
1260 1884 1370 1919 indigne
1386 1885 1429 1919 iis,
1444 1886 1490 1920 qui
1506 1893 1540 1913 ex
1562 1886 1616 1913 Deo

834 1932 906 1960 sunt,
927 1935 1074 1962 arguemur
1095 1930 1233 1964 accepisse
1261 1931 1326 1958 illud
1342 1939 1349 1958 :
1365 1930 1418 1964 Qui
1437 1937 1473 1958 est
1497 1941 1530 1959 ex
1553 1932 1619 1964 Deo,

835 1976 911 2001 uerba
926 1975 975 2002 Dei
994 1976 1079 2002 audit.
1103 1976 1163 2004 1am
1181 1985 1246 2005 vero
1263 1979 1419 2012 paradoxon
1437 1980 1518 2006 etiam
1541 1981 1620 2014 quid—

834 2021 906 2056 piam
922 2021 993 2056 quod
1016 2029 1048 2048 ex
1065 2023 1211 2050 contrariis
1227 2031 1367 2058 cmergere
1392 2025 1499 2053 videtur
1526 2026 1617 2060 expla-

835 2067 892 2093 nari
913 2068 1023 2101 poterit.
1042 2068 1182 2101 Quodnam
1204 2075 1245 2096 est
1265 2075 1354 2097 autem
1379 2072 1546 2105 paradoxon.
1569 2073 1620 2099 nisi

834 2113 905 2146 quod
924 2113 1023 2148 aliquis
1048 2114 1119 2141 ﬁlius
1138 2114 1183 2141 Dei
1197 2115 1250 2142 alio
1266 2116 1299 2142 sit
1318 2115 1402 2152 magis
1422 2116 1493 2143 illius
1515 2116 1573 2149 Dei,
1595 2122 1621 2144 et

799 2161 821 2188 D
835 2159 906 2193 quod
923 2160 992 2187 alius
1009 2159 1079 2187 ﬁlius
1096 2160 1142 2188 Dei
1160 2161 1196 2188 sit
1216 2161 1302 2196 magis
1319 2161 1372 2189 alio
1396 2162 1421 2190 in
1441 2163 1522 2198 duplo
1547 2163 1621 2191 ﬁlius

837 2205 882 2232 Dei
897 2205 908 2225 ’ν
921 2205 1001 2240 352
1017 2206 1088 2240 quod
1102 2206 1236 2240 quomodo
1253 2215 1284 2234 ex
1300 2208 1439 2236 contrario
1451 2209 1621 2242 ostendatur,

835 2250 876 2277 sic
902 2259 1093 2285 proponemus.
1115 2250 1142 2278 in
1161 2251 1307 2287 Evangelio
1331 2260 1345 2279 a
1372 2253 1497 2281 lliatthaao
1524 2255 1621 2282 tradito

836 2297 955 2324 secunda
972 2298 1147 2325 comminatio
1169 2298 1202 2325 ad
1228 2298 1381 2327 Pharisreos
1404 2304 1431 2326 et
1455 2300 1562 2328 seribas
1582 2302 1622 2329 sic

836 2351 865 2371 se
880 2343 960 2371 habet
975 2352 982 2370 :
1003 2343 1047 2371 ντε
1062 2345 1142 2378 vobis,
1160 2346 1253 2372 scribw
1279 2351 1301 2372 et
1320 2345 1450 2373 Pliariuzi
1467 2347 1619 2382 hypocrita,

838 2391 898 2424 quia
914 2390 992 2417 abitis
1009 2398 1080 2417 mare
1095 2396 1118 2418 et
1132 2397 1228 2418 terram
1243 2397 1270 2418 ul
1285 2392 1390 2426 faciatis
1407 2402 1486 2421 unum
1503 2397 1621 2432 prosely;

838 2442 912 2468 tum;
935 2441 957 2463 et
978 2444 1036 2464 cum
1055 2436 1133 2470 fuerit
1150 2437 1248 2470 lactus,
1267 2437 1354 2471 facitis
1372 2438 1449 2465 illum
1475 2440 1560 2474 ﬁlium
1578 2450 1621 2477 ge

837 2483 928 2510 [tenuat
954 2483 1033 2516 duplo
1062 2483 1143 2518 magis
1167 2491 1248 2517 quam
1268 2493 1310 2511 vos
1327 2485 1390 2512 cui:
1405 2487 1450 2519 ¹⁷;
1473 2487 1556 2522 igitur
1571 2488 1622 2516 hac

838 2529 954 2560 ratione,
970 2535 1057 2563 neque
1071 2529 1180 2563 quidam
1199 2534 1295 2556 natura
1317 2536 1380 2558 sunt
1407 2531 1454 2559 ﬁlii
1476 2534 1618 2568 gehenna.

839 2581 926 2609 neque
941 2574 1073 2608 gehennae
1098 2574 1144 2601 lilii
1171 2581 1204 2601 ex
1226 2582 1306 2610 aequo
1330 2581 1394 2604 sunt
1418 2578 1490 2607 illius
1513 2579 1575 2614 ﬁlii,
1597 2584 1621 2608 si

861 2643 884 2659 ²⁶
901 2643 965 2670 Luc.
982 2650 1041 2677 rm,
1061 2643 1103 2670 l3.
1141 2644 1163 2659 ⁸⁷
1176 2643 1271 2672 Matth.
1286 2653 1363 2678 unt,
1383 2647 1427 2675 15.

870 2698 991 2735 (Ιθῌίαὶ
1003 2701 1030 2726 οἱ
1039 2700 1176 2734 ψυχικοὶ,
1187 2706 1240 2729 etc.
1255 2701 1394 2731 Secundus
1406 2704 1544 2732 hominum
1555 2710 1622 2735 ordo

832 2733 908 2768 juxta
927 2734 1108 2761 Valentinum.

871 2768 894 2802 (Ι
903 2768 927 2803 ί)
943 2769 1005 2810 Ἵνα
1018 2769 1144 2797 ἐκεῖνον.
1156 2770 1301 2806 Perpcram
1312 2773 1396 2801 codex
1414 2773 1513 2809 Regius
1526 2775 1619 2810 habet,

834 2801 903 2831 εἶναι
918 2801 1054 2839 ’κείμενον.
1211 2801 1218 2806 ’
1408 2831 1411 2834 ί

1441 2854 1478 2884 21
