1841 3047
33 135 75 163 ὖίιτ
536 133 714 161 COMMENT.
738 133 760 160 l)

536 133 714 161 COMMENT.
738 133 768 160 IN
791 133 889 163 JOAN.
911 133 1030 164 TOMUS
1049 135 1107 162 XX.

1579 141 1631 168 658

27 196 108 230 λόγον,
130 192 272 221 καὶταῦτα
297 194 458 229 ἀναγραφῆς
484 194 633 225 ἀξιωθέντα
659 193 711 219 ὑπὸ
738 201 751 218 τ

907 199 950 219 um
966 192 1030 220 Jesu
1047 192 1171 225 verbum,
1190 193 1340 228 praesertim
1359 194 1431 229 quod
1452 195 1574 223 habitum
1591 196 1632 223 di-

28 242 99 276 ἁγίων
112 240 234 276 μαθητῶν
255 239 336 266 αὑτοῦ
350 259 358 272 ,
382 240 419 271 ὡς
443 240 536 274 ἔτυχεν
555 241 710 267 ἐκδεκτέον·
726 239 793 266 ἀλλά

27 289 103 314 πᾶσαν
116 286 226 321 βάσανον
251 286 297 312 καὶ
314 287 370 317 τοῖς
394 286 582 321 νομιζομένοις
607 284 676 312 εἶναι
695 285 792 320 σαφέσι

25 331 174 366 προσακτέον
187 351 195 363 ,
221 332 272 358 οὐκ
287 331 524 365 ἀπογινώσκοντα,
543 332 584 357 ὅτι
598 331 644 357 καὶ
665 330 729 366 περὶ
747 330 792 356 τὸν

24 377 185 412 ἀνυπονόητον
202 377 248 403 καὶ
264 377 366 404 ἁπλοῦν
388 375 456 403 εἶναι
472 377 634 413 νομισθέντα
650 377 728 410 λόγον
741 377 791 403 αὺ-

22 421 61 448 τοῦ
77 420 245 456 εὑρεθήσεται
267 422 324 452 τοῖς
351 421 438 457 ὀρθῶς
466 421 592 457 ζητοῦσιν
608 421 683 453 ἄξιόν
698 430 724 448 τι
744 421 790 448 τοῦ

25 468 86 504 ἱεροῦ
102 466 230 502 στόματος
254 467 370 494 ἐκείνου.
386 468 418 493 El
435 467 463 493 δὲ
480 476 530 494 που
548 467 585 503 μὴ
609 467 771 502 εὑρίσκομεν
782 487 789 499 ,

20 514 102 549 ἡμᾶς,
128 512 174 540 καὶ
197 512 228 540 0'3
253 512 331 547 λόγον
354 512 402 539 τοῦ
429 512 516 548 Ἰησοῦ
533 513 678 545 αἰτιατέον,
704 512 741 545 ὡς
759 513 790 539 οὐ

21 558 121 584 πνέοέτα
134 556 187 584 τῶν
204 558 236 584 ἐκ
257 556 440 593 πληρώματος
464 557 569 592 μεστῶν
594 557 721 594 ἀληθείας
743 558 790 585 καὶ

19 603 103 637 σοφίας
115 601 265 637 δαγμάτων.
285 601 379 629 Ταῦτα
399 602 428 628 δέ
449 611 494 637 μοι
514 602 619 638 εἴρηται
638 602 791 638 βουλομένῳ

18 648 129 681 ἐξετάσαι
151 648 197 674 τό·
218 647 291 682 Ἐγὼ
305 647 460 682 δαιμόνιον
480 649 536 675 οὐκ
556 649 629 684 ἐχω-
647 648 681 675 δι⁷
699 647 729 675 οὗ
749 648 789 675 δι-

13 693 158 728 δασκόμεθα
173 694 271 725 πάντες
295 694 319 720 οἱ
342 693 381 729 τῷ
400 693 556 729 Εὐαγγελίῳ
584 694 791 730 ἐντυγχάνοντες

15 741 118 775 πρᾶγμα
131 739 145 766 ὃ
159 741 210 767 οὐκ
224 740 334 775 ᾔδειμεν
351 740 398 767 καὶ
415 739 479 776 πρὶν
495 740 614 775 ἐντυχεῖν
642 740 683 776 τῷ
702 741 790 775 Εὐαγ-

12 785 94 820 γελέῳ.
111 786 142 812 Τί
157 786 186 812 δὲ
201 785 279 812 τοῦτό
295 787 369 813 ἐστιν
385 787 434 822 ’ήδη
455 787 645 823 κατανοητέον.
666 788 790 823 Ἀρέσκει

12 832 74 859 κατά
89 832 137 864 τὰς
152 833 265 868 Γραφάς
280 834 344 865 τοὺς
371 834 575 869 ἁμαρτάνοντας
597 834 682 862 πολλὰ
703 836 790 861 ποιεῖν

11 879 78 914 παρά
97 879 141 906 τὸν
163 879 253 914 λόγον,
271 879 301 906 οὐ
318 879 351 906 δι’
368 880 432 908 ἄλλο
451 880 466 915 ἢ
482 880 521 915 τῷ
534 881 674 913 δεκτικοὺς
691 881 790 914 αὐτοὺς

8 923 138 958 γεγονέναι
167 924 309 960 ἐνεργείας
333 923 453 960 πονηροῦ
484 925 655 961 πνεύματος,
675 926 691 961 ἢ
711 926 790 962 θελή-

6 977 85 1003 ματος
107 969 265 1005 ἀκαθάρτου
280 969 430 1005 δαιμονίου.
454 970 511 997 οὐκ
530 970 656 1007 ὤκνησαν
674 969 720 998 οὖν
744 973 791 999 καὶ

4 1013 34 1040 τὰ
49 1014 212 1049 νομισθέντα
229 1015 264 1042 ἂν
279 1016 407 1051 ἐλάχιστα
423 1013 491 1043 εἶναι
516 1016 721 1052 ἁμαρτημάτων
733 1017 790 1044 δαι-

6 1060 101 1094 μονίοις
129 1060 270 1096 προσάψαι
283 1062 307 1087 οί
323 1062 460 1096 φήσαντες
475 1061 524 1097 τὴν
539 1062 680 1097 ὸξυχολίαν
694 1062 790 1098 δαιμό-

5 1114 52 1132 νιον
71 1105 150 1138 εἶναι,
166 1106 269 1142 ὁμοίως
292 1106 320 1133 δὲ
347 1107 394 1133 καὶ
412 1107 460 1143 τὴν
477 1107 653 1135 καταλαλιάν.
667 1107 749 1140 Εἰκὸς
761 1107 790 1135 δὲ

6 1150 44 1176 καὶ
62 1151 129 1177 ἀλλα
153 1150 240 1186 μυρία
273 1150 418 1187 δαιμονίων
454 1152 673 1187 φαντασιούντων
691 1154 786 1189 ἡμᾶς,

4 1197 42 1223 καὶ
67 1197 266 1232 ἐνεργούντων,
283 1197 353 1224 κατά
377 1198 407 1224 τὸ
430 1199 542 1226 ἐκείνων
559 1199 664 1235 θέλημα
685 1201 788 1227 ποιεῖν·

6 1242 42 1268 (αὶ
62 1242 136 1270 ἔστιν
154 1244 185 1269 ὲν
199 1243 353 1279 ἀνθρώποις
369 1243 463 1280 ὥσπερ
486 1245 574 1277 οὐδεὶς
596 1245 715 1281 καθαρὸς
736 1245 790 1273 ἀπὸ

4 1287 87 1321 Ηπου,
104 1289 154 1316 καὶ
169 1289 260 1321 οὐδεὶς
280 1289 384 1322 δίκαιος
408 1291 454 1317 ἐπὶ
483 1290 533 1326 τῆς
554 1291 622 1327 γῆς,
638 1292 667 1323 ὃς
681 1292 789 1328 ποιήσει

5 1333 90 1367 ιγαθὺν
100 1354 110 1366 ,
125 1335 175 1361 καὶ
193 1335 244 1370 οὐχ
261 1335 450 1371 ἁμαρτήσεται
460 1343 468 1351 ”
493 1336 564 1363 οὕτω
581 1336 628 1363 καὶ
644 1337 731 1369 οὐδεὶς
746 1337 789 1363 ἀεὶ

4 1380 40 1406 ,πὸ
57 1380 214 1417 δαιμονίων
232 1381 417 1416 καθαρεύσας,
435 1382 482 1409 καὶ
496 1382 630 1418 μηδέποτε
643 1383 788 1418 γενόμενος

5 1425 36 1460 ῆς
51 1425 106 1452 ἀπὸ
124 1425 236 1453 τούτων
251 1427 391 1462 ἐνεργείας
402 1428 591 1460 ἀνεπίδεκτος.
610 1429 709 1465 Διόπερ
719 1449 726 1462 ,
742 1429 789 1457 ἀλ-

3 1471 171 1507 ηγοροῦντες
199 1472 252 1504 τὰς
278 1472 307 1499 ὲν
328 1472 367 1508 τῷ
387 1473 547 1509 Εὐαγγελίῳ
563 1473 730 1510 θεραπείας,
760 1476 789 1502 ὲν

3 1513 26 1548 ἴς
48 1517 103 1544 εἰσι
128 1517 182 1544 καὶ
213 1517 268 1545 τῶν
297 1518 442 1554 δαιμονίων
481 1520 642 1553 ἀπελάσεις,
672 1521 789 1557 ἐροῦμεν

4 1562 90 1590 άντων
106 1564 156 1591 ἀεὶ
170 1563 378 1591 ἀπελαύνεσθαι
398 1566 461 1597 τοὺς
472 1565 602 1601 δαίμονας
618 1566 670 1593 ὑπὸ
688 1568 786 1603 Ἰησοῦ,

3 1608 32 1634 ὗν
53 1610 134 1645 παρὰ
158 1610 194 1637 τὸ
209 1610 432 1646 τεθεραπεῦσθαι
453 1612 505 1639 ὑπὸ
521 1612 568 1639 τοῦ
584 1613 672 1648 Λόγου
689 1614 788 1649 μηκέτι

3 1653 225 1690 αραδεχομένων
248 1655 298 1687 τὰς
320 1655 374 1682 τῶν
392 1656 526 1692 δαιμόνων
538 1658 686 1693 ἐνεργείας.
699 1659 787 1686 Moveo

4 1700 64 1727 twv
81 1701 197 1736 νομίζω
213 1699 285 1728 εἴναι
306 1702 394 1738 Ἰησοῦ
409 1703 500 1739 φωνὴν
516 1704 573 1738 (τοῦ
594 1704 674 1740 μόνου
700 1706 788 1733 ἀπεκ-

9 1747 130 1782 σαμένου
147 1746 205 1779 τὰς
223 1747 322 1783 ἀρχὰς,
339 1749 386 1775 καὶ
401 1748 450 1781 τὰς
464 1749 597 1784 ἐξουσίας,
614 1751 662 1777 καὶ
674 1751 788 1786 δειγμα-

2 1800 102 1825 σαντος
117 1794 149 1820 ὲν
165 1794 330 1829 παρρησίᾳ,
346 1795 393 1822 καὶ
409 1794 641 1831 θριαμϐεύσαντος
657 1797 686 1824 ὲν
704 1796 785 1832 ξύλῳ,

5 1837 107 1864 ὀπαιον
134 1838 217 1864 κατὰ
244 1837 336 1872 πάσης
358 1838 549 1874 ἀντικειμένης
573 1839 713 1875 δυνάμεως
740 1840 786 1866 τὸν

2 1884 90 1919 αυρὺν
107 1883 305 1920 στήσαντος),
327 1883 421 1919 ὥσπερ
436 1884 481 1911 τό·
501 1886 641 1920 Ἔρχεται
655 1887 671 1912 ό
690 1884 789 1920 ἅρχων

3 1932 20 1958 ῦ
33 1933 166 1968 κόσμου
187 1933 315 1964 τούτου,
332 1932 381 1959 καί
398 1932 432 1959 ἐν
457 1932 521 1968 ἐμοὶ
538 1934 593 1959 οὐκ
606 1933 668 1967 ἔχει
687 1932 787 1964 οὐδὲν,

0 1987 52 2011 τως
67 1979 121 2006 καὶ
138 1980 187 2006 τόο
217 1977 292 2013 Ἐγὼ
310 1978 447 2014 δαιμόνιον
466 1978 527 2006 οὕτε
543 1978 631 2014 ἔσχον,
649 1978 710 2005 οὒτε
723 1979 786 2014 ἔχω,

3 2032 24 2050 τε
41 2025 112 2057 ἔξω.
132 2025 201 2060 Τὴν
219 2024 251 2051 δὲ
273 2024 365 2060 φωνὴν
391 2024 529 2060 δυνάμεθα
559 2025 608 2060 μὲν
636 2025 683 2052 καὶ
707 2026 789 2061 ἡμεῖς

0 2071 206 2106 πνέγκασθαι
240 2070 287 2096 καὶ
311 2070 418 2104 λέγειν*
450 2071 608 2105 Δαιμόνιον
626 2073 683 2099 οὐκ
711 2073 786 2106 ἔχω,

1 2115 17 2140 ι’
46 2115 299 2151 ὲλεγχθησόμεθα
320 2115 421 2150 ὁμοίως
438 2117 493 2148 τοῖς
511 2117 710 2152 ἀρνησαμένοις
725 2118 788 2153 περὶ

1 2161 3 2183 ί
30 2162 186 2198 δαιμονᾷν
221 2160 294 2196 (‘22),
315 2161 361 2188 καὶ
385 2162 414 2188 ὲν
438 2162 530 2194 αὐτοῖς
552 2164 610 2195 τοῖς
626 2163 787 2199 πράγμασιν

844 246 927 272 gnum
945 238 1027 266 fuerit
1051 239 1200 274 scriptione
1213 247 1228 267 a
1243 241 1344 267 sanctis
1368 240 1453 276 ipsius
1479 242 1630 276 discipulis,

844 283 993 319 vulgariter
1008 284 1216 319 intelligendum
1233 290 1285 313 est.
1301 285 1372 319 Quin
1387 287 1472 313 etiam
1489 288 1578 315 euntis
1590 289 1631 315 di«

843 329 955 364 ligentia
982 330 1138 358 adhibenda
1153 335 1195 358 est
1210 339 1225 358 a
1243 331 1322 359 nobis
1338 331 1386 359 his
1397 334 1479 359 etiam
1498 341 1559 368 qua:
1573 333 1631 360 exi-

844 376 991 404 stimantur
1003 381 1113 412 aperta;
1128 385 1181 405 non
1193 377 1369 412 desperantes
1381 379 1407 405 in
1422 379 1481 413 ejus
1493 386 1631 411 sermone,

843 422 949 450 etiamsi
973 427 1202 457 extemporaneus
1218 428 1245 450 et
1267 423 1381 458 simplex
1404 431 1464 451 esse
1491 424 1630 457 credatur,

845 468 960 495 inveniri
979 472 1088 504 sé'm'p‘er
1111 469 1213 500 aliquid
1234 469 1306 496 illius
1326 477 1374 496 ore
1395 478 1473 497 sacro
1489 470 1601 504 dignum
1615 478 1630 497 a

843 515 917 537 recte
930 509 1123 544 quaerentibus.
1141 509 1219 542 Quod
1235 510 1258 537 si
1277 510 1421 548 aliquando
1437 520 1489 540 non
1506 513 1630 540 invenia—

842 563 912 586 mus,
931 563 979 583 nos
1002 555 1142 583 incusandi
1164 563 1268 588 sumus,
1290 563 1343 583 non
1363 556 1426 584 Jesn
1447 565 1546 591 sermo,
1567 563 1628 585 tan-

841 609 922 636 quam
937 602 982 636 qui
999 609 1050 629 non
1067 601 1153 636 spiret
1174 608 1207 629 ex
1228 601 1396 636 plenitudine
1412 603 1535 637 dogmata
1552 603 1628 638 plena

843 647 965 674 veritatis
983 651 1011 674 et
1027 647 1179 681 sapientia).
1195 646 1260 680 Qua:
1277 647 1342 674 tnihi
1366 648 1437 675 dicta
1453 653 1517 675 sunt
1529 648 1629 676 volenti

842 693 979 728 inquirere
1001 693 1034 720 de
1053 700 1087 720 eo
1103 700 1110 718 :
1128 692 1184 728 Ego
1206 693 1366 720 dia-monium
1385 702 1436 721 non
1461 693 1562 721 habeo:
1582 701 1631 729 per

843 740 914 775 quod
935 747 1030 768 omnes
1052 739 1229 775 Evangelium
1252 740 1372 776 legentes
1402 748 1458 769 rem
1487 741 1628 775 docemur,

844 793 935 821 quam,
950 791 1094 821 antequam
1109 785 1284 820 Evangelium
1300 787 1461 822 legeremus,
1478 795 1531 815 non
1548 795 1630 815 nove-

844 839 954 859 ramus:
975 839 1034 867 quae
1055 831 1209 866 qualisnam
1227 832 1262 858 sit
1281 832 1336 866 jam
1363 833 1558 860 consideranda
1577 837 1627 860 est.

807 866 828 893 Β
843 875 975 904 Convenit
987 866 1073 910 Vjuxta
1098 875 1256 910 Scripturas
1274 876 1357 903 multa
1379 881 1523 912 peccantes
1540 877 1630 905 facere

843 927 941 957 praeter
958 922 1106 955 rationem,
1126 930 1178 950 non
1196 923 1231 950 ob
1245 922 1317 949 aliud
1336 922 1388 950 nisi
1410 923 1473 958 quia
1491 923 1553 951 iacti
1571 923 1629 951 fue-

842 969 896 997 rint
908 976 1021 1003 capaccs
1038 970 1207 1003 operationis
1223 970 1287 997 mali
1302 969 1424 1004 spiritus,
1443 970 1485 997 vel
1501 970 1630 998 volunta-

843 1015 877 1043 tis
901 1015 1032 1042 immundi
1056 1015 1196 1042 daemonis.
1223 1015 1280 1042 Non
1304 1015 1464 1043 dubitarunt
1487 1015 1570 1048 igitur
1588 1016 1629 1043 vel

841 1067 872 1087 ea
888 1067 949 1094 qua:
963 1059 1156 1086 existimantur
1174 1067 1235 1088 esse
1254 1060 1323 1087 levia
1350 1066 1473 1094 peccata,
1490 1061 1629 1088 dmmoniis

841 1105 923 1141 356
945 1105 1063 1132 tribuere
1083 1105 1121 1132 illi
1146 1105 1191 1139 qui
1222 1106 1349 1133 dixerunt
1370 1107 1540 1141 repentinam
1559 1107 1628 1134 iram

841 1152 1021 1186 similiterque
1051 1151 1248 1179 detractionem
1271 1152 1435 1180 dannonium
1462 1160 1532 1180 esse.
1556 1154 1630 1181 (Zon-

838 1201 1002 1225 sentaneum
1027 1204 1091 1224 vero
1108 1202 1161 1229 est,
1185 1197 1327 1225 daemoniis
1345 1198 1371 1225 in
1397 1198 1477 1226 nobis
1499 1198 1630 1233 imagina-

843 1241 933 1269 tiones
947 1241 1180 1276 imprimentibus,
1195 1241 1222 1268 in
1242 1249 1347 1276 nosque
1363 1242 1539 1276 operantibus
1551 1243 1630 1270 innu-

841 1296 915 1315 mera
941 1288 1005 1320 alia,
1022 1295 1072 1316 nos
1091 1287 1172 1322 juxta
1198 1288 1307 1316 illnrutn
1328 1288 1494 1317 voluntatem
1516 1290 1628 1317 facere:

839 1338 867 1362 et
883 1339 913 1362 ut
935 1334 1007 1361 inter
1024 1334 1149 1362 homines
1174 1334 1267 1362 nullus
1282 1339 1323 1362 est
1336 1335 1438 1370 absque
1462 1335 1586 1363 sordibus
1595 1335 1629 1368 “,

840 1385 868 1408 et
886 1380 976 1408 nullus
993 1380 1085 1414 justus
1104 1388 1187 1416 super
1210 1385 1322 1414 terram,
1343 1381 1388 1416 qtti
1411 1381 1493 1408 faciat
1518 1382 1629 1413 bonum,
1680 1382 1683 1385 ”

839 1432 868 1454 et
885 1434 939 1454 non
960 1431 1055 1462 peccet
1068 1426 1110 1460 “;
1137 1427 1178 1455 sic
1201 1427 1283 1455 etiam
1310 1427 1399 1456 nullus
1418 1433 1460 1455 est
1488 1435 1593 1462 semper
1615 1437 1629 1454 ιι

840 1473 983 1502 daemoniis
1011 1473 1141 1506 mundus,
1169 1478 1196 1501 et
1230 1478 1361 1509 perpetuo
1390 1474 1478 1501 factus
1515 1473 1631 1508 incaan

841 1519 1009 1553 operationis
1030 1519 1141 1546 horum.
1167 1519 1302 1552 Quocirca
1326 1519 1473 1554 allegorice
1496 1519 1631 1554 interpre-

842 1568 931 1591 tantes
954 1564 1111 1591 curationes
1134 1564 1160 1591 in
1184 1564 1331 1600 Evangelio
1351 1564 1464 1600 positas,
1482 1564 1507 1591 in
1532 1565 1631 1598 quibus

842 1614 905 1636 sunt
920 1609 1003 1636 etiam
1028 1609 1179 1637 dremonum
1199 1610 1386 1645 expulsiones,
1401 1610 1523 1637 dicemus
1538 1609 1629 1638 lusum

840 1655 873 1682 ab
893 1655 947 1683 illis
968 1655 1096 1683 omnibus
1121 1663 1229 1690 semper
1255 1656 1398 1684 daemonas
1420 1657 1567 1691 expellere,
1585 1658 1629 1691 qui

840 1705 984 1736 propterea
1007 1702 1080 1736 quod
1104 1701 1193 1729 curati
1224 1701 1329 1730 fuerint
1354 1710 1369 1729 a
1389 1702 1460 1730 Filio
1488 1702 1547 1736 Dei,
1576 1711 1629 1730 non

840 1746 958 1782 amplius
966 1747 1113 1774 admittunt
1124 1747 1278 1775 dicmouum
1289 1747 1462 1782 operationes
1476 1758 1482 1775 :
1496 1749 1628 1783 quamob-

841 1801 897 1821 rem
922 1793 1008 1821 solius
1032 1793 1096 1821 Jesu
1119 1801 1213 1822 vocem
1237 1801 1299 1822 esse
1325 1801 1386 1821 reor
1414 1794 1471 1829 (qui
1492 1795 1565 1822 solus
1582 1804 1630 1822 ex-

840 1838 965 1872 spoliavit
985 1838 1154 1873 principatus
1166 1843 1194 1866 et
1216 1843 1417 1875 potestates,ct
1428 1845 1569 1868 ostentans
1581 1850 1631 1876 pa-

840 1884 905 1917 lam,
927 1889 955 1912 et
980 1885 1152 1920 triumphans
1172 1892 1219 1913 eas
1243 1885 1270 1913 in
1295 1886 1371 1921 ligno
1385 1886 1418 1919 "°,
1434 1891 1563 1922 tropmnm
1582 1889 1630 1915 ad-

840 1939 937 1959 versus
954 1938 1062 1959 omnem
1082 1932 1232 1966 potentiam
1258 1933 1426 1960 contrariam
1451 1934 1546 1960 statuit
1566 1941 1629 1962 cru-

840 1976 927 2013 cem),
950 1977 986 2004 ita
1011 1977 1101 2005 dicere
1118 1987 1123 2003 :
1138 1976 1193 2011 Ego
1220 1977 1383 2005 daemonium
1418 1986 1506 2012 neque
1535 1979 1628 2010 habui,

840 2030 929 2057 neque
943 2022 1042 2056 habeo,
1059 2030 1089 2049 ac
1103 2030 1136 2049 ne
1153 2022 1298 2049 habiturus
1317 2023 1428 2057 quidem
1448 2031 1519 2056 sum,
1532 2031 1629 2058 quean-

841 2069 987 2096 admodum
1011 2068 1076 2096 illud
1099 2068 1180 2095 eliam
1201 2068 1285 2095 dixit:
1305 2067 1380 2095 Venit
1402 2069 1524 2104 princeps
1536 2063 1628 2096 mundi

841 2113 933 2149 hujus,
947 2119 970 2141 et
988 2114 1016 2140 in
1032 2122 1072 2141 me
1092 2122 1144 2140 non
1170 2113 1248 2140 habet
1272 2114 1416 2149 quidquam
1427 2115 1460 2142 ⁸τ.
1482 2115 1628 2142 Possumus

843 2160 952 2195 quidem
977 2159 1058 2187 etiam
1081 2166 1130 2188 uos
1150 2159 1274 2193 proferre
1297 2164 1324 2187 et
1340 2159 1446 2188 dicere:
1462 2159 1627 2188 Dwmoniwn

1 2208 199 2242 ιδειχθεῖσιν,
222 2207 268 2233 ὅτι
290 2207 448 2242 ἐψεύσαντο.
469 2208 504 2234 Ἠ
528 2209 578 2235 οὐκ
603 2208 712 2244 ἔλεγχος

920 2205 1017 2237 habeo,-
1038 2206 1085 2233 sed
1113 2205 1271 2233 refellemur
1290 2206 1402 2241 perinde
1425 2211 1506 2241 atque
1529 2206 1555 2233 hi
1580 2207 1626 2240 qui

23 2253 179 2290 δαιμονεῖν
209 2253 310 2288 ἡμᾶς,
336 2253 400 2279 ὅταν
431 2253 590 2289 μεμηνότων
619 2254 786 2281 κατάστασιν

2 2309 64 2331 ντες
82 2300 215 2335 βοῶμεν
225 2319 234 2331 ,
258 2298 312 2325 ἀπὸ
327 2298 413 2334 Θυμοῦ
433 2299 480 2326 καὶ
495 2299 579 2335 ὀργῆς
604 2300 764 2336 φλεγόμενοι
778 2321 785 2333 ,

0 2346 235 2382 λελυττηκότες
251 2364 258 2375 ,
285 2345 332 2371 καὶ¹
357 2345 479 2380 ὡσπερεὶ
507 2345 713 2381 χρεμετίζοντες
730 2346 785 2381 (24)

17 2395 86 2426 ταῖς
117 2393 218 2423 ἰδίαις
244 2392 377 2426 γαμεταῖς
402 2391 479 2427 δίκην
504 2392 596 2418 ἵππων
622 2392 785 2428 θηλυμανῶν

0 2437 156 2475 ἲαξνομεν,
181 2435 375 2467 ἐκϐάλλοντες
395 2435 451 2471 (25)
472 2437 535 2468 τοὺς
564 2437 627 2472 περὶ
650 2437 785 2469 ἀπαθείας

0 2493 44 2517 ως
76 2483 162 2512 Θεοῦ
195 2483 248 2513 εις
273 2480 308 2508 τὰ
332 2481 438 2515 enisa);
474 2481 554 2508 Ἀλλὰ
584 2482 635 2509 κᾶν
663 2484 785 2510 ταπεινοὶ

8 2531 184 2566 συννεφεῐς
207 2526 273 2554 ὑπὸ
286 2527 335 2562 τῆς
351 2527 440 2563 λύπης
455 2527 649 2564 καθελκόμενοι
662 2548 670 2561 ,
694 2529 741 2556 καὶ
756 2529 786 2556 τὸ

0 2586 6 2603 ι
28 2577 93 2604 τῶν
117 2572 270 2610 λογικῶν
285 2572 387 2608 γαῦρον
404 2573 589 2606 ἀπολέσαντες
609 2574 785 2602 ἐπιλανθανό-

0 2631 9 2648 ι
22 2621 78 2650 τοῦ
88 2621 172 2649 ἄνευ
185 2616 274 2646 Θεοῦ
283 2617 424 2652 στρουθίου
431 2618 499 2654 (25’)
509 2618 617 2646 πίπτειν
625 2620 664 2651 εἰς
675 2619 786 2654 παγίδα,

8 2670 68 2697 Job
100 2675 175 2702 xlv,
190 2666 228 2694 4.
277 2664 299 2680 ⁸⁵
316 2665 398 2693 Eccli.
413 2673 463 2697 vn,
484 2665 529 2694 ‘Zl.

3 2717 31 2752 Ξ)
49 2717 168 2744 Codex
185 2711 379 2752 Qadlcianus,
395 2712 460 2748 περὶ
475 2713 520 2752 τοῦ
540 2714 576 2750 μὴ
592 2714 734 2750 δαιμονᾷν,

0 2747 29 2786 5}
48 2752 165 2780 Codex
188 2747 453 2786 Regi|§,§?.5‘(19)l,
468 2747 547 2786 male}

6 2782 32 2822 ι)
47 2787 136 2815 Idem
156 2784 273 2822 codex
289 2782 397 2822 Eegius,
415 2783 510 2822 ῥἰσῖτερ
519 2785 543 2810 οἱ
559 2785 777 2821 χρεμετίζοντες.

46 2823 138 2851 me")
163 2817 400 2859 εοιΙεΧΛξζρείιιε,
413 2817 603 2859 ἐμϐάλλοντες.

0 2852 41 2896 δε)
58 2859 140 2894 ch.
160 2852 340 2891 στρουθίον,
357 2854 382 2881 in
397 2852 619 2891 acCUSﬂti\‘o,ttisi
632 2856 699 2886 forte
711 2857 781 2892 quis,

839 2258 904 2279 cum
920 2251 1080 2287 negaverint
1093 2259 1122 2279 se
1136 2252 1268 2284 insanire,
1284 2252 1351 2288 ipsis
1370 2251 1447 2280 factis
1462 2253 1626 2280 convincun-

841 2301 884 2324 tur
898 2295 1024 2323 mentitos
1036 2295 1131 2324 fuisse.
1140 2297 1237 2324 Annon
1247 2297 1419 2325 manifestum
1435 2303 1625 2333 argumentum

839 2349 889 2369 nos
901 2341 1031 2375 insanire,
1044 2344 1153 2377 quando
1169 2347 1270 2370 statuat
1286 2343 1420 2371 habentes
1432 2343 1625 2372 insanientium

838 2388 1002 2420 clamamus,
1015 2387 1244 2416 excandescentia
1264 2393 1291 2415 et
1305 2389 1345 2416 ira
1358 2390 1487 2417 accensi?
1501 2389 1548 2416 Vel
1564 2399 1625 2418 cum

839 2434 915 2462 rabie
930 2434 1039 2468 agitati,
1058 2439 1085 2462 et
1101 2439 1229 2470 tanquam
1243 2435 1398 2463 hinnientcs
1407 2436 1532 2471 proprias
1544 2437 1625 2464 etiam

837 2482 966 2516 coniuges
992 2482 1080 2509 instar
1108 2488 1240 2516 equorum
1274 2490 1407 2517 equarum
1435 2490 1530 2510 amore
1553 2483 1626 2510 insa-

838 2528 969 2555 nientium
1006 2528 1234 2563 conscendimus,
1260 2533 1322 2564 post
1348 2533 1454 2564 tergum
1485 2530 1626 2565 ejicientes

837 2573 968 2608 quidquid
984 2574 1054 2601 Deus
1072 2573 1172 2601 dixerit
1185 2574 1218 2601 de
1232 2573 1360 2601 sedandis
1373 2573 1535 2602 affectibus?
1553 2575 1624 2608 Quin

840 2620 922 2647 etiam
947 2619 1010 2654 quia
1037 2619 1147 2655 abjccti,
1161 2624 1190 2647 et
1214 2619 1351 2648 obseuria
1367 2626 1484 2648 maerore
1501 2620 1627 2648 detinea-

568 2666 591 2682 “
606 2666 712 2695 Coloss.
728 2675 759 2700 ιι,
777 2666 821 2695 15.
860 2667 881 2683 ⁸⁷
893 2667 972 2696 Joan.
989 2676 1045 2699 xw,
1059 2667 1104 2695 50.

832 2715 1015 2754 soloecismum
1032 2714 1143 2751 Origeni
1156 2716 1328 2754 eondonans,
1342 2715 1626 2754 genitivnmretinere

834 2751 900 2778 velit
926 2756 1038 2786 propter
1058 2752 1259 2786 raltractibnem,
1280 2757 1309 2778 ut
1341 2753 1427 2782 aiunt,
1451 2751 1558 2778 articuli
1579 2751 1625 2776 τοῦ

835 2786 1023 2822 praecedentis.
1054 2785 1120 2815 Utut
1146 2787 1191 2820 sit,
1214 2786 1290 2815 deest
1325 2786 1459 2822 particula
1487 2786 1623 2820 ttcgativa.

837 2822 914 2850 Enrr.
932 2821 1050 2850 Ριτιιοι..
