1847 3045
38 93 78 121 Otii

540 87 719 116 COMMENT.
739 87 772 116 IN
787 87 884 116 JOAN.
905 86 1023 116 TOMUS
1044 86 1102 114 XX.

1579 85 1631 112 662

35 153 81 180 οὐκ
98 151 157 185 ἔχω,
170 149 246 178 ἀλλὰ
262 149 331 186 τιμῶ
349 151 401 178 τὸν
413 149 528 184 Πατέρα
543 157 613 184 μου·
633 149 658 175 οἱ
676 156 763 184 μιμητ

899 147 996 175 :iamur
1009 146 1056 174 filii
1072 145 1130 178 Dei,
1147 151 1200 172 non
1219 143 1335 180 amplius
1351 143 1509 172 vocabimus
1524 148 1628 178 patrem

34 195 110 228 αὑτοῦ,
124 196 231 228 ἕκαστος
253 197 323 223 κατά
346 196 460 232 δύναμιν
475 195 564 222 πάντα
581 195 691 230 ἰσχύσας
712 195 740 220 ὲν
756 193 795 229 τῷ

34 241 200 277 ἑνδυναμοῦντι
224 241 303 269 αὑτὸν
327 241 436 278 Χριστῷ
456 241 554 277 Ἰησοῦ,
576 241 622 268 καὶ
638 241 718 273 αὐτὸς
738 242 796 277 ἐρεῖ

34 288 58 314 τό
67 296 76 302 ν
92 287 157 322 ἐγὼ
170 287 321 321 δαιμόνιον
333 289 389 314 οὐκ
403 288 471 322 ἔχω,
485 286 565 315 ἀλλὰ
581 287 652 322 τιμῶ
669 287 722 314 τὸν
737 283 795 314 Πα-

35 333 93 366 τέρα
98 341 161 367 μου.
188 333 234 365 Τίς
250 333 278 360 δὲ
302 334 410 368 νεκροῖς
423 333 519 367 συνὼν,
538 333 584 360 καὶ
597 333 626 360 ὲν
648 333 742 368 τάφοις
758 333 796 360 οἰ-

34 379 79 405 κῶν
97 377 211 414 δυνηθείη
237 378 270 405 ἂν
292 380 378 405 εἰπεῖν
395 379 441 405 τό⁸
474 378 545 414 Ἐγὼ
567 378 720 413 δαιμόνιον
739 379 796 404 οὐκ

35 423 96 457 ἔχω;
110 423 125 458 ἢ
138 423 178 455 τίς
199 423 262 450 ἄλλο
283 432 310 450 τι
327 422 402 459 παρά
418 423 464 450 τὸν
479 423 555 456 Θεὸν,
582 424 629 450 καὶ
649 423 696 450 τὸν
710 423 795 457 Λόγον

35 469 111 502 αὑτοῦ,
124 470 167 497 καὶ
180 470 208 496 τὸ
229 470 281 496 ὑπο
295 469 342 496 τοῦ
363 470 449 503 Λόγου
466 469 683 505 προτασσόμενον
698 468 794 504 τιμῶν,

35 517 105 551 ἑτέρῳ
123 516 168 551 τὴν
186 515 271 551 τιμὴν
291 515 387 547 διδοὺς,
400 516 459 542 δέον
475 515 524 551 τὴν
543 515 624 551 τιμὴν
643 515 796 542 ἀποδιδόναι

35 562 103 597 αὐτῷ,
117 562 182 588 εἰποι
197 561 253 597 (29)
270 561 313 594 ἂν,
328 561 366 593 ὡς
385 560 471 596 Ἰησοῦ
491 561 628 596 μαθητής·
648 561 739 588 Ἀλλά
757 569 798 588 τι·

33 606 70 641 μᾶ)
89 606 134 634 τὸν
147 606 261 641 Πατέρα
276 614 354 642 you;
380 606 457 642 Ἑξῆς
474 607 532 633 ἐστι
551 606 655 638 τούτοις
676 606 724 632 τό⁶
741 605 797 634 Καὶ

34 652 102 687 ὑμεῖς
118 652 262 687 ἀτιμάζετέ
272 661 321 687 με,
337 652 479 688 εἰρημένον
494 652 561 687 πρὸς
571 653 635 683 τοὺς
646 652 798 687 ἀτιμάσαν-

34 706 73 729 τας
83 698 163 730 αὑτὸν,
179 698 226 725 καὶ
248 697 325 725 εἷπον
341 698 415 733 αὐτῷ
435 698 478 725 τό·
498 699 539 725 Οὐ
554 698 653 731 καλῶς
671 698 799 733 λέγομεν

35 743 112 777 ἡμεῖς,
126 744 167 770 ὅτι
177 744 360 779 Σαμαρείτης
372 742 402 770 εἴ
411 743 462 776 σὺ,
476 744 524 770 καὶ
537 743 690 778 δαιμόνιον
701 744 799 779 Exue;

35 788 150 823 οἰηθέντες
162 788 192 816 τὸ
214 788 309 820 κακῶς
332 788 476 824 εἰρημένον
499 787 588 820 καλῶς
603 787 799 824 λελαληκέναιι

846 200 927 227 super
944 197 1044 220 terram
1074 199 1107 219 eo
1131 190 1203 225 quod
1227 190 1292 218 facti
1311 190 1443 218 fuerimus
1473 190 1519 217 lilii
1541 189 1632 218 Patris

846 239 965 266 cmlestis
976 239 1010 271 ",
1027 237 1181 272 fratresque
1196 236 1333 265 dicentis:
1361 234 1434 263 Vada
1459 235 1494 262 ad
1523 235 1631 263 Putrem

846 291 943 316 meum,
960 288 983 310 et
999 281 1106 310 Patrem
1118 286 1243 315 venrunt,
1254 286 1278 308 et
1291 280 1375 308 Deum
1393 289 1494 313 meum,
1509 285 1533 307 et
1547 279 1631 307 Deum

846 334 960 355 vestrum
980 328 1014 356 ⁸⁵.
1027 327 1207 361 Quamobrem
1224 327 1396 362 perspicuum
1417 330 1458 354 est
1482 326 1554 361 quod
1568 332 1633 360 pro-

845 374 994 409 priissime,
1009 379 1036 402 et
1052 373 1250 409 perfectissime
1261 373 1369 400 dicente
1386 371 1470 400 Jesu:
1495 370 1552 407 Ego
1579 371 1632 398 da:-

846 421 962 448 mont‘um
975 428 1026 447 non
1039 420 1131 454 habeo,
1142 420 1187 447 ml
1199 420 1300 446 honoro
1311 418 1417 446 Patrem
1430 425 1531 451 meum,
1548 424 1631 445 unus-

846 466 962 502 quisque
976 470 1098 494 nostrum
1115 466 1239 493 imitator
1249 465 1320 500 ejus,
1336 464 1424 500 quoad
1440 463 1499 492 fieri
1519 467 1606 498 potest
1620 482 1630 496 ,

846 517 873 541 et
885 512 976 539 omnia
986 516 1082 547 potens
1094 512 1121 539 in
1133 511 1242 539 Christo
1251 510 1313 538 .Iesu
1321 519 1382 538 eum
1391 510 1585 538 corroborante
1595 509 1630 542 ³³,

846 557 969 585 dicturus
979 557 1060 585 etiam
1075 561 1115 586 est
1130 567 1137 585 :
1151 557 1206 592 Ego
1223 557 1380 584 dtcmonium
1394 564 1444 582 non
1451 555 1630 591 358Itabeo,

847 603 893 631 κά
899 603 1038 630 εοΙιοηιειο
1050 602 1158 630 Patrem
1166 611 1261 630 meum.
1268 601 1400 629 Caeterum
1410 601 1471 636 quis
1481 602 1552 628 inter
1560 609 1632 629 mor-

848 653 910 676 tuos
923 655 1046 681 versans,
1067 649 1093 675 in
1111 648 1299 684 sepulcrisque
1312 647 1440 675 habitans
1453 647 1542 674 dicere
1555 652 1632 682 pote—

847 694 884 723 rit
899 703 906 722 :
923 694 980 730 Ego
993 694 1152 721 dwmonium
1167 702 1219 722 non
1233 694 1315 721 habeo
1327 694 1340 721 .9
1354 692 1396 721 vel
1421 693 1482 728 quis
1496 693 1632 728 quidpiam

848 742 921 770 aliud
934 741 1072 769 honorans
1089 746 1191 776 praeter
1203 741 1299 773 Deum,
1326 741 1501 775 Verbumque
1523 740 1608 775 ipsius
1624 760 1632 773 .

848 795 880 815 ac
893 792 992 823 praeter
1006 787 1033 815 id
1051 787 1122 822 quod
1138 794 1153 814 a
1176 787 1266 814 Verbo
1282 786 1437 821 praccipitur
1451 786 1528 813 alteri
1546 786 1633 813 hono-

34 821 108 865 κανῶς
119 833 169 870 γὰρ
179 834 301 866 νοοῦντες
311 821 483 870 Σαμαρείτην
496 834 542 860 καὶ
556 821 763 869 δαιμόνιοντέχον

903 842 908 862 I
923 821 1130 866 tribuenspcum
1142 833 1297 861 sitnecesse
1309 832 1439 860 honorem
1453 832 1489 860 illi
1502 832 1632 866 tribuere,

33 879 69 905 τὸν
91 879 196 915 Σωτῆρα
225 880 409 916 ἀπεφήναντο.
440 879 592 915 Νομιστὲον
616 879 645 906 δὲ
672 879 718 906 τό·
744 880 799 907 Kal

32 924 101 957 ὑμεῖς
111 925 257 960 ἀτιμάζετέ
268 934 316 960 με,
333 926 393 961 οὐχὶ
414 925 462 952 καὶ
475 925 589 957 ἐκεινοις
612 925 702 961 μόνοις
726 926 801 961 εἰρῆ-

851 881 974 908 dicturus
990 883 1032 908 est
1048 884 1175 915 tanquam
1194 878 1258 906 Jesu
1274 878 1421 914 discipulus
1435 887 1442 906 :
1459 878 1511 906 Sed
1534 878 1634 906 honoro

851 925 958 954 Patrem
970 927 1079 954 meum?
1092 926 1134 954 cui
1149 925 1222 954 dicto
1235 927 1389 961 proximum
1404 929 1445 953 est
1458 925 1510 953 hoc
1525 926 1577 952 :Et
1591 933 1635 953 vos

33 970 83 997 σθαι
93 971 157 1004 τότε,
174 971 244 998 ἀλλὰ
255 972 301 998 καὶ
314 974 370 1004 τοῖς
384 972 427 999 ἀεὶ
440 971 611 1008 ἀτιμάζουσι,
626 971 659 998 δι’
669 967 707 999 ὧν
719 980 762 1007 πρά

904 971 993 998 ιιιιὶηἱα
1011 978 1052 998 me
1065 971 1177 1005 οῄῑεὶιῐι,
1194 971 1266 1005 quod
1290 970 1392 998 dictum
1415 974 1458 998 est
1472 970 1506 997 ad
1521 977 1568 998 eos
1588 971 1633 1005 qui

32 1024 94 1042 τουσι
114 1017 185 1051 παρά
206 1017 252 1043 τὸν
264 1017 342 1053 ὀρθὸν
359 1017 447 1052 λόγον,
464 1017 509 1044 τὸν
525 1016 571 1044 τοῦ
585 1016 664 1049 Θεοῦ,
686 1017 732 1044 καὶ
744 1017 761 1043 ἀ

904 1023 926 1042 ιιι
942 1016 1111 1050 contemptui
1131 1015 1267 1042 habebant
1281 1035 1288 1048 ,
1304 1016 1405 1050 quique
1423 1015 1460 1042 illi
1484 1015 1610 1042 dicebant
1626 1025 1633 1042 :

35 1060 140 1095 βάζουσι,
163 1062 199 1088 δι’
210 1059 250 1089 ὧν
271 1062 403 1095 ἀδικοῦσι,
427 1062 472 1090 τὸν
491 1062 618 1098 Χριστὸν,
636 1063 665 1094 ὅς
681 1063 738 1089 ἐστι
761 1064 764 1087 i

906 1070 948 1089 tne
960 1062 1021 1089 bene
1032 1062 1145 1089 dicimus
1159 1069 1216 1094 ιιοι,
1228 1062 1298 1096 quod
1316 1060 1502 1088 Samaritanus
1516 1069 1544 1088 es
1560 1065 1598 1095 tu,
1610 1065 1635 1088 et

34 1107 153 1144 καιοσύνη,
178 1109 225 1135 καὶ
252 1108 425 1144 ἀτιμάζουσι,
449 1108 483 1135 δι’
508 1105 546 1136 ὧν
567 1108 637 1135 κατὰ
649 1107 763 1144 ἀδυναμί

904 1106 1011 1134 monium
1025 1106 1104 1134 Imber
1115 1107 1128 1134 1’
1143 1107 1348 1138 existimantes.
1375 1107 1447 1142 quod
1472 1106 1542 1134 male
1558 1106 1633 1134 dixe-

34 1152 71 1178 xa‘.
83 1153 214 1180 ἀσθένειαν
225 1153 388 1186 ἐπιτελοῦσι,
403 1154 452 1188 τὴν
462 1153 508 1180 τοῦ
520 1153 587 1180 Θεοῦ
603 1153 726 1188 δύναμιν,
740 1153 763 1188 ἦε

906 1155 923 1185 ι,
943 1159 972 1179 se
988 1152 1057 1180 bene
1071 1152 1173 1180 dixisse
1187 1161 1195 1180 :
1210 1151 1281 1179 male
1295 1152 1368 1180 enim
1382 1152 1533 1187 cogitantes
1550 1159 1635 1179 enun-

34 1196 94 1224 ἐστὶν
103 1198 116 1224 6
127 1198 219 1235 Σωτήρ
229 1207 236 1214 ·
252 1199 369 1235 Χριστὸς
378 1199 432 1235 γὰρ
443 1198 510 1225 Θεοῦ
525 1198 648 1235 δύναμις.
668 1199 722 1225 Καὶ
734 1207 763 1225 πι

908 1202 956 1226 unt
975 1197 1144 1226 Servatorem
1165 1199 1370 1226 Samaritanum
1383 1220 1392 1233 ,
1417 1203 1446 1226 et
1472 1198 1633 1226 dmmonium

33 1241 55 1267 τί
66 1242 89 1269 δὲ
106 1243 141 1278 τῷ
156 1244 337 1277 ὲξουδενοῦντι
359 1244 455 1278 σοφίαν
477 1244 585 1280 λεχθείη
602 1243 634 1271 ἂν
646 1243 688 1271 τό·
702 1242 762 1279 ’Υμι

907 1249 1008 1273 entem.
1033 1244 1088 1273 Nec
1103 1252 1169 1273 vero
1189 1245 1401 1273 existimandum
1426 1235 1545 1273 est-illis
1571 1244 1635 1272 solis

33 1286 163 1322 ἀτιμάζετέ
184 1296 237 1323 με·
264 1288 379 1323 ἐπείπερ
393 1289 510 1324 Χριστὸς
532 1288 579 1315 xa‘t
606 1287 686 1322 σοφία
709 1287 762 1314 ἐστι

905 1291 1028 1318 edictum
1043 1290 1127 1319 fuisse
1142 1301 1150 1320 :
1168 1292 1203 1319 Et
1230 1301 1273 1320 υοι
1298 1291 1443 1328 ignominia
1462 1299 1503 1318 me
1520 1291 1634 1326 efﬁcitis.

32 1332 86 1359 ἀλλὰ
99 1334 142 1361 καὶ
164 1335 188 1360 εἰ
209 1334 269 1361 δέον
281 1334 312 1361 τὺ
325 1334 354 1367 ἐξ
378 1333 459 1360 αὐτοῦ
477 1342 536 1360 τινα
551 1333 620 1369 μετά
632 1333 740 1360 πάντων
754 1334 761 1360 ι

916 1336 959 1364 his
972 1337 1054 1364 etiam
1074 1338 1120 1372 qui
1135 1342 1264 1373 perpetuo
1280 1338 1431 1371 Christum,
1443 1338 1488 1372 qui
1504 1337 1635 1372 estjusti-

33 1379 131 1414 θρώπων
153 1380 314 1417 εἰρηνεύειν,
332 1380 396 1407 ὥστ’
409 1379 442 1407 ἂν
466 1380 552 1406 εἰπεῖν
578 1379 608 1406 τὸ
632 1388 762 1416 προφητι)

916 1380 1063 1416 ignominia
1079 1381 1199 1410 alliciunt
1221 1390 1271 1418 per
1283 1390 1314 1410 ea
1336 1390 1396 1417 quae
1413 1382 1513 1417 injuste
1527 1386 1609 1418 agunt
1626 1390 1633 1414 ;

32 1426 116 1453 ἐκεῖνο·
141 1427 221 1454 Μετὰ
247 1426 305 1453 τῶν
317 1426 488 1461 μισούντων
508 1425 566 1460 τὴν
582 1425 706 1459 εἰρήνην
719 1425 760 1460 ἧμ

907 1433 935 1453 te
950 1428 1032 1454 etiam
1048 1426 1091 1454 his
1104 1427 1150 1462 qui
1174 1427 1320 1464 ignominia
1337 1427 1485 1463 potentiam
1509 1427 1556 1454 Dei
1576 1427 1636 1454 afli-

31 1472 170 1506 εἰρηνικὸς,
198 1473 247 1499 καὶ
273 1472 331 1499 δέον
355 1471 497 1499 ἀναλαϐεῖν
533 1471 582 1507 τὴν
616 1471 760 1507 ὑπερέχουι

906 1476 940 1504 ιι,
955 1479 1016 1506 quae
1030 1477 1073 1500 est
1086 1472 1217 1501 Servatur
1229 1473 1373 1508 (Christus
1387 1474 1459 1501 enim
1475 1478 1517 1500 cst
1528 1473 1575 1500 Dei
1591 1481 1635 1508 po-

30 1517 86 1544 Θεοῦ
102 1519 183 1545 πάντα
199 1518 264 1545 νοῦν
288 1518 408 1554 εἰρήνην,
434 1517 603 1553 φρουροῦσαν
619 1517 669 1552 τὴν
690 1517 758 1552 καρδ

905 1516 937 1544 tia
953 1517 1006 1552 “),
1018 1524 1051 1544 ex
1068 1517 1111 1545 his
1128 1525 1188 1552 quae
1202 1517 1320 1546 alliciunt
1346 1519 1372 1546 in
1389 1518 1529 1546 debilitate
1552 1523 1580 1545 ct
1594 1519 1634 1545 iu-

31 1562 69 1588 καὶ
81 1562 110 1589 τὰ
125 1564 248 1599 νοήματα
264 1563 309 1590 τοῦ
327 1563 501 1598 ἀνειληφότος
517 1563 612 1598 αὑτήν.
639 1563 670 1590 Εἰ
683 1563 711 1589 δὲ
724 1563 803 1590 πολε-

32 1607 98 1641 μικός
112 1608 165 1644 (50)
179 1617 222 1641 τις
248 1609 300 1642 εἴη,
316 1608 363 1635 καὶ
382 1607 498 1641 δάκνων,
513 1607 560 1634 καὶ
578 1606 802 1642 καταιτιώμενος,

31 1653 69 1678 καί
80 1653 222 1680 κατεσθίων
239 1653 285 1680 τὸν
300 1653 423 1688 πλησίον,
444 1653 491 1679 καὶ
516 1652 730 1689 πεπληρωμένος
752 1652 802 1687 τῆς

30 1696 53 1723 ἐν
72 1698 106 1734 τῷ
121 1698 277 1735 ἡγεμονικῷ
294 1698 391 1726 ἑαυτοῦ
414 1699 534 1730 στάσεως
549 1698 603 1725 τῶν
625 1697 730 1730 παθῶν,
755 1698 802 1725 καὶ

30 1743 102 1779 τούτῳ
115 1745 146 1772 ἂν
169 1745 279 1780 λεχθείη
303 1744 349 1771 τό·
383 1744 474 1779 Ὑμεῖς
495 1743 645 1779 ἀτιμάζετέ
660 1752 716 1778 με·
735 1744 803 1779 Χρι-

29 1788 80 1820 στὸς
93 1790 144 1826 γάρ
160 1791 234 1818 ἐστιν
252 1791 269 1825 ὴ
286 1791 380 1826 εἰρήνη
396 1790 484 1826 ἡμῶν.
504 1790 566 1816 Ἔτι
578 1789 606 1816 δὲ
619 1789 735 1825 ἐπείπερ
749 1790 802 1822 πᾶς

29 1834 43 1859 ὀ
55 1834 147 1867 φαῦλα
161 1835 310 1870 πράσσων
321 1835 406 1870 μισεῖ
418 1835 452 1862 τὸ
463 1834 535 1869 φῶς,
552 1834 601 1862 καὶ
615 1836 670 1862 οὐκ
685 1835 803 1870 ἔρχεται

28 1879 91 1913 πρὸς
102 1880 134 1907 τὸ
155 1881 228 1916 φῶς,
249 1881 306 1915 φῶς
316 1881 344 1907 δέ
363 1882 437 1907 ἐστιν
453 1881 467 1908 6
480 1880 564 1907 εἰπών
576 1889 584 1896 ’
609 1880 683 1915 Ἐγώ
695 1882 752 1916 εἰμι
768 1881 802 1908 τὸ

29 1924 80 1958 φῶς
90 1926 143 1954 τοῦ
150 1928 278 1962 κόσμου,
289 1926 377 1962 δῆλον,
391 1927 431 1954 ὄτι
449 1926 536 1961 φαῦλα
552 1926 691 1962 πράσσων,
705 1927 804 1962 ἀτιμά-

28 1969 72 2002 ζων
85 1972 113 1999 τὸ
124 1972 191 2007 φῶς,
206 1972 336 2008 ἀτιμάζει
352 1972 479 2008 Χριστὸν,
494 1972 540 1999 καὶ
556 1972 637 2004 αὐτὸς
653 1973 803 2008 ἀκουσόμε-

28 2024 63 2048 νος
76 2018 118 2044 τό·
135 2018 190 2045 Kal
207 2018 294 2053 ὑμεῖς
313 2016 463 2052 ἀτιμάζετέ
481 2025 528 2052 με.
547 2017 602 2044 Καὶ
615 2017 641 2044 τι
656 2026 690 2054 με
703 2017 743 2045 δεῖ
757 2018 805 2045 ἐπὶ

28 2062 96 2089 πλέον
113 2063 244 2099 μηκύνειν
263 2063 309 2090 τὸν
332 2063 420 2098 λόγον,
446 2062 664 2096 ἀναπτύσσοντα,
686 2064 734 2091 καὶ
745 2064 803 2091 δει-

27 2107 115 2135 κνύντα
135 2109 206 2140 τίνες
220 2109 290 2136 εἰσὶν
313 2108 338 2135 al
362 2108 532 2144 ἐλεγχόμενοι
558 2108 610 2135 ὑπὸ
634 2108 682 2135 τοῦ
704 2108 804 2145 Ἰησοῦ,

852 1561 993 1590 firmitate.
1005 1562 1075 1595 Quin
1087 1563 1169 1590 etiam
1187 1563 1341 1598 cuicunque
1359 1564 1496 1598 spernenti
1520 1563 1566 1590 Dei
1592 1570 1636 1590 sa-

851 1606 982 1641 pientiam
996 1607 1101 1635 dicetur
1117 1616 1124 1634 :
1145 1606 1197 1634 Vos
1213 1608 1358 1643 ignominia
1373 1617 1413 1635 me
1427 1608 1539 1644 ofﬁcim,
1554 1615 1638 1643 quau-

852 1652 996 1687 doquidem
1020 1653 1145 1680 Christus
1173 1653 1256 1681 etiam
1283 1658 1325 1682 est
1349 1654 1481 1689 sapientia
1496 1654 1518 1670 ⁶¹
1536 1653 1636 1691 [atque

852 1698 932 1724 etiam
948 1704 1000 1732 pax
1014 1697 1064 1734 "].
1077 1699 1152 1731 Quod
1167 1698 1190 1726 si
1204 1699 1337 1734 quispiam
1353 1704 1395 1727 est
1408 1707 1441 1727 ex
1455 1699 1524 1734 ipso,
1549 1700 1571 1727 is
1586 1707 1636 1734 pa-

852 1751 910 1771 cem
925 1744 1007 1772 etiam
1023 1752 1085 1772 cum
1100 1744 1255 1772 hominibus
1266 1745 1391 1774 omnilus
1403 1744 1502 1772 habeat
1515 1749 1634 1779 oportet.

852 1790 920 1817 adeo
935 1794 964 1817 ut
977 1790 1050 1818 dicat
1063 1791 1249 1826 propheticum
1268 1791 1334 1818 iUud
1348 1800 1355 1818 :
1372 1790 1438 1818 Cum
1456 1791 1498 1818 Itis
1509 1791 1553 1825 qui
1573 1790 1635 1818 ode-

853 1842 913 1864 runt
926 1844 1026 1871 pacem,
1044 1844 1116 1864 eram
1128 1836 1253 1872 paciﬁcus
1267 1836 1301 1869 ⁸³,
1320 1830 1481 1870 οβιιεέιίιιιιι
1495 1840 1536 1864 est
1550 1840 1579 1863 ut
1593 1844 1636 1863 re-

852 1882 936 1917 cipiat
962 1888 1058 1917 pacem
1081 1885 1256 1916 superantem
1283 1888 1390 1909 omnem
1419 1881 1465 1908 Dei
1486 1880 1634 1916 intelligen-

854 1926 918 1954 tiam
927 1927 960 1959 ³⁵,
975 1934 1076 1962 corque
1085 1927 1283 1955 custodientem
1291 1931 1319 1954 et
1328 1934 1426 1955 sensus
1438 1927 1496 1962 ejus
1511 1927 1556 1962 qui
1572 1934 1632 1954 eam

854 1974 1000 2009 receperit.
1013 1972 1091 2006 Quod
1106 1973 1128 2001 si
1145 1973 1218 2008 quis,
1233 1973 1350 2001 bellandi
1370 1973 1494 2008 cupidus,
1513 1973 1636 2000 mordeat

853 2019 934 2047 etiam
950 2018 1109 2054 incusetque
1117 2026 1150 2046 ac
1161 2018 1442 2054 devoretprosimum,
1455 2018 1544 2054 sitque
1553 2018 1633 2046 etiam

853 2064 952 2100 plenus
966 2064 1190 2100 perturbationis,
1214 2071 1296 2092 causa
1311 2063 1452 2092 seditionis
1477 2063 1634 2091 exsistentis

854 2110 882 2137 in
897 2118 946 2138 suo
959 2110 1042 2146 ipsius
1054 2111 1152 2139 anintze
1166 2110 1331 2146 principatu,
1343 2109 1407 2137 huic
1420 2110 1501 2137 etiam
1511 2110 1633 2137 dicetur:

27 2153 65 2179 καὶ
82 2153 222 2186 ἀκούοντες
239 2154 285 2182 ὺπῗ
302 2154 382 2181 αὑτοῦ
408 2154 452 2180 τό·
475 2154 566 2189 Ὑμεῖς
585 2154 736 2189 ἀτιμάζετέ
750 2173 756 2190 Α

906 2165 908 2181 ς
920 2156 1062 2191 ignominia
1075 2165 1115 2185 me
1128 2151 1234 2192 ofﬁcim
1243 2166 1253 2185 :
1263 2156 1384 2186 Christus
1392 2155 1463 2183 enim
1477 2161 1529 2190 pax
1542 2159 1635 2183 nostra

27 2199 106 2232 σαφῶν
121 2200 205 2228 ὄντων
221 2201 256 2227 ὲκ
266 2199 319 2227 τῶν
332 2199 545 2235 ἀποδεδομένων,
560 2200 608 2227 καὶ
619 2199 674 2227 τῶν
685 2200 756 2236 δυναι

910 2201 943 2229 ⁸³.
957 2202 1063 2231 Rursus
1076 2204 1203 2238 quoniam
1216 2205 1260 2240 qui
1270 2205 1337 2232 male
1358 2204 1424 2240 agit,
1437 2201 1491 2231 odtl
1504 2201 1598 2238 lucem,
1610 2207 1634 2231 tu

27 2251 69 2270 νων
81 2245 181 2278 τούτοις
196 2245 352 2278 ἀκολούθως
365 2246 455 2278 αὐτοῖς
473 2245 666 2274 συνάπτεσθαι.

903 2249 983 2276 :venit
998 2249 1033 2276 ad
1048 2249 1132 2277 lucem
1143 2249 1177 2283 °°,
1192 2249 1291 2284 luxque
1304 2254 1348 2278 est
1364 2250 1409 2278 ille
1419 2251 1465 2285 qui
1476 2250 1544 2278 dixit
1559 2260 1565 2278 :
1578 2249 1632 2285 Ego

27 2292 131 2319 sumtu:
144 2292 241 2320 mundi
256 2292 298 2326 ",
313 2292 486 2328 perspicuum
503 2297 545 2321 est
572 2294 645 2326 quod
672 2292 718 2328 qui
743 2293 814 2321 male
840 2294 906 2328 agit,
932 2295 1078 2330 ignominia
1106 2295 1193 2323 lucem
1224 2295 1354 2329 alliciens,
1382 2295 1535 2331 ignominia.
1551 2296 1632 2323 etiam

26 2335 148 2366 Christum
177 2338 297 2372 alliciat;
316 2339 459 2367 auditurus
483 2339 587 2367 etiam:
607 2339 641 2367 Et
659 2348 703 2367 vos
727 2341 872 2375 ignominia
897 2349 938 2369 me
971 2343 1082 2378 amcitia.
1100 2343 1133 2370 Et
1147 2343 1212 2378 quid
1234 2350 1301 2378 opus
1326 2347 1368 2371 est
1392 2343 1418 2370 in
1441 2342 1550 2378 longum
1572 2350 1635 2376 pro-

27 2383 121 2412 trahere
131 2385 493 2420 sermonem,explicantem
523 2391 551 2414 et
572 2388 755 2415 ostendentem
769 2388 878 2422 quinam
899 2389 953 2416 sint
978 2391 1024 2425 qui
1050 2398 1065 2418 a
1088 2390 1150 2419 Jesu
1181 2391 1390 2426 redarguantur,
1405 2394 1433 2417 et
1453 2390 1500 2425 qui
1520 2390 1574 2418 sint
1588 2391 1634 2424 qui

26 2430 124 2459 audiant
142 2432 177 2460 ab
192 2432 277 2467 ipso:
308 2430 358 2460 Var
380 2433 524 2468 ignominia
544 2441 586 2461 me
606 2434 726 2469 officim,
747 2442 809 2463 cum
830 2436 966 2464 manifesti
994 2438 1048 2466 sint
1061 2445 1095 2466 ex
1116 2438 1159 2466 bis
1172 2445 1231 2474 qua:
1242 2437 1428 2473 explicuimus,
1439 2441 1466 2465 et
1478 2444 1513 2465 ex
1524 2437 1565 2465 his
1576 2445 1635 2472 qua:

25 2474 61 2502 his
74 2482 273 2512 consequenter
285 2477 414 2514 conjungi
432 2483 546 2513 possunt
562 2479 575 2506 2

54 2521 93 2550 50.
106 2524 182 2552 Μετὰ
200 2524 290 2551 ταῦτα
310 2524 409 2561 ἴδωμεν
429 2525 456 2552 τί
470 2526 528 2552 ἐστι
549 2525 594 2553 τό·
628 2527 702 2564 Ἐγὼ
718 2527 752 2555 δὲ
766 2537 782 2556 ο

903 2527 975 2564 359
986 2528 1032 2556 50.
1047 2527 1111 2556 Post
1122 2529 1179 2557 haec
1192 2529 1332 2556 videamus
1343 2527 1406 2563 quid
1417 2527 1469 2556 sit:
1482 2530 1538 2562 Ego
1548 2532 1632 2554 autem

25 2647 44 2662 ..
54 2613 278 2662 :-§'."E'1:_“l“’
292 2616 319 2662 a-
335 2616 478 2662 “:1393'5.
491 2625 541 2662 ιιι
555 2618 627 2662 ¹2;η
637 2618 660 2662 ,'.'
673 2618 754 2662 Ριιίιξι

907 2652 916 2662 .
929 2617 981 2662 ⁸11
997 2617 1108 2662 99",..5
1362 2619 1498 2662 f’aEphes.
1522 2627 1561 2652 ιι,
1589 2619 1636 2646 Η.

58 2648 123 2678 Psal.
135 2658 212 2685 ειη,
229 2648 274 2678 7(
294 2651 316 2668 ⁸⁸
334 2651 432 2688 Philip.
453 2660 489 2686 tv,
507 2648 536 2681 7.’
574 2653 596 2669 ⁵⁵
607 2653 706 2688 Ephes.
727 2648 756 2687 ιι,
771 2654 787 2680 ἰ

675 2661 706 2681 :s.
727 2648 756 2687 ιι,
771 2648 819 2680 Ηυξ
853 2653 875 2669 ⁸⁸
902 2652 981 2681 Joan.
1007 2660 1048 2686 ut,
1065 2648 1110 2680 Ξοζ
1149 2653 1171 2668 ⁸⁷
1184 2651 1264 2680 Joan.
1279 2660 1340 2686 νιιι,
1359 2653 1404 2681 12.

48 2740 105 2781 ῼθ)
118 2742 210 2781 codex
228 2741 341 2781 Regius,
354 2742 435 2779 male,
448 2743 508 2772 δέον
522 2743 562 2781 τῷ
575 2744 624 2781 τὴν
638 2744 720 2781 τιμὴν
731 2745 777 2773 ἀπι

904 2743 946 2780 50)
960 2744 1033 2773 Idem
1059 2743 1143 2773 codex
1169 2743 1280 2780 Regius,
1309 2743 1395 2776 male,
1417 2744 1445 2771 '0
1467 2744 1498 2771 δὲ
1520 2746 1633 2780 πολεμι-

24 2772 221 2813 ιιὸόναιαὺτὴν,
235 2772 317 2812 εῐ-ιῖοι,
334 2772 389 2806 etc.
427 2772 435 2779 ’
546 2772 553 2781 ”
601 2772 608 2781 ’
667 2772 673 2781 ’
697 2772 704 2781 ’

178 2777 221 2813 ὴν,
235 2772 317 2812 Elim,
334 2772 389 2806 hic.
427 2772 435 2779 ’
546 2772 553 2781 ⁸
601 2772 608 2781 ’
667 2772 673 2781 ’
697 2772 704 2781 ’
853 2772 907 2812 κάξ.
