1847 3045
22 87 72 115 677

536 92 719 126 COMMENT.
739 92 773 119 ΙΝ
789 90 886 121 JOAN.
904 94 1022 124 TOMUS
1041 96 1100 126 XX.

1585 107 1636 135 στι

23 146 76 181 ρεῖν
90 144 210 178 θάνατον,
229 146 276 174 καὶ
289 147 415 182 γεῦεσθαι
430 148 556 181 θανάτου,
568 149 655 182 οὕτως
672 152 719 178 καὶ
734 160 777 178 και

869 157 980 186 nortem,
998 154 1040 182 vel
1055 158 1166 191 tangere
1185 161 1298 185 mortem
1315 169 1321 186 :
1337 163 1364 186 et
1381 159 1403 188 si
1419 167 1513 188 manus
1526 167 1635 197 aposto-

19 192 52 218 τὰ
77 190 153 218 λοιπὰ
173 192 346 229 αἰσθητήρια,
371 194 430 229 ἦτοι
455 194 563 222 ἀκούειν
578 196 704 230 θανάτου,
725 197 742 232 ἢ
756 197 802 224 ὀσ⁶

18 236 175 271 φραίνεσθαι
192 237 317 271 θανάτου,
334 239 351 274 ἢ
366 239 498 268 ἅπτεσθαι
514 241 640 268 θανᾶτου·
663 243 688 268 ει
704 243 758 278 γὰρ
774 244 802 270 αἱ

18 283 106 317 χεῖρες
126 283 181 309 τῶν
197 284 353 311 ἀποστόλων
367 284 544 322 ἐψηλάφησαν
568 288 632 323 περὶ
652 287 699 314 τοῦ
722 288 801 323 λόγου

17 327 66 361 τῆς
81 328 160 363 ζωῆς,
187 329 252 364 μήτι
268 331 296 356 αἱ
311 331 403 367 χεῖρες
426 332 480 359 τῶν
502 332 726 367 ψευδαποστόλων
754 335 801 361 καὶ

16 372 136 407 ἐργατῶν
150 373 253 407 δολίων,
270 377 582 413 μετασχηματιζομένων
606 380 645 410 εις
669 379 801 413 ἀγγέλους

17 418 193 454 δικαιοσύνης,
213 420 358 456 ψηλαφῶσι
379 424 442 459 περὶ
456 423 502 450 τοῦ
517 424 596 458 λόγου
611 424 657 451 τοῦ
674 424 798 452 οανάτου’

18 464 62 490 καὶ
75 464 140 490 εἶτα
153 465 275 500 πρόεατα
290 468 408 503 Χριστοῦ
423 468 517 496 ἀκοῦει
532 469 582 505 τῆς
596 470 688 506 φωνῆς
705 470 797 505 αὑτοῦ,

20 510 118 545 μήποτε
143 511 176 538 τὰ
194 511 231 548 μὴ
255 513 336 539 αὑτοῦ
355 514 477 549 πρόϐατα
504 515 572 551 πρὸς
596 515 642 547 οὒς
665 515 738 551 λέγοι
754 517 797 543 ἄν·

24 554 110 589 Ὑμεῖς
120 554 173 583 οὐκ
181 556 252 584 ἐστε
261 558 296 585 ἐκ
307 558 366 585 τῶν
374 560 528 594 προϐάτων
536 560 595 588 τῶν
607 561 694 596 ἐμῶν,
705 562 797 589 ἀκούει

18 599 64 634 τῆς
85 601 172 636 φωνῆς
193 602 239 628 τοῦ
263 602 387 631 θανάτου.
408 605 476 640 ’Ὀρα
496 606 519 631 εί
537 606 573 641 μὴ
594 606 665 642 ὀσμὴ
681 606 797 633 θανάτου

19 646 86 672 ἐστὶν
109 647 137 673 ἐν
152 648 207 679 τοῖς
231 648 286 674 ἀπὸ
308 649 357 685 τῆς
374 650 511 686 ἁμαρτίας
535 651 657 687 μὼλωψι,
681 654 745 690 περὶ
759 650 796 681 ὧν

18 690 126 725 είρηται·
149 691 356 725 Ιιροσὼζεσαν,
368 694 416 720 καὶ
434 694 596 729 ἑσάπησαν
611 698 637 723 οὶ
652 696 796 730 μώλωπές

16 744 77 769 μου-
93 735 138 762 καὶ
151 737 221 772 ὀσμὴ
238 737 353 765 θανάτου
363 739 392 765 ἐν
408 739 446 774 τῷ
460 740 585 776 Λαζάρῳ,
600 743 664 777 πρὶν
675 742 794 778 ἀναστῆ-

18 791 56 808 ναι
73 783 103 809 ὲκ
121 782 234 819 νεκρῶν·
256 782 291 820 ἧς
318 784 354 820 μὴ
378 785 531 821 βουλόμενοι
554 787 748 822 ὀσφραίνεσθαι
768 789 793 814 οι

18 827 148 854 ἀπόστολοι
165 828 258 863 ἔλεγον
282 829 338 864 (52)
361 829 400 864 τῷ
424 830 530 866 Σωτῆρι
552 831 592 857 τό·
616 833 714 866 Κύριε,
735 832 793 867 ἤδη

19 870 78 901 ὕζει·
99 873 269 907 τεταρταῖος
292 873 348 908 γάρ
374 874 468 901 ἐστιν.
493 875 540 907 Εἰς
559 876 587 902 δὲ
608 877 638 903 16
664 877 728 913 περὶ
746 878 795 913 τῆς

16 918 105 952 νοητῆς
127 919 216 954 ὀσμῆς
238 920 363 953 θανάτου,
381 922 397 958 ἢ
421 922 508 957 ὀσμῆς
531 921 604 957 ζωῆς
627 925 795 959 παρατηρεῖν

15 962 98 998 δεήσει
113 964 142 990 16
153 965 331 992 ἁποστολικδν
347 966 434 999 οὕτως
454 967 525 1002 ἕχον·
543 968 672 1002 Χριστοῦ
686 969 795 997 εὐωδία

16 1007 99 1041 ἐσμὲν
109 1007 148 1041 τῷ
164 1009 224 1042 Θεῷ
241 1010 275 1036 ἐν
285 1011 375 1038 παντὶ
383 1013 472 1045 τόπῳ,
492 1012 527 1039 ἐν
535 1013 596 1045 τοῖς
604 1012 792 1047 σωζομένοις,

17 1053 58 1079 καὶ
67 1053 99 1080 ἐν
111 1054 173 1088 τοῖς
179 1055 411 1091 ἀπολλυμένοις,
420 1055 528 1093 οἶς-μὲν
534 1059 613 1093 ὀσμὴ
622 1059 656 1086 ἐκ
663 1059 793 1087 θανάτου

14 1099 52 1130 εἰς
60 1099 191 1133 θάνατον,
208 1099 254 1134 οἷς
268 1101 301 1128 δὲ
314 1103 392 1137 ὀσμὴ
405 1103 439 1130 ἐκ
453 1103 526 1137 ζωῆς
540 1106 585 1137 εὶς
598 1104 682 1137 ζωήν·
694 1106 793 1133 εὐωδία

18 1143 116 1180 μὲνγὰρ
135 1145 252 1179 Χριστοῦ
265 1147 328 1178 είσι,
345 1147 391 1173 καὶ
405 1147 530 1183 οὐδαμῶς
542 1148 666 1181 δυσωδία,
685 1150 713 1176 ὲν
726 1158 793 1177 παν-

13 1188 37 1214 ·ιὶ
48 1189 117 1224 τόπῳ
132 1191 155 1216 οἱ
170 1190 199 1217 ὲν
215 1190 323 1227 Χριστῷ
339 1192 485 1227 ἄνθρωποι.
507 1192 576 1220 Ἀλλ’
592 1194 652 1220 ἐπεὶ
668 1193 761 1230 ὥσπερ
773 1197 789 1230 ὴ

16 1235 146 1271 σωματικὴ
168 1236 267 1262 εὐωδία
284 1236 344 1263 τινὰ
366 1237 420 1264 τῶν
435 1237 511 1269 ζώων
527 1237 635 1272 λέγεται
658 1239 791 1275 ἀναιρεῖν,

14 1278 90 1311 οὕτως
103 1280 147 1307 διὰ
164 1281 213 1317 τὴν
231 1282 432 1318 προσγενομένην
456 1283 556 1310 κακίαν
573 1277 620 1311 χάι
635 1285 651 1320 ἡ
670 1285 790 1321 Χριστοῦ

15 1325 101 1352 εὐωδία
122 1326 226 1360 γένοιτο
250 1326 282 1354 ἄν
296 1336 350 1353 τισι
366 1329 422 1359 τοῖς
440 1328 472 1354 ἐκ
486 1327 600 1356 θανάτου
620 1330 659 1361 είς
676 1329 789 1358 θάνατον

15 1370 101 1403 αὐτῶν,
114 1372 171 1402 τοῖς
186 1371 215 1398 δὲ
230 1371 262 1398 ὲκ
277 1371 349 1407 ζωῆς
356 1373 496 1400 ἀποϐαίνει
509 1374 548 1405 είς
563 1372 635 1410 ζωήν
644 1374 790 1410 (55).Ταῦ-

16 1423 44 1441 τα
55 1417 239 1452 παρακείμενα
260 1418 325 1454 ἡμῖν
346 1418 434 1450 ἔδοξεν
451 1416 521 1446 εἷναι
545 1420 577 1455 τῇ
604 1420 724 1452 ἐξετάσει
740 1420 787 1448 τοῦ

16 1459 128 1493 γεύεσθαι
149 1461 276 1495 θανάτου,
300 1463 347 1489 καὶ
367 1462 415 1490 τοῦ
432 1463 555 1499 Θεωρεϊν,
577 1464 594 1500 ἢ
613 1465 649 1500 μὴ
676 1464 788 1502 θεωρεῖν

15 1504 52 1531 τὸν
69 1505 189 1535 θάνατον.
209 1507 287 1535 Μετὰ
300 1508 386 1535 ταῦτα
405 1508 442 1544 μὴ
459 1498 625 1545 Θεώροῦντες
634 1498 688 1546 δσῳ
703 1498 788 1548 611:9-
802 1498 824 1527 (ἶ

17 1551 63 1585 ἔχει
82 1552 195 1587 Χριστος
220 1553 275 1580 τῶν
302 1554 477 1590 πατριαρχῶν
495 1555 610 1582 καὶτῶν
631 1557 787 1592 προφητῶν,

16 1595 73 1623 ἀλλὰ
87 1598 151 1633 μηδὲ
176 1599 349 1631 πιστεύοντες
363 1600 480 1635 Χριστὸν
494 1598 563 1627 εἶναι
577 1601 622 1627 τὸν
638 1602 788 1637 τηλικαῦτα

14 1640 169 1676 διδάσκοντα,
193 1645 360 1681 ὲπαποροῦσι
390 1646 526 1680 λέγοντες·
550 1648 599 1681 Μὴ
624 1648 665 1675 σὺ
683 1649 789 1683 μείζων

15 1685 40 1712 εἷ
51 1688 97 1715 τοῦ
117 1690 229 1724 ,πατρὸς
248 1691 332 1726 ἡμῶν
359 1692 493 1728 Ἀϐραὰμ,
519 1693 603 1728 ὅστις
620 1695 770 1723 ἀπέθανεν
777 1705 788 1729 ;

16 1733 62 1769 Οὐχ
75 1735 154 1771 ὁρῶσι
167 1736 206 1769 δὲ,
217 1737 248 1763 οὐ
264 1737 342 1772 μόνον
359 1738 406 1765 τοῦ
422 1739 556 1775 Ἀϐραὰμ,
571 1740 638 1767 ἀλλὰ
655 1741 702 1768 καὶ
717 1750 787 1769 παν-

16 1778 52 1810 τὸς
63 1780 88 1806 ὲν
97 1784 234 1818 γεννητοῖς
254 1783 388 1817 γυναικῶν
404 1785 418 1811 6
431 1786 463 1811 ὲκ
476 1786 525 1821 τῆς
538 1786 676 1822 Παρθένου
691 1796 786 1821 γεγεν-

15 1826 124 1860 νημένος,
137 1828 184 1854 καὶ
197 1828 251 1855 τῶν
264 1829 409 1865 προφητῶν
425 1830 533 1858 πάντων
549 1832 563 1857 ὁ
579 1832 785 1868 προφητευόμε-

14 1878 51 1901 νος
73 1871 115 1899 ὑπ’
131 1873 231 1907 αὐτῶν,
246 1875 293 1901 καὶ
308 1875 363 1902 τῶν
382 1876 570 1903 ἀποθανόντων
586 1877 600 1903 6
614 1877 784 1914 ζωοποιήσας

15 1916 108 1949 αὐτοὺς,
128 1920 177 1954 οὐχ
200 1920 295 1946 ἑαυτὸν
312 1921 428 1956 ποιήσας
445 1920 572 1954 τοιοῦτον,
593 1921 650 1948 ἀλλ’
666 1922 720 1949 ἀπὺ
736 1923 782 1950 τοῦ

14 1960 104 1997 Πιτρδς
115 1964 215 1993 λαϐών.
233 1966 346 2000 Ὥσπερ
358 1966 413 2001 γὰρ
426 1968 442 1994 d
461 1967 564 2002 Πατὴρ
580 1968 642 2003 ἔχει
661 1968 737 2003 ζωὴν
750 1970 785 1997 ἐν

13 2006 190 2041 eat/16,06“;
210 2011 259 2038 καὶ
281 2011 321 2045 τῷ
348 2012 403 2045 Υἱῷ
425 2013 501 2047 ζωὴν
523 2013 636 2041 ἔδωκεν
654 2014 735 2049 ἔχειν
749 2016 784 2042 ἐν

14 2050 104 2087 ἐαυτῷ,
120 2056 148 2082 οὐ
166 2056 305 2093 δυναμένῳ
326 2059 413 2085 ποιεῖν
429 2058 474 2094 ἀφ’
489 2059 585 2086 ἑαυτοῦ
607 2060 666 2087 οὐδὲ
682 2061 720 2093 ἓν,
736 2062 782 2088 καὶ

14 2096 122 2143 ζητοῦντι
137 2101 167 2128 16
192 2102 298 2138 θέλημα
314 2103 343 2130 οὺ
357 2104 387 2131 16
411 2104 518 2136 ἑαυτοῦ,
543 2105 611 2132 ἀλλὰ
627 2106 657 2133 16
675 2106 781 2143 θέλημα

12 2142 50 2168 τοῦ
63 2144 210 2181 πέμψαντος
226 2148 316 2176 αὐτόν.
334 2150 390 2176 Καὶ
404 2150 443 2176 τό·
456 2151 524 2178 Τίνα
532 2151 662 2178 σεαυτὸν
671 2152 780 2186 ποιεῖς;
795 2163 818 2190 ι)

15 2188 44 2223 μὴ
52 2190 251 2229 τεθεωρηκότων
266 2191 300 2229 ἦν
313 2193 399 2230 φωνὴ,
417 2194 457 2221 ὅτι
473 2196 522 2231 οὐχ
539 2196 633 2223 ἑαυτὸν
644 2197 658 2223 6
679 2198 782 2232 Ἰησοῦς

13 2235 144 2271 πεποίηκεν
164 2238 233 2274 ὅπερ
249 2239 332 2266 ἐστίν·
347 2239 438 2276 διόπερ
458 2241 506 2267 καὶ
523 2241 590 2276 πρὸς
613 2241 691 2269 τοῦτο
709 2243 784 2270 δοκεῖ

15 2285 50 2325 ξω
64 2281 262 2318 ἀποκρίνεσθαι,
276 2284 407 2312 διδάσκων
423 2285 465 2317 τίς
475 2286 555 2313 αὐτὸν
573 2288 699 2323 ἐποίησεν
713 2288 781 2325 ὅπερ

13 2321 52 2358 ἦν,
65 2327 100 2353 τόν
121 2329 186 2356 Ἐὰν
195 2329 252 2364 ἐγὼ
265 2330 383 2362 δοξάσω
398 2331 537 2366 ἐμαυτὸν,
547 2333 566 2367 ἡ
577 2321 651 2365 saga
659 2343 719 2368 μου
729 2321 780 2362 οὑξ

13 2369 56 2397 δέν
67 2373 154 2401 ἐστιν’
167 2375 253 2403 ἐστιν
264 2377 280 2403 d
290 2376 392 2411 Πατὴρ
407 2378 423 2404 ὁ
435 2377 565 2410 δοξάζων
577 2387 625 2413 με.
644 2380 698 2406 Καὶ
713 2379 779 2406 ταῦ-

12 2423 40 2442 tot
52 2417 86 2450 δὲ,
101 2421 222 2457 αὐτάρκη
242 2423 414 2460 περιγραφὴν
435 2423 577 2459 εἰληφότος
591 2424 639 2451 τοῦ
656 2425 778 2453 εἰκοστοῦ

12 2461 56 2488 τῶν
75 2465 112 2496 εἰς
131 2466 162 2493 τὸ
182 2467 253 2495 κατὰ
274 2468 400 2504 Ἰωάννην
425 2469 589 2504 Εὑαγγὲλιον
609 2469 778 2506 ἐξηγητικῶν

13 2506 91 2541 τίμιον,
103 2511 151 2547 τὴν
165 2514 338 2550 περιγραφὴν
351 2514 467 2542 ἐνταῦθα
480 2514 624 2550 είληφέτω,
640 2516 693 2548 ἵνα,
710 2516 778 2544 Θεοῦ

13 2551 229 2591 ἀπνκαλὺπτοντος
250 2561 316 2595 ἡμῖν
338 2559 373 2586 τὰ
395 2560 467 2597 ἑξῆς,
493 2560 674 2597 θεωρήσωμεν
693 2562 722 2588 ὲν
737 2563 777 2598 τῷ

857 197 943 226 lorum
969 205 1206 229 contrectaverunt
1231 202 1264 230 de
1289 203 1373 232 verbo
1395 205 1498 239 vitae",
1514 208 1635 242 nunquid

853 251 950 272 manus
969 247 1258 282 pseudoapostolorum
1282 253 1309 277 et
1325 252 1509 285 operariorum
1527 253 1635 282 doloso-

853 295 923 321 rum,
935 289 979 324 qui
994 291 1221 327 transﬁgurantur
1233 294 1259 320 in
1274 295 1384 329 angelus
1396 296 1510 330 iustitia:
1521 297 1555 330 ",
1572 300 1634 326 eon-

853 335 1031 361 trectaverint
1045 335 1079 362 de
1094 336 1177 363 verba
1188 338 1284 365 mortis
1297 347 1304 365 :
1318 344 1344 366 et
1358 340 1380 367 si
1396 348 1459 368 oves
1469 342 1570 370 Christi
1586 351 1634 371 au-

851 377 927 405 diunt
945 386 1036 407 vocem
1059 380 1117 414 ejus
1130 381 1164 414 ³¹,
1179 383 1299 418 nunquid
1322 386 1404 412 etiam
1423 394 1482 421 quae
1501 396 1555 415 non
1571 394 1633 416 sunt

850 422 908 457 ejus
919 431 993 456 oves,
1011 425 1045 452 ad
1059 433 1128 460 quos
1143 427 1244 454 dicitur
1257 437 1263 454 :
1284 427 1334 456 Vas
1349 438 1402 457 non
1414 433 1476 458 estis
1496 441 1527 459 ea:
1542 434 1633 461 ovibus

849 469 913 496 meis
923 469 956 500 ⁸³,
967 470 1079 497 audiant
1089 479 1182 499 vocem
1196 474 1300 501 mortis.
1313 474 1428 503 Proinde
1440 477 1500 504 vide
1514 486 1547 506 ne
1560 478 1632 507 forte

848 514 929 542 etiam
937 516 972 541 sit
981 516 1049 543 odor
1058 518 1152 545 mortis
1164 519 1190 545 in
1203 519 1245 546 his
1258 521 1464 556 vibicibus,qu:e
1476 531 1508 550 ex
1521 531 1632 559 peccato

848 560 1019 594 proveniunt,
1032 562 1064 589 de
1074 563 1172 596 quibus
1185 564 1287 592 dictum
1301 571 1343 593 est
1358 574 1365 593 :
1382 566 1527 595 Femerunt
1538 575 1562 596 et
1574 578 1632 597 cor-

847 610 930 639 rupte
943 611 1002 633 sunt
1017 606 1110 635 vibices
1122 617 1186 635 mea:
1197 609 1219 625 “
1231 618 1239 643 ;
1253 615 1279 638 et
1291 612 1358 639 odor
1370 614 1464 640 mortis
1476 614 1501 640 in
1514 614 1629 647 Lazaro,

846 655 991 685 antequam
1022 659 1038 679 a
1066 655 1179 681 mortuis
1203 662 1375 691 rcsurgerct;
1404 665 1482 692 quem
1510 660 1631 688 nolentes

846 695 962 723 odorare
976 698 1090 731 apostoli
1109 698 1237 727 dicebant
1254 700 1392 730 Servatori
1408 712 1415 730 :
1436 703 1558 736 Domine,
1572 704 1631 739 jam

844 739 919 774 fetet;
927 742 1120 775 quatriduum"
1133 745 1201 772 enim
1214 751 1251 773 est
1263 747 1295 774 ³⁵.
1304 748 1338 774 At
1353 756 1417 776 vero
1426 749 1498 783 quod
1511 751 1543 777 ad
1555 758 1630 779 mor-

845 785 878 812 tis
892 787 1000 814 odorem
1022 788 1129 821 attinet,
1146 791 1191 824 qui
1213 797 1303 819 mente
1325 794 1456 826 cernitur,
1475 800 1503 822 et
1516 795 1550 822 ad
1565 796 1632 824 odo-

811 827 831 855 B
847 838 903 857 rem
916 831 1171 866 \itze.apostolicum
1185 835 1248 862 illud
1261 836 1434 865 observemus
1445 847 1556 866 necesse
1564 845 1604 868 est
1619 850 1627 868 :

846 874 946 903 Christi
961 877 1043 904 bonus
1058 879 1124 905 odor
1136 887 1226 907 sumus
1243 881 1297 908 Dea
1311 883 1338 909 in
1358 885 1427 910 omni
1447 884 1504 911 loco
1515 892 1524 911 :
1536 886 1563 912 in
1585 886 1627 914 his

844 922 888 955 qui
903 929 1051 955 servantur,
1061 929 1083 950 et
1096 925 1123 951 in
1135 926 1174 952 Itis
1186 927 1232 960 qui
1242 934 1348 962 pereunt
1361 936 1370 955 :
1383 930 1440 956 istis
1448 931 1551 964 quidem
1564 934 1629 958 odor

844 968 935 995 morti:
954 969 983 995 in
1006 976 1125 1004 mortem,
1148 971 1202 998 illis
1219 981 1277 1000 vera
1296 974 1361 1001 odor
1372 976 1430 1002 vita:
1443 977 1470 1002 in
1490 978 1569 1003 vitam
1580 978 1603 993 “
1620 986 1628 1006 :

844 1012 929 1039 bonus
944 1014 1015 1040 enim
1029 1015 1201 1044 odorChrisli
1217 1023 1280 1044 sunt
1294 1019 1320 1045 in
1337 1020 1409 1046 omni
1427 1020 1527 1052 loco,ct
1544 1022 1628 1049 haud-

843 1065 979 1092 quaquam
1006 1060 1094 1087 malus
1117 1062 1194 1094 odor,
1213 1063 1336 1094 homines
1353 1065 1378 1092 in
1394 1065 1513 1093 Christo.
1526 1067 1625 1096 Verum

841 1103 978 1130 enimvero
991 1105 1116 1139 quoniam
1129 1111 1156 1132 ut
1165 1108 1317 1141 corporalis
1331 1109 1416 1136 bonus
1425 1112 1597 1139 olor-animai
1610 1120 1626 1140 τι

843 1148 963 1183 quaedam
992 1150 1241 1184 perimeredicimr,
1256 1153 1511 1190 sicet'am,propler
1525 1165 1626 1192 prazrc—

841 1197 906 1224 dens
916 1197 1020 1230 vitium,
1035 1199 1120 1227 bonus
1130 1200 1300 1229 Christiodor
1308 1202 1348 1229 his
1357 1204 1400 1237 qui
1410 1209 1472 1230 sunt
1483 1211 1514 1230 ex
1527 1212 1578 1233 mm
1587 1209 1625 1240 te,

841 1242 870 1270 ﬁt
882 1243 909 1270 in
927 1249 1040 1272 mortem
1056 1246 1186 1280 ipsorum,
1202 1254 1261 1273 cum
1281 1248 1388 1275 interim
1404 1248 1446 1276 his
1457 1251 1500 1284 qui
1513 1255 1621 1279 suntex

840 1287 906 1320 vita,
918 1287 962 1314 ﬁat
973 1288 999 1315 in
1009 1289 1101 1316 vitam.
1113 1289 1174 1317 llaec
1182 1291 1258 1318 nobis
1266 1290 1322 1317 visa
1328 1297 1388 1318 sunt
1398 1298 1458 1319 esse
1467 1293 1620 1328 adjacentia

840 1332 1016 1367 disputationi
1039 1335 1072 1362 de
1094 1336 1228 1370 gustando
1250 1341 1379 1370 mortem,
1395 1337 1437 1364 vel
1458 1339 1491 1364 de
1507 1339 1622 1368 videndo

839 1383 885 1406 aut
899 1386 950 1406 non
974 1379 1088 1408 wdendo
1103 1385 1227 1408 mortem.
1244 1380 1307 1408 Post
1320 1381 1377 1409 haec
1391 1381 1497 1418 [Judaei]
1517 1391 1569 1410 non
1582 1385 1623 1410 vi-

840 1425 938 1453 dentes
956 1430 1087 1460 quantum
1113 1431 1255 1461 praestaret
1271 1427 1396 1455 Christus
1418 1428 1580 1463 patriarchis
1594 1434 1623 1456 et

840 1471 993 1507 prophetis,
1009 1479 1042 1500 ac
1064 1479 1099 1500 ne
1123 1471 1248 1500 Messiam
1264 1473 1373 1507 quidem
1397 1481 1457 1501 esse
1479 1475 1622 1503 credentes

842 1517 904 1545 talia
916 1519 1205 1553 tantaquedocentem,
1218 1520 1374 1548 addubitant
1387 1521 1507 1548 dicentes
1524 1528 1532 1548 :
1546 1521 1618 1548 Num

840 1567 867 1590 tu
878 1565 966 1599 major
975 1572 1001 1592 es
1011 1570 1086 1600 patre
1097 1571 1187 1593 nostra
1201 1565 1345 1598 Abraham,
1353 1566 1398 1602 qui
1409 1572 1527 1595 mortuus
1537 1573 1573 1595 est
1582 1568 1622 1595 ’τι

838 1606 897 1635 Νοη
908 1608 1000 1636 vident
1017 1613 1120 1641 autem,
1134 1610 1205 1644 quod
1218 1610 1264 1644 qui
1276 1610 1383 1645 genitus
1397 1615 1439 1638 est
1454 1618 1485 1637 ex
1498 1610 1623 1646 Virgine,

838 1660 892 1680 non
908 1653 996 1680 solum
1009 1652 1164 1681 Abrahamo
1179 1654 1248 1688 ipso,
1261 1662 1354 1682 verum
1367 1656 1447 1682 etiam
1461 1663 1622 1691 quocunque

837 1705 870 1726 ex
897 1699 1057 1727 mulieribus
1086 1700 1176 1735 genito
1200 1701 1235 1727 sit
1263 1701 1364 1735 major;
1392 1702 1474 1738 368
1503 1703 1623 1738 itemque

837 1743 963 1771 omnibus
990 1745 1142 1779 prophetis,
1169 1746 1347 1780 prophetatus
1372 1747 1406 1774 ab
1431 1747 1515 1782 ipsis;
1540 1754 1622 1782 atque

836 1789 963 1817 omnibus
977 1790 1023 1824 qui
1047 1790 1146 1818 mortui
1164 1790 1281 1824 l‘uerint,
1296 1792 1357 1826 quia
1375 1792 1446 1826 ipsos
1465 1792 1621 1820 viviﬁcavc-

837 1834 873 1860 rit
886 1843 894 1862 :
912 1842 962 1862 nec
977 1837 1038 1869 hoc,
1053 1836 1116 1871 quia
1131 1836 1252 1872 seipsum
1267 1837 1346 1864 talem
1369 1837 1474 1870 fecerit,
1497 1838 1543 1864 sed
1557 1838 1618 1872 quia

837 1879 926 1907 islhuc
940 1889 954 1907 a
975 1880 1056 1908 Patre
1072 1882 1218 1916 acceperit.
1233 1880 1266 1908 Ut
1277 1883 1345 1909 enim
1358 1881 1441 1909 Pater
1454 1883 1531 1908 vitam
1542 1882 1619 1909 habet

836 1924 864 1951 in
875 1925 1025 1960 semetipso,
1042 1926 1079 1953 sic
1094 1926 1166 1953 dedit
1187 1927 1267 1953 etiam
1284 1925 1367 1960 Filio,
1380 1931 1408 1953 ut
1431 1928 1510 1954 vitam
1523 1927 1618 1954 habeat

834 1970 861 1997 in
883 1971 1023 2006 lentetipso
1035 1971 1069 2005 ³⁸,
1090 1971 1160 1999 Filio
1181 1979 1233 1999 non
1249 1972 1357 2000 valente
1381 1980 1396 1998 a
1422 1972 1511 2006 seipso
1525 1972 1618 2000 facere

834 2017 991 2052 quidquam,
1012 2025 1062 2044 nec
1086 2022 1223 2051 querente
1238 2017 1403 2045 voluntatem
1420 2025 1498 2045 suam
1514 2017 1615 2050 facere,

833 2062 880 2089 sed
896 2063 954 2095 ejus
979 2062 1025 2097 qui
1050 2062 1124 2089 misit
1151 2061 1226 2089 illum
1239 2062 1273 2089 ”.
1295 2062 1391 2089 Dicunt
1415 2062 1515 2090 etiam:
1533 2061 1616 2094 Quem

832 2107 943 2140 teipmm
990 2108 1057 2142 facis
1090 2107 1146 2135 δοῖ
1181 2108 1281 2143 quippe
1312 2108 1357 2142 qui
1401 2115 1453 2135 non
1495 2108 1618 2135 viderant

833 2159 959 2194 quoniam
986 2167 1038 2187 non
1066 2159 1183 2194 seipsum
1217 2159 1319 2186 fecerat
1339 2157 1416 2186 Jesus
1439 2158 1510 2193 quod
1535 2162 1577 2186 est
1605 2167 1614 2186 ;

833 2218 915 2246 quam
937 2211 971 2238 ob
991 2218 1100 2238 causam
1116 2211 1196 2238 etiam
1219 2210 1326 2237 videtur
1350 2209 1417 2236 mihi
1443 2209 1476 2236 ad
1504 2210 1556 2236 hoc
1575 2215 1617 2236 re-

831 2260 978 2295 spondere,
993 2259 1094 2287 docens
1108 2259 1169 2294 quis
1184 2259 1271 2295 ipsum
1283 2259 1394 2286 fecisset
1413 2258 1439 2285 id
1452 2258 1523 2292 quod
1538 2262 1616 2285 erat:

832 2309 862 2338 Si
874 2318 920 2346 ego
940 2310 1061 2345 glori/ica
1077 2310 1215 2344 meiprum,
1227 2310 1311 2344 gloria
1336 2317 1392 2335 mea
1416 2308 1490 2335 nulla
1510 2313 1617 2340 cauea

832 2360 926 2393 Pater,
939 2361 985 2396 qui
997 2369 1036 2388 me
1046 2359 1219 2396 glori/teat“.
1236 2359 1288 2387 Sed
1310 2360 1368 2387 haec
1387 2360 1438 2388 hoc
1453 2359 1481 2387 in
1501 2360 1560 2388 loco
1581 2361 1615 2387 li-

831 2420 892 2440 nem
910 2416 1028 2444 sumant,
1042 2418 1104 2438 cum
1119 2416 1208 2438 tomus
1224 2410 1372 2438 vicesitnus
1390 2410 1612 2445 explanationum

830 2464 857 2491 in
872 2462 1044 2497 Evangelium
1057 2461 1183 2490 aJoanne
1196 2462 1325 2489 traditum
1334 2461 1612 2495 circumscriptiOnem

829 2515 1006 2543 sullicienlem
1022 2513 1169 2550 acceperit,
1181 2517 1220 2545 ut,
1234 2513 1288 2541 Deo
1305 2513 1385 2541 nobis
1396 2512 1543 2546 revelante,
1554 2521 1615 2548 quae

828 2568 945 2597 restant,
959 2563 1164 2592 consideremus
1177 2562 1204 2589 in
1217 2562 1341 2597 sequenti
1353 2566 1437 2595 tomo,
1450 2569 1614 2597 prosequen-

99 2647 171 2678 Joan.
187 2651 277 2692 hi.”
290 2651 310 2667 ³¹
357 2651 420 2692 ςοιι.
434 2661 472 2686 xl,
485 2652 585 2692 13215.
613 2652 736 2692 Δξ’]οιιη.
753 2661 777 2687 x,

869 2651 1107 2692 __"__il_)i_d._g6._n“
1122 2651 1193 2692 Ps3}.
1209 2650 1366 2692 xxxvrt,6_._
1389 2649 1507 2692 "Adrian:
1515 2650 1612 2692 xt,_59.

14 2677 32 2693 ιι
41 2679 59 2707 ιι
70 2671 171 2717 cst-.1;
187 2671 289 2718 i'sfis.
322 2671 585 2720 ιιῑςῖέιςιάιῖπειῖ·
612 2671 777 2722 suam

869 2688 886 2704 ιο
900 2671 1092 2720 mittit-9:30.
1122 2671 1378 2720 "vastatas.
1415 2671 1576 2713 ιτϊὺῖἁῗὲὶῖ

42 2750 305 2793 (δὲὶοῐρπόστρλοι
318 2756 434 2793 ἔλεγξον,
448 2762 500 2786 etc.
527 2757 662 2793 Apostolis
682 2757 778 2787 tribuit

14 2783 111 2815 Marthae
123 2790 221 2819 dictum
237 2791 314 2820 Joan.
329 2783 426 2826 x539.

869 2755 1026 2793 (55)7C9dex
1046 2755 1158 2793 Regius,
1175 2755 1255 2790 male,
1272 2756 1328 2788 τοῖς
1351 2755 1391 2787 εἰς
1413 2753 1486 2790 ζωῆς
1503 2752 1610 2780 ἀποϐαί-

829 2801 868 2820 νει
885 2793 902 2827 ἡ
914 2791 982 2828 ζωή.
