1847 3045
254 85 307 113 687

253 152 365 177 venero,
379 149 408 172 ut
431 144 503 172 noris
518 143 794 180 quomodo'oporleat
817 149 842 173 te
859 145 885 173 in
901 145 980 173 domo
995 145 1042 173 Dei

254 191 368 222 versari,
382 197 441 224 quae
454 195 497 217 cst
514 189 634 217 Ecclesia
651 190 697 218 Dei
717 191 833 218 viventis
844 211 852 224 ,
866 192 1002 224 columna,
1019 197 1046 219 et

253 237 327 264 basis
339 235 473 263 veritatis.
491 245 500 261 ι
523 235 555 263 Ut
567 235 651 270 igitur
669 244 722 264 non
734 236 928 264 deeetonmem
942 245 995 265 non
1008 238 1045 265 uti

253 283 300 310 illo
312 289 392 317 panc,
404 288 493 309 etnon
505 281 598 309 bibere
605 289 637 308 ex
648 281 694 309 illo
703 282 798 315 calice,
807 287 834 310 et
848 290 909 311 esse
921 284 1015 318 procul
1029 291 1045 311 a

251 329 331 355 domo
348 327 414 360 Dei,
436 332 463 355 et
477 328 511 355 ab
526 327 670 361 Ecclesia;
693 329 732 356 sic
753 336 807 356 non
836 330 914 357 decet
936 337 1044 358 omnem

250 372 321 399 nolle
335 372 442 400 elevare
460 373 564 400 oculos.
587 373 686 401 Peccat
699 378 788 402 autem
805 374 916 410 aliquis,
930 375 965 409 si,
981 384 1044 403 cum

249 418 344 445 deceat
359 425 420 445 eum
433 418 522 447 levare
537 419 631 447 oculos
642 439 651 453 ,
665 427 719 448 non
742 420 814 448 levat
829 428 897 454 eos;
919 429 1043 450 rursum-

248 471 302 501 que
315 465 407 493 itidem
424 460 530 501 peccat,
547 466 570 494 si
584 474 644 494 cutn
657 473 719 494 eum
728 467 859 495 dedeceat
873 467 965 495 levare
979 475 1044 496 ocu-

248 512 300 546 los,
314 521 361 541 eos
377 514 463 541 levat.
480 515 569 549 Atque
586 514 749 550 publicanus
773 516 883 551 quidem
907 515 935 544 in
953 517 1043 545 Evan-

247 559 318 594 gelio
332 559 355 575 ⁸⁸
365 567 416 587 nec
431 560 526 588 oculos
539 560 631 588 levare
644 561 762 595 volebat.
779 562 910 590 decenter
924 562 1041 597 faciens,

248 613 317 652 quos
337 605 400 641 jure
423 606 528 635 levaret
555 607 707 643 discipulus
731 608 795 637 Jesu
818 610 970 642 assistens.
996 610 1041 637 cui

247 652 329 679 etiam
346 653 505 681 mandatum
528 654 608 682 datur
623 655 718 683 dicens
737 665 744 683 :
772 664 781 681 ι
801 656 924 684 Attollite
946 656 1042 684 oculos

246 702 362 731 vestros,
383 703 411 726 et
426 700 650 735 contemplamini
669 702 812 737 regiones,
828 703 958 738 quoniam
973 703 1041 730 alba:

243 741 300 777 jam
316 746 378 770 sunt
396 744 430 771 ad
449 751 565 772 messem
582 745 615 772 δ’.
639 755 649 772 ι
676 746 746 780 Quin
771 748 905 782 propheta
932 756 1041 785 quoque

247 788 354 822 inquit:
375 797 384 814 ι
400 788 502 818 Levate
517 790 544 818 in
557 791 642 818 altum
652 792 747 820 oculos
763 798 869 821 vestros
885 794 926 822 “:
946 805 954 820 ³
969 800 995 822 et
1011 795 1037 822 in

245 834 350 868 psalmo
376 842 468 868 cxxu,
490 836 536 871 qui
564 837 706 865 Graduum
728 843 770 866 est
792 844 888 866 cantus
911 845 1036 874 quartus,

247 886 373 915 tanquam
386 882 433 916 qni
445 882 574 910 decenter
588 883 720 911 levaverit
730 884 824 912 oculos
833 891 899 912 suos
909 885 942 912 ad
955 885 1038 913 Deum

245 927 333 961 inquit
351 926 505 962 Propheta:
522 937 531 954 ι
547 929 587 955 Ad
602 934 628 957 te
649 929 735 956 levavi
759 929 853 957 oculos
879 937 969 963 meos,
993 931 1038 966 qui

245 972 351 1000 habitas
372 972 398 1000 in
417 973 497 1001 cmlo.
516 974 584 1001 Ecce
599 974 671 1002 sicut
685 975 756 1002 oculi
773 983 914 1003 servorum
928 976 961 1004 ad
979 985 1038 1004 ma-

244 1023 295 1043 nus
306 1016 478 1044 dominorum
494 1025 624 1051 suorum;
641 1024 668 1046 et
689 1019 761 1047 sicut
778 1019 851 1047 oculi
876 1020 984 1048 ancilla:
1003 1021 1038 1048 ad

243 1070 339 1090 tuanus
357 1063 473 1090 domina:
486 1071 560 1097 sum,
586 1065 622 1092 ita
645 1065 715 1093 oculi
731 1066 817 1094 nostri
837 1066 870 1094 ad
895 1066 1038 1095 Dominum

242 1108 327 1136 Deum
340 1114 481 1143 nostrum,
508 1110 595 1138 donec
614 1111 779 1140 misereatur
806 1114 905 1141 nostri.
928 1122 937 1140 ι
961 1113 1038 1147 Quod

242 1156 265 1183 si
278 1157 398 1191 apertius
410 1157 493 1184 etiam
508 1157 608 1185 docere
624 1165 694 1192 opus
705 1162 748 1186 est
762 1166 844 1194 quem
861 1159 971 1195 quidem
991 1161 1036 1187 de-

242 1208 303 1230 ceat
315 1202 414 1231 imitari
428 1203 520 1231 .lesum
534 1211 651 1239 superne
665 1205 759 1233 oculos
771 1205 952 1239 attollentem,
972 1206 1035 1234 dum

242 1251 325 1276 etiam
352 1249 409 1284 ipse
436 1250 537 1277 attollit
562 1250 658 1278 oculos
680 1257 767 1284 suos;
786 1255 813 1278 et
830 1251 958 1286 quisnam
986 1252 1038 1280 hoc

241 1295 334 1322 facere
351 1303 404 1323 non
424 1296 540 1329 debeat,
563 1297 610 1324 sed
633 1297 770 1332 publicani
795 1298 962 1331 imitatione,
983 1307 1035 1326 non

242 1340 329 1368 solum
354 1342 485 1376 procula
513 1342 615 1377 templo
641 1348 733 1376 stare,
760 1351 856 1371 verum
883 1344 964 1372 etiam
982 1353 1035 1373 non

241 1387 311 1414 velle
327 1389 420 1416 oculos
437 1389 572 1421 attollere,
590 1391 615 1416 in
631 1389 748 1417 medium
761 1390 926 1418 adducemus
936 1399 970 1418 ex
986 1392 1035 1419 Da-

243 1433 313 1459 niele
324 1441 384 1467 quae
396 1434 497 1469 scripta
510 1439 574 1461 sttnt
586 1434 620 1462 de
632 1435 731 1470 iniquis
743 1436 855 1463 senibus
867 1438 1035 1466 amatoribus

243 1479 393 1512 Susannzr,
417 1481 488 1507 hunc
515 1481 542 1507 in
562 1480 670 1508 modum
687 1481 770 1517 374
794 1490 824 1510 se
848 1483 975 1511 habentia
989 1484 1033 1510 ‘7:

244 1536 254 1552 ι
274 1526 307 1554 Et
324 1531 484 1554 averterunt
504 1532 622 1554 mentem
638 1535 726 1560 suam.
741 1533 770 1556 et
785 1529 954 1558 declinarunt
970 1538 1035 1558 ocn-

243 1572 286 1600 los
300 1580 375 1604 suos,
393 1580 427 1600 ne
440 1573 466 1600 in
481 1573 580 1601 ctnlum
597 1575 780 1609 suspicerent.
799 1583 887 1609 neque
900 1583 1036 1604 tucmores

242 1623 337 1646 essent
349 1618 515 1653 iudiciorum
531 1619 679 1654 justorum.
696 1629 705 1646 ι
720 1621 894 1649 Adduccmus
907 1622 989 1649 etiam
1009 1623 1035 1650 in

243 1664 364 1692 medium
386 1673 447 1700 qua:
474 1666 507 1692 de
532 1665 656 1693 Susanna
691 1667 849 1694 scribuntur
876 1668 927 1695 hoc
956 1670 1036 1696 modo

243 1710 316 1737 dicta
331 1709 354 1725 ⁶⁸
369 1718 376 1736 :
394 1719 402 1735 ι
419 1710 453 1736 At
471 1710 515 1737 illa
528 1709 596 1738 ﬁens
608 1711 730 1746 suspexit
741 1712 768 1738 in
783 1712 892 1745 cmlum,
905 1714 1034 1748 quoniam

241 1763 289 1783 cor
298 1756 356 1791 ejus
366 1756 467 1783 ﬁdebat
478 1757 600 1784 Domino.
609 1766 618 1783 ι
629 1756 748 1785 Observa
760 1758 831 1785 enim
844 1759 870 1786 in
879 1759 952 1792 istis,
962 1761 1034 1795 quod

243 1802 289 1837 qui
307 1807 465 1830 averterant
491 1808 612 1831 mentem
632 1811 708 1831 suam
720 1823 728 1836 ,
749 1803 925 1832 declinarunt
942 1806 1035 1834 oculos

241 1856 305 1876 suos
318 1869 325 1881 ,
340 1855 373 1875 ne
393 1848 420 1875 in
444 1848 544 1876 cmlum
569 1849 752 1884 suspicerent;
766 1856 800 1877 ea
818 1857 883 1880 vero
907 1859 966 1886 quae
983 1852 1035 1880 Do-

243 1893 318 1919 mino
341 1892 458 1926 lidebat,
478 1897 676 1928 consequenter
693 1893 799 1922 ﬁducia:
820 1903 901 1931 quam
918 1896 1035 1925 habebat

240 1938 267 1966 in
279 1939 393 1966 Domino
403 1959 410 1971 ,
424 1940 579 1974 suspexerit
595 1940 622 1967 in
635 1939 745 1968 cadum.
759 1940 876 1969 Docebat
889 1942 961 1970 enim
974 1950 1034 1977 pre-

240 1988 384 2017 saturam,
411 1984 445 2011 ob
473 1984 598 2012 ﬁduciam
626 1986 802 2014 continentiae
831 1988 971 2022 suspicere
1004 1989 1032 2016 in

239 2031 340 2057 coelum
351 2050 359 2062 ,
373 2038 546 2066 snperneque
558 2031 653 2059 oculos
667 2032 809 2066 attollere;
822 2034 946 2062 seniores
967 2041 1032 2062 vero

239 2076 355 2104 decebat
370 2077 441 2104 nolle
465 2077 561 2104 oculos
579 2077 688 2111 levare,
717 2083 800 2114 atque
821 2079 905 2107 etiam
928 2080 1030 2115 procul,

238 2122 352 2156 perinde
369 2130 402 2149 ac
415 2122 576 2157 publicanus
587 2143 595 2157 ,
613 2129 687 2152 stare
709 2125 909 2160 verberareque
923 2130 1031 2160 pectora

1000 85 1165 114 ORICENIS

1050 1502 1071 1532 C

1060 146 1144 180 Ατῆς
1187 147 1316 182 ἀληθείας
1358 157 1367 173 ι
1396 147 1500 183 Ὥσπερ
1530 147 1560 173 ού
1599 147 1681 174 παντὶ
1712 138 1840 183 καθήκειὲ

1100 191 1217 227 χρῆσθαι
1227 191 1358 227 τῷᾶρτῳ,
1369 192 1416 219 καὶ
1430 192 1467 227 μὴ
1483 192 1568 219 πίνειν
1585 194 1617 219 ἐκ
1629 192 1677 219 τοῦ
1692 193 1814 228 ποτηρίου,
1824 189 1840 220 id

1100 237 1137 273 μὴ
1155 237 1250 273 πόρρω
1266 235 1336 264 εἶναι
1353 237 1392 272 τῷ
1405 238 1548 274 οῗκῳ(68”)
1560 238 1639 271 Θεοῦ,
1655 238 1703 265 κσὶι
1716 239 1761 274 τῆς
1772 238 1840 275 Ἐκκὶη

1097 284 1174 316 σίας·
1190 283 1276 316 οὕτως
1290 282 1338 311 οῦν
1355 285 1436 311 παντὶ
1452 285 1566 321 καθήκει
1580 285 1610 312 τὸ
1628 285 1668 321 μὴ
1685 285 1769 312 θέλειν
1783 287 1840 320 Rati}:

1096 330 1159 361 τοὺς
1178 329 1344 366 ὀφθαλμούς·
1364 331 1531 366 ’Λμαρτάνει
1553 331 1581 357 δὲ
1602 332 1630 358 εἴ
1643 340 1704 364 τίεν
1721 331 1840 367 nam“

1095 375 1171 411 αὺτῷ
1193 377 1317 412 ἐπαίρειν
1336 376 1399 408 τοὺς
1415 376 1580 412 ὀφθαλμοὺς,
1599 377 1636 413 μὴ
1652 377 1774 414 ἐπαίρει·
1793 368 1840 406 xxii

1095 430 1147 454 τις,
1169 421 1336 457 καθήκοντος
1355 421 1393 458 μὴ
1413 422 1547 457 ἐπαίρειν,
1568 423 1689 460 ἐπαίρει.
1709 423 1737 450 '0
1761 424 1802 458 μὲν
1815 421 1840 450 vii

1095 467 1165 494 κατὰ
1181 468 1212 494 τὸ
1231 468 1408 503 Εὑαγγέλιον,
1425 468 1543 504 τελώνης
1564 470 1614 496 οὐκ
1635 469 1732 505 ἤθελεν
1744 470 1797 496 οὐδὲ
1813 472 1840 496 τοῦ

1094 513 1250 550 ὀφθαλμοὺς
1272 514 1388 550 ἐπᾶραι,
1415 515 1591 551 καθηκόντως
1613 515 1717 542 ποιῶν·
1740 513 1840 551 ἐπὶριιί

1093 560 1127 587 ἂν
1148 561 1249 593 αὐτοὺς
1273 560 1392 595 εὐλόγως
1408 561 1422 587 ὁ
1448 560 1544 597 παρὼν
1569 561 1608 597 τῷ
1632 561 1720 597 Ἰησοῦ
1746 561 1840 597 μαθητὴς

1093 606 1162 642 πρὸς
1183 606 1213 633 ὃν
1227 607 1275 634 καὶ
1298 607 1392 643 ἐντολὴ
1408 607 1508 633 δίδοται
1529 608 1546 642 ἡ
1567 607 1701 641 λέγουσα’
1722 616 1732 632 ι
1750 607 1840 642 Ἐπεὶρατ

1091 652 1156 684 τοὺς
1169 652 1325 688 ὀφθαλμοὺς
1347 652 1435 689 ὑμῶν,
1459 653 1506 679 καὶ
1520 652 1652 679 θεάσασθε
1668 653 1718 685 τὰς
1731 652 1819 688 χώρας,
1829 654 1840 678 ir

1092 697 1188 725 λευκαί
1212 698 1265 724 εισι
1287 697 1357 734 πρὸς
1379 697 1509 734 θερισμὸν
1530 698 1590 733 ήδη.
1603 707 1613 724 ι
1632 698 1689 724 Καὶ
1703 699 1719 724 ὁ
1743 698 1840 733 προεήτι

1091 744 1120 770 δέ
1145 752 1244 779 φησιν’
1270 753 1278 770 t
1301 743 1436 779 Ἐπάρατε
1467 744 1508 775 είς
1542 744 1609 778 ὕψος
1633 744 1699 775 τοὺς
1728 742 1840 779 ὀφθαλμοὶ

1092 788 1184 824 ὑμῶν·
1211 798 1221 815 ι
1246 788 1315 816 ἀλλὰ
1345 789 1392 815 καὶ
1417 789 1446 816 ὲν
1469 789 1607 825 ἑκατοστῷ
1628 789 1744 824 εἰκοστῷ
1764 790 1840 824 δευτέρ

1053 832 1075 860 Β
1088 835 1198 871 ψαλμῷ,
1211 835 1268 862 ὄντι
1352 835 1405 862 τῶν
1419 835 1583 871 ἀναϐαθμῶν
1599 835 1729 871 τετάρτῃ,
1743 836 1780 867 ὡς
1793 835 1840 862 nim

1092 881 1195 912 κόντως
1226 881 1333 916 ἐπάρας
1366 881 1429 912 τοὺς
1469 880 1626 916 ὀφθαλμοὺς
1650 881 1721 917 πρὸς
1746 882 1788 907 τὶν
1811 880 1840 906 (ti

1090 934 1172 962 φησιν
1189 927 1204 952 ὁ
1218 927 1377 962 προφήτης”
1398 935 1407 951 ι
1422 926 1495 962 Πρὸς
1517 927 1546 953 σὲ
1571 924 1628 962 ἦρα
1643 927 1707 958 τοὺς
1730 922 1840 961 ὀφθαλμοί

1091 980 1142 1007 μου
1166 971 1212 998 τὸν
1225 972 1406 999 κατοικοῦντα
1418 972 1448 999 ἐν
1461 972 1501 1007 τῷ
1516 972 1634 1008 οὐρανῷ.
1657 972 1722 999 ’1δοῦ
1735 972 1771 1004 ὡς
1783 968 1840 1005 ἀεί)ιῖ

1091 1018 1136 1053 μοὶ
1149 1017 1249 1045 δούλων
1263 1019 1304 1050 είς
1321 1019 1416 1054 χεῖρας
1429 1018 1484 1045 τῶν
1498 1018 1601 1054 κυρίων
1616 1018 1719 1051 αὐτῶν,
1734 1018 1770 1050 ὡς
1782 1015 1840 1052 (ieci

1090 1063 1136 1098 μοὶ
1152 1062 1298 1099 παιδίσκης
1314 1064 1354 1095 εἰς
1378 1064 1472 1098 χεῖρας
1492 1063 1541 1098 τῆς
1559 1063 1658 1099 κυρίας
1681 1063 1777 1098 αὐτῆς,
1796 1063 1840 1089 a-‘m

1088 1110 1113 1135 οἱ
1129 1108 1264 1144 ὀφθαλμοὶ
1280 1109 1359 1145 ἡμῶν
1377 1110 1446 1145 πρὸς
1459 1109 1561 1145 Κύριον
1574 1109 1622 1136 τὸν
1640 1109 1708 1135 Θεὸν
1723 1109 1808 1144 ἡμῶν,
1822 1109 1840 1134 ἔρ

1089 1152 1119 1182 οὗ
1133 1155 1294 1192 οἰκτειρήσῃ
1307 1155 1391 1191 ἡμᾶς.
1410 1165 1420 1181 ι
1430 1156 1462 1182 Et
1476 1155 1504 1182 δὲ
1518 1155 1565 1182 καὶ
1580 1154 1747 1189 σαφέστερον
1763 1154 1811 1189 χρὴ
1823 1160 1840 1180 :l

1090 1201 1225 1237 ραστῆσαι
1248 1201 1301 1228 τίνι
1326 1201 1376 1237 μὲν
1399 1202 1449 1238 ἤδη
1472 1201 1588 1237 καθήκει
1609 1200 1754 1237 μιμεῖσθαι
1769 1200 1840 1227 τὸνἬ

1089 1247 1153 1275 σοῦν
1172 1247 1268 1284 αραντι
1284 1248 1348 1280 τοὺς
1365 1247 1520 1283 ὀφθαλμοὺς
1536 1247 1602 1280 ἄνω,
1624 1248 1654 1273 ἐν
1673 1246 1714 1282 τῷ
1735 1247 1781 1273 καὶ
1801 1245 1840 1272 131‘

1087 1293 1214 1329 ἐπαίρειν
1233 1292 1328 1319 ἑαυτοῦ
1347 1293 1409 1324 τοὺς
1423 1292 1588 1328 ὀφθαλμοὺς,
1604 1292 1652 1319 καὶ
1666 1292 1721 1318 τίνι
1736 1292 1811 1318 τοῦτο

1087 1339 1118 1365 οὗ
1132 1338 1259 1374 καθήκει,
1271 1338 1373 1374 ὁμοίως
1386 1338 1414 1364 δὲ
1430 1338 1470 1373 τῷ
1482 1337 1585 1374 τελώνῃ
1601 1338 1632 1364 οὗ
1652 1337 1734 1373 μόνον
1748 1336 1840 1374 μακῷι

1087 1383 1200 1411 ἑστάναι
1234 1383 1280 1410 τοῦ
1304 1383 1388 1419 ἱεροῦ,
1420 1383 1488 1410 ἀλλὰ
1509 1383 1546 1419 μὴ
1576 1383 1665 1409 θέλειν
1689 1384 1793 1419 ἐπᾶραι
1818 1380 1840 1409 sti

1087 1430 1256 1466 ὀφθαλμοὺς,
1269 1429 1485 1466 παραθησόμεθα
1494 1430 1526 1456 ἐκ
1539 1429 1586 1456 τοῦ
1596 1429 1697 1465 Δανιὴλ
1706 1429 1743 1456 τὰ
1758 1424 1840 1465 rapid

1088 1477 1259 1513 ἐρασθέντων
1282 1477 1332 1512 τῆς
1351 1476 1506 1511 Σουσάννης
1538 1475 1647 1511 ἀνόμων
1674 1471 1840 1510 πρεσϐυτέρικί

1087 1524 1173 1556 οὕτως
1193 1523 1302 1559 ἔχοντα·
1324 1533 1333 1549 ι
1350 1523 1404 1550 Καὶ
1427 1522 1588 1558 διέστρεψαν
1608 1521 1655 1547 τὸν
1679 1522 1787 1548 ἑαυτῶν
1809 1519 1840 1562 vei

1087 1570 1136 1596 καὶ
1159 1568 1299 1609 ἐξέκλιναν
1323 1568 1386 1600 τοὺς
1399 1567 1555 1603 ὀφθαλμοὺς
1575 1567 1678 1598 αὐτῶν,
1694 1567 1745 1593 τοῦ
1771 1568 1807 1602 μὴ

1087 1624 1149 1642 πειν
1172 1607 1212 1647 εἰς
1226 1615 1272 1642 τὸν
1295 1614 1418 1650 οὐρανὸν,
1442 1614 1510 1649 μηδὲ
1536 1613 1721 1649 μνημονεύειν
1743 1607 1840 1662 κριμὰῆ

1086 1661 1213 1689 δικαίων·
1226 1671 1235 1687 ι
1253 1661 1300 1688 κα.)⁵
1316 1661 1351 1687 τὰ
1370 1660 1433 1696 περὶ
1450 1660 1499 1696 τῆς
1521 1660 1676 1695 Σουσάννης
1693 1659 1793 1686 τοῦτον

1089 1707 1158 1744 μένα
1178 1708 1225 1734 τὸν
1249 1708 1365 1743 τρόπον·
1387 1716 1396 1732 ι
1417 1706 1449 1733 Ἡ
1465 1706 1493 1733 δὲ
1516 1706 1648 1733 κλαίουσα
1671 1706 1821 1740 ἀνέϐλεψεν

1086 1755 1132 1780 τὸν
1153 1754 1279 1789 οὐρανὸν,
1298 1754 1338 1780 ὅτι
1354 1751 1388 1788 ἦν
1403 1753 1420 1788 ὴ
1440 1752 1537 1788 καρδία
1555 1752 1643 1787 αὐτῆς
1669 1752 1818 1778 πεποιθυῖα
1835 1748 1840 1778 i

1086 1801 1197 1836 Κυρίῳ·
1214 1809 1224 1826 ›
1254 1800 1408 1836 παρατήρει
1441 1799 1495 1835 γὰρ
1521 1799 1550 1826 ἐν
1576 1798 1701 1830 τούτοις,
1725 1799 1769 1825 ὅτι

1086 1847 1297 1882 διαστρέψαντες
1333 1847 1379 1873 τὸν
1411 1844 1514 1872 ἑαυτῶν
1547 1843 1609 1871 νοῦν
1642 1844 1791 1878 ἐξέκλιναν
1822 1851 1840 1881 τι

1085 1893 1242 1929 ὀφθαλμοὺς
1265 1891 1354 1919 αὐτῶν
1370 1891 1416 1918 τοῦ
1442 1890 1479 1926 μὴ
1498 1890 1606 1925 βλέπειν
1622 1890 1663 1921 εἰς
1686 1890 1737 1916 τὸν
1756 1887 1840 1925 οὐρανέ

1085 1941 1102 1976 ὴ
1115 1940 1154 1973 δὲ,
1172 1938 1318 1966 πεποιθυῖα
1339 1938 1385 1964 ἐπὶ
1399 1936 1438 1972 τῷ
1451 1936 1546 1972 Κυρίῳ
1565 1935 1728 1966 ἀκολούθως
1740 1936 1782 1971 τῷ
1797 1939 1840 1960 πετι

1086 1986 1160 2013 θέναι
1182 1985 1228 2012 ἐπὶ
1250 1985 1289 2020 τῷ
1313 1983 1425 2019 Κυρίῳ,
1450 1982 1597 2017 ἀνέϐλεψεν
1618 1983 1658 2015 εἰς
1685 1982 1736 2008 τὸν
1761 1983 1840 2017 0-35.44

1087 2033 1209 2068 Ἕπρεπε
1224 2031 1312 2058 τοίνυν
1328 2032 1362 2066 τῇ
1381 2029 1431 2065 μὲν
1444 2029 1490 2055 ἐπὶ
1554 2028 1618 2064 περὶ
1632 2028 1683 2063 τῆς
1705 2028 1840 2063 suggerit

1085 2077 1227 2114 παρρησίᾳ
1247 2075 1381 2112 μελλούσῃ
1400 2074 1526 2110 εὔχεσθαι
1544 2073 1712 2100 ἀναῆλέπειν
1728 2074 1770 2105 εἰς
1787 2073 1840 2110 cm

1085 2124 1175 2161 ρανδν,
1205 2124 1251 2150 καὶ
1280 2123 1367 2159 αἴρειν
1396 2122 1460 2153 τοὺς
1489 2120 1647 2156 ὀφθαλμοὺς
1676 2120 1756 2147 ἄνω·
1783 2129 1812 2146 τε

1813 2128 1834 2150 ις

238 2154 287 2196 sua
302 2173 330 2195 et
349 2154 440 2196 dicere
456 2176 463 2194 :
481 2177 490 2194 ι
509 2169 597 2203 Deus.
620 2170 754 2205 propitius
768 2175 829 2198 esto
847 2154 912 2198 niihi
929 2179 967 2206 pet

1110 2154 1289 2207 ρεσθυτέροις,
1311 2154 1339 2195 ξι
1355 2167 1415 2195 καθ’
1436 2154 1563 2194 ὑπόθεσιν
1579 2154 1653 2201 μετὰ
1669 2165 1703 2192 τὸ
1722 2165 1839 2199 Eua-.35.

239 2215 290 2243 tori
303 2215 340 2249 '9;
360 2225 370 2242 ι
392 2215 414 2243 si
424 2221 604 2251 supponatur,
622 2221 765 2251 postquam
779 2222 937 2245 averterant
954 2225 1032 2245 men-

240 2267 292 2288 tem
308 2269 396 2295 suam,
416 2262 678 2297 declinaverantqne
692 2263 787 2290 oculos
801 2270 877 2296 suos,
897 2270 931 2291 ne
943 2263 1032 2298 suspi-

239 2312 332 2341 cerent
348 2308 377 2335 in
402 2308 520 2342 ccelum,
547 2316 635 2344 neque
662 2309 872 2336 recordarentur
892 2310 1029 2344 justorum

238 2351 416 2386 iudiciorum,
434 2361 481 2381 eos
499 2354 657 2390 resipuisse.
673 2359 755 2389 atque
771 2359 831 2389 post
841 2354 931 2382 dolum
943 2355 1031 2382 inten-

241 2402 327 2424 tatum
342 2399 463 2432 mulieri,
477 2400 596 2435 impotes
613 2401 676 2429 laeti
697 2401 784 2429 factos
806 2402 925 2437 precari.
942 2402 1030 2430 Caete-

240 2450 301 2469 rum
314 2444 443 2479 erigentis
457 2447 551 2474 oculos
569 2454 697 2481 sursum,
714 2454 815 2482 eosque
830 2447 960 2475 decenter
973 2448 1030 2475 eri-

239 2489 327 2523 gentis
358 2490 384 2516 in
410 2491 510 2519 caelum
527 2491 649 2520 ofﬁcium
673 2501 781 2529 quoque
805 2494 858 2521 erit
885 2493 1031 2522 sustollere

240 2541 336 2561 manus
353 2540 482 2568 sanctas,
505 2540 657 2572 praesertim
680 2540 789 2575 quando
808 2540 911 2574 absque
935 2541 974 2567 ira
1003 2545 1030 2567 et

200 2578 203 2581 '
240 2578 483 2612 disceptationibus
494 2581 516 2597 ⁷ο
532 2583 632 2611 emittit
644 2592 763 2619 precem.
780 2584 827 2612 Sic
840 2585 912 2612 enim
926 2585 1029 2612 nostris

238 2623 321 2651 etiam
334 2625 420 2652 oculis
432 2632 540 2654 sursum
567 2637 615 2663 per
639 2631 832 2665 cogitationem
854 2635 882 2659 et
905 2636 1031 2659 eontem-

238 2669 385 2704 plationem
396 2672 505 2704 erectis,
519 2677 601 2708 atque
612 2677 694 2702 etlam
711 2677 836 2705 manibus
855 2677 919 2711 ipsis
930 2678 1030 2705 erectis

273 2728 377 2769 f‘_buc.
395 2737 474 2769 xryt,
491 2732 534 2759 l5.
580 2734 602 2749 “
614 2732 692 2762 Joan.
709 2735 793 2769 tv,55

240 2764 263 2779 "
277 2765 284 2789 l
298 2764 365 2791 Tim.
382 2773 412 2797 II,
426 2765 454 2792 8.

854 2736 876 2751 ⁸⁸
890 2735 951 2763 lsai.
969 2743 1013 2769 XL,
1027 2735 1072 2762 26.

1830 2210 1840 2235 ﬁ

1086 2205 1131 2244 τθν
1147 2205 1250 2243 ἐαυτῶν
1267 2214 1340 2247 νοῦν,
1355 2213 1402 2240 καὶ
1424 2212 1546 2239 ἐκκλῖναι
1564 2212 1629 2242 τοὺς
1645 2209 1811 2246 ὀφθαλμοὺς

1085 2263 1150 2295 τῶν,
1165 2262 1212 2289 τοῦ
1231 2261 1268 2297 μὴ
1292 2260 1401 2295 βλέπειν
1419 2260 1459 2291 είς
1479 2258 1525 2285 τὸν
1539 2257 1667 2294 οὐρανὸν,
1691 2257 1765 2292 μηδὲ
1784 2262 1840 2302 μνη-,ι

1085 2309 1172 2337 νεύειν
1202 2307 1344 2344 κριμάτων
1372 2305 1495 2336 δικαίων,
1523 2303 1679 2339 μετενόουν,
1710 2305 1815 2338 πεῖραν
1838 2309 1840 2344 4

1085 2355 1305 2392 προσαγαγόντες
1320 2354 1354 2388 τῇ
1370 2351 1490 2386 γυναικὶ,
1508 2350 1545 2386 μὴ
1561 2349 1692 2384 τυχόντες
1712 2349 1743 2376 δὲ
1759 2349 1809 2374 τοῦ

1085 2401 1255 2437 θυμουμένου
1277 2400 1325 2426 καὶ
1349 2398 1417 2434 μετὰ
1430 2397 1510 2424 τοῦτο
1524 2395 1652 2431 ηὔχοντο,
1671 2396 1723 2422 καὶ
1743 2395 1784 2430 μὴ

1083 2447 1147 2479 τοὺς
1166 2445 1322 2481 ὀφθαλμοὺς
1336 2444 1447 2478 ἐπᾶραι,
1467 2443 1483 2478 ἢ
1502 2443 1549 2470 καὶ
1564 2441 1712 2477 πόρρωθεν
1729 2441 1840 2476 ὁμοίως

1083 2493 1186 2529 τελώνῃ
1208 2490 1362 2526 ἐστηκέναι,
1380 2490 1427 2516 καὶ
1450 2489 1562 2515 τύπτειν
1587 2487 1696 2514 ἐαυτῶν
1717 2487 1755 2513 τὰ
1784 2481 1840 2519 στήί

1083 2539 1132 2567 καὶ
1147 2539 1235 2573 λέγειν
1246 2546 1253 2552 ·
1268 2547 1277 2562 ι
1296 2537 1324 2563 '0
1338 2536 1420 2568 Θεὸς,
1437 2534 1560 2570 ἱλάσθητί
1583 2543 1628 2569 μοι
1642 2533 1681 2569 τῷ
1697 2530 1840 2568 ἀμαρτωῗλέ

1083 2583 1137 2610 Τοῦ
1162 2583 1190 2609 δὲ
1220 2581 1342 2617 αἴροντος
1366 2581 1429 2611 τοὺς
1450 2579 1608 2614 ὀφθαλμοὺς
1634 2579 1704 2610 ἄνω,
1731 2578 1782 2604 καὶ
1812 2579 1840 2602 ἐπ

1085 2639 1176 2666 ροντος
1198 2628 1296 2660 αὐτοὺς
1320 2626 1494 2662 καθηκόντως
1511 2626 1552 2657 εἰς
1569 2625 1687 2661 οὐρανὸν
1705 2626 1751 2660 εἰη
1768 2622 1840 2656 καθῆ

1084 2677 1131 2704 καὶ
1146 2677 1177 2703 τὸ
1199 2673 1323 2710 ἐπαίρειν
1338 2673 1428 2704 ὁσίους
1451 2673 1560 2707 χεῖρας,
1587 2671 1709 2707 μάλιστα
1732 2671 1780 2697 ὅτε
1805 2675 1840 2704 λοι

1128 2735 1149 2751 ετ
1164 2735 1231 2762 Dan.
1251 2738 1311 2765 xm,
1324 2730 1350 2759 9.
1400 2730 1422 2746 σε
1438 2729 1505 2758 ibid.
1518 2729 1564 2758 δε.
1622 2730 1645 2745 υ
1657 2718 1742 2758 Luc.’
1749 2736 1827 2761 mu.

276 2808 342 2844 (63‘)
359 2809 438 2837 Forte
454 2810 506 2846 leg.
532 2809 578 2837 τοῦ
595 2809 681 2843 οἴκου,
699 2815 725 2838 ct
751 2819 811 2838 mox
834 2812 865 2837 οὐ
880 2811 939 2839 loco
961 2810 1005 2839 οὖν

532 2809 578 2837 τοῦ
595 2809 681 2843 οἴκου,
699 2815 725 2838 et
751 2819 811 2838 mox
834 2812 865 2837 οὐ
880 2811 939 2839 loco
961 2810 1018 2839 οὖν.
1038 2811 1117 2840 Eutr.
1131 2811 1253 2840 PATROL.
