1847 3045
15 139 45 167 39
474 138 652 166 COMMENT.
675 137 708 166 IN
726 138 822 167 .IOAN.
841 138 961 167 TOIIUS
979 138 1095 166 XXVIII.

1551 139 1603 166 690

15 194 72 231 ργῆς
90 193 134 221 καὶ
151 194 332 230 διαλογισμῶν
351 195 406 231 (69)
426 195 584 231 ἀναπέμπει
609 196 659 232 τὴν
675 197 757 232 εὐχήν

843 206 868 225 er
881 198 1003 226 actiones
1018 197 1191 226 sustollentes
1207 201 1287 232 atque
1305 197 1456 226 cxaltatttes
1473 198 1602 232 animam,

17 241 65 267 ὖτω
83 241 133 276 γὰρ
150 240 196 267 καὶ
216 240 270 267 τῶν
295 241 441 277 ὀφθαλμῶν
465 242 617 278 αἰρομένων
635 242 701 275 ἄνω,
726 242 770 268 διὰ

15 287 39 322 ῆς
53 286 160 318 ἐννοίας,
175 287 223 312 καὶ
239 286 288 322 τῆς
303 286 427 322 θεωρίας,
446 288 494 314 καὶ
515 287 569 315 τῶν
584 288 682 323 χειρῶν
695 289 770 315 ἐπαι-

15 332 104 368 τιμένων
117 333 145 358 ἑν
159 332 289 368 πράξεσιν
302 333 488 368 ὲπαιρούσαις,
503 334 550 360 καὶ
563 332 695 368 ὐφοὺσαις
715 334 765 369 τὴν

15 377 81 413 υχὴν,
98 377 133 408 ὡς
158 377 243 413 ἐπῆρε
259 378 380 414 Μωῦσῆς
399 378 449 410 τὰς
471 380 575 414 χεῖρας,
594 379 658 405 ὥστ’
678 379 710 405 ἂν
732 380 766 406 εί-

15 426 62 450 εῑν⁶
80 433 88 449 ι
103 424 235 460 Ἔπαρσις
250 424 302 451 τῶν
316 425 415 463 χειρῶν
432 435 481 461 μου
499 427 579 453 θυσία
602 427 742 463 ἑσπερινὴ,
755 437 763 452 ι

15 470 164 505 λμαληχῖται
187 470 237 506 μὲν
252 471 300 498 καὶ
322 462 422 504 πάντες
436 474 460 499 ot
483 473 592 509 ἀόρατοι
611 473 703 508 ἐχθροὶ
719 462 767 509 ἧτ-

15 515 155 551 ηθὴσονται,
171 517 196 542 οξ
213 516 241 542 ἐν
259 517 327 552 ἡμῖν
342 517 371 544 δὲ
390 518 565 554 Ἰσραηλῖται,
586 518 711 553 λογισμοὶ
729 527 768 544 νι-

820 243 924 271 Moseos
949 251 1024 270 more
1038 242 1060 259 '”
1076 243 1113 270 ita
1139 242 1305 270 sustollcntis
1330 250 1444 275 manus,
1470 248 1499 270 ut
1521 244 1603 271 etiam

821 289 940 316 diceret:
966 298 975 314 ι
992 289 1115 316 Elevatio
1140 296 1268 316 manuum
1292 295 1412 315 mearum
1439 289 1603 316 sacriﬁcium

819 334 1002 369 vespertinum
1016 335 1056 368 ⁷¹;
1075 344 1084 361 ι
1104 334 1276 367 Amalecitat,
1301 339 1328 361 et
1341 341 1437 362 omnes
1454 335 1604 363 invisibiles

820 381 923 408 inimici
937 381 1076 408 vincentur
1089 390 1096 414 ;
1115 380 1243 408 Israeliuc
1258 388 1333 412 vero,
1348 388 1445 415 nempe
1459 381 1602 416 cogitatio-

817 433 865 452 nes
883 430 981 453 nostraa
992 426 1110 454 vincent.
1124 425 1261 453 Hactenus
1277 426 1309 453 de
1322 433 1354 453 eo
1365 426 1437 461 quod
1449 432 1500 457 est.
1515 436 1525 452 ι
1541 434 1602 453 sus-

818 471 880 498 tulit
908 471 1002 498 oculos
1016 470 1095 499 Jesus
1114 479 1221 499 sursum
1235 491 1244 504 ,
1257 476 1285 499 et
1297 471 1379 504 dixit,
1396 481 1406 498 ι
1421 472 1448 499 in
1459 479 1540 506 quem
1560 472 1600 500 lo-

818 524 880 543 cum
894 516 1011 544 diximus
1024 524 1084 551 qua:
1099 517 1177 545 nobis
1196 522 1260 545 sunt
1275 517 1332 544 visa
1347 518 1508 545 conducere.

15 562 102 597 ἡπουσι.
115 561 238 588 Τοσαῦτα
252 562 298 588 καὶ
313 563 353 594 εἰς
371 563 417 590 τό·
435 572 445 589 ι
456 563 486 590 ὐ
504 564 605 600 Ἰησοῦς
622 563 673 601 ἦρε
685 564 747 595 τοὺς
766 561 920 597 ὀφθαλμοὺς
933 563 998 594 ἀνω,
1019 562 1065 589 καὶ
1083 560 1153 594 εἷπε,
1178 572 1187 589 ι
1211 562 1283 589 κατὰ
1301 562 1378 588 τοῦτο
1404 562 1519 597 φανέντα
1535 564 1601 599 ἠμί-,ι

15 607 123 634 νόλουθα.

25 652 47 678 5.
67 662 75 677 ι
86 652 184 688 Πάτερ,
198 653 350 690 εὐχαριστῶ
364 663 415 688 σοι,
426 655 466 682 ὅτι
481 656 600 691 ἤκουσάς
616 665 675 692 μου.
695 655 765 690 Ἐγὼ

15 698 112 732 ιῄδειν,
132 699 172 725 ὅτι
195 700 310 726 πάντοτέ
336 709 387 736 μου
416 701 542 733 ἀκούεις·
567 701 634 728 ἀλλὰ
660 701 704 728 διὰ
719 702 766 728 τὸν

15 743 60 776 (λον
81 744 124 770 τὸν
140 745 309 780 περιεστῶτα
334 743 420 778 εἶπον,
445 747 490 773 ἵνα
507 747 700 780 πιστεύσωσιν,
722 748 764 774 ὃτι

15 787 24 813 ύ
39 797 68 823 με
79 789 246 821 ἀπέστειλας.
259 800 268 816 ι
285 791 371 827 Εἴπερ
386 793 442 823 τοῖς
460 792 545 825 ἀξίοις
558 793 612 819 τῶν
632 794 661 820 ἐν
684 793 765 829 σαρκὶ

15 833 96 864 ὧντων.
116 835 162 861 καὶ
185 835 222 871 μὴ
240 835 310 863 κατὰ
333 837 422 873 σάρκα
440 839 661 873 στρατευομένων
683 839 763 874 εὐχομ-

15 878 86 910 ένοις,
103 880 212 916 τοιαύτη
230 890 272 913 τις
294 881 400 917 λέγεται
416 883 469 910 ὑπὸ
486 884 554 911 Θεοῦ
570 885 634 920 περὶ
652 885 702 920 τῆς
720 885 764 911 εὑ-

15 922 38 957 ᾗς
59 925 138 951 αὐτῶν
169 927 337 961 ἐπαγγελία·
364 937 373 954 ι
388 929 443 956 Καὶ
465 929 504 956 ἔτι
539 930 681 962 λαλοῦντός
717 939 763 957 σου

74 970 133 997 Ίδοίι
150 972 276 1007 πάρειμι,
289 982 299 998 t
317 974 343 999 τί
363 974 416 1010 χρὴ
433 975 554 1010 νομίζειν
576 977 622 1002 ἐπὶ
643 975 690 1002 τοῦ
707 976 764 1002 Σω-

15 1012 62 1047 ῇρος
72 1015 113 1040 καὶ
123 1015 242 1050 Κυρίους
257 1017 285 1052 ἢ,
306 1027 315 1043 ι
329 1018 397 1053 Πρὶν
414 1018 528 1054 λαλῆσαί
548 1028 588 1051 σε,
610 1020 677 1056 ἐρῶ·
698 1021 762 1047 Ἰδοὺ

15 1057 107 1105 ῖίρειμῃ
122 1070 131 1086 t
145 1061 221 1105 ’Ἅμα
237 1062 292 1098 γὰρ
305 1073 313 1089 ι
325 1061 376 1099 ἦρε
388 1065 451 1096 τοὺς
462 1064 617 1100 ὀφθαλμοὺς
632 1065 699 1098 ἄνω,
717 1067 763 1092 καὶ

15 1111 52 1129 ηπε.
64 1113 71 1128 t
87 1105 118 1130 Τί
132 1105 160 1132 δὲ
173 1104 267 1139 cirrata;
286 1108 316 1134 Et
328 1105 384 1135 οίὸν
396 1108 426 1134 τέ
448 1109 521 1136 ἐστιν
535 1109 573 1140 ὠς
592 1109 621 1135 ἐν
633 1108 763 1141 τοιούτοις

15 1150 150 1184 ῑοχάζεσθαι
167 1153 234 1188 (70),
248 1154 401 1186 ἀκολούθως
415 1154 469 1191 τῷ·
484 1165 493 1181 ι
509 1156 577 1191 Πρὶν
592 1155 709 1190 λαλῆσαι
721 1165 761 1189 σε,

15 1195 52 1221 νεῖν
69 1196 126 1224 Ἰδοὺ
147 1199 274 1234 πάρειμι,
291 1209 300 1225 ι
317 1201 360 1226 ἵνα
376 1201 466 1227 πλεῖον
515 1201 544 1227 τὸ
561 1202 628 1237 πρὸς
648 1202 693 1228 τὸν
707 1202 763 1228 Σω-

15 1240 52 1276 ᾗρα
66 1242 116 1276 (71)
132 1244 276 1279 λεγόμενον
294 1246 369 1281 παρὰ
379 1246 408 1273 τὸ
415 1248 443 1273 ὲν
451 1248 484 1282 τῇ
494 1247 560 1282 πρὸς
572 1247 633 1279 τοὺς
644 1247 762 1279 δικαίους

15 1289 123 1324 παγγελίᾳ
139 1291 346 1326 γεγραμμένον·
367 1302 375 1318 ι
391 1293 450 1319 Ἔτι
464 1292 607 1324 λαλοῦντός
626 1302 671 1319 σου
687 1294 759 1328 ὲρεῖ·

15 1331 54 1358 Mai:
75 1334 193 1370 πάρειμι.
210 1345 219 1360 ι
239 1336 273 1362 Τί
284 1334 330 1363 οὖν
347 1335 423 1370 εἶπες
448 1338 582 1375 Προέθετο
602 1338 651 1373 μὲν
675 1339 761 1364 εἰπεῖν

15 1377 76 1412 ἃχήψ
91 1380 270 1413 προλαϐόντος
281 1382 309 1409 δὲ
323 1382 372 1418 τὴν
386 1383 468 1418 εὐχὴν
479 1382 562 1409 αὐτοῦ
578 1382 626 1409 τοῦ
640 1383 762 1415 είπόντος

15 1424 114 1460 ναύτῷ·
132 1427 219 1462 ιΠρὶν
236 1427 349 1463 λαλῆσαί
372 1437 411 1460 σε,
431 1428 502 1464 ἐρᾶν
523 1429 588 1456 Ἰδοὺ
606 1429 735 1465 πάρειμι,
748 1438 758 1454 ι

15 1470 43 1495 ντὶ
60 1471 103 1505 τῆς
117 1473 184 1498 κατὰ
205 1473 337 1508 πρόθεσιν
359 1473 392 1500 ἂν
412 1474 553 1510 λεχθείσης
573 1474 658 1510 εὐχῆς
687 1474 761 1508 λέγει

848 653 875 681 5.
893 663 901 678 ι
922 652 1014 685 I‘atcr,
1029 652 1130 687 gratias
1144 659 1196 687 ago
1213 652 1274 685 tibi,
1290 652 1416 686 quoniam
1433 654 1530 680 audisti
1546 660 1599 680 nte.

813 700 869 734 Ego
883 704 973 726 autent
1000 699 1119 726 sciebam
1147 698 1218 733 quod
1245 706 1352 734 semper
1368 707 1410 726 tne
1432 700 1527 733 audis;
1554 701 1599 727 sed

814 751 927 781 propter
940 745 1046 772 turbam
1059 753 1120 780 quae
1142 745 1321 777 circumstat,
1338 745 1411 777 dixi,
1436 749 1466 772 ttt
1488 746 1602 774 credant

813 792 885 826 quod
900 797 926 818 ιιι
944 799 986 818 me
1002 791 1110 818 miseris
1129 790 1165 819 ⁷³.
1186 800 1196 816 ι
1215 790 1243 818 Si
1259 790 1402 818 orantibus
1425 791 1492 818 viris
1509 791 1602 826 probis

816 838 841 864 in
859 845 941 864 carne
958 837 1122 869 viventibus,
1139 843 1188 864 nec
1202 837 1351 864 secundum
1364 844 1472 864 carncnt
1486 837 1602 865 militan-

816 882 886 911 tibus
901 883 935 915 ",
963 882 1015 910 tale
1038 882 1164 916 quiddam
1193 882 1318 917 promisit
1344 881 1416 909 Deus
1440 890 1488 916 pro
1504 891 1598 910 eorutn

814 936 908 962 prece:
930 938 939 954 ι
961 929 1046 955 Etiam
1060 929 1149 955 adhuc
1174 928 1303 963 loquente
1326 933 1368 960 te,
1396 929 1502 955 dicam:
1530 929 1599 956 Ecce

812 973 908 1001 adsum
918 974 952 1005 ⁷³,
970 984 979 1000 ι
995 974 1060 1008 quid
1074 974 1238 1001 censendum
1251 978 1292 1001 est
1301 973 1334 1000 de
1343 974 1492 1005 ,Servatore
1508 979 1534 1002 et
1548 975 1599 1002 Do-

794 1014 797 1017 ’
813 1019 907 1046 mino?
921 1026 1009 1046 nonne
1020 1019 1085 1046 hoc:
1105 1029 1114 1044 ι
1129 1019 1281 1054 Antequam
1296 1019 1418 1053 loquaris
1432 1024 1472 1052 tu,
1488 1020 1597 1047 dicant:

813 1064 881 1092 Ecce
891 1064 1004 1091 adsum?
1019 1074 1028 1090 ι
1045 1064 1131 1091 Simul
1144 1064 1216 1092 enim
1233 1073 1243 1090 ι
1254 1064 1363 1092 sustulit
1373 1065 1466 1093 oculos
1477 1073 1597 1100 sursant,

812 1115 840 1137 et
854 1110 931 1137 dixit.
947 1119 957 1136 ι
975 1110 1044 1142 Quid
1059 1110 1144 1137 dixit?
1155 1109 1183 1137 Si
1198 1110 1256 1138 ﬁeri
1270 1115 1360 1145 potest
1374 1116 1403 1138 ttt
1415 1111 1598 1145 conjectentus

814 1156 840 1183 itt
860 1156 967 1189 talibus,
982 1155 1063 1191 375
1079 1160 1277 1190 consequenter
1292 1156 1356 1183 huic
1371 1155 1462 1184 dicto:
1486 1165 1495 1182 ι
1511 1157 1597 1184 Ante-

812 1209 893 1236 qttattt
909 1201 1029 1236 loquaris
1047 1207 1085 1234 ιιι,
1106 1201 1194 1229 dicant
1209 1210 1216 1228 :
1233 1201 1302 1229 Ecce
1318 1201 1422 1235 adsunt,
1439 1211 1448 1228 t
1468 1207 1496 1230 ιιι
1510 1203 1598 1237 majus

812 1248 845 1275 sit
861 1248 934 1282 quod
951 1247 1051 1274 dicitur
1074 1247 1107 1274 ad
1124 1247 1315 1281 Servatorctn,
1340 1254 1419 1281 quam
1443 1249 1515 1282 quod
1529 1249 1597 1276 scri-

813 1298 887 1327 ptum
902 1292 982 1320 fuerit
999 1293 1024 1319 itt
1050 1292 1250 1327 promissione,
1276 1301 1337 1328 qua:
1358 1297 1400 1320 est
1421 1293 1454 1320 ad
1476 1299 1597 1328 sanctos,

813 1345 925 1372 nempe:
942 1347 952 1364 ι
968 1339 1063 1366 Adhuc
1075 1343 1099 1365 te
1113 1338 1250 1372 loquente,
1261 1338 1349 1365 dicant
1363 1347 1370 1365 :
1384 1337 1454 1366 Ecce
1464 1339 1569 1366 adsunt.
1583 1347 1595 1364 ιλ

812 1383 891 1417 Quid,
910 1383 1029 1417 inquam,
1044 1382 1130 1409 dixit?
1143 1383 1320 1417 Proposuerat
1338 1383 1467 1410 Servator
1480 1385 1596 1418 precari,

812 1430 860 1457 sed
888 1432 1092 1462 praeoccupante
1114 1428 1185 1455 illius
1210 1428 1396 1462 precationem
1428 1429 1473 1456 illo
1500 1430 1546 1464 qui
1571 1431 1596 1456 ei

811 1473 942 1501 dixerat:
959 1481 969 1498 ε
989 1473 1143 1507 Antequam
1155 1472 1276 1506 loquaris
1290 1476 1328 1504 tu,
1343 1473 1432 1500 dicam
1446 1481 1453 1499 τ
1469 1473 1538 1501 Ecce
1549 1475 1597 1500 ad:

15 1514 82 1548 piat
98 1516 133 1551 τῷ
154 1518 316 1553 προλαϐόντι
338 1518 387 1554 τὴν
409 1519 491 1555 εὐχὴν
506 1519 694 1555 εὐχαριστίαν·
714 1522 760 1547 καὶ

847 1525 891 1550 ιιι,
910 1527 920 1543 t
951 1525 1000 1551 pro
1022 1518 1198 1552 precatione,
1217 1525 1299 1551 quam
1324 1517 1416 1544 anituo
1439 1523 1596 1553 conceptam

15 1568 25 1590 ;
37 1561 198 1594 ἐπακουσοεὶς
212 1563 256 1597 ἐφ’
267 1561 306 1595 οἷς
324 1563 448 1599 ἐνενόησε
466 1563 555 1599 μόνον,
567 1564 597 1590 οὐ
609 1565 761 1600 προήνεγκε

15 1605 60 1640 ἰτῷ
75 1606 204 1642 εὔχεσθαι,
225 1609 293 1644 φησι
304 1617 311 1624 ·
336 1617 346 1634 ι
359 1609 460 1645 Πάτερ,
481 1610 635 1645 εὐχαριστῶ
649 1619 707 1642 σοι,
721 1610 761 1636 ὅτι

15 1651 92 1683 mea;
115 1662 174 1688 μου.
189 1664 198 1679 ι
218 1654 351 1689 Ἐμελλεν
380 1653 426 1682 οὖν
452 1654 579 1690 εὔχεσθαι
615 1655 679 1690 περὶ
710 1655 761 1689 τῆς

15 1694 98 1730 ιξάρου
119 1697 303 1730 ἀναστάσεως,
322 1699 369 1725 καὶ
389 1700 533 1734 προλαϐὼν
553 1699 636 1726 αὐτοῦ
652 1700 701 1734 τὴν
716 1700 760 1726 εύ-

15 1739 36 1772 ὴν
51 1740 63 1765 ὁ
81 1742 155 1776 μόνος
175 1743 279 1778 ἀγαθὸς
298 1744 364 1776 Θεὸς
387 1746 434 1771 καὶ
458 1745 563 1782 Πατὴρ,
583 1746 683 1780 ἢκουσε
706 1744 760 1771 τῶν

15 1784 122 1814 ελλόντων
143 1789 272 1824 λέγεσθαι
284 1792 312 1817 ὲν
327 1793 359 1827 τῇ
381 1792 458 1827 εὐχῇ,
479 1793 521 1826 ἐφ’
536 1789 577 1824 οῖς
600 1793 629 1818 ἐν
650 1791 761 1826 ἐπηκόῳ

15 1831 31 1857 ιᾶ
50 1837 251 1872 περιεστηκότος
267 1837 347 1864 αὐτὸν
365 1837 444 1873 ὄχλου
460 1838 617 1873 ἀναπέμπει
637 1837 698 1863 ἀντὶ
719 1837 760 1862 εὐ-

15 1876 35 1911 ἦς
53 1879 216 1916 εὐχαριστίαν
236 1883 251 1909 ὁ
273 1883 380 1918 Σωτὴρ,
393 1883 440 1910 δύο
464 1883 522 1918 ἅμα
535 1883 629 1915 ποιῶν,
647 1881 694 1908 καὶ
715 1883 760 1908 εὐ-

15 1925 109 1958 ιριστῶν
127 1928 167 1961 ἐφ’
181 1926 223 1959 οἷς
245 1929 324 1963 ἔτυχε
349 1929 412 1964 «περὶ⁴
428 1929 475 1955 τοῦ
492 1929 628 1964 Λαζάρου,
648 1930 695 1957 καὶ
714 1937 759 1955 πι-

15 1971 104 1997 ςοποιῶν
125 1973 168 1999 τδν
192 1974 391 2009 περιεστηκότα
410 1975 489 2001 αὐτὸν
510 1975 605 2011 ὖχλον·
633 1976 759 2003 ἐϐούλετο

15 2013 37 2049 ὶρ
48 2017 134 2050 αὐτοὺς
147 2019 404 2055 παραδέξασθαιὼς
417 2020 471 2056 ἄρα
482 2021 535 2047 ἀπὺ
548 2021 615 2047 Θεοῦ
628 2022 759 2049 ἀπεσταλ-

15 2060 59 2097 ένος
74 2065 110 2100 τῷ
126 2066 174 2101 βίῳ
187 2066 395 2102 ὲπιδεδήμηκεν.
417 2068 507 2101 Ἔγνω
521 2067 550 2094 δὲ
568 2068 757 2101 ὲπακουσθεὶς,

15 2106 89 2142 ῐεἰπερ
104 2110 236 2145 πνεύματι
252 2108 331 2143 εἶδεν,
353 2112 395 2138 ὅτι
416 2112 588 2148 ἀποκατέστη
603 2113 620 2147 ὴ
635 2113 682 2139 τοῦ
704 2114 758 2139 Λα-

15 2149 60 2184 ὶρω
76 2153 144 2189 ψυχὴ
160 2156 206 2182 ἐπὶ
220 2155 251 2183 τὸ
267 2157 346 2191 σῶμα
364 2157 456 2190 αὐτοῦ,
478 2158 686 2193 άναπεμφθεῖσα
704 2160 758 2186 ἀπὸ

812 1564 933 1591 dicturus
947 1567 1008 1590 erat
1022 1562 1107 1595 Patri,
1126 1563 1171 1598 qtti
1186 1568 1391 1597 praeoccuparat
1411 1570 1515 1597 preces,
1532 1570 1594 1598 gra-

811 1610 861 1637 tias
877 1611 950 1645 agit:
965 1615 993 1638 et
1004 1611 1083 1644 quasi
1095 1611 1240 1639 exauditus
1255 1611 1351 1638 luisset
1367 1615 1477 1645 propter
1488 1619 1519 1638 ea
1535 1619 1597 1646 qua:

810 1656 901 1683 animo
917 1660 1020 1682 tantum
1043 1661 1221 1691 conceperat,
1244 1664 1298 1684 non
1336 1661 1423 1683 tatttcn
1448 1657 1597 1691 protulerat

810 1701 959 1735 precando,
977 1701 1063 1735 inquit
1078 1710 1085 1728 :
1110 1711 1119 1726 ι
1138 1701 1232 1734 Pater,
1248 1702 1352 1737 gratias
1364 1710 1414 1737 ago
1436 1703 1482 1729 tibi
1496 1724 1503 1736 ,
1523 1704 1595 1737 quod

811 1746 909 1773 audisti
927 1754 980 1773 ttte.
1000 1756 1009 1772 ι
1024 1746 1187 1774 Precaturus
1200 1754 1265 1781 ergo
1291 1751 1350 1773 erat
1369 1755 1418 1782 pro
1434 1747 1527 1775 Lazari
1554 1756 1596 1776 re-

809 1790 994 1823 surrectione,
1006 1796 1033 1818 et
1048 1799 1243 1826 praeoccupans
1259 1791 1329 1818 illius
1353 1792 1535 1825 precationem
1552 1801 1595 1819 so-

810 1835 851 1862 lus
867 1827 912 1863 ille
928 1835 1015 1862 bonus
1029 1836 1099 1863 Deus
1113 1837 1137 1852 "
1147 1841 1172 1863 ct
1188 1837 1279 1870 Pater,
1293 1837 1398 1863 audivit
1408 1845 1467 1870 qua:
1481 1837 1594 1864 dicenda

810 1885 889 1907 erant
904 1880 929 1907 in
948 1881 1122 1915 precatione,
1136 1889 1186 1915 pro
1202 1882 1300 1916 quibus
1318 1882 1344 1908 itt
1370 1881 1501 1916 frequenti
1519 1883 1594 1909 audi-

811 1927 884 1954 torio
899 1926 1104 1955 circumstantis
1120 1928 1206 1962 ipsmtt
1224 1928 1323 1960 turba},
1347 1936 1456 1962 precum
1475 1929 1534 1955 vice
1550 1936 1594 1955 re-

810 1973 894 2001 mittit
916 1974 1066 2008 gratiarum
1084 1974 1220 2001 aetioncnt
1245 1974 1375 2001 Servatur
1391 1981 1398 2000 :
1417 1973 1470 2000 dtto
1493 1974 1595 2008 pariter

808 2020 927 2052 laciens,
942 2025 969 2047 et
980 2019 1082 2054 gratias
1094 2027 1176 2054 agens
1192 2027 1240 2054 pro
1254 2020 1295 2047 Itis
1306 2027 1365 2054 qua:
1385 2019 1418 2046 de
1435 2018 1537 2048 Lazaro
1552 2027 1596 2046 as-

808 2071 917 2093 secutus
933 2066 1035 2096 l'uerat,
1054 2070 1082 2093 ct
1101 2065 1325 2092 circutttstantent
1339 2065 1391 2092 sibi
1410 2066 1515 2092 turbam
1528 2072 1595 2091 eon-

809 2109 931 2139 ﬂrtttans.
948 2109 1062 2138 Volebat
1074 2110 1145 2137 enim
1161 2109 1256 2142 Jesus,
1275 2114 1304 2136 ut
1329 2110 1355 2136 Iti
1378 2110 1552 2136 admitterent
1565 2117 1595 2136 se

808 2162 823 2181 a
839 2155 894 2182 Deo
907 2156 1039 2189 missum,
1064 2156 1097 2183 ad
1111 2155 1180 2183 Itane
1204 2155 1287 2183 vitam
1300 2155 1453 2182 advenisse.
1476 2154 1594 2188 Agnovit

15 2195 29 2221 νῦ
50 2200 137 2233 χωρίου
161 2202 216 2229 τῶν
232 2202 334 2238 ψυχῶν.
360 2204 396 2230 Οὐ
420 2203 475 2239 γὰρ
500 2204 652 2240 νομιστέον,
676 2205 717 2231 ὅτι
739 2206 756 2241 ἡ

846 2204 899 2227 tettt
913 2208 943 2228 se
956 2202 1113 2229 exauditam
1125 2221 1133 2233 ,
1145 2201 1275 2236 quoniam
1291 2201 1387 2235 spiritu
1403 2206 1480 2228 uorat
1496 2200 1593 2229 Lazari

15 2241 49 2277 ιχὴ
62 2244 102 2270 τοῦ
116 2247 242 2282 Λαζάρου
266 2249 357 2284 παρῆν
372 2249 410 2284 τῷ
427 2249 532 2284 σώματι
554 2249 622 2285 μετὰ
637 2250 685 2285 τὴν
700 2250 757 2284 ἔξο-

15 2293 35 2316 ν,
47 2289 87 2314 καὶ
99 2289 135 2322 ὡς
155 2292 281 2329 παροῦσα
296 2293 400 2328 ταχέως
417 2294 517 2329 ἤκουσε
535 2294 684 2330 κράξαντος
709 2296 757 2330 Ἰη-

15 2329 40 2363 ιῦ,
55 2335 96 2361 καὶ
111 2337 247 2370 εἰπόντος·
268 2347 277 2364 ‹
291 2338 410 2375 Λάζαρε,
424 2339 504 2375 δεῠρο
522 2329 584 2372 tam.
598 2350 607 2365 ι
621 2341 656 2367 Ἢ
675 2329 755 2376 εἴπερ

15 2385 29 2407 ς
39 2379 107 2407 τοῦτο
118 2383 180 2418 περὶ
192 2383 243 2418 τῆς
258 2384 382 2418 Λαζάρου
395 2384 483 2420 ψυχῆς
495 2385 692 2421 ὑπολαμϐάνει,
707 2387 753 2413 καὶ

15 2423 108 2454 ροσίεται
119 2427 148 2452 τὸ
162 2428 226 2463 περὶ
246 2429 296 2464 τῆς
309 2429 512 2466 ἀπαλλαγείσης
531 2430 618 2466 ψυχῆς
633 2431 680 2458 τοῦ
700 2431 752 2458 σώ-

15 2475 60 2500 tto;
79 2470 182 2505 ἄτοπον,
197 2473 235 2505 ὼς
254 2475 514 2511 παρακαθεζομένης
534 2476 570 2511 τῷ
586 2477 685 2512 νεκρῷ,
708 2478 752 2504 λε-

15 2512 48 2539 Ῐτω
66 2516 117 2549 πῶς
137 2519 257 2556 ἠκούσθη
278 2521 293 2548 ὁ
312 2521 416 2557 Ἰησοῦς
437 2522 490 2549 ἀπὸ
512 2521 559 2549 τοῦ
577 2523 693 2557 Πατρὸς,
708 2524 753 2558 μέ-

15 2566 63 2592 ντος
83 2564 120 2590 ἔτι
142 2566 239 2601 νεκροῦ
263 2566 309 2592 τοῦ
330 2567 456 2603 Λαζάρου
477 2567 616 2602 σώματος,
639 2569 685 2594 καὶ
702 2569 753 2603 τῆς

15 2605 62 2639 ’κῆς
82 2613 283 2648 κεχωρισμένης
304 2613 363 2648 μὲν,
384 2613 422 2645 ὡς
446 2613 550 2650 οἰηθείη
573 2614 605 2640 ἄν
631 2623 671 2646 τις
695 2615 751 2650 (72)

18 2650 36 2666 ⁷¹
47 2652 120 2689 Exod.
133 2665 198 2689 xvtt,
217 2659 259 2685 ιι.

17 2693 37 2716 ι.
50 2688 87 2714 I7.
121 2691 142 2707 ’7
155 2688 231 2720 Joan.
248 2701 286 2726 xt,
300 2694 345 2722 45.

80 2734 163 2774 ροᾲειι
177 2738 292 2774 ιιι-ειυς,
306 2739 385 2771 male,
397 2739 441 2766 διὰ
457 2739 595 2774 λογισμοῦ.

80 2769 163 2810 fodex
177 2766 351 2810 Bodleia'nus,
368 2766 560 2810 στοχάσασθαι.

20 2801 361 2846 till‘Cotlegllodleianus,
377 2801 490 2846 opﬁme,
509 2809 554 2846 ἵνα
576 2810 665 2846 πλεῖον
720 2809 755 2846 το

15 2834 45 2868 νδς
59 2837 99 2866 τὸν
111 2840 238 2878 Σωτῆρα·
254 2834 364 2879 sagas;
379 2834 458 2878 asas;
467 2834 660 2880 tamam
680 2834 747 2880 ἓρδέ

315 2660 336 2695 ⁷¹
351 2659 422 2687 Psal.
441 2668 501 2693 (ιιι,
512 2660 540 2687 2.
578 2661 600 2676 ⁷³
610 2660 687 2688 Joan.
702 2669 739 2693 tu,
752 2662 796 2695 ιι,
811 2661 859 2688 42ι

809 2246 928 2274 animant
945 2247 1087 2274 remissam
1104 2246 1139 2274 ab
1151 2246 1303 2273 anituarum
1321 2246 1392 2278 loco,
1405 2247 1512 2280 corpori
1534 2245 1593 2280 ejus

810 2291 974 2319 restitutam.
996 2292 1052 2320 Nec
1070 2293 1142 2319 enim
1162 2292 1328 2320 censendum
1349 2296 1392 2319 est
1408 2293 1479 2327 quod
1497 2292 1595 2320 Lazari

807 2337 896 2364 anima
922 2338 1031 2365 adesset
1054 2338 1160 2372 corpori
1187 2342 1248 2372 post
1274 2345 1353 2364 suum
1379 2345 1519 2365 excessum
1534 2358 1541 2371 ,
1564 2343 1593 2365 et

806 2383 877 2417 quod
898 2384 976 2418 quasi
997 2383 1121 2411 celeriter
1144 2392 1280 2418 praesens,
1300 2392 1361 2411 eum
1385 2384 1530 2411 clamasset
1546 2383 1592 2411 ,Ιο-

805 2437 868 2461 sus,
893 2429 1061 2464 dixissetque
1077 2439 1085 2457 :
1105 2439 1113 2457 ι
1130 2431 1232 2457 Lazare
1246 2452 1252 2463 ,
1272 2431 1348 2465 prodi
1372 2430 1444 2456 foras
1459 2430 1492 2462 ",
1514 2439 1523 2455 t
1541 2437 1591 2457 au-

806 2476 896 2509 dierit.
912 2477 1108 2513 conjunctaqnc
1121 2479 1225 2513 corpori
1240 2479 1330 2506 fuerit.
1347 2477 1473 2511 Alioqttitt
1488 2476 1510 2504 si
1529 2477 1591 2511 quis

806 2522 858 2549 Itoc
869 2522 903 2549 de
917 2522 1012 2549 Lazari
1031 2524 1120 2550 anima
1137 2524 1292 2558 suspicatur
1303 2543 1311 2555 ,
1339 2521 1590 2556 absurditatetnque

805 2567 932 2595 admittat
955 2568 988 2594 de
1015 2568 1102 2594 attinta
1131 2577 1145 2595 a
1172 2576 1285 2603 corpore
1320 2567 1451 2598 liberata,
1475 2566 1589 2601 perinde

806 2615 882 2648 quasi
901 2617 1005 2640 met-tuo
1018 2614 1153 2645 assideat,
1171 2615 1243 2641 dicat
1257 2614 1391 2648 quomodo
1409 2612 1514 2639 auditus
1531 2611 1588 2638 fue-

907 2660 966 2688 ⁷⁵11
976 2661 1038 2688 Cor.
1055 2669 1081 2691 ις.
1093 2660 1120 2687 5.
1162 2661 1183 2676 ⁷⁵
1196 2660 1257 2687 lsai.
1276 2668 1352 2692 Lvnt,
1371 2661 1398 2688 9.
1452 2659 1474 2675 7°
1490 2657 1586 2686 Matth.

803 2737 849 2763 τὸν
862 2736 984 2770 Σωτῆρα.

839 2772 896 2806 (72)
920 2768 967 2802 Ὡς
989 2768 1100 2806 οἰηθείη
1123 2769 1162 2806 (ir
1176 2777 1237 2806 τις,
1258 2774 1311 2796 etc.
1323 2769 1543 2805 Tltcopltylaetus
1557 2775 1584 2802 in

804 2803 931 2842 cuindcttt
951 2806 1026 2842 hunc
1041 2804 1152 2842 Joannis
1175 2803 1261 2842 locum
1277 2813 1283 2829 :
1303 2806 1380 2842 Μέγα
1396 2803 1425 2832 δὲ
1438 2803 1557 2842 ἔκραξεν
1571 2809 1584 2835 ὸ

805 2841 904 2877 Κύριος
922 2841 964 2867 διὰ.
983 2839 1079 2871 τοῦτο,
1099 2838 1145 2866 ἵνα
1166 2839 1198 2865 τὰ
1223 2838 1275 2865 τῶν
1308 2839 1440 2876 Ἑλλήνων
1458 2838 1584 2878 ιμφράξη
