1847 3045
15 109 61 138 597

507 109 689 138 COMIIENT.
711 108 743 136 IN
763 108 863 138 JOAN.
882 109 1001 138 TORIUS
1022 109 1139 140 XXVIII.

1592 113 1644 141 698

14 172 54 199 ιιαὶ
73 170 122 203 τὰς
141 172 255 207 χεῖρας,
284 170 330 198 καὶ
348 170 482 206 ἀποθῆται
504 170 535 196 τὸ
558 170 731 205 ἐπικείμενον
757 170 791 197 αὑ

884 171 997 204 ηιιιιὶιιιιε,
1014 179 1046 198 ac
1064 171 1189 206 deposuit
1207 171 1278 206 quod
1295 170 1450 206 impositum
1471 170 1553 206 379
1566 171 1642 197 fat-lci

14 218 52 245 τοῦ
70 218 103 252 τῇ
119 217 183 252 ὂψει
197 217 328 252 κάλυμμα
343 217 501 252 ἀφαιρεθὲν,
515 216 660 252 πορεύεται
676 216 802 252 τοιαύτην

14 263 128 299 τορείαν,
141 263 213 290 ὥστε
227 263 328 298 φθάσαι
339 263 419 290 αὑτὸν
433 263 481 290 ἐπὶ
494 263 526 289 τὸ
539 262 587 289 ἒνα
599 264 647 290 καὶ
660 262 741 289 αὑτὸν
757 271 802 296 γε-

14 310 96 338 νέσθαι
108 310 167 336 τῶν
180 309 416 345 συνανακειμένων
430 309 469 344 τῷ
490 309 588 345 Ἰησοῦ.

39 356 65 382 7.
80 355 162 382 Μετὰ
171 355 251 382 τοῦτο
263 355 307 382 διὰ
321 355 351 382 τό
363 363 370 370 ·
391 364 401 381 ι
423 355 551 390 Ἐξῆλθεν
563 356 578 382 ὁ
590 356 738 392 τεθνηκὼς,
755 356 800 383 δε-

14 401 116 436 ῖεμένος
132 402 199 433 τοὺς
220 402 304 434 πόδας
327 402 374 428 καὶ
389 401 440 433 τὰς
461 403 556 438 χεῖρας
575 402 706 438 κειρίαις,
730 412 739 427 ι
755 402 800 429 λε-

13 448 92 480 ιτέον,
107 449 150 475 ὅτι.
161 448 279 484 διαφορά
296 449 355 475 ἐστι
370 448 418 475 καὶ
434 447 489 474 τῶν
510 448 659 483 δεδεμένων
675 449 738 481 τοὺς
754 449 801 476 πό-

13 494 51 526 Βας
65 495 113 521 καὶ
127 495 180 526 τὰς
193 495 303 530 χεῖρας·
322 494 370 521 καὶ
384 494 416 521 οὐ
427 494 524 521 ταύτόν
540 494 598 521 ἐστι
615 494 671 529 (82)
683 495 733 530 τὴν
749 495 800 531 ἁρ-

13 540 53 575 χὴν
62 539 109 566 τοῦ
121 539 247 567 δεδέσθαι
261 540 295 567 ἐκ
307 539 353 566 τοῦ
369 539 554 568 νενεκοῶσοαι
569 539 720 574 εἰληφέναι,
730 538 800 566 ὥστε

13 587 52 612 καὶ
63 587 125 617 τοὺς
134 586 255 621 δεσμοὺς
266 585 446 621 ἐπιφέρεσθαι
460 585 490 612 τὸ
505 586 590 621 ὄνομα
606 586 657 622 τῆς
670 586 800 622 νεκρότη-

13 642 49 665 τος
64 633 122 665 (νῦν
138 633 195 669 γὰρ
211 634 240 660 αἰ
263 633 364 668 κειρίαι
378 633 482 669 νεκρῶν
495 634 548 660 εἰσι
562 632 683 668 δεσμοὶ),
703 633 743 668 τῷ
758 633 801 659 δε-

12 679 94 706 δέσθαι
106 679 164 714 (85)
178 678 271 714 κρίσει
286 679 390 714 Κυρίου
410 678 548 714 γενέσθαι,
562 678 611 705 τοῦ
630 679 800 710 εἰσελθόντος

12 725 153 752 θεάσασθαι
163 725 229 757 τοὺς
236 725 442 760 ἀνακειμένους,
451 725 498 752 καὶ
513 724 613 757 εἰδότος
630 725 674 752 τὸν
684 724 720 761 μὴ
728 725 799 752 ἐνδε-

12 771 113 806 δυμένον
126 771 231 807 ἔνδυμα
243 771 344 806 γάμου,
354 771 475 806 καὶπερὶ
484 770 566 797 αὑτοῦ
580 771 711 802 εἰπόντος·
724 780 733 796 ι
748 771 799 805 Δή-

854 225 910 245 sua:
924 218 1121 252 operimentum
1133 218 1231 251 fuerat,
1242 218 1360 245 instituit
1374 218 1425 245 iter
1440 218 1503 250 tale,
1517 221 1546 244 ut
1561 218 1642 244 etiam

854 263 912 298 ipse
920 272 953 291 eo
961 263 1117 299 perveniat.
1131 269 1161 292 ut
1169 264 1205 292 sit
1215 271 1287 292 unus
1297 271 1330 292 ex
1343 263 1568 292 accumbentibus
1581 272 1643 290 cum

851 308 926 337 Jesu.

889 355 914 381 7.
929 355 989 383 .Iam
1008 361 1118 392 propter
1132 356 1218 384 illud:
1237 365 1246 382 ι
1260 355 1366 384 Prodiit
1381 357 1426 392 qui
1444 361 1567 384 mortuus
1582 356 1641 382 rue-

852 402 1017 434 rat,vinctos
1024 403 1127 431 habens
1135 404 1217 438 pedes
1224 408 1251 430 et
1260 410 1355 430 manus
1364 403 1455 431 fasciis
1465 403 1621 433 funereis".
1629 412 1638 429 ι

851 447 995 476 dicendum
1019 453 1062 476 est
1081 448 1264 476 differentiam
1286 457 1347 477 esse
1363 449 1435 477 inter
1449 458 1496 477 eos
1513 450 1559 485 qui
1582 451 1641 476 vin-

851 499 910 522 clos
920 495 1111 530 habentpedes
1126 500 1154 522 et
1171 503 1285 528 manus;
1306 502 1355 523 nec
1368 495 1438 524 idem
1451 504 1512 524 esse
1525 496 1641 530 coepisse

852 539 931 574 ligari
958 540 994 568 oh
1018 540 1256 568 mortificationem
1283 541 1366 576 (nunc
1395 549 1513 577 namque
1539 542 1640 577 κειρίαι

851 585 956 612 vincula
977 591 1141 613 mortuorum
1157 586 1336 621 significant),
1363 592 1391 614 et
1418 587 1530 622 ligatum
1555 587 1639 615 fuisse

848 631 953 665 judicio
970 632 1090 665 Domini,
1111 633 1158 668 qui
1186 633 1327 668 ingressus
1349 638 1380 660 ut
1401 633 1505 661 videret
1532 641 1640 661 accmn-

851 678 961 711 bentes,
975 686 1038 706 cum
1056 679 1169 707 vidisset
1186 687 1238 707 non
1256 680 1401 708 habentem
1418 685 1521 706 vestem
1535 680 1640 713 Imptia-

851 723 915 757 lem,
930 726 964 752 tle
979 732 1014 752 eo
1027 725 1115 753 dixit:
1137 736 1146 752 ι
1165 725 1271 761 Ligatis
1290 726 1363 753 illius
1376 725 1488 760 pedibus
1505 730 1533 753 et
1554 725 1641 752 mani-

850 771 910 803 hns,
926 770 1018 806 ejicite
1027 779 1089 798 eum
1101 772 1128 799 in
1141 773 1270 800 tenebras
1285 772 1438 800 exteriores
1449 772 1500 799 “.i
1528 771 1640 807 Insuper

12 827 96 850 σαντες
109 818 195 845 αὑτοῦ
213 818 297 850 πόδας
312 818 359 845 καὶ
372 819 466 853 χεῖρας
482 817 612 844 ἐκϐάλετε
623 817 704 844 αὑτὸν
718 818 759 849 εἰς
768 817 792 844 τί

884 823 902 843 c
917 816 943 843 in
961 816 1023 844 loco
1038 821 1081 844 cst
1098 817 1223 845 nonnihil
1246 817 1319 853 quod
1341 823 1420 852 egeat
1439 817 1637 852 inquisitione:

12 864 96 895 σκότος
110 863 142 890 τὺ
158 863 304 899 ἐξώτερον.
324 873 334 889 ι
355 850 433 890 ’ἐστι
453 862 482 890 δέ
503 872 529 890 τι
554 864 582 889 ἐν
597 863 637 898 τῷ
653 862 728 898 τόπῳ
739 863 792 890 δεό-

886 869 947 897 mpe
955 863 1018 889 dum
1025 863 1125 890 dicitur
1133 863 1230 891 Lazari
1241 872 1251 889 ι
1263 863 1360 890 faciem
1369 863 1478 890 sudario
1484 863 1638 890 obvinetam

12 917 83 943 μενον
98 909 274 944 διακρίσεως,
283 910 312 936 ἐν
319 908 358 944 τῷ
368 918 375 924 -
396 919 406 935 ι
425 909 480 936 Καὶ
495 910 511 944 ή
525 909 586 944 ὄψις
601 907 685 935 αὐτοῦ
703 908 798 936 σουδα-

11 954 53 990 plu)
68 955 244 991 περιεδέδετο,
258 964 268 981 ι
281 955 328 982 καὶ
343 956 372 982 ἐν
389 955 428 990 τῷ
442 955 574 991 κάλυμμα
590 954 744 981 ἐπικεῖσθαι
759 954 798 990 τῷ

11 1000 136 1036 προσώπῳ
151 1001 287 1034 Μωσέως,
315 1000 397 1036 ἡνίκα
411 1000 500 1028 ἐλάλει
512 999 552 1035 τῷ
564 999 633 1035 λαῷ·
644 1000 674 1026 τὸ
687 999 798 1036 μὲνγὰρ

11 1045 171 1082 ἐπικείμενον
187 1048 223 1082 τῇ
242 1046 303 1081 ὁψει
326 1046 374 1072 τοῦ
391 1045 520 1081 Λαζάρου
538 1044 680 1080 σουδάριον
701 1043 798 1070 ἐκάλυ-

11 1099 67 1117 πτεν
90 1091 173 1118 αὐτοῦ
196 1091 405 1128 νενεκρωμένας
427 1091 478 1123 τὰς
494 1091 602 1127 ὁράσεις
614 1099 620 1106 ·
638 1090 669 1116 τὸ
687 1090 716 1116 δὲ
731 1090 796 1117 Μω-

12 1137 70 1168 σέως
82 1137 216 1173 κάλυμμα
232 1137 292 1164 κατ’
308 1137 465 1173 οἰκονομίαν
483 1135 518 1174 ἦν
535 1136 573 1173 τῷ
593 1136 732 1173 προσώπῳ
749 1136 797 1163 αὑ-

11 1183 51 1209 τοῦ
69 1184 260 1219 περικείμενον
279 1184 323 1210 διὰ
346 1185 410 1216 τοὺς
437 1184 475 1220 μὴ
497 1183 653 1219 χωροῦντας
675 1183 730 1209 ἀπὸ
748 1182 796 1209 τοῦ

11 1228 65 1255 λαοῦ
78 1230 171 1266 ἐνορᾷν
186 1231 221 1266 τῇ
234 1229 298 1266 δόξῃ
314 1229 409 1256 αὐτοῦ.
426 1230 560 1265 Ζητήσεις
573 1229 602 1256 δὲ
617 1229 682 1265 περὶ
698 1229 745 1255 τοῦ
759 1228 796 1264 μὴ

12 1275 169 1310 ἑνδεδυμένου
188 1275 248 1310 (84)
273 1275 375 1311 ἔνδυμα
395 1276 502 1311 γάμου,
524 1276 590 1310 περὶ
615 1272 645 1302 οὗ
669 1275 794 1311 εἴρηται·

14 1330 22 1346 ι
39 1321 162 1356 Δήσαντες
174 1321 259 1349 αὐτὸν
276 1321 365 1348 ποδῶν
380 1322 427 1348 καὶ
437 1321 549 1357 χειρῶν,
566 1321 696 1348 ἐκϐάλετε
715 1321 796 1348 αὐτὸν

12 1367 45 1398 εἰς
65 1367 93 1393 τὸ
115 1367 213 1399 σκότος
236 1367 268 1394 τὸ
286 1367 436 1403 ἐξώτερον,
458 1377 468 1394 ι
495 1368 610 1404 πότερον
632 1368 720 1395 εἰσαεὶ
747 1367 796 1404 μέ-

12 1421 45 1438 νει
61 1413 110 1448 (85)
131 1413 294 1449 δεδεμένος,
313 1413 362 1440 καὶ
380 1414 410 1440 ἐν
435 1413 475 1449 τῷ
491 1413 616 1450 ἐξωτέρω
644 1414 734 1450 σκότῳ
754 1413 795 1449 (οὐ

13 1458 60 1494 γὰρ
75 1459 232 1495 πρόσκειται
246 1460 276 1486 τὸ
287 1480 294 1492 ,
311 1469 321 1486 ι
338 1461 378 1491 εἰς
388 1460 434 1487 τὸν
446 1460 533 1487 αἰῶνα
545 1480 552 1492 ,
573 1469 584 1486 δ
600 1460 633 1495 ἢ,
654 1469 664 1485 ι
679 1461 720 1492 εἰς
732 1461 795 1493 τοὺς

848 907 932 935 fuisse
942 908 988 941 “',
1003 917 1012 934 ι
1026 913 1053 936 et
1070 909 1192 936 velamen
1202 909 1356 944 impositum
1372 909 1638 945 facieiMoysis,cum

848 953 977 988 populum
989 954 1216 989 adloqueretur".
1234 954 1391 991 Imposilmn
1404 963 1521 990 namque
1540 954 1636 982 Lazari

848 999 926 1027 faciei
943 1001 1084 1028 sudarium
1095 1002 1203 1037 tegebat
1218 1001 1292 1029 illius
1310 1002 1486 1030 Inorlilicatas
1499 1001 1635 1032 visiones:

847 1051 875 1073 at
892 1053 957 1073 vero
972 1046 1073 1082 Moysis
1083 1047 1205 1075 velamen
1216 1055 1265 1083 per
1279 1048 1458 1075 (Pconomiam
1470 1047 1548 1074 faciei
1565 1047 1637 1074 illius

848 1092 1003 1127 impositum
1016 1097 1087 1125 erat,
1101 1093 1136 1120 ob
1153 1093 1214 1121 illos
1230 1100 1261 1120 ex
1277 1093 1376 1128 popqu
1392 1093 1437 1128 qui
1452 1092 1563 1128 gloriam
1579 1093 1636 1119 vul-

848 1142 890 1166 tus
909 1138 969 1174 ejus
988 1138 1087 1166 intueri
1104 1146 1160 1166 non
1186 1143 1323 1174 poterant.
1353 1137 1406 1166 Sed
1429 1146 1536 1174 quaares
1554 1138 1587 1166 tle
1603 1145 1636 1165 eo

846 1183 893 1218 qui
906 1191 959 1210 non
977 1183 1088 1210 indutus
1105 1187 1166 1210 erat
1179 1188 1253 1211 veste
1268 1183 1394 1219 nuptiali.
1410 1183 1444 1211 de
1463 1191 1517 1218 quo
1533 1183 1635 1210 dictum

846 1233 887 1256 est
905 1237 913 1256 :
934 1239 943 1254 ι
959 1227 1063 1262 ιίκιιιίε
1077 1228 1149 1255 illius
1160 1229 1284 1256 manibus
1298 1233 1324 1256 el
1338 1229 1460 1264 pedibus,
1472 1228 1561 1263 ejicite
1574 1235 1635 1255 eum

847 1274 874 1301 in
895 1273 1023 1301 tenebras
1042 1274 1193 1301 exteriores
1205 1273 1239 1307 “,
1254 1283 1263 1300 ι
1281 1278 1371 1300 utrum
1384 1279 1513 1309 perpetuo
1528 1278 1637 1301 maneat.

847 1320 967 1353 vinctus.
981 1325 1010 1348 et
1028 1320 1054 1347 in
1072 1320 1193 1348 tenebris
1209 1320 1394 1348 exterioribus
1410 1321 1476 1355 (non
1499 1319 1572 1347 enim
1587 1319 1636 1346 ad-

847 1365 921 1394 ditur
936 1365 1098 1394 vocabulnm
1114 1365 1178 1393 illud
1192 1386 1200 1398 ,
1219 1374 1230 1392 ι
1252 1366 1278 1392 in
1304 1365 1444 1398 saxulum,
1458 1375 1468 1391 ι
1495 1364 1538 1392 vel
1551 1384 1559 1397 ,
1581 1374 1591 1390 ι
1607 1364 1635 1391 in

846 1414 946 1442 sa-cnla
959 1414 994 1450 ι),
1013 1422 1048 1442 an
1066 1413 1212 1449 aliquando
1239 1412 1387 1440 solvendus
1409 1411 1466 1444 sit;
1492 1419 1545 1438 non
1562 1410 1636 1438 enim

847 1465 960 1496 apparet
978 1468 1011 1488 ex
1037 1460 1080 1488 his
1107 1468 1168 1495 qua:
1190 1459 1223 1486 de
1251 1458 1310 1494 ipso
1337 1458 1476 1488 dicuntur,
1502 1456 1634 1490 seriptmu

14 1503 131 1539 αἰῶνας),
149 1515 158 1530 ι
177 1505 194 1540 ἥ
213 1505 359 1540 λυθήσεται
373 1514 439 1532 ποτε
449 1514 456 1520 ·
469 1505 500 1532 οὺ
514 1505 569 1541 γὰρ
585 1506 745 1541 ἐμφαίνεται
763 1507 792 1532 ἐκ

884 1505 933 1532 isse
947 1504 982 1532 de
999 1504 1090 1532 futura
1106 1505 1164 1539 ejus
1181 1503 1364 1536 liberatione;
1393 1510 1443 1530 nec
1465 1502 1531 1529 mihi
1547 1505 1635 1528 tutum

13 1548 54 1583 τῆς
67 1550 126 1586 περὶ
141 1550 227 1577 αὑτοῦ
242 1550 341 1583 λέξεως
359 1550 392 1578 τὰ
409 1551 474 1585 περὶ
486 1550 647 1584 ἀπολύσεως
660 1551 794 1588 ἐσομένης

14 1596 179 1631 γεγραμμένα
195 1597 261 1633 περὶ
273 1596 372 1624 αὐτοῦ’
387 1597 418 1624 οὺ
432 1597 506 1624 δοκεί
517 1597 545 1624 δέ
560 1606 605 1633 μοι
620 1597 740 1632 ἀσφαλὲς
757 1595 795 1624 εἰ-

14 1647 50 1666 va:
66 1642 99 1676 μὴ
115 1641 304 1669 ωταλαὸόντα
319 1642 472 1675 ὀτιποτοῦν,
495 1643 613 1678 μάλιστα
627 1643 666 1679 τῷ
691 1643 729 1679 μὴ
748 1652 795 1678 γε-

15 1686 119 1721 γράφθαι
131 1688 196 1724 περὶ
217 1688 300 1715 αὑτοῦ
313 1709 320 1721 ,
336 1689 538 1725 ἀποφήνασθαι.
557 1691 690 1726 Ζητήσεις
703 1690 732 1716 δὲ
750 1690 794 1717 διὰ

15 1733 52 1758 τό·
68 1742 75 1759 ι
93 1735 172 1768 Λέγει
195 1734 300 1770 Ἰησοῦς
312 1736 417 1767 αὐτοῖς·
449 1735 556 1763 Λύσατε
569 1736 650 1763 αὐτὸν
660 1756 668 1769 ,
690 1746 699 1762 ι
712 1737 793 1768 τισιν,

15 1779 111 1812 αὐτοῖς-ς
129 1781 190 1807 οὒτε
214 1781 269 1817 γὰρ
289 1782 330 1808 ὅτι
349 1781 483 1817 μαθηταῖς
497 1782 716 1818 ἀναγέγραπται,
737 1781 793 1808 οὗθ’

15 1826 48 1851 ὅτι
61 1826 95 1862 τῷ
109 1827 272 1863 περιεστῶτι
285 1827 366 1863 ὄχλῳ,
379 1827 437 1854 ἀλλ’
453 1828 514 1855 οὐδὲ
528 1828 568 1854 ὅτι
581 1829 638 1860 τοῖς
653 1827 722 1864 μετὰ
735 1828 795 1855 Μα-

17 1871 66 1906 ρίας
84 1871 139 1899 οὖσι
159 1873 316 1905 Ἰουδαίοις,
341 1873 388 1900 καὶ
409 1873 668 1909 παραμυθουμένοις
688 1873 792 1908 αὐτήν·

15 1916 145 1954 ὑπονοῆσαι
166 1919 189 1946 δ’
215 1920 248 1946 ἄν
264 1927 307 1950 τις
330 1919 374 1946 διὰ
388 1919 436 1946 τό·
455 1928 465 1945 ι
485 1919 613 1953 ’Λγγελοι
629 1918 793 1955 προσῆλθον,

16 1963 54 1988 καὶ
61 1963 192 1999 διηκόνουν
205 1964 290 1999 αὐτῷ,
301 1965 349 1991 καὶ
363 1964 408 1991 διὰ
421 1964 472 2001 τὴν
487 1964 557 1991 κατὰ
572 1964 618 1990 τὸν
632 1964 715 1991 τόπον
729 1964 794 1990 ἁνα-

17 2009 104 2044 τωγὴν,
122 2010 161 2036 ὅτι
183 2010 289 2046 μήποτε
309 2009 446 2041 κάκείνοις
469 2009 581 2036 δύναται
610 2009 735 2045 εἰρῆσθαι
752 2009 792 2036 τό·

19 2053 135 2081 ιΛύσατε
155 2055 248 2086 αὑτὸν,
270 2056 316 2082 καὶ
335 2055 419 2089 ἄφετε
438 2054 519 2082 αὐτὸν
540 2055 666 2089 ὑπάγειν.
688 2063 698 2080 ι

45 2099 68 2126 8.
84 2100 140 2127 Ἔτι
155 2100 230 2136 ζητῶ
247 2101 271 2127 εἰ
287 2101 465 2136 πεπλήρωκεν
479 2101 494 2127 ὸ
508 2100 610 2135 Ἰησοῦς
624 2100 655 2126 τὸ
667 2099 794 2135 ἐπιφερό-

19 2151 86 2179 μενον
98 2146 150 2182 τῷ·
168 2157 177 2172 ι
193 2147 318 2183 Λάζαρος
328 2148 343 2173 ὁ
356 2147 431 2182 φίλος
444 2146 522 2182 ἡμῶν
535 2146 707 2181 κεκοίμηται,
723 2155 732 2171 ι
747 2145 793 2172 τό*

846 1557 909 1578 esse
923 1550 1032 1577 videtur
1044 1550 1078 1578 de
1090 1550 1181 1585 aliquo
1195 1549 1375 1586 pronuntiare
1395 1548 1467 1584 quod
1494 1551 1636 1574 assecutus

846 1605 900 1626 non
919 1598 1015 1629 fueris.
1035 1599 1187 1634 prasertim
1205 1606 1267 1626 cum
1292 1596 1393 1624 litteris
1416 1604 1468 1623 non
1487 1596 1524 1623 sit
1543 1594 1568 1622 id
1584 1603 1634 1621 cx-

846 1651 980 1678 pressum.
994 1643 1105 1676 Quaeres
1120 1647 1265 1679 prteterea,
1276 1650 1310 1670 eo
1330 1643 1402 1677 quod
1417 1642 1491 1669 dicat
1503 1640 1583 1668 Iesus
1595 1640 1636 1675 ip-

845 1690 895 1721 sis.
912 1699 922 1716 ι
941 1689 1047 1717 Solvite
1059 1698 1133 1722 eum,
1147 1699 1155 1715 ι
1175 1690 1288 1724 quinam
1301 1689 1357 1717 sint
1373 1688 1400 1715 III
1415 1688 1464 1722 ipsi
1481 1687 1581 1722 quibus
1593 1687 1634 1716 di-

846 1736 885 1763 xit
893 1744 900 1762 :
909 1742 998 1770 neque
1006 1735 1078 1762 enim
1088 1734 1240 1770 discipulis.
1248 1741 1335 1768 neque
1344 1734 1530 1761 circumstauti
1541 1732 1635 1765 turbae,

845 1789 877 1808 ac
889 1788 923 1808 ne
937 1780 1037 1808 Judaei:
1052 1780 1162 1815 quidem
1177 1780 1224 1814 qui
1239 1787 1300 1808 cum
1317 1779 1402 1806 Maria
1423 1784 1513 1811 erant,
1536 1779 1636 1813 quique

845 1835 905 1854 eam
919 1827 1144 1859 consolabantur,
1160 1827 1293 1862 scriptum
1315 1830 1358 1854 est
1372 1834 1434 1854 cum
1455 1826 1570 1858 dixisse;
1588 1825 1635 1853 sed

846 1873 961 1902 fortasse
975 1873 1075 1908 aliquis
1094 1878 1206 1908 propter
1226 1877 1382 1900 contextum
1399 1872 1489 1899 illum:
1511 1881 1520 1898 ι
1538 1872 1637 1898 Acces-

844 1923 940 1947 scrunt
955 1919 1058 1954 angeli.
1082 1923 1111 1946 et
1135 1918 1332 1945 ministrabant
1355 1917 1379 1944 ci
1395 1917 1449 1949 ".r
1477 1922 1505 1944 et
1527 1921 1637 1951 propter

845 1973 955 1993 sensum
981 1965 1161 2000 anagogicum
1188 1964 1269 1999 hujus
1293 1963 1344 1992 loci
1375 1963 1558 1999 suspicabitur
1582 1962 1636 1990 illis

844 2011 926 2038 etiam
938 2010 1040 2039 dictum
1057 2011 1141 2039 videri
1156 2018 1253 2046 posse:
1272 2019 1281 2036 ι
1296 2009 1400 2037 Solvite
1421 2016 1496 2042 eum,
1510 2013 1538 2036 et
1554 2008 1636 2036 sinite

845 2057 930 2084 abire.
938 2065 949 2083 ι

880 2101 1001 2136 3808.
1020 2101 1114 2129 Adhuc
1131 2108 1225 2137 qmero
1248 2108 1282 2128 an
1309 2100 1464 2135 impleverit
1487 2099 1566 2127 Iesus
1583 2100 1635 2128 hoc

845 2147 947 2175 dictum
964 2157 971 2175 :
993 2156 1003 2173 ι
1017 2148 1069 2175 Sed
1084 2148 1163 2180 vado.
1178 2153 1207 2175 ut
1220 2155 1236 2174 a
1255 2154 1353 2174 somno
1370 2146 1488 2174 excitent
1503 2154 1565 2174 eum
1577 2146 1612 2178 ⁸⁸,
1623 2155 1632 2171 ι

20 2199 28 2215 τ
42 2191 111 2219 Ἀλλὰ
127 2193 286 2229 πορεύομαι,
301 2193 345 2220 ἶνα
362 2193 498 2225 ἐξυπνίσω
513 2192 593 2219 αὐτόν
603 2202 610 2208 ·
624 2201 633 2218 ι
660 2192 791 2227 ἐφίστημι

884 2193 915 2220 od
935 2193 972 2220 illi
987 2193 1175 2229 subiungitur:
1193 2202 1204 2220 ι
1216 2193 1338 2220 Lazarus
1353 2192 1457 2219 amicus
1469 2196 1560 2219 noster
1571 2191 1633 2218 dor-

18 2234 56 2262 οὖν
75 2239 171 2273 μήποτε
199 2240 228 2265 ἐν
253 2239 291 2275 τῷ
317 2239 457 2274 εἰρηκέναι
477 2239 560 2265 αὑτὸν
584 2239 659 2273 φωνῇ
686 2238 790 2273 μεγάλῃ

19 2284 194 2317 κρινγάσαντα
204 2294 211 2301 ·
230 2294 239 2310 ι
255 2284 374 2320 Λάζαρε,
383 2285 464 2320 δεῦρο
475 2284 527 2318 ἐξω
538 2293 546 2301 ·
564 2294 573 2310 ι
590 2285 606 2319 ἡ
619 2284 673 2319 γὰρ
686 2283 790 2319 μεγάλη

20 2326 82 2361 φωνὴ
95 2327 139 2354 καὶ
151 2329 167 2363 η
181 2328 288 2364 κραυγὴ
304 2328 354 2355 οὐκ
366 2328 399 2355 ἂν
413 2328 522 2361 ἀτόπως
530 2328 634 2363 λέγοιτο
650 2328 793 2360 ἐξυπνικέ-

22 2375 57 2394 ναι
71 2371 154 2398 αὐτόν’
192 2373 238 2400 καὶ
250 2374 274 2400 εἰ
288 2373 327 2400 δεῖ
338 2373 467 2401 δύνασθαι
479 2372 670 2409 ἀποφήνασθαι
686 2374 716 2399 ἐν
731 2373 792 2400 τού-

20 2421 52 2448 τῳ
70 2417 162 2449 μᾶλλον
177 2418 372 2454 πεπληρῶσθαι
391 2419 439 2446 τό·
457 2429 466 2445 ι
485 2419 657 2455 Πορεύομαι,
675 2418 718 2445 ἵνα
734 2418 791 2452 ἐξυ-

22 2460 93 2486 πνίσω
105 2463 208 2496 adiuv,»
226 2464 297 2500 ἤπερ
314 2465 343 2491 ἐν
357 2464 397 2500 τῷ
410 2464 461 2499 τῆς
471 2464 554 2500 εὐχῆς
567 2464 615 2491 τοῦ
631 2463 696 2491 Υἰοῦ
705 2463 790 2490 ἁκού-

90 2555 162 2593 Ioan.
184 2565 221 2588 ιι,
239 2557 285 2585 44.
312 2592 315 2593 ν
337 2559 361 2575 ⁸⁸
380 2557 475 2585 Matth.
491 2565 558 2591 χχιι,
578 2558 623 2585 l5.

22 2587 131 2619 “Matth.
144 2593 231 2625 Iv,ll.
269 2593 291 2609 ⁸⁸
305 2592 383 2621 Joau.
398 2601 436 2627 xi,
452 2593 494 2621 Il.

54 2669 103 2705 iiii)
118 2670 204 2699 Codex
221 2671 394 2704 Bodleianus,
404 2678 489 2705 recte,
505 2671 552 2699 καὶ
565 2671 595 2699 οὗ
611 2671 709 2700 ταύτόν
721 2672 789 2699 ἐστι·

27 2702 120 2738 Man.
136 2708 230 2734 ταύτόν
244 2709 312 2740 ἐστι,
330 2702 406 2735 male.

53 2740 258 2800 ibﬂdeééaoat.
275 2743 416 2783 Ferrarius
434 2743 539 2778 legebat
554 2741 703 2777 δεδεμένον.

55 2773 94 2800 ίδδ
117 2776 201 2800 (ἶηιιυῐ
219 2778 388 2800 “mlh-mnus,
404 2783 487 2800 τρι-ια.
512 2777 547 2800 uin
559 2777 703 2800 ὲνδεδυιιένη

55 2773 104 2814 ςδρδ
117 2776 201 2814 Codex
219 2778 389 2814 Botllcianus,
404 2773 488 2811 recte,
510 2777 548 2813 μὴ
559 2773 742 2812 ἐνδεδυμένον.
762 2776 789 2804 In

27 2808 133 2848 editione
144 2811 228 2839 lluetii
241 2814 315 2839 deest
332 2813 379 2848 μή.

59 2843 109 2880 (85)
124 2847 248 2882 Πότερον
260 2843 466 2883 εἰσιιὲί”μένει.
486 2848 530 2876 Sic
547 2848 627 2876 habet
642 2849 727 2876 codex
736 2847 789 2875 lio-

671 2558 706 2574 ⁸δ·
721 2557 801 2586 Joan.
819 2566 858 2588 xl.
875 2559 921 2587 M.
968 2559 993 2575 "
1014 2559 1100 2588 Exod.
1120 2567 1216 2594 xxxiv,
1237 2560 1283 2588 εδ.

846 2239 922 2266 mit.»
942 2238 1033 2273 Itaque
1049 2238 1165 2274 inspicio
1182 2245 1216 2265 an
1235 2238 1307 2265 forte
1321 2238 1460 2271 expletum
1475 2236 1559 2264 fuerit
1582 2236 1636 2264 hoc

845 2284 967 2312 dictum:
988 2293 999 2310 ι
1016 2284 1105 2318 Vallo,
1120 2289 1180 2312 uta
1199 2291 1295 2312 somno
1314 2284 1430 2310 excitem
1454 2290 1543 2314 eum,»
1571 2289 1633 2309 cum

844 2329 924 2357 Jesus
940 2337 1008 2357 voce
1027 2336 1125 2364 magna
1142 2330 1266 2356 clamans
1283 2328 1371 2355 dixit:
1393 2337 1403 2354 ι
1423 2327 1536 2360 Lazare.
1556 2327 1634 2361 prodi

846 2375 937 2408 foras;
955 2383 965 2401 ι
986 2383 1050 2402 nam
1064 2382 1114 2402 vox
1134 2382 1242 2410 magna,
1258 2379 1286 2401 et
1306 2374 1420 2405 clamor,
1439 2381 1494 2400 non
1516 2372 1635 2400 absurdo

844 2420 952 2447 dicetur
974 2421 1110 2448 excitasse
1133 2428 1207 2448 eum.
1235 2419 1354 2454 Inspicio
1375 2420 1459 2446 etiam
1486 2427 1519 2445 an
1546 2419 1635 2453 possis

844 2466 987 2494 enuntiare
995 2466 1022 2494 in
1035 2466 1085 2495 hoc
1097 2467 1183 2502 magis
1191 2466 1330 2501 impletum
1343 2465 1426 2493 fuisse
1436 2465 1500 2494 illud
1510 2474 1516 2492 :
1528 2475 1538 2492 ι
1550 2466 1635 2499 Vado,

1340 2559 1363 2576 “
1375 2558 1470 2587 Matth.
1505 2565 1572 2590 nu.
1590 2557 1632 2584 I5.

848 2670 982 2697 dleianus.
992 2670 1020 2697 In
1035 2669 1251 2697 editiouclluetii
1261 2669 1336 2696 deest
1348 2668 1471 2704 πότερον,
1485 2667 1634 2704 ριΑΙειιίιυτ,

847 2706 872 2732 εἰ
893 2705 937 2732 ἀεὶ
959 2705 1045 2740 μένει.
1060 2705 1094 2732 Ut
1111 2710 1140 2732 ut
1160 2709 1212 2737 est,
1230 2703 1402 2740 videturhoc
1416 2701 1486 2730 'loco
1504 2701 1634 2740 Origenes

847 2737 1049 2774 aliquantisper
1072 2740 1203 2767 recedere
1218 2748 1232 2766 ιι
1251 2739 1407 2774 pervulgata
1425 2746 1472 2765 sua
1486 2737 1633 2774 etrabsouu

846 2772 1071 2809 sun—lentimqure
1083 2772 1273 2802 damnatorum
1291 2772 1379 2809 pinnis
1394 2773 1473 2809 finem
1488 2772 1633 2809 aliquando

847 2811 1004 2844 impositum
1022 2807 1065 2836 'iri
1089 2810 1223 2838 decernit.
1237 2808 1264 2836 Id
1285 2807 1317 2837 ex
1336 2808 1462 2836 instituto
1483 2807 1632 2843 disputatur

846 2846 872 2873 in
889 2845 1068 2881 Origeuinnis.
