1841 3047
6 186 122 222 νηυῆναι,
150 185 217 221 μηδὲ
238 185 319 212 αὑτὸν
344 185 479 222 ῥύσασθαι
496 186 551 212 ἀπὸ
575 185 625 220 τῆς
647 185 757 211 ἐκείνων

9 233 111 268 ιϐουλῆς
125 232 191 267 (98).
215 233 329 258 Ἐκεῖνοι
343 232 392 266 μὲν
409 229 455 258 οὖν
470 231 603 258 ἐσκόπουν
621 232 658 267 μὴ
675 232 756 266 ἀφιέ-

7 289 14 306 ι
23 278 111 310 αὑτὸν,
119 278 236 314 οἰόμενοι
246 278 290 305 διὰ
299 277 378 304 τοῦτο
388 278 544 313 ἐμποδίσειν
553 279 609 310 τοῖς
617 278 757 305 πιστεύου-

6 334 12 352 l
26 326 63 357 εἰς
75 325 156 351 αὑτὸν
172 325 219 351 καὶ
237 324 383 359 Ῥωμαίοις
399 324 541 359 μέλλουσιν
562 324 650 361 αἴρειν
667 324 756 351 αὐτῶν

6 371 115 402 ιτόιτον,
132 371 178 397 καὶ.
195 370 224 397 τὸ
240 369 326 401 ἔθνος.
341 369 411 395 Ἀλλ’
426 369 489 396 ἐπεὶ
505 379 514 396 ι
530 369 632 406 Κύριος
646 370 756 396 διασκε-

6 417 39 448 ξει
58 415 155 450 βουλὰς
180 415 278 446 ἐθνῶν,
302 415 349 442 καὶ¹
372 414 463 441 ἀθετεῖ
475 415 622 451 λογισμοὺς
648 415 730 447 λαῶν,
744 425 754 441 ι

6 463 41 488 Βέν
53 460 134 497 ἦττον
149 461 195 487 καὶ
208 461 258 487 οὐκ
271 461 382 496 ἀφῆκαν
399 461 490 493 αὐτὸν,
505 462 552 488 καὶ¹
568 462 582 488 ὑ
595 461 662 493 Θεὸς
677 462 757 488 αὐτὸν

6 508 108 542 ἐστησε,
125 507 173 533 καὶ
188 507 288 542 ἀφῆκε,
301 507 348 533 καὶ
365 506 455 534 πάντα
469 507 503 534 τὰ
519 506 582 542 ἔθνη
596 507 757 534 ἐδούλευσαν

6 553 50 588 τῷ,
71 554 120 580 καὶ
141 553 264 585 ἐλθόντες
290 554 314 580 oi
345 553 476 589 Ῥωμαῖοι
503 552 576 590 ἦραν
599 554 689 581 αὐτῶν
710 554 757 581 τὸν

6 608 62 626 πον.
81 599 151 633 (ποῦ
173 599 228 635 γὰρ
250 600 264 626 δ
285 608 368 634 φασιν
385 601 483 626 ἐκεῖνοι
507 600 667 636 ἁγίασμας)
686 598 757 637 ἦραν

12 645 55 670 καὶ
69 644 100 670 τὸ
122 644 206 676 ἔθνος,
225 644 400 677 ἐκϐάλλοντες
415 646 514 678 αὐτοὺς
529 645 585 672 ἀπὸ
599 646 646 672 τοῦ
663 646 756 679 τόπου,

6 690 13 715 l
37 689 116 725 μόγις
133 689 329 725 ἐπιτρέψαντες
353 691 445 722 αὐτοῖς
468 689 536 717 εἶναι
557 692 624 718 ὅπου
650 691 758 726 βούλον-

6 735 71 770 t(99)
86 736 135 762 καὶ
149 736 178 762 ἐν
194 737 227 772 τῇ
247 735 390 772 διασπορᾷ.
409 737 440 763 Ei
452 737 481 763 δὲ
500 737 553 773 χρὴ
564 737 698 773 τολμῆσαι
709 738 758 765 καὶ

6 782 161 816 ’ἀναγωγὴν
175 781 230 809 τῶν
245 782 315 809 κατὰ
331 782 366 809 τὰ
380 783 490 818 ῥήματα
508 783 606 815 ταῦτα,
625 785 756 820 φήσομεν,

6 829 65 854 κτὸν
85 829 170 855 τόπον
196 828 251 855 τῶν
275 830 307 855 ἐκ
330 829 484 865 περιτομῆς
503 830 600 858 ἔλαϐον
620 831 655 858 τὰ
676 831 754 866 ἔθνη·

6 874 27 909 ᾦ
47 875 102 910 γὰρ
134 874 247 902 ἐκείνων
269 875 474 911 παραπτώματι
508 877 629 913 σωτηρία
661 878 758 912 γέγονε

6 923 19 951 ‘;
33 920 148 951 ἔθνεσιν,
165 921 206 951 εἰς
220 921 251 948 τὸ
266 921 462 957 παραζηλίὶισαι
474 923 573 955 αὐτούς
584 932 592 938 ·
605 933 614 949 ι
634 924 674 955 εἰς
684 924 713 950 δέ
724 925 758 951 τὰ

6 975 27 1001 φη
50 966 182 1001 Ῥωμαῖοι
208 966 431 1003 παρελήφθησαν,
455 968 509 995 ἀπὸ
531 969 586 995 τῶν
605 969 759 1004 βασιλευόν-

6 1021 18 1038 ν
35 1013 60 1038 οι
81 1012 288 1048 βασιλευόμενοι
300 1014 495 1049 ὀνομασθέντες
506 1023 513 1030 ·
530 1016 577 1042 καὶ
592 1016 622 1042 τὸ
641 1016 716 1048 ἔθνος
729 1016 758 1043 δέ

6 1057 79 1085 ὺτῶν
91 1059 122 1092 ἐξ
142 1058 226 1085 ἐθνῶν
241 1059 328 1095 ἤρθη·
346 1060 442 1094 γέγονε
456 1060 511 1097 γὰρ
524 1062 538 1087 ό
554 1061 617 1093 λαὸς
635 1062 666 1088 οὐ
677 1061 756 1094 λαός·

6 1104 12 1129 ι
28 1105 52 1130 οἱ
66 1104 95 1137 ἐξ
119 1104 226 1141 Ἰσραὴλ
235 1105 327 1132 οὐκέτι
338 1105 407 1132 εἰσὶν
428 1106 553 1142 Ἰσραήλ·
567 1107 615 1134 καὶ
630 1107 661 1134 τδ
676 1108 760 1143 σπέρ-

17 1150 66 1176 οὐκ
83 1149 206 1184 ἔφθασεν
225 1151 271 1177 ἐπὶ
289 1151 319 1177 τὸ
335 1151 461 1186 γενέσθαι
475 1151 569 1179 τέκνα.
586 1153 641 1179 Καὶ
656 1153 758 1180 τούτοιν

10 1203 47 1220 ιον
68 1195 104 1221 τὰ
125 1195 210 1223 πολλὰ
226 1196 273 1222 τοῦ
295 1196 382 1232 Ἰησοῦ
401 1199 513 1233 σημεῖα,
531 1199 578 1225 καὶ
594 1199 635 1225 ὃτι
652 1199 758 1234 ἀφῆκεν

6 1241 66 1267 avo
83 1241 180 1277 Πατὴρ
196 1242 340 1277 κρείττονα
361 1243 509 1278 γενόμενον
531 1245 581 1280 τῆς
595 1245 649 1272 τῶν
666 1245 759 1282 ἀρχιε-

6 1295 32 1312 υν
61 1287 111 1313 καὶ
142 1287 298 1323 Φαρισαίων
333 1289 568 1324 συνεδρευσάντων
595 1291 655 1317 κατ’
674 1292 757 1318 αὑτοῦ

6 1331 121 1367 βουλῆς.
152 1333 303 1368 ’Λρχιερεῖς
324 1333 352 1359 δὲ
372 1333 419 1360 καὶ
439 1335 513 1360 πᾶσα
534 1336 551 1370 ἡ
569 1336 713 1372 σωματικὴ
729 1337 758 1363 ἐν

6 1377 104 1409 υδαίοις
121 1377 242 1414 λατρεία,
257 1379 397 1414 Φαρισαῖοι
415 1388 445 1406 τε
459 1380 506 1407 καὶ
522 1381 597 1408 πᾶσα
611 1382 628 1417 ἡ
644 1381 715 1408 κατὰ
728 1382 758 1408 τδ

6 1423 77 1458 ίμμα
94 1423 144 1450 τοῦ
169 1424 260 1460 Νόμου
276 1425 436 1452 διδασκαλία
456 1425 627 1454 ἐπιϐουλεύει
656 1427 756 1463 Ἰησοῦ,

19 1469 146 1506 ἀληθείᾳ,
171 1472 220 1497 καὶ
247 1471 370 1506 βούλεται
394 1473 409 1499 ὸ
432 1472 518 1504 τύπος
544 1473 587 1499 ἵνα
615 1474 756 1511 ὑφεστήκῃ

6 1515 115 1548 meum
127 1517 166 1551 (Ι)
180 1518 212 1552 τῇ
224 1517 376 1553 φανερώσει
385 1518 435 1553 τῆς
447 1518 589 1554 ἀληθείας·
603 1521 649 1546 καὶ
661 1519 756 1556 ὥσπερ

7 1560 60 1596 ’Ξιρξ
76 1562 124 1588 καὶ
142 1562 214 1589 κατὰ
235 1562 315 1589 τοῦτο
337 1563 467 1599 ἐπιθυμεῖ
481 1565 552 1591 κατὰ
567 1565 614 1592 τοῦ
630 1566 754 1601 πνεύμα‹

9 1626 15 1632 .
41 1607 113 1634 Ἀλλ’
138 1608 312 1643 ἰσχυρότερον
332 1608 362 1635 ὂν
381 1609 411 1635 τὺ
437 1609 589 1646 ἐπιθυμοῦν
611 1611 683 1638 κατὰ
706 1612 756 1647 τῆς

8 1654 60 1685 mo;
78 1654 200 1690 πνεῦμα,
230 1655 278 1681 καὶ
296 1656 312 1691 ἡ
328 1655 430 1691 ἀληθὴς
455 1655 503 1682 τοῦ
524 1656 651 1692 Σωτῆρος
676 1658 756 1692 ἡμῶν

9 1700 165 1736 [ιερωσὺνη,
180 1701 227 1727 καὶ
243 1701 260 1736 ἡ
282 1702 454 1737 πνευματικὴ
477 1702 560 1728 αὐτοῦ
587 1702 755 1736 διδασκαλία,

10 1746 60 1772 λύει
70 1747 166 1773 τὺτῶν
178 1748 238 1774 κατ’
245 1746 329 1773 αὑτοῦ
345 1747 545 1782 βουλευομένων
557 1747 595 1782 (2)
605 1748 756 1784 ἀρχιερέων

18 1792 179 1827 Φαρισαίων
199 1792 347 1828 συνέδριον.
369 1792 461 1819 Ταῦτα
475 1793 504 1819 δὲ
518 1792 686 1828 ὑποληπτέον
710 1794 756 1820 καὶ

21 1838 159 1871 γίνεσθαι,
174 1838 269 1874 ὥσπερ
288 1838 362 1865 ἔστιν
379 1838 442 1866 ἰδεῖν
458 1840 487 1866 ἐν
501 1841 557 1871 τοῖς
573 1839 620 1866 τοῦ
635 1848 757 1875 σωματι-

19 1884 65 1910 τοῦ
96 1884 268 1920 Ὶουδαϊσμοῦ
291 1885 446 1917 συστάσεως
468 1886 515 1912 καὶ
531 1885 675 1913 καταλύειν
697 1886 757 1913 ἐθέ-

12 1937 30 1954 rt
48 1930 102 1964 τὴν
122 1930 313 1966 πνευματικὴν
328 1931 446 1966 Χριστοῦ
462 1931 649 1958 διδασκαλίαν.

13 1975 34 2001 ὶ.
53 1986 62 2000 ι
81 1973 132 2007 Εἷς
147 1975 178 2002 δέ
193 1985 235 2008 τις
249 1976 278 2010 ἐξ
295 1977 384 2003 αὐτῶν
399 1977 537 2012 Καϊάφας,
553 1978 699 2014 ἀρχιερεὺς
718 1978 756 2006 ὢν

29 2021 161 2048 ἐνιαυτοῦ
201 2022 316 2054 ἐκείνου,
344 2021 420 2049 εἶπεν
446 2023 550 2055 αὐτοῖς·
583 2024 679 2059 Ὑμεῖς
705 2025 756 2051 οὐκ

14 2076 42 2093 τε
60 2069 154 2099 οὐδὲν,
169 2068 228 2095 οὐδὲ
243 2068 395 2103 λογίζεσθε,
413 2069 455 2096 ὅτι
474 2069 609 2105 συμφέρει
626 2071 693 2106 ἡμῖν
713 2071 756 2098 ἴνα

15 2113 160 2149 ἱνθρωπος
177 2113 300 2150 ἀποθάνῃ
315 2114 385 2150 ὑπὲρ
405 2114 452 2141 τοῦ
475 2115 550 2149 λαοῦ,
576 2117 624 2143 καὶ
642 2116 680 2152 μὴ
696 2117 772 2144 ὅλον·

15 2158 78 2192 Ova;
93 2159 243 2195 ἀπόληται.
269 2160 354 2187 Τοῦτο
370 2161 398 2187 δέ
420 2161 466 2196 ἀφ’
481 2161 579 2188 ἑαυτοῦ
596 2162 646 2188 οὐκ
663 2160 754 2189 εἶπεν·

27 2206 182 2241 ἀρχιερεὺς
195 2205 233 2232 ὢν
247 2205 294 2232 τοῦ
311 2206 435 2233 ἐνιαυτοῦ
449 2207 565 2240 ἐκείνου,
583 2209 755 2244 προεφήτευ-

22 2252 64 2278 ὂτι
79 2252 198 2288 ἔμελλεν
210 2252 313 2287 Ἰησοῦς
325 2253 506 2289 ἀποθνήσκειν
514 2254 583 2290 ὑπὲρ
591 2254 639 2280 τοῦ
650 2254 754 2287 ἔθνους·

17 2299 67 2333 οὐχ
85 2299 164 2334 ὑπὲρ
172 2298 220 2324 τοῦ
232 2298 324 2330 ἔθνους
337 2299 426 2334 μόνον,
436 2299 492 2326 ἀλλ’
506 2300 548 2326 ἵνα
565 2300 611 2327 καὶ
624 2301 658 2327 τὰ
672 2300 755 2327 τέκνα

18 2344 87 2371 Θεοῦ
101 2345 139 2372 τὰ
153 2344 382 2381 διεσκορπισμένα
399 2346 540 2383 συναγάγῃ
558 2347 597 2379 εἰς
609 2347 649 2373 ἓν.
663 2356 672 2373 ι
687 2347 755 2382 Οὐχ).

20 2400 35 2422 ς
53 2391 241 2426 προφητεύει,
259 2393 402 2427 προφήτης
419 2393 494 2419 ἐστὶν
511 2393 624 2424 ἐκεῖνος.
644 2393 675 2420 ‘0
688 2393 754 2427 γοῦν

19 2445 94 2470 φας,
115 2447 125 2462 ι
140 2437 285 2472 ἀρχιερεὺς
299 2436 336 2464 ὣν
350 2438 396 2464 τοῦ
411 2437 534 2465 ἐνιαυτοῦ
547 2438 662 2471 ἐκείνου,
674 2448 755 2476 προε-

20 2491 70 2508 usa
93 2482 159 2517 μὲν,
176 2482 216 2508 ὅτι
234 2482 344 2517 ἔμελλεν
368 2483 471 2518 Ἰησοῦς
486 2483 669 2519 ἀποθνήσκειν
683 2484 755 2520 ὑπὲρ

20 2526 133 2559 ἔθνους·
153 2527 200 2553 καὶ
216 2528 266 2563 οὐχ
281 2528 351 2564 ὑπὲρ
380 2528 426 2555 τοῦ
458 2528 551 2560 ἔθνους
579 2529 668 2564 μόνον,
698 2528 760 2556 ἀλλ’

22 2575 74 2600 καὶ
111 2573 152 2600 τὰ
183 2574 265 2601 τέκνα
295 2574 343 2601 τοῦ
374 2574 442 2601 Θεοῦ
475 2574 510 2602 τὰ
542 2575 754 2612 διεσκορπισμέ-

22 2620 168 2656 ιυναγάγῃ
193 2620 233 2652 εἰς
261 2619 300 2652 ἓν,
339 2630 349 2647 ι
377 2621 407 2648 οὺ
441 2621 495 2657 μὴν
526 2621 574 2648 καὶ
611 2622 752 2657 προφήτης

22 2665 50 2693 Εἰ
75 2666 109 2693 δέ
129 2665 180 2692 καὶ
208 2665 322 2702 Βαλαὰμ
351 2668 538 2702 προεφήτευσε
570 2665 605 2693 τὰ
634 2667 663 2693 ἐν
697 2668 754 2698 τοῖς

23 2762 194 2794 ‘sal.xxxu,
207 2760 250 2787 i0.
288 2761 298 2777 ¹
313 2759 392 2787 Rom.
409 2767 446 2794 χι,
463 2759 504 2787 ll.
544 2759 660 2788 'IPetr.
673 2767 703 2792 ll,
719 2759 762 2787 ll).

24 2830 43 2866 ι)
59 2829 164 2866 Codex
175 2828 288 2866 ﬂexilis,
302 2828 414 2866 errori];
427 2828 456 2862 ἐξ
469 2828 580 2856 ἐκείνων
592 2827 749 2863 ἐπιϐουλῆς.

25 2863 44 2902 ι)
61 2865 165 2893 Codex
182 2863 293 2900 Regius,
306 2863 441 2899 βούλεται.

461 123 640 153 COMMENT.
662 123 694 151 IN
714 122 810 151 JO.\N.
833 121 953 150 TOMUS
971 121 1089 150 XXVIII

1552 126 1604 155 τοῦ

774 185 795 212 Α
808 182 918 216 quidem
935 182 1093 217 cogitabant
1117 187 1170 208 non
1190 181 1328 210 dimittere
1345 189 1407 209 eum
1419 202 1427 216 ,
1442 181 1610 210 existimaui:

811 233 853 254 ι‹-ς
871 228 992 255 futurum
1008 233 1038 255 ut
1051 227 1121 255 hanc
1131 228 1168 254 oh
1180 235 1290 254 causam
1304 227 1498 262 impedimento
1510 234 1601 256 essent

806 274 983 301 credentibus
1003 274 1029 300 in
1044 281 1118 305 eum,
1138 277 1165 300 et
1180 273 1321 306 limuanis,
1333 274 1378 308 qui
1394 274 1512 301 ablatnri
1525 279 1603 301 erant

806 321 841 346 ab
856 320 896 346 cis
913 325 968 346 tum
991 320 1091 352 locum,
1116 323 1171 346 tum
1187 325 1307 354 gentem.
1326 321 1423 348 Verinn
1441 321 1505 355 quia
1522 330 1530 346 ι
1550 320 1603 347 Do-

806 365 896 392 Ininu.
913 364 1028 399 dissipat
1044 364 1158 392 consilia
1181 364 1313 398 gentium,
1332 370 1359 392 et
1378 366 1506 400 reprobat
1525 365 1603 399 cogi-

808 410 923 437 tationes
935 409 1095 445 populorum
1112 410 1134 441 ¹,
1154 419 1163 436 ι
1180 410 1359 437 uiltiloniuus
1372 411 1478 438 etiamsi
1492 418 1545 436 non
1561 411 1602 437 di-

807 457 940 483 miserunt
954 464 1028 487 enni,
1046 460 1073 482 et
1096 456 1168 483 Dens
1183 462 1245 483 eum
1260 455 1393 482 excitavit
1409 460 1436 483 et
1453 455 1603 488 dimisit,et

806 507 902 526 omnes
917 505 1012 535 gentes
1038 499 1196 527 servierunt
1211 501 1248 532 ei,
1273 504 1302 527 et
1319 499 1434 527 Romani
1461 501 1603 527 venientes

808 545 928 572 tulerunt
944 545 1053 572 illorum
1069 544 1156 573 locum
1174 546 1230 581 (ubi
1247 546 1319 574 enizn
1346 547 1419 580 quod
1442 546 1480 573 illi
1506 551 1601 574 vocant

807 591 996 617 sanctuarium
1009 590 1039 626 τ)
1055 596 1137 624 atque
1153 591 1235 618 etiam
1255 591 1341 618 tulere
1361 595 1468 625 gentem
1481 612 1488 623 ,
1504 591 1603 619 ablatis

808 635 888 663 illise
907 636 991 672 384
1007 637 1066 663 loco
1082 644 1090 669 ;
1113 637 1157 663 vix
1187 637 1369 664 concedentes
1395 637 1448 664 illis
1467 643 1539 665 stare
1557 638 1603 665 ubi

808 681 919 714 vellent,
937 682 1019 708 etiam
1039 681 1065 708 in
1095 681 1278 716 dispersione.
1292 681 1370 714 Quod
1385 682 1406 708 si
1431 682 1531 710 audere
1553 690 1603 710 ne-

808 735 884 755 Cesse
895 733 937 754 est
955 729 980 754 in
997 736 1106 755 sensum
1132 729 1311 763 anagogicnm
1332 729 1428 756 horum
1444 730 1602 762 verborum,

808 773 930 800 dicemus
944 773 1050 804 borum.
1066 775 1110 808 qui
1127 781 1160 800 ex
1183 774 1397 802 circumcisione
1419 779 1493 807 sunt,
1514 775 1602 802 locum

809 825 904 854 gentes
917 819 1066 854 acet-pisse,
1085 821 1148 854 quia
1165 829 1174 846 ι
1197 820 1303 847 illorqu
1321 819 1397 854 lapsu
1411 820 1484 848 salus
1501 821 1604 848 \‘encrit

774 865 960 899 Bgetitihns,
987 873 1042 900 quo
1071 866 1138 900 ipsis
1166 865 1251 893 Judaei
1281 865 1473 893 rcmularcntur
1488 867 1510 899 ',
1534 876 1544 892 ι
1576 870 1605 893 et

809 918 858 946 pro
882 912 1009 945 gentibus
1027 912 1165 939 liumauos
1183 912 1268 939 fuisse
1289 912 1394 940 dictos:
1415 913 1466 940 bne
1489 918 1541 946 cst,
1554 920 1605 947 pro

808 957 937 988 subditis.
949 965 997 984 eos
1013 958 1060 992 qui
1078 966 1169 985 rerum
1189 959 1384 993 potiebantur;
1406 958 1521 994 proinde
1537 965 1604 993 gens

808 1010 823 1029 a
839 1003 966 1034 gentibus
981 1004 1070 1030 ablata
1088 1005 1138 1031 l'uit
1156 1013 1164 1038 ;
1185 1005 1231 1040 qui
1248 1006 1320 1033 enim
1346 1004 1461 1041 populus
1474 1009 1545 1035 erat,
1563 1004 1608 1031 fa-

809 1053 869 1075 ctus
883 1054 923 1075 est
939 1057 992 1075 non
1009 1049 1125 1084 populus
1139 1050 1171 1083 ³;
1189 1055 1218 1077 et
1233 1051 1278 1085 qui
1293 1058 1326 1078 ex
1344 1050 1427 1078 Israel
1444 1055 1534 1081 erant,
1551 1057 1605 1077 nun

808 1093 926 1127 amplius
942 1099 1005 1120 sunt
1031 1094 1156 1127 lsi-aclis;
1171 1095 1275 1130 quique
1290 1102 1382 1122 semen
1397 1099 1484 1126 erant,
1501 1102 1533 1121 co
1549 1101 1604 1120 non

809 1144 992 1174 pervenerunt
1017 1144 1047 1167 ut
1071 1140 1117 1166 ﬁlii
1139 1140 1247 1168 ﬁerent.
1268 1140 1390 1174 Quarum
1406 1147 1497 1167 rerum
1520 1146 1603 1166 causa

809 1185 894 1212 qulta
910 1184 986 1212 fuere
1001 1185 1065 1212 Jesu
1089 1185 1244 1218 miracula;
1263 1191 1291 1213 et
1308 1185 1373 1220 quia
1401 1185 1504 1212 dimisit
1527 1183 1604 1212 illum

809 1229 890 1257 l'atcr
902 1230 1072 1264 superiorem
1092 1229 1193 1257 factum
1215 1231 1374 1265 pontiﬁcum
1395 1235 1424 1258 el.
1452 1229 1605 1258 Pharisaeo-

810 1283 880 1308 rum,
898 1276 944 1310 qui
959 1276 1104 1303 concilium
1125 1276 1256 1304 adversus
1271 1284 1333 1304 eum
1355 1276 1532 1311 collegerant,
1543 1283 1607 1304 con-

808 1322 883 1350 cilio.
904 1323 940 1349 At
954 1330 1018 1349 vero
1033 1322 1187 1357 pontiﬁces,
1204 1327 1231 1349 et
1248 1326 1323 1350 totus
1338 1321 1494 1350 Judzcorum
1509 1329 1605 1357 corpo-

809 1367 873 1394 ralis
889 1367 989 1400 cultus,
1014 1367 1211 1402 l‘haristeique,
1233 1372 1262 1395 et
1289 1372 1344 1396 tota
1363 1367 1442 1402 Legis
1468 1368 1605 1401 doctrina,

805 1413 881 1448 juxta
900 1413 1018 1441 litteram
1040 1412 1154 1440 insidias
1178 1412 1291 1440 molitur
1309 1413 1417 1440 veritati
1435 1412 1522 1448 (Iesu)
1536 1413 1607 1440 vult-

808 1468 861 1495 que
876 1460 1000 1494 ﬁguram.
1020 1460 1172 1486 subsistere
1185 1481 1193 1492 ,
1210 1459 1337 1487 veritatis
1356 1459 1605 1487 manifestatiunem

810 1506 977 1540 impediens;
995 1510 1022 1532 et
1050 1513 1102 1532 non
1117 1512 1197 1532 secus
1216 1512 1250 1532 ac
1270 1511 1353 1537 caro,
1371 1504 1453 1532 etiam
1475 1504 1547 1532 banc
1569 1505 1605 1532 ob

770 1542 794 1573 ο
808 1559 920 1579 causam
934 1551 1104 1586 concupiscit
1116 1552 1247 1578 adversus
1259 1551 1386 1585 spiritum
1400 1551 1421 1580 ⁵.
1434 1551 1487 1578 Sed
1507 1551 1605 1579 fortior

808 1606 870 1625 cum
890 1598 925 1625 sit
951 1598 1065 1633 spiritus
1089 1597 1290 1632 concupiscens
1314 1597 1448 1624 adversus
1466 1604 1599 1629 carnem.

808 1649 836 1672 et
853 1652 933 1672 verus
953 1644 1108 1671 Servatoris
1137 1644 1224 1670 nostri
1255 1643 1425 1678 principatum
1453 1644 1601 1671 sacerdotii

808 1690 1011 1726 spiritualisqnc
1027 1689 1099 1717 illius
1110 1689 1248 1721 doctrinm,
1270 1689 1430 1724 pontiﬁcum
1454 1689 1604 1716 Pharisaeo-

808 1744 923 1771 rumque
938 1736 1086 1763 concilium
1117 1735 1250 1763 adversus
1269 1743 1330 1763 eum
1353 1735 1465 1763 insidias
1494 1741 1602 1764 struetr-

809 1784 875 1811 tium
891 1783 1027 1810 dissolvit.
1047 1782 1110 1810 Haec
1130 1787 1220 1809 autem
1236 1781 1387 1809 etiamnum
1412 1782 1469 1808 ﬁeri
1486 1790 1602 1810 censen-

808 1830 870 1856 dum
885 1833 944 1860 est,
970 1833 1000 1855 ut
1024 1833 1067 1855 est
1094 1835 1206 1855 cernere
1235 1827 1262 1854 in
1289 1827 1333 1854 his
1360 1827 1406 1861 qui
1433 1827 1603 1861 spiritualcm

807 1875 908 1903 Christi
924 1874 1079 1902 doctrinam
1109 1881 1157 1908 per
1181 1873 1353 1907 corporalem
1378 1871 1511 1900 Judaiszni
1537 1880 1603 1900 cou-

808 1922 984 1958 spirationem
998 1920 1148 1949 dissolvere
1161 1919 1265 1946 volunt.

845 1978 887 2005 1‘2.
910 1987 920 2003 ι
938 1977 1013 2005 Unus
1026 1982 1115 2003 autent
1130 1975 1264 2010 quispiam
1281 1982 1313 2002 ex
1327 1975 1379 2008 his,
1397 1975 1506 2002 nomine
1522 1975 1603 2004 Caia-

807 2025 884 2060 phas,
905 2032 966 2051 cum
985 2027 1058 2050 esset
1075 2022 1196 2056 pontifex
1210 2022 1274 2048 anni
1289 2021 1371 2054 illius,
1390 2022 1455 2048 dixit
1471 2022 1530 2049 eis:
1547 2021 1602 2051 Vos

807 2071 920 2098 nescitis
938 2070 1097 2104 quidquam,
1117 2075 1167 2095 nec
1180 2068 1352 2102 perpenditis
1369 2068 1497 2102 expedire
1523 2069 1602 2097 nobis

807 2122 837 2144 ιιι
851 2124 920 2144 unus
942 2116 1025 2143 homo
1052 2115 1186 2142 moriatur
1210 2121 1260 2149 pro
1283 2114 1395 2149 populo,
1418 2121 1451 2141 ac
1476 2122 1529 2141 non
1545 2118 1600 2142 lora

807 2170 873 2198 gens
887 2165 990 2197 pereat.
1010 2161 1066 2188 Hoc
1077 2165 1168 2188 autem
1182 2167 1197 2186 ιι
1209 2159 1357 2194 semetipso
1371 2167 1423 2186 non
1439 2159 1507 2186 dixit
1520 2167 1528 2192 ;
1540 2162 1599 2192 sed,

771 2207 792 2234 ι)
807 2216 868 2235 cum
886 2212 958 2235 esset
972 2206 1092 2242 pontifex
1105 2206 1167 2233 anni
1181 2205 1264 2238 illius,
1277 2205 1440 2232 vaticinatus
1451 2210 1492 2232 est
1506 2205 1599 2234 Jesum

809 2254 970 2282 moriturum
983 2259 1044 2280 csse
1057 2260 1106 2288 pro
1117 2256 1210 2287 gente;
1221 2256 1248 2279 et
1259 2259 1312 2279 non
1324 2256 1428 2278 tantum
1447 2259 1496 2286 pro
1507 2257 1599 2286 gente,

809 2300 856 2327 sed
870 2305 898 2326 ut
915 2299 998 2326 etiam
1017 2298 1088 2325 ﬁlios
1106 2297 1164 2330 Dei,
1178 2297 1225 2332 qui
1242 2301 1322 2324 erant
1341 2297 1469 2331 dispersi,
1486 2305 1600 2332 congre-

809 2351 884 2381 garet
899 2346 925 2372 in
942 2344 1052 2372 unum'.
1063 2353 1074 2370 ι
1093 2343 1161 2375 Non,
1174 2344 1196 2370 si
1209 2343 1270 2378 quis
1279 2343 1436 2378 prophetat,
1457 2344 1518 2372 ideo
1532 2352 1597 2380 pro-

808 2393 888 2428 pheta
900 2390 1093 2425 est.(laiapbas
1107 2389 1187 2424 igitur
1198 2398 1207 2415 ι
1226 2389 1345 2424 pontifex
1363 2398 1424 2417 cum
1447 2396 1518 2418 esset
1532 2391 1597 2419 anui

810 2437 891 2468 illius,
906 2435 1076 2471 prophetavit
1094 2445 1103 2461 ι
1117 2435 1226 2470 quidem
1245 2445 1254 2460 ι
1266 2435 1359 2462 Iesum
1375 2437 1537 2464 moriturum
1548 2445 1598 2473 pro

809 2488 903 2518 gente:
912 2487 939 2510 et
951 2490 1004 2509 non
1019 2489 1067 2517 pro
1079 2487 1159 2517 gente
1170 2485 1285 2514 tantum,
1296 2482 1384 2515 sedul
1399 2481 1468 2510 ﬁlios
1481 2482 1538 2516 Dei,
1551 2483 1598 2518 qui

809 2534 886 2556 erant
900 2529 1026 2563 dispersi,
1047 2533 1223 2563 congregaret
1235 2529 1261 2555 in
1277 2536 1379 2562 unum;
1395 2537 1404 2555 ι
1417 2529 1487 2556 haud
1507 2534 1597 2558 tamen

809 2575 941 2609 propheta
958 2579 1028 2601 erat.
1051 2575 1129 2608 Quod
1151 2575 1174 2601 si
1197 2574 1280 2601 etiam
1300 2574 1407 2602 Balaam
1425 2575 1599 2610 pmphetavit

807 2628 867 2656 quae
877 2622 902 2649 iu
915 2621 1096 2649 Numerorum
1109 2621 1177 2648 libro
1188 2627 1250 2648 sunt
1261 2621 1375 2656 scripta,
1390 2622 1497 2649 dicens:
1508 2631 1517 2648 ι
1531 2621 1599 2650 Ver-

806 2668 869 2695 bum
886 2667 968 2702 385
989 2667 1061 2702 quod
1082 2667 1225 2696 immiserit
1247 2668 1318 2696 Dens
1337 2668 1401 2696 inos
1425 2675 1527 2701 meum,
1544 2667 1597 2696 hoc

800 2758 810 2774 ⁸
825 2758 912 2786 Galat.
927 2757 1010 2790 v.17.
1044 2758 1054 2774 ⁸
1066 2757 1144 2786 Joan.
1159 2767 1197 2792 χι,
1208 2758 1243 2787 49
1255 2767 1314 2795 seq.

843 2826 880 2863 (ι)
896 2825 967 2863 idem
980 2825 1068 2863 co_dcx_
1078 2825 1187 2862 Regius.
1200 2826 1364 2863 ἐμποδίζειν.

845 2861 882 2898 (2)
898 2862 990 2892 Codex
1005 2861 1310 2898 Βθείυείβουλομένων.
