1835 3047
4 124 52 151 713

495 125 672 156 (ΖΟΜΜΕΝΤ.
692 128 724 155 IN
743 128 840 157 ΙΟΛΝ.
863 129 980 157 ΤΟΠΙῙΒ
1000 130 1119 158 XXVIII.

1576 135 1628 163 7H

4 183 45 210 τοῦ
68 183 282 220 ἁμαρτάνοντες,
301 185 349 211 οὐκ
372 184 404 211 ἂν
421 185 579 220 τυγχάνοιεν
595 187 729 220 ἀφέσεως,
746 187 780 214 διέ

844 191 931 225 ipsum
947 189 1114 224 acceperint,
1127 197 1178 216 non
1191 190 1341 217 assecuturi
1355 196 1416 218 sunt
1431 191 1629 225 remissionem,

4 230 76 256 τοῦτο
94 230 204 264 λέγεται
225 231 289 267 περὶ
309 231 362 258 τῶν
387 232 439 267 πρὸ
460 231 506 259 τοῦ
533 233 610 266 ἁγίου
634 233 789 269 Πνεύματός

4 284 49 303 τινι
69 276 274 312 ἡμαρτημένων
293 278 336 304 τό·
354 288 362 303 ι
379 279 456 304 Πᾶσα
470 279 590 314 ἁμαρτία
605 279 651 306 καὶ
668 279 790 314 βλασφη-

4 322 47 356 μία
71 322 241 358 ἀφεθήσεται
262 324 318 355 τοῖς
342 324 410 356 υἱοῖς
435 324 489 351 τῶν
507 325 669 362 ἀνθρώπωνσ
689 337 698 353 ι
727 329 790 364 περὶ

4 369 26 394 53-:
40 368 94 394 τῶν
110 368 181 403 μετὰ
194 369 226 395 τὸ
239 372 330 404 τυχεῖν
348 370 428 405 ἁγίου
447 371 605 407 Πνεύματος
620 373 789 402 ἐπταικότων

4 416 43 441 :6'
64 425 72 441 ι
93 415 124 441 ’U
137 415 165 442 δὲ
183 416 223 447 είς
239 416 268 442 τὸ
282 416 336 451 (19)
352 417 428 452 ἅγιον
447 418 561 454 Πνεῦμα
578 419 788 456 βλασφημήσας,

4 462 46 488 οῦκ
61 461 117 497 ἔχει
135 462 243 496 ἄφεσιν,
263 462 324 490 οὔτε
346 465 373 490 ἐν
391 464 477 501 τούτῳ
503 465 541 501 τῷ
566 466 654 499 αἰῶνι,
672 467 733 494 οὗτε
761 469 789 495 ἐν

4 508 37 543 τῷ
66 508 201 543 μέλλοντι·
217 519 226 535 ι
257 509 413 546 βλασφημεῖ
438 512 491 548 γὰρ
519 512 610 548 ἔργοις
633 514 680 541 καὶ
697 515 787 550 λόγοις

4 554 134 590 ἁμαρτίας
151 556 191 587 εἰς
203 555 233 581 τὸ
246 555 332 591 παρὸν
347 556 459 592 Πνεῦμα
476 558 506 584 τὸ
525 558 602 593 ἅγιον
622 559 676 595 (‘20)
689 580 695 592 ,
712 561 725 587 ὁ
743 561 790 587 κα).

5 601 129 636 παρόντος
145 601 229 628 αὐτοῦ
243 602 271 628 ἑν
284 603 316 638 τῇ
332 603 403 639 ψυχῇ
419 604 594 640 ἁμαρτάνων.
616 606 694 632 Οὕτω
707 606 735 633 δέ
748 616 789 639 τις

5 646 78 681 φήσει
93 647 222 682 εἰρῆσθαι
239 647 286 674 καὶ
303 648 333 674 τὸ
347 649 375 675 ὲν
391 650 424 685 τῇ
442 650 509 684 πρὸς
531 650 672 685 Ἐϐραίους
695 651 788 678 τοῦτον

5 693 244 729 ἀναγεγραμμένον
261 694 306 720 τὸν
327 695 436 731 τρόπον’
457 705 466 721 ‹
483 695 626 723 ’Λδύνατον
654 697 707 732 γὰρ
726 698 789 730 τοὺς

6 740 70 773 Ξιτεαξ
89 740 277 774 φωτισθέντας
287 762 293 773 ,
311 742 495 777 γευσαμένους
511 752 540 769 τε
553 743 604 778 τῆς
619 744 721 778 δωρεᾶς
737 743 788 779 τῆς

4 787 158 823 ἐπουρανίου
173 808 180 819 ,
209 788 255 815 καὶ
283 789 412 823 μετόχους
441 789 604 825 γενηθέντας
629 790 787 826 Πνεύματος

4 833 84 867 ἁγίου,
101 833 185 860 καλὸν
207 835 392 870 γευσαμένους
409 834 476 862 Θεοῦ
500 836 586 871 ῥῆμα,
604 836 734 871 δυνάμεις
757 847 787 864 τε

7 879 139 913 μέλλοντος
155 881 263 912 αἰῶνος.
280 882 327 908 καὶ⁴
338 883 558 918 παραπεσόντας,
572 885 652 912 πάλιν
669 887 785 913 ἀνακαι-

4 923 77 955 νίζειν
100 925 141 957 εἰς
167 925 311 960 μετάνοιαν
326 947 333 958 ,
354 928 590 964 ἀνασταυροῦντας
616 931 721 963 ἑαυτοῖς
740 931 785 958 τὸν

5 968 60 995 Ϊίὺν
74 969 118 996 τοῦ
135 970 215 1004 Θεοῦ⁷
238 971 284 997 καὶ
310 973 617 1008 παραδειγματίζοντας.
635 985 645 1001 ι
663 976 785 1011 Πρόσχες

6 1016 51 1050 γὰρ
81 1017 109 1042 ἑν
137 1015 245 1049 τούτοις
273 1018 317 1043 τό”
338 1027 346 1043 t
362 1019 501 1053 Μετόχους
518 1021 680 1056 γενομένους
700 1022 784 1048 Πνεύ-

8 1071 79 1096 ματος
93 1062 183 1097 ἁγίου.
201 1073 210 1089 ι
227 1064 273 1095 Εἰς
296 1064 324 1090 δὲ
338 1064 368 1091 τὺ
382 1065 511 1099 ἐναντίον,
527 1066 579 1100 ὡς,
597 1068 621 1094 εἰ
647 1067 694 1094 καὶ
717 1077 783 1104 προ-

7 1110 143 1145 εφήτευσεν
156 1111 323 1145 ὁΚαῖάφας.
345 1111 420 1138 οὐδὲν
441 1110 521 1148 ἦττον
541 1113 591 1139 οὐκ
617 1111 651 1149 ἦν
672 1114 784 1149 Πνεῦμα

9 1156 74 1189 ῖιγιον
89 1156 116 1182 ὲν
130 1155 207 1190 αὐτῷ
217 1176 224 1188 ,
239 1156 347 1192 λεχθείη
362 1156 395 1184 ἂν
414 1158 444 1184 τό
467 1158 533 1193 (21)
553 1168 561 1183 t
576 1157 659 1185 Οὔπω
674 1159 729 1194 γὰρ
751 1157 784 1195 ἦν

7 1200 115 1234 Πνεῦμα,
128 1202 169 1228 ὅτι
181 1201 286 1237 Ἰησοῦς
298 1201 374 1229 οὔπω
390 1203 528 1238 ἐδοξάσθη·
547 1214 556 1229 ι
578 1204 624 1230 καὶ
638 1203 718 1240 εἴπερ
728 1204 782 1239 (ῆὲ)

7 1243 89 1281 (dixit;
98 1246 212 1281 Πνεῦμα
223 1246 297 1273 οὐδὲν
312 1248 341 1274 ὲν
357 1249 412 1279 τοῖς
426 1249 584 1280 ἀποστόλοις
597 1249 648 1285 πρὸ
662 1249 709 1275 τοῦ
732 1250 784 1285 ἰη-

9 1291 47 1317 σοῦ
64 1291 233 1327 ὼξασθῆναι.
251 1293 327 1328 πόσῳ
341 1293 421 1320 πλέον
437 1294 487 1320 οὐκ
498 1291 531 1330 ἦν
549 1295 577 1321 ὲν
598 1294 637 1330 τῷ
652 1295 781 1331 Καῖάφᾳ;

7 1336 125 1369 ’Λναστὰς
148 1338 177 1364 δὲ
204 1339 218 1364 ὁ
243 1339 338 1374 Σωτὴρ
364 1339 514 1375 ἐνεφύσησε
543 1342 598 1372 τοῖς
624 1340 759 1376 μαθηταῖς
774 1361 782 1374 ,

11 1390 18 1404 ι
33 1382 73 1407 καὶ
85 1381 154 1415 λέγει
170 1382 263 1413 αὐτοῖς
276 1390 282 1397 ·
317 1385 422 1411 Λάΰετε
443 1385 555 1419 Πνεῦμα
580 1386 657 1420 ἅγιον
671 1407 678 1419 ,
701 1396 710 1413 ι
736 1386 784 1414 καὶ

9 1428 37 1454 τὰ
49 1429 115 1464 ἑξῆς.
128 1429 281 1464 Τολμηρῶς
296 1430 344 1465 μὲν
362 1427 408 1456 οὖν
421 1439 463 1462 τις
480 1430 667 1466 παραϐήσεται
685 1431 719 1458 τὰ
738 1431 783 1458 λε-

9 1474 147 1510 χθησόμενα
161 1476 231 1512 πρὸς
246 1476 276 1502 τὸ
287 1476 324 1510 μὴ
343 1475 396 1502 ἀπὺ
410 1475 488 1509 ἁγίου
505 1476 663 1512 Πνεύματος
678 1485 782 1513 προπε-

9 1522 156 1555 φῃτευκέναι
176 1522 223 1548 τὸν
246 1522 392 1556 Καϊάφαν,
423 1522 497 1557 ὅμως
520 1522 542 1548 δ’
563 1520 609 1549 οὖν
630 1522 686 1558 (25)
714 1524 781 1559 ὲρεῖ,

9 1566 42 1592 ὅτι
54 1567 155 1595 δύναται
172 1568 222 1595 καὶ⁹
239 1568 344 1603 πονηρὰ
362 1568 505 1603 πνεύματα
520 1570 668 1605 μαρτυρεῖν
683 1568 721 1604 τῷ
732 1570 782 1605 Ἰη-

11 1610 59 1643 cui,
72 1612 114 1639 καὶ
135 1613 318 1651 προφητεύειν
334 1612 399 1647 περὶ
414 1612 506 1645 αὑτοῦ,
535 1612 550 1648 ἦ
572 1615 719 1649 μαρτυρεῖν
733 1613 782 1640 αὑ-

10 1659 41 1693 τῷ
55 1659 115 1694 (24).
135 1659 231 1694 ὥσπερ
256 1659 285 1685 τὸ
307 1659 399 1694 λέγον·
420 1668 429 1684 ι
458 1659 574 1694 Οἴδαμεν
598 1669 627 1686 σε
653 1660 697 1691 τίς
714 1655 749 1693 εἴ,
769 1661 784 1687 ὁ

12 1704 91 1739 Ἄγιος
101 1705 146 1732 τοῦ
158 1705 228 1732 Θεοῦ
241 1713 248 1720 ·
262 1715 270 1731 ι
289 1706 334 1732 καὶ
354 1706 389 1732 τὰ
406 1705 616 1742 παρακαλοῦντα
632 1706 723 1739 αὑτὸν,
739 1707 782 1733 ἵνα

13 1751 42 1784 μὴ
55 1751 161 1788 ἐπιτάξῃ
173 1752 266 1783 αὐτοῖς
281 1753 321 1783 εἰς
332 1751 381 1786 τὴν
396 1751 512 1778 ἄϐυσσον
527 1752 662 1784 ἀπελθεῖν,
679 1753 724 1780 καὶ
738 1753 782 1779 λέ-

11 1804 92 1830 γοντα·
112 1797 228 1830 Numa;
245 1798 375 1825 ἀπολέσαι
396 1798 469 1833 ἡμᾶς
484 1799 559 1833 (25);
575 1809 584 1824 ι
604 1800 659 1826 Καὶ
676 1800 705 1826 ἐν
724 1801 783 1832 ταῖς

12 1842 113 1878 Πράξεσι
126 1845 154 1872 δὲ
165 1844 220 1871 τῶν
236 1845 391 1872 ἀποστόλων
403 1845 557 1881 γέγραπται
570 1844 657 1872 ταῦτα
667 1854 674 1860 ·
691 1855 700 1870 ι
712 1845 783 1880 Ἑγέ-

11 1897 70 1921 veto,
77 1891 261 1926 πορευομένων
270 1891 347 1926 ἡμῶν
355 1891 395 1923 εἰς
401 1891 450 1927 τὴν
462 1892 626 1927 προσευχὴν,
638 1891 782 1927 παιδίσκην

11 1937 62 1963 τινὰ
76 1937 183 1971 ἔχουσαν
208 1937 316 1972 πνεῦμα
330 1937 445 1964 Πύθωνα
468 1938 618 1974 ὑπαντῆσαι
633 1939 710 1973 ἡμῖν,
722 1938 782 1973 ἥτις

10 1980 123 2016 ἐργασίαν
134 1983 234 2019 πολλὴν
248 1985 361 2019 παρεῖχε
374 1985 429 2015 τοῖς
439 1984 543 2019 κυρίοις
559 1984 644 2019 αὐτῆς
656 1992 783 2019 μαντευο-

14 2027 81 2062 μένη·
106 2028 172 2064 αὕτη
204 2028 462 2064 κατακολουθήσασα
498 2029 596 2065 Παύλῳ
630 2029 677 2055 καὶ
705 2030 780 2064 ἡμῖν,

11 2072 95 2108 ἐκραζε
101 2074 280 2109 λέγουσα,ὅτι·
291 2070 369 2101 Οὗτοι
378 2075 402 2101 oi
411 2074 459 2101 ἄνθ
465 2084 548 2111 ρωποι
561 2075 647 2102 δοῦλοι
656 2075 701 2101 τοῦ
715 2074 781 2101 Θεοῦ

12 2117 49 2143 τοῦ
64 2118 169 2154 ὑψίστου
189 2121 267 2152 εἰσὶν,
284 2120 381 2152 οἵτινες
397 2120 624 2155 καταγγέλλουσιν
642 2121 707 2156 ἡμῖν
724 2120 781 2147 ὁδὸν

13 2165 160 2200 σωτηρίας.)
181 2167 264 2201 Φήσει
287 2164 334 2193 οὖν
358 2167 372 2193 ὀ
391 2166 494 2198 τούτοις
514 2165 717 2201 συγχρώμενος,
740 2166 780 2191 ὅτι

12 2209 75 2236 οὐδὲν
90 2212 179 2239 ἀποδεῖ
192 2212 359 2249 προφητείας
372 2212 386 2238 ὁ
399 2212 445 2239 τοῦ
458 2212 585 2243 Πύθωνος
601 2212 690 2246 λόγος,
707 2221 777 2247 μαρ-
796 2216 817 2245 ο

13 2256 86 2290 τδρῶν
94 2259 147 2289 τοῖς
154 2258 321 2290 ἀποστόλοις,
328 2257 376 2284 καὶ
383 2257 545 2293 προτρέπων
554 2258 592 2289 ὡς
600 2257 646 2284 ἐπὶ
658 2256 718 2284 ὁδὸν
728 2265 779 2283 σω-

14 2303 94 2337 τηρίας
103 2305 353 2340 καταγγελλομένην
368 2304 505 2332 πιστεύειν
518 2304 581 2336 τοὺς
595 2303 774 2334 ἀκούσαντας.

18 2346 82 2375 Ἐπεὶ
93 2350 120 2376 δὲ
130 2351 176 2377 καὶ
187 2351 221 2379 τὰ
233 2350 280 2377 τοῦ
292 2350 406 2385 Βαλαὰμ
419 2349 599 2386 περιεθέμεθα
612 2349 691 2384 (25‘),
701 2349 782 2384 πρόσ-

14 2401 52 2426 χες
61 2394 82 2420 el
92 2395 197 2423 δύναται
209 2397 256 2423 καὶ
269 2396 332 2432 περὶ
342 2395 425 2423 αὑτοῦ
441 2395 577 2430 λέγεσθαι,
590 2394 630 2421 ὅτι
646 2393 676 2420 οὐ
690 2392 780 2419 Θεόθεν

15 2439 124 2476 ἐλάλησεν
154 2442 210 2469 ἀλλ’
226 2442 280 2469 ἀπὸ
297 2441 413 2476 ἀγγέλου
424 2450 430 2456 ·
448 2451 457 2466 ε
470 2441 555 2476 Ἔστη
579 2450 587 2465 ι
607 2440 670 2476 γὰρ,
686 2439 779 2474 φησὶν,

797 1544 818 1572 C

58 2511 77 2526 "
89 2511 177 2539 Matth.
200 2520 257 2543 xu,
273 2512 317 2543 3|,
353 2512 375 2528 "
390 2511 454 2538 ibid.
469 2511 515 2538 52.
553 2511 575 2526 ⁸⁸
594 2510 674 2536 Ilebr.
687 2509 794 2539 Vini-6.

16 2544 32 2558 ‘°
43 2544 99 2573 Luc.
115 2555 169 2580 vtu,
185 2547 233 2580 5|;
250 2547 331 2575 Marc.
350 2554 368 2577 t.
383 2547 433 2579 25;
450 2546 514 2573 Luc.
531 2553 568 2576 tv,
583 2545 628 2572 54.

17 2602 172 2664 2b(le!)')cldem
200 2605 284 2631 codex
310 2605 420 2640 Regius,
445 2603 633 2630 ἐπταικότων·
654 2602 712 2629 τόδε
738 2602 777 2633 είς

46 2671 93 2736 (Ξογ
106 2673 190 2701 Codex
202 2675 312 2708 Regius.
327 2674 405 2716 atq-rb
417 2674 503 2736 παὲὸν
514 2672 627 2709 Πνεῦμα
642 2672 729 2706 ἅγιον.

72 2708 80 2733 Ι
108 2708 174 2735 Idem
185 2711 268 2736 codex
281 2709 392 2736 Remus.
404 2709 450 2736 λεν
469 2709 510 2736 είτι
525 2708 566 2735 τό.

105 2708 174 2745 Idem
185 2711 268 2737 codex
281 2709 392 2745 Regius,
404 2708 511 2745 λεχθείη
525 2708 566 2735 τό.

45 2741 91 2780 (ἓξ)
105 2743 170 2780 I_t|em
185 2745 268 2772 codex
281 2741 388 2778 Regius.
405 2741 600 2780 ob'iesp,'tn§|e.

107 2778 243 2819 [firrarius
259 2776 364 2819 legebat
378 2776 480 2819 ὁμοίως
492 2779 514 2818 ὂς
526 2776 584 2819 οὖν.

47 2810 96 2847 ('26)
112 2814 143 2840 Ἢ
154 2810 312 2848 μαρτιφεῗν
323 2810 479 2847 αὐτῷᾘιιξε
491 2812 775 2848 νίἀεηῑιιιπαρέλκειν.

194 2861 330 2890 Ριτηοι..
355 2860 400 2890 Gn
437 2860 520 2890 XIV.

844 235 914 261 hanc
930 234 964 260 oh
977 241 1088 260 causam
1114 234 1215 261 dicitur
1227 234 1335 262 cuidam
1353 236 1386 263 de
1407 236 1449 263 his
1467 238 1512 271 qui
1531 246 1630 273 pecca-

843 283 941 306 verunt
957 283 1020 306 ante
1038 284 1179 314 acceptmn
1200 280 1329 315 Spiritum
1345 287 1467 310 sanctum
1485 293 1491 310 :
1513 293 1522 310 ‹
1544 284 1631 312 Omne

843 331 983 361 peccatum
1012 330 1038 352 et
1061 326 1228 360 blasphemia
1266 328 1420 355 remittetttr
1451 329 1512 357 ﬁliis
1543 331 1632 357 homi-

843 379 905 399 num
920 371 958 405 ἐς
979 380 989 397 ι
1006 376 1034 398 at
1048 379 1112 398 vero
1128 371 1160 399 de
1173 372 1225 405 his,
1241 373 1287 407 qui
1305 379 1366 408 post
1389 380 1531 410 acceptum
1547 376 1631 411 Spiri-

843 423 898 445 tum
912 423 1037 445 sanctum
1051 420 1234 453 peccaverint,
1250 420 1330 447 illud:
1350 430 1359 446 ‹
1378 420 1429 454 Qui
1449 430 1513 449 vero
1529 423 1554 450 in
1569 423 1630 459 Spi-

842 464 923 491 ritmn
939 470 1061 492 sanciunt
1081 465 1275 500 blasphemiam
1291 468 1390 495 dixerit
1401 489 1408 500 ,
1423 476 1475 496 non
1489 469 1569 498 habet
1584 479 1629 498 re-

842 510 998 537 missionem
1011 519 1098 546 nequc
1108 512 1135 538 in
1148 511 1199 539 huc
1209 513 1319 544 saeculo,
1327 521 1414 548 neque
1427 515 1453 541 itt
1467 514 1557 542 futuro
1569 517 1601 543 ³⁸.
1617 524 1630 542 ι’

840 556 1014 591 Blasphcmat
1029 558 1100 584 enim
1119 558 1246 593 operibus
1274 564 1299 586 et
1326 561 1499 589 sermonibus
1523 564 1626 597 peccati

841 602 868 629 in
886 609 1004 636 prmsens
1033 602 1060 630 in
1077 603 1207 637 Spirittttn
1219 610 1357 637 sanctum,
1389 606 1433 640 qui
1458 612 1553 640 peccat
1570 607 1629 642 Spi-

844 649 897 675 ritu
914 654 1008 676 sancto
1024 656 1156 683 prasente
1173 651 1198 677 in
1212 650 1270 685 ejus
1286 651 1386 677 anima.
1405 651 1451 679 Sic
1476 656 1564 680 autem
1588 654 1627 680 di-

842 700 885 722 cet
901 695 999 730 aliquis
1011 696 1110 723 dictum
1128 697 1209 724 etiatn
1228 696 1293 724 illud
1320 696 1416 729 fuisse,
1431 699 1501 732 quod
1524 699 1550 725 in
1569 699 1628 732 Epi-

841 740 909 767 stula
924 741 957 768 ad
972 741 1100 768 Hebra-os
1115 741 1186 769 hunc
1203 742 1230 769 in
1249 743 1357 770 modutn
1384 743 1514 777 scriptum
1530 749 1571 771 est
1584 745 1625 768 ³⁶ι

842 796 851 811 ι
871 786 1040 821 Impossibile
1055 788 1126 814 enint
1141 793 1183 815 est
1198 809 1205 821 ,
1235 795 1281 815 eos
1307 789 1352 824 qui
1381 789 1465 816 semel
1482 789 1625 817 illuminati

839 831 951 864 fuerint,
966 833 1188 867 gustaverintquc
1200 833 1301 860 donum
1317 834 1520 868 superccelestc,
1542 837 1628 870 parti-

802 865 823 892 Β
839 865 1044 914 cipesquevfacti
1059 865 1159 906 fuerint
1172 879 1290 914 Spiritus
1306 881 1406 912 sancti,
1421 885 1448 908 et
1463 865 1562 908 bonum
1578 882 1625 910 Dei

837 925 951 953 verbum
978 925 1147 960 degustarint
1172 926 1361 961 potentiasque
1398 926 1481 955 futuri
1509 928 1601 956 surculi
1617 949 1624 961 ,

839 972 1012 1008 prolapsique
1024 972 1134 1005 fuerint,
1150 973 1185 1000 ab
1203 974 1308 1008 integro
1335 974 1459 1001 renovari
1484 974 1517 1001 ad
1540 975 1627 1009 pmni’

839 1018 962 1050 tentiam,
979 1018 1171 1052 cruciﬁgentes
1197 1018 1373 1053 sibimetipsis
1397 1018 1495 1046 Filium
1524 1020 1570 1047 Dei
1599 1026 1626 1047 et

838 1063 1010 1092 iufamantes.
1027 1073 1036 1090 ›
1053 1064 1168 1092 Attende
1183 1065 1253 1091 enim
1268 1065 1312 1092 his
1326 1066 1414 1092 verbis
1425 1087 1432 1098 ,
1453 1075 1461 1090 ε
1480 1066 1625 1101 participes

837 1108 899 1136 facti
915 1109 1031 1144 Spirittts
1048 1110 1148 1137 sancti.
1161 1119 1170 1135 ι
1182 1110 1221 1136 Ex
1234 1109 1348 1137 adverso
1357 1115 1446 1137 autem
1460 1111 1531 1146 quod
1548 1111 1625 1139 Caia-

837 1157 914 1190 phas,
935 1156 1041 1183 etiamsi
1065 1157 1251 1190 prophetarit,
1285 1157 1460 1184 nihilominus
1493 1164 1545 1185 non
1579 1159 1624 1185 ha-

837 1201 926 1229 buerit
944 1202 970 1228 in
986 1209 1016 1229 se
1031 1201 1162 1237 Spiritum
1192 1208 1314 1230 sanctum
1325 1222 1333 1235 ,
1351 1203 1403 1230 dici
1429 1208 1518 1238 potest
1534 1204 1599 1231 illud
1615 1216 1621 1232 ;

840 1256 849 1272 ε
866 1246 989 1274 Nondum
1004 1247 1075 1274 enim
1091 1252 1150 1274 erat
1162 1246 1281 1282 Spiritus
1292 1268 1299 1280 ,
1316 1248 1387 1282 quod
1411 1250 1531 1276 nondum
1550 1256 1623 1277 esset

836 1291 914 1320 Jesus
928 1292 1092 1327 gloriﬁcatus
1105 1293 1137 1320 "'.
1156 1303 1165 1319 ι
1183 1294 1258 1327 Quod
1271 1293 1293 1321 si
1314 1301 1348 1321 ne
1371 1293 1397 1320 in
1415 1294 1545 1328 apostolis
1562 1297 1623 1330 qui-

836 1339 896 1367 dem
912 1344 971 1367 erat
981 1340 1109 1374 Spiritus.
1126 1346 1271 1375 antequam
1295 1340 1493 1375 gloriﬁcaretur
1520 1340 1600 1369 Iesus
1612 1362 1620 1373 ,

836 1389 936 1420 quanto
969 1386 1054 1422 magis
1087 1394 1141 1414 non
1166 1391 1224 1414 erat
1252 1387 1280 1413 in
1318 1385 1438 1421 Caiapha
1457 1387 1470 1413 ?
1506 1387 1622 1416 Proinde

836 1439 897 1458 cum
918 1432 1082 1459 surrexisset
1117 1432 1263 1463 Servator.
1288 1431 1434 1460 inSttllIavit
1460 1433 1617 1468 discipulis.

839 1485 849 1502 ‹
866 1481 894 1504 et
909 1477 974 1504 dicit
986 1477 1037 1505 illis
1051 1487 1057 1504 :
1084 1478 1207 1513 Accipite
1235 1477 1366 1513 Spiritum
1393 1479 1557 1510 sanctum",
1571 1489 1579 1505 ι
1594 1484 1622 1506 ct

835 1522 918 1557 389
933 1530 993 1557 qua:
1010 1528 1169 1558 sequuntur.
1192 1523 1279 1558 Atque
1306 1524 1436 1552 audacter
1447 1525 1557 1559 quidem
1574 1526 1622 1552 atl-

836 1568 881 1593 tlet
902 1566 999 1601 aliquis
1024 1567 1056 1594 ad
1081 1567 1156 1600 illud,
1174 1568 1245 1602 quod
1269 1576 1302 1596 ex
1327 1569 1430 1604 Spiritu
1456 1574 1550 1597 sancto
1566 1578 1620 1598 non

834 1613 1191 1649 prophetaveritCaiaphas,
1200 1622 1260 1650 quae
1278 1615 1390 1642 dicenda
1403 1620 1476 1643 sunt.
1487 1615 1621 1644 Similiter

836 1658 918 1693 igitur
930 1658 1001 1686 dicet
1016 1659 1067 1687 iste
1083 1660 1167 1687 malos
1180 1661 1263 1687 etiam
1283 1661 1395 1695 spiritus
1409 1668 1488 1695 posse
1499 1663 1621 1690 testimo—

836 1703 910 1730 nium
927 1704 1050 1738 praebere
1065 1703 1141 1738 Jcsu,
1158 1709 1183 1732 et
1198 1705 1363 1740 prophetare
1377 1707 1410 1733 de
1427 1715 1459 1734 eo
1475 1715 1528 1734 non
1543 1714 1621 1735 secus

835 1754 917 1783 atque
928 1748 973 1775 ille
988 1749 1033 1784 qui
1050 1750 1118 1777 dixit
1132 1757 1139 1776 :
1160 1759 1169 1776 ε
1184 1750 1314 1778 Novimus
1333 1756 1358 1779 te
1372 1752 1432 1786 quis
1449 1752 1506 1785 sis;
1525 1760 1621 1788 nempe

836 1794 879 1821 ille
895 1794 1011 1822 Sanetus
1033 1795 1078 1822 Dei
1089 1795 1128 1828 ";
1144 1805 1153 1821 ι
1172 1801 1200 1823 et
1217 1801 1244 1823 ut
1266 1797 1304 1823 Illi
1321 1798 1366 1831 qui
1390 1799 1523 1833 rogabant
1540 1807 1619 1833 eum,

836 1847 869 1866 tte
882 1840 1042 1874 praeciperet
1056 1840 1109 1867 illis
1134 1840 1161 1867 in
1175 1841 1303 1877 abyssum
1320 1843 1407 1874 abire,
1428 1847 1456 1869 et
1471 1843 1597 1871 dicebant
1611 1854 1617 1871 :

837 1896 845 1912 ι
861 1885 966 1914 Venisti
991 1886 1023 1912 ad
1048 1886 1214 1920 perdendum
1231 1894 1280 1914 nos
1290 1887 1312 1902 ιθ
1324 1887 1335 1914 ?
1349 1897 1358 1913 ι
1372 1887 1442 1920 Quin
1460 1887 1485 1914 in
1507 1894 1619 1923 aposto-

834 1933 921 1959 lorum
938 1939 1045 1966 quoqne
1060 1932 1135 1959 Actis
1154 1932 1210 1959 haec
1227 1934 1326 1968 scripta
1343 1937 1405 1960 sunt
1417 1933 1438 1949 “
1454 1942 1461 1961 :
1480 1943 1489 1959 ι
1501 1934 1620 1970 Contigit

834 1983 864 2005 ut
888 1979 1016 2005 euntibus
1037 1978 1114 2005 nobis
1134 1979 1168 2005 ad
1188 1980 1481 2014 precationem,puella
1497 1981 1617 2015 quaedam

833 2024 957 2059 spiritum
983 2024 1113 2058 Pythonis
1138 2025 1241 2052 habens
1263 2025 1342 2052 ttobis
1363 2031 1537 2057 occurreret.
1559 2034 1619 2061 qua:

834 2075 965 2104 quaestum
988 2078 1113 2105 magnum
1129 2071 1276 2104 prmstabat
1293 2071 1412 2098 dominis
1426 2074 1482 2099 auls
1493 2072 1614 2099 divinan-

833 2118 866 2144 do
881 2125 887 2143 :
903 2117 959 2143 hazc
981 2117 1122 2144 subsecuta
1144 2116 1255 2144 Paulum
1268 2137 1276 2149 ,
1297 2120 1326 2144 et
1346 2124 1407 2150 nos,
1425 2117 1562 2145 clamabat
1576 2118 1618 2145 di-

833 2171 897 2190 cens
912 2171 919 2190 :
933 2163 979 2190 Isti
998 2163 1121 2190 homines
1138 2163 1209 2190 servi
1227 2163 1272 2190 Dei
1288 2163 1466 2191 excelsissimi
1483 2169 1554 2197 sunt,
1570 2165 1616 2199 qui

833 2209 994 2236 annuntiant
1015 2210 1092 2237 nobis
1121 2211 1193 2236 viam
1221 2209 1326 2236 salutis.
1342 2218 1352 2235 ι
1371 2209 1489 2237 Proinde
1504 2210 1549 2244 qui
1575 2210 1617 2236 his

831 2255 995 2282 testimoniis
1021 2255 1118 2289 utitur,
1134 2254 1207 2283 dicet
1232 2255 1298 2282 nihil
1322 2256 1424 2283 distare
1443 2263 1457 2281 a
1474 2256 1615 2290 prophetia

832 2302 981 2328 orationem
1009 2301 1120 2336 spiritus
1143 2301 1313 2333 divinatoris,
1339 2300 1524 2328 testimonium
1547 2308 1616 2335 prm-

832 2347 920 2373 bentis
944 2346 1086 2381 apostolis,
1101 2350 1129 2373 et
1145 2346 1315 2374 admonentis
1342 2347 1484 2373 audientes
1499 2347 1616 2374 ut'vinm

832 2392 936 2424 saIutis,
960 2399 1020 2426 qua:
1047 2391 1278 2423 annuntiabatur,
1302 2393 1456 2420 crederent.
1482 2391 1616 2424 Quoniam

832 2442 921 2465 autem
946 2439 972 2465 in
999 2433 1116 2465 medium
1142 2438 1301 2465 adduximus
1324 2446 1384 2472 qua:
1407 2438 1475 2465 dixit
1494 2437 1614 2470 Balaam,

833 2508 853 2523 ³⁷
867 2506 946 2534 Joan.
960 2513 1009 2539 vn,
1024 2505 1069 2532 59.
1107 2504 1130 2520 ³⁸
1141 2503 1221 2531 Joan.
1244 2513 1289 2536 xx,
1304 2505 1349 2532 22.
1398 2506 1419 2521 ³⁹
1433 2505 1513 2531 Marc.
1530 2512 1549 2536 ι,
1571 2503 1614 2530 2t.

677 2545 698 2560 “
719 2543 779 2570 Act.
794 2550 850 2574 xrt,
871 2543 914 2574 16,
931 2541 975 2568 17-

861 2599 918 2635 (ἳδ)
945 2599 1002 2627 Kal.
1036 2598 1178 2635 λέγογταζ
1211 2596 1319 2635 fauce
1346 2596 1496 2635 ἀπολέσαι
1526 2597 1616 2631 ἡμᾶς,

828 2633 916 2662 Verba
935 2635 993 2661 haec
1010 2641 1062 2660 non
1079 2634 1196 2661 hominis
1211 2633 1291 2666 huius
1306 2636 1379 2664 sunt,
1399 2633 1425 2659 in
1454 2639 1614 2658 monumen-

828 2671 862 2697 tis
873 2669 1018 2700 vernulis,
1035 2673 1063 2695 et
1077 2669 1184 2704 legione
1197 2669 1353 2704 dam-tonum
1367 2667 1456 2704 vexati
1471 2674 1478 2698 ;
1504 2667 1538 2693 de
1561 2673 1614 2704 quo

827 2705 893 2733 Luc.
906 2704 1016 2740 νιιιη27
1030 2708 1058 2731 et
1069 2701 1138 2740 seq.,
1154 2708 1183 2731 ιιι
1197 2703 1242 2740 hic
1260 2703 1357 2740 scribit
1368 2737 1373 2740 Δ
1384 2701 1533 2740 Origenes;
1555 2702 1613 2740 _sed

828 2739 944 2767 hominis
953 2738 1038 2770 illius,
1049 2739 1095 2773 qui
1108 2737 1252 2766 immundo
1268 2737 1375 2773 spiritui
1383 2741 1453 2773 erat
1461 2737 1594 2763 obnoxius
1606 2744 1612 2768 ;

827 2775 860 2802 de
873 2782 926 2806 quo
943 2773 1025 2800 Marc.
1041 2771 1123 2805 ιξῖὅ,
1137 2779 1165 2801 et
1176 2773 1241 2800 Luc.
1257 2771 1294 2804 tv,
1311 2772 1356 2803 55.
1373 2771 1418 2799 54.
1434 2772 1565 2799 ΙΙοετιυε.

863 2808 1135 2844 (25⁸)Περιεθέμεθα.
1152 2808 1232 2836 Forte
1251 2806 1435 2842 παρεθέμεθα,
1451 2806 1530 2834 Ευιτ.

1415 2852 1455 2883 23
