1835 3047
232 141 285 170 7ἑῦ

952 143 990 171 0F

1081 144 1112 172 IS
1802 143 1829 170 72

222 209 261 231 est
283 203 365 238 igitur
384 204 428 230 bic
443 203 523 230 lmine
545 210 596 237 pro
618 203 736 238 populo,
757 208 784 232 et
807 208 919 239 propter
934 204 990 232 hun

1078 204 1143 230 ,όνον
1158 203 1228 239 ὑπὲρ
1238 202 1285 230 τοῦ
1302 202 1379 235 λαοῦ,
1397 202 1454 230 ἀλλ’
1472 203 1515 229 ἵνα
1531 203 1579 229 καὶ
1599 202 1637 238 μὴ
1658 202 1718 229 ὅλον
1733 203 1766 229 τὸ
1778 203 1829 230 ιθη

224 257 277 275 non
298 254 354 276 tota
375 256 440 283 gens
462 249 549 283 periit.
566 249 605 276 Ac
633 250 694 276 vide
715 257 779 276 num
800 250 889 285 populi
909 257 1006 278 nomen

224 294 328 321 referre
366 294 456 328 possis
492 294 525 321 ad
560 301 607 321 eos
631 295 677 329 qui
710 300 773 323 sunt
806 303 840 323 ex
861 296 1008 323 circumci-

1060 249 1206 285 ἀπόληται,
1230 248 1296 275 ὡσεὶ
1323 249 1410 284 ἔλεγε,
1425 248 1456 275 τὸ
1471 249 1640 284 χρηματιζον
1653 248 1683 275 τὸ
1696 249 1775 280 ἔθνος
1794 250 1829 283 με

1060 296 1109 323 καὶ
1120 295 1221 327 πάντες
1236 297 1260 322 οἱ
1274 295 1377 322 ἐθνικοὶ
1387 295 1553 322 ἀπόλωνται.

221 343 308 374 sione,
326 343 415 377 gentis
444 349 509 370 vero
535 342 568 369 ad
593 348 720 371 ceteros.
740 343 861 372 Mortuus
885 345 985 372 etenim
1003 349 1046 372 est
1062 345 1106 372 bic
1126 345 1220 377 homo,
1245 351 1298 370 non
1328 347 1432 370 tantum
1451 350 1501 377 pro
1521 344 1632 377 populo.
1652 343 1699 370 sed
1720 343 1800 370 etiam
1815 352 1829 369 i.

222 394 277 416 tota
306 397 372 420 gens
398 394 506 425 pereat;
532 394 662 425 tanquam
691 391 714 419 si
731 392 856 424 dixisset,
878 399 912 419 ne
932 392 976 427 qui
993 397 1124 419 vocamur
1148 398 1215 426 gens
1237 391 1308 418 inter
1323 389 1431 418 Jutlaeos
1446 395 1472 418 et
1488 397 1585 417 omnes
1599 390 1713 425 gentiles
1729 396 1829 424 pean

259 437 302 464 l5.
322 437 370 464 llis
399 438 553 472 proximum
573 443 616 465 est
636 447 642 465 :
659 448 668 464 ε
686 438 742 466 [loc
755 447 769 466 a
783 439 929 475 semetipso
954 448 1007 466 non

221 483 290 510 uixit
303 483 337 510 ⁷⁸.
356 492 365 509 ι
387 483 442 510 lloc
459 483 533 511 dicto
550 492 599 511 nos
618 484 725 512 discere
747 485 845 520 opinor
856 505 866 518 ,
883 486 1007 520 quaedam

223 537 273 556 nos
283 530 408 557 homines
423 537 437 557 a
454 530 659 565 nobismetipsis
675 529 808 565 proferre,
825 531 900 558 nullo
912 531 1009 565 spiritu

223 581 272 600 nos
284 574 355 600 adid
369 574 539 607 impellente,
559 574 611 601 alia
627 581 704 606 vero,
719 574 802 601 veluti
817 574 962 601 insonante
976 581 1008 600 ac

223 624 384 654 suggerente
411 620 490 648 nobis
514 620 613 654 spiritu
642 620 769 654 quopiam
793 627 853 654 qua:
873 620 1008 652 dicamus.

222 666 329 692 etiamsi
342 665 453 692 omnino
464 674 478 692 a
495 665 573 692 nobis
589 673 642 692 non
662 665 825 698 alienemur,
837 671 866 693 et
882 666 1007 692 inconse-

223 716 339 744 quenter
361 711 449 738 all'ecti
469 719 533 746 erga
553 712 611 746 ipsa
635 718 696 746 qua:
719 711 846 744 dicimus,
866 711 1009 738 videamur

225 756 269 783 illa
291 756 411 792 assequi.
434 757 572 792 Contingit
594 763 700 790 autent,
723 762 752 785 ut
776 761 953 792 assequeutes
973 763 1006 783 ea

223 810 284 837 quze
303 803 426 837 dicimus,
452 811 504 830 non
522 811 701 839 assequamur
718 804 885 831 voluntatem
901 807 930 830 et
941 810 1008 830 con-

223 848 312 875 silium
335 855 429 876 eorum
449 857 508 884 qua:
526 837 672 882 dicuntur;
692 849 923 885 quemadmodum
939 856 1009 876 nunc
1025 837 1046 865 Β

223 894 357 929 Caiaphas
373 894 506 929 pontifex,
518 896 563 929 qui
579 902 629 923 nec
643 903 657 921 a
677 895 821 929 semetipso
834 894 941 921 locutus
955 899 1009 927 est,

224 947 275 966 nec
288 947 396 967 sensum
414 940 519 968 locutus
535 946 587 973 est,
609 945 638 967 ut
657 939 844 975 prophetiam,
864 939 927 974 quia
947 947 1010 974 pro-

224 984 344 1019 phetiam
361 991 455 1012 eorum
465 985 694 1020 qua-.loquebatur
710 992 763 1012 non
778 984 921 1012 intellexit.
939 983 1009 1016 Quin

223 1030 294 1065 apud
320 1029 434 1057 Paulum
462 1031 544 1057 etiam
563 1035 626 1058 sunt
639 1030 750 1065 quidam
775 1030 844 1064 legis
871 1031 1008 1062 doctores,

224 1075 520 1111 mequeintelligentes
540 1084 600 1112 quae
626 1077 731 1109 dicunt,
750 1083 838 1111 neque
859 1076 892 1103 de
911 1076 1010 1110 quibus

223 1121 360 1148 aﬂlrtnaut
373 1122 408 1149 ⁷⁵.
426 1132 435 1148 ι
453 1122 489 1149 At
505 1130 570 1150 vero
586 1123 695 1157 sapiens
707 1130 759 1149 non
779 1128 821 1150 est
840 1121 1008 1157 liujusmodi,

192 1165 201 1187 ῖ’
220 1167 317 1201 dequo
330 1166 450 1202 loquitur
467 1168 493 1194 in
510 1167 666 1195 Proverbiis
690 1167 817 1195 Salomon
840 1167 906 1196 ille;
925 1175 936 1194 ι
957 1167 1009 1195 Sa-

196 1213 203 1232 l
221 1213 300 1247 piens
327 1213 460 1249 intelliget
485 1221 544 1249 quin
568 1221 600 1241 ex
621 1221 670 1241 ore
693 1221 743 1241 suo
759 1214 918 1248 prodibunt,
937 1218 964 1241 et
981 1214 1008 1241 in

220 1258 302 1286 labiis
319 1259 376 1286 suis
394 1260 515 1294 portabit
532 1261 698 1294 agnitionem
711 1260 745 1286 ⁷⁸.
768 1269 778 1286 ι
793 1261 933 1288 Acmeum
945 1267 1009 1295 pro-

220 1303 292 1331 fecto
305 1304 498 1339 estjudicium,
513 1313 606 1333 casum
631 1306 777 1341 aliquoties
798 1306 824 1333 in
844 1313 927 1333 causa
946 1313 1008 1333 esse

222 1350 414 1384 prophetandi,
438 1356 469 1379 ut
492 1358 562 1379 nunc
583 1351 710 1387 Caiapltae
726 1352 752 1379 in
767 1359 849 1379 causa
869 1352 919 1379 fuit
936 1351 1008 1387 quod

198 1418 202 1433 _.
223 1396 343 1433 pontifex
362 1401 436 1424 esset
449 1397 513 1424 anni
527 1397 673 1432 illius,quo
689 1398 836 1425 moriturus
847 1397 1008 1430 eratJesus,

222 1453 275 1471 ιιοιι
298 1448 402 1471 tantum
427 1451 476 1478 pro
502 1443 617 1478 populo,
633 1444 679 1471 sed
694 1452 729 1471 ne
750 1449 806 1471 tota
822 1451 889 1479 gens
902 1449 1006 1478 pereat.

221 1491 289 1518 Cum
301 1489 374 1517 enim
394 1489 439 1516 alii
458 1496 565 1524 quoque
579 1489 720 1524 pontiﬁces
740 1494 843 1523 essent,
863 1494 891 1516 ut
901 1491 1008 1526 perspi-
1021 1504 1043 1534 ο

185 1558 187 1561 .
222 1543 303 1563 cnunt
322 1539 364 1562 est
378 1541 411 1561 ex
428 1534 469 1561 his
481 1541 540 1568 qua:
556 1534 583 1562 in
599 1534 715 1561 medium
730 1535 902 1569 protulimus,
920 1536 1009 1564 nullus

222 1581 379 1617 prophetat,
407 1579 459 1607 nisi
475 1580 596 1615 pontifex
615 1581 677 1607 anni
702 1580 774 1608 illius
800 1588 854 1615 quo
878 1588 1008 1616 passurus

221 1632 284 1655 crat
308 1626 388 1654 Iesus
418 1633 540 1654 summus
563 1626 695 1661 pontifex.
724 1626 817 1654 Itidem
845 1634 924 1654 casus
945 1627 1010 1654 fecit

223 1674 333 1701 nuntios
348 1672 486 1700 Saulisad
505 1673 633 1700 Bavidem
650 1673 756 1706 missos,
781 1672 926 1708 ipsumque
939 1673 1009 1700 Sau-

222 1721 285 1753 lem,
302 1720 487 1755 prepltetare:
510 1718 567 1747 fere
584 1719 659 1747 enim
683 1719 746 1754 quia
768 1720 934 1754 quaesierunt
957 1720 1009 1747 Da-

199 1780 202 1787 -
223 1767 280 1800 vid,
297 1765 406 1794 obvenit
418 1771 447 1792 ut
461 1765 665 1800 prophetarcnt,
679 1766 727 1792 sed
741 1772 774 1793 eo
787 1765 866 1792 modo
876 1773 931 1800 quo
943 1765 1010 1793 scri-

181 2893 198 2906 Ι

220 1817 296 1847 ptttm
314 1815 366 1840 e'st.
385 1811 453 1845 Quin
475 1815 502 1838 et
517 1811 637 1843 Balaam,
663 1816 800 1846 assumpta
816 1811 944 1846 parabole
959 1819 1008 1838 sua

220 1865 275 1886 non
291 1857 406 1885 dixisset
421 1865 427 1883 :
447 1866 456 1882 ι
474 1857 514 1884 Ex
530 1857 724 1892 Mesopotamia
740 1857 884 1885 accersivit
899 1865 943 1885 me
954 1857 1004 1890 ",i

219 1908 247 1931 et
263 1911 324 1938 quae
339 1908 502 1937 sequuntur,
515 1903 541 1930 ni
558 1903 670 1930 vidisset
685 1903 811 1930 lsraelem
827 1907 1007 1931 castrameta-

220 1953 278 1975 tum
304 1947 388 1974 fuisse
409 1955 417 1974 :
437 1952 464 1976 et
495 1954 603 1981 semper
628 1948 708 1974 aliam
735 1953 840 1982 partem
868 1947 1008 1975 exercitus

219 1993 327 2025 videns,
348 2000 381 2020 ex
408 1992 528 2021 novitate
550 1993 588 2020 rei
614 1998 766 2028 conspecta
792 1994 954 2021 movebatur
973 1994 1008 2021 ad

221 2038 365 2066 dicendum
382 2046 432 2073 pro
450 2037 559 2066 lsraele.

255 2084 337 2120 395
357 2084 402 2112 l6.
419 2084 568 2112 Moriturus
583 2092 649 2120 ergo
665 2090 726 2114 erat
744 2086 824 2115 Jesus
840 2095 889 2123 pro
909 2092 1007 2123 gente,

218 2137 280 2164 qua:
303 2130 411 2157 diversa
427 2134 515 2156 erata
536 2128 599 2156 ﬁliis
624 2130 670 2157 Dei
695 2130 839 2166 dispersis,
854 2135 884 2158 ut
897 2131 1006 2167 perspi-

1100 439 1142 466 15.
1167 438 1245 473 Ἑξῆς
1255 437 1341 473 τούτῳ
1358 437 1414 472 (65)
1434 436 1492 463 ἐστὶ
1501 437 1549 463 τό·
1568 446 1578 462 ε
1599 436 1686 463 Τοῦτο
1697 436 1829 470 ἀφ’ὲευτιῖ

1062 485 1111 511 οὐκ
1121 482 1206 511 εἶπεν.
1227 493 1236 508 ι
1258 484 1317 516 Ἀφ’
1332 479 1362 510 οὗ
1381 483 1526 518 μανθάνειν
1541 481 1619 517 οἶμαι
1639 479 1722 516 ἡμᾶς,
1739 482 1779 508 ὃτι
1792 490 1829 507 2n;

1064 530 1114 566 μὲν
1131 530 1155 556 οε
1170 529 1307 565 ἄνθρωποι
1318 529 1364 564 ἀφ’
1379 529 1482 556 ἑαυτῶν
1494 528 1618 563 λέγομεν,
1633 528 1770 563 μηδεμιᾶς
1780 529 1829 561 ήμὶι

1062 572 1226 609 ἐνεργούσης
1248 574 1288 605 εὶς
1315 573 1346 599 τὸ
1363 573 1452 608 λέγειν
1468 570 1620 609 δυνάμεως,
1643 573 1726 607 ἕτερα
1746 572 1775 598 δὲ

1061 620 1140 656 περεὶ
1162 619 1329 655 ὑπηχούσης,
1351 621 1398 647 καὶ
1409 619 1611 655 ὑποϐαλλούσης
1626 619 1768 653 δυνάμεώς
1780 627 1829 644 τινι

1061 667 1128 701 ἡμῖν
1141 665 1175 692 τὰ
1193 665 1338 700 λεγόμενα*
1356 666 1408 692 κᾶν
1434 666 1472 701 μὴ
1496 665 1587 692 τέλεον
1609 664 1786 699 ἐξιστάμεθα,
1802 672 1829 690 ιε

1062 711 1326 747 ἀπαρακολουθήτως
1346 711 1445 746 ἔχομεν
1473 712 1598 743 ἑαυτοῖς,
1635 710 1703 737 ἀλλὰ
1730 710 1829 744 δοτιῖψε·

1061 756 1272 793 παρακολουθεῖν
1300 753 1340 788 οἷς
1361 756 1486 791 λέγομεν,
1517 755 1655 791 ἐνδέχεται

1061 803 1174 835 θοῦντας
1192 803 1268 838 ἡμᾶς
1283 803 1389 833 ἑαυτοῖς
1434 802 1562 838 λέγομεν,
1581 802 1619 838 μὴ
1636 802 1829 837 παρακολουθεέ

1060 849 1099 885 τῷ
1114 849 1265 885 βουλήματι
1276 848 1332 876 τῶν
1350 848 1517 884 λεγομένων·
1534 848 1630 884 ὥσπερ
1652 848 1701 874 νῦν
1725 848 1829 880 Καῑάξι

1060 899 1074 924 ὁ
1087 898 1232 933 ἀρχιερεὺς
1250 896 1296 923 καὶ
1318 896 1364 931 ἀφ’
1388 896 1485 923 ἑαυτοῦ
1502 896 1552 922 οὐκ
1567 893 1639 929 εἷπε,
1658 895 1707 922 καὶ
1725 895 1774 921 οὐκ
1790 893 1829 920 si:

1060 944 1105 970 τὸν
1119 943 1192 975 νοῦν,
1213 943 1251 975 ὡς
1272 943 1449 979 προφητείαν,
1475 942 1523 969 καὶ
1542 942 1592 978 τὴν
1614 941 1783 977 προφητείαν
1800 940 1829 966 τοί

1060 990 1208 1024 λεγομένω
1221 989 1277 1024 (Μ)
1294 990 1343 1015 οὐκ
1358 989 1474 1024 ἐδέχετο.
1491 989 1547 1015 Καὶ
1564 988 1640 1023 παρὰ
1652 988 1752 1023 Παύλῳ
1766 987 1792 1014 δὲ
1807 995 1829 1013 w

1062 1034 1250 1071 μοδιδάσκαλοί
1260 1035 1332 1066 τινές
1340 1035 1392 1060 εἱσι
1405 1044 1414 1060 ι
1430 1034 1468 1070 μὴ
1481 1034 1691 1069 νοοῦ·ηες,μήτε
1703 1033 1721 1060 ἃ
1732 1033 1826 1067 λέγουσι

1062 1082 1131 1117 μήτε
1148 1081 1213 1116 περὶ
1221 1081 1302 1107 τίνων
1312 1080 1542 1107 διαὸεὸαιοῦνται.
1562 1089 1573 1106 ι
1597 1079 1667 1106 Ἀλλ’
1679 1080 1728 1114 οὐχ
1741 1080 1754 1105 ὁ
1770 1086 1829 1111 σοφὰς

1059 1126 1189 1159 τοιοῦτος,
1206 1127 1269 1162 περὶ
1283 1123 1314 1152 οὗ
1342 1135 1423 1161 φησιν
1443 1127 1472 1153 ὲν
1495 1126 1659 1161 Παροιμίαις
1674 1126 1689 1151 ό
1711 1125 1829 1159 Salamin

1062 1180 1072 1196 ‹
1088 1170 1173 1206 Σοφὺς
1184 1171 1276 1206 νοήσει
1294 1171 1327 1198 τὰ
1344 1170 1397 1198 ἀπὸ
1410 1171 1474 1198 ἰδίου
1491 1171 1636 1206 στόματος,
1649 1172 1697 1197 ἐπὶ
1709 1170 1739 1197 δὲ
1750 1170 1829 1205 χεὲλεςι

1061 1217 1171 1252 φορήσει
1183 1215 1416 1251 ὲπιγνωμοσύνην.
1431 1225 1440 1241 ι
1457 1216 1534 1242 Δοκεῖ
1546 1216 1575 1243 δέ
1595 1224 1652 1251 μοι,
1673 1216 1713 1242 ὃτι
1739 1216 1784 1241 καὶ
1798 1223 1829 1239 :-

1061 1262 1184 1298 ρίστασις
1194 1262 1266 1289 αἰτία
1281 1262 1346 1288 ποτὲ
1358 1261 1462 1296 γίνεται
1477 1261 1524 1289 τοῦ
1546 1261 1741 1298 προφητεύειν,
1756 1261 1829 1287 diem

1060 1307 1108 1334 καὶ
1122 1307 1171 1334 νῦν
1190 1307 1229 1342 τῷ
1249 1307 1373 1342 Καῖἀφᾳ,
1392 1307 1423 1333 τὸ
1443 1304 1513 1334 εἶναι
1540 1306 1621 1334 αὑτὸν
1649 1306 1780 1342 ἀρχιερέα
1798 1304 1829 1330 τιιῆ

1059 1352 1183 1380 ἐνιαυτοῦ
1208 1352 1312 1379 ἐκείνου
1328 1349 1350 1386 ᾧ
1366 1352 1478 1387 ἔμελλεν
1498 1353 1513 1379 ὁ
1540 1352 1644 1387 Ἰησοῦς
1667 1352 1829 1386 ἁποθνήπειι

1061 1398 1132 1434 ὑπὲρ
1145 1398 1191 1425 τοῦ
1210 1398 1285 1430 λαοῦ,
1301 1398 1345 1425 ἵνα
1374 1398 1412 1433 μὴ
1426 1398 1487 1424 ὅλον
1505 1398 1536 1424 τὸ
1554 1398 1630 1429 ἔθνος
1647 1397 1791 1433 ἀπόληται·
1804 1396 1829 1421 ιν

1065 1453 1119 1471 των
1131 1444 1185 1480 γὰρ
1196 1445 1242 1470 καὶ
1260 1444 1347 1471 ἄλλων
1364 1444 1526 1478 ἀρχιερέων,
1547 1445 1585 1475 ὡς
1599 1443 1678 1478 δῆλον
1692 1443 1721 1476 ἐξ
1733 1441 1769 1469 ὧν
1781 1450 1829 1476 προ

1061 1489 1246 1525 παρεθέμεθα,
1276 1489 1362 1521 οὐδεὶς
1384 1489 1551 1525 προφητεύει
1572 1488 1589 1523 ἢ
1605 1490 1619 1514 ὁ
1639 1488 1688 1514 τοῦ
1710 1486 1829 1514 ὲνιαυτοὶ,

1059 1533 1082 1569 ᾧ
1091 1535 1187 1572 ἔμελλε
1198 1536 1313 1571 πάσχειν
1321 1537 1335 1563 ὁ
1353 1536 1465 1571 Ἰησοῦς,
1478 1534 1632 1571 ἀρχιερεύς.
1648 1535 1804 1568 [lepis-ma;

1060 1581 1242 1617 προφητεύειν
1256 1582 1387 1616 πεποίηκε
1408 1582 1454 1608 καὶ
1470 1582 1516 1607 τοῦ
1530 1581 1616 1607 Σαοὺλ
1631 1580 1764 1614 ἀγγέλους
1779 1587 1828 1611 περ·

1059 1627 1175 1662 φθέντας
1186 1627 1232 1653 ἐπὶ
1244 1627 1290 1654 τὸν
1307 1627 1399 1661 Δαϐὶδ,
1413 1627 1461 1654 καὶ
1476 1627 1556 1653 αὑτὸν
1578 1626 1625 1653 τὸν
1642 1625 1744 1653 Σαούλ·
1767 1625 1828 1651 οἱονει

1058 1673 1114 1708 γὰρ
1127 1672 1158 1700 τὸ
1171 1672 1263 1708 ζητεῖν
1280 1673 1380 1704 αὐτοὺς
1397 1673 1442 1699 τὸν
1467 1672 1551 1698 Δαὸὶδ
1568 1673 1655 1698 αἴτιον
1669 1671 1764 1706 γέγονε
1782 1678 1828 1703 προ-

1059 1718 1183 1753 φητείας,
1199 1718 1267 1745 ἀλλὰ
1284 1719 1421 1754 τοιαύτης,
1437 1718 1516 1745 ὁποία
1530 1718 1750 1752 ἀναγέγραπται.

1059 1764 1106 1790 καὶ
1121 1763 1234 1798 Βαλαὰμ
1249 1764 1299 1790 οὐκ
1316 1763 1358 1797 ἃν,
1378 1763 1519 1790 ἀναλαΰὼν
1543 1763 1592 1798 τὴν
1611 1762 1771 1798 παραόώὴν
1787 1760 1828 1793 (ibi

1059 1809 1153 1841 αὐτοῦ,
1178 1807 1238 1835 εἷπε
1267 1809 1331 1842 τδ,ι
1347 1810 1394 1836 Ἐκ
1418 1808 1631 1843 Μεσοποταμίας
1657 1806 1828 1843 μετεπέμψατί

1060 1866 1105 1893 με,
1124 1867 1133 1884 ι
1150 1858 1196 1885 καὶ
1211 1859 1246 1885 τὰ
1261 1857 1333 1892 ἑξῆς,
1351 1857 1387 1892 μὴ
1407 1857 1468 1884 ἰδὼν
1495 1856 1540 1883 τὸν
1563 1856 1672 1892 Ἰσραὴλ
1691 1857 1827 1890 ἐστρατοτὲ

1058 1903 1182 1936 δευιιότα,
1201 1905 1249 1931 καὶ
1272 1904 1315 1930 ἀεὶ
1336 1903 1399 1930 ἄλλο
1420 1903 1501 1938 μέρος
1524 1902 1710 1938 στρατοπέδου
1733 1900 1827 1936 βλέπων.

1059 1949 1114 1976 ἀπὸ
1126 1949 1176 1984 τῆς
1191 1950 1350 1984 καινότητος
1363 1948 1410 1975 τοῦ
1427 1947 1593 1983 βλεπομένου
1605 1948 1722 1974 ἐκινεῖτο
1738 1946 1796 1981 πρὸς
1808 1944 1827 1968 τὶ

1058 1996 1147 2030 λέγειν
1158 1996 1278 2032 περὶτοῦ
1297 1994 1414 2031 Ἰσραήλ.

1095 2087 1139 2115 16.
1153 2087 1269 2122 Ἔμελλε
1283 2086 1372 2114 τοίνυν
1397 2085 1501 2121 Ἰησοῦς
1518 2084 1703 2119 ἀποθνήσκειν
1716 2082 1782 2115 ὑπὲρ
1793 2078 1825 2105 :93

1059 2133 1161 2166 ἔθνους,
1176 2134 1244 2168 ὅπερ
1258 2133 1349 2167 ἕτερον
1363 2129 1397 2167 ἦν
1407 2131 1461 2158 τῶν
1477 2129 1730 2164 διεσκορπιειμένων
1745 2128 1825 2154 τέκκινν

217 2182 299 2203 cuum
311 2180 354 2202 est
366 2175 418 2202 hoc
432 2174 505 2202 dicto
519 2183 526 2201 :
545 2183 554 2200 t
572 2174 704 2202 Futurum
715 2180 784 2209 erat,
801 2181 830 2203 ut
844 2175 923 2204 Jesus
945 2183 989 2203 mo

1078 2177 1138 2210 soi"),
1154 2177 1192 2209 ὡς
1213 2177 1291 2213 δῆλον
1313 2178 1344 2203 ὲκ
1358 2176 1422 2203 τοῦ·
1444 2185 1452 2202 ι
1481 2175 1584 2211 Ἰησοῦς
1603 2175 1716 2210 ἔμελλεν
1733 2172 1826 2203 ἀποθνή-

218 2226 325 2249 reretur
339 2228 391 2249 non
410 2226 514 2248 tantutn
539 2228 588 2256 pro
612 2227 706 2257 gente,
722 2221 769 2249 sed
786 2223 869 2250 etiam
887 2227 916 2250 ut
933 2223 1003 2250 ﬁlios

218 2267 281 2299 Dei,
293 2267 339 2302 qui
355 2267 468 2302 dispersi
486 2273 576 2300 erant,
593 2272 772 2303 congregaret
789 2269 816 2295 in
834 2276 916 2295 unum
934 2268 968 2296 ⁷⁸.
990 2278 999 2295 ι

217 2312 335 2346 Quinam
351 2319 416 2340 vero
431 2311 489 2345 alii,
507 2317 607 2347 praeter
627 2317 733 2348 gentes,
753 2313 800 2340 ﬁlii
817 2313 864 2340 Dei
886 2313 1002 2348 dispersi

216 2362 311 2386 essent
328 2366 401 2385 nunc
420 2362 526 2392 tempus
549 2362 591 2385 est
610 2365 756 2392 quaerere:
775 2359 808 2386 de
823 2358 933 2393 quibus,
955 2359 1001 2394 qni

217 2407 331 2430 naturas
344 2403 529 2435 introducunt,
550 2403 649 2430 dicturi
671 2408 734 2431 sunt
752 2403 812 2432 illos
837 2405 884 2439 qui
899 2405 1003 2439 judicio

216 2455 310 2476 eorum
325 2453 388 2475 sunt
405 2448 568 2482 spirituales,
583 2448 652 2477 ﬁlios
671 2457 731 2477 esse
749 2450 807 2482 Dei,
824 2450 1004 2484 spiritualiter

218 2501 271 2520 non
285 2492 466 2527 dijudicantes
489 2496 592 2522 omnia.
619 2495 675 2523 Hoc
703 2495 776 2525 enim
800 2496 891 2524 dicere
906 2504 1003 2524 conse-

217 2546 302 2573 quens
309 2543 404 2567 esteos
410 2539 454 2573 qui
464 2544 638 2568 naturasesse
646 2541 815 2575 existimant,
823 2541 1004 2577 intelligentes

269 2630 294 2646 "
308 2630 387 2658 Joan.
399 2638 438 2665 ιι,
452 2629 497 2658 ει.

254 2677 310 2712 (ιε)
324 2677 412 2716 [ionio
424 2676 513 2716 liuetii
529 2685 672 2716 perperam
683 2681 711 2716 in
725 2685 799 2709 textu
809 2681 899 2716 habet,
913 2680 1004 2716 ἔλεγον

217 2712 248 2753 το
260 2711 427 2748 χρηματίζοι
441 2711 639 2746 ἔθνος,ὀοίιῑι·ιι
654 2715 734 2743 fidem
751 2716 853 2744 codicis
880 2711 1005 2743 Bodleia-

219 2755 312 2817 ηιξᾴξι)
323 2781 412 2817 Codex
429 2781 540 2817 Regius,
554 2783 644 2815 τοῦτο,
658 2784 737 2812 male.

253 2815 309 2851 (Η)
323 2816 370 2843 Sic
382 2815 562 2854 liabet‘eodex
575 2819 749 2852 Bodleianus;
766 2820 792 2846 in
815 2820 898 2854 Regio
912 2825 1002 2848 autem

220 2852 406 2880 tantummodo
420 2852 527 2888 legitur,
544 2853 582 2886 ὡς
595 2855 762 2889 προφητείαν
775 2852 932 2889 λεγομένου.

546 2633 589 2660 "l
604 2633 674 2661 'l‘im.
691 2642 711 2667 ι,
729 2635 754 2662 7.
791 2635 814 2650 ’θ
825 2633 905 2661 Prov.
922 2642 976 2668 xvt,
987 2635 1033 2664 ‘25.

1058 2233 1134 2252 σχειν
1152 2224 1202 2259 οὐχ
1221 2223 1289 2259 ὑπὲρ
1309 2223 1357 2249 τοῦ
1380 2222 1473 2254 ἔθνους
1488 2222 1578 2257 μόνον,
1603 2221 1660 2247 ἀλλ’
1679 2221 1724 2246 ἶνα
1745 2219 1785 2245 καὶ
1805 2216 1826 2241 τὲτ

1057 2270 1140 2297 τέκνα
1152 2269 1199 2296 τοῦ
1212 2269 1280 2295 Θεοῦ
1291 2268 1326 2295 τὰ
1337 2267 1566 2302 διεσκορπισμένα
1581 2265 1723 2301 συναγάγῃ
1735 2265 1771 2295 si;
1779 2264 1824 2288 ἐν.)

1057 2314 1124 2340 Τίνα
1152 2314 1180 2340 δὲ
1205 2313 1241 2340 τὰ
1271 2313 1346 2349 παρὰ
1367 2312 1399 2339 τὸ
1425 2313 1500 2344 ἔθνος
1519 2310 1750 2346 διεσκορπισμένα
1763 2308 1825 2334 τέκ’-1

1056 2359 1135 2392 Θεοῦ,
1147 2360 1195 2386 νῦν
1210 2359 1304 2395 καιρὸς
1316 2359 1367 2395 ήδη
1383 2359 1485 2394 ζητεῖν.
1498 2358 1567 2393 Περὶ
1585 2357 1689 2384 τούτων
1708 2356 1740 2391 δὴ
1753 2356 1774 2381 οἱ
1791 2354 1826 2388 μὲν

1059 2405 1109 2438 τὰς
1121 2405 1218 2440 φύσεις
1228 2404 1383 2439 εἰσάγοντες
1397 2404 1464 2439 (46),
1485 2405 1548 2436 τοὺς
1568 2403 1629 2430 κατ’
1650 2402 1751 2433 αὐτοὺς
1770 2407 1826 2426 rw:-

1059 2452 1190 2487 ματικοὺς
1210 2451 1342 2486 φήσουσιν
1360 2448 1478 2477 εἶναιτὰ
1490 2449 1574 2476 τέκνα
1593 2448 1640 2475 τοῦ
1661 2447 1740 2480 Θεοῦ,
1762 2454 1823 2472 πνεν-

1059 2497 1180 2532 ματικῶς
1205 2498 1255 2524 οὐκ
1277 2496 1471 2532 ἀνακρίναντες
1492 2495 1611 2526 πάντας·
1627 2494 1706 2521 τοῦτο
1720 2493 1769 2528 γὰρ
1780 2492 1824 2517 iw

1057 2543 1146 2570 λουθεῖ
1177 2543 1266 2578 λέγειν
1294 2544 1349 2575 τοῖς
1388 2542 1483 2577 φύσεις
1513 2539 1582 2568 εἶναι
1611 2540 1758 2576 οἰομένας,
1790 2536 1823 2562 1-1"-

1083 2634 1105 2650 ⁷⁷
1117 2633 1198 2661 Num.
1213 2641 1291 2666 χχιιι,
1307 2633 1334 2659 7.
1385 2632 1408 2648 ⁷⁸
1417 2631 1495 2659 Joan.
1510 2639 1546 2663 ιι,
1560 2631 1607 2664 5|,
1618 2631 1663 2658 52.

1094 2680 1152 2716 (ιδ)
1168 2678 1418 2716 Hapaﬁolﬁr._8ic
1434 2679 1604 2716 reciet-pitu
1619 2676 1820 2716 Hegioni-32m:

1061 2711 1118 2743 rius
1134 2711 1198 2742 vero
1211 2711 1310 2749 legisse
1320 2711 1432 2749 videtur
1446 2711 1591 2746 ἀναϐολήν,
1606 2711 1686 2740 vertit
1697 2712 1777 2749 enim,
1790 2711 1819 2734 mi

1059 2751 1208 2785 recepisset
1220 2747 1388 2781 dilationem,
1402 2748 1527 2780 dixisset,
1546 2757 1555 2774 ›
1571 2753 1638 2781 etc.,
1657 2754 1685 2774 ut
1697 2747 1723 2774 in
1746 2750 1819 2773 nostro

1059 2790 1149 2855 ωἲῖἒί)
1160 2820 1192 2846 οἱ
1201 2819 1260 2854 μὲν
1275 2820 1329 2853 τὰς
1342 2819 1449 2855 φύσεις
1460 2817 1641 2852 εἶσιὶγωτες.
1651 2813 1815 2845 Valentiniani.

1058 2855 1092 2883 de
1105 2856 1204 2889 quibus
1216 2862 1309 2889 supra.
