1835 3047
6 122 50 150 7‘15

496 119 676 148 COMMENT.
698 118 732 146 ΙΝ
752 116 847 146 JOAN.
867 115 985 144 τοιιυε.
1003 113 1122 142 XXVI“.

1581 107 1637 134 726

6 182 66 218 ταρά
83 183 114 210 τὸ
131 183 181 210 τοῦ
196 183 251 218 (47)
275 182 436 209 Ἀποστόλου
463 181 586 218 βούλημα
603 183 703 208 ἐννοεῖν
726 181 786 212 τοὺς

875 187 893 206 ηε
909 176 1071 205 vocabulum
1092 172 1250 208 spirituales
1266 174 1364 205 praeter
1380 167 1546 196 voluntatem
1561 168 1634 202 Apo-

6 231 210 266 τνευματικοὺς,
237 229 425 261 διδάσκοντος,
453 229 494 256 ὅτι
514 239 523 254 t
548 229 577 255 '0
604 227 789 262 πνευματικὸς

6 276 133 312 ινακρίνει
159 276 258 308 πάντα,
282 276 329 302 καὶ
355 275 401 302 ὑπ’
428 274 535 306 οὐδενὸς
556 274 748 309 ἀνακρίνεται·
778 283 786 299 ι

6 324 81 357 ιούτῳ
94 322 123 349 δὲ
137 321 291 353 ἀκολουθεῖ,
315 321 359 348 τὸν
386 321 423 357 μὴ
446 320 627 356 ἀνακρίναντα
647 320 734 346 πάντα
752 319 789 354 μὴ

8 368 61 397 ἴναι
89 369 293 404 πνευματικὸν,
317 368 334 403 ἢ
366 367 478 403 μηδέπω
501 364 571 393 εἶναι
595 365 789 401 πνευματικόν.

6 415 79 442 Ἀλλά
90 416 138 442 καὶ
154 415 183 442 εἴ
197 424 238 447 τις
250 415 302 441 ὑπό
313 423 385 446 τινος
402 413 589 449 ἀνακρίνεται,
603 411 664 439 ἐπεὶ
679 412 693 438 ὁ
710 420 790 438 πνευ-

6 461 108 493 mut;
129 461 177 487 ὑπ’
193 460 299 492 ouem;
317 461 502 495 ἀνακρίνεται,
519 459 569 486 οὐκ
590 458 646 485 ἔστι
666 466 789 493 πνευμαη

6 507 78 538 βικὸς,
90 506 107 541 ἦ
119 507 172 533 οὐκ
187 506 245 533 ἐστι
272 515 315 533 πω
332 505 524 541 πνευματικός.
542 504 650 540 Μήποτ¹
670 501 716 531 οὖν
730 503 790 539 βέλ-

6 561 50 579 ιιον
61 552 161 586 λέγειν,
176 552 218 579 ὃτι
229 551 333 586 γίνεται
343 560 386 583 τις
399 551 594 586 πνευματικὸς,
610 550 641 576 οὺ
658 549 790 585 πρότερον

6 597 43 629 ὢν,
58 598 130 630 ὅστις
146 597 198 634 ήδη
216 598 264 625 καὶ
280 598 383 633 κυρίως
403 598 477 624 ἐστὶν
493 597 550 628 υἱὸς
568 596 647 623 Θεοῦ.
666 595 733 622 Τίνα
744 593 791 622 οὖν

6 645 52 669 ἐστι
68 643 103 670 τὰ
117 643 255 679 λεγόμενα
273 643 322 670 νῦν
345 642 427 670 τέκνα
449 642 529 676 Θεοῦ,
554 643 578 669 εἰ
597 643 632 678 μή
650 642 704 668 είσι
720 640 791 668 κατὰ

6 690 58 721 τοὺς
73 690 235 723 εἰσάγοντας
255 689 306 721 τὰς
328 689 423 724 φύσεις
447 689 635 724 πνευματικοὶ,
653 687 712 724 ὥρα
732 696 791 714 σκο-

6 737 71 761 πεῖν·
92 736 138 762 καὶ
156 736 208 771 ὅρα
222 736 246 762 εἰ
262 736 347 762 τέκνα
369 735 436 761 Θεοῦ
458 735 691 771 διεσκορπισμένα
709 734 791 770 ἔτερα

6 781 71 817 παρὰ
90 781 120 808 τδ
140 781 218 813 ἔθνος
237 781 349 808 δύνασαι
368 783 437 808 νοεῖν
462 782 525 813 τοὺς
548 781 609 817 ήδη,
634 781 678 807 ὅτε
703 780 790 807 ταῦτα

6 828 111 861 ἐλέγετο,
142 828 267 860 δικαίους
288 829 317 854 ἐν
341 827 412 863 Θεῷ,
436 828 491 855 εἴτε
518 827 789 864 προκεκοιμημένους

6 874 176 910 πατριάρχας,
208 873 226 909 ἢ
257 875 415 910 προφήτας,
445 875 462 910 ἦ
486 882 561 905 τινας
591 873 687 905 ἀλλους
712 873 788 900 ἐκλε-

6 920 76 951 κτοὺς
93 920 139 946 τοῦ
162 919 243 952 Θεοῦ,
271 920 326 946 εἴτε
355 920 403 947 καὶ
434 920 496 952 τοὺς
521 919 572 955 ήδη
600 919 659 946 τότε
682 918 788 955 ἰσχύον-

6 974 60 997 τας·
84 966 121 998 ὡς
147 965 204 1001 γὰρ
233 966 411 1002 ὑπαρχόντων
448 965 503 992 τῶν
532 966 697 1001 ἰσχυόντων,
741 965 789 991 καὶ

7 1013 65 1047 μηδὲ
89 1012 251 1045 νοσούντων,
277 1012 376 1048 φησὶν·
406 1022 416 1038 t
450 1013 488 1039 Οὐ
511 1013 607 1048 χρείαν
634 1012 741 1047 ἔχουσιν
764 1012 788 1038 οἱ

8 1059 131 1093 ἰσχύοντες
154 1058 262 1094 ἰατροῦ,
282 1058 339 1085 ἀλλ’
358 1059 383 1085 οί
405 1058 498 1090 κακῶς
515 1058 638 1093 ἔχοντες·
658 1067 667 1084 ι
685 1058 732 1084 καὶ
748 1057 786 1089 ὡς

7 1105 79 1131 ὅντων
104 1104 218 1132 δικαίων
242 1105 331 1139 λέγει’
360 1113 368 1130 t
394 1105 451 1131 Οὐκ
475 1104 593 1140 ἐλήλυθα
617 1104 731 1130 καλέσαι
752 1104 790 1130 δι-

8 1150 97 1182 καίους,
109 1150 177 1178 ἀλλὰ
193 1150 376 1186 ἁμαρτωλοὺς
393 1151 433 1182 εἰς
453 1150 606 1186 μετάνοιαν.
627 1160 636 1176 ι
656 1150 788 1186 Ἐμελλεν

8 1194 46 1222 οὖν
66 1197 164 1232 Ἰησοῦς
184 1196 370 1232 ἀποθνήσκειν
391 1196 462 1232 ὑπὲρ
483 1196 532 1231 μὲν
554 1195 602 1223 τοῦ
616 1196 720 1228 ἔθνους,
744 1197 788 1222 ἵνα

10 1241 40 1276 μὴ
55 1242 199 1278 ἀπόληται·
216 1243 287 1279 ὑπὲρ
306 1243 334 1270 δὲ
350 1243 404 1270 τῶν
417 1243 520 1270 τέκνων
537 1243 584 1270 τοῦ
612 1242 679 1269 Θεοῦ
703 1243 787 1269 ὄντων

9 1287 33 1312 ὲν
46 1287 258 1324 διασκορπισμῷ,
275 1289 319 1316 ἵνα
335 1289 503 1324 συναχθῶσιν
520 1291 559 1321 εἰς
578 1289 626 1316 ἕνα
640 1289 728 1324 λόγον,
741 1290 788 1316 κα).

9 1334 161 1369 γενήσωνται
179 1334 236 1370 (48)
253 1335 303 1370 μία
318 1335 432 1371 ποίμνη,
446 1333 487 1366 εἷς
503 1336 604 1371 ποιμήν
616 1344 622 1350 ·
645 1336 690 1362 ὅτε
711 1333 787 1371 οἶμαι

12 1379 167 1414 πληροῦσθαι
178 1380 229 1416 τὴν
240 1380 287 1408 τοῦ
300 1381 428 1417 Σωτῆρος
441 1381 534 1417 εὐχὴν,
548 1381 682 1416 λέγοντος
701 1391 710 1407 ι
729 1382 786 1408 Ἵνα

11 1424 57 1457 ἐγὼ
69 1426 112 1452 καὶ
123 1427 154 1452 σὺ
168 1426 226 1461 (49)
243 1425 272 1452 ἓν
290 1426 384 1461 ἐσμεν,
403 1426 446 1452 ἴνα
462 1426 509 1453 καὶ
529 1427 607 1453 αὐτοὶ
621 1428 650 1454 ὲν
673 1427 738 1462 ἡμῖν
758 1427 787 1453 ἓν

11 1466 75 1497 ὦσιν,
95 1481 103 1496 ι
117 1471 147 1497 Et
158 1471 186 1498 δέ
200 1480 227 1498 τι
246 1472 294 1498 καὶ
311 1471 459 1508 βαθύτερον
474 1473 531 1498 ὲστι
544 1473 608 1507 περὶ
630 1472 736 1509 Ἰσραὴλ
755 1473 786 1499 οὐ

13 1515 113 1549 φύσεως,
136 1517 204 1544 ἀλλὰ
234 1517 328 1551 γένους
351 1519 448 1549 εἰπεῖν,
476 1518 539 1553 περὶ
563 1514 595 1544 οὗ
614 1518 785 1554 γέγραπται,
800 1527 821 1556 α

15 1570 22 1585 t
38 1561 91 1593 Υἱδς
105 1562 276 1598 πρωτότοκός
294 1571 345 1598 μου
364 1563 474 1598 Ἰσραήλ
489 1563 558 1594 ἐστι,
575 1573 584 1589 ι
598 1564 743 1599 γενομένου
757 1566 785 1591 ἐν

12 1605 213 1644 διασκορπισμῷ,
232 1609 278 1635 καὶ
293 1609 373 1640 αὐτὸς
396 1609 563 1644 ἐπιστήσεις,
579 1608 616 1640 ὡς
633 1607 703 1636 εἶναι
727 1611 787 1636 τού-

14 1661 67 1685 τους
82 1654 112 1681 τὰ
130 1655 213 1682 τέκνα
230 1655 276 1682 τοῦ
305 1655 373 1682 Θεοῦ
396 1655 431 1682 τὰ
452 1655 693 1692 διεσκορπισμένα,
717 1656 787 1692 ὑπὲρ

14 1694 44 1723 ὧν
57 1698 159 1734 ἔμελλεν
174 1701 358 1737 ἀποθνήσκειν
376 1701 490 1738 Ἰησοῦς,
504 1702 548 1729 ἵνα
562 1701 631 1729 αὺτά
646 1702 786 1739 συναγάγῃ

15 1745 47 1775 εἰς
60 1746 92 1772 ἓν.

46 1789 80 1819 17.
99 1801 107 1816 t
132 1792 191 1819 Ἀπ’
210 1794 318 1830 ἐκείνης
334 1791 380 1821 οὖν
407 1795 456 1830 τῆς
481 1794 587 1832 ἡμέρας
612 1795 787 1822 συνεὸουλεύ-

16 1843 91 1870 σαντα,
107 1838 148 1865 ἴνα
161 1839 358 1867 ἀποκτείνωσιν
386 1841 477 1867 αὐτόν.
499 1851 508 1866 ι
533 1842 564 1868 υἱ
581 1841 720 1877 ἀρχιερεῖς
740 1842 788 1868 καὶ

15 1882 34 1906 οἱ
48 1883 187 1918 Φαρισαῖοι,
215 1886 414 1920 συναγαγόντες
439 1887 587 1922 συνέδριον,
616 1887 664 1914 καὶ
686 1887 788 1923 σκεψά-

16 1935 78 1961 μενοι
98 1930 159 1966 περ).
180 1931 228 1958 τοῦ
255 1932 379 1968 Σωτῆρος
399 1932 478 1968 ήμῶν
500 1933 527 1959 τί
551 1933 627 1969 αὐτῷ
649 1935 786 1970 ποιητέον,

16 1973 91 2006 αὐτοῖς
112 1976 221 2011 Καῖάφα
249 1976 296 2003 τοῦ
323 1977 474 2012 ἀρχιερέως
496 1976 531 2003 τὰ
557 1978 788 2013 προεκτεθειμένα

16 2018 129 2051 εἰπόντος,
152 2021 198 2047 καὶ
216 2021 272 2056 (50)
298 2021 349 2048 ὑπὸ
371 2021 425 2047 τῶν
446 2020 532 2056 λόγων
551 2021 634 2048 αὐτοῦ
658 2022 788 2058 παροξυν-

17 2061 110 2096 θέντες,
136 2066 379 2093 συνεϐουλεύσαντο
400 2066 445 2093 ἴνα
465 2066 647 2093 ἀποκτείνωσι
669 2067 715 2094 τὸν
735 2067 788 2094 Κύ-

19 2117 72 2142 ριον.
87 2111 179 2148 Διόπερ
194 2112 323 2148 ζητήσεις
340 2112 393 2139 ἀπὸ
407 2113 484 2139 ποίου
502 2112 656 2148 πνεύματος
669 2114 788 2149 προεφή-

17 2160 106 2187 τευσεν,
123 2157 161 2184 ὅτι
177 2157 288 2193 ἔμελλεν
318 2158 423 2194 Ἰησοῦς
452 2158 633 2194 ἀποθνήσκειν
652 2151 722 2195 ὑπὲρ
738 2160 785 2186 τοῦ

841 224 903 253 stoli
924 224 1041 250 dicentis
1051 221 1096 247 ἠς
1117 230 1125 246 t
1145 217 1301 254 Spiritualis
1326 216 1418 243 omnia
1436 214 1584 249 diiudicat,
1604 218 1633 241 et

842 271 899 306 ipse
918 278 932 297 a
951 269 1024 296 nullo
1043 267 1225 302 diiudicatur;
1242 273 1251 289 ι
1269 262 1367 298 quibus
1384 261 1475 288 verbis
1497 260 1634 291 eﬁlcitnr.

842 322 870 343 ut
883 316 930 350 qui
945 315 1035 342 omnia
1058 321 1112 341 non
1132 312 1271 346 dijudicet,
1289 308 1330 336 vel
1347 316 1400 336 non
1412 307 1448 335 sit
1468 307 1632 342 spiritualis,

841 362 884 389 vel
901 362 1018 389 nondum
1035 361 1073 388 sit
1088 357 1252 395 spiritualis.
1268 355 1339 390 Quin
1358 355 1381 382 si
1393 354 1454 390 quis
1467 353 1636 388 diiudicatur

840 409 874 435 ab
885 408 985 441 aliquo,
1004 406 1135 441 quoniam
1150 402 1302 439 spiritualis
1316 408 1331 428 a
1359 400 1432 428 nullo
1453 399 1631 434 diiudicatur,

842 454 885 481 vel
901 461 952 480 non
966 457 1009 479 est
1025 450 1185 486 spiritualis,
1204 448 1246 475 vel
1257 447 1374 476 nondum
1385 446 1545 481 spiritualis.
1565 445 1635 472 Vide

841 507 905 528 vero
931 507 966 526 an
991 505 1044 526 non
1068 497 1166 524 melius
1186 494 1330 522 dicendum
1359 493 1395 520 sit
1421 491 1489 519 eﬁici
1513 491 1630 526 aliquem

840 545 1022 581 spiritualem,
1043 544 1087 579 qui
1108 546 1188 569 antea
1206 549 1258 568 non
1281 543 1364 572 esset,
1382 538 1428 573 qni
1448 537 1556 572 proprie
1574 536 1630 571 jam

842 593 913 620 tilius
937 592 1019 619 etiam
1036 590 1083 617 Dei
1102 593 1153 616 est.
1173 587 1290 621 Quinam
1317 585 1400 620 igitur
1419 584 1473 611 sint
1495 584 1541 618 qui
1559 590 1632 609 nunt:

841 639 968 665 dicuntur
981 637 1029 664 lilii
1046 635 1104 667 Dei,
1122 634 1144 661 si
1158 641 1211 660 non
1225 637 1288 659 sunt
1298 631 1326 657 hi
1339 630 1386 665 qui
1402 628 1559 664 spirituales
1567 632 1632 655 sunt

838 683 940 718 judicio
956 690 1049 710 eorum
1061 681 1107 716 qui
1129 685 1241 707 naturas
1259 678 1449 707 introducunt,
1469 680 1575 709 tempus
1590 677 1632 700 est.

840 730 1019 758 considerare
1033 737 1039 755 :
1058 732 1087 754 et
1103 726 1165 753 vide
1179 733 1212 752 an
1239 723 1311 751 ﬁlios
1339 723 1384 750 Dei
1398 722 1548 756 dispersos,
1564 719 1632 747 alios

841 784 855 802 a
870 775 1005 811 gentibus,
1019 772 1172 807 intelligere
1187 769 1277 804 possis
1296 775 1342 795 eos
1353 775 1414 795 essu
1432 766 1478 801 qui
1493 765 1549 800 jam
1563 764 1630 800 justi

840 826 919 849 erant
939 822 966 848 in
991 820 1058 852 Deo,
1079 826 1141 846 cum
1159 818 1218 845 haec
1239 820 1344 843 tantum
1369 814 1543 844 dicerentur;
1574 811 1633 839 sive

805 857 826 884 Β
842 867 1015 904 patriarchas
1033 866 1078 900 qui
1093 865 1148 899 jam
1164 869 1245 891 antea
1274 870 1289 889 e
1313 861 1366 888 vita
1385 863 1571 890 excesserant,
1589 857 1631 884 vel

840 912 1047 950 prophetas.vel
1062 913 1195 947 quosdam
1208 910 1276 937 alios
1291 909 1336 936 Dei
1351 908 1463 939 electos,
1477 906 1535 933 sive
1548 905 1630 932 etiam

839 969 886 989 eos
909 960 954 995 qni
975 967 1024 995 per
1047 959 1073 986 id
1099 957 1230 993 temporis
1252 955 1311 983 sani
1333 959 1431 986 erant;
1454 952 1533 987 quasi
1558 951 1630 979 enirn

839 1007 920 1041 aliqui
933 1006 991 1034 sani
1008 1009 1109 1037 essent,
1127 1009 1154 1032 et
1171 1011 1223 1031 non
1235 1006 1410 1036 aegrotantes.
1426 999 1533 1034 inquit:
1549 1008 1558 1024 ι
1571 998 1630 1025 Non

839 1061 906 1087 opus
923 1052 1032 1083 habent,
1046 1050 1092 1085 qui
1111 1049 1170 1077 sani
1185 1053 1260 1081 sunt,
1276 1047 1390 1079 medico,
1407 1045 1455 1073 sed
1475 1053 1546 1079 :egre
1561 1043 1630 1071 εσυ-

839 1100 875 1128 cti
889 1099 930 1132 ⁸⁶;
946 1108 955 1125 ι
973 1103 1000 1125 et
1022 1098 1099 1132 quasi
1116 1100 1209 1124 essent
1233 1095 1315 1123 etiam
1339 1093 1421 1128 aliqui
1443 1092 1521 1127 justi,
1537 1091 1603 1118 dicit
1621 1098 1628 1116 :

841 1155 850 1172 t
862 1145 919 1173 Non
935 1145 996 1173 veni
1013 1150 1110 1171 vocare
1121 1142 1221 1176 justos,
1243 1142 1290 1168 sed
1308 1144 1467 1175 peccatores
1485 1137 1518 1165 ad
1538 1136 1628 1172 pteui-

839 1190 992 1219 teutiam".
1014 1199 1023 1215 ι
1038 1189 1185 1216 llloriturus
1199 1188 1292 1222 itaque
1304 1186 1383 1214 Jesus
1397 1188 1457 1213 erat
1472 1192 1520 1219 pro
1535 1187 1629 1218 gente,

839 1243 868 1266 ut
883 1245 936 1264 non
953 1236 1069 1271 periret;
1093 1242 1143 1270 pro
1163 1234 1227 1262 ﬁliis
1250 1240 1318 1260 vero
1334 1231 1392 1265 Dei,
1414 1231 1460 1266 qui
1478 1231 1504 1257 in
1521 1230 1628 1264 disper-

839 1284 916 1311 sione
925 1287 1015 1314 erant,
1027 1286 1057 1308 ut
1073 1284 1309 1316 congregarentur
1321 1279 1347 1305 in
1365 1285 1448 1304 unum
1461 1283 1628 1305 sermonem,

839 1329 987 1363 ﬂoremque
1012 1335 1081 1354 unus
1099 1334 1184 1361 grex,
1208 1332 1278 1353 unus
1298 1328 1411 1359 pastor:
1426 1323 1545 1358 quando,
1568 1328 1629 1348 mea

838 1375 986 1405 sententia,
999 1372 1156 1400 Servatoris
1169 1371 1291 1406 precatio
1305 1369 1463 1404 implebitur
1483 1367 1601 1395 dicentis
1620 1376 1628 1394 τ

841 1431 850 1447 ι
867 1421 901 1449 Ut
910 1428 960 1456 ego
969 1425 996 1448 et
1007 1426 1034 1447 tu
1051 1427 1133 1447 unrnn
1148 1425 1251 1450 sumus,
1265 1422 1294 1444 ut
1311 1421 1338 1443 et
1351 1415 1402 1450 ipsi
1421 1422 1502 1442 unum
1515 1414 1627 1442 sint“.)

839 1466 887 1494 Sin
907 1475 972 1494 vero
987 1467 1020 1494 de
1039 1465 1147 1493 lsraelis
1165 1471 1218 1492 non
1239 1468 1347 1496 natura,
1363 1463 1410 1490 sed
1429 1469 1530 1497 genere
1547 1460 1630 1488 altius

839 1512 939 1548 aliquid
954 1513 1098 1540 dicendum
1120 1511 1172 1543 sit;
1195 1511 1227 1537 de
1242 1517 1297 1544 quo
1320 1515 1381 1535 cum
1405 1508 1432 1535 in
1459 1507 1629 1542 dispersione

839 1564 920 1589 esset,
949 1559 1081 1592 scriptunr
1101 1562 1142 1585 est
1162 1566 1168 1583 :
1191 1566 1200 1582 ι
1223 1555 1425 1590 Primogenitus
1452 1562 1529 1581 meus
1557 1553 1628 1580 ﬁlius

838 1605 921 1633 Israel
934 1609 973 1631 est
982 1604 1029 1635 ³³.»
1040 1604 1089 1630 hoc
1097 1604 1176 1630 etiam
1186 1603 1243 1637 ipse
1251 1602 1368 1634 notabis,
1381 1601 1458 1636 quasi
1472 1601 1498 1627 hi
1514 1600 1568 1627 sint
1581 1600 1627 1627 ﬁlii

840 1651 886 1678 Dei
905 1651 1032 1686 dispersi,
1047 1659 1095 1686 pro
1109 1650 1208 1684 quibus
1224 1649 1374 1677 moriturus
1391 1649 1426 1675 sit
1440 1647 1531 1681 Jesus,
1543 1651 1629 1674 uteos

840 1697 866 1724 in
881 1704 964 1724 unum
983 1699 1171 1731 congregaret.

874 1788 957 1825 396
970 1788 1012 1815 ΓΙ.
1032 1797 1041 1814 ι
1062 1788 1103 1815 Ab
1118 1787 1162 1814 illo
1179 1793 1245 1822 ergo
1263 1785 1306 1813 die
1317 1785 1506 1813 consultarqu
1518 1791 1588 1815 una,
1600 1788 1630 1810 ut

839 1836 1023 1863 interlicercnt
1033 1841 1094 1860 eum
1103 1832 1136 1860 “.
1144 1842 1154 1858 ι
1166 1832 1310 1860 Pontiﬁces
1319 1839 1345 1859 et
1354 1830 1496 1862 Pharisaei,
1506 1829 1550 1864 qui
1560 1836 1627 1856 con-

839 1882 931 1909 cilium
946 1880 1123 1915 collegerant,
1148 1883 1175 1906 et
1201 1879 1442 1906 consideraverant
1458 1876 1522 1910 quid
1538 1875 1629 1902 facere

839 1927 969 1954 deberent
988 1925 1128 1953 Servatori
1150 1929 1244 1952 nostro
1260 1925 1333 1958 (cum
1353 1923 1490 1957 Caiaphas
1507 1921 1627 1956 pontifex

839 1981 900 2009 qua:
917 1973 1041 2008 superius
1054 1972 1230 2007 exposuimus
1246 1971 1370 2002 dixisset,
1386 1975 1414 1997 et
1428 1969 1507 2004 hujus
1523 1975 1628 1995 sermo-

840 2021 920 2048 nibus
934 2021 1047 2047 fuissent
1059 2018 1185 2051 incitati),
1202 2018 1394 2045 consultarunt
1410 2023 1464 2042 una
1478 2019 1507 2041 ut
1521 2014 1627 2040 interli-

839 2072 933 2094 cercnt
947 2066 1101 2101 Dominum.
1114 2065 1249 2098 Quocirca
1268 2070 1374 2099 quaares
1390 2069 1444 2096 quo
1457 2061 1628 2096 spiritrrpro:

838 2112 960 2148 phetarit
981 2111 1075 2140 Jesum
1104 2111 1263 2138 moriturum
1287 2117 1336 2144 pro
1358 2113 1458 2143 gente;
1485 2112 1513 2134 et
1535 2110 1626 2133 utrum

841 2160 949 2185 sanctus
957 2156 1072 2192 Spiritus
1082 2156 1151 2183 hanc
1161 2156 1242 2182 etiam
1250 2155 1276 2181 in
1289 2161 1317 2181 re
1328 2156 1454 2188 operatus
1465 2152 1510 2182 sit,
1518 2154 1623 2178 auctor-

18 2197 108 2232 ἐθνους·
125 2203 171 2230 καὶ
182 2204 295 2240 πότερον
308 2204 339 2231 τὸ
354 2204 432 2238 ἆγιον
446 2204 558 2240 Πνεῦμα
573 2204 618 2230 καὶ
630 2205 660 2230 ὲν
671 2204 784 2241 τοιούτῳ

878 2211 894 2231 e
903 2202 985 2230 fuerit
992 2201 1096 2230 consilii
1103 2201 1233 2229 adversus
1242 2200 1346 2231 Jesum;
1357 2206 1391 2225 an
1400 2197 1443 2224 illc
1453 2196 1561 2232 quidem
1574 2203 1628 2222 non

17 2244 143 2283 ἒνὴργησε,
159 2251 205 2276 καὶ
217 2250 302 2276 αἴτιον
318 2250 463 2285 γεγένηται
479 2251 528 2285 τῆς
541 2251 611 2278 κατά
626 2251 673 2277 τοῦ
699 2252 785 2286 Ἰησοῦ

19 2292 162 2329 συμβουλῆς,
173 2295 189 2330 ἢ
201 2295 251 2321 οὐκ
260 2296 348 2322 έκεῖνο
360 2296 408 2330 μὲν
418 2293 475 2326 οὖν,
484 2295 547 2322 ἄλλο
557 2296 595 2328 δὲ,
605 2295 635 2322 τὸ
647 2296 787 2331 (51)δυνά-

19 2343 85 2369 μενον
99 2339 142 2365 καὶ
157 2341 184 2367 ἐν
201 2341 239 2376 τῷ
255 2341 348 2367 ἀσεϐεῖ
371 2340 495 2376 λαλῆσαι,
519 2342 566 2368 καὶ
591 2343 654 2374 τοὺς
675 2343 785 2378 ὁμοίους

20 2380 99 2419 ἐκείνῳ
114 2387 180 2413 κατὰ
205 2387 251 2414 τοῦ
278 2387 366 2422 Ἰησοῦ
388 2387 515 2423 κινῆσαι,
540 2388 615 2414 οὐδὲν
636 2386 716 2424 ἦττον
739 2390 785 2416 καὶ

19 2426 79 2462 ἐώρα
98 2430 149 2467 (52)
173 2441 199 2458 τι
219 2434 259 2464 εἰς
281 2433 327 2460 τὸν
356 2433 475 2468 Ἰησοῦν,
502 2433 539 2464 ὡς
567 2433 639 2461 κατά
671 2434 785 2470 δύναμιν

19 2472 65 2520 ..⁷³
80 2473 86 2499 Ι
100 2474 157 2502 Cur.
172 2485 198 2504 n.
218 2486 261 2505 xv.
299 2479 322 2494 "
336 2478 544 2511 lllaltlr.tx,12.

48 2506 115 2533 Joan.
133 2519 166 2533 II,
181 2513 214 2533 ξιξ

61 2515 115 2537 oan.
132 2519 168 2543 λι,
181 2513 223 2540 55.

49 2554 190 2594 ςΠΗᾷόίιίο
216 2560 304 2588 Huetii
318 2581 326 2592 ,
340 2561 403 2591 τοὺς
427 2560 521 2594 φύσεις
544 2558 614 2589 εἶναι
641 2559 783 2594 οἰομένοις,

22 2589 60 2614 καὶ
68 2591 131 2618 κατὰ
144 2594 172 2620 τὸ
185 2595 242 2627 τοῦ,
258 2589 484 2623 ete.'Setl-c0'tlex
502 2589 665 2623 Bodleiuuus
684 2589 785 2621 lectio;

23 2629 311 2669 liflﬂfllllmsequimur
334 2630 454 2669 exhibet.
472 2638 523 2669 μου
544 2630 623 2669 aliter
637 2630 701 2664 legit
719 2628 785 2668 Fer.

24 2661 106 2699 ξ’ῆτὶυξ.
121 2661 324 2699 Codex-Regius
340 2666 420 2692 aliter
435 2665 526 2696 habet,
538 2665 577 2699 sic
591 2661 697 2699 nernp'e,
710 2663 788 2690 τοῦτο

23 2691 67 2734 γάρ
86 2695 231 2737 ἀκολουθεῖν
248 2691 337 2734 λέγειν
347 2702 403 2732 τοῖς
421 2691 526 2735 otiosis,
539 2691 621 2727 εἶναι
642 2691 785 2735 θ’ίομένοις,

24 2733 61 2752 και
75 2729 100 2755 τὸ
111 2739 153 2755 tau
175 2734 333 2755 Ἀπηρττὴληιι
347 2736 467 2755 (trullam-r5
486 2741 510 2755 or‘
519 2736 617 2755 ἐννηεῗυ
629 2736 692 2755 τηῗλρ
707 2743 785 2755 πνευ-

75 2735 153 2771 το-τοιξ
167 2735 333 2771 Α’ᾼποστὸλου
346 2736 468 2771 βούλημά
486 2741 510 2771 τ’
518 2736 617 2761 ἐννοεῖν
629 2736 692 2766 τοὺς
707 2743 788 2761 πνευ-

27 2767 129 2804 μαῆίζῶς
141 2767 317 2804 διδάσκοντος,
335 2767 393 2804 qua:
412 2767 553 2797 tiranifcste
568 2775 694 2804 corrupta
713 2773 785 2804 sunt.

188 2797 380 2839 γενήσώίτὼ.
399 2806 490 2834 Codex
516 2805 625 2840 liegius,
644 2797 722 2837 male,
748 2803 787 2838 τῷ

600 2478 620 2494 ⁸⁸
635 2479 719 2507 Marc.
733 2489 762 2513 ll,
782 2479 832 2512 l7;

841 2249 933 2282 fuerit,
943 2249 990 2277 sed
1001 2248 1070 2276 alius
1078 2248 1203 2283 spiritus,
1212 2247 1305 2274 valens
1314 2247 1341 2272 in
1353 2245 1435 2279 impio
1446 2244 1530 2271 etiam
1539 2242 1626 2276 loqui,

841 2295 946 2330 sibique
962 2293 1066 2321 similes
1087 2294 1231 2320 adversum
1244 2290 1336 2318 Jesum
1354 2296 1474 2320 movere,
1489 2285 1627 2315 nihilomi-

840 2348 890 2368 nus
899 2340 981 2368 etiam
996 2339 1099 2366 videret
1115 2338 1217 2373 aliquid
1231 2344 1293 2370 erga
1302 2335 1405 2366 Jesmn.
1417 2339 1447 2362 ut
1465 2342 1514 2370 pro
1526 2331 1629 2360 viribus

839 2388 964 2423 superius
988 2386 1196 2420 exquisivimus.
1212 2384 1301 2418 Atque
1325 2383 1437 2409 omnino
1450 2381 1495 2415 qui
1514 2386 1628 2415 respou-

839 2436 904 2462 dcre
927 2433 1044 2461 voluerit
1067 2432 1198 2467 Spiritum
1224 2434 1348 2457 sanctum
1373 2431 1514 2455 auctorem
1542 2426 1628 2453 vidcri

851 2479 946 2507 Matth.
963 2487 1002 2512 rx,
1018 2478 1061 2506 l5.
1099 2478 1121 2493 ⁸²
1133 2477 1212 2504 Joau.
1231 2483 1296 2507 xvn,
1311 2475 1358 2502 2i.
1395 2474 1418 2489 ‘“
1433 2473 1519 2501 Exod.
1532 2480 1569 2506 Iv,
1581 2473 1627 2501 Ξῖ.

875 2557 932 2592 (49)
949 2558 1010 2584 Ἵνα
1024 2556 1081 2592 ἐγὼ
1092 2556 1203 2589 καὶσὺ,
1220 2560 1273 2584 etc.
1290 2555 1377 2592 Lego,
1388 2556 1442 2589 ἵνα,
1457 2554 1547 2587 καθὼς
1573 2555 1629 2590 ἐγὼ

839 2589 885 2619 καὶ
898 2589 931 2619 ei}
949 2593 978 2619 ἓν
991 2589 1083 2628 ἐσμεν,
1098 2592 1174 2619 αὐτοὶ
1190 2592 1219 2628 έν
1235 2592 1301 2626 ἡμῖν
1316 2589 1345 2617 ἓν
1361 2589 1438 2619 ὦσιν.

876 2628 931 2663 (50)
950 2625 1107 2660 Εἰπόντος,
1122 2628 1181 2655 καί.
1193 2625 1310 2663 "arduae
1327 2634 1406 2654 voces
1421 2627 1447 2653 in
1463 2626 1559 2663 codice
1578 2625 1629 2663 Re-

840 2661 885 2698 gio
899 2661 980 2697 atque
994 2665 1063 2690 adeo
1080 2663 1110 2698 in
1126 2663 1245 2690 editione
1256 2662 1344 2689 lluetii
1358 2663 1466 2694 desunt,
1479 2661 1526 2689 sed
1544 2662 1629 2689 resti-

841 2697 954 2725 tuuntur
965 2706 981 2725 e
996 2698 1089 2726 codice
1103 2697 1260 2724 Bodleiano.

876 2733 932 2802 (51)
944 2733 1034 2760 Codex
1051 2732 1163 2766 Regius,
1176 2731 1232 2758 ἀλλ’
1244 2731 1258 2758 ὃ
1273 2732 1301 2758 δὲ
1319 2731 1358 2761 τὸ,
1375 2737 1430 2759 etc.

878 2768 923 2802 (52
945 2768 1088 2795 Ferrarius
1103 2767 1211 2802 legebat
1229 2768 1290 2802 ὅρα.
1304 2767 1383 2793 vertit
1401 2774 1430 2793 eu

878 2767 932 2803 (52)
945 2767 1211 2803 Ferrariusilegehat
1229 2768 1290 2802 ὅρα.
1304 2767 1383 2793 vertit
1401 2767 1484 2799 enim,
1502 2774 1513 2793 t
1531 2767 1629 2803 nihilo-

840 2801 930 2831 minus
946 2804 1016 2830 vide.
1038 2813 1047 2827 ι
1070 2801 1221 2837 (llie’locus
1237 2801 1331 2836 aperte
1352 2806 1499 2835 corruptus
1531 2807 1570 2830 est
1602 2801 1629 2827 in

842 2844 925 2871 textu,
934 2840 984 2868 nisi
994 2838 1153 2874 praeferatur
1167 2837 1282 2864 Ferrarri
1299 2837 1390 2864 lectio.
1412 2837 1504 2871 Eutr.)
