1841 3047
14 118 36 144 ζθ

14 173 55 209 ιτῷ
65 171 195 204 ἐκϐάσεως
210 173 306 210 ἄδηλον
323 176 400 211 ἡμῖν,
423 177 492 203 ἀλλὰ
517 179 564 204 καὶ
585 179 628 206 ἵνα
649 180 686 216 μὴ
702 181 756 217 (60)
774 186 794 213 Α

14 221 57 250 ιεῖς
71 219 198 255 πρόφασις
213 220 358 256 γενώμεθα
370 223 418 249 τοῦ
433 224 671 261 ὰμαρτωλοτέροις
683 228 759 261 γενέ-

14 270 43 292 lat
59 267 101 293 καὶ
119 265 304 302 ἀσεόεστέροις
318 270 375 301 τοῖς
389 270 438 296 οὐκ
452 270 485 296 ἂν
505 272 554 306 μὲν
570 272 610 307 τῷ
627 273 699 309 ἔργῳ
710 274 757 300 τοῦ

14 312 219 348 ιωνὲκκεχῦσθαι
235 314 265 339 τὸ
281 311 351 349 αἷμα
361 316 519 351 γενομένοις
536 318 650 353 ἐνόχοις,
678 321 701 346 ει
722 319 757 346 τὰ

14 358 40 393 ιρ¹
58 358 163 389 ἑαυτοὺς
177 358 318 392 ποιοῦντες
330 361 488 397 ὲκκλίνομεν
503 363 566 395 τοὺς
582 364 663 400 μέχρι
679 364 758 392 θανά-

14 413 23 429 υ
36 404 334 439 ήμίνὲπισουλεύοντας,
350 407 492 442 ἐσομένοις
505 409 534 435 δὲ
548 409 577 435 ὲν
587 409 699 442 πλείονι,
710 412 756 438 καὶ

16 449 106 485 ρυτέρᾳ
128 450 235 478 κολάσει
255 453 322 487 παρ’
345 453 428 488 ἡμᾶς,
454 454 478 480 εἰ
499 455 691 488 φιλαυτοῦντες
708 458 755 484 καὶ

14 493 90 528 γκατὰ
106 495 215 522 ἐκείνων
228 496 392 529 σκοποῦντες
408 498 589 534 ὲπιόιδῴημεν
604 501 705 533 αὐτοὺς
716 502 754 537 τῷ

14 538 146 573 αιρεῖσθαι,
163 539 193 565 οὐ
209 540 259 575 τῆς
287 542 411 578 ἀνάγκης
432 544 474 575 εἰς
493 544 571 571 τοῦτο
586 546 754 573 καταλαϐού-

14 593 32 615 ς.
46 585 124 621 Εἴπερ
138 585 192 620 γὰρ
204 587 250 613 καὶ
261 588 275 613 ὁ
287 588 423 623 πρόφασίς
438 599 490 616 τινι
501 591 647 626 γενόμενος
663 594 754 629 ἀμαρ-

14 639 40 661 ις,
51 630 85 665 τῷ
97 632 174 663 αὐτὸς
184 633 230 659 ἐπὶ
243 634 343 670 ταύτην
358 637 531 671 κεκινηκέναι
544 638 589 664 τὸν
599 639 754 675 ἁμαρτάνο-

14 685 28 708 ι,
39 676 100 703 τίσει
108 677 183 709 δίκας
193 679 240 704 ἐπὶ
246 681 302 711 τοῖς
311 680 344 706 δι’
353 681 434 708 αὑτὸν
444 682 595 718 ἀνθρώπων
603 685 655 711 τινὶ
665 686 753 720 ἡμαρ-

14 723 98 754 ιένοις,
110 723 166 755 πῶς
176 724 237 760 οὐχὶ
251 727 297 752 καὶ
310 726 324 752 ό
336 727 430 764 παρὼν
502 729 600 766 παρὸν]
619 731 751 763 ἐκκλῖναι,

26 768 78 804 μὴὸ
88 769 159 797 δεῖνα
173 771 308 808 προδότης
319 774 483 809 Χριστιανοῦ
496 776 619 812 γένηται,
637 779 683 804 καὶ
693 778 753 804 ἐπί-

14 815 58 847 ιλος
70 816 116 851 τῆς
130 817 200 843 κατὰ
214 819 262 844 τὸν
289 819 391 854 Ἰησοῦν
406 820 561 854 θεοσεϐείας
575 824 611 859 μὴ
627 825 751 857 ἐκκλίνας

14 871 28 892 ι,
45 863 88 888 καὶ
102 864 326 899 προσπαροξὺνας
341 866 380 898 δὲ,
401 868 462 903 οὐχὶ
476 869 521 895 καὶ
534 869 659 905 περὶτῆς
677 871 748 898 ἐκεί·
766 860 787 887 Β

24 909 150 944 ἁμαρτίας
164 910 244 937 δώσει
259 912 348 946 λόγον,
368 913 431 946 κᾶν,
446 915 476 941 τὸ
488 915 550 943 ὅσον
561 917 607 942 ἐπὶ
618 919 650 952 τῇ
664 919 704 949 εἰς
719 919 750 945 τὸ

14 957 107 990 ρτυρεῖν
119 956 258 993 προθυμίᾳ
273 959 320 985 καὶ
332 961 363 994 τῇ
382 961 421 991 si;
437 961 516 987 τοῦτο
531 961 649 998 ἀνδρείᾳ,
666 965 750 999 τιμῆς

30 1002 157 1038 ἀποδοχῆς
171 1004 246 1037 ἄξιος
313 1006 387 1040 παρὰ
405 1006 444 1041 τῷ
468 1007 658 1044 εύσεὸουμένῳ
678 1009 747 1044 Θεῷ,

21 1047 220 1086 ὁμολογουμένῳ
232 1051 276 1076 ὑπ’
293 1051 376 1078 αὑτοῦ
394 1053 519 1088 Σωτῆρι;
538 1054 598 1080 ’Ότι
620 1054 648 1080 δὲ
668 1055 746 1090 ἡμῶν

14 1101 50 1119 κεν
60 1094 91 1121 τὰ
107 1095 220 1122 τοιαῦτα
233 1097 399 1132 γέγραπται,
415 1098 447 1124 ἵν’
467 1099 560 1134 ἡμεῖς,
572 1101 747 1136 παράδειγμα

14 1145 66 1168 ντες
75 1138 118 1165 τὸν
135 1140 250 1175 Ἰησοῦν,
269 1142 318 1167 καὶ
337 1143 366 1168 ὲν
379 1144 435 1174 τοῖς
447 1144 578 1176 τοιούτοις
600 1145 682 1171 αὑτοῦ
701 1155 748 1181 μι-

14 1184 44 1209 ταὶ
66 1184 218 1220 γενώμεθα,
251 1189 422 1224 παραστήσει
447 1191 463 1225 ἠ
490 1189 606 1224 λέγουσα
632 1192 745 1228 Γραφή’

14 1228 114 1264 Ξζήτουν
128 1229 174 1258 οὖν
194 1233 278 1259 αὑτὸν
303 1235 411 1266 πιάσαι,
440 1236 489 1262 καὶ
509 1236 598 1268 οὐδεὶς
615 1237 746 1264 ἐπέϐαλεν

19 1275 91 1302 αὐτὸν
107 1278 155 1313 τὴν
178 1281 271 1320 χεῖρα,
292 1280 334 1307 ὄτι
352 1280 428 1307 οὔπω
455 1281 577 1317 ἐληλύθει
594 1283 609 1318 ὴ
625 1283 684 1320 ὥρα
699 1285 747 1311 αὑ·-

14 1339 17 1345 .
32 1329 40 1346 ›
58 1322 98 1353 Ὡς
108 1323 172 1359 γὰρ,
186 1318 261 1351 κατὰ
269 1326 299 1352 τὸ
308 1326 388 1362 ῥητὸν
400 1326 489 1358 τοῦτο,
502 1327 547 1354 διὰ
555 1328 643 1360 τοῦτο,
651 1318 746 1362 οὐδεὶς

14 1366 84 1393 ϐαλεν
95 1369 137 1395 ἐπ’
150 1371 235 1397 αὐτὸν
249 1371 298 1407 τὴν
317 1373 406 1408 χεῖρα,
423 1373 543 1409 παρόντα
556 1374 603 1400 καὶ
621 1375 659 1410 μὴ
679 1375 745 1409 φεύ-

14 1420 47 1444 ra,
63 1413 121 1441 ἐπεὶ
137 1416 222 1451 μήπω
239 1416 364 1452 ἐληλύθει
381 1419 396 1453 ἡ
411 1417 471 1454 ὥρα
485 1419 579 1451 αὐτοῦ,
601 1419 687 1452 οὕτως
698 1421 744 1447 καὶ

14 1459 39 1490 ri;
53 1459 96 1487 τοῦ
109 1461 264 1498 ἀναχωρεῖν
280 1464 310 1490 ἐν
327 1463 366 1499 τῷ
390 1464 479 1500 καιρῷ
495 1465 542 1492 τοῦ
562 1466 673 1501 μηδέπω
695 1467 744 1494 αύ-

26 1505 195 1542 ὲφεστηκέναι
219 1509 270 1544 τὴν
295 1509 380 1545 ὥραν⁷
398 1511 428 1536 οὑ
450 1511 602 1547 κατέσχητο
627 1513 676 1548 μὲν
698 1513 741 1545 ἂν,
756 1527 778 1556 C

14 1560 27 1582 ις
41 1552 67 1578 δὲ
79 1553 125 1581 οὐκ
141 1555 277 1582 ἐπέϐαλεν
292 1555 366 1591 αὐτῷ
379 1557 466 1589 οὐδεὶς
479 1558 528 1593 τὴν
545 1560 632 1594 χεῖρα.
642 1559 741 1595 Διόπερ

26 1597 166 1626 ἀκουστέον
175 1601 207 1626 οὐ
228 1601 307 1636 μόνον
322 1601 380 1634 τοῦ,
407 1612 416 1628 ι
442 1602 504 1629 Ἐὰν
518 1603 652 1632 διώκωσιν
669 1606 741 1640 ὑμᾶς

14 1643 25 1677 ᾔ
41 1643 111 1671 πόλει
127 1646 228 1682 ταύτῃ,
242 1647 358 1681 φεύγετε
376 1649 416 1680 εἰς
427 1648 477 1684 τὴν
490 1649 598 1686 ἑτέραν,
609 1661 618 1676 ι
628 1651 675 1677 καὶ
686 1651 740 1677 τῶν

14 1697 26 1719 r,
42 1689 105 1718 ἀλλὰ
117 1692 165 1718 καὶ
178 1694 221 1719 ὅτι
237 1693 319 1728 ἡνίκα
337 1694 591 1728 συνεϐουλεύσαντο,
612 1697 656 1724 ἵνα
672 1699 739 1725 ἁπο-

14 1743 72 1761 νωσι
87 1736 133 1763 τὸν
155 1737 265 1773 Ἰησοῦν
286 1740 310 1765 oi
330 1740 469 1775 ἀρχιερεῖς
485 1742 532 1767 καὶ
546 1742 570 1767 οἱ
586 1743 738 1778 Φαρισαῖοι,

14 1781 142 1816 ὗλύγιστον
163 1783 269 1819 τηρῶν,
297 1785 390 1811 οὐκέτι
416 1787 558 1822 παρρησίᾳ
577 1788 738 1822 περιεπάτει

14 1825 53 1856 τοῖς
85 1826 233 1859 Ἰουδαίοις·
268 1828 326 1854 ἀλλ’
345 1829 405 1855 οὐδὲ
426 1831 466 1860 εὶς
481 1830 564 1866 ἄλλην
591 1832 668 1859 πόλιν
690 1834 739 1866 ἀντ

14 1877 83 1904 ῑησεν
96 1872 184 1907 ὄχλων
198 1873 432 1911 πεπληρωμένην,
444 1875 512 1904 ἀλλά
523 1864 584 1904 τινα
597 1864 747 1915 ἁνακεχωρ

14 1916 76 1942 μίαν·
99 1918 259 1954 γέγραπται
280 1920 351 1956 γάρ·
369 1930 379 1947 ι
402 1922 431 1947 '0
452 1920 498 1948 οὖν
520 1923 623 1958 Ἰησοῦς
647 1925 737 1952 οὐκέτι

14 1963 85 1998 India
97 1966 263 2000 περιεπάτει
277 1967 305 1992 ὲν
320 1969 375 1998 τοῖς
399 1967 546 2001 Ἰουδαίοις,
569 1969 637 1996 ἀλλὰ
650 1971 738 2007 ἀπῆλ-

14 2007 108 2036 ἑκεῑθεν
127 2011 168 2043 εἰς
185 2011 238 2047 τὴν
264 2012 355 2048 χώραν
380 2014 464 2048 ἐγγὺς
488 2015 537 2051 τῆς
559 2016 674 2052 ἐρήμου,
697 2019 737 2050 εἰς

14 2055 66 2092 ῖαῖμ
82 2057 236 2095 λεγομένην
258 2060 344 2087 πόλιν.
367 2071 376 2086 ι
400 2062 455 2088 Καὶ
474 2063 505 2089 οὐ
529 2063 608 2099 μόνος
624 2073 654 2098 γε
679 2067 737 2093 ἐκεῖ

16 2101 118 2136 ήλυθεν,
136 2104 207 2131 ἀλλὰ
224 2105 359 2141 μηδεμίαν
371 2107 498 2143 ἀφορμὴν
513 2108 602 2140 διδοὺς
616 2111 674 2142 τοῖς
687 2110 735 2146 ζη-

14 2147 131 2181 ιναύτόν,
149 2150 200 2176 καὶ
223 2151 287 2182 τοὺς
305 2151 429 2187 μαθητὰς
447 2153 506 2187 μεθ’
523 2155 620 2181 ἑαυτοῦ
639 2157 735 2192 παρει-

15 2210 21 2221 ,
40 2201 48 2218 ι
65 2193 109 2220 καὶ
121 2195 182 2221 ἐ.κεί
201 2194 293 2230 ἔμεινε
310 2196 379 2231 μετὰ
393 2196 448 2222 τῶν
460 2197 598 2232 μαθητῶν.
619 2208 628 2224 ι
643 2199 731 2226 Τοιρῦ-

14 2245 58 2263 ιστι
78 2238 123 2265 καὶ
135 2239 167 2265 τὸ
181 2241 213 2267 ἐν
228 2239 267 2274 τῷ
280 2241 351 2267 κατὰ
371 2242 510 2269 Ματθαῖον
525 2244 730 2280 γεγραμμένον·

18 2292 25 2307 ι
40 2284 169 2318 ἀκούσας,
182 2286 227 2313 ὅτι
245 2286 371 2322 Ἰωάννης
391 2287 535 2323 παρεδόθη,
556 2289 730 2326 ἀνεχώρησεν

14 2327 41 2363 ὴν
55 2329 215 2364 Γαλιλαίαν,
231 2333 278 2358 καὶ
294 2332 450 2360 καταλιπὼν
463 2334 514 2370 τὴν
533 2335 671 2371 Ναζαρὲθ,
687 2336 731 2363 ὲλ-

14 2376 167 2412 κατῴκησεν
178 2379 221 2409 εἰς
230 2379 421 2414 Καφαρναοὺμ
433 2380 482 2416 τὴν
495 2381 730 2416 παραθαλασσίαν,

17 2420 62 2452 ira;
73 2422 222 2450 Ζαὸουλὼν
245 2424 293 2450 καὶ
319 2424 497 2461 Νεφθαλείμ·
519 2436 528 2452 ι
554 2428 602 2453 καὶ
621 2428 667 2454 ἐπὶ
684 2428 730 2455 τὸν

14 2475 29 2491 ιν
44 2467 72 2493 δὲ
86 2468 197 2502 φθάσας
212 2469 262 2496 τοῦ
275 2469 470 2506 συλληφθῆναι,
488 2472 633 2508 ἐτήρησεν,
659 2473 729 2509 ὑπὲρ

14 2511 32 2546 νὴ
48 2515 110 2549 παρ’
124 2516 227 2542 ἑαυτὸν
248 2516 327 2543 τοῦτο
343 2516 450 2549 παθεῖν,
473 2518 541 2554 μήτε
565 2520 595 2546 ὲν
617 2520 730 2555 Ἱεροσο-

18 2566 28 2588 ς
53 2560 215 2596 εὑρεθῆναι,
233 2562 302 2597 μήτε
318 2564 347 2589 ὲν
368 2563 407 2598 τῷ
419 2564 494 2599 ἱερῷ,
516 2564 580 2592 ἔνθα
606 2565 729 2593 ἐδίδασκε

14 2603 72 2637 ὶκις,
99 2610 170 2644 μήτε
192 2609 224 2634 ὲν
245 2609 317 2645 ἄλλῳ
334 2610 448 2645 τοιούτῳ
469 2611 564 2646 τόπῳ·
585 2621 594 2636 ι
619 2611 729 2647 Ἐξῆλοε

752 2196 772 2222 D

14 2673 85 2704 Ioan.
105 2685 156 2710 vn,
178 2679 226 2707 50.
264 2680 287 2695 ’θ
304 2680 399 2708 Matth.
419 2689 446 2714 ι,
462 2682 507 2710 25.
546 2683 567 2698 ⁹¹
591 2682 685 2710 Matth.
712 2691 753 2717 iv,

14 2735 96 2774 Μή.
112 2738 195 2765 Deest
226 2738 254 2764 in
276 2739 371 2766 codice
387 2739 480 2775 Regio,
511 2741 557 2768 sed
579 2745 670 2767 exstat
700 2741 726 2768 in

18 2778 89 2845 ima};
102 2808 281 2845 ξιατέοςχητο
294 2809 353 2845 μὲν
372 2810 422 2842 ἂν,
435 2810 513 2845 ὅμως
525 2809 560 2837 δὲ
576 2811 632 2838 οὐκ
655 2810 724 2838 ἐπέ-

14 2848 26 2864 ν
39 2842 118 2875 αὐτῷ
144 2843 253 2876 οὐδεὶς
271 2844 327 2878 τὴν
348 2842 458 2879 χεῖρα(
477 2842 589 2880 διόπερ,
606 2850 659 2873 etc.
684 2847 730 2874 Sic

466 119 644 148 COMMENT.
669 121 701 148 IN
722 121 818 150 JOAN.
840 123 957 153 'I‘OIIUS
977 126 1096 155 XXVIII.

1550 135 1601 164 750

811 184 851 210 sio
866 184 951 212 simus
966 191 993 213 ut
1008 186 1096 222 magis
1109 191 1269 222 peccatoms
1290 190 1431 225 magisque
1445 192 1518 227 impii
1533 201 1599 221 eva-

810 230 874 257 dant
889 230 938 263 illi,
965 232 1010 266 qui
1035 233 1153 260 nondum
1169 235 1328 269 sanguinem
1352 241 1472 265 nostrum
1489 240 1598 274 quidem

809 277 897 311 rcipsa
912 277 1042 306 etIudisse
1064 280 1101 307 rei
1125 287 1189 308 sunt
1202 281 1283 314 facti;
1297 282 1319 309 si
1332 290 1392 317 qua:
1404 284 1429 310 in
1442 284 1519 313 nobis
1535 292 1598 313 sunt

808 321 957 356 facientes,
983 324 1210 354 declinaverimus
1233 335 1281 354 eos
1307 328 1354 362 qui
1381 329 1493 357 insidias
1518 332 1597 359 nobis

807 367 849 396 vel
880 369 914 397 ad
939 376 1054 398 mortem
1081 379 1167 406 usque
1191 373 1360 407 moliuntur;
1393 375 1440 402 sed
1468 377 1596 411 puniendi

807 414 926 448 alioquin
944 415 1040 450 majori
1056 418 1231 452 graviorique
1250 426 1330 453 pceua
1353 422 1437 447 nostri
1458 429 1553 456 causa,
1573 425 1595 451 si

806 463 891 490 nostri
907 469 1040 494 amantes,
1058 465 1139 492 rebus
1150 465 1258 493 illorum
1273 467 1445 502 posthabitis,
1460 476 1594 504 exposue-

807 505 893 533 riutus
909 514 960 533 nos
976 507 1049 541 ipsos
1062 508 1263 541 interficiendo,
1279 510 1351 537 nulla
1367 519 1415 539 nos
1432 515 1595 542 necessitate

806 554 928 584 urgente.
957 550 1022 578 Nam
1040 552 1063 579 si
1081 553 1163 579 etiam
1179 555 1225 587 qui
1248 555 1328 587 alicui
1356 558 1464 585 occasio
1488 561 1593 594 peccati

804 594 893 622 factus
907 596 1000 630 fuerit,
1029 598 1050 624 is
1068 605 1164 631 pronas
1188 599 1264 626 dabit
1282 601 1317 628 ob
1336 609 1366 628 ea
1380 609 1439 636 qua:
1453 605 1494 631 sui
1511 612 1593 632 causa

805 643 978 675 peccaverint
1005 643 1088 678 aliqui
1115 645 1259 678 homines;
1287 649 1423 682 quomodo
1440 658 1492 676 non
1511 652 1592 679 etiam

804 693 900 720 poenas
917 687 1031 715 daturus
1043 693 1096 721 est,
1122 689 1168 723 qui
1186 697 1247 716 cum
1268 691 1419 718 declinandi
1438 693 1592 720 facultatem

805 731 915 764 habeat,
932 740 966 760 ne
979 734 1102 767 proditor
1118 735 1164 762 ille
1179 735 1327 763 Christiani
1351 737 1385 764 sit
1408 738 1542 771 hominis,
1566 744 1594 766 et

804 776 949 804 insidiator
964 779 1055 806 cultus
1070 779 1155 806 divini
1169 787 1232 815 erga
1250 779 1353 814 Iesum,
1371 790 1423 808 non
1440 783 1592 810 declinave-

803 823 856 854 rit;
893 824 946 851 imo
976 825 1065 858 potius
1100 827 1300 859 concitaverit,
1325 828 1431 855 etiamsi
1459 830 1529 862 quod
1559 829 1592 856 ad

802 871 1044 904 promptitudinem
1063 873 1163 899 attinet
1176 873 1432 909 fortitudinemquc,
1452 876 1542 903 hacin
1562 884 1593 903 re

801 916 904 944 honore
918 924 948 944 ac
962 917 1041 944 laude
1054 918 1088 945 sit
1110 919 1208 953 dignus
1230 920 1299 954 apud
1324 920 1420 953 Deum,
1444 929 1523 955 quem
1548 923 1591 956 pic

789 953 874 994 ’colit,
888 965 1013 998 apudque
1027 964 1215 998 Servatorem,
1235 973 1315 1000 quem
1331 967 1474 994 confessus
1490 969 1592 995 fuerit?

800 1006 885 1034 Porro
902 1009 973 1043 quod
989 1010 1075 1036 nostri
1098 1017 1181 1037 causa
1205 1011 1262 1038 haec
1286 1012 1387 1046 scripta
1404 1013 1517 1046 fuerint,
1535 1021 1592 1048 quo

798 1051 891 1078 Jcsum
908 1053 1071 1081 haberemus
1084 1056 1233 1090 exemplar,
1253 1056 1337 1092 398
1360 1058 1437 1092 cujus
1454 1059 1479 1085 in
1497 1059 1590 1094 hujus-

799 1097 904 1124 cemodi
923 1098 1007 1126 rebus
1023 1098 1176 1127 imitatores
1189 1108 1323 1133 essemus,
1345 1103 1422 1128 docet
1447 1102 1589 1138 Scriptura

799 1142 913 1171 dicens:
930 1143 1113 1177 IQuarrebant
1125 1146 1210 1180 igitur
1221 1154 1283 1174 eum
1303 1149 1544 1182 comprehendere,
1561 1155 1589 1177 et

799 1189 890 1216 nullus
914 1190 940 1216 in
970 1197 1031 1217 eum
1060 1191 1176 1225 coujccit
1201 1201 1339 1226 manum,
1367 1195 1440 1228 quod
1468 1196 1587 1222 nonduin

797 1235 917 1262 venisset
931 1237 999 1263 hora
1014 1237 1072 1271 ejus
1085 1237 1135 1263 ⁸⁸.»
1152 1237 1186 1265 Ut
1200 1239 1284 1271 enim,
1297 1240 1375 1273 juxta
1388 1240 1459 1266 hunc
1472 1245 1585 1272 textum,

797 1281 887 1308 nullus
903 1281 929 1308 in
941 1289 1003 1309 eum
1018 1282 1136 1317 coniecit
1148 1291 1268 1315 manum,
1285 1291 1447 1319 praesentem
1462 1305 1469 1318 ,
1485 1291 1512 1313 et
1531 1294 1586 1313 non

796 1325 960 1361 fugientem,
982 1327 1046 1362 quia
1066 1329 1183 1356 nondum
1211 1330 1329 1357 venisset
1350 1331 1415 1357 hora
1444 1332 1516 1365 ejus;
1546 1333 1586 1359 sic

795 1372 878 1400 etiam
905 1373 927 1400 si
952 1381 1006 1401 non
1033 1375 1194 1402 secessisset
1211 1375 1236 1402 in
1252 1383 1285 1403 eo
1302 1382 1433 1411 tempore,
1449 1385 1503 1411 quo
1519 1385 1586 1405 non-

796 1418 858 1444 dum
873 1418 994 1447 instabat
1008 1420 1074 1447 hora
1092 1421 1161 1455 ejus,
1176 1429 1238 1448 eum
1261 1422 1470 1458 haudquaquam
1486 1423 1584 1451 deten-

797 1464 848 1491 turi
875 1464 1002 1499 fuissent,
1026 1471 1054 1493 et
1073 1467 1200 1494 similiter
1224 1469 1314 1496 nullus
1334 1470 1360 1496 in
1383 1478 1445 1497 eum
1470 1470 1585 1505 conjecit

797 1505 919 1539 manuin.
947 1511 1082 1544 Quocirca
1106 1513 1312 1548 intelligendum
1334 1520 1375 1542 est
1398 1524 1452 1542 non
1477 1521 1582 1544 tantum

795 1555 859 1582 illud
876 1556 919 1583 "z
938 1565 949 1582 ι
964 1556 991 1584 Si
1012 1559 1150 1592 persecuti
1166 1566 1213 1585 vos
1233 1559 1332 1586 fuerint
1354 1561 1379 1586 in
1396 1569 1447 1587 una
1462 1561 1582 1595 civitate,

792 1600 876 1636 fugite
894 1603 928 1628 ad
944 1602 1059 1637 aliam.)
1078 1608 1105 1631 et
1119 1611 1150 1631 ea
1167 1612 1227 1638 qua:
1243 1610 1409 1639 sequuntur;
1429 1607 1476 1633 sed
1498 1607 1582 1634 etiam

793 1647 854 1679 hoc,
867 1648 939 1682 quod
955 1650 1064 1682 quando
1088 1657 1139 1676 una
1159 1651 1382 1678 consultaverunt
1396 1653 1539 1686 pontiﬁces
1555 1659 1583 1680 et

792 1692 924 1720 Pharismi
945 1700 974 1720 ut
995 1694 1088 1721 Jesnm
1106 1695 1293 1723 interﬁcerent
1307 1716 1314 1728 ,
1341 1697 1366 1723 id
1389 1698 1461 1731 quod
1484 1698 1580 1726 rationi

791 1743 852 1765 erat
869 1739 987 1766 maxime
1001 1745 1215 1767 consentaneum
1233 1749 1345 1768 servans
1356 1762 1364 1774 ,
1382 1743 1513 1770 Servator
1527 1751 1579 1770 nou

791 1785 910 1819 amplius
924 1785 1250 1820 propalanratnbulabat
1282 1788 1352 1813 inter
1380 1787 1507 1820 Judatos;
1533 1791 1579 1816 sed

791 1838 880 1865 neque
906 1831 932 1858 iu
949 1832 1029 1858 aliam
1048 1831 1143 1858 urbem
1163 1833 1276 1859 secessit
1293 1834 1379 1860 turbis
1398 1834 1513 1868 plenam,
1533 1836 1580 1862 sed

790 1876 816 1902 in
836 1877 979 1910 quamdam
1010 1876 1105 1903 urbem
1132 1885 1255 1904 seorsum
1278 1879 1407 1913 positam.
1434 1880 1576 1914 Scriptum

789 1928 830 1950 est
845 1923 916 1950 cnim
935 1932 942 1950 :
960 1932 969 1949 ι
984 1923 1064 1951 Jesus
1085 1924 1168 1958 igitur
1183 1924 1238 1957 jam
1260 1934 1312 1951 non
1327 1926 1466 1959 propalam
1484 1928 1579 1954 ambu-

789 1967 861 1994 labat
880 1968 951 1995 inter
973 1969 1095 2000 .iudaeos;
1117 1971 1164 1997 sud
1192 1971 1257 1998 abiit
1277 1972 1349 2000 illinc
1368 1974 1394 2000 in
1422 1975 1509 2002 locum
1530 1975 1578 2002 dc-

789 2017 862 2040 serto
885 2013 1055 2048 proximum;
1079 2023 1177 2050 nempe
1199 2016 1226 2043 in
1249 2018 1384 2046 civitatem
1406 2027 1465 2054 quae
1478 2020 1577 2048 dicitur

788 2059 928 2093 Ephraim.
944 2068 953 2085 ι
971 2058 1026 2087 Nec
1040 2067 1106 2087 sane
1121 2060 1197 2088 solus
1215 2068 1248 2088 eo
1261 2063 1408 2096 concessit,
1423 2071 1517 2091 verum
1543 2073 1578 2093 ne

787 2104 867 2131 ullam
887 2105 1059 2132 occasionem
1075 2112 1103 2132 se
1123 2107 1310 2140 quaerentibus
1321 2108 1409 2143 daret,
1428 2109 1576 2144 discipulos

786 2150 866 2176 etiam
886 2158 978 2178 secum
995 2151 1142 2185 assumpsit
1156 2171 1165 2184 ,
1185 2160 1194 2177 ‹
1211 2152 1322 2187 illicque
1337 2154 1497 2181 versabatur
1512 2163 1574 2182 cum

786 2196 938 2232 discipulis.
955 2206 964 2222 ι
981 2195 1046 2223 Tale
1063 2198 1191 2232 quiddam
1205 2203 1246 2225 est
1257 2199 1339 2226 etiam
1354 2199 1426 2234 quod
1441 2200 1466 2226 in
1487 2200 1575 2227 Eran-

787 2243 857 2278 gelio
875 2251 891 2270 a
911 2242 1038 2270 Mattliato
1060 2244 1158 2270 tradito
1186 2245 1318 2279 scriptum
1346 2250 1388 2273 est
1402 2246 1442 2279 ⁹¹;
1465 2247 1574 2281 quando

789 2298 798 2314 ι
811 2289 924 2316 audiens
936 2288 1068 2316 Joannem
1082 2290 1211 2316 traditum
1229 2298 1301 2322 esse,
1320 2292 1433 2318 secessit
1454 2292 1480 2318 iu
1500 2292 1573 2319 Gali-

786 2336 885 2369 laeam,
916 2336 1064 2370 relictaque
1095 2337 1240 2369 Nazareth,
1277 2338 1413 2372 profectus
1442 2339 1573 2367 habitavit

786 2381 976 2417 Capharnaum
989 2383 1128 2410 civitatem
1150 2384 1326 2416 maritimam,
1354 2385 1380 2411 in
1403 2385 1501 2412 tinibns
1518 2385 1572 2413 Za-

785 2427 865 2454 hulon
878 2447 886 2459 ,
902 2432 929 2454 et
945 2427 1151 2462 Nephtlialimp
1170 2435 1196 2456 et
1215 2438 1277 2457 cum
1304 2435 1408 2465 tempus
1433 2435 1572 2466 appeteret

785 2478 815 2499 ut
847 2473 1137 2507 comprehenderetur,
1164 2475 1322 2502 observavit
1349 2485 1383 2503 ne
1408 2477 1479 2504 ultro
1506 2477 1571 2505 illud

784 2524 933 2553 pateretur,
950 2527 1037 2554 neque
1053 2520 1079 2546 in
1096 2519 1478 2556 Hierosolymisinveniretur,
1491 2523 1531 2550 vel
1545 2524 1570 2550 in

785 2566 897 2599 templo,
917 2566 962 2593 tibi
980 2567 1136 2600 frequenter
1156 2567 1264 2598 docuit,
1291 2576 1379 2603 neque
1400 2569 1426 2596 in
1446 2569 1500 2596 ullo
1517 2569 1571 2596 alio

783 2612 865 2638 simili
893 2612 952 2640 loco
970 2622 975 2640 :
993 2623 1002 2639 ι
1018 2613 1109 2640 Exivit
1147 2615 1219 2641 enim
1253 2622 1314 2641 cum
1345 2615 1486 2650 discipulis
1512 2615 1571 2643 suis

781 2684 822 2717 [2,
852 2684 895 2711 15.

781 2743 854 2769 hunc
874 2743 962 2769 locum
979 2744 1081 2778 optime
1095 2745 1215 2771 restituit
1244 2745 1326 2772 codex
1353 2745 1522 2772 Bodleianus.
1539 2746 1570 2772 lu

781 2778 977 2844 godicesli'egio
1007 2779 1103 2808 vitiose
1129 2779 1236 2815 legitur,
1266 2781 1418 2815 κατέσχητο
1445 2781 1494 2816 μὲν
1523 2781 1566 2812 ἂν,

799 2821 861 2844 μεις
896 2821 984 2847 comp.

799 2821 861 2844 μεις
878 2821 984 2844 οιοπερ.
