1841 3047
6 143 28 170 ιδ
473 139 653 168 COMMENT.
676 139 709 166 IN
729 139 825 168 JOAN.
845 139 965 167 TOMUS
981 138 1101 167 XXVIII.
1550 140 1604 169 734

6 200 59 233 ηγὺς
73 199 123 235 τῆς
143 199 249 235 ἐρήμου
274 198 349 231 πόλις
367 198 496 235 Ἐφρατμ.
509 200 548 230 εἰς
567 199 600 234 ἣν
615 197 697 234 ἦλθεν
717 198 733 224 ‘l

877 206 908 230 IS,
940 205 992 224 non
1023 197 1140 231 amplius
1167 195 1306 232 propalam
1336 195 1509 223 obambulans
1533 195 1604 224 inter

8 245 48 277 ῦς,
68 245 162 272 οὐκέτι
178 245 320 281 παρρησίᾳ
329 245 488 281 περιπατῶν
500 246 529 271 ἐν
542 246 598 276 τοῖς
618 244 735 271 Ἰουδαίοι

876 250 934 270 nos.
950 242 1036 269 Sonat
1048 246 1138 268 autem
1153 241 1294 276 Ephraitu,
1309 239 1391 276 400
1406 240 1427 267 si
1443 241 1603 275 interprete-

6 290 180 326 ζρμηνεύεται
198 290 226 317 δὲ
242 291 364 327 Ἐφραῖμ
378 291 433 326 (64)
443 291 639 324 καρποφορία,
653 290 733 324 ἀδελφ

901 289 1168 325 fertilitas:fuilqne
1198 289 1326 324 Epltraiut
1356 290 1441 315 frater
1470 287 1601 321 Hanasse,

6 345 10 361 ι
27 336 163 372 Μανασσῆ
178 336 364 372 πρεσὸυτέρου
385 335 431 363 τοῦ
447 336 501 362 ἀπὸ
515 336 600 372 λήθης
611 336 677 362 λαοῦ
692 336 733 370 (σε

892 341 932 363 cst
948 335 1040 370 populi
1059 340 1123 361 natu
1151 333 1314 368 grandioris,
1341 333 1512 367 maximeque
1535 332 1603 359 obli-

6 381 45 408 ετά
57 381 113 417 γὰρ
123 381 168 408 τὸν
183 381 237 408 ἀπὸ
250 380 334 416 λήθης
341 379 404 408 λαὸν
416 380 640 415 καταλειφθέντα,
652 379 733 414 γεγέν

874 381 891 408 ιί
906 381 1011 408 traditi.
1033 379 1118 407 Simul
1143 385 1225 414 alque
1241 379 1313 406 enim
1331 379 1478 406 derelictus
1493 383 1534 406 est
1553 386 1601 413 po-

9 437 17 453 ι
35 428 52 462 ἡ
73 427 102 460 ἐξ
125 427 209 453 ἐθνῶν
235 427 417 462 καρποφορία,
441 427 486 454 ὅτε
503 436 512 452 ι
529 428 669 462 ποταμοὺς
687 437 695 453 ι
717 435 736 462 μ

875 434 895 454 l5
908 425 1038 453 oblivioai
1062 425 1187 458 traditus,
1203 430 1264 452 orta
1276 429 1318 452 est
1337 432 1369 451 ex
1384 423 1507 459 gentibus
1526 423 1602 450 ferti-

6 474 36 505 ὓς
59 474 90 500 ἐν
106 473 145 508 τῷ
170 473 278 509 Ἰσραὴλ
295 482 304 499 ι
326 473 402 500 ἔθετο
419 483 429 499 ι
443 475 457 500 ὁ
480 473 547 505 Θεὸς
563 483 572 499 ι
592 474 632 505 εἰς
652 473 733 509 ἐρημε

875 481 878 498 ι
897 481 904 500 :
921 479 1017 506 nempe
1029 479 1090 499 cum
1105 479 1114 496 1
1131 470 1240 497 ﬂuutina
1260 479 1270 497 ι
1285 469 1393 504 quidem
1403 489 1410 501 ,
1424 476 1483 504 qua:
1496 473 1559 496 sunt
1576 469 1602 494 itt

6 518 20 544 ,ἱ
43 517 179 549 διεξόδους
209 517 264 544 τῶν
282 527 291 543 ι
309 519 368 545 ἐκεῖ
392 527 402 544 1
425 518 529 545 ὑδάτων
551 519 590 550 είς
603 517 693 553 δίψαν,
719 527 733 545 κ

876 516 924 549 ele,
954 525 964 542 1
985 517 1067 543 vertit
1085 526 1095 542 ι
1123 515 1194 543 Deus
1216 524 1226 541 1
1242 515 1268 542 in
1291 515 1450 547 desertum;
1476 518 1501 541 et
1521 520 1603 540 venas

6 572 25 597 ,ν
47 573 56 588 ι
73 563 164 589 αὐτῶν
181 572 189 589 ι
211 563 384 599 καρποφόρον
409 564 449 595 εἰς
468 563 568 600 ἅλμην,
595 563 649 590 ἀπὸ
667 564 732 590 κακί

874 570 950 590 arum
967 571 977 588 ι
998 562 1054 589 illic
1072 561 1271 595 etsislentinm,
1294 570 1303 586 1
1317 560 1344 587 in
1360 560 1418 587 loca
1445 559 1601 593 siticuloso;

6 617 26 634 ιν
59 608 260 635 κατοικούντων
283 609 312 635 ὲν
336 609 422 645 αὐτῇ·
440 618 449 635 ι
478 609 533 636 ἀπὸ
555 609 584 636 δὲ
604 609 658 636 τῶν
681 609 733 636 ἐθνι

874 615 960 636 erram
974 617 984 634 ι
1013 615 1107 635 eorunt
1127 606 1299 641 «frugiferam
1312 625 1320 638 ,
1337 606 1363 633 in
1387 605 1479 633 sterile
1503 604 1601 637 solum,

6 654 108 690 ἔρημον
126 655 200 681 ἔθετο
214 656 253 686 είς
263 655 362 690 λίμνας
375 655 489 688 ὑδάτων,
505 656 552 682 καὶ
563 655 616 691 γῆν
630 655 733 691 ἄνυδροι

875 658 927 680 ηει-
961 652 1111 680 incolarum
1142 651 1340 683 vitiositatem;
1359 659 1369 675 ι
1387 649 1509 685 gentium
1537 656 1602 677 vero

8 700 63 726 τῶν
77 700 132 734 (66)
150 700 201 736 γῆν
230 709 239 726 ι
271 702 312 732 εἰς
332 700 464 733 διεξόδους
487 701 591 728 ὑδάτων
603 710 609 716 ·
638 701 685 728 καὶ
701 710 735 728 κα

872 703 978 726 :sertnm
993 697 1076 725 vertit
1099 697 1125 724 in
1148 702 1244 732 stagna
1261 703 1402 731 aquarum,
1422 701 1574 729 terramque
1590 703 1599 720 ι

6 754 74 772 ιισεν
85 746 144 772 ἐκεῖ
154 746 312 779 πεινῶντας,
322 747 369 773 καὶ
380 748 576 782 συνεστήσαντο
584 747 660 774 πόλιν
675 756 733 774 κατι

875 753 909 771 nn
939 745 1140 777 «siticulosam,
1164 744 1191 771 in
1208 750 1292 770 venas
1316 749 1448 777 aquarum
1477 750 1485 769 :
1513 741 1602 778 ibique

7 790 82 823 σίας,
101 800 110 816 ι
125 791 174 826 τὴν
192 791 370 826 Ἐκκλησίαν·
386 790 450 818 ἔνθα
470 801 479 817 ι
497 791 622 828 ἔσπειρεν
639 793 734 827 ἀγροὺς

875 790 959 818 )cavit
973 789 1126 822 famelicos,
1151 793 1179 816 et
1204 791 1399 816 exstruxerunt
1418 787 1511 814 urbcnt
1532 786 1602 814 cele-

8 836 42 862 τὰ
59 836 107 863 τὸν
120 836 237 864 πεσόντα
255 837 354 872 σπόρον
371 838 418 864 ἐπὶ
434 837 482 873 τὴν
496 838 581 874 καλὴν
594 840 641 865 καὶ
658 838 735 873 ἀγαθέ

871 843 893 863 m
909 836 928 868 ¹,
947 845 956 862 ι
972 843 1069 871 nempe
1078 835 1240 867 Ecclesiam,
1259 834 1302 862 ubi
1318 843 1327 860 1
1340 833 1598 866 seminavitagros,»

7 891 32 913 ν,
47 882 98 909 καὶ
113 882 242 909 ποιοῦσαν
262 883 543 910 ἑκατονταπλασίονα·
561 885 609 911 καὶ
624 894 633 908 1
648 883 734 920 ἐφύτετ

874 889 888 908 a
907 889 1017 913 semen,
1042 881 1116 915 quod
1143 880 1243 908 cecidit
1260 880 1286 906 in
1306 884 1406 906 terram
1432 878 1601 913 pra-claram,

6 937 15 953 ν
28 927 210 962 ἀμπελῶνας·
228 938 238 954 ι
256 928 381 964 κλήματα
392 929 446 965 γάρ
460 931 529 956 εἰσιν
550 931 574 956 οἱ
589 930 691 966 Κυρίου
712 939 733 966 μ

874 935 951 955 onam
965 948 974 961 ,
991 931 1019 955 et
1033 927 1179 955 facientem
1198 926 1315 954 fructum
1330 925 1510 953 cettlesimnm
1527 924 1555 958 ';
1574 930 1601 951 et

6 974 62 1006 ταὶ,
89 974 187 1006 οἵτινες
212 974 259 1000 καὶ
283 984 292 1000 ι
313 975 446 1010 ἐποίησαν
463 975 566 1010 καρπὸν
585 976 733 1012 γεννήματα

872 974 972 1001 anlavit
987 973 1093 1004 vineas,
1111 982 1120 998 ι
1143 972 1221 1007 cujus
1237 972 1361 1007 palmites
1385 976 1464 999 erant
1479 970 1599 1006 discipuli

6 1017 181 1054 ὶεύλόγησεν
199 1019 308 1052 αὐτοὺς,
327 1020 374 1046 καὶ
388 1020 593 1056 ἐπληθύνθησαν
612 1021 724 1057 σφόδρα.

873 1019 931 1051 tini,
945 1019 990 1053 qui
1008 1019 1089 1045 ctiant
1109 1017 1250 1044 1fecerunt
1268 1018 1385 1044 fructuut
1408 1017 1558 1051 copiosum,
1574 1022 1600 1042 et

6 1063 42 1089 λλ⁸
61 1064 124 1090 οὐδὲ
136 1064 199 1096 τοὺς
209 1065 237 1091 ἐν
251 1064 354 1097 τούτοις
366 1065 544 1101 ἀλογωτέροις
562 1066 676 1102 μικροὺς
692 1063 733 1093 εῖν

872 1063 949 1091 :dixit
967 1063 1006 1091 eis
1019 1085 1027 1097 ,
1044 1068 1071 1091 et
1083 1063 1255 1098 multiplicati
1271 1068 1335 1090 sunt
1356 1063 1434 1090 valde
1450 1062 1471 1088 ³.
1486 1071 1496 1088 ι
1513 1062 1599 1096 Quiu—

6 1110 114 1143 ιγίσατο
127 1110 176 1136 όδὲ
189 1110 255 1146 (66')
265 1110 423 1146 ἀνθρώπους
437 1112 485 1138 καὶ
498 1112 583 1148 κτήνη
595 1111 688 1143 σώζων
704 1113 733 1138 Κι

872 1117 893 1137 m
922 1117 956 1137 ne
983 1110 1032 1137 hos
1059 1109 1180 1145 quidem,
1209 1109 1254 1143 qui
1281 1116 1295 1134 ιι
1325 1109 1429 1135 ratione
1456 1108 1599 1135 alieniores

6 1164 34 1186 ις·
49 1155 208 1191 γέγραπται
225 1157 291 1191 γάρ·
312 1166 321 1182 ι
341 1157 395 1184 Καὶ
407 1157 441 1183 τὰ
455 1157 541 1193 κτήνη
554 1157 643 1184 αὐτῶν
655 1158 705 1184 οὑκ
718 1158 730 1184 ἐ

872 1160 900 1188 tt,
917 1163 1017 1191 parvos
1039 1162 1099 1182 esse
1113 1155 1243 1190 cogitavit
1263 1154 1308 1181 ille
1321 1173 1328 1186 ,
1355 1155 1401 1188 qui
1421 1153 1545 1181 homines
1572 1159 1599 1180 et

6 1209 100 1236 κρυνε.
125 1210 133 1226 ι
151 1201 206 1228 Καὶ
220 1203 244 1228 οἱ
260 1202 310 1236 μὲν
327 1201 448 1229 Ἰουδαῖοι
467 1211 476 1227 ι
503 1201 690 1237 ὠλιγώοησαν,
715 1211 732 1229 κ

872 1205 933 1228 enta
947 1206 1036 1228 servat
1051 1202 1061 1216 ⁵
1072 1209 1080 1234 ;
1090 1201 1220 1235 scriptum
1235 1204 1277 1227 est
1290 1199 1362 1227 enim
1377 1199 1406 1226 ἐ
1420 1199 1599 1234 1Etjumenta

6 1244 152 1280 ικὼθησαν
172 1245 226 1272 ἀπὺ
255 1245 370 1280 θλίψεως
390 1246 493 1278 κακῶν,
521 1246 566 1272 καὶ
583 1246 696 1282 ὀδύνης’
714 1255 731 1273 κ

871 1254 903 1273 uu
919 1254 971 1273 tton
991 1246 1099 1273 tuinuil.
1113 1256 1122 1273 ι
1144 1247 1182 1273 Ac
1196 1244 1281 1272 Judzei
1301 1245 1410 1280 quidem
1437 1253 1446 1269 1
1464 1244 1598 1271 imminuti

6 1289 85 1324 .χὺοη
113 1289 286 1321 ἐξουδένωσις
306 1290 352 1316 ἐπὶ
377 1291 441 1322 τοὺς
466 1300 476 1316 ι
500 1290 546 1317 διὰ
570 1290 616 1317 τὸν
635 1290 733 1326 Ἀϐραὰ

878 1312 885 1325 ,
906 1297 933 1319 et
947 1291 1038 1319 afﬂicti
1064 1292 1139 1319 fuete
1165 1299 1179 1318 ιι
1205 1291 1379 1318 tribulatione
1395 1290 1546 1321 malorum,
1572 1294 1599 1316 et

6 1335 151 1371 ἱρχοντας·
171 1335 218 1363 καὶ
242 1336 393 1372 ἐπλάνησεν
412 1337 510 1369 αὐτοὺς
533 1338 562 1364 ἐν
588 1337 690 1373 ἀϐάτῳ,
713 1346 733 1364 κ

871 1345 922 1370 ure;
944 1338 1093 1373 elfuditque
1109 1337 1215 1372 (Deus)
1234 1341 1418 1371 contentptnm
1446 1336 1471 1362 iu
1494 1335 1598 1370 princi-

6 1380 26 1413 1).
41 1380 71 1405 ἐν
181 1389 190 1405 ›
209 1381 267 1415 μετ’
282 1381 402 1413 ἐκείνους
418 1381 446 1408 δὲ
461 1383 475 1408 ὁ
489 1381 555 1413 Θεὸς
571 1391 580 1407 ι
597 1382 729 1418 ἐϐοήθησε

870 1393 875 1408 υ
891 1389 1003 1418 propter
1015 1383 1163 1414 Abraham;
1182 1386 1223 1409 1et
1236 1389 1330 1409 errare
1342 1381 1406 1408 fecit
1417 1389 1464 1408 eos
1474 1381 1500 1407 iu
1514 1381 1597 1413 invio,

15 1426 71 1452 ἀπὸ
83 1425 141 1452 τῶν
153 1426 237 1453 ἐθνῶν
251 1436 259 1452 ι
280 1426 375 1461 πένητι
400 1436 410 1452 ι
427 1426 484 1462 λαῷ
499 1429 531 1455 ἐκ
546 1429 692 1464 πτωχείας,
713 1438 742 1456 κο

868 1438 908 1456 non
925 1430 951 1456 itt
967 1430 1021 1455 via.
1040 1438 1049 1454 ι
1073 1429 1142 1455 Deus
1157 1428 1240 1462 igitur
1258 1431 1318 1461 post
1333 1426 1452 1458 Jndmos,
1468 1427 1595 1461 populum

6 1480 42 1497 ῑτο
56 1481 65 1496 ι
88 1471 129 1503 ὡς
145 1472 268 1507 πρόϐατα
297 1471 425 1508 πατριὰν,
448 1473 495 1505 οὓς
513 1473 623 1509 ὃψονται
647 1485 657 1500 ι
678 1475 733 1502 eoos

871 1475 940 1503 .ilem
961 1482 1122 1510 1paupereut
1137 1473 1279 1501 exemitcx
1297 1472 1482 1506 mendicitate,
1498 1477 1598 1500 tracta-

6 1516 22 1549 π)
36 1515 164 1551 ἄγγελοι,
182 1526 190 1542 ι
210 1517 256 1543 καὶ
276 1517 516 1552 εὐφρανθήσονται,
531 1511 579 1546 καὶ
602 1521 676 1547 πᾶσα
698 1521 733 1548 ἀν

870 1528 904 1547 ne
928 1520 1044 1547 familias
1065 1519 1137 1547 velut
1164 1526 1238 1551 oves,
1265 1526 1334 1553 quos
1356 1518 1484 1545 videbunt
1499 1527 1509 1545 ι
1535 1526 1597 1546 mox

6 1569 15 1586 ι
31 1561 172 1596 ἐμφράξει
186 1561 215 1587 τὸ
236 1561 323 1596 στόμα
346 1561 444 1597 αὐτῆς.
463 1571 472 1587 t
491 1562 602 1595 Τούτοις
616 1564 644 1590 δὲ
663 1573 732 1599 μυστ

870 1567 909 1599 ali,
924 1576 933 1593 1
944 1571 971 1595 et
985 1566 1159 1596 laatabnutur,
1176 1570 1203 1591 et
1214 1565 1305 1592 omttis
1318 1564 1450 1599 iniquitas
1462 1564 1597 1591 obturabit

6 1615 21 1637 ς
33 1606 288 1641 προφητευομένοις
304 1607 333 1633 ἐν
345 1607 483 1642 ἐκατοστῷ
495 1607 566 1644 ’ἐκτῳ
580 1608 679 1645 ψαλμῷ
699 1611 733 1637 ἐπ

872 1619 946 1639 num.
964 1621 973 1638 ι
1005 1611 1053 1638 His
1071 1611 1097 1638 itt
1110 1610 1214 1645 psalmo
1227 1614 1306 1637 sexto
1317 1617 1399 1644 supra
1418 1609 1595 1637 centesimum

6 1660 98 1678 σεται·
118 1660 128 1677 1
148 1652 195 1684 Τίς
211 1652 301 1687 σοφὸς,
317 1653 364 1680 καὶ
379 1653 491 1688 φυλάξει
513 1654 610 1687 ταῦτα,
632 1656 678 1682 καὶ
699 1665 730 1682 συ

875 1658 927 1685 tice
943 1657 1115 1692 prophetatis
1131 1655 1305 1690 subiungitur
1322 1664 1329 1682 ι
1348 1655 1428 1688 1Quis
1441 1655 1558 1689 sapiens,
1571 1660 1598 1682 ct

6 1706 61 1724 JUO’t
72 1697 110 1724 τὰ
121 1697 184 1732 ἐλέη
199 1698 245 1724 τοῦ
260 1698 378 1734 κυρίους
397 1709 406 1724 ι
421 1699 572 1732 Ἐλεοῦντος
579 1700 632 1736 γὰρ
646 1701 692 1727 τοῦ
705 1703 733 1728 Κ

866 1703 943 1731 Lodiet
962 1703 1029 1735 haec,
1045 1707 1071 1730 et
1087 1701 1221 1737 intelliget
1232 1700 1434 1728 misericordias
1447 1700 1571 1728 Domini!
1584 1710 1593 1726 ι

6 1751 21 1768 υ
35 1743 105 1775 τοὺς
117 1743 173 1770 ἀπὸ
181 1744 235 1770 τῶν
248 1744 341 1776 ἐθνῶν,
350 1745 364 1771 ό
376 1745 457 1779 σοφὸς
469 1745 556 1772 ταῦτα
565 1746 688 1781 φυλάξει,
698 1756 733 1774 συ

871 1749 931 1776 :ﬁco
941 1748 1013 1776 enim
1026 1748 1176 1775 exsistente
1190 1747 1302 1774 Domino
1317 1746 1343 1773 in
1357 1746 1481 1780 gentiles,
1491 1747 1598 1780 sapiens

6 1799 13 1820 .-
33 1790 69 1816 τὰ
85 1789 152 1825 ἐλέη
174 1790 221 1816 τοῦ
240 1791 352 1826 Κυρίου.
376 1791 480 1818 Οὐκοῦν
499 1802 507 1817 ι
530 1792 633 1828 Ἰησοῦς
649 1793 699 1820 οὐκ
721 1794 733 1820 ἔ

881 1793 1025 1825 custodiet,
1043 1792 1197 1827 intelligens
1213 1791 1345 1818 beneficia
1365 1791 1482 1818 Domini.
1500 1789 1594 1817 1Jesus

6 1835 110 1870 ῥρησίᾳ
127 1837 274 1871 περιπατεῖ
283 1837 312 1863 ἐν
323 1839 379 1869 τοῖς
399 1838 545 1870 Ἰουδαίοις,
558 1838 625 1866 ἀλλὰ
638 1839 733 1874 ἀπῆλθε

871 1845 893 1864 ιι·
917 1845 969 1865 non
995 1836 1112 1871 amplius
1131 1837 1157 1863 in
1178 1835 1286 1870 publico
1314 1834 1506 1862 obambulabat
1527 1835 1598 1862 inter

7 1881 67 1908 ἰθεν
86 1882 130 1913 εις
145 1881 193 1916 τὴν
207 1881 298 1918 χώραν
316 1891 325 1907 ι
344 1883 391 1910 τοῦ
414 1876 477 1910 ὅλου.
499 1884 611 1920 κόσμου,
641 1894 650 1910 ι
675 1885 734 1919 ἐγγῐ

870 1891 931 1915 eos,
946 1883 993 1910 sed
1007 1882 1069 1910 inde
1084 1882 1150 1910 abiit
1169 1881 1195 1908 in
1213 1881 1302 1908 locum
1313 1890 1323 1907 ι
1340 1881 1422 1908 totius
1433 1880 1524 1911 orbis,
1547 1880 1597 1907 Ec-

6 1937 8 1941 ν
24 1928 137 1963 ἐρήμου
159 1937 168 1952 ι
188 1928 363 1964 Ἑκκλησίας,
381 1939 390 1955 ι
406 1931 446 1961 είς
467 1929 587 1966 Έφραῒμ
605 1940 613 1956 ι
627 1931 677 1966 τὴν
689 1940 733 1967 καί

868 1929 898 1956 ian
930 1938 939 1954 1
960 1929 1068 1955 deserto
1097 1927 1251 1960 vicinum“
1288 1934 1384 1961 nempe
1414 1927 1466 1954 1in
1503 1927 1595 1954 urbettt

6 1973 142 2008 ροροῦσαν
165 1973 314 2010 λεγομένην
336 1975 423 2007 πόλιν,
447 1985 456 2001 ι
478 1977 560 2002 κάκεῖ
582 1975 671 2011 ἔμεινε
690 1986 733 2012 μεει

870 1975 948 2007 raim,
962 1984 971 2000 ι
989 1982 1048 2009 qua
1063 1974 1162 2001 dicitur
1181 1972 1310 2009 frugifera
1329 1972 1442 2006 civitas;
1464 1982 1473 1998 1
1490 1972 1596 2007 illicque

6 2028 11 2043 ι
25 2019 179 2054 μαθητῶν·
198 2029 207 2045 ι
225 2020 272 2046 καὶ
286 2021 343 2047 ἐστι
359 2021 439 2056 μέχρι
452 2021 499 2048 τοῦ
514 2021 594 2058 δεῦρο
615 2023 683 2058 μετά
704 2023 733 2050 τῦ

872 2021 968 2048 abatur
982 2027 1044 2047 cum
1055 2019 1216 2055 discipulis:
1235 2029 1244 2045 ι
1262 2023 1360 2054 estque
1372 2020 1404 2046 ad
1423 2019 1495 2046 hunc
1512 2026 1597 2053 usque

6 2065 96 2100 ὶητῶν
129 2065 214 2091 αὑτοῦ
241 2065 344 2101 Ἰησοῦς
373 2067 456 2101 ἐγγὺς
489 2068 539 2103 τῆς
571 2069 687 2104 ἐρήμου,
718 2078 730 2096 ε

868 2074 879 2092 ι
902 2065 981 2093 .lcsus
1009 2073 1070 2092 cum
1098 2064 1238 2100 discipulis
1264 2064 1320 2091 suis
1349 2064 1375 2091 in
1405 2064 1490 2096 urbe,
1515 2071 1595 2098 quattt

6 2110 89 2146 ιραῖμ
103 2110 257 2146 λεγομένην
269 2111 359 2137 πόλινσ
375 2111 489 2147 πάρεστι
508 2111 562 2148 γὰρ
575 2114 607 2148 τῇ
619 2121 733 2149 καρποφε

869 2116 905 2137 utt
941 2110 1094 2144 Ephraim,
1129 2110 1237 2137 deserto
1266 2109 1406 2136 vicinam:
1426 2116 1488 2135 nam
1519 2109 1596 2136 adest

6 2177 12 2190 ,
37 2157 90 2183 καὶ
108 2156 159 2183 ἐπὶ
169 2158 202 2191 τῇ
215 2156 321 2191 γενέσει
335 2165 366 2190 γε
380 2157 427 2183 τοῦ
444 2157 563 2193 Ἐφραῖμ
579 2158 673 2186 τούτου
685 2160 733 2186 sit:

869 2156 944 2183 llitali
961 2167 967 2183 :
984 2161 1011 2183 et
1038 2157 1065 2183 in
1089 2160 1151 2184 orlu
1178 2163 1245 2183 sane
1272 2155 1352 2189 hujus
1375 2154 1505 2189 Epltraim
1525 2155 1596 2182 dicet

6 2204 12 2228 5
23 2203 168 2238 γεννήσας
176 2201 255 2228 αὑτὸν
265 2202 426 2238 σιτομέτρης
437 2203 514 2238 ἡμῶν
523 2203 633 2238 Κύριος,
641 2205 654 2230 ὁ
661 2213 730 2231 ταπε

867 2210 889 2229 ts
907 2203 1013 2237 genitor
1036 2202 1164 2230 Dominus
1190 2206 1282 2230 noster
1308 2202 1435 2229 lrumenti
1458 2207 1594 2236 erogator,

6 2256 45 2280 ἀς
59 2247 174 2279 ἐαυτὸν,
190 2247 238 2274 καὶ
251 2248 395 2283 γενόμενος
410 2248 529 2284 ὑπήκοος
540 2249 620 2284 μέχρι
629 2249 733 2276 θανάτοι

870 2248 986 2283 seipsum
1002 2248 1132 2275 humilem
1142 2249 1255 2283 przcbuit
1267 2248 1354 2275 facttts
1366 2247 1497 2274 obeiliens
1511 2255 1596 2282 usque

6 2293 75 2319 ἀτου
93 2292 126 2318 δὲ
157 2292 290 2327 σταυροῦ·
310 2301 319 2318 ι
347 2291 455 2328 Ηὺξησέ
469 2302 502 2329 με
521 2294 534 2319 ό
549 2294 614 2326 Θεὸς
628 2296 656 2320 ἐν
669 2296 703 2330 τῇ
720 2304 733 2330 γ

869 2300 985 2326 nortem,
1015 2299 1130 2321 mortem
1156 2298 1245 2321 autem
1268 2292 1359 2320 crucis
1379 2292 1530 2320 ':1Auxit
1554 2300 1595 2319 me

16 2336 220 2369 ταπεινιῦσεὼς
235 2346 294 2372 μου.
314 2347 323 2364 ι

809 2340 879 2368 Deus
895 2341 921 2366 in
936 2345 1009 2368 terra
1025 2339 1177 2367 alllictionis
1194 2347 1259 2366 mea:
1274 2340 1295 2367 ⁷.
1309 2348 1317 2364 ι

6 2384 33 2410 0.
56 2393 67 2410 1
82 2381 144 2410 Ἦν
162 2383 190 2409 δὲ
204 2384 286 2418 ἐγγὺς
299 2384 330 2410 τὸ
347 2384 441 2419 Πάσχα
468 2384 523 2411 τῶν
552 2385 694 2418 Ἰουδαίων,
708 2395 733 2413 κε

868 2386 922 2420 οι
942 2385 987 2413 20.
1016 2394 1025 2411 1
1046 2385 1167 2412 Instabat
1192 2389 1281 2412 autent
1302 2384 1404 2412 Pascha
1429 2383 1595 2416 Judznorunt,

6 2431 98 2466 δησαν
124 2429 219 2456 πολλοὶ
232 2429 285 2456 τῶν
303 2430 437 2457 Ἰουδαίων
463 2432 503 2462 εις
533 2431 706 2466 Ἱεροσόλυμα
723 2433 733 2458 ἑ

867 2433 1025 2460 scenderuul
1039 2431 1115 2458 multi
1131 2431 1285 2459 Judmornm
1295 2429 1488 2465 Jerosolymam
1502 2437 1535 2457 ex
1552 2438 1594 2457 re-

17 2476 122 2511 χώρας
142 2474 193 2510 πρὸ
212 2474 259 2501 τοῦ
275 2474 381 2510 Πάσχα,
408 2476 452 2502 ἵνα
468 2477 615 2510 ἁγνίσωσιν
630 2477 743 2509 ἑαυτούς

864 2485 887 2505 ιο
901 2483 964 2505 ante
988 2477 1104 2509 Pascha,
1128 2481 1157 2504 ut
1174 2477 1348 2512 pnrilicarent
1363 2483 1402 2503 se.
1428 2474 1591 2508 Qumrebaut

6 2524 94 2555 ήτουν
114 2518 163 2547 οὖν
179 2521 224 2547 τὸν
242 2521 363 2557 Ἰησοῦν,
382 2522 429 2548 καὶ
445 2521 536 2556 ἔλεγον
555 2523 613 2558 μετ’
630 2523 733 2557 ἀλλήλω

865 2522 985 2556 desum,
1008 2527 1035 2551 et
1058 2522 1285 2557 colloqnebantur
1302 2521 1374 2549 inter
1397 2527 1426 2548 se
1448 2521 1475 2547 in
1494 2520 1592 2554 templo

24 2567 102 2595 Psal.
125 2574 181 2602 ενι,
197 2567 232 2593 35
253 2574 311 2601 seq.
358 2568 368 2582 '
396 2567 460 2594 an.
479 2576 536 2598 vnt.
557 2568 582 2595 ὃ.
637 2569 648 2584 ³
670 2569 742 2596 l‘sal.

863 2569 898 2602 Π,
926 2569 971 2596 58.
1024 2568 1120 2597 δΡειιΙ.
1146 2576 1228 2602 xxxv,
1249 2568 1275 2594 7.
1328 2568 1339 2583 '
1354 2566 1590 2599 Psal.cv1,58-45-

9 2603 85 2637 tilip.
101 2610 135 2633 ιι,
154 2601 181 2629 8.
219 2602 229 2618 ⁷
244 2602 312 2629 Gen.
330 2610 385 2635 xu,
403 2603 445 2629 52.

6 2648 44 2683 Η)
81 2648 292 2681 Ἑρμηνεύεται
306 2647 365 2683 ἡδὲ
404 2649 523 2683 Ὲςραῖμ
553 2648 733 2682 Καρποφορίι

634 2648 754 2682 θεωρία.
810 2657 819 2674 ι
838 2647 972 2679 Manasse,
995 2646 1128 2683 troblilns,
1146 2646 1201 2683 sive
1210 2647 1361 2683 necessitas.

6 2681 148 2717 ro'nyntus
162 2683 199 2720 De
214 2682 395 2720 nom._Heln.,
412 2692 421 2708 1
441 2681 580 2720 timui-aint,
601 2693 610 2708 ι
629 2683 753 2720 frugifer,
842 2682 897 2717 (66)
911 2682 1064 2720 secundum
1090 2682 1161 2708 istud
1190 2681 1242 2716 γῆν
1267 2682 1374 2710 videtur
1392 2682 1539 2720 παρέλκειν
1563 2689 1591 2712 et

14 2725 154 2744 crescam.
166 2718 185 2743 Α
195 2721 254 2747 m5
265 2726 274 2742 1
291 2718 407 2744 fructum
417 2719 499 2744 dedit.
512 2728 519 2743 ι
530 2718 628 2745 Cenes.
640 2725 695 2748 χιι,
707 2717 751 2744 52.
807 2719 997 2745 resecaudum.

6 2754 44 2783 i5)
71 2751 134 2778 Τοῦ
144 2752 205 2788 ἀπὸ
215 2751 311 2785 λήθης
320 2752 406 2788 λαοῦτ
421 2753 542 2779 Manassc
566 2754 637 2779 enim
665 2753 733 2788 dictu

860 2752 911 2788 56‘)
936 2752 963 2778 '0
979 2750 1022 2778 δέ.
1043 2750 1105 2788 llaec
1126 2750 1210 2788 verba
1225 2755 1298 2779 stare
1318 2752 1357 2779 sic
1376 2760 1429 2780 non
1451 2759 1562 2788 possunt
1581 2764 1587 2782 :

10 2796 25 2814 α
43 2791 109 2816 rm
134 2795 144 2811 1
164 2787 263 2814 oblitus
279 2788 338 2819 fuit,
358 2796 367 2812 ι
385 2787 483 2814 Gcm-s.
507 2795 562 2821 ut,
579 2788 623 2814 51.
640 2787 676 2814 Ita
692 2787 750 2814 Ma-
804 2786 946 2820 legendum
958 2792 1000 2814 cst
1013 2786 1054 2813 vel
1069 2786 1126 2820 ὅγε,
1141 2787 1212 2821 quod
1229 2791 1257 2813 et
1282 2787 1387 2820 melius,
1413 2786 1457 2815 vel
1481 2788 1525 2815 ὅδε
1543 2795 1591 2816 aut

6 2831 31 2849 te
50 2823 131 2855 rt'gis
144 2821 212 2848 Jmla
230 2829 327 2848 nomen
340 2830 354 2847 ιι
372 2822 417 2848 Dei
433 2823 567 2850 oblivione
578 2823 679 2849 dictum
701 2829 733 2848 vo

248 2829 327 2848 omen
340 2830 354 2847 ιι
372 2822 417 2848 Dei
433 2823 567 2850 oblivione
578 2823 679 2849 dictum
701 2829 748 2848 νο-
801 2823 844 2849 ὅδε
858 2824 882 2849 ὁ.
897 2822 973 2850 Eutr.

6 2879 9 2884 ν
38 2857 235 2885 Thaltuudici.
264 2856 444 2892 Ilicrouyums
476 2858 512 2884 Dc
545 2866 614 2886 nam.
644 2855 747 2884 Helm:
836 2858 992 2893 (67)Codcx
1005 2856 1588 2891 Botllcizttttts,660d¢‘cditiolluctti,ci30:z;.
