1835 3047
36 79 93 107 ηδ

543 75 720 104 COMMENT.
741 74 771 102 IN
792 73 888 102 JOAN.
910 73 1029 102 TOML'S
1049 72 1156 102 XXXII.

1616 75 1668 103 7M

35 136 46 152 ι
68 125 140 153 Ἰδοὺ
155 125 288 161 ὡδίνησεν
302 123 418 156 ἀδικίαν,
431 123 558 150 συνέλαϐε
573 124 663 156 πόνον,
678 123 725 150 καὶ
739 123 815 149 ἔτεκε

924 121 1053 154 iustitiam,
1067 120 1193 156 concepit
1209 120 1342 153 laborem.
1359 125 1387 150 et
1409 119 1515 157 peperit
1537 121 1668 158 iniquita-

32 171 163 206 ἀνομίαν,
191 181 200 197 ι
217 171 347 198 δύνασθαι
369 170 552 206 ἀναφέρεσθαι
569 171 616 198 ἐπὶ
632 170 678 196 τὸν
696 169 829 196 διάϐολον·

32 215 139 242 ἄτοπον
153 215 181 242 δὲ
203 215 240 250 μὴ
255 214 354 250 ὁμοίως
368 214 454 250 τούτῳ
468 214 515 240 καὶ
530 213 600 240 αὐτὰ
617 213 736 248 νομίζειν
753 212 832 247 λέγε-

32 260 110 287 σθαι·
127 270 138 286 ι
166 260 228 287 Ἐὰν
247 260 284 296 μὴ
305 260 500 296 ἐπιπραφῆτε,
522 259 571 295 τὴν
597 260 733 295 ῥομφαίαν
750 259 832 286 αὐτοῦ

32 306 194 339 στιλϐώσει,
223 306 254 333 τὺ
280 306 356 340 τόξον
372 306 456 333 αὑτοῦ
478 306 602 338 ἐνέτεινε,
623 306 669 333 καὶ
686 306 832 341 ἡτοίμασεν

31 353 116 386 αὐτὸ,
138 353 185 380 καὶ
201 352 230 378 ὲν
243 351 318 388 αὐτῷ
329 352 461 387 ἡτοίμασε
481 352 563 387 σκεύη
580 351 703 378 θανάτοιν
722 361 731 377 ι
749 352 832 387 σκεύη

31 398 91 434 γὰρ
108 398 223 425 θανάτου
241 397 328 429 ἄλλως
344 396 432 428 οὐδεὶς
445 397 474 422 ὲν
496 395 535 432 τῷ
554 396 622 431 τόξῳ
639 394 735 422 ἑαυτοῦ
752 392 774 430 ᾧ
789 396 832 422 ὲν-

31 444 141 470 έτεινεν
158 442 313 478 ἡτοίμασεν,
341 441 356 477 ἢ
375 437 405 468 οὗ
421 441 460 477 τῷ
481 441 569 477 φθόνῳ
585 441 698 473 θάνατος
711 441 833 477 εἰσῆλθεν

32 490 77 520 εἰς
91 488 138 515 τὸν
154 488 264 524 κόσμον.
285 487 349 514 Ἀπὸ
368 486 470 514 τούτων
481 487 569 513 τοίνυν
580 487 634 513 τῶν
649 487 733 522 βελῶν
746 486 763 514 ἃ
777 488 833 518 τοῖς

32 534 195 569 καιομένοις
207 532 384 569 ἐξειργάσατο
400 533 415 559 ό
435 532 571 564 διάϐολος,
588 532 712 558 ἐνέϐαλεν
726 532 766 563 εἰς
783 532 832 567 τὴν

32 582 154 616 καρδίαν
171 580 255 607 Ἰούδα
274 580 395 616 Σίμωνος
415 578 597 615 Ἰσκαριώτου,
613 576 644 605 οὗ
659 579 708 614 ἤδη
722 578 776 613 (85)
790 578 833 613 βε-

32 627 174 662 ϐλημένου
189 628 219 653 ὲν
231 625 269 661 τῷ
286 626 385 661 δείπνῳ
410 625 506 657 οὕτως,
528 624 598 652 ὥστε
610 624 638 651 δὲ
655 625 700 651 καὶ
717 624 831 660 ἀρέσκε-

33 673 100 700 σθαι
115 673 198 708 αὐτῷ’
213 672 328 708 ἐπείπερ
342 672 358 707 ἡ
370 671 417 698 τοῦ
435 671 543 697 δείπνου
561 670 656 697 τούτου
673 670 768 705 τροφὴ,
786 669 833 696 καὶ

31 720 46 746 6
66 716 143 750 οἶνος
164 719 177 745 6
200 719 229 744 ὲν
243 717 326 752 αὐτῷ,
352 717 402 744 οὐκ
421 717 532 744 ὲδύνατο
549 716 674 752 γενέσθαι
691 717 719 742 ὲν
736 715 833 751 καρδία

33 764 90 790 ὑπὸ
101 763 149 790 τοῦ
165 763 288 790 διαϐόλου
301 762 454 799 βεϐλημένῃ
468 762 540 797 βέλει
551 762 607 797 (84)
622 761 686 797 περὶ
701 761 748 788 τοῦ
764 769 831 796 προ-

31 809 150 844 δοθῆναι
164 809 208 836 τὸν
222 808 293 844 τάχα
313 808 468 844 ἑστιάτορα·
485 807 546 834 ἐπεὶ
560 807 596 843 μὴ
616 807 710 842 σαφῶς
726 807 754 834 ὲν
768 806 831 833 τού-
847 799 868 826 Β

31 864 94 887 τοις
114 855 239 890 φαίνεται
259 855 301 886 τίς
312 852 355 890 ἦν,
375 854 419 888 ὑφ’
439 850 469 880 οὗ
485 854 516 881 τὸ
538 853 644 880 δεῖπνον
660 853 772 887 ἐγίνετο,
794 852 832 884 ὡς

32 902 138 932 ἐντοῖς
159 900 211 936 πρὸ
233 899 344 931 τούτων,
365 909 373 925 ι
406 899 563 935 Ἐποίησαν,
585 899 676 934 φησὶν,
693 897 767 933 αὐτῷ
779 897 832 924 δετ-

33 956 107 973 πνον
121 945 191 978 ἐκεῖ,
213 946 260 972 καὶ
274 947 291 981 ἡ
305 945 404 980 Μάρθα
428 945 555 981 διηκόνει,
570 945 617 971 καὶ
629 944 642 970 ό
657 943 781 979 Λάζαρος
792 941 832 974 εἷς

32 990 68 1028 ἦν
82 992 119 1019 ὲκ
139 991 194 1018 τῶν
212 991 398 1026 ἀνακειμένων
422 991 469 1018 σὺν
492 990 576 1026 αὐτῷ,
604 1000 613 1017 ι
637 991 698 1017 Ἐπὶ
718 990 766 1025 μὲν
785 987 831 1017 οὖν

32 1037 83 1064 τοῦ
108 1036 194 1064 Ἰούδα
207 1037 360 1073 γέγραπαι
373 1036 414 1063 16'
435 1046 443 1062 ι
462 1036 514 1063 Τοῦ
535 1036 656 1064 διαϐόλου
669 1035 720 1071 ἤδη
736 1035 832 1070 βεϐλη-

34 1084 120 1114 κότος
134 1084 175 1114 είς
189 1083 238 1118 τὴν
255 1083 377 1118 καρδίαν,
393 1083 437 1109 ἵνα
451 1081 562 1118 παραδῷ
573 1082 653 1108 αὑτὸν
676 1081 775 1113 Ἰούδας
787 1080 832 1107 Σί-

36 1137 132 1164 μωνος
148 1128 335 1165 Ἰσκαριώτης·
352 1139 362 1156 ι
380 1129 467 1164 τούτῳ
483 1128 511 1155 δὲ
524 1128 676 1159 ἀκολούθως
689 1127 778 1161 λέγοις
797 1128 831 1155 ἂν

35 1176 105 1211 περὶ
121 1174 237 1201 ἑκάστου
255 1174 308 1200 τῶν
331 1174 384 1200 ὑπὸ
400 1173 445 1200 τοῦ
464 1172 585 1199 διαϐόλου
601 1173 640 1204 είς
656 1172 706 1207 τὴν
718 1171 831 1207 καρδίαν

32 1219 228 1255 τετρωμένων-
252 1218 299 1245 τοῦ
323 1218 443 1245 διαϐόλου
468 1218 518 1254 ήδη
542 1217 703 1252 βεϐληκότος
718 1217 758 1249 είς
780 1217 830 1254 τὴν

33 1265 166 1300 καρδίαν,
181 1264 224 1290 ἵνα
238 1263 374 1300 πορνεύσῃ
389 1263 436 1290 τοῦ
452 1263 534 1294 δεῖνα,
551 1263 597 1290 καὶ
605 1262 648 1289 ἵνα
656 1263 831 1299 ἀποστερήσῃ

33 1310 83 1338 τοῦ
109 1309 195 1342 δεῖνα,
211 1311 257 1336 καὶ
280 1310 325 1336 ἴνα
340 1308 494 1344 δοξομανῶν
508 1307 725 1344 είδωλολατρείαν
737 1307 833 1335 ἀναδέο

35 1357 118 1392 ξηται
140 1355 191 1392 τὴν
215 1355 268 1382 τῶν
281 1355 431 1382 δοκούντων
458 1353 526 1381 εἶναι
550 1347 593 1380 tu;
610 1353 762 1389 ἀξιώματος
784 1352 831 1380 τοῦ

32 1402 122 1429 δεῖναο
135 1402 184 1429 καὶ
193 1401 279 1433 οὕτως
292 1401 337 1427 ἐπὶ
349 1401 403 1426 τῶν
417 1400 516 1427 λοιπῶν
531 1399 747 1435 ἁμαρτημάτων,
759 1399 831 1435 άπερ

32 1449 48 1474 ὀ
64 1447 190 1479 διάϐολος
204 1447 295 1482 βάλλει
306 1447 346 1478 είς
364 1447 412 1482 τὴν
426 1446 531 1482 γυμνὴν
543 1445 590 1472 τοῦ
611 1445 707 1481 θυρεοῦ
721 1446 770 1481 τῆς
784 1445 831 1472 πί-

35 1504 126 1527 στεως
139 1493 262 1530 καρδίαν·
275 1494 303 1520 ὲν
315 1489 336 1527 ᾧ
347 1491 435 1528 θυρεῷ
445 1491 562 1523 πίστεως
572 1491 681 1517 δύναταί
692 1500 732 1522 τις
742 1491 790 1526 οὐχ
800 1490 829 1517 ἓν

33 1542 98 1568 οὐδὲ
118 1541 176 1572 δύο,
193 1540 261 1567 ἀλλὰ
276 1539 363 1566 πάντα
376 1537 411 1564 τὰ
431 1537 493 1572 βέλη
516 1536 634 1573 πονηροῦ
651 1536 685 1562 τὰ
700 1545 829 1572 πεπυρω-

36 1589 112 1623 μένα
129 1587 232 1614 σϐέσαι.

72 1633 102 1660 5.
123 1630 301 1666 Ἐγγιζούσης
315 1630 405 1656 τοίνυν
421 1629 470 1664 τῆς
486 1627 555 1654 κατὰ
576 1627 606 1653 τὸ
621 1626 705 1658 πάθος
729 1627 830 1652 οἰκονο-

36 1678 118 1714 μίας,
133 1676 200 1711 ἐφ’ὃ
215 1675 325 1712 ἔμελλεν
341 1674 421 1702 αὐτὸν
435 1673 610 1709 παραδιδόναι
627 1671 726 1702 Ἰούδας
743 1670 831 1705 Σίμω-

34 1733 82 1756 νος
95 1721 275 1758 Ἰσκαριώτης
286 1721 457 1758 τετρωμένος
473 1720 526 1747 ὑπὸ
537 1719 584 1746 τοῦ
597 1718 731 1750 διαϐόλου,
747 1726 755 1743 ι
774 1716 832 1743 Δεί-

35 1780 108 1798 πνου
121 1770 173 1805 ήδη
188 1768 339 1804 γινομένου,
362 1766 451 1799 εἰδὼς,
470 1777 479 1792 ι
497 1766 589 1802 φησιν,
611 1774 620 1790 ι
635 1766 649 1791 ό
661 1763 774 1798 Ἰησοῦς,
789 1763 831 1790 ὅτι

34 1819 132 1846 πάντα
153 1816 253 1843 ἔδωκεν
275 1814 349 1849 αὐτῷ
361 1815 376 1840 ό
387 1814 482 1849 Πατὴρ
498 1813 537 1844 εἰς
551 1812 600 1843 τὰς
614 1812 717 1847 χεῖρας,
729 1809 776 1836 καὶ
790 1809 831 1836 ὃτι

32 1864 93 1892 ἀπὸ
104 1862 174 1889 Θεοῦ
187 1861 290 1897 ἐξῆλθε,
302 1861 348 1887 καὶ
363 1860 430 1895 πρὸς
443 1859 488 1885 τὸν
498 1858 563 1884 Θεὸν
575 1857 684 1891 ὑπάγει,
698 1856 831 1891 ἐγείρεται

33 1911 69 1937 ἐκ
83 1908 135 1936 τοῦ
149 1908 267 1935 δείπνου.
282 1916 291 1932 ι
308 1905 411 1932 Οὐκοῦν
425 1904 460 1931 τὰ
473 1904 510 1939 μὴ
518 1903 649 1939 πρότερον
663 1901 727 1928 ὄντα
737 1902 765 1927 ὲν
773 1902 832 1932 ταῖς

33 1955 120 1991 χερσὶ
135 1953 183 1980 τοῦ
198 1951 286 1988 Ἰησοῦ
303 1951 401 1978 δίδοται
416 1950 467 1977 ὑπο
485 1949 531 1976 τοῦ
546 1949 651 1984 Πατρδς
665 1949 705 1979 εἰς
716 1947 766 1979 τὰς
777 1950 832 1983 χεῖ-

36 2010 90 2037 ρας
105 1992 202 2032 ait-:03,
224 1998 270 2025 καὶ
282 1996 312 2022 ob
327 1998 386 2025 τινὰ
405 1997 464 2032 μὲν,
479 1995 539 2022 τινὰ
549 1995 571 2021 δ’
589 1994 631 2026 οὖ,
648 1993 714 2020 ἀλλὰ
731 1993 829 2020 πάντα¹

34 2048 111 2082 ὅπερ
143 2042 334 2080 πνευματικῶς
364 2042 418 2077 (85)
446 2043 460 2068 ὁ
482 2040 563 2067 Δαϐὶὸ
585 2039 688 2075 βλέπων
713 2039 779 2074 φησι
791 2039 830 2065 τό·

39 2103 50 2118 ι
70 2090 158 2118 Εἶπεν
180 2091 195 2117 ό
210 2089 310 2125 Κύριος
323 2088 362 2123 τῷ
385 2087 480 2123 Κυρίῳ
502 2094 562 2122 μου·
586 2085 677 2111 Κάθου
696 2085 727 2111 ἐκ
739 2084 832 2116 δεξιῶν

885 173 948 195 tem.
966 176 975 193 ι
1003 168 1091 202 Atque
1103 167 1191 195 onmis
1205 167 1313 202 quidem
1335 166 1465 195 fatebitur
1479 169 1561 195 verba
1586 167 1644 195 lure
1659 177 1667 195 :

886 221 896 238 ι
911 212 980 239 Ecce
998 212 1128 246 parturiit
1144 212 1316 247 injustitiam,
1333 212 1458 247 concepit
1481 212 1613 246 laborem,
1641 219 1669 241 et

883 258 989 292 peperit
1003 257 1184 292 iniquitatem,
1207 267 1217 284 ι
1236 257 1332 286 referri
1350 265 1428 293 passe
1453 259 1486 286 ad
1512 259 1667 290 diabolum;

882 305 915 331 ad
928 313 1042 339 quarunt
1056 307 1137 334 etiam
1152 308 1297 334 verborum
1316 306 1523 334 similitudinem
1548 315 1600 335 non
1622 315 1670 334 cx-

883 350 1005 378 istitnare
1020 351 1120 379 dictum
1137 351 1220 379 fuisse
1244 351 1330 379 illud:
1351 360 1361 377 I
1378 351 1435 379 Nisi
1458 353 1582 380 conversi
1610 353 1669 380 fue-

884 396 952 427 ritis.
968 396 1086 432 gladium
1099 404 1177 424 suum
1195 397 1323 430 vibrabit,
1338 405 1430 425 arcum
1448 406 1526 425 suutn
1543 399 1668 432 tetendit,

883 448 910 471 et
936 444 1042 478 paravit
1062 444 1150 477 illum,
1168 449 1195 472 et
1213 445 1240 472 in
1262 452 1295 472 eo
1320 445 1425 480 paravit
1441 453 1505 473 vasa
1520 445 1627 479 mortis,
1655 455 1666 471 ι

883 490 1029 517 absurdum
1046 495 1098 518 est.
1114 490 1182 517 Nam
1209 498 1274 518 vasa
1293 491 1388 518 mortis
1414 499 1494 518 nemo
1516 491 1587 518 alius
1603 499 1667 519 arcu

883 541 932 561 suo
947 541 1026 568 quem
1046 535 1171 567 tetendit,
1187 536 1302 570 paravit,
1319 536 1371 563 nisi
1395 537 1440 564 ille
1465 536 1543 570 cujus
1567 536 1667 564 invidia

884 587 957 607 mors
975 580 1086 607 intravit
1111 581 1137 607 iu
1167 582 1260 608 orbem
1283 582 1315 609 ³⁹.
1337 582 1374 609 Ex
1400 583 1432 609 iis
1448 582 1530 616 igitur
1550 583 1667 617 sagittis,

882 633 950 660 quas
975 626 1136 654 ardentibus
1154 627 1311 655 confecerat
1335 628 1480 660 diabolus,
1507 628 1618 655 immisit
1642 629 1667 655 in

883 679 932 698 eor
950 670 1026 699 Judze
1038 671 1159 700 Simonis
1182 673 1330 705 lscariotis,
1345 673 1400 707 jam
1418 674 1457 701 sic
1473 673 1499 699 in
1515 680 1592 700 omna
1607 681 1668 700 sau-

883 717 930 749 cii,
954 721 984 744 ut
1006 718 1089 745 ctiant
1107 718 1146 745 illi
1164 718 1286 753 placeret
1313 718 1440 745 celeriter
1465 718 1667 745 conrivatoretn

884 763 998 798 prodere
1014 773 1021 790 :
1036 765 1163 799 quoniam
1191 772 1277 792 amna:
1300 764 1379 799 hujus
1400 764 1477 791 cibus
1490 784 1498 796 ,
1523 765 1668 797 vinumque

883 809 952 844 quod
969 810 994 837 in
1014 811 1070 846 ipsa
1088 815 1157 844 erat,
1181 819 1228 839 cor
1255 819 1309 839 non
1333 815 1441 845 poterat
1464 810 1573 845 (diaboli
1594 810 1667 837 cnim

882 859 942 883 erat
958 855 1058 891 sagitta
1084 856 1216 892 saucium)
1239 861 1394 891 penetrare.
1410 855 1465 883 Nec
1479 861 1571 890 aperte
1586 856 1612 883 iu
1626 856 1669 883 Itis

882 906 998 936 apparet
1020 901 1080 936 quis
1104 906 1179 930 esset
1206 901 1251 930 ille
1276 909 1290 929 a
1305 909 1358 937 quo
1375 908 1454 929 emna
1480 901 1572 934 ﬁebat,
1589 906 1619 929 ut
1641 901 1668 929 i-t

883 946 1069 981 superioribus
1087 955 1094 974 :
1115 957 1124 973 ι
1146 947 1281 975 Fecerunt
1296 947 1361 979 illic,
1378 947 1477 982 inquit,
1489 954 1594 974 comam
1618 946 1667 980 illi,

882 995 909 1019 et
926 991 1033 1020 Martha
1047 994 1233 1027 ministrabat,
1258 998 1372 1029 eratque
1395 994 1516 1022 Lazarus
1542 1001 1612 1021 unus
1635 1002 1667 1020 vx

883 1037 1102 1065 recumbentibus
1117 1046 1177 1066 cum
1191 1040 1248 1074 ipso
1264 1039 1296 1065 ⁸³.
1315 1047 1325 1064 ι
1339 1039 1427 1073 Atque
1436 1040 1468 1067 de
1480 1038 1546 1066 Juda
1558 1039 1667 1074 quidem

882 1083 1013 1116 scriptum
1029 1088 1093 1111 est:
1116 1093 1124 1110 ι
1153 1084 1220 1112 Cum
1244 1085 1301 1120 jam
1326 1085 1452 1114 diabolus
1468 1086 1624 1114 iunuisisscl
1642 1086 1667 1112 iu

882 1137 930 1156 cor
944 1128 1019 1156 ludat
1034 1129 1152 1158 Simonis
1163 1129 1311 1162 lscariotzc,
1333 1135 1362 1158 ut
1383 1131 1508 1166 proderet
1519 1139 1580 1158 cum
1591 1131 1612 1149 “
1627 1141 1635 1165 ;
1654 1142 1664 1158 ι

882 1176 929 1203 sed
945 1175 1010 1203 huic
1025 1181 1225 1210 consequenter
1244 1177 1315 1204 dices
1327 1177 1359 1204 de
1375 1177 1488 1212 singulis
1511 1185 1558 1204 cor
1580 1185 1594 1204 a
1610 1178 1668 1205 (iia-

883 1221 945 1249 bolo
963 1221 1085 1249 saucium
1111 1222 1272 1250 habentibus
1287 1231 1295 1249 :
1313 1230 1374 1250 cum
1394 1224 1451 1257 jam
1468 1223 1586 1251 misisset
1603 1225 1665 1251 dia--

883 1267 962 1295 bolns
980 1267 1006 1294 in
1024 1275 1072 1295 cor
1095 1267 1166 1295 illius
1179 1272 1209 1294 ιιι
1230 1267 1431 1302 fornicaretur;
1448 1273 1474 1296 et
1487 1268 1514 1296 in
1533 1277 1581 1296 cor
1597 1270 1668 1299 illius

884 1319 912 1341 ut
925 1313 1083 1347 fraudaret;
1102 1318 1130 1342 ct
1145 1318 1174 1341 ut
1185 1314 1298 1348 perdita:
1311 1314 1449 1349 opinionis
1460 1315 1587 1343 admittat
1607 1316 1663 1342 ido-

885 1359 1023 1387 lolatriam
1039 1359 1154 1394 alicujus
1168 1366 1200 1386 ex
1214 1359 1256 1386 Itis
1269 1359 1314 1394 qui
1329 1360 1453 1387 videntur
1464 1367 1524 1388 esse
1538 1361 1564 1388 in
1578 1361 1666 1397 digni.

883 1411 938 1434 tate
953 1415 960 1434 :
975 1411 1002 1434 et
1014 1406 1065 1433 isto
1083 1406 1163 1433 modo
1176 1405 1202 1433 in
1227 1407 1335 1434 caneris
1348 1407 1467 1441 peccatis
1481 1406 1564 1434 etiam
1580 1407 1666 1440 dices,

883 1458 942 1486 qua:
965 1451 1088 1479 diabolus
1105 1451 1188 1478 mittit
1210 1451 1236 1478 in
1253 1457 1301 1478 cor
1318 1451 1389 1486 quod
1416 1458 1469 1478 non
1497 1451 1580 1478 habet
1606 1451 1667 1480 littei

881 1502 1009 1530 scutum;
1032 1504 1086 1532 quo
1102 1496 1162 1524 ﬁdei
1178 1500 1255 1524 scuto
1278 1504 1331 1524 nou
1353 1504 1445 1529 unam,
1460 1501 1507 1524 aut
1527 1497 1607 1530 duas,
1621 1499 1667 1525 sed

881 1551 977 1571 omnes
1003 1543 1065 1569 ntali
1085 1542 1199 1577 sagittas
1220 1542 1322 1578 ignitae
1346 1543 1521 1578 exstinguere
1533 1543 1594 1578 quis
1618 1550 1668 1579 po-

882 1594 936 1618 test
951 1589 984 1616 δ’.

917 1637 944 1663 5.
961 1636 1203 1671 ApprOpinquante
1221 1635 1304 1670 igitur
1317 1633 1467 1662 (econontia
1481 1633 1628 1668 passionis,
1641 1633 1668 1660 in

885 1688 938 1715 qua
952 1681 1110 1715 proditurus
1126 1687 1186 1707 cum
1199 1683 1259 1706 erat
1272 1678 1355 1706 ludas
1381 1678 1500 1706 Simonis
1515 1678 1668 1707 lscariotes,

884 1734 898 1753 a
907 1725 1013 1753 diabolo
1024 1725 1130 1752 saucius
1145 1724 1232 1751 factus
1244 1732 1252 1756 ;
1269 1733 1278 1749 ι
1292 1730 1368 1750 εωιιιι
1379 1723 1434 1758 jam
1451 1722 1532 1755 facta,
1544 1723 1643 1754 sciens,
1655 1732 1666 1748 ι

883 1770 982 1806 inquit,
997 1779 1006 1796 ι
1019 1769 1098 1797 Jesus
1112 1769 1202 1796 omnia
1216 1768 1267 1796 sibi
1284 1768 1389 1795 dedisse
1401 1767 1507 1794 Patrem
1521 1766 1547 1793 in
1561 1773 1668 1796 manus.

883 1823 966 1850 seque
986 1823 1001 1842 a
1026 1815 1081 1842 Deo
1098 1815 1208 1846 exiisse,
1224 1819 1251 1842 et
1268 1813 1301 1841 ad
1325 1813 1410 1839 Deum
1430 1811 1515 1844 abire,
1539 1812 1625 1846 surgit
1653 1819 1669 1838 a

883 1869 962 1889 caena
977 1861 1010 1888 ".
1027 1870 1036 1887 ι
1055 1859 1139 1895 Igitur
1153 1866 1212 1894 quae
1228 1863 1307 1886 antea
1328 1865 1382 1884 non
1398 1861 1480 1885 erant
1504 1857 1530 1884 in
1546 1857 1669 1884 manibus

883 1907 947 1935 Jesu
961 1928 969 1940 ,
986 1907 1086 1934 dantur
1101 1913 1116 1933 a
1130 1905 1212 1933 Patre
1234 1905 1261 1932 in
1290 1912 1371 1932 manu
1398 1903 1479 1934 illius,
1505 1910 1555 1930 nee
1577 1903 1669 1938 aliqum

884 1954 1005 1989 quidem,
1021 1957 1048 1980 et
1058 1953 1148 1987 aliqua
1165 1960 1229 1984 non,
1245 1951 1328 1987 ωε
1351 1950 1397 1978 sed
1416 1950 1507 1976 omnia
1523 1958 1529 1976 :
1545 1956 1605 1983 quae
1615 1949 1669 1983 spi-

885 2001 1020 2029 ritualiter
1031 1999 1115 2028 David
1135 1999 1232 2026 videns
1248 1997 1338 2032 inquit
1354 1996 1377 2012 “
1393 2004 1400 2024 ι
1418 2004 1427 2021 ι
1446 1995 1517 2022 Dixit
1540 1994 1669 2022 Domimts

885 2047 998 2075 Domino
1013 2053 1075 2074 meo
1092 2054 1099 2073 :
1120 2044 1191 2073 Sede
1205 2043 1238 2072 ad
1255 2043 1379 2071 dextram
1404 2048 1502 2073 meam,
1517 2041 1602 2067 donec
1615 2039 1670 2066 ini—

885 2092 970 2119 micos
987 2095 1047 2118 tuos
1058 2090 1172 2118 subdam
1190 2088 1342 2117 scabellum
1360 2087 1472 2122 pedibus
1491 2085 1553 2113 tuis.
1578 2094 1587 2111 ι
1604 2084 1669 2111 Ete-

38 2146 107 2172 μου,
121 2136 174 2167 ἓως
185 2135 217 2162 ἂν
231 2135 269 2161 θῶ
285 2134 349 2165 τοὺς
370 2132 484 2168 ἐχθρούς
500 2140 545 2158 σου
560 2130 702 2157 ὑποπόδιον
715 2129 768 2156 τῶν
785 2138 815 2156 πε

920 2145 940 2164 [ιι
955 2136 1056 2164 inimici
1072 2135 1136 2164 Jesu
1151 2143 1214 2170 pars
1230 2134 1354 2170 quaedam
1369 2133 1488 2159 omnium
1509 2135 1588 2158 erant
1601 2138 1670 2165 quos

35 2182 95 2208 δῶν
113 2189 172 2207 σου·
190 2189 199 2206 ι
217 2179 263 2206 καὶ
276 2178 330 2214 γὰρ
339 2179 362 2205 οἱ
376 2177 467 2213 ἐχθροὶ
481 2177 528 2203 τοῦ
543 2176 632 2211 Ἰησοῦ
649 2176 731 2211 μέρος
742 2184 767 2201 τι
779 2175 832 2202 τῶν

37 2227 154 2253 πάντων
170 2223 249 2262 ἦσαν,
266 2223 311 2256 οὓς
324 2224 391 2259 ᾔδει,
404 2224 464 2249 ὅσον
478 2223 525 2248 ἐπὶ
535 2223 568 2257 τῇ
586 2220 747 2257 προγνώσει,
763 2220 833 2247 δεδό-

38 2272 108 2299 σθαι
122 2270 176 2297 ἀπὺ
191 2269 238 2297 τοῦ
260 2269 365 2305 Πατρὺς
385 2267 459 2303 αὐτῷ
472 2269 486 2294 6
505 2267 618 2302 Ἰησοῦς.
635 2267 694 2293 Ἵνα
708 2265 736 2292 δὲ
751 2266 833 2300 σαφέ-

38 2324 141 2352 στερον
154 2316 334 2351 θεωρήσωμεν
350 2314 376 2341 τί
386 2314 443 2339 ἐστι
459 2312 499 2345 τὸ,
514 2322 523 2338 ι
542 2312 634 2339 Πάντα
648 2311 746 2338 ἔδωκεν
759 2311 834 2346 αὺτῷ

38 2365 55 2390 ὁ
71 2362 171 2397 Πατὴρ
182 2361 222 2392 είς
231 2361 281 2392 τὰς
298 2362 402 2396 χεῖρας,
425 2369 433 2385 ι
454 2357 616 2394 προσχῶμεν
630 2356 680 2393 τῷ·
701 2366 710 2382 ι
730 2357 834 2392 Ὥσπερ

38 2409 99 2445 γὰρ
125 2410 154 2435 ὲν
183 2408 222 2444 τῷ
244 2407 329 2443 Ἀδὰμ
359 2407 459 2439 πάντες
487 2405 719 2440 ἀποθνήσκουσιν,
747 2403 833 2435 οὕτως

40 2456 93 2483 καὶ
114 2455 143 2481 ἐν
160 2454 199 2489 τῷ
216 2453 326 2489 Χριστῷ
347 2452 403 2488 (86)
425 2452 525 2483 πάντες
544 2449 802 2485 ζωοποιηθήσονται·
823 2457 831 2473 ι

39 2501 102 2528 ἀλλ’
119 2501 143 2527 εί
159 2500 207 2527 καὶ
221 2499 308 2527 πάντα
323 2498 421 2525 ἔδωκεν
436 2496 509 2532 αὑτῷ
522 2497 536 2523 6
557 2494 651 2530 Πατὴρ
665 2495 705 2526 εἰς
718 2493 767 2525 τὰς
780 2494 836 2528 χεῖ-

42 2556 107 2583 ρας,
127 2546 174 2573 καὶ
184 2546 213 2572 ὲν
230 2545 269 2580 τῷ
289 2543 398 2580 Χριστῷ
417 2542 517 2573 πάντες
532 2539 789 2575 ζωοποιηθήσονται,
804 2539 835 2565 οὐ

81 2605 106 2621 ⁸⁹
126 2604 191 2639 Sap.
206 2603 295 2639 “1'24.
341 2602 364 2618 ⁸ο
381 2599 570 2639 ,ιορωιιιιμλ
607 2598 628 2618 δί
644 2597 721 2639 Jo‘a‘n.
743 2601 805 2629 xm,
821 2597 849 2625 2.

43 2648 103 2672 cu,
123 2640 149 2668 Ι.
166 2632 173 2639 ’
190 2639 212 2655 ⁵⁸
228 2632 306 2666 Joan.
322 2645 381 2669 χιιι,
398 2637 425 2663 5.
464 2635 486 2651 “
504 2634 589 2662 lCor.
606 2641 650 2665 xv,
663 2632 708 2659 (ἐξ.

80 2688 138 2724 (83)
149 2687 275 2724 Ita_h_unc
289 2685 379 2724 locum
389 2682 500 2724 sanitati
517 2680 648 2724 rtvt‘astitulit
662 2679 752 2724 codex;
767 2677 837 2724 [39d-

42 2713 166 2753 hiantis.
175 2721 271 2747 vitiose
285 2719 356 2746 enim
373 2719 399 2745 in
411 2715 602 2753 codicekegio
618 2714 726 2753 legitur,
740 2713 835 2748 βεδλη‹

200 2755 301 2799 δείπνῳ
315 2753 364 2794 οὐχ
373 2753 443 2799 (Baiis
457 2751 486 2778 δὲ
503 2747 616 2799 άρέᾶθαι
631 2747 716 2783 αὐτῷ,
727 2747 778 2776 etc.

85 2792 141 2828 (84)
158 2787 252 2819 Codex
266 2787 376 2823 Regius,
391 2787 464 2822 βέλη,
478 2787 557 2813 male.

211 2847 346 2876 Ρλτιιοι..
363 2844 421 2875 Gn.
441 2842 524 2873 XIV.

886 2189 998 2212 noverat
1011 2184 1100 2217 Jesus,
1114 2186 1244 2217 quantum
1261 2182 1294 2209 ad
1304 2178 1575 2215 prmscientiatn,-s’tbl
1594 2178 1670 2206 datos

887 2230 969 2258 fuisse
980 2237 994 2256 a
1007 2229 1097 2256 Patre.
1109 2228 1143 2256 Ut
1152 2232 1242 2255 autem
1256 2226 1396 2253 videamus
1409 2223 1528 2258 apertius
1542 2223 1605 2258 quid
1617 2223 1670 2256 sit,

888 2286 897 2303 ί
915 2276 1011 2305 Omnia
1024 2275 1098 2302 dedit
1118 2273 1142 2301 ei
1157 2272 1238 2300 Pater
1262 2271 1289 2299 in
1305 2277 1400 2298 manus
1414 2270 1448 2302 ",
1468 2279 1477 2295 ι
1495 2268 1670 2303 inspiciamus

888 2323 939 2350 hoc
966 2322 1068 2349 dictum
1092 2329 1099 2348 ι
1128 2328 1137 2346 ι
1166 2316 1399 2352 Quemadmodum
1427 2316 1498 2343 enim
1522 2321 1616 2342 omnes
1640 2314 1666 2340 iu

886 2367 970 2394 Adam
985 2365 1152 2396 moriuntur,
1171 2364 1210 2391 sic
1222 2362 1303 2389 etiam
1317 2362 1344 2388 iu
1361 2361 1470 2389 Christo
1494 2366 1589 2386 omnes
1603 2359 1669 2385 vivi-

886 2411 1039 2439 ﬁcabuntur
1050 2410 1091 2443 “;
1113 2419 1121 2435 ι
1136 2415 1198 2436 nam
1213 2407 1336 2442 quamvis
1357 2403 1604 2437 dederitilliomnia
1619 2402 1670 2430 Pa-

887 2462 928 2486 ter
944 2457 970 2484 in
990 2463 1097 2488 manus,
1113 2460 1196 2490 atque
1222 2454 1250 2482 in
1269 2453 1378 2481 Christo
1394 2452 1450 2479 sint
1472 2457 1566 2477 omnes
1582 2449 1667 2476 viviti-

887 2502 980 2534 candi,
996 2509 1049 2529 non
1076 2499 1251 2528 confunditur
1279 2503 1368 2525 tamen
1393 2495 1500 2531 iustitia
1524 2494 1582 2526 Dei,
1604 2494 1669 2527 quin

887 2546 1043 2575 distributio
1059 2545 1106 2572 ﬁat
1125 2551 1159 2572 ex
1186 2543 1319 2579 dignitate
1340 2541 1573 2575 uniuscujusque;
1598 2539 1670 2574 quod

897 2596 919 2613 δ’
933 2594 1032 2630 Ephes.
1064 2600 1101 2625 \‘l,
1129 2591 1173 2618 l6.
1219 2590 1242 2607 “
1260 2589 1336 2619 Joan.
1362 2597 1421 2623 xm,
1437 2589 1466 2622 ‘2,
1493 2587 1520 2616 ι.
1558 2586 1582 2602 ’⁵⁸
1598 2585 1669 2613 Psal.

924 2674 980 2709 (85)
996 2671 1086 2709 Codex
1118 2669 1291 2703 Bodleianus,
1320 2667 1529 2703 πνευματικῶς·
1559 2667 1668 2704 Regius,

887 2707 1022 2743 πνεύματι
1034 2707 1092 2734 καί.

921 2733 1090 2781 (SitiiVCodex
1097 2740 1209 2777 Regius,
1225 2739 1254 2767 ὲν
1267 2738 1306 2774 τῷ
1320 2737 1424 2774 Κυρίῳ,
1437 2737 1539 2765 omisso
1553 2733 1610 2764 καί.

1491 2823 1531 2852 2ὣ
