1835 3047
200 75 251 103 ’ῖιΠ

936 75 1099 103 ORIGENIS
1774 77 1806 104 iiS

200 132 355 161 declaratur
380 141 411 161 ex
429 133 471 162 bis
494 141 553 169 qut;I
575 140 638 161 mOx
669 133 731 161 huic
755 133 838 168 dicto,
866 144 874 160 ι
895 134 941 161 Sic
968 134 970 161 i

1048 134 1188 168 συγχεῖται
1212 133 1228 169 ἡ
1243 131 1400 167 δικαιοσύνη
1417 131 1465 158 τοῦ
1479 131 1558 163 Θεοῦ,
1574 131 1621 158 καὶ
1635 132 1665 158 τὸ
1681 133 1736 158 κατ’
1753 133 1806 166 ἀξίῃ

199 180 310 208 Christo
335 187 432 207 omnes
463 179 698 212 vivificabuntur,
731 189 741 207 ι
769 179 990 216 subjunguntur,

201 233 308 260 nempe,
335 234 344 250 ε
373 225 567 260 Unusquisque
586 229 675 253 autent
691 226 716 252 itt
743 233 792 253 suo
807 226 903 252 ordine
917 225 950 252 "'.
979 235 988 251 ι

200 270 360 305 Rursusque
377 271 451 298 varie
467 271 540 306 ipsos
557 271 746 299 considerabis
768 272 879 301 ordines
894 282 989 301 eorum

199 318 244 352 qui
271 317 296 343 in
324 316 432 344 Chn‘sto
448 322 511 344 sunt
537 317 702 350 viviﬁcandi,
728 318 838 353 quando
863 319 991 353 impletur

199 363 276 395 illud,
311 372 320 388 ι
342 362 439 390 Omnia
456 363 528 390 dedit
557 363 581 391 ei
596 363 678 391 Pater
692 364 718 391 in
736 372 832 392 manus
845 365 878 398 ⁸⁸,
897 375 907 391 ι
925 365 990 394 illud

199 413 318 436 notans:
339 418 348 435 ι
369 409 501 436 Primitias
528 409 654 437 Christus
671 418 678 438 :
695 410 792 437 deinde
813 411 839 438 hi
853 411 898 446 qui
925 416 990 438 sunt

197 453 310 486 Clnisti,
335 454 361 481 in
374 455 492 482 adventu
507 455 566 490 ejus
587 464 596 490 ς
622 453 719 482 deinde
743 452 806 482 linis
834 465 842 490 ;
867 467 876 483 ι
896 458 942 493 qui
959 457 990 484 ti—

197 500 240 527 nis
256 508 317 527 cum
341 500 452 528 Christo
478 501 504 528 in
525 501 643 529 adventu
672 501 733 536 ejus
750 503 872 536 instabit,
887 512 899 529 4
927 511 988 532 cum

198 546 341 574 tradiderit
365 553 478 581 regnum
495 547 551 574 Deo
568 553 594 575 et
610 547 683 575 Patri
697 556 705 581 ;
728 548 803 583 prius
826 549 898 576 omni
913 549 989 584 prin-

197 593 288 626 cipattt
304 613 312 623 ,
330 596 357 619 et
372 592 446 619 omni
473 598 621 628 potestate,
647 601 680 622 ac
703 593 955 622 virtuteaboiitis“.
976 605 984 621 ι

197 637 268 675 [(87)
286 637 350 665 ιΙιιτο
365 642 454 665 autent
471 643 546 672 sunt,
560 643 590 665 ιιι
607 639 734 673 arbitror,
754 647 815 668 cum
830 640 928 675 quibus
944 641 986 668 lu-

197 690 242 711 cta
262 688 316 715 est,
334 689 363 710 ut
377 683 433 717 jam
458 691 512 710 non
534 684 569 711 sit
586 685 765 721 principatus,
782 694 834 713 non
855 691 986 722 potestas,

199 737 252 756 non
265 730 347 756 etiam
361 731 457 761 virtus,
472 738 531 757 eunt
548 731 647 766 quibus
671 736 712 759 est
724 731 796 759 lucta
815 737 839 759 ct
855 732 987 760 collucta-

198 777 235 802 tio
250 776 273 791 '°
292 776 347 803 :ob
362 783 478 811 eamque
502 783 611 802 causam
625 776 682 811 jam
713 777 792 805 lucta:
815 778 905 806 nullus
932 778 986 805 erit

1042 179 1157 206 ἕκαστον
1177 178 1388 214 οἰκονομεῖσθαι·
1405 178 1474 214 ὅπερ
1490 177 1618 213 δηλοῦται
1638 179 1806 215 ἐπιφερομένου

1041 225 1090 261 τῷ,
1103 235 1111 251 ι
1130 225 1224 257 Οὕτως
1236 226 1264 252 ἐν
1275 225 1314 260 τῷ
1325 224 1436 261 Χριστῷ
1445 224 1545 256 πάντες
1560 224 1805 261 ζωοποιηθήσονται.)

1041 271 1099 297 τοῦ·
1119 281 1128 296 ‹
1147 271 1282 302 Ἕκαστος
1300 270 1328 297 δὲ
1345 271 1374 296 ἐν
1387 270 1427 306 τῷ
1446 270 1503 306 ιδίῳ
1516 270 1648 305 τάγματι.
1672 279 1681 296 ι
1698 271 1770 299 Πάλιν
1788 281 1805 299 τε

1041 317 1111 344 αὐτὰ
1125 317 1262 352 διαφόρως
1273 318 1379 353 νοήσεις
1393 316 1522 352 τάγματα
1535 316 1591 343 τῶν
1606 317 1637 343 ὲν
1648 317 1753 352 Χριστῷ
1763 318 1804 350 ζιυφ

1041 363 1276 399 ποιηοησομένων,
1300 363 1344 389 ὅτε
1365 362 1516 398 πληροῦται
1538 363 1580 394 τὸ,
1599 371 1609 388 ι
1630 363 1722 390 Πάντα
1736 363 1806 390 iitum

1040 409 1115 445 αὐτῷ
1139 410 1152 436 ὁ
1181 409 1277 445 Πατὴρ
1303 409 1343 441 εἰς
1371 408 1420 440 τὰς
1447 409 1552 444 χεῖρας,
1580 417 1590 434 ι
1616 409 1759 445 ἐπιστήσας
1773 410 1804 443 τῲ

1043 465 1053 482 ι
1068 455 1192 492 ’Δπαρχὴ
1207 456 1334 492 Χριστὸς,
1344 455 1439 482 ἔπειτα
1452 458 1478 483 oi
1490 455 1537 482 τοῦ
1552 454 1672 491 Χριστοῦ
1688 456 1805 491 ὲντῇπιρ.

1036 503 1118 538 ουσίᾳ
1143 501 1237 535 αὐτοῦ,
1258 500 1318 528 εἶτα
1333 502 1364 528 τὺ
1380 501 1466 533 τέλος·
1490 511 1499 528 ι
1519 501 1588 537 ὅπερ
1605 501 1683 532 τέλος
1702 501 1761 537 μετὰ
1775 502 1804 527 τε]

1038 546 1158 583 Χριστοῦ
1171 548 1200 574 ὲν
1213 548 1245 582 τῇ
1261 545 1399 582 παρουσίᾳ
1412 544 1494 572 αὐτοῦ
1512 545 1684 580 ἐνστήσεται,
1705 554 1714 569 ι
1725 544 1762 570 ὅτε
1772 553 1805 570 πι-

1041 592 1155 628 ραδὼσει
1176 593 1225 628 τὴν
1249 591 1387 628 βασιλείαν
1403 591 1442 628 τῷ
1455 590 1514 626 Θεῷ
1527 591 1574 617 καὶ
1587 590 1688 626 Πατρὶ,
1704 591 1805 626 πρότερα

1039 639 1215 674 καταργήσας
1237 639 1328 665 πᾶσαν
1345 638 1442 674 ἀρχὴν,
1463 637 1510 664 καὶ
1522 638 1612 664 πᾶσαν
1629 637 1756 669 ἐξουσίαν,
1774 637 1805 662 ui

1039 684 1162 720 δύναμιν.
1185 695 1194 711 ι
1209 684 1300 711 Ταῦτα
1316 683 1350 717 δ’,
1362 681 1448 718 οἶμαι,
1465 683 1523 710 ἐστὶ
1539 682 1608 718 πρὸς
1619 683 1638 710 ἃ.
1655 684 1671 719 ἡ
1688 683 1762 718 πάλη,
1776 683 1805 708 iv:

1040 730 1139 765 μηκέτι
1195 730 1276 766 ἀρχὴ,
1295 730 1342 756 καὶ
1362 729 1481 762 ἐξουσία,
1495 730 1542 755 καὶ
1558 728 1687 764 δύναμις·
1701 728 1760 764 πρὸς
1773 728 1804 762 ii,

1039 776 1123 812 πάλη,
1140 777 1186 803 καὶ
1200 776 1243 803 διὰ
1256 776 1334 803 τοῦτο
1353 775 1450 811 μηκέτι
1466 775 1576 811 ὑπάρχῃ
1591 774 1675 810 πάλη,
1692 783 1804 809 καταργή-

198 824 308 850 rclictus
325 823 410 855 locus,
435 824 508 851 omni
532 825 699 859 principatu,
727 829 862 859 potestate
882 829 909 852 et
932 824 970 852 vit

1042 822 1132 858 Βείσης
1146 823 1235 858 πάσης
1249 822 1337 859 ἀρχῆς
1350 831 1380 848 τε
1406 822 1453 848 καὶ
1469 821 1603 855 ἐξουσίας,
1618 821 1666 848 καὶ
1681 821 1803 856 δυνάμεως,

199 873 255 896 tute
280 869 389 897 deletis.
405 868 416 905 ]
433 869 522 896 Movet
543 875 634 896 autem
653 877 696 897 me
712 874 740 897 ut
761 872 868 898 credam
886 870 986 905 princi-

196 918 289 948 patum
303 922 412 941 omnem
428 934 435 946 ,
451 919 478 942 et
494 919 656 950 potestatem
671 923 791 948 omnem,
813 920 841 942 cl
860 916 985 943 virtutem

196 967 306 987 onmem
322 967 381 994 quae
393 960 584 993 destruuntur,
598 968 629 988 ea
644 968 704 988 esse
724 961 854 988 adversus
865 969 927 996 quae
938 969 986 989 no-

197 1006 238 1033 bis
263 1007 297 1032 sit
322 1014 421 1040 pugna,
437 1013 470 1033 eo
486 1007 557 1041 quod
575 1006 617 1034 itis
634 1014 694 1042 qua:
718 1006 818 1035 Paulus
842 1007 910 1035 dixit
924 1015 986 1035 mox

197 1053 377 1087 subiungatur
395 1060 402 1080 :
425 1062 433 1079 |
453 1053 566 1088 Oportet
584 1053 656 1080 cuitu
680 1061 742 1081 eum
759 1061 884 1089 regnare,
899 1055 987 1082 donec

197 1099 316 1134 posuerit
328 1106 423 1127 omnes
435 1098 560 1126 inimicos
571 1098 621 1126 sub
636 1099 718 1134 pedes
729 1107 811 1127 suos:
827 1100 924 1128 deinde
939 1108 987 1127 no—

196 1145 323 1172 vissimus
348 1145 435 1172 ltostis
457 1143 599 1171 aboleatur
617 1153 688 1173 mors
700 1145 744 1178 “;
768 1155 777 1173 ι
796 1147 867 1181 quod
895 1147 986 1182 profe-

196 1195 240 1216 cto
258 1197 318 1216 cum
345 1190 397 1217 hoc
424 1191 507 1224 dicto,
543 1200 552 1216 ‹
579 1191 676 1219 Omnia
701 1191 773 1218 dedit
797 1191 834 1219 illi
850 1191 932 1219 Pater
956 1192 984 1219 in

197 1242 293 1262 manus
310 1235 369 1270 ejus
383 1236 417 1269 ",
438 1246 447 1262 ι
468 1237 612 1270 convenit;
640 1237 666 1264 id
682 1237 754 1272 quod
770 1237 890 1272 apertius
903 1245 985 1273 expo-

196 1289 264 1308 nens
280 1281 378 1309 Paulus
395 1282 483 1316 inquit
499 1291 506 1310 :
524 1292 532 1309 I
550 1282 616 1309 Cum
639 1287 730 1310 autem
753 1283 826 1310 dicat
838 1283 929 1310 omnia
945 1283 984 1311 illi

193 1328 317 1360 subjecta
336 1335 398 1355 esse
412 1348 418 1360 ,
440 1328 529 1363 palam
546 1333 586 1355 cst
612 1329 800 1363 excipiendum
817 1336 878 1357 esse
901 1337 961 1357 etnn
975 1350 983 1363 ,

195 1374 366 1408 qnisuhjerit
382 1374 419 1402 illi
436 1375 527 1402 omnia
538 1376 570 1402 ⁵³.
588 1385 597 1400 ι
614 1375 661 1402 Sin
677 1383 741 1403 vero
759 1376 848 1403 omnia
864 1376 983 1411 subjecta

196 1420 273 1446 fuere
283 1425 381 1454 prmter
391 1428 451 1447 eutn
465 1421 510 1456 qui
523 1421 639 1454 Sulijt‘cit
648 1421 686 1447 illi
699 1421 800 1453 omnia,
809 1422 983 1457 perspicuutn

195 1470 237 1493 est
251 1465 321 1499 quod
332 1471 357 1492 et
372 1465 394 1492 is
414 1466 446 1492 de
463 1474 515 1501 quo
531 1467 661 1501 scriptum
676 1471 736 1499 est,
751 1476 760 1492 ι
777 1467 874 1494 Coram
892 1467 982 1496 Domi-
995 1483 1016 1512 ε

196 1519 231 1539 no
259 1511 445 1544 omnipotente
470 1511 567 1538 collunt
594 1512 673 1547 fregit
700 1512 733 1544 5",
763 1522 772 1539 ι
799 1513 851 1540 erit
877 1521 909 1540 ex
939 1514 982 1541 his

195 1558 241 1592 qui
270 1558 421 1584 subdunlur
438 1557 496 1588 illi;
518 1559 605 1585 victus
629 1563 658 1585 ut
681 1559 760 1586 cedat
783 1558 919 1592 Sermoni,
934 1560 981 1587 Fi-

195 1603 232 1630 lio
257 1603 314 1635 Dei,
341 1608 367 1629 et
387 1609 413 1630 ut
432 1603 564 1630 subdatur
593 1604 703 1638 imagini
733 1604 791 1637 Dei,
818 1609 844 1631 ct
864 1605 900 1632 sit
916 1606 981 1633 sub-

195 1648 301 1675 sellium
331 1648 430 1675 Christi
465 1648 572 1683 pedum.
602 1647 798 1676 (Economiam
829 1650 910 1685 igitur
938 1658 982 1677 as-

194 1694 297 1729 piciens
321 1694 353 1720 ad
382 1693 480 1720 bonum
513 1694 593 1721 tinem
619 1694 674 1728 jam
707 1695 872 1728 tendentem,
898 1695 980 1732 409

195 1745 304 1773 propter
341 1739 402 1765 illud
429 1749 435 1766 :
463 1748 472 1764 ι
503 1739 570 1766 Cum
589 1740 646 1774 jam
678 1740 836 1769 imntisisset
859 1742 982 1770 diabolus

194 1786 221 1813 in
247 1793 295 1812 cor
318 1785 392 1812 .ludaa
418 1786 537 1814 Simonis
570 1786 725 1820 lscariotis,
750 1792 778 1814 ut
798 1796 858 1815 eum
882 1789 980 1822 prode-

194 1837 236 1859 ret
248 1832 281 1864 ",
299 1841 307 1858 ι
322 1838 434 1859 noverat
444 1834 533 1860 omnia
546 1833 597 1861 sibi
607 1833 713 1861 Patrem
727 1834 847 1867 dedisse,
860 1835 980 1862 dedisse-

193 1884 246 1913 qne
264 1878 290 1904 in
304 1885 398 1906 manus
411 1878 501 1904 omnia
514 1879 653 1912 capientes
663 1899 670 1911 ,
689 1884 715 1905 nt
729 1879 820 1907 omnia
834 1885 924 1907 essent
942 1880 980 1908 illi

193 1925 345 1959 mancipia;
362 1925 402 1950 vel
416 1924 507 1952 omnia
519 1924 627 1953 dedisse
644 1925 695 1952 sibi
717 1924 824 1952 Patrem
843 1925 869 1952 in
885 1934 980 1953 manus

192 1975 316 2002 noverat,
341 1970 391 1996 hoc
406 1975 448 1997 est
472 1969 498 1996 in
515 1970 638 1997 actiones
654 1977 717 1998 suas
739 1975 766 1997 el
789 1975 863 1998 recte
888 1970 977 2003 facta;

193 2023 254 2042 natn
271 2024 279 2040 ι
295 2015 383 2047 Pater,
400 2023 409 2040 ι
427 2015 529 2049 inquit,
547 2024 556 2041 ι
573 2022 649 2042 meus
666 2016 699 2042 ad
714 2015 764 2042 ltoc
781 2023 865 2050 usque
879 2019 980 2050 tempo-

193 2061 230 2088 ris
245 2066 382 2095 operatur,
407 2064 435 2088 et
450 2068 500 2095 ego
517 2068 615 2096 operor
628 2061 661 2088 ".
679 2070 688 2087 ι
714 2061 850 2088 Caeterum
868 2067 980 2097 propter

191 2107 235 2134 illa
247 2114 306 2141 qua:
319 2114 333 2133 a
350 2106 403 2133 Deo
421 2106 546 2133 exierant
566 2107 636 2133 facta
656 2111 732 2134 extra
747 2107 841 2140 Deum,
859 2112 886 2134 et
899 2112 976 2135 extra

1038 870 1115 896 Κινεῖ
1130 869 1158 896 δέ
1173 878 1206 905 με
1224 871 1264 902 εἰς
1276 870 1306 896 τὸ
1315 869 1364 905 τὴν
1378 871 1603 904 καταργουμένην
1628 869 1717 895 πᾶσαν
1731 868 1802 902 ἀρχὴν.

1038 917 1085 944 καὶ
1096 917 1185 944 πᾶσαν
1201 917 1334 951 ἐξουσίαν,
1353 917 1400 944 καὶ
1419 916 1533 951 δύναμιν
1553 912 1624 942 εἶναι
1641 915 1676 942 τὰ
1693 915 1776 951 προςᾶ
1792 915 1803 948 ἠ

1038 963 1121 998 πάλη,
1137 963 1167 989 τὸ
1186 963 1385 998 ἐπιφερόμενον
1408 962 1483 997 παρὰ
1496 961 1535 997 τῷ
1553 961 1654 998 Παύλῳ
1663 961 1803 993 sonitm,

1040 1018 1049 1034 ι
1070 1010 1115 1034 Δεῖ
1125 1008 1179 1043 γὰρ
1196 1007 1278 1034 αὑτὸν
1293 1007 1446 1043 βασιλεύειν
1457 1007 1535 1042 ἄχρις
1548 1004 1577 1033 οὗ
1595 1006 1629 1043 θῇ
1650 1007 1747 1038 πάντας
1760 1006 1803 1036 mi;

1038 1055 1152 1090 ἐχθροὺς
1164 1054 1217 1081 ὑπὸ
1225 1054 1308 1086 πόδας
1323 1052 1416 1080 αὐτοῦ’
1429 1051 1488 1080 alta
1496 1053 1610 1089 ἔσχατος
1626 1053 1721 1088 ἐχθρὸς
1729 1060 1804 1086 καταρ-

1037 1102 1126 1134 γεῖται
1140 1102 1154 1127 ὁ
1172 1100 1296 1133 θάνατος·
1316 1109 1325 1125 ι
1339 1100 1386 1126 καὶ
1399 1099 1506 1134 συνᾴδει
1521 1107 1553 1134 γε
1565 1099 1615 1135 τῷ
1635 1109 1644 1124 ι
1663 1099 1748 1126 Πάντα
1758 1098 1804 1124 ἐδω-

1037 1155 1085 1173 κεν
1096 1146 1171 1182 αὐτῷ
1187 1148 1201 1173 ὁ
1217 1145 1311 1182 Πατὴρ
1324 1147 1363 1177 εἰς
1382 1147 1430 1177 τὰς
1446 1146 1540 1180 χεῖρας
1555 1145 1648 1171 αὑτοῦ·
1669 1154 1678 1170 ι
1695 1145 1755 1179 amp
1770 1152 1803 1170 5:-

1038 1191 1167 1227 φέστερον
1177 1191 1350 1226 ἐκτιοέμενός
1364 1198 1446 1226 φησιν
1459 1191 1473 1216 ὁ
1488 1189 1660 1221 ’Λπόστολος
1676 1199 1685 1215 ι
1705 1190 1774 1215 Ὅταν
1785 1188 1803 1214 δὲ

1036 1236 1111 1272 εἴπῃ,
1118 1237 1158 1262 ὅτι
1165 1236 1252 1263 πάντα
1263 1235 1454 1266 ὑποτέτακται,
1463 1234 1552 1269 δῆλον,
1561 1235 1603 1261 ὅτι
1617 1234 1694 1266 ἐκτὸς
1702 1234 1743 1261 τοῦ
1755 1234 1803 1260 ὑπ’

1035 1283 1165 1317 τάξαντος
1175 1282 1249 1318 αὐτῷ
1261 1281 1296 1308 τὰ
1304 1282 1402 1309 πάντα·
1417 1291 1426 1307 ι
1435 1283 1458 1308 εἰ
1472 1281 1500 1308 δὲ
1516 1281 1624 1308 ἃπαντα
1637 1281 1801 1309 ὑποτέτακτιε,

1036 1329 1176 1356 καὶτοῦτο
1197 1328 1285 1366 δῆλον,
1305 1330 1345 1356 ὅτι
1368 1328 1550 1355 ὑποτέτακται
1576 1329 1664 1355 πάντα
1688 1328 1757 1359 ἐκτὸς
1769 1326 1802 1352 τι)

1037 1375 1218 1407 ὑποτάξαντος
1239 1374 1312 1410 αὐτῷ
1326 1374 1361 1401 τὰ
1382 1375 1480 1407 πάντα,
1496 1375 1543 1401 καὶ
1561 1371 1640 1406 οὗτος
1660 1374 1720 1409 περὶ
1732 1370 1758 1400 οῦ
1769 1372 1802 1407 γέ-

1035 1429 1167 1458 γραπται,
1188 1430 1197 1446 ι
1218 1420 1349 1447 Ἐνώπιον
1366 1419 1468 1454 Κυρίου
1483 1419 1701 1455 παντοκράτορος
1713 1420 1802 1454 £1913,-

1035 1466 1122 1498 λίασε,
1133 1475 1142 1491 ι
1160 1465 1213 1492 τῶν
1222 1464 1448 1499 ὑποτασσομένων
1463 1463 1537 1498 αὐτῷ
1550 1464 1638 1495 ἔσται,
1654 1462 1802 1498 νικηθεὶςέπὶ

1033 1512 1072 1547 τῷ
1088 1510 1157 1545 εἶξαι
1168 1511 1206 1547 τῷ
1214 1511 1302 1546 Λόγῳ,
1314 1511 1361 1536 καὶ
1371 1510 1542 1544 ὑποταγῆναι
1599 1511 1681 1537 εἰκόνι
1688 1510 1730 1536 τοῦ
1740 1509 1800 1537 Θεοῦ,

1034 1560 1081 1586 καὶ
1088 1558 1212 1593 γενέσθαι
1221 1557 1365 1584 ὑποπόδιον
1375 1556 1429 1583 τῶν
1437 1556 1554 1592 Χριστοῦ
1563 1555 1660 1583 ποδῶν.
1671 1557 1723 1592 Τὴν
1730 1556 1802 1582 tofum

1033 1603 1187 1639 οἰκονομίαν
1201 1603 1307 1638 βλέπων
1316 1603 1362 1629 ἐπὶ
1372 1602 1402 1629 τὸ
1410 1611 1460 1638 χρη
1465 1603 1526 1629 στὸν
1532 1602 1606 1634 τέλος
1614 1601 1749 1629 ὀδεύουσαν
1754 1602 1801 1637 ἥδη,

1036 1650 1050 1676 δ
1063 1648 1082 1676 ὰ
1102 1650 1143 1682 τὸ,
1165 1659 1174 1676 (
1191 1648 1244 1676 Τοῦ
1261 1649 1383 1676 διαϐόλου
1402 1649 1565 1684 βεϐληκᾶτος
1579 1649 1619 1681 εἰς
1633 1649 1681 1685 τὴν
1697 1649 1800 1684 καρδίαν.

1033 1695 1076 1722 ἵνα
1100 1695 1213 1731 παραδῴ
1236 1694 1316 1722 αὑτὸν
1340 1694 1438 1726 Ἰούδας
1461 1694 1582 1729 Σίμωνος
1606 1695 1797 1730 Ὶσχαριιίντης,ι

1031 1741 1099 1777 ᾔδει,
1121 1741 1162 1768 ὃτι
1186 1740 1274 1767 πάντα
1298 1740 1397 1766 ἔδωκεν
1417 1738 1491 1774 αὑτῷ
1511 1740 1526 1765 ὁ
1542 1739 1646 1776 Πατὴρ,
1661 1740 1706 1767 καὶ
1720 1739 1802 1766 ἔδωκεν

1032 1788 1072 1818 εἰς
1088 1786 1135 1818 τὰς
1152 1786 1294 1822 χωρούσας
1310 1786 1344 1813 τὰ
1359 1786 1449 1813 πάντα
1466 1787 1570 1821 χεῖρας,
1589 1785 1632 1812 ἵνα
1685 1785 1716 1812 τὰ
1731 1786 1799 1811 πάντα

1034 1832 1108 1869 αὐτῷ
1126 1832 1279 1868 ὑποχείρια,
1302 1833 1318 1868 ἦ
1335 1832 1424 1858 πάντα
1439 1831 1539 1858 ἔδωκεν
1555 1831 1629 1866 αὐτῷ
1644 1832 1657 1857 ό
1674 1831 1757 1867 Πατὴρ
1770 1831 1799 1860 εἰς

1030 1878 1079 1910 τὰς
1103 1880 1212 1914 χεῖρας,
1234 1878 1373 1905 τουτέστιν
1393 1878 1433 1909 εἰς
1453 1878 1503 1909 τὰς
1520 1877 1635 1913 πράξεις
1656 1876 1747 1907 αὑτοῦ,
1765 1877 1799 1902 xz':

1030 1923 1064 1950 τὰ
1089 1924 1338 1960 ἀνδραγαθήματα·
1357 1932 1367 1948 ι
1385 1923 1414 1950 '0
1435 1923 1531 1960 Πατήρ
1553 1932 1603 1957 μου
1622 1932 1632 1948 ›
1649 1922 1710 1959 γὰρ,
1725 1923 1798 1957 φησιν.

1034 1980 1042 1995 ι
1057 1969 1110 2001 ἕως
1137 1970 1199 2005 ἄρτι
1218 1969 1380 2005 ἐργάζεται,
1407 1967 1484 2003 κάγὼ
1503 1968 1665 2004 ἐργάζομαι.
1679 1978 1688 1994 ι
1711 1968 1754 1994 Διὰ
1773 1968 1798 1992 τὰ

1030 2015 1170 2047 ἐξελθόντα
1191 2015 1219 2042 δὲ
1234 2015 1288 2042 ἀπὺ
1303 2014 1350 2042 τοῦ
1364 2014 1442 2047 Θεοῦ,
1462 2014 1514 2048 ἔξω
1529 2014 1663 2049 γενόμενα
1678 2013 1723 2040 τοῦ
1736 2012 1797 2041 Θεοῦ.

1030 2061 1077 2087 καὶ
1103 2060 1150 2089 τοῦ
1179 2060 1216 2096 μὴ
1251 2060 1426 2096 βουληθέντος
1461 2060 1677 2095 προηγουμένως
1702 2058 1797 2091 ἐξελθεῖν

1030 2107 1084 2134 ἀπὸ
1104 2106 1151 2134 τοῦ
1176 2106 1291 2143 Πατρὸς,
1315 2106 1428 2141 ἐξῆλθεν
1451 2105 1506 2133 ἀπὺ
1527 2104 1576 2132 τοῦ
1603 2105 1681 2136 θεοῦ,
1696 2105 1735 2131 ἳνα
1749 2103 1797 2137 ἐλῦῃ

191 2160 252 2179 eum
270 2153 313 2187 qui
331 2152 460 2180 noluisset
477 2151 662 2187 principaliter
684 2152 760 2179 exire
779 2160 794 2179 a
809 2151 904 2185 Patre,
918 2153 970 2181 cxi-

1042 2152 1063 2180 κὰ
1077 2152 1132 2188 (88)
1147 2151 1288 2184 ἐξελθόντα
1302 2153 1340 2183 εἰς
1355 2151 1404 2183 τὰς
1425 2152 1519 2187 χεῖρας
1535 2151 1588 2186 ὁδῷ
1607 2152 1655 2178 καὶ
1676 2150 1745 2183 τάξει
1761 2148 1796 2176 tu}

190 2198 254 2225 vita
272 2199 324 2225 Deo
343 2197 433 2230 Jesus,
447 2203 476 2224 ut
489 2205 549 2232 quae
561 2198 686 2225 exierant.
697 2197 821 2225 venirent
836 2198 862 2225 in
881 2206 975 2226 manus

190 2245 232 2271 via
250 2249 277 2272 et
290 2244 384 2271 ordine
398 2243 461 2272 Jesu
473 2265 480 2277 ,
500 2248 528 2272 et
547 2244 756 2279 disponerentur
780 2244 813 2272 ad
829 2244 913 2272 Deum
936 2245 976 2273 ire

191 2290 329 2324 sequentia
344 2289 451 2324 Jesum;
474 2293 500 2317 et
515 2289 578 2325 quia
599 2294 780 2324 sequerentur
800 2289 908 2323 Iesum,
930 2290 974 2317 fu-

191 2341 250 2363 tura
267 2336 336 2370 apud
356 2336 459 2368 Deum,
473 2343 504 2363 ex
527 2343 580 2370 quo
599 2335 699 2364 dictum
713 2340 753 2364 est
766 2335 863 2363 Petro:
892 2345 901 2362 ι
915 2335 974 2369 Quo

189 2389 239 2416 ego
249 2382 327 2414 vado,
340 2389 391 2408 tton
404 2386 481 2416 potes
494 2390 537 2409 me
550 2389 622 2409 nunc
637 2381 731 2417 sequi;
746 2380 869 2417 sequeris
882 2385 972 2408 autem

189 2431 282 2462 postea
298 2427 337 2454 l”:
354 2436 363 2453 ι
383 2427 471 2455 adhuc
491 2428 563 2455 enim
585 2427 703 2455 habebat
716 2426 815 2454 Petrus
831 2426 902 2461 quod
919 2434 972 2454 non

188 2472 357 2507 permitteret
382 2471 454 2498 illum
468 2473 543 2506 sequi
561 2472 648 2507 Λόγον
671 2471 711 2508 [et
729 2472 827 2499 Filium
840 2471 912 2508 Dei].
928 2471 972 2499 Si-

190 2517 252 2544 mile
264 2524 327 2544 vero
339 2525 411 2549 esse,
420 2517 467 2545 sed
477 2518 552 2551 juxta
560 2517 810 2554 quamdamjustam
819 2517 970 2552 analogiam

235 2587 257 2603 ⁸⁷
272 2585 282 2613 l
299 2586 362 2614 Cor.
378 2594 422 2620 xv,
442 2587 488 2614 25.

187 2623 210 2640 ⁸·
224 2621 300 2649 Joan.
316 2629 373 2654 xtn,
390 2622 415 2649 5.
454 2621 497 2649 ⁸³1
516 2622 578 2650 Cor.
596 2631 642 2656 xv,
654 2623 700 2650 ‘27.

223 2678 280 2714 (87)
296 2679 358 2714 limo
373 2678 556 2714 supplevimus
570 2687 585 2708 e
598 2680 736 2708 Perionio.

223 2713 280 2748 (88)
299 2713 345 2740 Sic
361 2714 441 2741 habet
453 2715 536 2742 codex
551 2715 714 2742 Bodleianus
727 2724 734 2748 ;
748 2715 775 2742 in
802 2716 894 2743 codice
920 2724 970 2743 att-

189 2747 343 2783 t‘cm‘ltegio
359 2748 477 2782 legitur:
504 2750 552 2776 Διὰ
563 2749 598 2776 τὰ
626 2749 768 2783 ἐξελθόντα
790 2751 817 2777 δὲ
841 2751 895 2778 ἀπὸ
923 2751 969 2779 τοῦ

189 2755 242 2774 tem
262 2755 299 2774 tte
320 2755 343 2773 to
359 2755 477 2782 tegttur:
504 2755 552 2776 Δια
563 2755 598 2776 τα
626 2755 768 2783 ἐξελθόντα
790 2755 817 2777 δὲ
841 2755 895 2778 ἀπὸ
923 2755 967 2779 τοῦ

187 2781 263 2815 Θεοῦ,
287 2755 397 2817 ἐξῆλθεν
424 2783 477 2810 ἀπὸ
501 2784 546 2811 τοῦ
572 2784 650 2817 Θεοῦ,
673 2784 724 2817 ἔξω
748 2786 890 2820 γενόμενον
920 2786 967 2813 τοῦ

534 2588 557 2604 ⁸³
570 2587 648 2617 ιοοιι.
666 2595 726 2622 xnt,
738 2587 765 2617 5,
804 2588 848 2615 ⁸⁹Ι
865 2589 928 2616 Cor.
946 2595 992 2621 xv,
1022 2587 1068 2618 23.
1087 2588 1132 2616 24.

739 2623 762 2639 ⁵⁸
776 2622 827 2650 Job
855 2631 900 2656 xv,
917 2623 963 2650 25.

1042 2623 1118 2651 loan.
1138 2631 1198 2658 xttt,
1212 2622 1249 2651 2.‘
1278 2623 1301 2640 ⁵⁸
1316 2623 1394 2652 ιιοιιιι.
1413 2631 1437 2656 ν,
1453 2623 1497 2653 l7.
1534 2625 1556 2640 "
1573 2623 1652 2651 Joan.
1664 2622 1775 2655 xtn,Zti.

1034 2199 1133 2234 Ἰησοῦ,
1151 2199 1198 2225 καὶ
1212 2198 1376 2234 οἰκονομηθῇ
1394 2197 1463 2233 πρὸς
1481 2198 1527 2224 τὸν
1541 2197 1608 2224 Θεὸν
1622 2197 1733 2232 ὑπάγειν
1747 2197 1795 2223 ἀκη-

1028 2244 1175 2271 λουθοῦντα
1201 2244 1284 2280 αὐτῷ,
1301 2244 1345 2271 διὰ
1367 2244 1399 2271 τὸ
1422 2243 1577 2270 ἀκολουθεῖν
1601 2244 1677 2279 αὐτῷ
1699 2243 1794 2277 ὲσόμεει

1028 2291 1096 2326 πρὸς
1118 2290 1164 2318 τὸν
1184 2290 1263 2317 Θεόν·
1279 2290 1376 2326 Πέτρῳ
1403 2289 1452 2325 μὲν
1479 2289 1586 2325 εἴρηταί
1604 2298 1685 2316 ποτε·
1706 2299 1715 2314 ι
1728 2289 1795 2315 ὀπω

1027 2336 1082 2371 ἐγὼ
1100 2336 1208 2371 ὑπάγω,
1232 2336 1263 2363 οὐ
1280 2335 1393 2363 δύνασαί
1408 2344 1453 2371 μοι
1473 2335 1521 2362 νῦν
1537 2335 1720 2370 ἀκολουθῆσαι
1740 2334 1793 2370 (891'

1027 2382 1220 2418 ἀκολουθήσεις
1233 2382 1262 2408 δὲ
1273 2381 1385 2418 ὕστερον
1395 2389 1401 2396 ·
1413 2390 1422 2407 ι
1440 2380 1480 2407 ἔτι
1492 2380 1547 2416 γὰρ
1562 2380 1634 2416 εἶχεν
1645 2382 1660 2407 ὁ
1673 2381 1767 2416 Πέτρος
1775 2378 1794 2404 τὸ

1028 2428 1066 2467 μὴ
1081 2429 1227 2464 ὲπιτρέπον
1250 2427 1324 2464 αὐτῷ
1343 2427 1498 2454 ἀκολουθεῖν
1511 2427 1551 2462 τῷ
1570 2428 1651 2462 Λόγῳ
1667 2427 1717 2462 ἠδη

1025 2471 1063 2500 Τὸ
1076 2472 1098 2498 δ’
1110 2473 1203 2508 ὅμοιον
1222 2469 1290 2499 εῖναι
1304 2473 1375 2499 νοεῖν
1395 2479 1425 2498 σε
1439 2471 1495 2504 δεῖ,
1511 2471 1578 2498 ἀλλὰ
1601 2471 1673 2498 κατά
1696 2479 1751 2497 τινα
1770 2469 1795 2494 ει-

1024 2517 1105 2546 καιαν
1130 2517 1276 2553 ἀναλογίαν
1300 2517 1499 2555 λεχθησόμενον
1522 2518 1591 2554 πρὸς
1619 2518 1731 2545 ἕκαστον
1753 2515 1794 2541 τῶν

1184 2588 1207 2605 ⁸ο
1219 2588 1372 2624 Εριιθεενι,
1402 2588 1462 2624 12η
1497 2589 1520 2607 ⁵¹
1534 2588 1544 2615 1
1559 2588 1621 2624 Cor.
1637 2596 1683 2620 ιν.
1698 2587 1750 2624 25L
1758 2586 1793 2624 ξῦν

1024 2681 1164 2719 ﬁgulensi
1177 2682 1225 2719 τοῦ
1252 2683 1289 2718 μὴ
1305 2682 1480 2719 βουληθέντος
1507 2682 1718 2719 προηγουμένως
1733 2678 1791 2713 ἐξιλ-

1025 2692 1225 2744 ξὲᾕυιῗεῗιᾶῗὲ
1232 2692 1480 2753 ηίὲιὲρῗέυέἰὲῗνέἔς
1490 2692 1718 2744 ρῖΣ⁹⁰ητ⁰ν¹¹εν¹³ς
1733 2692 1752 2712 ⁵⁴

1060 2752 1116 2788 (39)
1132 2752 1221 2788 Codex
1237 2752 1347 2787 Regius,
1364 2753 1443 2785 male,
1457 2753 1487 2780 οὐ
1504 2753 1616 2780 δύνασαί
1631 2759 1662 2788 με
1673 2752 1729 2784 νῦν,
1741 2752 1789 2775 d19-

1022 2786 1160 2822 λουθήσεις
1170 2787 1210 2819 δὲ,
1218 2793 1271 2815 etc.
