1835 3047
23 83 66 111 753

500 81 679 109 COMMENT.
701 80 734 108 IN
753 80 850 109 JOAN.
869 79 989 108 TOMUS
1009 77 1115 107 XXXII.

1579 78 1610 105 1E
1614 78 1630 105 ι

20 140 134 175 λουμένος
144 138 191 166 οὐκ
203 138 260 175 ἔχει
275 138 370 175 χρείαν
383 138 408 165 ει
424 137 462 174 μὴ
480 139 544 170 τοὺς
557 139 639 170 πόδας
654 138 774 173 νίψασθαι

866 137 894 165 ed
906 141 948 166 est
961 137 1076 164 mundus
1091 140 1185 164 totus:
1200 136 1227 162 et
1239 140 1287 161 vos
1302 131 1394 160 mundi
1414 132 1489 165 estis.
1509 133 1555 161 sed
1577 143 1630 161 nnn

18 187 68 214 ἀλλ’
87 186 141 214 ἔστι
165 184 281 221 καθαρὸς
303 185 380 217 ὅλος
403 185 449 212 καὶ
471 185 550 220 ὑμεῖς
573 185 687 220 καθαροί
713 186 792 218 ἐστε,

18 233 67 259 ἀλλ’
98 232 156 267 οὺχὶ
190 231 309 263 πάντεςο
349 231 407 267 ¹ᾔδει
448 231 502 267 γὰρ
538 232 584 258 τὸν
614 231 793 267 παραδιδόντα

17 278 105 306 αὐτόν’
134 277 178 304 διὰ
209 277 290 304 τοῦτο
319 275 412 304 εἶπεν·
449 277 518 312 Οὐχὶ
547 278 648 308 πάντες
679 276 793 312 καθαροί

18 324 94 350 ἔστε.»
107 323 170 355 Τοῖς
182 323 229 350 νῦν
243 323 296 349 ὑπὸ
309 322 356 349 τοῦ
370 323 476 358 Πέτρου
492 322 649 358 λεγομένοις
660 322 689 348 ὲν
704 322 793 358 καιρῷ

17 368 160 404 χρησόμεθα
183 367 403 404 παραδείγματος
422 368 527 401 ἕνεκεν,
542 368 570 394 εἴ
591 376 643 395 που
670 367 734 399 δέοι,
752 368 794 395 ὅτι

17 415 67 441 ἔστι
85 413 192 441 δυνατόν
213 423 274 441 τινα
295 414 365 441 κατὰ
388 414 517 450 πρόθεσιν
539 414 680 451 βελτίστην
704 415 793 449 λέγειν

16 459 53 486 διὰ
67 460 95 486 τὸ
106 460 288 496 ἀνεπιστῆμον
303 460 334 486 τὸ
350 460 483 496 μηδαμῶς
496 461 586 496 ἑαυτῷ
603 462 791 497 συμφέροντα”

17 507 37 532 εξ
52 506 101 541 γὰρ
125 506 261 541 συμφέρον
280 506 329 542 μὲν
343 504 378 542 ἦν
395 507 464 543 πρὸς
482 507 513 534 τὺ
530 507 602 542 ἔχειν
621 508 704 543 μέρος
723 507 793 543 μετὰ

18 552 56 578 τοῦ
72 552 155 587 Ἰησοῦ
169 552 201 579 τὸ
214 552 347 587 νίψασθαι
364 554 427 586 τοὺς
452 553 536 586 πόδας
558 554 604 581 ὑπ’
623 554 722 587 αὐτοῦ,
740 554 793 581 Πι-

17 607 71 633 ego;
90 598 116 625 δὲ
142 598 178 634 μὴ
205 599 403 636 ἐπιστάμενος,
428 600 469 627 ὅτι
498 600 637 636 συμφέρον
653 600 731 627 τοῦτο
746 598 791 636 ἦν,

16 643 132 679 πρότερον
153 643 201 679 μὲν
221 641 308 677 εἶπεν,
323 645 407 671 οἱονεὶι
424 645 570 681 ὲπαπορὼν
584 646 791 681 δυσωπητικῶς,

15 689 52 720 τὸ,
69 699 77 714 ι
88 689 182 724 Κύριε,
196 689 228 716 σύ
252 698 303 725 μου
323 690 427 722 νίπτεις
443 691 506 723 τοὺς
525 691 623 724 πόδας;
635 700 643 716 ι
666 691 791 727 δεύτερον

15 735 37 761 δὲ
48 736 83 768 τὸ,
97 745 106 761 ι
118 737 154 762 Οὐ
168 737 205 772 μὴ
217 737 297 774 νίψῃς
312 746 363 773 μου
375 739 438 770 τοὺς
454 739 538 770 πόδας
552 739 592 770 εἰς
608 738 654 765 τὸν
666 738 767 772 αιῶνα,
779 748 788 765 ι

15 782 54 807 καὶ
71 782 103 808 τὰ
121 781 255 817 λεγόμενα
275 783 413 810 κωλυτικὰ
436 782 470 819 ἦν
488 784 568 820 ἔργου
594 784 642 811 τοῦ
664 785 792 820 φέροντος

15 827 82 853 αὐτὸν
92 827 137 854 ὲπὶ
148 828 178 855 τὸ
191 829 264 864 ἔχειν
279 830 347 864 μετὰ
361 830 408 857 τοῦ
418 831 544 866 Σωτῆρος
554 831 583 858 τὸ
597 831 689 867 μέρος,
698 831 787 866 δῆλον,

15 874 56 903 ὅτι,
74 875 97 900 εἰ
116 874 162 900 καὶ
181 874 255 909 ὑγιεί
271 875 399 910 προθέσει
418 877 466 903 καὶ
487 876 628 912 σεϐασμίῳ
654 877 722 912 πρὸς
743 877 789 904 τὸν

16 919 163 946 Διδάσκαλον
181 920 261 948 τοῦτο
282 921 384 956 ἔλεγεν,
410 921 564 954 ὲπιὸλαὸὦς
584 923 674 959 ἑαυτῷ
700 923 787 958 ἔλεγε.

806 814 826 841 Β

15 961 87 989 Τοῦτο
103 963 130 990 δὲ
149 964 273 992 τοιούτου
296 966 384 998 εῐδους
402 967 456 993 τῶν
472 967 680 1003 ἁμαρτημάτων
698 969 712 994 ό
733 968 789 1003 βίος

15 1008 174 1045 πεπλήρωται
190 1010 246 1037 τῶν
262 1012 291 1038 ἐν
304 1011 343 1047 τῷ
357 1013 506 1044 πιστεύειν,
522 1014 724 1049 προτιθεμένων
739 1014 789 1050 μὲν

13 1054 42 1080 τὰ
61 1055 210 1091 κρείττονα,
234 1057 279 1084 διὰ
298 1058 326 1084 δὲ
348 1059 460 1092 ἄγνοιαν
479 1059 512 1086 τὰ
539 1060 585 1087 ἐπὶ
613 1061 643 1087 τὸ
668 1061 788 1088 ἐναντιον

16 1098 115 1134 φέροντα
135 1100 280 1135 λεγόντων,
296 1103 312 1138 ἢ
328 1103 374 1130 καὶ
396 1104 580 1139 πραττόντων.
603 1106 658 1132 Καὶ
673 1105 788 1132 τοιοῦτοί

14 1145 41 1177 γέ
56 1146 117 1172 εἰσιν
131 1147 155 1174 οι
177 1148 219 1180 τὸ,
244 1157 254 1174 ι
268 1149 313 1185 Μὴ
333 1149 404 1185 ἅψῃ,
425 1150 462 1186 μὴ
489 1151 584 1187 γεύσῃ,
612 1151 649 1188 μὴ
673 1151 761 1188 θίγῃς,
775 1162 785 1179 ι

16 1190 157 1224 φάσκοντες,
175 1202 184 1218 ι
198 1194 265 1229 περὶ
282 1193 391 1222 πάντων
406 1195 459 1222 τῶν
476 1196 516 1227 εἰς
534 1195 648 1232 φθορὰν,
662 1197 708 1223 καὶ
721 1197 788 1224 ἀπό-

16 1243 116 1270 χρησιν»
131 1237 184 1265 τῶν
204 1238 367 1274 ἀνθρώπων,
385 1239 456 1267 κατά
475 1248 536 1267 τινα
556 1240 624 1268 πολὺ
645 1241 695 1277 τῆς
710 1241 785 1274 Θείας

15 1280 196 1318 ὑποϐεϐηκυῖαν
216 1285 271 1311 τῶν
293 1284 331 1317 ὼς
351 1285 495 1322 ἄνθρωπος
518 1288 639 1324 ἀποθάνῃ
663 1288 789 1316 διδασκα-

16 1325 62 1353 λίαν
74 1328 134 1364 (98).
150 1329 182 1356 Τί
200 1330 229 1357 δὲ
248 1331 288 1357 δεῖ
305 1331 368 1367 περὶ
388 1332 443 1359 τῶν
464 1334 492 1360 ὲν
512 1335 570 1365 ταῖς
584 1334 705 1370 αἱρέσεσι
722 1334 788 1361 κλυ-

15 1371 180 1410 δωνιζομὲνων
204 1376 254 1403 καὶ
275 1379 500 1414 περιφερομένων
525 1381 606 1406 παντὶ
629 1380 722 1416 ἀνέμῳ
741 1381 788 1408 ἐπὶ

16 1419 55 1453 τὴν
68 1421 170 1449 κνὸείαν
182 1423 238 1450 τῶν
253 1423 408 1459 ἀνθρώπων
415 1424 517 1459 λέγειν,
526 1425 721 1454 διαλαλούντων
732 1427 786 1462 (99)

17 1468 117 1502 σωτήρια
128 1469 160 1496 τὰ
179 1469 303 1506 ὀλέθρια,
315 1472 362 1498 καὶ
376 1473 413 1504 ὡς
428 1472 475 1499 ἐπὶ
490 1474 619 1509 σεϐασμῷ
634 1473 681 1500 τοῦ
699 1473 786 1510 Ἰησοῦ
800 1483 821 1511 C

16 1511 44 1537 τὰ
61 1511 137 1549 ψεύδη
157 1517 221 1551 περὶ
240 1516 323 1543 αὐτοῦ
343 1517 528 1550 δοξαζόντων;
552 1519 685 1552 Πολλάκις
700 1520 728 1546 δὲ
742 1520 788 1547 τδν

16 1556 101 1593 Πέτρον
125 1561 245 1589 τοιοῦτον
260 1564 276 1598 ὴ
294 1563 389 1599 Γραφὴ
414 1565 604 1600 ὲσημειώσατο
625 1565 788 1602 θερμότερον

15 1604 48 1635 Ii;
67 1604 95 1631 τὸ
119 1607 335 1642 ἐπαγγέλλεσθαι
358 1609 393 1636 τὰ
419 1610 569 1646 φαινόμενα
598 1611 673 1647 αὐτῷ
697 1612 788 1647 κρειτ-

15 1655 81 1675 τονιι·
102 1651 222 1690 καθάπερ
248 1654 296 1680 καὶ
325 1655 354 1681 ἐν
375 1655 414 1691 τῷ
436 1655 621 1688 ἀνεξετάστως
650 1656 788 1692 εἰρημένῳ

16 1694 53 1719 καὶ
65 1694 224 1732 ἀθετητικῶς
239 1699 290 1733 τῆς
311 1699 398 1735 Ἰησοῦ
416 1701 480 1736 περὶ
501 1701 555 1728 τῶν
574 1701 703 1737 μαθητῶν
719 1711 788 1738 προ-

16 1741 111 1785 φητείας
125 1743 264 1775 εἰπόντος,
281 1754 290 1769 ι
306 1745 411 1777 Πάντες
427 1745 505 1781 ὑμεῖς
523 1747 787 1785 σκανδαλισθήσεσθε

15 1783 38 1809 ἐν
53 1785 107 1820 ἐμοὶ
127 1788 156 1814 ὲν
171 1790 203 1824 τῇ
221 1789 300 1816 νυκτὶ
320 1789 425 1827 ταύτῃ,
445 1800 454 1816 ι
473 1791 520 1818 καὶ
535 1791 583 1827 τὴν
604 1783 786 1831 αἰτίαν-παρ-

16 1832 119 1865 ιστάντος
143 1835 179 1870 (l)
202 1835 232 1862 ὲν
265 1835 321 1871 τῷ·
350 1847 358 1862 ι
381 1837 537 1873 Γέγραπται
564 1839 619 1875 γάρ
637 1848 644 1854 '
670 1841 787 1874 Πατάξω

14 1876 51 1902 τὴν
65 1879 181 1914 ποιμένα,
195 1881 244 1907 καὶ
257 1880 531 1918 διασκορπισθήσεται
544 1884 578 1911 τὰ
598 1885 723 1921 πρόῦατα
737 1886 786 1922 τῆς

14 1924 127 1960 ποίμνης·
141 1935 150 1951 ι
167 1926 354 1959 ἀνεξετάστως
367 1928 421 1964 γὰρ
437 1930 506 1965 πρὸς
520 1930 609 1964 τοῦτο,
631 1931 677 1958 καὶ
691 1931 786 1967 ἁθετη-

12 1970 82 2001 τικῶς
93 1971 138 2006 τῆς
157 1972 244 2008 Ἰησοῦ
260 1973 423 2008 ἀποφάσεως
437 1972 497 2001 εἷπε
514 1976 560 2002 τό·
580 1985 589 2003 ι
606 1977 636 2003 Εἰ
654 1978 701 2004 καὶ
718 1978 786 2005 πάν-

12 2022 48 2046 τες
65 2018 332 2054 σκανδαλισθήσονται
353 2021 382 2046 ὲν
400 2021 440 2047 σοὶ
457 2020 506 2056 (ἒ),
522 2022 577 2056 ἐγὼ
591 2023 620 2050 οὺ
644 2023 785 2051 σκανδαλι-

14 2059 143 2106 σθήσομαι·
159 2073 168 2089 ι
187 2065 235 2091 καὶ
252 2064 341 2097 τοῦτο,
363 2065 403 2092 ἔτι
419 2067 478 2093 τότε
498 2069 633 2103 προπετὲς
653 2069 682 2096 ὃν
702 2070 731 2096 ἐν
749 2064 786 2106 τῇ

12 2104 70 2142 ψυχῇ
92 2109 180 2142 αὐτοῦ,
203 2111 291 2138 αῐτιον
314 2112 330 2147 ἢ
349 2112 396 2139 καὶ
420 2113 517 2147 γέγονε
533 2114 580 2140 τοῦ
597 2115 668 2150 ὑπὲρ
683 2115 714 2142 τὸ
736 2104 784 2151 μέζ

12 2157 63 2185 τρον
77 2154 173 2182 τούτων
188 2155 291 2183 λοιπῶν
312 2157 512 2193 σκανδαλισμοῦ
530 2159 718 2194 ἡμαρτηκέναι
733 2160 782 2186 αὺ-
797 2155 819 2189 Ι)

11 2195 56 2227 τὸν,
75 2198 259 2234 ἁρνησάμενον
280 2201 326 2228 τὸν
347 2201 450 2237 Ἰησοῦν
472 2203 533 2239 τρὶς
560 2204 625 2239 πρὶν
651 2205 781 2240 ἀλεκτρο-

12 2243 113 2275 φίιινὶας’
130 2245 234 2283 διόπερ,
251 2247 401 2283 ἐπιστήσας
418 2249 530 2285 τοιαύτῃ
549 2249 670 2286 προτέρᾳ
684 2251 780 2277 ἑαυτοῦ

12 2290 154 2326 προπετείᾳ,
173 2292 302 2329 ὠφελήθη
328 2293 367 2329 (5)
384 2294 418 2321 τὰ
443 2294 575 2329 μέγιστα,
600 2295 638 2327 ὡς
654 2296 780 2330 γενέσθαι

12 2332 192 2369 στιῆαρώτατος
210 2337 258 2364 καὶ
281 2338 537 2374 μακροθυμότατος·
554 2339 622 2375 ὅπερ
641 2339 778 2375 δηλοῦται,

12 2376 101 2405 Παύλου
114 2380 161 2415 μὲν
175 2382 299 2414 εἰπόντος
320 2383 394 2419 αὐτῷ
412 2383 566 2420 ἔμπροσθεν
581 2385 688 2411 πάντων
698 2404 705 2416 ,
724 2395 733 2408 ι
749 2386 780 2412 Et

12 2422 46 2454 σὺ.
63 2423 177 2459 Ἰουδαῖος
193 2428 336 2464 ὑπάρχων,
358 2429 473 2462 ἐθνικῶς
494 2431 540 2457 καὶ
558 2431 606 2457 οὐκ
629 2431 781 2463 Ἰουδαϊκῶς

12 2467 60 2502 ζῇς,
75 2471 128 2504 πῶς
145 2472 180 2499 τὰ
203 2473 268 2509 ἔθνη
288 2475 453 2510 ἀναγκάζεις
474 2476 624 2509 ’ἰουδαΐζειν
635 2485 642 2510 ;
655 2486 665 2503 ι
684 2477 731 2504 καὶ
746 2477 781 2504 τὰ

12 2513 72 2549 έξῆς,
85 2517 130 2544 τοῦ
143 2518 172 2546 δὲ
188 2520 258 2555 μετὰ
273 2521 379 2553 στίϐους
399 2522 601 2569 σιωπήσαντος,
614 2523 679 2558 περὶ
698 2520 728 2551 οὗ
750 2523 780 2550 ἐν

40 2575 60 2616 ξς
71 2575 144 2616 ioan.
161 2587 222 2616 xui,
236 2580 253 2607 6
270 2588 328 2616 seq.

14 2610 33 2625 "
40 2609 116 2639 Galat.
133 2621 162 2646 ιι,
173 2609 217 2642 ιι

41 2656 89 2698 (93)
111 2644 392 2699 ⁸ᾅνέζρωσιος
407 2644 555 2699 ἀποθάνῃ.
565 2664 774 2693 διδασκαλίαν.

14 2688 110 2736 melius
122 2695 162 2723 sic
173 2688 329 2736 intelligis
338 2688 579 2733 ίιὲἰωᾝιᾶἧίιῶηἶ

13 2724 347 2792 ροειι-ἰῆοιιι,’
355 2724 416 2767 qua:
435 2724 776 2771 ἕέέῖιὶόῖιξὶτξὶιζραπῆὶὶῗιξ

42 2797 90 2833 (99)
107 2799 194 2829 Codex
206 2801 315 2837 Regius,
335 2803 416 2839 male,
429 2803 613 2832 διαλαλοῦντα.

844 190 955 211 omnes:
967 182 1073 210 sciebat
1085 182 1170 213 enim,
1179 180 1304 215 quisnam
1317 183 1388 207 esset
1400 179 1523 214 proditor
1537 179 1630 214 ipsius:

844 233 989 265 propterea
1017 226 1178 255 dixit:Non
1208 226 1274 253 estis
1305 224 1397 252 rutundi
1427 232 1532 252 omnes.
1553 234 1563 252 ι
1585 224 1633 252 liis

843 281 904 309 quae
922 281 994 302 nunc
1013 281 1028 301 ιι
1049 273 1129 301 Petro
1150 276 1214 300 sunt
1238 272 1322 304 dicta,
1347 275 1499 306 opportune
1524 276 1633 298 utemur

843 321 959 355 exempli
971 326 1063 352 causa,
1080 318 1172 347 sicubi
1189 325 1256 353 opus
1276 317 1371 350 fuerit,
1389 322 1533 352 propterea
1558 319 1631 353 quod

843 366 923 394 facile
943 366 1014 393 factu
1035 366 1083 398 sit,
1104 369 1134 392 ιιι
1158 364 1258 400 aliquis
1278 369 1390 400 propter
1421 365 1631 398 imprudentiam

843 411 946 446 optimo
957 410 1098 445 proposito
1112 409 1184 438 dicat
1197 417 1258 444 qum
1269 409 1320 437 sibi
1337 408 1449 436 minime
1472 409 1528 436 sint
1542 409 1630 437 utilia.

843 456 910 484 Nam
927 458 950 485 si
967 457 1046 485 Petro
1062 457 1129 484 utile
1147 461 1207 484 erat
1222 456 1257 483 ad
1270 455 1423 483 habendam
1446 461 1550 491 partem
1568 464 1630 484 cum

842 501 916 535 Jesu,
938 506 968 530 ut
990 503 1031 530 sui
1049 503 1134 538 pedes
1149 502 1307 530 lavarentur
1323 501 1357 529 ab
1380 504 1455 537 ipso,
1481 507 1508 529 et
1535 502 1631 530 Petrus

843 548 971 575 nesciens
989 547 1055 575 utile
1070 548 1121 575 hoc
1135 555 1209 580 esse,
1234 548 1311 582 prius
1327 548 1437 582 quidem
1454 548 1529 581 illud,
1546 548 1631 576 veluti

842 593 1014 626 addubitans,
1043 594 1113 621 dixit
1129 594 1284 622 verecunde
1299 614 1308 626 ,
1327 603 1336 620 ι
1357 593 1485 626 Domine,
1511 599 1538 621 tu
1563 593 1631 622 mihi

842 639 916 667 lavas
929 640 1030 675 pedes?
1048 649 1057 666 ι
1073 647 1106 667 ac
1119 639 1208 667 denuo
1225 648 1231 666 :
1250 648 1259 665 ι
1281 638 1340 666 Non
1356 639 1458 666 lavabis
1472 639 1535 666 mihi
1550 640 1632 674 pedes

843 686 869 714 iu
886 690 1029 719 aeternum,
1049 696 1059 712 ι
1073 691 1101 714 et
1114 685 1196 722 412
1214 694 1274 721 qum
1285 685 1384 713 Petrus
1401 685 1520 718 dicebat,
1538 686 1631 720 prohi-

842 732 942 759 bebant
954 739 1022 767 opus
1037 733 1108 767 quod
1127 740 1159 760 eo
1170 740 1231 760 eum
1244 732 1382 766 evelleret,
1397 737 1426 759 ut
1442 731 1555 759 haberet
1568 739 1631 766 par-

843 783 897 806 tem
918 785 980 806 cum
1005 777 1164 810 Servatore,
1181 777 1354 812 perspicuum
1369 782 1420 810 est,
1440 777 1549 805 etiamsi
1563 785 1631 805 sano

841 825 990 860 proposito,
1002 825 1189 852 etvenerando
1202 825 1236 852 ad
1248 824 1444 859 Prmceptorem
1455 823 1506 851 hoc
1521 823 1630 857 dixerit,

841 875 973 899 nocenter
989 870 1040 898 sibi
1057 869 1271 905 dixisseJtaque
1286 870 1337 898 hac
1351 869 1444 905 specie
1457 874 1630 905 peccatorum

840 916 895 944 \ita
913 923 1009 944 eorum
1025 915 1130 950 repleta
1146 919 1199 948 est.
1216 916 1262 950 qui
1280 917 1345 943 dum
1358 916 1392 943 ad
1405 915 1484 943 ﬁdem
1503 915 1631 949 veniunt,

841 969 885 989 res
911 961 1023 997 quidem
1052 966 1207 996 proponunt
1232 961 1284 989 sibi
1310 965 1495 996 przestantcs:
1519 965 1631 996 propter

839 1009 1020 1044 ignorantiam
1042 1012 1147 1041 tamen,
1167 1016 1229 1044 qua:
1246 1009 1274 1036 in
1292 1009 1464 1036 contrariqu
1477 1009 1578 1036 ducunt
1589 1008 1631 1036 di-

840 1062 915 1090 cunt,
929 1056 971 1084 vel
985 1056 1068 1084 etiam
1087 1057 1199 1084 faciunt.
1219 1056 1309 1091 Atque
1333 1056 1488 1089 hujusmodi
1507 1055 1631 1090 proIeCto

839 1108 902 1131 sunt
916 1103 963 1137 qui
977 1103 1074 1130 dicunt
1091 1110 1098 1129 :
1124 1112 1133 1129 ι
1148 1102 1187 1130 Ne
1203 1102 1338 1137 tetigeris,
1361 1109 1449 1137 neque
1468 1102 1629 1137 gustaveris.

840 1155 930 1183 neque
943 1147 1173 1180 coutrectaveris,
1191 1147 1225 1175 de
1239 1147 1365 1175 omnibus
1376 1155 1436 1182 qua:
1449 1151 1513 1175 sunt
1527 1147 1553 1174 in
1568 1154 1630 1174 cox-

841 1194 994 1228 ruptionem
1015 1197 1043 1222 et
1063 1194 1179 1221 abusum
1196 1201 1208 1220 ι
1227 1193 1414 1226 hominum“,
1436 1193 1513 1228 juxta
1535 1201 1630 1228 quam-

840 1239 902 1267 dam
921 1239 1012 1267 divina
1035 1239 1114 1276 longe
1133 1238 1288 1267 inferiorem
1309 1240 1463 1267 doctrinam
1477 1247 1570 1267 eorum
1585 1248 1629 1268 re-

839 1293 911 1319 rum,
935 1293 982 1320 per
1005 1294 1073 1321 quas
1095 1286 1176 1314 homo
1199 1287 1276 1322 quasl
1298 1286 1427 1315 moritur.
1450 1287 1520 1321 Quid
1537 1293 1627 1316 autem

839 1331 930 1359 dicere
943 1336 1050 1367 oportet
1065 1333 1098 1360 de
1123 1332 1165 1360 his
1189 1332 1235 1367 qui
1262 1332 1288 1359 in
1307 1332 1459 1360 hmresibus
1484 1333 1627 1366 ﬂuctuant,

838 1377 940 1413 quique
953 1378 1028 1405 omni
1041 1384 1123 1406 vento
1135 1378 1365 1406 circumferuntur
1377 1380 1400 1395 "
1412 1387 1460 1414 per
1477 1380 1626 1407 versutiam

839 1423 981 1451 hominum
1003 1423 1202 1459 divulgantium
1217 1424 1349 1452 salutaria
1372 1433 1432 1452 esse
1453 1433 1513 1460 qua:
1537 1426 1628 1460 perui-

838 1468 907 1496 ciem
920 1467 1048 1502 ali'erunl,
1061 1477 1093 1497 ac
1108 1473 1237 1505 tanquam
1250 1471 1277 1498 in
1289 1471 1420 1498 honorem
1437 1469 1499 1497 Jesu
1516 1470 1583 1498 falsa
1594 1471 1629 1498 de

839 1514 898 1550 ipso
912 1516 1104 1552 opinantium?
1115 1516 1225 1544 Petrum
1240 1518 1334 1553 itaque
1345 1525 1536 1553 smpeuumero
1552 1518 1627 1546 Scri-

837 1565 917 1596 ptura
933 1561 1013 1589 talem
1028 1562 1132 1590 notavit
1146 1561 1343 1590 ferventiorem
1365 1563 1399 1590 ad
1414 1563 1624 1597 promittendum

837 1614 897 1641 quae
909 1606 960 1634 sibi
975 1607 1138 1636 videbantur
1156 1608 1269 1636 meliora
1282 1617 1289 1642 ;
1301 1609 1530 1643 quemadmodum
1543 1609 1632 1636 etiam.

838 1652 865 1680 in
879 1659 912 1679 eo
927 1653 999 1687 quod
1015 1653 1085 1681 dixit
1095 1653 1199 1688 absque
1215 1654 1268 1681 ulla
1282 1655 1484 1682 etatttinatione
1498 1663 1530 1682 ac
1542 1654 1630 1682 veluti

837 1706 970 1733 spernens
984 1700 1156 1736 prophetiam
1171 1700 1234 1727 Jesu
1261 1700 1294 1727 de
1318 1700 1460 1735 discipulis
1491 1701 1623 1735 dicentis,

839 1754 849 1771 ι
865 1743 967 1773 Omnes
981 1753 1031 1774 vos
1042 1745 1218 1773 oil'endemiui
1233 1753 1292 1773 mea
1303 1753 1388 1774 causa
1407 1751 1486 1774 nocte
1501 1747 1551 1775 hac
1563 1747 1597 1780 ⁷⁸,
1613 1757 1623 1774 ι

837 1795 864 1818 et
882 1798 992 1818 causam
1009 1791 1179 1818 ostendentis
1198 1791 1224 1818 in
1242 1799 1276 1819 eo
1295 1792 1367 1826 quod
1382 1793 1421 1820 ait
1436 1800 1442 1818 :
1459 1802 1468 1818 ι
1488 1792 1630 1827 Scriptum

836 1840 880 1864 est
905 1837 999 1864 enim:
1021 1836 1176 1864 Percutiam
1203 1842 1354 1871 pasmrem,
1381 1842 1409 1865 et
1437 1839 1626 1872 dispergentur

835 1884 900 1909 Oves
916 1881 1049 1917 gregis“;
1066 1891 1077 1909 ι
1097 1882 1199 1917 absque
1210 1882 1263 1910 ulla
1278 1883 1349 1910 enim
1364 1883 1575 1915 examinatione,
1598 1889 1626 1910 et

836 1929 913 1963 quasi
929 1935 1061 1963 spernens
1084 1928 1303 1956 enuntiationem
1317 1928 1393 1961 .Iesu.
1409 1929 1478 1956 dixit
1498 1930 1531 1956 ad
1547 1929 1598 1957 hoc
1614 1937 1620 1953 :

838 1984 847 2001 ι
868 1974 978 2002 Etiamsi
997 1982 1093 2002 omnes
1107 1974 1282 2003 oﬂ'endantur
1300 1980 1344 2002 tua
1358 1982 1452 2007 causa,
1467 1983 1518 2010 ego
1533 1980 1622 2003 tamen

835 2028 973 2055 nunquam
988 2019 1111 2048 offendar
1120 2021 1161 2054 ";
1177 2021 1227 2048 aid
1239 2021 1310 2055 quod
1326 2025 1381 2048 tum
1399 2021 1529 2056 temporis
1540 2028 1625 2050 teme-

834 2067 938 2094 rariqu
953 2066 1094 2094 exsistens
1110 2067 1137 2094 in
1154 2067 1246 2094 animo
1269 2068 1367 2103 ipsius,
1387 2067 1469 2095 etiam
1492 2067 1518 2094 in
1540 2075 1622 2096 causa

835 2111 885 2140 fuit
911 2116 942 2139 ut
961 2113 1089 2148 graviore
1097 2113 1163 2147 'pra:
1179 2115 1286 2143 ueteris
1302 2114 1516 2149 lapsuvpeccarit
1544 2113 1602 2148 ipse
1613 2133 1622 2146 ,

833 2157 926 2186 Jesum
939 2163 979 2186 ter
993 2160 1114 2194 negando
1126 2163 1191 2187 ante
1200 2160 1262 2195 galli
1280 2166 1402 2189 cantum.
1423 2160 1499 2188 llauc
1512 2160 1547 2187 ob
1556 2168 1622 2188 cau-

835 2211 893 2231 sam
911 2205 990 2232 talem
1008 2206 1049 2233 sui
1067 2206 1152 2241 ipsius
1169 2207 1361 2235 temeritatem
1372 2207 1490 2242 priorem
1505 2206 1622 2241 diligen-

836 2250 891 2277 tius
914 2259 977 2278 cum
997 2253 1190 2287 perspexisset.
1219 2254 1367 2280 maximum
1393 2261 1425 2281 ex
1454 2260 1485 2280 ea
1504 2251 1621 2280 fructum

833 2295 966 2330 percepit,
989 2295 1056 2324 adeo
1084 2302 1114 2324 ut
1138 2301 1234 2332 postea
1259 2297 1347 2326 factus
1370 2299 1406 2326 sit
1434 2298 1620 2335 fortissimus,

832 2345 913 2376 atque
936 2342 971 2370 ad
996 2342 1125 2378 quidquid
1145 2343 1292 2372 accidisset
1317 2345 1508 2380 mquanimiter
1530 2345 1620 2373 feren-

830 2386 894 2414 dum
918 2388 1127 2422 paratissimus;
1155 2390 1228 2424 Quod
1252 2391 1410 2418 declaratur
1434 2398 1468 2417 ex
1491 2398 1524 2418 eo
1548 2393 1620 2427 quod

831 2431 915 2460 Paulo
928 2433 1036 2462 dicente
1044 2433 1081 2461 illi
1094 2441 1189 2461 coram
1201 2436 1336 2469 omnibus,
1347 2435 1390 2463 «Si
1402 2440 1429 2462 tu
1437 2435 1547 2463 Judaaus
1557 2443 1619 2463 cum

829 2478 880 2512 sis,
893 2480 1031 2514 gentiliter
1042 2481 1121 2516 vivis,
1130 2487 1158 2510 et
1170 2490 1224 2510 non
1236 2481 1361 2515 Judaice,
1376 2484 1619 2517 quomodogentes

829 2525 905 2560 cogis
923 2525 1079 2554 Judzeorum
1095 2535 1172 2556 more
1185 2527 1330 2556 vivere"?
1350 2537 1366 2553 ιΔ
1381 2531 1409 2555 et
1421 2535 1482 2564 quae
1500 2534 1619 2561 sequun-

372 2582 392 2597 ⁷¹
410 2581 500 2610 Colos.
519 2590 550 2615 ιι,
562 2583 607 2617 21,
619 2582 665 2611 22.
702 2583 725 2600 "
747 2584 774 2619 ΕΙ

866 2592 899 2619 ιν,
917 2585 961 2614 14.
1000 2586 1023 2603 ⁷³
1037 2586 1133 2616 Matth.
1143 2595 1219 2622 xxvr,
1235 2587 1280 2616 31.
1319 2589 1342 2605 ⁷⁸
1357 2587 1423 2616 ibid.
1459 2588 1484 2604 ⁷⁸
1499 2587 1564 2616 ibid.
1584 2587 1619 2616 55

865 2667 903 2705 (ᾗ)
918 2667 1009 2705 ῼοιιοι
1021 2667 1134 2705 Regius1
1144 2668 1226 2705 male,
1243 2669 1429 2705 περιστάντος.

866 2703 905 2739 (2)
921 2703 992 2730 Idem
1009 2701 1106 2739 codex»
1117 2703 1238 2739 Regius,
1262 2701 1401 2736 mendose,
1421 2701 1617 2738 σκανδαλισθή-

830 2737 968 2774 σεσθαιγὲν
976 2738 1048 2774 ἐμοὶ,
1063 2737 1128 2774 ὲγῲ,
1141 2737 1194 2766 etc.

867 2774 906 2809 (ὅ)
926 2772 998 2802 ldcni
1011 2774 1096 2803 codex
1107 2773 1218 2810 Regios,
1234 2774 1314 2807 male,
1326 2772 1508 2809 ὠφεληθῆναι.
