1835 3047
201 148 252 177 159

922 135 1084 166 ORIGENIS

1771 129 1805 156 τω

199 207 319 243 Spiritus
339 208 461 236 sanctus,
484 203 623 237 virtusque
637 208 670 228 ex
689 199 754 233 allo,
768 206 817 227 ceu
837 198 986 227 vestimen-
1001 200 1024 229 Α

1059 196 1085 223 αὶ
1100 196 1116 231 ἡ
1134 194 1171 227 ὡς
1195 193 1296 228 ἔνδυμα
1320 191 1349 224 ἐξ
1361 190 1444 227 ὕψους
1461 189 1584 225 δύναμις.
1611 188 1640 215 ’Θ
1658 187 1708 224 μὲν
1721 184 1761 214 οὖν
1771 187 1804 213 Πέ-

202 258 271 281 tum.
287 253 374 286 Atque
388 250 483 277 Petrus
505 248 626 283 quidem,
642 254 696 274 non
713 245 888 274 considerans
902 245 986 272 ratio-

203 306 264 326 nem
283 296 430 324 voluntatis
441 293 504 322 Iesu
518 314 525 326 ,
547 293 592 328 qui
613 293 764 327 incmperat
789 291 880 317 lavare
908 290 989 326 pedes

203 341 396 377 discipulorum
411 362 418 373 ,
441 344 469 367 et
489 339 648 373 abstergens
674 337 757 365 linteo
776 343 830 371 quo
845 340 906 363 erat
921 343 990 371 pra:-

203 387 319 417 cinctus,
337 384 401 412 dicit
418 384 467 416 illi,
499 391 508 409 ι
524 383 649 415 Domine.
663 386 689 409 tn
708 381 775 408 mihi
789 381 863 409 lavas
878 381 987 415 pedes?»

204 432 363 464 dubitative,
379 435 406 458 et
434 430 518 458 veluti
534 430 638 464 pudore
658 428 733 456 illum
752 428 859 455 aﬁicere
876 426 968 454 volens
979 447 987 460 ,

204 478 256 506 hoc
270 477 363 505 dicens
383 481 431 504 τοι
442 483 506 504 vero
521 486 530 502 ι
546 475 623 503 Iesus
636 474 784 510 respondit,
797 479 824 502 et
838 474 907 501 dixit
921 472 961 500 illi
978 493 986 506 ,

204 524 281 558 Quod
313 532 362 558 ego
395 523 475 555 facio,
514 526 541 549 tu
570 529 642 548 nunc
673 521 771 553 nescis,
802 520 874 547 scies
901 523 991 546 autem

206 575 325 605 postea.)
343 571 442 597 docens
458 567 614 604 mysterium
629 567 680 594 hoc
695 573 765 594 esse.
782 565 836 593 Sed
853 564 917 600 quid
933 568 994 592 erat

208 616 270 642 illud
284 615 354 650 quod
368 614 486 642 faciebat
509 613 588 640 Iesus
606 612 721 639 lavando
742 611 825 646 pedes
844 609 993 644 discipulo-

207 661 289 688 rum?
313 661 353 687 An
369 660 533 694 operabatur
549 657 662 685 lavando
693 657 814 692 ipsorum
841 656 938 690 pedes,
968 658 996 682 et.

209 705 389 741 abstergcudo
405 705 488 732 linteo
504 711 559 739 quo
577 707 635 731 erat
649 702 811 738 praecinctus
822 722 830 735 ,
844 702 917 736 ipsos
931 708 995 736 spe-

209 751 309 783 ciosus,
325 758 387 777 curn
399 750 517 776 futurum
534 752 616 780 esset,
633 752 663 775 ut
685 747 799 782 apostoli
822 747 893 774 bona
915 753 997 773 evan-

209 795 382 830 gelizarent?
397 794 465 821 Nam
478 794 588 829 quando
606 793 670 820 lavit
694 793 777 827 pedes
801 791 996 827 discipulorum

211 841 301 875 Iesus,
318 845 381 868 tunc
392 840 489 874 opinor
507 839 572 867 illud
590 838 746 873 prophetice
759 838 859 865 dictum
878 837 911 864 de
933 843 998 871 apo-

210 888 288 915 stolis
301 887 359 914 suis
375 887 538 921 completum
552 885 635 913 fuisse
652 892 659 912 :
676 893 685 910 ι
699 883 786 917 Quam
805 883 920 918 speciosi
933 887 997 910 sunt

211 937 292 969 pedes
319 932 562 967 evangelizautium
580 932 649 958 bona
669 930 727 951 ⁸⁹-¹¹
741 931 765 957 ί»
790 929 866 963 Quod
882 929 903 956 si
917 928 999 963 pedes

212 980 407 1014 discipulorum
422 979 530 1011 lavans,
543 978 670 1012 pulchros
685 985 732 1006 eos
742 976 817 1010 facit,
826 975 889 1011 quid
900 974 999 1002 dicturi

212 1034 308 1053 sumus
324 1024 478 1060 ingenerari
497 1031 512 1051 a
527 1031 590 1051 vera
608 1023 825 1058 pulchriludiue,
841 1021 884 1049 his
893 1021 937 1056 qui
952 1020 1000 1048 loli

213 1076 278 1098 sunt
305 1070 434 1105 haptizati
459 1077 473 1096 a
496 1067 560 1096 Iesu
578 1069 605 1095 in
631 1068 733 1102 Spiritu
754 1071 848 1094 sancto
871 1070 898 1093 et
923 1065 1002 1099 igni?

214 1114 332 1142 Proinde
357 1113 440 1148 pedes
463 1113 707 1148 evangelizautium
726 1111 796 1138 bona
821 1109 926 1145 pulchri
941 1108 1001 1136 fue-

214 1165 288 1192 rant,
309 1165 337 1186 ut
351 1159 398 1187 loti
417 1164 444 1186 ct
460 1158 581 1186 mundati
603 1162 631 1186 et
654 1157 771 1185 abstersi
784 1156 886 1184 Christi
916 1154 1002 1182 mani-

213 1207 277 1240 bus,
295 1207 419 1234 incedere
434 1209 545 1241 possent
559 1213 609 1240 per
622 1210 744 1232 sanctam
758 1204 842 1236 viam,
857 1207 939 1237 atque
952 1202 1003 1230 iter

215 1252 306 1279 facere
320 1259 368 1286 per
383 1251 457 1278 illum
472 1251 517 1285 qui
530 1250 599 1277 dixit
616 1259 623 1277 :
638 1249 708 1285 «Ego
722 1257 781 1276 sum
798 1249 842 1275 via
857 1248 906 1275 ⁸³.»
923 1247 1003 1275 Solus

217 1297 300 1330 enim,
317 1300 344 1324 et
359 1295 449 1323 omnis
476 1295 555 1331 cujus
578 1295 661 1330 pedes
689 1294 787 1322 laverit
804 1293 884 1321 Iesus
897 1313 905 1326 ,
931 1292 1003 1320 viam

217 1342 386 1375 perambulat
410 1342 480 1369 hanc
503 1341 638 1368 viventem
662 1345 689 1368 et
719 1341 752 1367 ad
778 1339 886 1367 Patrem
903 1340 1005 1367 ducen-

219 1392 292 1420 tem;
309 1396 359 1415 nec
371 1388 442 1423 capit
457 1387 514 1415 haec
536 1387 579 1415 via
597 1386 680 1422 pedes
705 1386 862 1421 inquinatos
879 1390 907 1413 et
922 1385 1005 1421 pedes

219 1433 266 1467 qui
283 1434 401 1460 nondum
414 1438 478 1459 sunt
490 1432 594 1460 mundi.
614 1433 702 1466 Atque
717 1431 805 1459 Moses
819 1430 926 1465 quidem
938 1437 1005 1466 opus

221 1479 341 1507 habebat
364 1479 470 1506 solvere
496 1478 710 1506 ealeaamentum
736 1485 769 1505 ex
794 1476 908 1512 pedibus
935 1476 1004 1508 suis,

221 1523 348 1555 quoniam
377 1524 399 1551 is
416 1524 494 1551 locus
510 1524 545 1551 ad
558 1529 638 1558 quem
662 1527 845 1557 pervenerat,
867 1527 893 1549 et
907 1521 934 1549 in
952 1529 1005 1556 quo

222 1569 329 1603 stabat,
364 1573 437 1597 terra
465 1574 558 1596 sancta
588 1573 648 1596 erat
659 1568 703 1601 “;
731 1568 854 1596 similiter
875 1572 902 1595 et
928 1567 1006 1595 Iesus

223 1615 297 1643 Nave
316 1615 387 1643 ﬁlius
402 1615 434 1643 ⁸³.
454 1615 489 1642 At
504 1623 571 1643 vero
583 1614 645 1642 Iesu
658 1614 796 1649 discipulis
810 1634 817 1646 ,
836 1618 865 1641 ut
878 1621 925 1649 per
938 1613 1009 1641 hanc

224 1661 360 1688 viventem
384 1661 585 1695 animatamque
611 1659 682 1687 viam
709 1658 915 1695 perambulent,
954 1666 1008 1686 non

225 1707 312 1734 solum
332 1707 399 1735 satis
413 1710 451 1734 est
469 1706 496 1733 in
509 1705 550 1733 via
565 1705 672 1734 calceos
682 1712 737 1732 non
751 1705 864 1739 habere,
880 1712 942 1733 cum
958 1705 1010 1733 hoc

224 1753 303 1781 Iesus
317 1751 457 1787 discipulis
469 1751 527 1779 suis
540 1751 701 1787 praeceperit
727 1751 772 1784 ἐς
799 1750 847 1778 sed
875 1751 908 1777 ad
940 1751 1010 1778 hanc

225 1799 310 1832 ipsam
336 1798 407 1825 viam
446 1797 644 1825 conﬁciendam
675 1804 742 1832 opus
764 1796 847 1824 etiam
876 1795 1010 1824 habebant

225 1843 310 1872 lavari
326 1851 341 1871 ο
358 1843 434 1875 Iesu,
450 1843 496 1879 qui
509 1843 633 1878 deposuit
652 1843 826 1874 vestimenta,
844 1842 967 1870 fortassis
981 1845 1012 1869 ut

228 1887 342 1915 mundos
356 1886 438 1922 416
449 1887 556 1914 illorum
569 1888 652 1922 pedes
665 1887 842 1919 exsistentes,
854 1887 1011 1914 mundiores

227 1933 349 1960 faceret:
366 1933 491 1960 fortassis
502 1933 594 1966 etiam,
611 1937 639 1959 ut
656 1933 868 1965 immunditiam,
887 1940 967 1967 quam
983 1932 1010 1960 in

226 1978 339 2012 pedibus
351 1978 409 2006 suis
419 1977 554 2005 habebant
564 1978 699 2013 discipuli,
711 1978 739 2005 in
750 1986 828 2006 suum
843 1978 927 2012 ipsius
942 1978 1012 2005 reci-

228 2029 304 2059 peret
324 2032 431 2059 corpus,
448 2024 586 2052 mediante
603 2024 687 2051 linteo
701 2031 734 2052 eo
747 2032 800 2059 quo
813 2025 872 2052 solo
895 2024 1012 2059 praecin-

227 2076 287 2098 ctus
301 2070 438 2098 erat:i‘ert
451 2071 508 2105 ipse
527 2077 643 2105 namque
665 2071 836 2099 inﬁrmitates
855 2075 964 2098 nostras
977 2071 1011 2098 ⁸⁸.

230 2117 299 2144 Vide
313 2117 395 2152 igitur
407 2117 478 2151 quod
491 2116 632 2143 lavaturus
649 2116 732 2150 pedes
745 2116 939 2150 discipulorum
953 2115 1013 2142 nul-

229 2161 283 2188 lum
301 2161 372 2188 aliud
384 2166 489 2195 tempus
504 2160 630 2195 elegerit,
642 2160 693 2188 nisi
706 2160 877 2195 quandojam
892 2160 1014 2188 diabolus

229 2208 389 2235 immisisset
406 2208 433 2235 in
448 2214 496 2235 cor
515 2206 634 2234 Simonis
648 2205 723 2234 Iuda:
738 2205 876 2234 lseariolis
896 2211 926 2234 ut
951 2213 1014 2241 pro-

229 2254 306 2281 deret
317 2261 390 2286 eum,
405 2257 433 2281 et
448 2253 558 2288 quando
572 2252 694 2280 facienda
718 2257 778 2280 erat
798 2260 848 2287 pro
861 2253 1017 2281 hominibus

231 2300 381 2328 oeconomia
397 2309 405 2326 ε
422 2304 488 2327 ante
499 2299 568 2326 hanc
581 2298 681 2326 etenim
696 2305 748 2326 non
766 2303 944 2334 opportunum
957 2302 1017 2325 erat

231 2346 381 2380 discipulos
396 2345 498 2373 habere
526 2345 609 2380 pedes
635 2351 650 2371 a
676 2342 739 2371 Iesu
762 2342 930 2379 lotost'quis
945 2343 1017 2371 enim

222 2392 336 2433 ’loturus
348 2390 438 2418 fuerat
453 2390 550 2425 pedum
565 2389 672 2417 illorum
687 2389 781 2416 sordes
800 2388 869 2415 intra
882 2389 933 2416 hoc
948 2392 1015 2415 tem-

221 2442 283 2471 pus
307 2441 392 2469 usque
406 2435 439 2462 ad
454 2435 605 2469 passionem
618 2433 630 2460 ?
653 2434 705 2461 Sed
721 2442 754 2461 ne
767 2439 888 2468 tempore
905 2432 1014 2468 quidem

224 2478 370 2515 "passionis
384 2487 392 2506 :
405 2487 491 2515 nequc
505 2480 578 2508 enim
592 2479 661 2507 alius
676 2484 734 2507 crat
747 2478 828 2508 Iesus
840 2479 886 2514 qui
905 2479 1016 2506 illorum

235 2530 339 2554 tavaret
348 2525 440 2561 pedes.
457 2526 496 2553 Ac
509 2533 544 2553 ne
560 2531 620 2560 post
631 2525 810 2554 meonomiam
826 2525 935 2559 quidem
947 2525 1017 2559 :iam

237 2573 308 2600 enim
321 2571 416 2599 aderat
432 2571 498 2598 hora
511 2571 630 2605 Spiritus
641 2572 726 2600 sancti
746 2570 779 2598 ad
791 2570 939 2604 discipulos
953 2577 1019 2597 ven-

237 2618 289 2645 turi
314 2617 369 2653 jsm
398 2616 486 2644 laetos
511 2616 637 2650 mundos,
652 2622 678 2645 et
692 2617 762 2645 lotos
780 2617 911 2644 habentes
924 2615 1017 2650 pedes,

1037 252 1112 280 τρος,
1129 241 1166 277 μὴ
1190 238 1300 275 θεωρῶν
1314 238 1358 265 τδν
1376 237 1454 271 λόγον
1476 235 1523 262 τοῦ
1549 234 1721 270 βουλήματος
1743 232 1804 267 Ἰηκῦ

1039 277 1192 324 ἀρξαμένου
1201 285 1305 312 νίπτειν
1318 283 1380 315 τοὺς
1396 282 1479 313 πόδας
1497 280 1552 308 τῶν
1570 278 1710 315 μαθητῶν,
1723 277 1764 304 καὶ
1775 279 1805 303 ἐκ·

1041 334 1154 370 μάσσειν
1175 331 1214 367 τῷ
1238 330 1344 365 λεντίῳ,
1363 326 1385 363 ᾧ
1397 326 1431 363 ἦν
1448 326 1638 361 διεζωσμένος,
1653 324 1727 359 λέγει

1043 368 1052 406 ἆ
1066 378 1164 413 Κύριε,
1182 376 1214 404 σύ
1225 385 1276 412 μου
1288 375 1395 405 νίπτεις
1406 373 1468 404 τοὺς
1484 371 1585 404 πόδας;
1602 380 1612 397 ι
1624 368 1806 404 ὲπαπορητικῶς

1041 423 1088 450 καὶ
1103 419 1299 457 δυσωπητικῶς
1308 418 1387 445 τοῦτο
1402 417 1523 452 φάσκων·
1536 416 1550 441 ὁ
1560 415 1588 442 δὲ
1609 413 1714 450 Ἰησοῦς
1723 414 1805 447 ἀπειρε-

1042 469 1086 505 θη,
1104 468 1151 495 καὶ
1164 465 1241 493 εἷπεν
1257 465 1341 500 αὐτῷ,
1363 463 1506 495 διδάσκων,
1528 462 1569 488 ὅτι
1590 461 1737 496 μυστήριον
1753 458 1806 485 τοῦτο

1041 513 1086 551 ἦν,
1099 513 1140 540 τό-
1159 521 1169 538 ι
1190 513 1223 539 Ὃ
1240 511 1295 546 ἐγὼ
1309 510 1387 542 ποιῶ,
1406 510 1437 536 σὺ
1458 508 1508 535 οὐκ
1524 504 1597 538 οἶδας
1614 506 1687 542 ἄρτι·
1706 505 1806 540 γνώσῃᾶ

1045 549 1113 594 μετὰ
1125 556 1220 584 ταῦτα.
1247 565 1257 582 ι
1276 555 1308 582 Τί
1323 555 1352 581 δὲ
1367 552 1401 590 ἦν
1414 553 1428 579 ὃ
1449 552 1536 579 ἐποίει
1554 552 1656 578 νίπτων
1675 551 1736 581 τοὺς
1750 549 1806 580 πῶς

1043 603 1097 630 τῶν
1115 601 1244 638 μαθητῶν
1256 601 1270 627 ό
1291 599 1409 635 Ἰησοῦςς
1426 599 1462 625 ’Ἡ
1472 598 1614 634 εἰργάζετο
1627 596 1670 623 διὰ
1679 596 1724 622 τοῦ
1731 595 1806 638 via-Au

1045 647 1135 675 αὐτῶν
1151 637 1214 678 τοὺς
1231 645 1325 677 πόδας,
1347 645 1395 671 καὶ
1416 642 1567 678 ἐκμάσσειν
1591 640 1631 676 τῷ
1643 637 1766 676 λεντίῳῷ
1787 637 1807 674 ἦν

1045 692 1236 728 διεζωσμένος,
1250 690 1367 727 ὡραίους
1376 689 1484 721 αὐτοὺς,
1500 687 1650 724 μελλόντων
1659 686 1744 713 αὐτῶν
1754 686 1809 716 εὐνί-

1046 738 1205 774 γελίσασθαι
1218 737 1252 764 τὰ
1266 736 1373 771 ἀγαθάς
1390 735 1454 762 Ὂτε
1471 734 1528 770 γὰρ
1537 733 1613 767 ἐνιψε
1619 733 1681 764 τοὺς
1694 731 1808 762 πόδαςτὼι

1050 784 1178 822 μαθητῶν
1195 784 1209 810 ὁ
1231 781 1345 818 Ἰησοῦς,
1360 781 1431 813 τότε,
1448 779 1534 816 οἶμαι,
1544 778 1719 815 πεπλήρωται
1730 777 1757 803 τὸ
1765 777 1819 811 περὶ

1048 831 1104 858 τῶν
1128 828 1285 857 ἀποστόλων
1299 826 1384 854 αὐτοῦ
1402 824 1579 862 προφητικῶς
1593 824 1742 860 εἰρημένον·
1758 832 1766 847 ι
1781 822 1808 852 Ὡς

1013 872 1034 900 Β
1048 876 1144 912 ὡραῖοι
1163 876 1188 901 οἱ
1211 874 1291 905 πόδες
1306 872 1361 899 τῶν
1381 870 1633 905 εὐαγγελιζομένων
1654 868 1687 896 τὰ
1701 866 1787 901 ἀγαθάί
1801 875 1806 890 ι

1050 921 1082 947 Ei
1098 920 1126 946 δὲ
1143 919 1227 950 πόδας
1250 916 1378 953 μαθητῶν
1392 915 1493 942 νίπτων
1506 915 1626 950 ὡραίους
1638 913 1732 944 ain-r3;
1751 912 1808 942 πνεῖ,

1050 966 1076 994 τί
1091 967 1212 1002 φήσομεν
1227 964 1282 991 άπὸ
1294 963 1340 990 τοῦ
1351 961 1476 998 ἀληθινοῦ
1492 961 1606 992 κάλλους
1619 958 1760 994 ἐγγίνεσθαι

1051 1011 1104 1038 ὑπὸ
1134 1009 1221 1045 Ἰησοῦ
1237 1007 1449 1045 βαπτισαμένοις
1468 1007 1539 1039 ὅλοις
1568 1007 1597 1033 ὲν
1614 1005 1747 1041 Πνεῦμα-τι
1761 1003 1809 1038 ἀτὰρ

1051 1057 1099 1085 καὶ
1112 1056 1194 1093 πυρί;
1214 1055 1315 1091 Ὠραϊοι
1327 1054 1355 1080 δὲ
1370 1054 1395 1080 οι
1410 1053 1489 1084 πόδες
1498 1052 1624 1087 ἐγένοντο
1633 1051 1685 1078 τῶν
1700 1050 1808 1084 εὐαγγελι-

1052 1103 1172 1139 ζομένων
1181 1101 1216 1128 τὰ
1226 1100 1326 1135 ἀγαθὰ,
1341 1100 1393 1129 ἵνα.
1410 1098 1563 1133 νιψάμενοι,
1580 1098 1627 1124 καὶ
1646 1097 1809 1133 καθηράμεδιι,

1052 1149 1100 1176 καὶ
1120 1146 1305 1183 ἐκμαξάμενοι
1318 1145 1371 1171 ἀπὸ
1384 1144 1439 1171 τῶν
1450 1142 1570 1179 Χριστοῦ
1588 1142 1695 1178 χειρῶν,
1712 1140 1808 1174 ἐπιϐῆναι

1052 1193 1186 1230 δυνηθῶσι
1202 1193 1251 1228 τῆς
1264 1191 1344 1226 ἁγίας
1357 1189 1429 1223 ὁδοῦ,
1442 1190 1488 1216 καὶ
1502 1188 1604 1215 ὁδεύειν
1618 1188 1664 1215 τὸν
1671 1185 1804 1219 cii-mum

1052 1241 1093 1267 τό’
1111 1248 1120 1265 ι
1146 1238 1216 1273 Ἐγώ
1232 1238 1288 1273 εἰμι
1302 1237 1318 1272 ἡ
1332 1236 1401 1268 ὁδός·
1422 1245 1431 1261 ι
1450 1235 1528 1270 μόνος
1540 1234 1595 1270 γὰρ
1610 1234 1658 1260 καὶ
1671 1230 1808 1264 «signiﬁ-

1055 1293 1135 1321 μενος
1151 1285 1212 1315 τοὺς
1225 1283 1308 1314 πόδας
1324 1282 1379 1308 ἀπὸ
1390 1280 1437 1308 τοῦ
1460 1280 1547 1316 Ἰησοῦ
1558 1279 1644 1306 ὁδεύει
1654 1279 1702 1313 τὴν
1711 1277 1759 1304 ὁδὸν
1766 1275 1810 1302 τιν·

1054 1341 1103 1368 την
1119 1331 1168 1366 τὴν
1185 1330 1285 1363 ζῶσαν,
1303 1329 1351 1356 καὶ
1368 1328 1503 1364 φέρουσαν
1521 1326 1589 1363 πρὸς
1604 1325 1651 1352 τὸν
1662 1324 1759 1359 Πατέρα
1780 1322 1810 1348 καὶ

1054 1378 1084 1405 οὐ
1102 1377 1213 1413 χωρεῖὴ
1228 1375 1286 1408 όδὺς
1300 1375 1369 1410 αὕτη
1380 1373 1462 1404 πόδας
1483 1372 1711 1407 μεμολυσμένους,
1722 1368 1810 1396 καὶτοὺς

1055 1424 1095 1451 ἐτι
1113 1424 1150 1459 μὴ
1178 1422 1324 1458 καθαρούς.
1346 1420 1448 1455 Μωσῆς
1467 1419 1515 1454 μὲν
1542 1416 1588 1445 οὖν
1607 1418 1690 1444 ἐδεῖτο
1709 1415 1809 1443 ὑπολύει-

1057 1470 1118 1497 σθαι
1131 1469 1161 1495 τὸ
1176 1468 1302 1504 ὑπόδημα
1320 1467 1374 1494 ἀπὸ
1387 1467 1440 1493 τῶν
1455 1465 1543 1493 ποδῶν
1564 1464 1657 1496 αὑτοῦ,
1673 1463 1772 1496 ὲπείπρ

1056 1516 1085 1543 ὃν
1099 1515 1211 1550 ἐφθάκει
1229 1514 1309 1540 τόπον
1325 1514 1353 1539 ὲν
1400 1513 1531 1548 είστήκει,
1545 1511 1580 1546 γῆ
1599 1511 1664 1544 ἁγία
1684 1507 1726 1545 ἦν·
1741 1506 1811 1542 ipsis

1059 1562 1087 1588 δὲ
1102 1563 1116 1588 ό
1129 1560 1175 1588 τοῦ
1187 1560 1264 1595 Ναυῆ
1287 1558 1401 1594 Ἰησοῦς.
1413 1559 1444 1586 οἱ
1456 1558 1483 1585 δὲ
1499 1557 1618 1593 μαθηταὶ
1627 1555 1672 1582 τοῦ
1691 1552 1772 1589 Ἰησοῦ,
1784 1552 1810 1577 in

1058 1607 1187 1635 όδεύσωσι
1198 1606 1247 1641 τὴν
1261 1605 1350 1638 ζῶσαν
1362 1604 1409 1631 καὶ
1428 1604 1548 1639 ἔμψυχον
1566 1602 1635 1634 ὁδὸν,
1655 1601 1685 1627 οὒ
1702 1598 1768 1635 μόνον
1779 1597 1811 1630 ἀξ-

1059 1653 1169 1681 κοῦνται
1185 1652 1223 1688 τῷ
1237 1650 1273 1687 μὴ
1284 1651 1356 1686 ἔχειν
1369 1650 1532 1685 ὑποδήματα
1545 1647 1617 1675 κατὰ
1628 1647 1677 1682 τὴν
1687 1646 1747 1675 όδδν,
1758 1642 1810 1669 τοῖτῦ

1059 1700 1116 1731 τοῖς
1130 1687 1287 1729 ἀποστόλοις
1298 1696 1380 1723 αὑτοῦ
1394 1694 1584 1730 ἐντειλαμένου
1601 1693 1646 1720 τοῦ
1668 1690 1754 1727 Ἰησοῦ·
1768 1687 1812 1714 vim

1059 1745 1115 1781 γὰρ
1128 1745 1179 1771 ἔδει
1195 1743 1263 1780 πρὸς
1278 1744 1309 1770 τὸ
1322 1743 1428 1769 ὁδεῦσαι
1443 1741 1490 1776 τὴν
1502 1741 1562 1767 ὁδὸν
1577 1739 1678 1774 ταύτην
1698 1738 1772 1767 αὐτοῖς
1782 1733 1812 1759 πιιὶ

1060 1791 1091 1818 τὸ
1102 1790 1228 1825 νίψασθαι
1246 1789 1299 1816 ἀπὸ
1319 1788 1367 1815 τοῦ
1393 1787 1479 1823 Ἰησοῦ
1506 1786 1674 1821 ἀποθεμένου
1692 1784 1723 1810 τά
1738 1781 1810 1817 ἱμάτια·

1061 1824 1194 1872 τάχαγμὲν
1207 1835 1250 1862 ἵνα
1265 1833 1402 1869 καθαροὺς
1417 1832 1516 1863 αὐτοὺς
1528 1831 1585 1867 (l3)
1601 1831 1662 1861 τοὺς
1676 1829 1750 1859 πόδας

1063 1869 1328 1919 σῃμκαθαρωτέρους·
1347 1879 1418 1914 τάχα
1433 1877 1462 1905 δὲ
1479 1878 1522 1904 ἵνα
1538 1877 1583 1904 τδν
1603 1877 1632 1902 ὲν
1648 1876 1703 1906 τοῖς
1716 1873 1767 1900 ποσὶ
1778 1869 1811 1917 νέξ

1064 1918 1191 1964 μαθητῶν
1210 1926 1294 1962 ῥύπον
1309 1924 1432 1960 ἀναλάϐῃ
1443 1924 1482 1954 εἰς
1499 1923 1531 1950 τὸ
1541 1921 1637 1949 ἑαυτοῦ
1653 1921 1727 1955 σῶμα
1740 1918 1773 1963 διά

1062 1973 1177 2006 λεντίου,
1191 1969 1212 2007 ᾧ
1234 1971 1308 2008 μόνῳ
1325 1969 1545 2006 περιεζωσμένος
1563 1966 1607 2004 ἦν·
1634 1967 1710 1997 am,-
1724 1959 1767 1999 γάῤ
1782 1960 1811 1989 τὰς

1063 2018 1204 2050 ἀσθενείας
1219 2017 1297 2053 ἡμῶν
1308 2017 1395 2052 φέρει.
1411 2017 1483 2051 Ὅρα
1493 2014 1559 2050 γὰρ,
1570 2014 1622 2045 ὅτι,
1633 2012 1730 2048 μέλλων
1742 2009 1811 2035 view

1063 2066 1126 2097 τοὺς
1139 2064 1221 2096 πόδας
1240 2063 1294 2090 τῶν
1312 2061 1450 2098 μαθητῶν,
1459 2061 1510 2087 οὐκ
1523 2059 1603 2087 ἄλλον
1619 2058 1709 2094 καιρὸν
1722 2053 1811 2085 ἑπελέξιλ

1064 2120 1104 2143 το,
1116 2111 1132 2147 ἢ
1145 2111 1189 2137 ὅτε
1208 2111 1222 2137 ό
1231 2109 1351 2140 διάϐολος
1357 2108 1406 2144 ήδη
1424 2107 1550 2143 βεϐλήκει
1561 2106 1601 2137 εἰς
1611 2105 1660 2140 τὴν
1673 2099 1810 2147 καρδίαν,

1065 2156 1178 2192 παραδῷ
1197 2156 1278 2183 αὐτὸν
1297 2153 1397 2185 Ἰούδας
1422 2152 1544 2188 Σίμωνος
1567 2149 1744 2185 Ἰσκαριώτης.
1760 2144 1811 2174 κειἚῆ

1030 2210 1051 2237 D
1065 2189 1137 2237 ὑπὲρ
1148 2189 1299 2235 ἀνθρώπων
1313 2198 1408 2234 ἔμελλε
1424 2196 1547 2231 γίνεσθαι
1567 2194 1713 2230 οἰκονομία·
1727 2189 1811 2237 πρὸλτίξ

1063 2246 1158 2274 τούτου
1173 2244 1299 2282 εὖκαιρον
1316 2245 1366 2271 οὐκ
1381 2241 1415 2279 ἦν
1429 2241 1559 2277 νίψασθαι
1568 2242 1631 2274 τοὺς
1649 2240 1726 2270 πόδας
1737 2235 1776 2263 uti
1784 2232 1811 2282 τί]

1071 2291 1157 2328 Ἰησοῦ
1170 2291 1234 2323 τοὺς
1254 2278 1447 2326 μαθητάςοντίς
1460 2288 1514 2323 γάρ
1533 2287 1567 2314 ἂν
1588 2287 1634 2314 τὸν
1658 2287 1685 2313 ὲν
1700 2284 1733 2319 τῷ
1746 2278 1812 2328 pst-s3}

1064 2337 1117 2369 Et»;
1129 2336 1176 2363 τοῦ
1194 2337 1295 2368 πάθους
1310 2335 1394 2371 ῥύπον
1404 2333 1457 2361 τῶν
1467 2332 1556 2359 ποδῶν
1568 2331 1659 2359 αὐτῶν
1671 2325 1810 2361 άπένιῷενάνξ

1067 2383 1137 2410 Ἀλλ’
1152 2383 1214 2410 οὐδὲ
1234 2384 1263 2409 ὲν
1280 2370 1318 2417 τῷ
1335 2380 1422 2416 καιρῷ
1437 2379 1485 2406 τοῦ
1510 2379 1622 2409 πάθους·
1641 2377 1714 2407 ἄλλος
1731 2370 1812 2417 γὰρ

1068 2429 1131 2461 σοῦς
1146 2429 1196 2455 οὐκ
1210 2425 1244 2463 ἦν
1266 2429 1280 2454 ό
1295 2427 1396 2453 νίπτων
1416 2424 1505 2452 αὐτῶν
1519 2424 1582 2455 τοὺς
1594 2422 1687 2454 πόδας.
1707 2418 1762 2446 Ἀλλ’
1776 2413 1812 2462 οίὲ

1070 2474 1140 2512 μετά
1155 2473 1203 2510 τὴν
1220 2461 1384 2508 οἰκονομίαν·
1405 2471 1457 2506 ήδη
1468 2469 1523 2505 γὰρ
1540 2469 1600 2506 ὥρα
1619 2468 1664 2495 τοῦ
1681 2466 1747 2500 ἁγίου
1760 2461 1812 2512 Ilva:-

1072 2507 1155 2557 ματος
1182 2507 1399 2554 ἐπιδημήσαντος
1421 2517 1478 2547 τοῖς
1499 2515 1634 2550 μαθηταῖς
1653 2512 1685 2548 ἦν
1701 2507 1813 2557 favo?!“

1070 2555 1201 2602 καθαροῖς
1212 2566 1259 2592 καὶ
1272 2564 1428 2599 νιψαμένοις
1442 2563 1506 2594 τοὺς
1522 2561 1615 2593 πόδας,
1629 2559 1675 2586 καὶ
1742 2555 1813 2603 έκξντῇ

1073 2601 1195 2647 ἑτοίμους
1210 2610 1307 2641 αὐτοὺς
1320 2608 1367 2635 καὶ
1382 2607 1498 2643 ὡραίους
1517 2605 1584 2642 πρὸς
1593 2605 1624 2631 τὸ
1637 2605 1664 2630 ὲν
1676 2602 1710 2637 τῷ
1718 2601 1813 2631 Πνεῡευπ

271 2675 329 2692 ¹⁰-⁸¹
346 2675 398 2702 lsa.
412 2682 461 2708 ιιι,
475 2674 502 2701 7.
538 2674 562 2690 ⁸¹
575 2675 653 2704 Ioan.
667 2684 723 2709 xiv,
749 2676 775 2704 ti.
816 2676 839 2692 "
853 2675 941 2703 Exod.
961 2682 1003 2709 ιιι,
1022 2676 1024 2699 ὲ

1087 2672 1110 2689 ⁸⁸
1123 2671 1205 2699 Iosue
1226 2677 1251 2703 τ,
1273 2668 1316 2696 lli.
1353 2666 1377 2682 ⁸⁸
1393 2665 1488 2693 Matth.
1505 2673 1534 2696 ι,
1551 2663 1596 2694 lo.
1632 2662 1655 2678 "
1670 2661 1716 2688 iss.
1736 2662 1779 2686 uti,
1792 2651 1811 2678 ‘3

239 2711 332 2739 hiauit.
347 2718 405 2744 vm,
415 2710 460 2737 l7.

274 2770 331 2803 (12)
349 2769 478 2797 ὀδεύειν
490 2769 543 2796 τὸν
557 2768 690 2796 clads-ta.
712 2766 842 2803 Origenes
862 2765 974 2803 l’ragfat.
996 2764 1024 2803 in

240 2799 381 2836 Joannem,
399 2809 464 2833 tom.
480 2812 488 2831 ι
510 2805 630 2838 praeﬁxa,
649 2809 722 2838 nun).
742 2801 844 2838 lorg'l'o
857 2801 954 2838 ὡραῖον
978 2799 1024 2838 καὶ

239 2841 268 2866 δν
280 2839 367 2876 καιρῷ
381 2835 521 2876 γινόμενον
533 2838 586 2867 τῶν
601 2835 755 2866 ἀποστόλων
771 2835 915 2862 ὁδευόντων
929 2835 973 2861 τὸν
987 2835 1024 2861 εἰ-

1079 2763 1171 2791 πόντα·
1199 2762 1268 2796 Ἐγώ
1282 2763 1338 2797 εἰμι
1351 2761 1368 2797 ἠ
1383 2760 1599 2797 όδὺςμιήρυγμα
1607 2757 1710 2793 νοήσας.

1114 2800 1171 2835 (15)
1189 2793 1316 2830 Αὺὶούςξ
1328 2793 1511 2824 scribendum
1529 2793 1629 2821 αὐτῶν.
