1835 3047
4 129 40 156 BI
491 121 669 152 COMMENT.
688 122 720 150 IN
739 120 834 150 JOAN.
854 121 974 150 TOMUS
995 120 1113 175 XXXII;

1577 119 1628 147 τοῦ

4 183 217 220 Ἀαγγελίζεσθαι
234 182 269 209 τὰ
282 182 381 217 ἀγαθά.
400 181 525 210 Τοιοῦτον
536 179 582 209 οὖν
596 182 653 208 ἐστι
666 181 705 208 τό·
723 191 728 206 ι

901 187 943 214 [uc
960 183 1100 214 promptos
1125 181 1152 205 et
1176 176 1304 213 pulchros
1331 177 1365 204 ad
1388 176 1625 212 evangelilondum

3 229 45 264 (ὼ
63 230 143 262 ποιῶ,
162 230 195 256 σὺ
207 229 258 256 οὐκ
273 227 346 261 οἶδας
363 229 434 264 ἄρτν
444 228 536 265 γνώσῃ
546 228 573 255 δὲ
588 228 656 263 μετὰ
670 226 783 254 ταῦτα-ι

3 276 129 312 ὐμΰολόν
147 277 205 302 ἐστι
220 274 385 310 τδνίψασθαι
399 274 475 310 ὑμῶν
489 274 551 306 τοὺς
562 273 644 306 πόδας
653 273 696 300 ὑπ’
709 272 786 306 ὲμοῦ,

3 322 33 349 ιῦ
56 321 228 357 καθαρθῆναι
238 321 289 352 τὰς
305 320 396 356 βάσεις
410 320 464 347 τῶν
479 320 571 356 ψυχῶν
583 319 671 354 ὑμῶν,
684 319 726 345 ἵνα
738 318 786 353 γέ-

3 377 88 394 υνται
105 368 214 404 ὡραῖοι,
240 367 391 403 μελλόντων
408 367 484 401 ὑμῶν
503 365 727 400 εὐαγγελίζεσθαι
753 364 787 391 τὰ

3 415 88 448 γαοὰ.
109 413 158 442 καὶ
171 414 302 450 καθαροῖς
322 414 377 445 τοῖς
390 413 469 440 ποσὶν
483 412 633 439 ἐπιϐαίνειν
648 412 708 442 ταῖς
732 409 786 436 τῶν

4 461 32 486 ιθ
37 460 143 496 ρώπων
155 460 264 495 ψυχαῖς.
283 459 368 486 Τοῦτο
381 459 410 486 δὲ
422 460 452 485 τδ
463 459 612 494 μυστήριον
626 457 657 484 σὺ
674 456 721 483 νῦν
737 457 786 492 μὲν

3 507 34 532 Sx
51 504 139 538 οἶδας,
155 505 201 532 ἅτε
217 505 330 541 μηδέπω
346 504 441 540 χωρῶν
463 504 511 540 τὴν
524 504 625 539 γνῶσιν
641 502 723 530 αὑτοῦ
739 502 782 529 εὑ-

3 552 150 587 ιιρότερον
175 551 310 587 ἐσομένην
325 553 354 578 ὲν
373 551 425 583 σοὶ,
443 551 512 578 ἐπὰν
536 550 600 587 νίψῃ
621 551 684 582 τοὺς
703 550 785 581 πόδας

3 599 30 624 π’
51 597 132 632 ἐμοῦ·
152 597 220 632 μετὰ
238 597 267 624 δὲ
282 597 367 624 ταῦτα
381 597 474 633 γνώσῃ
501 597 530 624 ὲν
545 596 584 632 τῷ
595 596 682 631 τούτῳ
699 597 786 623 συνιέ-

2 653 38 675 ιι,
61 643 250 679 φωτιζόμενος
269 644 302 679 τῇ
331 644 395 679 περὶ
412 644 461 669 οὐκ
477 642 716 679 εὐκαταφρονήτου
737 642 784 670 καὶ

2 689 105 724 ραχέος
126 689 198 721 τινὸς
219 689 328 724 γνώσει.
346 688 438 716 Ταῦτα
452 689 481 716 δὲ
494 689 619 723 λέγοντος
633 688 670 724 τῷ
688 689 784 725 Πέτρῳ

2 734 30 760 οὗ
51 734 153 770 Ἰησοῦ,
165 735 180 761 6
189 734 312 770 μαθητὴς
320 735 495 772 ἀποκρίνεται
509 735 559 762 οὐκ
570 734 785 770 ὲπιστημονικὴν

2 781 145 817 πόκρισιν,
162 780 231 817 πλὴν
243 782 394 816 φαντασίαν
402 781 649 814 ὲξαποστέλλουσαν
660 781 705 808 τοῦ
716 781 784 818 πρὸς

2 828 28 854 5v
54 827 160 863 Ἰησοῦν
169 827 314 863 τιμητικοῦ
327 828 373 854 καὶ
389 828 536 863 σεϐασμίου
547 849 554 860 ,
573 827 722 863 φαντασίαν
745 828 784 855 δι-

840 226 866 253 in
897 225 1000 260 Spiritu
1035 228 1132 252 sancto
1159 223 1239 252 bona.
1272 223 1337 251 Tale
1359 223 1442 258 igitur
1472 223 1537 251 illud
1560 228 1625 251 est:

841 271 942 304 «Quod
973 278 1023 304 ego
1045 270 1126 303 facio,
1156 274 1181 297 tu
1213 277 1283 297 nunc
1304 269 1404 303 nescis,
1436 269 1505 297 scies
1535 275 1626 296 autem

838 325 941 354 postea.
965 327 974 344 ι
997 318 1073 352 Quod
1088 324 1137 352 ego
1154 317 1240 343 lavem
1261 315 1341 351 pedes
1357 320 1464 343 vestros
1476 336 1484 349 ,
1501 320 1562 342 nota
1584 320 1627 343 est

837 366 909 400 quod
921 365 1074 391 animarum
1089 367 1242 390 vestrarum
1257 362 1440 396 puriticentur
1461 368 1579 396 gressus,
1598 365 1629 388 ut

837 413 892 441 sint
907 411 1023 447 pulchri,
1042 410 1273 445 evangeliz-aturis
1288 409 1366 436 voltis
1378 410 1460 440 bona,
1475 413 1502 434 et
1519 407 1628 434 mundis

838 459 952 494 pedibus
986 456 1151 492 ingressui-is
1185 456 1212 483 in
1243 455 1387 482 hominum
1421 455 1538 481 animas.
1571 452 1628 480 Hoc

837 510 928 533 autem
941 504 1101 540 mysterium
1118 508 1144 530 tu
1161 510 1232 529 nunc
1244 502 1351 536 quidem
1369 501 1468 532 nescis,
1482 499 1543 534 quia
1560 507 1629 526 non-

837 553 900 579 dum
921 551 1039 585 percipis
1065 549 1249 584 cognitionem
1278 547 1336 581 ejus
1350 546 1526 581 oppertunius
1547 545 1574 572 in
1601 549 1628 571 te

836 597 967 630 futuram,
983 596 1063 623 simul
1074 601 1156 630 atque
1171 602 1221 630 ego
1237 593 1328 620 lavero
1343 593 1424 628 pedes
1437 595 1516 623 tuos;
1533 594 1624 625 postea

836 651 902 672 vero
934 650 1083 678 cognosces
1112 643 1174 669 dum
1205 641 1258 668 hoc
1288 639 1428 674 intelliges
1460 637 1626 664 illmninatus

836 691 994 728 cognitione
1017 697 1069 717 non
1091 696 1172 723 parva
1191 694 1278 722 neque
1303 686 1384 713 facile
1416 684 1626 712 contemnenda.

835 737 969 765 Caeterum
987 736 1044 764 hrec
1058 736 1187 770 loquente
1205 733 1268 761 Jcsu
1285 732 1365 760 Petro
1378 751 1386 763 ,
1405 730 1555 764 discipulus
1571 737 1628 757 res-

835 784 937 819 pondet
960 789 1119 818 responsum
1148 788 1201 808 non
1220 780 1349 815 peritum,
1378 778 1425 805 sed
1452 776 1617 804 sententiam

834 829 1052 864 prollciscentem
1069 827 1179 863 quidem
1202 827 1236 853 ab
1251 825 1370 858 allectu,
1395 828 1422 852 et
1446 831 1510 860 erga
1534 823 1628 851 Jesum

2 873 168 909 ὶθευιψένην.
188 874 247 900 Ἔτι
263 874 367 910 διόπερ,
377 875 438 901 ἐπεὶ
453 874 490 910 μὴ
509 874 684 910 συμφέρουσα
697 872 726 910 ἦν

903 875 948 902 πίε
963 879 991 902 et
1005 873 1165 901 reverentia:
1181 872 1299 907 plenam,
1312 871 1359 898 sed
1375 876 1464 898 tamen
1480 878 1534 904 qua
1550 869 1627 897 falle-

2 919 84 955 lé1pq)
101 920 118 954 ἡ
135 919 279 955 ἀπόκρισις
307 919 401 950 αὐτοῦ,
422 921 473 946 οὐκ
498 921 530 955 ὲᾷ
550 919 634 955 αὐτὴν
656 919 783 954 γενέσθαι

2 965 74 1001 ληΘῆ
88 966 102 992 ὁ
117 965 152 992 τὰ
168 966 214 992 ἐπὶ
228 965 313 1002 βλάϐῃ
329 965 533 1001 ἀληθευσόμενα
547 967 580 1002 τῇ
593 965 639 992 τοῦ
659 965 782 1000 λέγοντος

2 1011 148 1045 ’ρεπόντως
173 1011 269 1038 ἑαυτοῦ
294 1013 327 1047 τῇ
353 1011 517 1047 χρηστότητι
541 1010 662 1037 κωλύων.
687 1011 716 1037 '0
733 1011 781 1046 μὲν

3 1056 38 1092 ἀρ
56 1057 161 1092 Πέτρος
178 1057 271 1092 φησὶν,
289 1067 298 1083 ι
311 1058 348 1084 Οὐ
366 1058 403 1094 μὴ
417 1057 497 1093 νίψῃς
508 1066 557 1092 μου
574 1057 637 1089 τοὺς
646 1057 727 1089 πόδας
742 1057 783 1088 εἰς

1 1102 29 1128 ὸν
46 1102 143 1135 αξῶνα,
164 1113 173 1128 ι
193 1103 239 1130 καὶ
263 1103 431 1139 ἀπεφήνατο,
455 1103 596 1139 κρίναντος
622 1103 668 1129 τοῦ
694 1103 780 1138 Ἰησοῦ

2 1150 92 1176 Ξπτειν
103 1149 186 1176 αὐτοῦ
199 1150 263 1181 τοὺς
278 1149 371 1181 πόδας,
385 1150 416 1176 τὺ
431 1150 468 1185 μὴ
479 1149 656 1185 νιφθήσεσθαι
672 1149 717 1176 ὑπ’
734 1149 782 1175 αὐ-

1 1196 43 1229 οῦ,
61 1197 109 1224 καὶ
123 1197 161 1233 μὴ
179 1197 358 1232 νιφθήσεσθαι
371 1198 411 1228 είς
423 1197 468 1224 τὸν
483 1197 590 1223 ἅπαντα
603 1196 699 1223 αἰῶνα·
715 1196 729 1222 ὁ
741 1196 780 1228 δὲ,

1 1242 94 1269 κλέπων
107 1243 326 1279 λυσιτελέστερον
342 1241 411 1270 εἶναι
430 1243 460 1269 τὸ
477 1243 506 1270 ἐν
521 1243 608 1279 τούτῳ
628 1242 781 1278 ψεύσασθαι

3 1290 31 1316 όν
50 1289 154 1325 Πέτρον
167 1289 214 1315 τοῦ
226 1289 374 1325 ἀληθεῦσαι
390 1289 481 1321 αὑτὸν,
500 1289 672 1316 ὑποδείκνυσι
693 1288 724 1315 τὸ
751 1288 781 1314 ὲν

3 1334 24 1369 ᾧ
35 1335 73 1370 μὴ
85 1335 140 1361 δεῖν
148 1334 292 1370 ἀληθεύειν
299 1335 378 1362 τοῦτο
386 1335 515 1371 εἰρηκότα
523 1335 669 1367 λυσιτελὲς,
679 1335 780 1369 φήσας-

19 1380 81 1406 Ἐὰν
93 1380 131 1415 μὴ
143 1379 211 1414 νίψω
225 1389 264 1412 σε,
282 1380 332 1407 οὐκ
348 1380 420 1415 ἔχεις
437 1380 519 1415 μέρος
535 1380 593 1416 μετ’
607 1379 685 1416 ἐμοῦ.
705 1389 714 1406 ι
734 1379 781 1406 Εἴ-

1 1432 38 1458 ;ερ
54 1421 101 1451 οὖν
124 1425 138 1450 ὁ
157 1424 261 1460 Πέτρος
289 1424 410 1460 ἔμελλεν,
434 1424 644 1460 ἀποφηνάμενος
669 1424 718 1460 μὲν
738 1424 778 1456 τὸ,

20 1470 56 1496 Οὐ
71 1470 108 1506 μὴ
124 1469 206 1507 νίψῃς
222 1479 272 1506 μου
289 1471 352 1502 τοὺς
374 1471 458 1503 πόδας
472 1472 512 1503 εἰς
523 1471 568 1498 τὸν
583 1471 678 1503 αἰῶνα,
698 1481 708 1497 ι
733 1471 780 1498 καὶ

0 1515 125 1551 ’ληθεύων
138 1517 168 1542 ὲν
184 1516 281 1552 τούτῳ,
296 1517 332 1553 μὴ
343 1517 413 1549 ἕξειν
431 1517 499 1553 μετὰ
511 1517 558 1544 τοῦ
581 1517 669 1553 Ἰησοῦ
687 1517 778 1554 μέρος,

4 1562 80 1595 μελλε
95 1562 125 1588 δὲ
150 1562 222 1597 ἔχειν
241 1562 323 1598 μέρος
347 1563 384 1598 μὴ
406 1563 556 1598 ἀληθεύων,
578 1563 620 1598 ἐφ’
633 1560 655 1597 ᾧ
674 1563 779 1598 φθάσας

3 1606 45 1634 ius
65 1607 222 1644 προπετῶς,
240 1608 266 1634 τί
282 1607 344 1634 ἄλλο
366 1607 496 1643 πράττειν
514 1608 608 1644 ἐχρῆν,
622 1608 639 1643 ἢ
661 1608 697 1644 μὴ
715 1607 781 1643 ἀλη-

0 1652 90 1686 ls-sz;
104 1653 149 1680 ἵνα
167 1653 199 1678 ὲκ
208 1652 255 1679 τοῦ
270 1651 410 1687 ἀληθεύειν
427 1652 506 1679 τοῦτο
520 1654 630 1688 ποιήσαι
645 1653 726 1680 αὐτὸν
742 1653 780 1689 μὴ

0 1706 56 1732 χειν
73 1697 144 1734 μετὰ
160 1697 207 1724 τοῦ
236 1697 321 1732 Ἰησοῦ
341 1697 433 1733 μέρος,
444 1697 564 1733 ψεύστην
580 1698 660 1724 αὑτὸν
673 1698 780 1724 ἀποδεί-

0 1743 79 1776 ξαντος
91 1745 122 1771 ὲν
144 1743 185 1778 τῷ
197 1742 326 1778 νίψασθαι
339 1743 401 1775 τοὺς
416 1743 499 1775 πόδας
512 1743 605 1770 αὐτοῦ·
627 1744 781 1779 γέγραπται

0 1790 48 1825 νάρ-
67 1800 76 1816 ι
97 1791 157 1821 Πᾶς
169 1789 310 1826 ἄνθρωπος
329 1789 458 1825 ψεύστης.
480 1799 489 1816 ›
508 1789 652 1825 Εὑκαίρως
667 1789 696 1816 δέ
716 1798 781 1816 ποτε

0 1835 146 1872 [ρησόμεθα
158 1835 196 1871 τῷ
210 1835 284 1871 ρητῷ
292 1835 399 1862 ἐπὶτῶν
412 1835 628 1870 προπετέστερον
641 1835 687 1862 καὶ
703 1834 783 1871 ἀκρί-

0 1891 39 1915 rw;
55 1883 188 1912 εἰπόντων
199 1881 333 1916 ποιήσειν,
343 1882 412 1916 ὅπερ
426 1881 483 1916 (Μ)
492 1880 584 1912 αὐτοῖς
599 1879 636 1916 μὴ
648 1879 783 1907 λυσιτελεῖ

0 1929 136 1963 ,μμένουσι
151 1927 191 1962 τῷ
208 1927 300 1959 κακῶς
311 1927 476 1963 κεκριμένην
495 1926 702 1958 ὑποδεικνύντες
727 1925 782 1962 γὰρ

0 1975 86 2006 ιὺτοτς,
103 1975 147 2000 ὅτι
160 1974 210 2009 οὐχ
232 1973 322 2007 ἕξουσι
340 1973 391 2008 μὲν
415 1972 484 2007 μετὰ
507 1972 554 1998 τοῦ
575 1972 662 2007 Ἰησοῦ
688 1971 780 2007 μέρος,

0 2019 34 2055 τὴν
48 2021 174 2055 προπετῆ
192 2021 221 2046 ὲν
238 2019 388 2056 ἐπαγγελίᾳ
402 2020 569 2055 τηρήσαντες
586 2018 688 2054 φωνὴν,
702 2018 781 2054 δυνή-

0 2073 76 2093 rei/1:1:
91 2067 121 2093 δὲ
139 2065 317 2100 ἀθετηθέντος
329 2064 376 2091 τοῦ
395 2064 593 2100 προειρημένου
603 2063 699 2090 ἐλπίδα
709 2063 782 2098 ἔχειν

0 2112 100 2149 nam,
116 2113 307 2148 ἁποστήσομεν
322 2112 420 2143 αὐτοὺς
429 2111 474 2138 τοῦ
483 2111 611 2146 ἐμμένειν
622 2111 677 2142 τοῖς
688 2110 782 2142 κακῶς

0 2159 171 2194 ιεκριμένοις,
187 2158 238 2185 κᾶν
253 2159 322 2194 μετὰ
342 2159 424 2194 ὅρκου
441 2158 486 2184 διὶι
500 2157 600 2192 πολλὴν
616 2156 782 2193 προπέτειαν

0 2201 18 2226 ιδ
32 2202 153 2229 τοιοῦτόν
173 2211 238 2229 ποτε
256 2202 368 2237 γίνεται·
394 2202 442 2229 καὶ
459 2203 591 2237 φήσομεν,
606 2202 657 2234 ὅτι,
676 2202 781 2238 Ὥσπερ

0 2247 4 2272 l
16 2249 96 2277 εἰπὼν
108 2249 223 2284 Πέτρος,
235 2259 244 2274 ι
261 2249 298 2276 Οὐ
310 2249 347 2285 μὴ
359 2249 439 2286 νίψῃς
455 2258 504 2284 μου
518 2249 580 2281 τοὺς
592 2248 673 2280 πόδας
685 2249 725 2280 είς
735 2248 781 2275 τὸν

0 2294 79 2327 ιίῶνα,
95 2304 105 2320 ι
125 2294 261 2322 κωλύεται
275 2295 403 2331 ἐμμένειν
418 2297 450 2331 τῇ
466 2295 512 2322 τοῦ
525 2295 671 2331 λεγομένου
686 2295 781 2330 ὁμολο-

0 2339 42 2375 Γίᾳ.
61 2341 105 2368 ἵνα
118 2340 168 2377 ἔχῃ
183 2341 252 2377 μετὰ
268 2341 315 2367 τοῦ
338 2342 425 2376 Ἰησοῦ
441 2341 532 2377 μέρος
547 2341 633 2373 οὕτως
648 2341 695 2368 καὶ
712 2342 744 2368 σὺ
767 2342 781 2368 ό

0 2382 57 2411 ῑεῐνα
79 2385 215 2421 ἁμαρτὼν
235 2386 284 2421 τὴν
305 2386 480 2421 προπέτειαν,
494 2387 541 2414 καὶ
558 2387 677 2422 ἀκρίτως
699 2388 782 2422 ἑπαγ-

0 2431 146 2467 τειλάμενος
166 2432 235 2465 τόδε,
255 2432 358 2468 βέλτιον
380 2433 413 2459 ἂν
431 2434 531 2469 ποιήσῃ
630 2433 781 2470 μεταθέμε-

0 2483 30 2506 ιος
44 2477 90 2503 ἐπὶ
111 2477 171 2504 τόδε
193 2478 297 2513 πρᾶξαι
315 2478 498 2514 εὐλογώτερον
518 2479 572 2506 ἀπὸ
587 2479 635 2506 τοῦ
650 2480 780 2515 ἐμμένειν

0 2521 26 2556 τῷ
40 2523 133 2556 κακῶς
158 2523 289 2560 κριθέντι.
316 2525 527 2561 Ἐπιστήσαντες
542 2525 571 2552 δὲ
588 2525 628 2560 τῷ
657 2535 698 2558 τε,
716 2535 726 2552 ι
748 2527 780 2553 ’0

0 2568 41 2601 ἐγὼ
53 2569 134 2602 ποιῶ,
150 2571 182 2597 σὺ
196 2571 247 2597 οὐκ
258 2569 332 2603 οῐδας
347 2571 419 2607 ἄρτι·
434 2571 526 2607 γνώσῃ
534 2572 564 2598 δὲ
574 2571 643 2607 μετὰ
660 2571 757 2602 ταῦτα.
768 2582 778 2598 ›

0 2614 34 2639 ut
47 2615 95 2650 τῷ,
116 2625 126 2640 ι
153 2615 217 2642 Ἐὰν
234 2615 270 2652 μὴ
297 2616 365 2651 νίψω
390 2625 430 2649 σε,
452 2617 502 2643 οὐκ
525 2617 596 2652 ἔχεις
617 2617 699 2653 μέρος
723 2618 781 2653 μετ’

0 2657 64 2692 ἐμοῦ,
83 2670 93 2687 ι
109 2662 135 2688 ol
155 2661 193 2697 μὴ
212 2662 367 2697 βουλόμενοι
383 2663 472 2696 τοῦτο,
484 2663 530 2690 καὶ
546 2663 580 2690 τὰ.
592 2663 680 2700 τούτῳ
691 2673 781 2701 παρα-

0 2704 86 2739 πλήσια
100 2707 286 2743 τροπολογεῖν,
302 2708 470 2741 αἰδεσθέντες
487 2709 733 2745 παραδεξάσθωσαν
749 2711 780 2738 τὸ

27 2753 45 2768 ⁸⁷
59 2754 130 2782 Psal.
149 2763 216 2788 ων,
236 2756 279 2784 ll.

836 928 925 950 retur.
942 921 1077 955 Quocirca
1093 919 1221 955 quoniam
1236 918 1310 945 utilis
1326 917 1408 944 Petro
1431 924 1483 944 non
1499 916 1629 950 cratejus

837 967 993 1002 responsio,
1013 974 1067 993 non
1083 965 1149 993 sinit
1162 972 1221 992 eam
1235 963 1278 991 ille
1294 971 1384 990 veram
1395 970 1464 996 esse,
1480 963 1525 997 qui
1541 969 1627 990 nocua

835 1014 946 1041 utilitati
963 1013 1078 1040 dicentis
1093 1017 1119 1040 et
1136 1019 1201 1039 vere
1217 1016 1348 1039 eventura
1359 1009 1496 1046 prohibet.
1514 1016 1563 1042 pro
1579 1016 1626 1035 sua

836 1061 968 1088 bonitate.
985 1060 1072 1094 Atque
1084 1059 1181 1086 Petrus
1196 1057 1305 1092 quidem
1324 1056 1412 1091 inquit
1426 1076 1433 1088 ,
1457 1064 1466 1081 ι
1481 1054 1539 1082 Νοιι
1553 1054 1628 1081 lava-

835 1106 877 1133 his
895 1105 959 1133 mihi
977 1105 1060 1140 pedes
1082 1105 1109 1132 in
1135 1109 1296 1137 aeternum,»
1319 1102 1540 1136 enuntiavitque,
1563 1108 1625 1127 cum

835 1151 913 1179 Jesus
938 1152 1009 1178 illius
1037 1150 1119 1185 pedes
1147 1150 1238 1177 lavare
1262 1148 1444 1180 decrevisSct,
1484 1154 1624 1181 nunquam

834 1188 955 1224 futurum
970 1201 1000 1223 ut
1017 1196 1155 1223 lavaretur
1169 1196 1203 1223 ab
1227 1196 1295 1229 ipso,
1319 1202 1352 1221 ac
1376 1201 1410 1220 ne
1437 1194 1487 1220 hoc
1516 1193 1624 1228 quidem

835 1241 889 1268 ullo
903 1249 1023 1276 unquam
1042 1240 1143 1268 smculo
1159 1240 1280 1266 futurum
1295 1249 1302 1272 ;
1331 1240 1377 1266 sed
1393 1238 1438 1265 ille
1454 1238 1500 1273 qui
1518 1237 1627 1264 vidi-hat

835 1287 919 1314 Petro
941 1287 1142 1315 conducibilius
1164 1293 1225 1314 esse
1243 1290 1272 1312 ut
1295 1285 1346 1313 hac
1369 1285 1396 1311 in
1420 1291 1448 1312 re
1464 1284 1626 1311 mentiretur

834 1341 916 1368 quam
941 1338 971 1361 nt
998 1341 1061 1362 vera
1088 1334 1203 1373 diceret,
1233 1332 1376 1359 utilitatem
1397 1331 1515 1360 ostendit
1540 1331 1566 1358 in
1581 1338 1624 1362 eo,

835 1381 906 1415 quod
934 1387 988 1407 non
1017 1387 1083 1415 Opus
1102 1384 1182 1411 erat,
1203 1384 1233 1406 ut
1253 1379 1298 1414 qui
1328 1378 1379 1405 hoc
1399 1377 1533 1409 dixisset,
1561 1384 1625 1404 vera

834 1426 1002 1460 loqueretur,
1019 1425 1112 1452 dicens
1129 1432 1136 1451 :
1155 1433 1164 1450 ι
1180 1424 1236 1452 Nisi
1253 1424 1344 1451 lavero
1357 1428 1393 1456 te,
1410 1429 1462 1449 nou
1476 1422 1558 1458 417
1576 1422 1625 1449 ha-

833 1473 882 1501 bes
897 1476 1002 1507 partem
1017 1479 1152 1499 mecum.»
1172 1471 1260 1505 Atque
1278 1469 1403 1505 equidem
1418 1469 1439 1496 si
1456 1468 1559 1501 Petrus,
1578 1468 1626 1503 qui

833 1521 1009 1551 enuntiaret,
1025 1527 1033 1543 ι
1051 1517 1106 1544 Non
1119 1516 1221 1543 lavahis
1239 1516 1305 1542 mihi
1329 1515 1412 1550 pedes
1424 1515 1450 1542 in
1462 1519 1623 1547 Meritum,»

831 1575 894 1595 vera
910 1567 1004 1594 dicens
1019 1565 1070 1591 hac
1089 1564 1114 1590 in
1129 1571 1159 1591 re
1177 1570 1230 1589 non
1246 1562 1390 1589 habiturus
1406 1565 1466 1588 erat
1479 1568 1542 1588 cum
1559 1559 1625 1588 .Iesu

830 1617 937 1649 partem
950 1609 1062 1646 (alioqui
1075 1609 1220 1636 habiturus
1235 1607 1393 1643 mentiens),
1409 1614 1441 1634 eo
1454 1606 1525 1641 quod
1542 1610 1626 1633 teme-

831 1660 905 1687 rarie
918 1656 1088 1693 prmreniens
1104 1655 1212 1682 locutus
1237 1654 1333 1682 luisset
1345 1673 1352 1686 ,
1369 1653 1436 1688 quid
1453 1652 1525 1679 aliud
1541 1659 1625 1688 agere

830 1712 902 1739 opus
918 1707 979 1731 erat
995 1701 1048 1729 nisi
1063 1700 1172 1728 mentiri
1182 1701 1194 1727 ?
1204 1707 1238 1727 ne
1253 1700 1314 1732 hoc,
1330 1700 1401 1734 quod
1417 1706 1512 1726 verum
1528 1697 1625 1726 Petrus

831 1751 944 1782 diceret,
972 1748 1166 1783 impedimento
1181 1746 1233 1781 ipsi
1259 1746 1341 1773 Petro
1363 1749 1445 1777 esset,
1472 1745 1621 1779 quominus

831 1796 944 1823 haberet
957 1799 1062 1830 partem
1074 1801 1136 1820 eum
1147 1792 1222 1825 Jesu,
1245 1791 1292 1826 qni
1306 1790 1428 1819 ostendit
1454 1790 1529 1817 illum
1546 1797 1624 1816 men-

831 1842 926 1868 dacem
952 1839 1069 1867 lavando
1090 1839 1173 1873 pedes
1195 1838 1274 1872 ejus;
1301 1836 1432 1870 scriptum
1460 1841 1501 1863 est
1525 1835 1622 1863 cnim:

834 1897 843 1913 ι
858 1887 952 1914 Omnis
970 1887 1052 1914 homo
1068 1885 1184 1912 mendax
1198 1884 1233 1910 ⁸⁷.
1248 1893 1256 1909 ι
1276 1883 1435 1917 Opportune
1449 1886 1542 1909 autem
1563 1887 1623 1909 nte-

832 1942 892 1961 mur
905 1935 954 1960 hoc
970 1933 1044 1960 dicto
1055 1931 1088 1958 ad
1101 1938 1150 1959 eos
1164 1930 1210 1965 qui
1226 1923 1363 1956 audacius
1385 1935 1417 1955 ne
1441 1928 1500 1955 sine
1517 1928 1623 1955 delectu

833 1981 858 2008 id
872 1987 900 2007 se
919 1980 1039 2006 facturos
1055 1978 1150 2005 dicunt
1170 1976 1243 2012 quod
1260 1975 1372 2002 minime
1400 1973 1453 2000 illis
1478 1973 1622 2007 conducat,

832 2025 983 2061 praesertim
998 2025 1021 2053 si
1040 2025 1174 2052 desistere
1185 2022 1274 2050 nolint
1286 2020 1320 2048 ab
1342 2028 1374 2048 eo
1391 2020 1463 2054 qucd
1478 2019 1548 2046 male
1562 2026 1625 2054 pro—

832 2072 977 2100 miserint:
992 2071 1172 2098 ostendentes
1205 2068 1277 2095 enim
1300 2066 1352 2094 illis
1377 2065 1440 2100 quia
1471 2065 1626 2092 nullatenus

832 2117 952 2146 habituri
966 2116 1022 2144 siut
1032 2120 1139 2150 partem
1149 2122 1210 2142 cum
1221 2113 1297 2146 Jesu,
1310 2112 1332 2139 si
1345 2119 1439 2138 vocem
1451 2110 1625 2137 temerariam

832 2163 858 2191 in
877 2162 1061 2198 promittendo
1075 2160 1254 2193 servaverint,
1269 2160 1389 2186 futurum
1403 2164 1467 2184 vero
1482 2161 1511 2183 ut
1525 2156 1624 2183 bonum

834 2217 910 2244 spem
929 2209 1030 2237 habere
1043 2208 1167 2244 possint,
1181 2207 1203 2235 si
1222 2206 1294 2241 quod
1311 2205 1388 2239 prius
1404 2204 1532 2230 dixerant
1548 2210 1625 2237 spre-

834 2255 934 2288 verint,
969 2255 1134 2282 abducemus
1161 2260 1209 2280 eos
1225 2260 1239 2279 a
1258 2250 1430 2287 persisteudo
1454 2250 1480 2276 in
1502 2249 1543 2276 his
1565 2255 1625 2282 ιμιω

834 2301 905 2329 male
926 2301 1116 2336 iudicassent,
1149 2298 1258 2326 etiamsi
1291 2297 1438 2332 aliquando
1464 2303 1524 2322 cum
1549 2294 1627 2330 jura-

834 2351 925 2374 mento
941 2345 993 2373 tale
1009 2346 1055 2372 ﬂat
1067 2349 1178 2380 propter
1194 2345 1308 2370 multam
1330 2341 1511 2368 temeritatem
1530 2348 1537 2366 :
1554 2339 1627 2366 dice-

834 2399 960 2426 musque,
993 2389 1221 2426 quemadmodum
1251 2387 1412 2423 prohibetur
1440 2386 1547 2418 Petrus,
1579 2385 1624 2420 qui

833 2439 910 2471 dixit,
943 2437 1016 2466 «Non
1030 2437 1133 2464 lavahis
1146 2435 1210 2463 mihi
1225 2435 1308 2470 pedes
1322 2434 1349 2461 in
1366 2438 1508 2465 aeternum,
1527 2442 1537 2459 ι
1563 2439 1626 2467 per-

834 2482 932 2509 sistere
948 2483 975 2508 in
989 2489 1022 2509 eo
1040 2481 1111 2516 quod
1129 2481 1256 2513 dixerat,
1275 2483 1305 2506 ut
1329 2479 1428 2506 habeat
1442 2483 1546 2513 partem
1562 2485 1625 2504 cum

834 2528 917 2562 Jesu;
948 2528 988 2555 sic
1016 2533 1043 2555 tu
1070 2527 1117 2562 qui
1146 2525 1267 2561 peccasti
1292 2530 1404 2560 propter
1429 2523 1626 2555 temeritatem,

835 2580 918 2610 atque
929 2575 1011 2602 etiam
1027 2574 1179 2609 promisisti
1197 2574 1272 2601 nullo
1290 2573 1408 2604 delectu,
1424 2571 1521 2598 melius
1537 2569 1626 2597 [actu-

835 2628 882 2648 rus
899 2620 947 2652 sis,
966 2620 988 2647 si
1007 2619 1141 2647 desistens
1169 2627 1183 2646 a
1214 2618 1398 2654 permanendo
1423 2617 1451 2644 in
1479 2617 1530 2643 hoc
1553 2615 1626 2650 quod

837 2665 906 2692 male
925 2664 1065 2700 iudicasti,
1083 2665 1118 2691 ad
1144 2665 1196 2693 huc
1219 2665 1352 2700 agendum
1376 2663 1448 2698 quod
1475 2661 1561 2695 magis
1584 2665 1627 2689 est

834 2716 1049 2739 consentaneum
1074 2715 1209 2738 transeas.
1234 2711 1284 2744 Qui
1319 2713 1412 2737 autem
1440 2709 1491 2736 hoc
1522 2708 1626 2735 dictum

93 2813 185 2855 _C_odex
209 2813 431 2855 Bcgiqsumale,
455 2815 504 2855 ἐπὶ
527 2815 571 2855 τὸν
600 2815 753 2855 προτέστερι

738 2823 778 2849 ρον
793 2814 839 2842 καὶ
853 2814 972 2855 ᾲκρςτως
989 2814 1122 2855 εἰπόντων
1138 2814 1261 2849 ποίησον,
1284 2814 1388 2848 ὥσπερ,
1409 2818 1462 2855 etc.

28 2849 76 2884 (ιό)
93 2849 163 2877 Idem
176 2848 263 2879 codex
278 2849 391 2885 Regius,
410 2851 490 2886 male,
507 2848 629 2887 ποιῆσαιζ
643 2848 752 2886 Utruniq

785 2859 794 2880 ι
811 2848 898 2879 mallei
913 2850 982 2879 forte
999 2851 1098 2879 rectius
1116 2848 1258 2886 legendum
1275 2850 1411 2886 ποιήσαις.
1430 2848 1509 2876 Enn.
