1841 3047
12 140 55 169 κθ
493 141 672 171 COMMENT.
695 142 728 170 lN
747 142 844 171 JOAN.
864 142 984 171 TOMUS
1004 142 1112 171 XXXII.
1579 146 1632 174 770

12 197 151 231 ςιδάσκαλος
165 197 259 231 αὐτοῦ,
279 200 327 227 καὶ
341 201 355 227 6
372 200 467 233 δοῦλος
489 201 528 234 ὡς
545 202 559 228 6
577 202 672 239 κύριος
690 203 739 230 αὐτ

903 201 948 229 tdo
981 201 1086 230 scilicet
1112 209 1166 230 non
1196 202 1313 237 amplius
1335 203 1475 232 habebunt
1502 204 1629 240 spiritum

12 247 108 282 γένηται
126 245 164 278 ὡς
179 246 193 272 6
207 246 366 279 διδάσκαλος
383 247 478 280 αὑτοῦ,
492 248 541 276 καὶ
556 249 570 274 6
583 249 677 285 κύριος
691 251 739 277 αὐτ

905 247 982 274 itutis
996 247 1094 275 iterum
1111 248 1138 275 in
1155 247 1264 280 timore,
1281 248 1328 276 sed
1344 249 1480 284 accipient
1502 250 1628 285 spiritum

12 293 60 320 τότε
72 292 239 328 μιμήσασθαι
249 292 360 320 δύναται
371 293 416 320 τὸν
430 295 547 330 vid/avra
558 296 622 328 τοὺς
638 296 720 329 πόδας
733 306 739 321 ε

899 293 1003 325 γιιίοηὶε,
1020 301 1069 327 per
1080 301 1160 328 quem
1173 294 1332 321 clamabunt
1347 303 1354 321 :
1367 304 1376 320 ι
1391 295 1468 322 Abba
1478 295 1557 322 Pater
1571 296 1603 322 “.
1618 305 1626 322 ι

12 338 135 375 μαθητῶν,
159 339 206 366 καὶ
229 339 306 375 νῖψαι
327 341 391 372 τοὺς
416 341 498 373 πόδας
521 342 576 369 τῶν
598 343 728 379 μαθητῶν

905 346 978 371 meo,
996 343 1142 374 antequam
1160 340 1225 367 tinnt
1249 341 1320 368 sicut
1342 341 1474 375 Magister
1488 347 1516 369 et
1538 342 1630 370 Domi-

12 386 17 412 ι
32 385 192 418 διδάσκαλος,
205 386 235 413 ὃν
247 387 261 413 6
271 386 338 418 Θεὸς
351 386 445 419 ἔταξεν
458 388 487 414 ὲν
500 390 533 424 τῇ
554 389 701 426 Ἐκκλησία
716 399 739 425 μί

926 391 993 418 opus
1012 383 1124 418 habent,
1143 385 1258 419 perinde
1275 393 1307 413 ac
1326 386 1452 421 tliscipuli
1476 387 1573 423 ittdigi,
1600 393 1629 415 ut

12 433 59 464 τοὺς
79 431 189 467 πρώτην
203 431 294 468 χώραν
309 433 338 459 ὲν
354 433 424 469 αὐτῇ
447 434 588 470 εἰληχότας
608 435 739 462 ἀποστόλο

903 435 1019 456 aventur
1039 429 1132 463 pedes,
1153 435 1181 457 et
1203 431 1279 465 quasi
1303 431 1392 459 adhuc
1408 433 1551 460 servitutis
1573 435 1629 468 spi-

12 479 46 506 ια).
60 477 182 513 δεύτερον
202 478 354 513 προφήτας.
379 478 411 506 Εἰ
427 479 455 506 δὲ
474 479 521 512 τὺ,
541 480 605 516 «Τῷ
618 480 726 517 ἀδελφῷ

900 476 963 502 min
983 475 1109 503 timorem
1127 477 1268 504 habentes.
1292 478 1328 504 At
1349 485 1416 506 vero
1439 478 1522 506 simul
1545 486 1627 515 atque

12 524 152 557 ἰουλεύσεις,
166 533 176 550 ›
199 523 313 559 φθάνειν
337 524 449 552 δύναται
471 526 519 553 ὲπὶ
539 527 603 558 τοὺς
626 527 739 554 ὑποδεεσ-

900 521 933 548 tis
949 528 982 548 ex
999 521 1042 548 his
1055 522 1159 549 habens
1172 529 1231 557 qure
1247 522 1382 557 discipulo
1397 524 1536 552 sufﬁciant
1548 529 1579 552 ut
1592 525 1627 552 sit

12 578 70 601 toug,
82 569 126 596 καὶ
148 569 195 602 τὸ,
224 579 234 596 ι
249 570 326 596 Γίνου
341 570 435 606 κύριος
451 571 499 598 τοῦ
515 572 631 607 ἀδελφοῦ
650 581 724 606 seu,»

900 572 908 595 ι
929 567 1062 603 magister
1079 567 1147 602 ejus,
1172 573 1199 596 et
1224 576 1320 596 servus
1343 570 1414 597 sicut
1430 571 1568 604 dominus,
1594 579 1627 599 eo

12 617 56 647 οὺς
74 615 110 647 ὡς
123 617 137 642 ό
158 616 254 643 ἰακὼσ
271 616 440 652 κρείττονας,
453 618 541 653 δῆλον,
557 619 598 645 ὅτι
613 618 739 655 γενόμενε

898 614 991 641 'enerit
1020 619 1049 641 ut
1071 614 1107 642 sit
1132 614 1204 642 sicut
1223 615 1353 649 magister
1365 623 1432 643 suns
1453 621 1482 643 et
1499 616 1625 644 dominus

12 662 84 694 οὖλος
94 662 130 694 ὡς
143 663 159 689 6
174 662 279 698 κύριος,
297 662 387 690 νίπτει
398 664 461 695 τοὺς
479 664 562 697 πόδας
578 665 633 691 τῶν
647 665 739 692 δουλευ

898 677 910 692 η,
925 663 989 687 tunc
1005 658 1107 686 imitari
1121 659 1223 694 poterit
1237 667 1298 687 eum
1314 660 1360 695 qui
1381 659 1446 688 Iuvit
1465 661 1548 695 pedes
1569 662 1625 689 dis-

12 717 46 735 ων
66 709 96 744 τῇ
124 709 190 744 παρ’
212 708 287 744 αὐτῷ
313 708 488 745 διδασκαλίᾳ·
511 711 572 737 ἐπεὶ
590 710 634 744 τὸ,
661 721 671 737 ι
689 712 739 748 ’Υμ

899 705 986 733 lorum
1011 713 1020 738 ;
1048 705 1301 741 discipulorutnque
1325 708 1406 742 pedes
1432 707 1534 740 lavare,
1555 708 1625 735 sicut

12 755 104 781 νωνεῖτέ
121 763 165 790 με,
180 755 195 781 6
215 754 385 788 διδάσκαλος,
402 756 449 782 καὶ
463 757 477 782 ὁ
498 756 609 792 Κύριος,
626 758 673 784 καὶ
692 758 739 784 κα)

898 752 964 779 ister
982 758 1063 786 quem
1085 750 1158 778 Deus
1182 751 1209 779 in
1225 752 1346 781 Ecclesia
1372 753 1541 781 ordinaverit
1565 759 1625 789 post

12 799 97 834 ἐγετε·
113 801 171 836 εἰμὶ
186 800 251 836 γὰρ.
265 810 274 826 ι
292 801 342 828 οὐκ
357 801 425 834 ἀξιῶ
443 802 526 838 μηδὲν
538 803 610 838 ἔχειν
622 803 739 840 βαθύτερ

896 797 986 829 ιιοιοε,
1003 796 1049 832 qui
1066 796 1093 823 in
1107 803 1139 823 ea
1154 797 1272 831 primttm
1286 799 1376 826 sortiti
1398 803 1462 826 sunt
1475 799 1576 831 locum,
1592 807 1623 827 ac

14 846 38 872 αὶ
56 846 128 882 παρὰ
153 846 184 873 τδ
205 846 258 873 ὑπὸ
277 847 332 873 τῶν
356 847 461 875 πολλῶν
478 849 639 884 νενοημένον
675 849 741 886 (22)·

913 843 1071 878 prophetas,
1089 842 1136 877 qui
1159 844 1307 871 secundum
1325 845 1358 871 ⁸³.
1376 845 1424 872 Sin
1442 853 1506 873 vero
1520 845 1622 874 dictum

12 891 57 916 εᾶσι
71 890 124 927 γὰρ
135 892 192 922 τοῖς
209 891 327 925 λέγουσι,
352 901 361 918 ι
374 892 471 929 Κύριε,
485 882 582 929 Κύριε,
595 904 604 920 i
620 882 739 930 λεχόήσε·

925 898 935 915 t
954 889 1043 917 Fratri
1063 893 1109 916 tuo
1121 890 1225 918 servies
1238 891 1270 922 “,
1291 900 1300 917 ι
1320 891 1416 918 referri
1429 895 1517 926 potest
1532 893 1564 919 ad
1575 899 1623 920 eos

13 937 43 962 πὸ
55 937 99 963 τοῦ
119 936 208 973 Ἰησοῦ
222 937 270 964 τό”
289 947 298 964 ι
319 938 414 974 Ὑμεῖς
434 941 547 973 φωνεῖτέ
567 949 610 976 με,
632 941 646 967 6
668 941 738 978 Κύρι

895 943 932 963 ius
946 934 1033 970 magis
1054 935 1153 969 deest;
1173 941 1200 964 et
1213 936 1288 969 illud,
1318 946 1326 962 t
1345 936 1409 964 Esto
1428 937 1554 965 dominus
1567 937 1622 965 frn-

12 983 36 1009 ai
48 983 134 1016 καλῶς
147 984 270 1018 λέγετε.ι
281 985 318 1012 οὐ
330 985 420 1018 καλῶς
432 983 478 1013 οὖν
485 987 603 1022 λέγουσι,
615 987 739 1024 ιΚὺριε,ι

901 981 940 1008 ttti
954 981 987 1013 “’,
1006 990 1016 1007 ι
1034 981 1067 1008 ad
1083 989 1131 1009 eos
1143 983 1188 1017 qui
1202 981 1286 1010 Jacob
1306 983 1395 1010 instar
1410 989 1474 1011 sunt.
1489 989 1620 1019 praestan-

12 1038 20 1054 υ
33 1031 63 1064 τῇ
83 1031 177 1066 ἡμέρᾳ
190 1031 283 1068 ἐκείνῃ
304 1033 452 1068 φήσοντες-
474 1043 482 1059 ι
498 1033 596 1070 Κύριε,
620 1034 739 1070 Κύριε,ι

894 1035 927 1059 as,
939 1027 1113 1062 perspicuum
1128 1032 1172 1054 est
1192 1035 1300 1055 servum
1314 1030 1359 1064 qtti
1381 1029 1470 1057 [nctus
1485 1030 1567 1057 fuerit
1581 1030 1621 1057 si-

12 1075 65 1111 θτῷ
79 1076 191 1112 ὀνόματί
208 1085 255 1104 σου
275 1077 425 1113 ἐφάγομεν,
446 1079 494 1106 καὶ
510 1081 539 1106 ὲν
550 1079 589 1116 τῷ
605 1080 717 1116 ὀνόματί
733 1090 739 1107 t

892 1073 1029 1105 dominus,
1043 1073 1136 1100 lavare
1151 1074 1232 1108 pedes
1245 1081 1338 1101 eorum
1357 1075 1402 1109 qui
1416 1076 1539 1103 serviunt
1553 1077 1619 1103 doc-

12 1121 106 1156 ιτίομεν,
124 1122 173 1148 καὶ
188 1122 217 1148 ὲν
227 1121 266 1158 τῷ
277 1122 390 1158 ὀνόματί
405 1132 452 1150 σου
462 1124 587 1160 δαιμόνια
602 1126 739 1162 ἐξεϐάλομη

895 1127 911 1147 e
925 1127 1006 1155 quam
1023 1126 1106 1154 penes
1119 1127 1149 1148 se
1168 1121 1249 1148 habet
1263 1128 1270 1153 ;
1284 1121 1412 1155 quoniam
1427 1128 1479 1148 tton
1494 1121 1622 1148 existimo

12 1166 35 1191 αὶ
56 1165 184 1202 δυνάμεις
206 1167 412 1204 πεποιήκαμεν;
427 1179 435 1194 ι
458 1170 540 1206 Φήσει
561 1171 626 1205 γοῦν
649 1172 739 1204 αὐτοῖς

894 1173 934 1193 um
951 1166 1017 1198 hoc,
1041 1175 1052 1193 ι
1068 1166 1123 1193 Vos
1143 1165 1247 1193 vocatis
1259 1173 1302 1192 me
1315 1165 1473 1200 Magistrum
1485 1171 1512 1193 et
1531 1166 1621 1193 Donti-

16 1213 106 1247 ησοῦς·
132 1223 142 1239 ι
161 1214 344 1250 Ἀποχωρεῖτε
366 1216 413 1242 ἀπ’
430 1216 515 1252 ἐμοῦ*
541 1218 668 1246 οὐδέποτε
693 1219 743 1253 ἔγνι

894 1224 908 1244 ι,
922 1216 949 1239 et
966 1213 1037 1239 bene
1062 1213 1174 1244 dicitis;
1190 1219 1250 1239 sum
1274 1212 1386 1244 etenim,
1404 1222 1413 1238 ι
1433 1211 1498 1239 nihil
1511 1212 1621 1239 omnino

12 1258 66 1291 μᾶς.
84 1259 123 1285 ὅτι
136 1260 252 1295 ἐργάται
264 1260 324 1286 me
339 1261 445 1294 ἀδικίας
456 1270 463 1277 ⁸
475 1271 484 1287 ι
501 1263 552 1289 οὐκ
563 1262 596 1290 ἃν
608 1263 636 1290 δὲ
653 1263 739 1298 λέγουι

894 1265 932 1285 ποθ
957 1258 1122 1292 profundum
1143 1265 1175 1285 ac
1195 1265 1276 1292 supra
1296 1257 1444 1285 multorum
1471 1257 1621 1292 intelligen-

12 1303 75 1335 koi';
91 1305 184 1337 καλῶς
206 1305 246 1337 τὸ,
270 1305 389 1341 «Κύριε,
411 1307 529 1343 Κύριε,›
552 1307 612 1337 εἷπε
629 1308 676 1335 τόο
697 1309 739 1336 ‘Aa

893 1316 907 1337 ι,
925 1306 1147 1341 quandoquidem
1162 1315 1215 1334 non
1227 1306 1354 1334 omnibus
1367 1306 1412 1340 qui
1423 1306 1528 1338 dicunt,
1544 1315 1554 1332 ι
1570 1306 1620 1332 Do-

12 1351 101 1384 ωρεῖτε
117 1352 170 1379 ἀπ’
185 1353 270 1388 ἐμοῦ.
292 1353 373 1381 Ἀλλὰ
383 1354 440 1386 καὶ,
459 1363 468 1380 ι
480 1354 510 1380 οὑ
524 1355 577 1386 πᾶς
590 1355 604 1381 6
619 1355 706 1390 λέγων
721 1365 739 1392 μ

893 1360 913 1386 e,
933 1354 1059 1386 Domine,
1077 1363 1086 1380 ι
1101 1354 1204 1382 dictum
1217 1353 1300 1381 fuerit
1315 1361 1329 1381 a
1345 1353 1408 1381 Jesu
1422 1362 1429 1381 :
1448 1361 1458 1378 ι
1475 1353 1527 1381 Vos
1540 1361 1620 1380 vocn-

14 1396 67 1432 ΰριε
80 1417 87 1428 ,
104 1398 202 1434 Κύριε,
225 1399 408 1426 εἰσελεύσεται
427 1400 468 1432 εὶς
494 1400 544 1435 τὴν
564 1399 702 1435 βασιλείαν
723 1411 741 1428 τι

890 1406 929 1426 me
949 1399 1094 1427 Dominum
1108 1407 1139 1427 ac
1157 1399 1331 1435 Magistrum,
1352 1404 1379 1427 et
1397 1400 1466 1427 bene
1489 1399 1590 1426 dicitis.
1607 1409 1617 1426 I

12 1443 130 1477 νρανῶν,›
145 1445 323 1481 παρίστησιν,
339 1446 379 1472 ὃτι
390 1446 420 1472 οὐ
435 1447 488 1478 πᾶς
509 1447 523 1473 6
541 1446 639 1481 λέγων,
654 1457 663 1472 ι
678 1447 739 1484 Κύρ

890 1452 923 1472 ue
944 1445 1017 1472 enim
1033 1445 1102 1472 bene
1117 1446 1213 1473 dicunt
1238 1445 1287 1479 illi,
1314 1455 1323 1471 ι
1342 1445 1465 1478 Domine,
1482 1454 1492 1471 ι
1520 1446 1566 1479 qui
1593 1445 1617 1471 in

13 1488 78 1523 ύριε,
92 1500 100 1516 ι
123 1491 314 1528 μαρτυρηθειη
331 1491 364 1519 ἂν
377 1492 423 1518 ὑπ’
438 1492 531 1525 αὑτοῦ,
552 1492 589 1525 ὡς
607 1493 654 1520 νῦν
665 1495 689 1520 οἱ
705 1495 740 1521 ἀπ

890 1490 931 1518 illa
949 1491 1048 1519 dicturi
1066 1495 1150 1519 sunt:
1169 1499 1179 1518 ι
1195 1491 1319 1525 Domine,
1337 1491 1460 1524 Domine,
1483 1497 1573 1518 nonne
1593 1491 1617 1518 in

12 1534 70 1561 τολοι
83 1537 151 1572 πρὸς
172 1537 219 1569 οὓς
238 1535 298 1564 εἷπε
309 1547 316 1553 ·
339 1548 348 1564 ι
364 1538 463 1570 Καλῶς
475 1538 568 1573 λέγετε
581 1548 587 1554 ·
602 1540 660 1576 εἰμὶ
677 1541 730 1576 γάρ

894 1537 938 1565 ine
953 1542 1000 1565 tuo
1016 1538 1132 1571 edimus,
1150 1541 1178 1565 et
1203 1538 1231 1565 in
1246 1538 1356 1565 nomine
1382 1542 1427 1564 tuo
1451 1537 1578 1569 bibimus,
1592 1542 1619 1564 rt

13 1579 31 1606 Il
49 1580 100 1618 γὰρ
117 1583 229 1619 ἀληθῶς
243 1583 326 1610 κακία
341 1584 391 1619 μὲν
404 1584 493 1612 αὐτῶν
512 1587 562 1614 οὐκ
573 1586 613 1613 ἔτι
631 1587 714 1622 κυρία
731 1585 740 1614 ἶ

891 1584 983 1611 omine
999 1588 1047 1612 tuo
1061 1584 1196 1612 daemonia
1212 1584 1354 1620 eiecimus,
1370 1588 1398 1611 et
1412 1584 1529 1611 virtutes
1549 1584 1618 1610 mul-

17 1625 90 1660 λόγος
104 1627 134 1654 δέ
144 1636 150 1643 ·
169 1629 218 1655 καὶ
233 1628 402 1662 ἁπαξαπλῶς
421 1629 522 1666 Κύριος
537 1632 554 1667 ἡ
570 1632 644 1658 πᾶσα
657 1632 744 1668 ἔμψυχ

890 1629 1023 1658 Fecimus?
1039 1641 1048 1656 ο
1064 1631 1179 1666 proinde
1189 1631 1262 1658 dicet
1275 1631 1328 1658 illis
1343 1630 1442 1658 Jesus:
1459 1639 1469 1656 ι
1483 1630 1617 1657 Discedite

13 1671 29 1698 ιὶ
47 1671 121 1704 ζῶσα
144 1674 243 1710 ἀρετή.
271 1675 351 1702 Ἀλλὰ
367 1675 414 1702 καὶ
433 1676 512 1713 εἴπερ
534 1687 543 1703 ι
559 1677 646 1709 οὐδεὶς
665 1678 740 1705 δύναπ

889 1682 920 1709 e;
945 1683 1085 1710 nunquam
1104 1683 1153 1703 vos
1171 1676 1246 1709 novi,
1263 1675 1326 1710 quia
1348 1675 1466 1710 operarii
1484 1676 1550 1703 estis
1565 1675 1616 1702 ini-

13 1720 76 1751 πεῖν,
97 1719 204 1756 Κύριος
232 1721 346 1756 Ἰησοῦς,
362 1723 386 1748 εἰ
410 1722 447 1758 μὴ
461 1723 490 1749 ὲν
511 1723 650 1758 Πνεύματι
664 1724 740 1760 ἁγίῳ,

888 1721 970 1747 alis"
982 1729 990 1754 ;
1006 1729 1016 1747 ι
1030 1727 1090 1756 quae
1101 1721 1193 1753 verba,
1207 1728 1304 1755 nempe
1329 1720 1462 1747 Discedite
1472 1729 1487 1747 ιι
1503 1728 1553 1752 me,
1564 1728 1615 1747 non

13 1765 28 1791 tl.
46 1765 162 1802 νοοῦμεν
186 1767 216 1793 ὲν
238 1768 325 1803 τούτῳ
349 1768 376 1795 τί
401 1769 459 1795 ἐστι
474 1769 505 1796 τὺ
529 1770 626 1803 εἰπεῖν,
652 1770 740 1805 «Κύρι

889 1767 1001 1794 dixisset
1012 1766 1034 1794 si
1047 1766 1083 1794 illi
1097 1766 1166 1794 bene
1174 1766 1316 1798 dixissent,
1328 1775 1336 1791 α
1344 1766 1467 1798 Domine,
1477 1766 1613 1793 hominm:

13 1813 103 1846 ησοῦς,
120 1824 130 1840 ι
161 1814 177 1840 6
202 1814 232 1841 ὲν
254 1814 391 1850 Πνεύματι
418 1815 489 1850 ἁγίῳ
517 1815 622 1850 λέγων,
655 1817 740 1852 «Κῦρε

887 1820 896 1839 t
911 1812 992 1840 etiam
1010 1812 1062 1839 hoc
1077 1812 1193 1844 dictum,
1223 1821 1232 1837 ι
1248 1811 1306 1839 Non
1320 1811 1444 1846 quisquis
1459 1811 1524 1838 mihi
1539 1812 1614 1842 dicit.

13 1859 116 1893 νισοῦςη
132 1860 226 1892 καλῶς
252 1860 337 1896 λέγει.
367 1861 400 1887 El
420 1861 448 1888 δὲ
469 1862 516 1889 καὶ
538 1863 553 1889 ὁ
579 1862 668 1895 καλῶς
688 1863 740 1898 λέγ‹

884 1858 950 1890 line,
964 1856 1089 1892 Domine,
1111 1857 1223 1885 intrabit
1240 1857 1268 1884 in
1284 1865 1395 1892 regnum
1410 1857 1542 1885 ctelorum
1555 1857 1586 1890 ν’,
1603 1867 1611 1883 1

13 1905 86 1938 ivre);
112 1907 142 1934 ἐν
165 1906 306 1942 Πνεῦματι
325 1907 395 1943 ἁγίῳ
419 1907 503 1942 λέγει,
525 1908 652 1944 ζητήσεις
679 1908 722 1935 διὰ

889 1911 914 1930 ιη
929 1903 1008 1931 docet
1032 1911 1085 1930 non
1097 1911 1204 1931 onmem
1217 1904 1364 1936 dicentem.
1385 1912 1394 1928 ι
1415 1903 1538 1936 Domine,
1564 1904 1616 1930 Do-

13 1960 35 1983 v,
69 1953 147 1979 ιΚαὶ
171 1953 264 1985 καλῶς
289 1954 416 1989 λέγετε,›
447 1955 688 1991 συνεξεταζόμενον
717 1957 740 1982 τά

890 1957 920 1983 ε,
945 1959 954 1976 ι
981 1949 1167 1977 testimonium
1193 1948 1352 1977 habiturum
1384 1949 1419 1976 ab
1444 1949 1522 1984 ipso.
1547 1949 1617 1977 sicut

13 1997 86 2025 35m
96 1999 155 2035 γὰρ
168 1997 203 2035 ἦν
212 1999 334 2035 Πνεῦμα,
345 2000 386 2027 ὅτι
407 2001 510 2036 Ἰησοῦς
526 2000 601 2028 οὔπω
615 2000 740 2034 ὲδοξάσθτ

886 2002 900 2022 c
916 1993 1044 2029 apostoli,
1060 1994 1159 2030 quibus
1176 1994 1267 2022 dixit:
1294 2003 1303 2020 ι
1327 1994 1399 2021 Bene
1429 1994 1529 2028 dicitis,
1555 2002 1613 2022 sum

14 2043 97 2078 ησῐως
119 2043 169 2072 οὖν
193 2045 364 2078 δουλεύοντος
388 2046 426 2082 τῷ
448 2047 538 2083 Λόγῳ,
560 2047 640 2083 ἔργον
662 2048 720 2074 ἐστὶ

892 2041 939 2067 im.
958 2049 967 2065 ι
985 2038 1055 2066 Vere
1066 2039 1137 2067 enim
1153 2038 1250 2066 vitium
1268 2046 1320 2066 non
1337 2039 1452 2073 amplius
1465 2039 1506 2066 eis
1529 2039 1615 2066 domi-

14 2088 65 2119 λῶς
87 2091 191 2123 εἰπεῖν,
212 2100 221 2116 ι
234 2090 337 2127 Κύριος
364 2091 478 2127 Ἰησοῦς,
491 2102 499 2118 ι
520 2092 628 2119 καὶτοῦ
645 2093 741 2127 ἀνάλογ

887 2089 955 2118 itur,
969 2084 1017 2113 sed
1029 2084 1126 2120 Λόγος,
1143 2084 1153 2120 [
1166 2085 1192 2112 id
1210 2089 1250 2112 est
1264 2085 1333 2112 ratio
1346 2093 1353 2117 ;
1365 2084 1377 2120 ]
1389 2089 1415 2112 et
1426 2090 1454 2112 ut
1467 2087 1614 2120 generatim

14 2133 63 2170 ὗτῳ
82 2136 211 2171 μαθητοῦ
227 2137 257 2163 τὸ
270 2136 361 2169 καλῶς
381 2138 469 2164 εἰπεῖν
490 2137 529 2173 τῷ
545 2138 653 2173 Σωτῆρι
668 2138 714 2165 τό·
738 2148 741 2163 ι

889 2139 927 2164 m,
943 2131 1084 2164 Dominus,
1104 2132 1156 2158 hoc
1172 2135 1225 2163 est.
1245 2131 1372 2158 universa
1388 2131 1506 2158 animata
1527 2135 1555 2158 et
1575 2131 1613 2157 vi-

14 2180 151 2214 ἆσκαλος·
168 2192 178 2208 ο
206 2183 275 2218 πρὸς
297 2183 326 2209 ὃν
350 2183 449 2218 λέγοιτ’
468 2183 501 2210 ἂν
518 2183 559 2215 τὸ,
579 2193 589 2209 ι
601 2184 666 2219 Εἰμὶ
682 2183 741 2220 γὰρ

886 2185 893 2205 t
918 2177 1015 2204 virtus.
1033 2176 1103 2210 Quin
1118 2177 1202 2205 etiam
1221 2177 1243 2205 si
1264 2186 1274 2203 ι
1293 2177 1382 2204 nullus
1397 2181 1488 2212 potes:
1511 2177 1613 2210 dicere,

14 2235 25 2252 ιι
40 2226 73 2253 ἂν
88 2228 295 2264 λεχθησόμενον
318 2229 371 2255 ὑπὸ
392 2229 439 2255 τοῦ
464 2229 551 2264 Λόγου
568 2229 607 2265 τῷ
621 2229 741 2256 δυυλεύον

887 2224 957 2251 tinus
971 2223 1061 2256 Jesns,
1078 2223 1129 2251 nisi
1143 2223 1169 2251 in
1185 2223 1288 2258 Spiritu
1305 2227 1400 2251 sancto
1419 2223 1454 2257 η,
1473 2233 1482 2250 ι
1505 2229 1533 2251 et
1550 2230 1614 2252 eon«

35 2273 175 2310 ἁμαρτίᾳ,
199 2274 246 2300 καὶ
266 2273 305 2309 τῷ
335 2274 547 2310 μαθητευομένῳ
570 2275 627 2306 τοῖς
652 2274 761 2310 ψεύδεσι

887 2277 977 2297 remus
989 2269 1054 2302 qttid
1069 2270 1106 2297 sit
1125 2269 1217 2297 dicere
1235 2269 1262 2296 io
1279 2269 1331 2296 hoe
1355 2268 1428 2301 loco,
1453 2278 1463 2296 ι
1485 2269 1614 2298 Dominus

14 2317 48 2351 ,ὴν
64 2321 113 2345 καὶ
136 2319 218 2353 ἅγιον
238 2319 302 2346 ὂντα
324 2319 460 2355 ἐνδέχεται
485 2319 586 2347 δεῖσθαι
602 2320 652 2355 τῆς
675 2320 741 2354 νίψει

885 2325 927 2349 ts;
944 2325 953 2342 I
971 2315 1052 2352 422
1079 2316 1124 2350 qui
1153 2316 1230 2350 dicit,
1253 2326 1264 2343 ι
1290 2317 1420 2345 Dontinus
1443 2318 1534 2352 Jesns,
1551 2329 1560 2345 ι
1587 2319 1612 2344 in

14 2373 28 2389 ν
43 2364 135 2392 ποδῶν
143 2374 151 2381 ·
165 2366 229 2392 ἐπεὶ
238 2366 284 2392 καὶ
297 2367 313 2401 ἡ
325 2366 528 2401 καταλεγομένη
537 2367 576 2397 εἰς
584 2366 741 2402 ὲκκλησιασε

884 2363 930 2390 ’ἰιυ
946 2366 1052 2395 sancto,
1071 2361 1142 2389 bene
1160 2362 1237 2390 dicit.
1254 2363 1295 2391 An
1314 2371 1379 2391 vero
1395 2365 1441 2399 qui
1456 2365 1524 2392 bene
1536 2365 1611 2396 dicit,

14 2418 25 2434 ν
45 2410 130 2446 τιμὴν
152 2410 213 2446 (25)
237 2411 310 2447 χήρα
336 2411 492 2445 ἐξετάζεται
516 2411 585 2447 μετὰ
607 2411 661 2438 τῶν
685 2411 741 2438 ἀλλ(

884 2410 973 2436 mnino
985 2408 1058 2435 dicat
1072 2407 1154 2434 etiam
1170 2408 1197 2435 in
1212 2407 1315 2443 Spirittt
1332 2414 1440 2442 sancto,
1455 2413 1482 2438 tu
1496 2418 1611 2445 quaet-es,

14 2454 63 2482 λῶν
78 2456 128 2483 καὶ
145 2457 177 2482 ὲν
195 2456 244 2492 τῷ,
262 2457 286 2483 al
302 2457 386 2490 ἁγίων
403 2457 485 2489 πόδας
500 2457 588 2492 ἐνιψε’
605 2456 709 2491 γελοῖον
719 2465 741 2491 γι

887 2460 938 2483 iter
954 2454 1032 2487 illud,
1060 2465 1068 2482 t
1085 2455 1118 2482 Et
1134 2455 1203 2482 bene
1217 2455 1320 2488 dicitis,
1338 2465 1349 2482 ι
1371 2456 1442 2490 quod
1459 2464 1532 2483 nttnc
1550 2463 1614 2483 exu-

15 2510 49 2527 ιαι
64 2503 219 2537 τυγχάνειν
233 2501 264 2529 τὸ
284 2503 379 2538 στῆναι
396 2503 442 2529 ἐπὶ
465 2502 510 2530 τοῦ
525 2502 618 2539 ῥητοῦ,
635 2503 692 2535 καὶ,
707 2503 740 2538 φέ

887 2507 948 2529 atur
964 2509 1025 2530 cum
1041 2501 1088 2529 illo
1100 2501 1194 2528 dicto:
1216 2510 1225 2526 ι
1242 2499 1366 2528 Nondum
1387 2501 1460 2528 enim
1481 2507 1542 2528 erat
1556 2502 1614 2536 Spi-

15 2549 70 2581 τεῖν,
97 2550 151 2585 τὴν
170 2549 286 2585 ἔχουσαν
304 2551 393 2578 πάντα
413 2551 447 2578 τὰ
469 2552 705 2588 χαρακτηρίξοντα
723 2560 742 2578 τ’

884 2556 896 2575 s
905 2547 994 2580 datus,
1006 2547 1069 2582 quia
1081 2546 1201 2574 nondum
1210 2552 1283 2574 esset
1293 2546 1371 2574 Iesus
1381 2547 1585 2583 gloriﬁcatus“.
1600 2557 1609 2574 ι

15 2595 54 2621 [αν
69 2596 175 2632 χήραν,
194 2597 240 2623 καὶ
258 2597 346 2632 τούτῳ
369 2597 442 2633 μόνῳ
461 2597 618 2628 λείπουσαν,
636 2597 674 2632 μὴ
690 2605 741 2624 κατ

887 2602 900 2622 s
920 2594 1014 2629 itaque
1028 2593 1073 2628 qui
1091 2594 1199 2621 sincere
1225 2597 1254 2621 et
1274 2600 1308 2621 ex
1333 2593 1424 2620 animo
1439 2593 1522 2621 servit
1543 2593 1611 2620 Filio

15 2639 102 2675 ’άχθπ
128 2641 173 2673 εις
199 2641 428 2677 ἐκκλησιαστικὴν
450 2642 542 2678 τιμὴν,
570 2641 700 2674 πολλάκις
729 2642 742 2668 δ

882 2660 887 2672 ,
908 2639 1029 2667 ofﬁcium
1043 2644 1085 2667 est
1097 2639 1167 2667 bene
1186 2639 1289 2672 dicere,
1307 2647 1318 2665 ς
1343 2639 1473 2666 Dominus
1491 2637 1580 2670 Jesus,
1600 2648 1609 2665 ι

15 2723 31 2737 λ’
41 2721 202 2755 Romam,
215 2710 268 2758 151.7
297 2723 320 2738 "
333 2723 341 2750 l
355 2722 418 2750 Cor.
430 2731 480 2756 ut,
494 2722 540 2751 28.
579 2723 601 2738 ¹⁵
617 2722 685 2758 Gen.
700 2721 842 2758 xxvndo.
881 2721 1034 2751 "ibid.29.
1072 2722 1094 2739 ¹⁶
1107 2722 1203 2750 Matth.
1215 2722 1317 2758 “1,22,
1329 2722 1382 2755 25;
1395 2721 1463 2750 Luc.
1485 2728 1545 2753 xttt.
1565 2720 1612 2755 26,

15 2777 16 2783 η
40 2759 61 2774 ³⁷
78 2758 183 2786 Matth.
201 2765 246 2791 vti,
258 2757 304 2785 21.
343 2758 454 2786 "lCor.
469 2758 558 2789 “1.5.
597 2759 618 2774 ¹⁹
631 2757 707 2786 Joan.
719 2757 824 2790 vtt.39.

15 2805 67 2836 7‘22)
78 2804 591 2842 ΟυιξειῨΒοιΙΙοίοιιιιβ.νενομισμένον.
738 2839 743 2842 _
827 2804 959 2831 honorem
974 2803 1086 2842 ascita»,
1103 2811 1142 2831 ea:
1164 2809 1313 2842 era_n_tqn:e
1335 2803 1498 2842 diaconisste
1531 2802 1611 2842 dicta:

18 2841 63 2876 25)
82 2840 142 2871 Καὶ
167 2838 745 2876 ἠῄριαταλετυμένηηὲις⁷ὲκκληιγιαστικὶ

881 2838 1087 2876 t;_CItjttsmot|i
1113 2845 1172 2876 er_a_t
1203 2839 1307 2868 Phtebe
1334 2839 1379 2868 illa
1409 2838 1608 2866 (lenchreensis

15 2873 72 2911 n‘p‘,
100 2882 160 2905 etc.
183 2873 283 2904 'Vidute
313 2873 402 2904 autem
423 2875 476 2903 illae
493 2877 527 2905 ad
554 2873 771 2905 ecclesiasticum
827 2873 1125 2903 Ecclesiwdiacouissu.
1142 2873 1270 2903 "UETIUS.
