1835 3047
19 89 34 116 3
449 83 631 113 COMMENT.
652 84 685 112 IN
704 84 801 113 JOAN.
820 85 940 113 TOMUS
957 85 1065 114 XXXII.

1534 95 1588 123 77‘

19 167 23 180 ,
38 146 79 174 οὖιι
90 145 152 181 ἔχεις
169 145 248 181 μέρος
268 146 328 181 μετ’
349 144 427 180 ἐμοῦ.
449 155 458 171 ι
484 146 515 172 Et
532 145 561 172 δὲ
578 145 696 173 ἐνταῦθα
713 146 738 173 οὒ

824 154 837 174 s
868 154 916 181 per
952 146 1111 183 allegoriam
1139 147 1277 181 dicantur,
1313 150 1490 181 nihilominus
1515 153 1594 188 juxta

19 194 86 220 ιωπεῖ
94 192 121 219 τὸ
133 192 145 218 ὃ
159 190 242 224 εἶπον,
258 191 406 226 ἐπίσκεψαι
420 191 446 218 τι
460 199 489 217 σε
502 191 554 227 χρὴ
569 191 659 225 λέγειν
675 191 744 227 πρὸς

19 247 29 266 ν
42 239 95 274 περὶ
111 237 154 265 τοῦ
170 238 193 264 εἰ
207 237 259 273 χρὴ
283 237 330 264 καὶ
356 237 405 274 τὴν
427 237 500 271 λέξιν
522 237 631 270 πάντως
649 240 743 274 τηρεῖν

19 285 137 320 ιπόρησιν.
154 284 209 310 ’Ότι
231 284 280 318 μὲν
303 282 350 310 οὖν
375 292 441 310 ποτε
462 283 576 320 καθήξει
599 283 667 319 τῷδε
693 284 742 319 μὲν

19 332 47 356 μαι
59 330 112 361 τοὺς
129 329 205 360 πόδας
222 329 268 355 τοῦ
289 329 364 356 δεῖνα
383 328 506 365 μαθητοῦ
535 329 633 364 Ἰησοῦ,
653 329 694 365 τῷ
713 330 742 356 δὲ

19 376 143 410 παρασχεῖν
164 375 258 406 αὐτοὺς
287 374 501 411 νιφΘησομένους
524 375 570 402 ὑπ’
588 375 682 408 αὑτοῦ,
705 375 743 408 ὡς

19 421 133 457 δάγάπης
147 421 190 448 καὶ
204 421 403 457 φιλοφροσύνης
418 421 465 448 τὸν
485 422 534 458 μὲν
554 422 677 458 ποιῆσαι,
697 421 742 448 τδν

23 469 160 503 παρασχεῖν,
182 468 228 494 καὶ
255 468 337 500 αὐτὸς
357 468 390 496 ἂν
426 469 638 505 όμολογήσαιμι.
662 470 693 496 Εἰ
713 470 742 496 δὲ

19 522 84 548 σομεν
106 514 213 540 ἕκαστον
239 514 294 540 τῶν
320 514 357 550 μὴ
388 515 546 542 συνειδότων
574 515 628 551 (29)
651 515 741 551 ἑαυτῷ

19 558 48 585 iro
56 559 227 595 πεποιηκέναι,
245 560 296 586 καὶ
311 560 397 594 ἁγξων
411 560 483 587 οὕτω
495 562 558 593 τοὺς
572 561 656 594 πόδας
670 571 741 589 νενι-

19 612 56 635 vat,
76 604 240 640 ὀφειλομένην
265 606 327 633 τινὰ
353 605 462 642 ἐντολὴν
483 607 520 642 μὴ
540 607 742 635 ἀποδεδωκέναι

19 658 54 680 ι,ι
77 650 201 685 Ὀφείλετε
217 651 340 687 ἀλλήλων
353 651 457 679 νίπτειν
471 653 534 684 τοὺς
546 653 639 685 πόδας,
655 663 664 679 ι
681 653 742 690 ὥρα

19 696 83 730 MEO)
97 696 178 731 λέγειν
202 697 285 732 ἐγγύς
308 707 361 725 που
381 698 486 731 πάντας
509 698 653 734 ὀφειλέτας
670 698 741 727 εἶναι

19 740 123 777 ςέντολῆς
133 742 241 778 ταῦτ-ης.

798 198 955 220 contextum
970 193 1041 220 facta
1059 194 1159 227 fuisse,
1177 196 1372 232 moraliterque
1389 197 1471 226 etiam
1489 199 1593 228 intelli-

798 239 884 272 gentia
906 246 965 266 esse
981 239 1040 266 lucc
1065 240 1166 268 verba:
1188 249 1198 266 ι
1213 241 1241 268 Si
1266 241 1348 276 igitur
1369 250 1419 278 ego
1437 243 1489 272 lavi
1505 246 1588 280 pedes

797 288 903 310 vestros
916 283 1044 318 Magister
1061 288 1089 311 et
1105 285 1277 318 Dominus,ct
1287 293 1333 313 vos
1348 286 1451 316 debetis
1463 288 1508 315 alii
1522 289 1592 316 alio-

798 337 856 356 rum
875 329 966 356 lavare
981 330 1062 363 pedes
1077 338 1084 356 :
1103 330 1257 365 exemplum
1282 332 1356 358 enim
1379 333 1440 359 dedi
1458 333 1546 366 vobis,
1561 339 1591 361 ιιι

795 376 1024 410 quemadmodum
1036 383 1086 410 ego
1098 375 1149 404 feci
1163 377 1249 410 vobis,
1260 377 1296 405 ita
1307 383 1333 405 et
1345 386 1393 405 vos
1408 378 1517 406 faciatis
1529 380 1552 396 "
1563 387 1589 406 ιι

796 421 831 449 ad
854 421 1010 457 hujusmodi
1036 423 1254 457 respondendum
1279 429 1322 452 est
1345 434 1352 451 :
1377 432 1442 461 ergo
1460 425 1590 460 quoniam

793 467 869 502 juxta
887 472 991 495 textum
1009 467 1110 497 factum
1127 473 1169 496 est
1184 470 1256 504 quod
1272 469 1353 497 l‘etro
1363 470 1481 504 dicenti,
1497 481 1506 498 ι
1525 471 1584 499 Νοιι

794 513 896 541 lavabis
910 513 976 541 mihi
989 514 1072 548 pedes
1083 514 1110 542 in
1122 518 1267 548 aeternum,
1287 525 1298 541 ι
1315 516 1417 543 dictum
1437 516 1498 550 fuit,
1511 525 1588 546 nem-

794 568 828 596 pe
842 580 850 593 ,
874 569 883 586 ι
899 560 955 588 Nisi
970 560 1062 588 lavero
1079 565 1117 593 te,
1136 568 1190 588 non
1211 562 1296 590 habes
1314 568 1418 596 partem
1442 571 1560 597 mecum,
1577 573 1587 590 ι

793 607 874 634 etiam
891 614 951 637 nos.
963 606 1040 641 juxta
1059 611 1231 640 contextum,
1249 609 1285 636 ob
1301 609 1483 636 reverentiam
1502 609 1585 644 pedes

793 661 858 681 suos
883 653 1014 681 lavandos
1036 662 1089 681 non
1107 654 1293 689 prmbeutibus
1321 655 1454 688 dicemus,
1475 655 1590 682 audebi«

796 708 911 735 musque
925 700 1023 728 talibus
1038 701 1131 728 dicere
1145 709 1152 729 :
1172 711 1181 726 ι
1200 700 1256 728 Nisi
1272 700 1363 728 lavero
1378 706 1403 728 te
1413 720 1421 733 ,
1437 709 1488 728 non
1507 700 1590 728 habes

795 751 900 781 partem
916 753 1051 773 mecum.»
1069 745 1146 779 Quod
1162 747 1184 774 si
1201 747 1254 775 hoc
1268 746 1294 774 iu
1313 747 1372 774 loco
1394 747 1440 774 tibi
1459 755 1511 774 non
1526 753 1589 781 per-

19 786 57 813 idet
67 788 128 822 quod
141 789 203 822 dixi,
222 791 360 824 perpende
379 790 446 826 quid
461 791 553 819 dicere
583 795 608 820 te
635 797 762 827 oporteat
789 799 884 821 contra
901 793 1113 826 dubitationem,
1127 801 1162 820 an
1181 794 1295 820 omnino
1315 792 1392 827 juxta
1409 797 1514 819 textum
1531 792 1590 820 hinc

19 836 26 860 ι
41 836 166 863 servanda.
184 836 275 871 Atque
289 838 361 872 quod
377 838 442 866 huic
464 840 572 874 quidem
590 840 735 875 aliquando
765 840 913 868 conveniat
926 840 1020 867 lavare
1038 840 1121 875 pedes
1148 839 1222 867 illius
1243 839 1369 874 discipuli
1386 838 1510 872 .lesu,illi
1525 846 1590 866 vero

19 879 98 912 luando
112 888 172 908 suos
186 881 219 909 ab
238 882 295 918 ipso
309 882 438 911 lavandos
458 886 591 919 prmbere,
618 886 654 913 ita
673 891 702 913 ut
722 886 767 914 ille
793 885 829 913 ob
845 885 1008 913 charitatem
1022 889 1050 912 et
1063 886 1221 914 comitatem
1239 885 1319 918 lavet,
1339 885 1382 912 hic
1399 893 1428 912 se
1441 884 1585 912 lavandum

19 923 91 957 libeat,
107 926 184 953 etiam
201 927 260 962 ipse
272 926 371 956 fateor.
396 928 444 956 Sin
467 937 533 958 vero
558 931 681 958 dicemus
711 937 933 966 unumquemque
958 938 1013 957 non
1036 930 1176 957 conscium
1196 930 1248 958 sibi
1273 930 1325 957 hoc
1349 928 1460 961 fecisse,
1478 934 1588 957 sancto-

19 977 72 1004 nque
94 972 142 999 isto
153 973 234 1001 modo
251 974 333 1009 pedes
354 982 406 1002 non
425 976 534 1011 lavisse,
562 977 682 1005 debitum
709 977 846 1013 quoddam
862 977 1021 1004 mandatum
1039 983 1094 1003 non
1115 976 1297 1011 persolvissc,
1313 982 1420 1010 nempe,
1453 985 1463 1001 ι
1479 975 1587 1003 Debetis

26 1017 122 1046 aliorum
135 1019 221 1048 lavare
233 1021 342 1056 pedesn
354 1026 460 1056 tempus
473 1028 514 1051 est
523 1024 629 1052 dicendi
640 1032 735 1052 omnes
745 1024 836 1059 aliquo
847 1024 926 1051 modo
943 1024 1023 1058 hujus
1038 1023 1157 1050 mandati
1169 1024 1306 1051 debitores
1321 1029 1389 1050 esse.

19 1062 32 1087 l.
41 1071 48 1087 ‹
62 1063 146 1100 Ἀμὴν,
154 1065 227 1101 ἀμὴν
236 1066 308 1101 λέγω
316 1067 381 1103 ὑμῖν
389 1076 396 1083 ·
407 1069 463 1095 Οὐκ
474 1069 531 1096 ἐστι
538 1070 631 1102 δοῦλος
638 1071 738 1106 μείζων

826 1070 854 1098 8.
877 1079 887 1096 ς
904 1071 1002 1104 Amen,
1016 1078 1094 1101 amen
1111 1071 1170 1098 dico
1182 1070 1258 1098 vobis
1271 1078 1279 1097 :
1295 1069 1354 1097 Non
1367 1074 1408 1097 est
1420 1077 1518 1097 servus
1530 1078 1588 1098 ma-

32 1109 110 1144 κυρίου
126 1111 207 1138 αὐτοῦ
218 1132 226 1144 ,
245 1112 308 1139 οὐδὲ
323 1113 472 1145 ἀπόστολος
490 1115 592 1150 μείζων
607 1116 654 1142 τοῦ
672 1117 742 1152 πέμ-

19 1162 57 1186 ντος
68 1155 153 1183 αὐτόν·
173 1159 196 1184 εἰ
211 1158 298 1185 ταῦτα
320 1158 419 1191 οἴδατε,
441 1161 574 1196 μακάριοὶ
594 1161 667 1194 ἐστε,
693 1163 741 1189 ἐὰν

19 1199 54 1234 ᾗτε
66 1202 134 1230 αὐτά.
155 1204 192 1230 Οὐ
210 1205 275 1240 περὶ
287 1205 395 1232 πάντων
410 1205 488 1241 ὑμῶν
505 1207 592 1241 λέγω·
611 1207 666 1242 ἐγὼ
682 1206 741 1234 οἶδα

19 1254 38 1277 ις
43 1247 196 1285 ἐξελεξάμην·
204 1251 263 1277 ἀλλ’
270 1251 312 1278 ἵνα
318 1252 334 1286 ή
341 1252 396 1287 Γρα
400 1252 435 1288 φὴ
442 1252 494 1288 πλη
499 1253 584 1289 ρωθῇ·
594 1253 622 1280 ‘0
628 1253 741 1290 τρώγων

19 1292 62 1318 trav
70 1294 141 1329 ἄρτον
151 1296 255 1332 ἐπῆρεν
264 1298 306 1331 (5|
313 1298 319 1331 )
327 1299 370 1324 ἐπ’
379 1298 429 1333 ἐμὲ
437 1298 486 1334 τὴν
498 1299 618 1334 πτέρναν
627 1299 720 1326 αὐτοῦ.
728 1309 737 1325 ι

19 1340 78 1366 ικαὶ
93 1341 171 1368 ταῦτα
185 1342 296 1378 ἔχεσθαί
314 1352 358 1379 μοι
373 1344 448 1376 δοκεῖ
466 1344 514 1370 τοῦ
534 1345 601 1371 ἰδεῖν
621 1344 656 1371 τὰ
676 1345 740 1380 περὶ

34 1385 77 1411 τῶν
97 1387 180 1415 ποδῶν
202 1389 302 1424 νίψεως
326 1391 519 1426 τροπο).ογετν·
543 1391 573 1418 τὸ
589 1392 658 1426 γὰρ,
681 1401 690 1417 ι
708 1392 739 1419 El

19 1436 44 1455 τα
60 1429 151 1465 οἴδατε,
174 1435 307 1470 μακάριοί
331 1436 404 1468 ἐστε,
427 1436 475 1463 ἐὰν
501 1437 600 1473 ποιῆτε
624 1438 704 1472 αὐτὰ,
726 1448 736 1465 ι

19 1474 61 1506 τνθις
77 1479 194 1513 ποιητέον
217 1481 420 1516 προειρημένου
441 1482 457 1518 ἦ
479 1483 544 1517 περὶ.
570 1483 620 1519 τῆς
639 1484 738 1519 νίψεως

30 1521 112 1554 ποδῶν,
129 1523 171 1549 ἐπ’
193 1525 303 1561 ἐκείνην
324 1525 375 1561 τὴν
397 1527 538 1563 ἀναφορὰν
563 1528 630 1564 ἔχει.
655 1529 696 1556 Τὰ
710 1530 738 1557 δὲ

19 1566 82 1593 άτῦν
98 1569 174 1596 τόπον
193 1570 355 1606 μαθήματα,
382 1572 440 1604 πῶς
465 1582 494 1599 τε
515 1574 593 1606 πόδες
610 1574 738 1611 μαθητῶν

19 1611 116 1644 ﬁam-rat.
200 1616 389 1653 λουσαμένων,
410 1619 458 1645 καὶ
475 1619 536 1646 τίνα
550 1621 653 1656 τρόπον
670 1621 737 1648 πλύ-

19 1664 54 1689 ιιι,
68 1660 157 1688 εἰδέναι
167 1662 204 1695 ὡς
228 1664 242 1690 ό
260 1663 347 1698 Λόγος
364 1664 498 1699 βούλεται,
524 1667 571 1693 καὶ
590 1669 677 1694 ποιεῖν
698 1668 736 1700 ὡς

19 1705 50 1730 ειό
69 1706 174 1742 Ἰησοῦς,
191 1709 301 1746 ἀληθῶς
319 1711 463 1747 μακαρίων
474 1712 550 1739 ἐστὶν
564 1713 668 1749 ἀνδρῶν
681 1713 736 1749 (5‘2)

19 1756 50 1774 Ἰν·
65 1752 90 1778 οὔ
106 1754 158 1790 γὰρ
175 1755 205 1782 τὺ
224 1756 385 1792 τηλικοῦτον
405 1758 501 1793 δνομα,
522 1759 553 1785 τὺ
575 1759 735 1794 μακάριον,

19 1798 112 1828 ιγονὲπὶ
131 1801 185 1833 τοῖς
199 1802 314 1838 τυχοῦσι
338 1804 424 1839 φῆσαι
441 1805 568 1840 παρεῖναι
589 1813 670 1838 τισιν,
693 1806 735 1840 ἐφ’

19 1841 143 1880 ιὶοεχέτης
158 1847 193 1874 ἂν
215 1848 326 1876 πλύνων
340 1850 405 1882 τοὺς
424 1850 508 1882 πόδας
528 1850 575 1877 τοῦ
595 1850 734 1884 δεσπότου,

19 1887 82 1922 iam;
100 1891 132 1918 ἂν
150 1894 210 1920 κατ’
227 1894 295 1922 αὐτὸ
316 1895 395 1922 τοῦτο
416 1896 490 1930 δόξαι
507 1898 663 1932 τυγχάνειν,
689 1899 736 1926 καὶ

19 1933 46 1964 ίξ.
69 1937 114 1963 καὶ
141 1938 310 1975 ὑποκριτής·
338 1940 353 1967 ὃ
375 1942 430 1977 γὰρ
455 1943 536 1978 ἡμεῖς
562 1944 735 1981 ἀποδίδομεν,

19 1986 54 2005 rem
69 1982 126 2014 τοὺς
143 1984 228 2017 πόδας
247 1986 377 2022 μαθητῶν
402 1988 499 2022 Ἰησοῦ,
520 1989 640 2024 μεγάλου
663 1991 736 2023 τινός

21 2043 26 2054 ,
40 2026 79 2052 καὶ
99 2028 200 2064 Ἰησοῦν
216 2031 247 2058 ὲν
260 2032 350 2067 ἑαυτῷ
370 2032 489 2068 ἔχοντος,
505 2035 551 2061 καὶ
566 2035 735 2069 ἁπαξαπλῶς

19 2069 90 2119 ξρίιιν.
107 2073 164 2110 Χρὴ
179 2075 209 2102 δὲ
229 2076 331 2104 εἰδέναι
346 2077 436 2112 τοῦτο,
455 2078 497 2105 ὅτι
517 2079 735 2116 παράκειται-τῷ

20 2117 122 2154 {novi-rip
141 2120 232 2156 ὅμοια,
253 2122 283 2148 ἐν
306 2122 354 2158 μὲν
374 2123 412 2158 τῷ
431 2125 502 2151 κατὰ
528 2125 670 2153 Ματθαίον
687 2126 734 2152 τό·

19 2159 45 2187 '57.
67 2162 119 2192 ἐστι
143 2167 271 2203 μαθητὴς
297 2169 371 2205 ὑπὲρ
398 2170 442 2197 τὸν
469 2170 645 2203 διδάσκαλον,
674 2172 736 2199 οὐδὲ

20 2214 43 2254 ος
60 2209 124 2246 ὗπὲρ
139 2212 304 2249 τὸν-κύριον
322 2215 422 2242 αὐτοῦ’
439 2216 554 2251 ἀρκετὸν
570 2217 609 2253 τῷ
627 2218 734 2254 μαθητῇ

19 2252 114 2290 γένηται
127 2257 165 2289 ὡς
180 2259 194 2286 ὁ
211 2259 372 2292 διδάσκαλος
387 2261 482 2294 αὑτοῦ,
501 2262 547 2289 καὶ
561 2263 575 2289 ὁ
591 2252 684 2295 δοῧλος

19 2297 73 2332 λριυς
90 2303 169 2330 αὑτοῦ
180 2312 188 2320 ·
208 2315 218 2331 ι
240 2306 271 2333 ὲν
284 2305 312 2333 δὲ
324 2306 363 2342 τῷ
374 2307 445 2334 κατὰ
464 2309 572 2336 Λουκᾶν
586 2309 634 2336 τό·
653 2319 663 2335 ο
679 2311 735 2337 Οὺκ

30 2346 140 2385 μαθητὴς
154 2350 226 2387 ὑπὲρ
249 2351 296 2379 τὸν
318 2352 490 2380 διδάσκαλον·
518 2356 735 2392 κατηρτισμένος

19 2390 122 2445 ᾗξσξω
143 2395 182 2445 6-);
199 2396 391 2445 όδιδάσκαλος
414 2398 509 2426 αὑτοῦ.
537 2409 546 2425 ι
576 2390 734 2436 Ἐεῆςτού-
750 2416 773 2445 D

19 2434 62 2471 I55)
80 2437 134 2466 ἐστι
151 2440 271 2477 ζητῆσαι
285 2443 332 2476 τὸ,
351 2453 363 2470 r
384 2444 422 2471 Οὐ
442 2445 506 2480 περὶ
529 2434 638 2474 πάντων
657 2447 735 2482 ὑμῶν

55 2483 95 2511 ἐπὶ
103 2486 128 2512 τί
137 2486 301 2524 λελεγμένον
315 2490 469 2527 ἀνοίσομεν.
479 2492 508 2518 ὐ
520 2492 568 2527 μὲν
578 2490 624 2519 οὖν
633 2501 673 2525 τις
684 2494 736 2529 φή-

20 2526 57 2573 διί)
66 2530 108 2557 ἐπὶ
118 2532 161 2558 τό”
181 2543 190 2559 ι
208 2535 350 2571 Μακάριοι
367 2537 439 2569 ἔστε,
452 2537 499 2565 ἐὰν
514 2526 610 2573 ποιῆτε
622 2526 702 2565 αὑτά·
714 2526 735 2565 ἰ

19 2572 54 2608 τὰρ
68 2576 198 2612 μακάριος
227 2579 338 2612 Ἰούδας.
365 2580 401 2607 Οὐ
426 2581 528 2617 νομίζω
542 2572 668 2616 δὲγὺγιῶς
688 2583 734 2609 ἐπὶ

27 2630 98 2694 una,
109 2642 167 2669 xm,
179 2636 212 2663 H
224 2637 286 2670 ,15.

19 2711 50 2780 ΒΞ]
64 2713 122 2741 Τῶν
129 2715 172 2749 μὴ
202 2714 398 2743 συνειδότων.
427 2713 605 2742 Scribendum
628 2716 735 2744 videtur

20 2754 34 2780 μ
63 2751 204 2777 συνειδότα.

20 2751 50 2780 μὴ
63 2751 204 2777 συνειδότα.

55 2783 136 2820 (godex
158 2786 272 2820 ltegius,
289 2785 339 2820 ὅρα
356 2793 416 2811 που.

19 2816 45 2854 Ἰ)
59 2817 142 2849 Codex
157 2816 271 2856 Regius,
287 2816 398 2855 τρώγων
414 2820 459 2848 τὸν
475 2821 567 2857 ἄρτον,
579 2821 691 2858 ἐπῆρεν.

791 1115 836 1150 jor
851 1116 963 1143 domino
987 1124 1046 1149 suo,
1064 1123 1153 1150 neque
1176 1115 1283 1150 legatus
1309 1116 1396 1150 major
1417 1121 1459 1143 est
1481 1124 1514 1143 eo
1540 1116 1586 1151 qui

794 1160 896 1196 legavit
913 1161 1001 1196 ipsum
1016 1170 1023 1188 :
1038 1161 1059 1188 si
1077 1161 1135 1188 Inec
1154 1161 1283 1194 novistis,
1299 1160 1370 1187 beati
1386 1162 1464 1192 estis.
1479 1171 1501 1188 si
1517 1161 1587 1188 lece-

794 1206 853 1234 ritis
868 1215 910 1234 ea.
926 1206 982 1234 Non
1010 1207 1043 1234 de
1062 1206 1192 1234 omnibus
1216 1206 1295 1233 vobis
1312 1206 1430 1241 loquor:
1451 1214 1502 1241 ego
1527 1208 1587 1234 Scio

794 1261 863 1288 quos
880 1253 1026 1288 elegerim;
1043 1253 1090 1280 sed
1117 1258 1148 1279 ut
1171 1252 1333 1286 impleretur
1356 1253 1496 1288 Scriptura
1514 1253 1586 1286 :Qni

792 1299 849 1326 edit
861 1307 951 1327 meum
966 1307 1075 1334 panem,
1088 1298 1198 1326 sustulit
1208 1298 1352 1325 adversum
1366 1306 1409 1324 me
1428 1299 1586 1326 calcaneum

792 1354 874 1374 suum
883 1345 1017 1382 ".iﬂgﬁ,
1025 1345 1119 1372 Adhuc
1135 1349 1162 1372 et
1177 1344 1235 1371 lucc
1252 1344 1391 1371 col-serere
1409 1344 1474 1371 mihi
1493 1344 1594 1371 viden;

793 1395 848 1423 tur,
865 1394 893 1417 ut
919 1390 1038 1417 sciamus
1064 1389 1099 1416 ad
1115 1397 1205 1417 mores
1230 1390 1360 1417 reducere
1377 1398 1439 1424 qua:
1456 1390 1586 1417 dicuntur

791 1437 824 1464 de
852 1435 990 1463 lavatione
1014 1435 1122 1470 pedum.
1141 1435 1203 1463 lla'c
1230 1434 1302 1462 enim
1321 1436 1418 1468 verba,
1451 1445 1460 1461 ι
1478 1435 1506 1463 Si
1527 1435 1586 1462 haec

790 1483 917 1516 novistis,
938 1482 1009 1509 beati
1031 1483 1108 1515 estis,
1122 1483 1143 1509 si
1168 1482 1290 1509 ieceritis
1311 1489 1342 1509 ea
1357 1481 1390 1513 ’⁸,
1409 1491 1419 1507 ι
1437 1490 1497 1509 cum
1519 1481 1586 1509 nihil

790 1530 870 1554 antea
887 1526 1075 1561 prmscriptum
1099 1527 1137 1553 sit
1155 1526 1229 1561 quod
1246 1533 1326 1561 agere
1350 1526 1498 1554 debeamus
1513 1533 1585 1561 prae-

791 1576 914 1607 terquam
933 1573 968 1599 de
987 1571 1090 1599 lotione
1113 1572 1224 1606 pedum,
1240 1572 1273 1599 ad
1295 1571 1340 1599 illa
1354 1571 1454 1599 habent
1473 1572 1585 1598 relatio—

789 1617 1006 1646 nem.Ca:terum
1022 1619 1164 1652 praesentis
1175 1617 1226 1644 loci
1239 1617 1380 1645 doctrinas
1391 1617 1461 1645 scire
1474 1622 1502 1644 ut
1522 1617 1587 1645 Ser-

789 1671 834 1691 mo
856 1663 925 1696 vult,
940 1669 966 1691 et
985 1663 1077 1690 facere
1103 1667 1133 1690 ut
1149 1663 1206 1690 vult
1220 1663 1318 1695 Jesus,
1335 1671 1432 1697 nempe
1445 1664 1583 1697 quomodo

789 1708 1000 1743 discipulorum,
1013 1708 1127 1743 quijam
1147 1707 1285 1740 laverunt,
1298 1708 1380 1743 pedes
1393 1708 1584 1742 inquinentur,

788 1761 816 1784 et
832 1763 949 1791 quonam
970 1761 1049 1789 pacto
1074 1755 1211 1786 laventur,
1226 1761 1290 1782 vere
1316 1762 1386 1789 opus
1406 1759 1446 1782 est
1463 1755 1584 1782 virorum

789 1801 931 1829 beatorum
948 1800 1017 1827 :hoc
1031 1799 1104 1827 enim
1118 1798 1171 1827 tale
1184 1803 1344 1834 tantumque
1356 1806 1465 1829 nomen,
1477 1805 1583 1833 lterrpc,

789 1847 912 1878 beatum,
929 1848 1143 1872 consentaneum
1169 1851 1222 1870 non
1240 1847 1281 1870 est
1297 1843 1387 1870 dicere
1414 1842 1509 1869 adesse
1525 1842 1585 1876 qui-

787 1892 904 1921 busdam
918 1890 1095 1925 vulgaribus;
1111 1888 1180 1916 adeo
1193 1893 1222 1916 ut
1237 1887 1278 1916 vel
1293 1895 1374 1916 servo
1386 1887 1487 1914 lavanti
1502 1889 1584 1922 pedes

788 1937 891 1966 domini
902 1937 1027 1964 videatur
1037 1935 1106 1962 hanc
1121 1935 1156 1962 ob
1165 1941 1276 1962 causam
1295 1933 1365 1961 beati
1380 1941 1478 1961 nomen
1492 1932 1583 1960 obtin-

787 1992 862 2020 gere,
874 1983 980 2012 etiamsi
990 1982 1115 2009 adulator
1125 1980 1304 2016 ethypocrita
1312 1979 1403 2012 fuerit,
1413 1987 1487 2012 cum,
1496 1983 1524 2005 ut
1534 1986 1584 2005 nos

787 2030 996 2067 explicavimus,
1012 2028 1102 2056 lavare
1114 2028 1197 2063 pedes
1209 2026 1402 2062 discipulorum
1419 2025 1482 2053 Jesu
1491 2026 1582 2060 magni

787 2077 930 2112 cujusdam
939 2076 987 2108 sit,
994 2080 1021 2102 et
1028 2073 1119 2102 Jesum
1128 2073 1154 2101 in
1165 2081 1193 2101 se
1199 2073 1338 2106 habentis,
1346 2077 1371 2100 et
1379 2072 1491 2100 omnino
1499 2072 1580 2099 beati.

787 2123 842 2151 Sed
857 2122 977 2149 sciamus
988 2127 1102 2148 necesse
1115 2123 1157 2147 est
1164 2119 1265 2147 similia
1276 2119 1338 2146 huic
1350 2118 1435 2145 textui
1449 2117 1539 2145 inesse
1555 2118 1580 2144 in

786 2167 937 2202 Evangelio
946 2174 960 2193 a
971 2165 1100 2193 Matthaao
1108 2165 1220 2198 tradito;
1233 2165 1273 2192 sic
1283 2165 1354 2192 enim
1364 2163 1473 2191 habet.”
1486 2173 1492 2190 :
1508 2163 1581 2190 INOII

787 2218 828 2241 est
836 2211 984 2247 discipulus
993 2218 1073 2246 supra
1084 2214 1293 2246 praeceptorem,
1303 2216 1389 2244 neque
1397 2215 1493 2236 servus
1500 2216 1580 2243 supra

787 2258 926 2287 dominum
934 2264 1014 2285 suum
1027 2265 1036 2290 ;
1051 2256 1153 2284 sufﬁcit
1167 2255 1303 2291 discipulo
1314 2259 1344 2282 ut
1355 2255 1390 2282 sit
1406 2253 1503 2282 similis
1512 2262 1582 2289 pra--

787 2305 906 2341 ceptoris
923 2303 1017 2339 ipsius.
1037 2307 1104 2331 etut
1119 2310 1217 2330 servus
1234 2301 1331 2330 similis
1341 2300 1442 2328 domini
1456 2301 1551 2336 ipsius.
1568 2309 1577 2326 ι

787 2352 946 2380 Lucasvero
956 2348 1104 2377 sichabet:
1119 2347 1191 2376 tNou
1200 2355 1242 2376 εει
1253 2348 1401 2382 discipulus
1413 2355 1495 2381 supra
1508 2354 1578 2382 pra-—

789 2402 927 2432 ceptorem
939 2403 1038 2429 suum;
1055 2395 1194 2430 perlectus
1206 2399 1296 2422 autem
1312 2394 1402 2422 omnis
1415 2394 1468 2421 erit
1481 2394 1580 2421 similis

789 2442 963 2481 praeceptoris
974 2441 1060 2478 ipsius
1070 2441 1103 2469 ”.
1120 2450 1129 2468 ι
1148 2441 1216 2468 Huic
1229 2442 1383 2475 proximum
1397 2445 1449 2473 est,
1463 2445 1493 2468 ut
1503 2449 1578 2475 quae-

789 2497 882 2518 ramus
907 2488 940 2516 ad
956 2487 1020 2523 quid
1035 2487 1186 2515 referemus
1202 2487 1228 2514 id
1251 2487 1323 2521 quod
1341 2487 1366 2514 in
1385 2487 1438 2514 line
1453 2486 1555 2513 dicitur
1570 2493 1577 2513 :

791 2546 801 2563 ι
815 2535 873 2564 Non
897 2535 930 2562 de
949 2533 1075 2562 omnibus
1100 2533 1177 2560 vobis
1203 2532 1311 2560 dico“.
1327 2541 1338 2559 ι
1367 2532 1457 2567 Atque
1479 2532 1580 2566 aliquis

787 2582 897 2618 quidem
915 2580 986 2608 dicet
1011 2579 1112 2607 dictum
1129 2579 1181 2607 hoc
1197 2578 1294 2606 referri
1317 2578 1351 2606 ad
1369 2577 1456 2606 illud:
1476 2586 1486 2604 ‹
1498 2577 1521 2604 Β
1539 2577 1577 2604 ali

342 2639 364 2654 ’⁷
375 2638 440 2667 ibid.
456 2639 490 2666 16
502 2647 561 2674 seq.
598 2640 622 2656 ⁵⁸
633 2640 712 2668 Joan.
722 2648 736 2667 ι

820 2641 833 2666 ⁷.
872 2639 897 2656 ’θ
908 2639 1005 2667 Matth.
1019 2646 1049 2671 ιι,
1063 2636 1108 2671 24,
1123 2636 1167 2665 25ε
1206 2636 1229 2652 ³ο
1243 2635 1310 2664 Luc.
1325 2643 1363 2669 νι,
1379 2635 1424 2663 40.
1463 2635 1484 2651 ³¹
1497 2634 1577 2664 Joan.

820 2715 877 2752 (39)
894 2716 1034 2752 Ἀνδρῶν.
1049 2716 1225 2752 Desideratur
1238 2717 1266 2744 in
1276 2716 1398 2745 editione
1415 2714 1515 2748 Ductii,
1529 2715 1576 2744 sed

788 2751 889 2786 legitur
902 2751 928 2778 in
943 2752 1037 2778 codice
1055 2751 1212 2778 Bodleiano.

823 2787 879 2821 (55)
893 2786 981 2814 Codex
997 2786 1107 2820 Regius,
1124 2786 1212 2813 τοῦτο.

828 2820 884 2858 (54)
904 2821 976 2850 Idem
1001 2821 1084 2851 codex
1099 2820 1209 2857 Regius,
1224 2821 1300 2857 φησι.
