1835 3047
15 123 54 150 785
502 122 680 152 COMMENT.
703 122 737 151 IN
756 122 850 152 JOAN.
870 122 988 154 TOMUS
1005 123 1111 153 XXXII.

1563 126 1633 154 786-

15 182 71 206 1mm
87 178 180 214 ἠκατά
193 178 241 215 τὴν
255 179 346 206 πᾶσαν
358 179 449 206 πίστιν
464 179 558 216 ἀρετὴ,
578 180 625 206 καὶ
645 180 696 207 ὅτι*
709 189 773 207 σπα·

861 180 941 208 icitur
955 181 1048 214 navis;
1069 181 1109 208 sic
1129 180 1211 209 veluti
1233 181 1310 210 multi
1328 182 1525 210 transferentes
1541 191 1616 210 mon-

15 224 61 255 ιίως
76 224 265 261 εὑρισκομὲνη·
286 225 361 261 πόσῳ
374 226 396 252 δ’
412 225 527 258 ἕκαστος
541 225 620 261 ἡμῶν
634 225 781 252 ἀπολείπεέ

15 278 45 297 :1:
58 269 101 296 τοῦ
115 271 162 306 τὴν
184 271 274 298 πᾶσαν
297 271 368 306 ἔχειν
384 271 487 303 πίστιν,
498 271 568 298 ὥστε
581 271 631 307 ὅρη
650 271 779 306 μεθιστά-

15 323 64 343 νειν.
77 315 145 351 Πλὴν
157 316 207 342 οὐκ
222 317 461 353 εὐκαταφρόνητον
477 316 545 352 πρὸς
566 316 597 342 τὸ
620 317 712 342 ποιεῖνν
730 324 777 342 πι-

15 362 99 388 natlem
113 363 170 389 ἐστὶ
184 362 254 389 κατά
266 362 300 390 τὰ
315 363 363 391 νῦν
385 362 564 399 προκείμενα,
583 361 614 388 τδ
634 362 697 393 τοὺς
709 369 777 397 προ-

831 231 872 254 tes
891 231 933 254 est
952 227 1042 255 omnis
1060 226 1138 260 fides,
1157 228 1183 255 in
1197 235 1249 263 qtta
1265 229 1312 263 qtti
1329 228 1411 256 fuerit
1424 228 1613 263 imperfectus.

829 280 885 307 quo
902 273 991 300 minus
1006 273 1134 301 habuerit
1144 281 1252 301 omnem
1271 273 1364 307 fidem,
1380 282 1414 302 eo
1433 274 1519 309 magis
1530 274 1625 302 aberit.

830 319 986 353 inpotentia
1015 318 1198 348 transferendi
1223 325 1340 348 montes.
1366 319 1485 348 Proinde
1504 320 1565 347 vide
1582 328 1616 347 an

831 370 884 390 non
905 364 1010 392 utiliter
1034 365 1093 392 hac
1118 365 1211 392 omnia
1234 365 1360 400 indagata
1379 365 1481 392 fuerint
1504 369 1619 400 proptes

15 409 82 443 ρήτας
96 409 143 444 μὲν
153 409 396 444 πῳτεθεσπικέναι
407 409 442 436 τὰ
452 407 573 445 περὶτοῦ
587 407 674 443 Ἰησοῦ
685 415 692 423 ·
707 406 773 434 κατὰ

861 409 990 444 scipulos.
1007 410 1041 438 ad
1060 418 1132 445 quos
1149 410 1221 446 (cum
1234 411 1349 439 lavisset
1366 410 1445 439 Jesus
1458 418 1552 438 eorum
1570 417 1619 446 pec

15 454 30 480 is
42 454 82 481 τὸν
91 454 172 490 λόγον
179 454 268 482 αὐτῶν
281 455 522 492 ἀπηντηκέναιτῴ
537 454 644 491 Σωτῆρι
656 454 690 482 τὰ
710 463 773 491 προ-

861 455 889 490 :s)
905 459 935 482 ut
949 456 1082 490 suspicari
1099 461 1190 491 posset
1212 457 1351 492 negligens
1374 458 1471 489 lector.
1487 457 1566 492 qnasi
1582 457 1618 484 ad

15 501 130 536 ιιρημένα.
830 501 950 528 nondum
965 502 1218 535 eredentes,dixit:
1238 512 1247 528 ι
1261 503 1338 530 Nunc
1357 504 1417 531 dico
1434 505 1510 531 vobis
1526 504 1617 540 prius-

15 554 75 581 ptam
91 546 145 579 liat,
161 551 190 574 ut
203 554 265 575 cum
293 547 394 576 factum
409 547 502 580 fuerit,
532 547 651 576 credatis
665 546 728 582 quia
740 552 792 581 ego
812 553 872 573 sum
881 546 914 573 ".
928 556 938 572 ι
957 546 1064 575 Pariter
1091 556 1155 575 vero
1169 548 1251 576 etiam
1265 549 1401 584 explicata
1413 550 1512 582 oratio,
1528 557 1616 584 quan-

15 598 31 619 ta
47 600 89 620 res
108 593 142 620 sit
157 594 247 621 virtus
262 597 370 621 omnem
386 595 531 621 continens
555 595 635 621 ﬁdem
663 593 794 625 ostendit,
811 597 839 619 et
863 593 936 627 quod
959 600 1022 620 raro
1050 593 1224 622 inveniatur:
1239 595 1359 622 ostendit
1377 601 1507 630 praeterea
1534 602 1616 630 quam

15 640 86 671 procul
108 639 176 667 absit
197 641 291 675 quivis
313 645 458 673 nostrum,
482 646 511 668 ut
537 641 636 668 habeat
656 639 729 667 illam
750 645 858 665 onmem
890 638 982 673 fidem,
1013 646 1066 674 qua
1097 645 1203 668 montes
1228 641 1385 669 transferat.
1408 641 1541 669 Craterum
1563 649 1616 668 non

15 686 184 714 :ontemnenda
202 687 246 714 res
261 691 303 714 est
321 694 381 722 qua:
397 694 447 714 nos
461 687 494 715 ad
510 686 673 714 credendum
689 684 802 716 inducit,
818 683 895 718 juxta
907 692 938 712 ea
956 693 1017 720 qua:
1031 694 1103 715 nunc
1124 691 1188 714 sunt
1207 688 1356 722 proposita,
1383 689 1455 722 quod
1479 688 1618 722 propheta:

15 732 129 760 vaticinati
148 737 228 761 antea
254 733 358 761 fuerint
381 741 442 769 quae
464 734 497 761 ad
515 733 608 761 losum
623 731 773 768 pertinent.
789 734 817 758 et
830 731 903 766 quod
919 731 998 767 juxta
1012 741 1167 762 sermonem
1184 734 1290 762 illorum
1315 734 1456 763 Servatori
1469 734 1617 762 acciderint

15 788 58 814 pne
69 780 99 807 ab
112 780 176 815 ipsis
192 780 327 815 praedicta
344 779 465 808 fuerunt.

38 826 74 854 l0.
91 835 100 852 ι
117 827 211 863 ’Δμὴν,
227 826 301 863 ἀμὴν
325 827 397 861 λέγω
424 827 504 862 ὑμῖν·
527 826 556 853 '0
573 825 719 861 λαμὸἀνων
735 824 773 851 ὅν-

867 822 911 850 ιο.
935 832 944 849 ι
955 823 1056 855 Amen.
1070 830 1151 851 amen
1164 823 1225 851 dieo
1239 823 1317 852 vobis
1329 832 1336 850 :
1348 823 1400 857 Qui
1416 824 1514 859 recipit
1524 833 1618 860 quem-

15 882 56 899 τινα
81 872 187 908 πέμψω,
218 872 270 907 ἐμὲ
287 871 438 906 λαμϐάνει·
466 872 481 898 ὁ
503 871 531 898 δὲ
556 871 606 906 ἐμὲ
632 869 773 905 λαμσάνωνι

861 876 939 903 mque
958 869 1070 901 misero,
1087 876 1130 896 me
1146 869 1243 903 recipit
1260 879 1266 896 :
1286 870 1331 904 qui
1344 874 1436 897 autem
1451 878 1494 898 nte
1507 871 1620 906 recipitr

15 917 125 953 ιαμὸάνει
136 917 180 944 τὸν
196 917 345 952 πέμψαντὰ
358 925 402 952 με.
420 926 430 942 ι
451 916 480 943 '0
503 915 605 952 Ἰησοῦς
624 915 728 950 πέμπει
747 915 773 941 οὶ

862 915 928 950 cipit
939 922 1002 942 eum
1018 915 1064 950 qui
1079 914 1155 942 misit
1166 922 1209 942 me
1220 915 1254 942 “.
1271 923 1281 941 ι
1302 914 1385 942 Mittit
1408 914 1488 943 Iesus
1510 924 1564 943 non
1577 924 1619 943 so-

15 964 74 990 ιόνον
93 964 193 998 ἁγίους,
218 963 289 990 ἀλλά
307 963 353 990 καὶ
373 963 467 997 ἁγίους
494 963 547 989 καῖ’
559 962 710 997 ἀγγέλους·
732 961 780 988 καὶ

15 1009 95 1044 πέμπει
109 1008 155 1044 μὲν
176 1009 242 1040 τοὺς
265 1007 309 1035 διὰ
332 1008 363 1035 τὸ
387 1007 601 1035 ἀποστέλλεσθαι
622 1007 668 1034 ὑπ’
695 1006 778 1034 αὐτοῦ

15 1054 152 1085 ιποστόλους
168 1053 395 1089 ὀνομαζομένους.
413 1053 482 1089 Ἤδη
510 1052 540 1079 δὲ
561 1052 663 1080 τούτων
681 1052 707 1079 οἱ
729 1052 779 1087 μὲν

15 1099 217 1135 ἱνθρωποίείσιν,
235 1100 262 1126 οἱ
285 1099 317 1125 δέ
334 1099 463 1135 δυνάμεις
485 1099 654 1134 κρείττους-ν
672 1098 703 1125 οὑ
724 1098 781 1134 γὰρ

15 1146 202 1181 ιμαρτησόμεθα
218 1145 262 1178 τὸ,
282 1144 440 1177 ἀπόστολος,
463 1144 548 1181 όνομα
569 1145 715 1176 τάσσοντες
732 1144 780 1171 καὶ

15 1193 60 1228 περὶ
69 1192 164 1220 τούτων
177 1192 244 1228 περὶ
257 1190 294 1220 ὦν
311 1192 466 1228 γέγραπται
476 1200 482 1207 ·
505 1200 514 1217 ι
534 1191 638 1223 Πάντες
658 1191 710 1218 εισι
725 1191 781 1218 λειο

15 1237 121 1273 τουργικά
135 1238 280 1274 πνεύματα
291 1238 331 1269 είς
346 1237 484 1264 διακονίαν
494 1235 715 1272 ἀποστελλόμενα
733 1235 780 1263 διὰ

15 1283 58 1315 no;
79 1284 219 1319 μέλλοντας
247 1283 426 1319 κληρονομεῖν
448 1283 600 1319 σωτηρίαν·
623 1292 633 1309 ι
667 1283 699 1309 El.
724 1282 778 1319 γὰρ

15 1329 67 1363 ταρά
87 1329 137 1365 (56)
155 1330 184 1357 τὸ
204 1328 451 1357 ἀποστέλλεσθαι
473 1328 627 1361 ἀπόστολοι,
639 1328 739 1360 πάντες
749 1329 778 1356 δέ

15 1374 62 1400 εἰσιν
75 1375 122 1402 ὑπὸ
136 1384 145 1400 ι
158 1375 205 1402 τοῦ
217 1373 359 1406 ποιοῦντος
374 1375 437 1406 τοὺς
454 1374 588 1409 ἀγγέλους
600 1373 682 1401 αὐτοῦ
694 1373 777 1400 πνεύ-

15 1429 75 1453 ma,
95 1422 139 1449 καὶ
155 1423 218 1454 τοὺς
243 1421 419 1456 λειτουργοὺς
442 1419 526 1448 αὐτοῦ
543 1420 629 1457 σωρὸς
647 1420 744 1455 φλόγα,
765 1430 775 1446 ι

15 1468 39 1498 :l;
49 1468 173 1500 διακονίας
189 1468 248 1503 (57)
271 1467 499 1502 ἀποστελλόμενοι
513 1467 588 1498 όῐντες
604 1466 778 1503 λειτουργικὰ

15 1513 139 1548 τνεύματα,
165 1514 212 1540 καὶ
245 1509 318 1539 οὗτοι
341 1512 375 1539 ἂν
398 1510 453 1539 εἷεν
478 1512 621 1540 ἀπόστολοι
643 1511 691 1539 τοῦ
709 1512 777 1539 ἀπο-

15 1558 140 1590 τέλλοντος
160 1558 341 1590 αὑτούς-’καὶ
361 1557 477 1590 ἔκαστός
503 1566 535 1592 γε
561 1557 616 1585 τῶν
631 1559 778 1594 πεμπομέ-

15 1612 48 1630 νων
58 1605 105 1631 ἀπό
120 1614 191 1637 τινος
203 1604 354 1636 ἀπόστολός
371 1605 428 1631 ἐστι
442 1604 490 1631 τοῦ
512 1604 669 1640 πέμψαντος
679 1613 686 1620 ·
709 1604 776 1631 καθὸ

15 1660 29 1677 ;ν
51 1654 98 1684 τοῖς
125 1653 256 1689 ἀνωτέρω
282 1652 408 1679 λέλεκται
434 1652 503 1688 μετά
527 1652 576 1679 τό⁹
598 1662 608 1678 ι
638 1653 696 1680 οὐκ
718 1652 776 1679 ἔστι

15 1696 80 1729 οὖλος
104 1698 201 1733 μείζων
228 1697 278 1724 τοῦ
311 1697 407 1733 κυρίου
442 1696 537 1731 αὐτοῦ,
559 1697 619 1724 οὐδὲ
660 1697 776 1724 ἀπόστο-

15 1752 41 1774 λος
54 1745 145 1779 μείζων
155 1745 203 1772 τοῦ
215 1745 374 1780 πέμψαντος
397 1745 489 1773 αὐτόν.
512 1755 521 1772 ι
546 1744 625 1772 Κατά
647 1745 726 1772 τοῦτο
748 1745 777 1772 δὲ

15 1789 46 1824 λὺχ
59 1791 201 1827 ἁμαρτήσει
226 1792 275 1818 καὶ
298 1791 345 1818 τὸν
367 1792 493 1827 Ἰωάννην
519 1791 668 1818 ἀπόστολον
689 1791 776 1826 λέγων

15 1834 63 1861 θεοῦ
83 1837 124 1864 διὰ
134 1838 177 1863 τό“
206 1847 216 1864 ι
257 1837 380 1872 Ἐγένετο
402 1837 545 1872 ἄνθρωπος
573 1837 776 1872 ἀπεσταλμένος

15 1881 69 1916 παρὰ
81 1881 153 1914 Θεοῦ,
165 1882 252 1918 ὄνομα
266 1882 343 1918 αὐτῷ
362 1883 488 1918 Ἰωάννης
497 1891 504 1898 ·
521 1892 530 1908 ι
545 1882 645 1909 καὶτὸν
662 1882 776 1909 Ἡσαΐαν

15 1925 40 1952 ita
50 1927 90 1952 τό·
111 1937 119 1953 ι
136 1928 202 1955 Τίνα
226 1927 379 1959 ἀποστελῶ,
405 1927 453 1954 καὶ
473 1927 516 1959 τίς
531 1927 693 1963 πορεύσεται
708 1927 777 1962 πρὸς

15 1970 40 1997 ’ὒν
54 1972 109 2000 λαδν
123 1973 232 2007 τοῦτον;
256 1983 265 1999 ι
283 1974 327 2000 ὅτε
352 1973 520 2008 ἀπεκρίνατο
541 1973 643 2008 λέγων·
672 1983 681 1999 ι
711 1972 776 1999 Ἰδού

17 2017 50 2051 ipa.
61 2019 120 2052 ἐγὼ,
135 2019 296 2046 ἀπόστειλόν
315 2028 360 2054 με,
381 2028 391 2044 ι
410 2018 444 2044 Τί
456 2018 485 2045 δὲ
500 2018 680 2054 περὶτούτων
693 2018 775 2053 λέγω,

16 2071 39 2088 τε
52 2065 92 2091 καὶ
101 2065 127 2092 ὲν
139 2066 172 2100 τῇ
186 2065 256 2101 πρὸς
280 2063 422 2100 Ἐϐραίους
447 2064 590 2099 Ἐπιστολῇ
604 2064 659 2098 (58)
673 2064 688 2090 ό
700 2064 776 2099 τηλι-

15 2108 83 2141 ιοῦτος
97 2110 173 2146 ἡμῶν
187 2110 285 2146 Σωτὴρ
301 2109 449 2141 ἀπόστολος
465 2109 573 2145 εἴρηται
588 2109 635 2136 τοῦ
651 2110 775 2145 Πατρόςς

831 960 884 988 Ιιιιιι
901 965 1023 993 sanctos,
1038 968 1134 988 verum
1160 961 1242 988 etiam
1267 965 1294 988 et
1323 967 1432 989 sanctos
1441 966 1468 990 et
1483 962 1616 997 angelos:

832 1006 1066 1041 nnminanturque
1093 1007 1119 1034 hi
1138 1013 1209 1041 quos
1233 1006 1330 1039 mittit,
1352 1015 1385 1035 eo
1403 1007 1475 1043 quod
1498 1009 1532 1035 ab
1557 1008 1618 1043 ipso

830 1052 983 1084 mittantur,
1000 1053 1129 1088 apostoli,
1145 1052 1209 1089 [hoc
1228 1058 1270 1081 est
1289 1053 1389 1090 missu]
1407 1053 1469 1081 Jam
1486 1061 1550 1082 vero
1566 1054 1616 1082 ho-

830 1105 890 1126 rum
913 1098 1102 1134 apostolorum
1128 1099 1174 1126 alii
1199 1104 1264 1127 sunt
1285 1100 1426 1133 homines;
1450 1100 1496 1127 alii
1513 1100 1616 1128 virtute

829 1144 1056 1178 praestantiores:
1070 1152 1122 1172 nec
1137 1145 1211 1172 enitn
1232 1153 1246 1172 a
1263 1153 1327 1173 vero
1341 1145 1529 1174 aberravimus
1555 1154 1618 1182 apo.-

830 1190 894 1217 stoli
912 1197 1017 1217 nomen
1028 1189 1071 1217 his
1093 1190 1197 1225 angelis
1216 1191 1297 1218 etiam
1316 1196 1458 1226 ponentes,
1473 1192 1507 1219 de
1517 1193 1618 1227 quibus

831 1235 960 1268 scriptum
977 1239 1019 1263 est
1027 1235 1062 1268 θ’,
1081 1237 1153 1271 quod
1172 1245 1181 1262 ι
1199 1243 1295 1264 omnes
1314 1236 1369 1265 sint
1391 1237 1616 1265 administratorii

829 1281 955 1317 spiritus,
971 1281 1018 1316 qui
1041 1282 1068 1309 itt
1095 1282 1277 1310 ministerium
1303 1283 1478 1316 emittuntur,
1506 1289 1616 1320 propter

829 1334 877 1355 eos
902 1328 948 1362 qui
974 1328 1097 1356 hatredes
1122 1334 1203 1356 erttnt
1217 1329 1322 1357 salutis.
1344 1339 1354 1355 ι
1374 1329 1441 1357 Nam
1455 1330 1476 1358 si
1495 1331 1572 1366 παρά
1583 1330 1616 1357 τὸ

828 1373 1072 1402 ἀποστέλλεσθαι
1080 1375 1223 1402 ἀπόστολοι
1230 1375 1293 1412 {hoc
1303 1381 1355 1410 est,
1365 1384 1379 1403 a
1388 1376 1515 1404 mittendo
1529 1377 1617 1414 missi}

829 1427 980 1455 omnesque
1000 1420 1035 1448 ab
1059 1428 1091 1448 eo
1108 1431 1118 1448 ι
1135 1421 1178 1456 qui
1195 1422 1258 1449 facit
1278 1422 1388 1458 angelos
1405 1430 1470 1450 suos
1491 1423 1616 1458 spiritus‘

829 1470 856 1492 et
881 1466 1020 1494 ministros
1042 1474 1105 1494 suos
1123 1467 1193 1501 ignis
1221 1466 1359 1495 ﬂammam
1367 1469 1402 1501 ⁷⁸,
1418 1469 1617 1496 him-ministe-

830 1511 900 1539 rium
918 1511 1064 1540 mittuntur
1082 1513 1308 1541 administratorii
1333 1514 1457 1549 spiritus,
1475 1514 1503 1542 lti
1532 1515 1616 1541 etiam

827 1557 942 1592 apostoli
962 1558 1027 1594 [hoc
1048 1559 1200 1596 est-Mm]
1213 1559 1346 1587 ldieentur
1367 1559 1429 1594 ejus
1441 1567 1533 1595 aquo
1555 1561 1617 1587 mit-

829 1607 934 1631 tuntur.
955 1604 1258 1640 Atqueunusquisque
1282 1605 1406 1640 profecto
1428 1606 1474 1641 qui
1499 1606 1617 1634 mittitur

829 1649 864 1676 ab
875 1649 976 1684 aliquo,
986 1651 1136 1685 apostolus,
1151 1650 1216 1687 [hoc
1228 1655 1271 1679 est
1288 1651 1409 1688 missus,]
1424 1657 1467 1680 est
1482 1652 1554 1680 illlns
1568 1653 1614 1687 qui

829 1694 904 1721 misit
913 1694 1003 1728 ;juxta
1010 1695 1085 1731 quod
1102 1695 1128 1722 in
1137 1695 1327 1730 Superioribus
1338 1697 1498 1724 estedietum
1508 1702 1570 1732 post
1583 1705 1615 1724 ea

827 1741 936 1768 verbau
943 1740 1000 1768 Non
1011 1746 1053 1769 est
1065 1749 1159 1769 servus
1171 1743 1258 1777 major
1269 1742 1379 1770 domino
1389 1750 1450 1776 suo,
1460 1751 1546 1778 neque
1555 1751 1617 1778 apt»

827 1787 914 1815 stolus
935 1787 1015 1823 431,
1031 1790 1119 1821 major
1133 1796 1167 1816 eo
1181 1789 1227 1822 qui
1252 1789 1437 1824 misitipsum.
1458 1799 1467 1816 I
1490 1789 1565 1817 llanc
1580 1791 1616 1818 ob

828 1841 939 1861 causam
963 1842 1015 1861 non
1042 1835 1182 1862 aberrabit
1204 1842 1300 1862 avero
1318 1836 1362 1870 qui
1383 1835 1514 1863 Joannem
1530 1837 1615 1864 etiam

827 1879 927 1907 dixerit
941 1878 988 1906 Dei
1005 1879 1156 1914 apostolum
1171 1885 1282 1915 propter
1304 1880 1386 1908 illud:
1418 1889 1428 1906 ι
1445 1880 1508 1909 Fuit
1536 1882 1617 1909 homo

828 1924 927 1952 missus
945 1931 961 1951 a
979 1923 1052 1957 Deo,
1067 1924 1110 1951 cui
1125 1932 1221 1951 nomen
1243 1929 1304 1952 erat
1323 1925 1441 1953 Joannes
1456 1926 1489 1954 ⁷⁸.
1514 1936 1524 1953 ι
1544 1927 1614 1960 Quin

827 1970 909 1998 Isaias
923 1978 1029 2005 quoque
1039 1970 1177 2005 apostolus
1192 1971 1255 2003 erit,
1272 1976 1382 2006 propter.
1395 1972 1459 1999 illud
1476 1981 1482 2000 :
1504 1981 1513 1998 ι
1528 1973 1614 2006 Quem

828 2017 950 2049 mittam,
964 2022 991 2044 et
1007 2017 1068 2051 quis
1086 2016 1139 2044 ibit
1150 2018 1183 2043 ad
1205 2018 1333 2052 populum
1357 2018 1447 2045 hune?
1468 2028 1477 2045 I
1505 2020 1615 2053 quando

828 2063 966 2097 respondit
988 2063 1098 2090 dicens:
1127 2072 1136 2088 ι
1162 2063 1201 2090 En
1224 2071 1274 2098 ego
1300 2071 1376 2095 sum.
1399 2064 1476 2091 mitte
1499 2071 1541 2091 me
1552 2064 1584 2090 τ’.
1601 2075 1629 2090 ι»

827 2109 960 2143 Sed-quid
976 2109 1010 2136 de
1032 2109 1106 2136 hisco
1124 2109 1204 2141 dico,
1221 2109 1329 2144 quando
1350 2114 1376 2137 et
1393 2110 1420 2136 in
1438 2109 1556 2144 Epistula
1581 2110 1614 2136 ad

15 2153 137 2190 ’ἐγρατπαι
151 2157 219 2193 γάρ·
236 2166 246 2182 ι
261 2157 389 2191 Ἔχοντες
403 2153 449 2182 οὖν
465 2155 595 2191 ἀρχιερέα
611 2155 698 2191 μέγαν
708 2155 773 2192 (59),

861 2156 956 2183 :braaos
970 2155 1031 2183 talis
1050 2159 1194 2190 tantusque
1211 2154 1449 2183 Servator‘nostor
1471 2155 1560 2182 dictus
1580 2155 1616 2181 sit

15 2201 41 2225 21‘:
53 2201 190 2229 ἀπόστολον
205 2202 311 2238 Ἰησοῦν
324 2202 453 2238 Χριστόν.
471 2211 480 2227 ι
500 2202 556 2228 Καῖ
572 2201 619 2228 νῦν
631 2199 677 2229 οὖν
687 2202 716 2229 ὃν
728 2202 776 2229 ὲάν

15 2247 134 2284 ιποστὲλλῃ
154 2250 168 2276 ὁ
183 2249 280 2284 Σωτὴρ
294 2248 525 2284 διακονησάμενον
539 2249 575 2284 τῇ
587 2256 667 2275 τινων
687 2256 775 2283 σωτη-

15 2292 54 2327 tia.
70 2294 82 2319 ό
98 2295 327 2330 ἀποστελλόμενος
342 2294 489 2326 ἀπόστολός
506 2294 579 2321 ἐστιν
603 2293 691 2329 Ἰησοῦ
706 2293 775 2329 Χριοι

15 2337 65 2365 ποῦ.
89 2341 154 2367 Ἀλλ’
185 2343 199 2368 ό
217 2340 375 2373 ἀπόστολος,
396 2339 491 2375 ὥσπερ
503 2339 550 2366 τοῦ
566 2339 773 2372 ἀποστείλαντος

17 2391 64 2411 στιν
80 2386 223 2419 ἀπόστολος
235 2408 244 2420 ,
266 2386 352 2418 οὕτως
365 2386 420 2413 τισὶ
435 2385 503 2420 πρὸς
517 2385 564 2417 οὓς
579 2386 772 2413 ἀποστέλλεται

15 2430 78 2463 om;
99 2433 151 2469 (60)
168 2434 243 2460 ἐστὶν
266 2432 429 2464 ἀπόστολος·
457 2433 525 2468 ὅπερ
542 2432 609 2459 νοιῖλν
629 2433 644 2459 ὁ
668 2432 774 2464 Παῦλος

15 2474 94 2510 λεγεν·
113 2489 122 2505 ι
148 2481 180 2507 Εἰ
196 2480 245 2506 καὶ
265 2479 355 2511 ἄλλοις
376 2479 427 2506 οὐκ
447 2479 509 2514 εἰμὶ¹
527 2478 688 2510 ἀπόστολος,
705 2477 774 2505 ἀλλά

15 2529 27 2547 ἐ
45 2523 101 2558 ὑμῖν
121 2526 191 2561 εἰμι·
217 2527 235 2561 ὴ
263 2525 318 2561 γὰρ
343 2521 460 2560 σφραγίς
486 2533 537 2560 μου
552 2524 603 2559 τῆς
620 2524 772 2559 ἀποστολῆς

18 2570 67 2602 μεῖς
80 2571 137 2597 ὲστε
152 2572 181 2598 ὲν
197 2571 302 2607 Κυρίῳ.
323 2580 332 2596 ι
351 2570 475 2603 Ἔξεστιν
489 2567 536 2597 οὖν
550 2578 612 2596 τινα
624 2567 692 2596 εἷναι
705 2569 772 2596 ἀπό-

829 2202 967 2237 apostolus
980 2201 1092 2230 al’atre
1103 2201 1114 2228 ?
1127 2201 1265 2236 Scriptum
1280 2206 1322 2228 est
1335 2201 1408 2228 enim
1423 2209 1430 2227 :
1448 2209 1457 2226 ι
1477 2200 1615 2228 Habentes

829 2248 909 2283 igitur
920 2247 1077 2276 l’ontiﬂeem
1088 2255 1213 2281 magnum
1227 2251 1255 2275 et
1268 2247 1419 2282 apostolum
1431 2246 1524 2274 lusum
1537 2247 1616 2274 Chri-

827 2299 899 2321 stum
918 2293 952 2320 ".
972 2302 981 2319 ι
999 2292 1180 2326 Quamobrem
1202 2293 1224 2320 si
1242 2293 1372 2319 Servatur
1393 2291 1508 2326 aliquem
1531 2292 1614 2319 mise-

828 2339 863 2366 rit
887 2338 934 2374 qtti
960 2338 1113 2373 aliquorum
1143 2338 1259 2366 salutem
1283 2337 1500 2372 administrarit,
1525 2337 1548 2365 is
1567 2338 1614 2372 qui

827 2385 961 2416 mittitur.
984 2385 1124 2420 apostolus
1149 2389 1191 2412 est
1213 2383 1281 2413 Jesu
1306 2384 1418 2412 Christi.
1456 2383 1555 2411 Verum
1585 2389 1615 2412 ιιι

827 2431 964 2465 apostolus
978 2430 1115 2466 apostolus
1129 2435 1171 2458 est
1190 2429 1250 2464 eius
1266 2431 1312 2466 qui
1330 2430 1421 2462 misit,
1447 2429 1486 2456 sic
1502 2429 1615 2464 quibus-

827 2477 888 2504 dam
910 2476 975 2504 solis
1003 2476 1037 2503 ad
1058 2483 1126 2511 qttos
1149 2475 1284 2508 mittitur,
1308 2479 1349 2502 est
1370 2474 1518 2509 apostolus.
1539 2475 1614 2502 Hane

827 2531 884 2550 rem
907 2522 1084 2549 considerans
1104 2520 1204 2548 Paulus
1226 2520 1335 2548 dicebat
1353 2528 1359 2544 π
1386 2529 1396 2546 ι
1416 2520 1530 2548 Etiamsi
1551 2520 1614 2548 aliis

826 2577 879 2596 non
891 2568 940 2596 sim
956 2569 1093 2603 apostolus
1105 2587 1113 2600 ,
1137 2567 1214 2594 vobis
1230 2574 1290 2594 sum
1307 2571 1418 2600 tanton;
1435 2574 1497 2594 nam
1520 2567 1614 2602 signa-

27 2625 127 2656 "loan.
144 2636 203 2661 xm,
220 2628 263 2655 l9.
298 2628 320 2644 ⁸⁸
337 2628 402 2655 ibid.
432 2628 481 2655 26.
516 2627 622 2655 "Hebr.
635 2635 655 2659 ι,
670 2627 713 2656 14.
752 2627 773 2643 ⁷⁰

875 2627 894 2654 7
908 2631 936 2653 et
950 2626 1022 2654 Psal.
1053 2634 1111 2659 CIII,
1127 2625 1153 2652 4.
1192 2625 1213 2641 ⁷⁸
1230 2624 1309 2652 Joan.
1326 2633 1344 2657 ι,
1361 2624 1388 2653 6.
1427 2624 1450 2641 ⁷¹
1466 2624 1517 2652 lsa.
1534 2632 1571 2657 ιι,
1585 2624 1614 2653 8‘.

15 2659 101 2688 'llt-ltr.
119 2671 158 2695 ιιι,
176 2659 208 2696 Ιξ
224 2671 261 2695 ιν,
279 2663 321 2691 ll.

15 2706 185 2770 “)llﬁﬁilml'lgpd.
205 2709 284 2736 Deest
296 2709 322 2736 in
340 2709 434 2737 codice
451 2709 536 2743 Regio
547 2730 555 2740 ,
569 2708 617 2736 sed
632 2709 729 2745 legitur
742 2709 769 2737 in

31 2775 78 2809 (57)
90 2778 252 2810 Aluum-lac.
268 2778 349 2806 Forte
367 2779 509 2806 legendum
522 2778 668 2805 δῖακονίαν.

32 2811 267 2849 (ξικιλῈπιστυλῇ.
288 2814 368 2841 Deest
383 2814 409 2841 in
429 2815 522 2842 codice
539 2814 633 2849 ltegio,
655 2815 703 2843 sed
728 2819 770 2843 est

15 2853 25 2871 ιι
43 2846 186 2875 Bodleiano.

861 2707 919 2741 (59)
934 2708 1078 2742 Ἔχοντες
1093 2708 1150 2734 οὖν
1173 2706 1310 2742 ἀρχιερέα
1332 2706 1438 2741 μέγαν,
1463 2710 1516 2733 etc.
1541 2705 1612 2733 Duos

825 2744 898 2770 luens
924 2743 950 2768 in
980 2751 1074 2772 ιιιιιιιιι,
1105 2751 1235 2769 tnetnorta
1265 2742 1365 2775 lapsus.
1393 2747 1422 2768 ut
1450 2742 1613 2775 contingere

826 2778 1015 2805 festinantibus
1035 2778 1112 2807 solut.
1134 2778 1257 2803 confudit
1274 2777 1317 2803 hie
1330 2776 1478 2811 Origenes;
1496 2776 1610 2803 alterum

827 2813 908 2840 ΙΙυΙιιι.
927 2821 967 2842 lll.
986 2813 1013 2844 l,
1027 2817 1054 2838 et
1071 2821 1107 2842 tv.
1129 2813 1170 2843 lt,
1191 2813 1316 2838 alterum.

861 2847 916 2884 (ϐίὶ)
937 2849 1026 2876 Codex
1043 2847 1152 2883 llrgins,
1167 2847 1258 2883 μόνος-
