1841 3047
12 101 36 127 iJ

12 157 53 192 [ρω
66 152 136 182 εἷπε·
156 164 165 181 t
187 154 244 182 Νῦν
258 155 275 190 ἡ
292 154 364 191 ψυχή
381 164 431 190 μου
447 156 628 191 τετάρακται·
647 165 656 182 ι
677 156 724 184 νῦν
734 157 763 184 δὲ
778 160 801 190 Α

14 211 94 238 γεται,
112 202 153 228 ὅτι
172 210 182 227 t
202 201 296 228 Ταῦτα
312 201 397 231 είπὼν
412 202 426 228 ὁ
452 201 554 238 Ἰησοῦς
572 202 709 238 ἐταράχθη
726 203 765 238 τῷ

12 248 112 284 νεύματι
121 255 128 262 °
136 257 145 273 ι
157 247 204 274 καὶ
218 247 292 283 ζητῶ
299 247 411 274 τοιαῦτα
421 248 461 280 είς
472 248 517 275 τὸν
526 249 618 281 τόπον,
630 249 656 275 τί
665 249 765 285 δήποτε

14 304 29 322 κ
43 295 144 330 εἴρηται
165 293 296 328 ἀνάλογον
312 293 368 329 τῷ·
390 303 399 319 t
419 294 477 322 Νῦν
494 295 510 330 ἡ
525 295 597 331 ψλχή
616 303 666 330 μου
684 295 764 322 τετά-

12 349 87 372 ικται,
103 349 112 366 ι
127 339 173 366 τό·
189 349 198 365 t
213 339 250 366 Τὸ
263 339 373 374 πνεῦμα
390 349 400 366 ι
416 340 464 367 τοῦ
480 341 568 376 Ἰησοῦ
581 341 763 377 τετάρακται·

23 386 147 420 ἀνάλογον
171 385 227 421 τῷ·
249 395 258 412 t
271 386 423 422 Ἐταράχθη
448 386 488 422 τῷ
515 387 659 422 πνεύματι,
682 397 691 412 ι
716 387 764 414 τό·

18 433 100 468 Νὖνὴ
118 432 189 468 ψυχή
207 441 258 468 μου
274 432 449 468 τετάρακται.
471 442 480 458 ι
498 433 552 460 Καὶ
568 432 655 460 ταῦτα
674 432 766 468 ζητεῖν

12 476 114 515 ύλμηὰα
133 479 262 514 μετρίως,
278 479 402 514 τηρήσας
416 479 444 505 ὲν
457 479 532 516 πάσῃ
547 479 603 515 (65)
620 480 652 515 τῇ
670 479 764 515 Γραφῇ

12 526 105 560 ιφορὰν
127 524 216 560 ψυχῆς
236 524 283 554 καὶ
306 524 476 560 πνεύματος,
498 525 546 552 καὶ
562 525 645 560 μέσον
666 525 716 560 μὲν
739 533 765 551 τι

12 571 84 606 ωρῶν
99 569 166 599 εἶναι
177 570 226 605 τὴν
236 570 325 606 ψυχὴν
342 571 389 597 καὶ
399 571 593 606 ὲπιδεχομένην
603 571 705 607 ἀρετὴν
718 571 765 598 καὶ

12 617 90 644 ικίαν·
107 617 281 644 ἀνεπίδεκτον
294 617 322 644 δὲ
337 617 392 644 τῶν
407 617 535 653 χειρόνων
547 617 578 644 τὸ
594 617 702 652 πνεῦμα
716 616 763 644 τοῦ

12 663 120 698 ιθρώπου
137 663 168 689 τὸ
184 663 213 689 ὲν
229 662 319 698 αὺτῷ-
336 662 371 689 τὰ
383 663 437 699 γὰρ
453 662 584 690 κάλλιστα
599 664 701 699 καρποὶ
719 663 765 689 λέ-

12 716 68 734 ννται
85 707 154 734 εἶναι
174 707 222 734 τοῦ
237 707 400 743 πνεύματος,
422 708 471 743 οὐχ
492 708 529 740 ὡς
550 709 583 735 ἂν
600 708 704 744 οἰηθείη
722 717 764 740 τις

13 754 26 780 ὖ
42 754 128 788 ἁγίου,
149 754 216 783 ἀλλὰ
238 754 285 781 τοῦ
304 754 464 790 ἀνθρώπουι
484 755 551 790 πρὸς
562 755 765 791 ἀντιδιαστολὴν

12 809 29 836 ξρ
42 800 135 827 τούτου
153 800 257 836 φανερὰ
278 801 386 836 λέγεται
403 800 473 829 εἶναι
496 802 530 829 τὰ
547 801 616 837 ἔργα
631 802 681 838 τῆς
698 811 764 838 σαρ-

12 854 35 877 ς,
58 846 146 875 πάντα
169 846 257 881 ψεκτά
279 847 463 883 τυγχάνοντα’
488 847 550 874 ἐπεὶ
581 848 663 883 μηδὲν
686 848 766 884 ἔργον
781 845 802 873 Β

15 891 74 927 ρκὸς
93 892 246 919 ιπαινετόν.
272 892 363 926 ’Δπαξ
378 893 408 920 δὲ
424 893 506 929 μέχρι
524 893 571 920 τοῦ
592 893 672 929 δεῦρο
686 891 764 929 εὖρον

12 938 80 973 ιεῦμα
98 939 203 974 φαύλου
220 939 417 976 σκληρύνεσθαι
432 940 577 975 λεγόμενον
591 940 643 967 ὑπὸ
660 940 763 977 Κυρίου

12 983 22 1010 ὗ
43 984 123 1012 Θεοῦη
146 985 305 1021 γέγραπται
327 985 381 1022 γὰρ
400 985 487 1018 οὕτως
503 986 532 1012 ὲν
548 984 587 1020 τῷ
604 986 763 1021 Δευτερονο-

12 1039 30 1065 ῳ
40 1038 48 1046 '
63 1040 72 1056 ι
90 1031 146 1059 Καὶ
157 1032 209 1060 οὐκ
221 1032 337 1068 ἠθέλησε
349 1032 426 1068 Σηὼν
437 1031 563 1068 βασιλεὺς
579 1032 696 1060 Ἐσεὸὼν
706 1031 762 1068 (64)

12 1076 116 1112 ῖρελθιιν
135 1079 212 1114 ἡμᾶς
233 1078 268 1105 δι’
285 1078 379 1111 αὑτοῦ,
398 1079 439 1106 ὄτι
461 1079 611 1115 ὲσκλὴρυνε
627 1078 727 1115 Κύριος
749 1080 764 1106 ὁ

13 1123 39 1154 ὸζ
52 1123 81 1150 τὸ
92 1123 203 1159 πνεῦμα
214 1124 309 1157 αὑτοῦ,
321 1125 368 1151 καὶ
381 1125 530 1160 κατίσχυσε
543 1125 656 1161 καρδίαν
667 1125 763 1158 αὐτοῦ,

12 1177 18 1194 ι
42 1169 178 1205 παραδοθῇ
202 1171 241 1202 είς
262 1170 311 1200 τὰς
336 1171 431 1207 χεῖράς
453 1179 511 1202 σου,
526 1171 565 1202 ὡς
580 1171 609 1198 ὲν
623 1172 656 1206 τῇ
671 1171 764 1207 ἡμέρᾳ.

12 1214 66 1250 ὐτῃο
81 1225 91 1241 ι
107 1215 177 1243 ἀλλὰ
189 1216 222 1243 τὰ
236 1217 300 1252 περὶ
315 1217 364 1252 μὲν
379 1217 475 1243 τούτου
488 1217 650 1254 οἰκειότερον
666 1218 696 1244 ὲν
707 1219 762 1249 τοῖς

12 1270 16 1291 ζ
30 1262 57 1288 τὸ
71 1263 281 1299 Δευτερονόμιον
300 1262 457 1298 ἐξετασθείη
478 1263 510 1290 ἄν
520 1273 527 1280 ·
542 1263 590 1290 νῦν
609 1263 637 1290 δὲ
656 1264 764 1300 πρόκει-

12 1317 17 1333 ι
41 1308 128 1342 λέγειν
162 1309 221 1340 πῶς
244 1309 280 1336 τὰ
309 1309 498 1349 προειρημένα
520 1310 604 1336 εἰπὼν
623 1310 637 1336 ὁ
659 1311 762 1346 Ἰησοῦς

12 1353 117 1389 ιρὰχθη,
132 1354 165 1380 οὐ
175 1354 224 1390 τὴν
234 1354 333 1391 ψυχὴν,
351 1355 411 1382 οὐδὲ
422 1356 455 1390 τῇ
467 1354 550 1390 ψυχῇ,
568 1355 626 1381 ἀλλ*
639 1355 698 1382 οὐδὲ
714 1355 761 1382 τοῦ

12 1398 138 1433 εύματος,
155 1399 224 1427 ἀλλὰ
238 1400 277 1436 τῷ
299 1400 443 1436 πνεύματι.
470 1401 518 1427 'lv‘
535 1399 581 1428 οὖν
594 1401 625 1427 τὸ
640 1401 760 1437 περὶτοῦ

12 1442 124 1478 stipare;
145 1445 337 1482 παρατήρημα
364 1446 402 1482 μὴ
425 1446 569 1482 διαπίπτῃ,
586 1446 705 1479 λεκτέον,
720 1447 761 1474 ὅτι

17 1489 62 1524 μὲν
75 1489 130 1526 τῷ·
152 1500 163 1517 ι
185 1491 243 1518 Νῦν
261 1492 278 1527 ὴ
291 1491 363 1528 ψυχή
382 1500 432 1527 μου
445 1491 619 1527 τετάρακται,
641 1502 650 1518 ι
669 1492 700 1519 τὸ
711 1493 761 1529 τῆς

13 1536 89 1571 θαχῆς
100 1537 189 1569 πάθος
199 1536 288 1574 ψυχῆς
302 1535 337 1573 ἦν
347 1546 354 1552 ·
371 1538 401 1564 ὲν
413 1538 441 1564 δὲ
453 1537 493 1573 τῷ
501 1546 508 1553 ·
527 1547 536 1563 t
560 1538 713 1575 Ἑταράχθη
722 1538 762 1574 τῷ
776 1535 797 1564 C

13 1581 101 1616 εὐματι
117 1583 131 1609 ό
155 1582 271 1618 Ἰησοῦς,
295 1592 304 1609 ι
323 1583 392 1619 ὅπερ
408 1583 467 1610 ἐστὶ
483 1583 514 1610 τὸ
529 1583 708 1620 ἀνθρώπινον,
731 1583 763 1610 τὸ

13 1625 54 1657 θος
75 1624 109 1662 ἦν
129 1627 280 1663 ἐρχόμενον
295 1629 328 1663 τῇ
350 1628 515 1664 ἐπικρατείᾳ
529 1629 576 1655 τοῦ
591 1628 744 1664 πνεύματος
754 1637 760 1646 ν

23 1669 74 1706 γὰρ
92 1672 106 1697 ὸ
125 1671 205 1706 ἅγιος
221 1672 253 1708 ζῇ
276 1672 410 1708 πνεύματι
431 1673 648 1709 προκατάρχοντι
664 1673 717 1702 τῶν
734 1675 763 1700 ὲν

25 1716 82 1752 ζῇν,
96 1719 145 1745 καὶ
158 1719 250 1754 πάσης
261 1719 398 1755 πράξεως,
412 1720 460 1746 καὶ
467 1719 559 1755 εὐχῆς,
574 1721 621 1747 καὶ
636 1720 683 1748 τοῦ
695 1721 763 1756 πρὸς

14 1769 34 1789 ›ν
60 1763 148 1799 ὕμνου
161 1774 168 1781 ·
196 1765 283 1797 οὕτως
305 1767 360 1793 πᾶν
384 1766 399 1793 ὅ
420 1766 447 1793 τί
468 1767 527 1793 ποτ’
548 1766 581 1793 ἂν
599 1769 674 1803 ποιῇ,
691 1769 764 1794 ποιεῖ

14 1809 117 1844 ιύματι·
135 1811 207 1838 ἀλλὰ
222 1811 272 1838 κᾶν
289 1812 391 1848 πάσχῃ,
411 1811 510 1847 πάσχει
527 1812 671 1848 πνεύματι.
686 1813 718 1840 El
734 1813 763 1839 δὲ

14 1861 83 1887 γιος,
106 1856 186 1896 πόσῳ
212 1856 314 1892 μᾶλλον
340 1857 427 1884 ταῦτα
448 1857 557 1884 λεκτέον
568 1858 632 1893 περὶ
646 1857 693 1884 τοῦ
709 1858 764 1885 τῶν

15 1909 50 1926 ων
61 1901 187 1937 ἀρχηγοῦ
214 1902 313 1938 Ἰησοῦ,
328 1900 358 1931 οὗ
371 1903 402 1930 τὸ
419 1904 529 1940 πνεῦμα
544 1906 592 1933 τοῦ
607 1904 762 1941 ἀνθρώπου,

15 1945 45 1981 τῷ
60 1948 239 1984 ἀνειληφέναι
259 1949 341 1976 αὑτὸν
355 1949 415 1976 ὅλον
430 1950 583 1986 ἄνθρωπον,
604 1950 634 1977 τὺ
647 1951 675 1977 ἐν
689 1950 764 1986 αὐτῷ

15 2001 78 2020 mea
99 1994 135 2022 τὰ
153 1995 238 2022 λοιπά
260 1997 288 2022 ὲν
310 1995 385 2032 αὐτῷ
408 1996 584 2034 ἀνθρώπινα;
603 1997 658 2023 Καὶ
677 1996 764 2028 οὕτως

17 2042 104 2079 ράχθη
124 2043 165 2078 τῷ
185 2044 331 2079 πνεύματι,
351 2044 394 2071 ἵνα
411 2045 582 2081 μαρτυρήσῃ,
602 2045 650 2072 καὶ
666 2044 710 2072 ἵνα
723 2044 763 2071 εῐ-

27 2089 96 2122 μετὰ
112 2089 162 2116 τοῦ
180 2089 253 2116 θείου
275 2090 354 2117 οἱονεὶ
372 2091 464 2126 ὅρκου,
481 2090 538 2124 τοῦ,
556 2100 566 2116 ι
577 2090 672 2126 Ἀμὴν,
690 2100 699 2116 ι
713 2090 761 2117 τόν

18 2134 71 2168 ἐγω
95 2136 175 2171 ὑμῖν,
193 2136 233 2162 ὃτι
253 2132 293 2168 εἷς
315 2135 345 2168 ἐξ
358 2136 436 2172 ὑμῶν
450 2135 604 2173 παραδώσει
621 2145 654 2171 με
666 2145 673 2152 ”
693 2146 702 2162 ι
715 2136 763 2163 τοῦ

16 2191 18 2203 ι
38 2182 210 2217 πνεύματος,
226 2179 313 2217 οἶμαι,
330 2181 519 2218 θεωρήσαντος
530 2182 561 2208 τὸ
578 2183 627 2218 ἤδη
646 2182 699 2209 ἀπὸ
714 2183 762 2210 τοῦ

16 2226 88 2253 ἔολου
108 2227 279 2263 βεϐλημένον
291 2229 331 2260 είς
343 2228 392 2264 τὴν
410 2228 524 2264 καρδίαν
544 2228 629 2255 Ἰούδα
643 2229 763 2264 Σίμωνος

17 2272 159 2307 ιαριώτου,
173 2273 218 2299 ἵνα
225 2272 270 2299 τὸν
284 2273 448 2300 Διδάσκαλον
462 2273 585 2309 παραδῷ,
598 2273 763 2308 φωτισθεῑσα

17 2319 139 2352 ῑσὸμενον
163 2318 220 2353 (65)
235 2318 372 2354 ἐταράχθη
384 2326 391 2333 ·
410 2318 457 2345 καὶ
472 2319 533 2345 ἐπεὶ
547 2320 563 2354 ἡ
584 2319 690 2355 ταραχὴ
707 2319 762 2346 ἀπὸ

26 2364 54 2390 ἐν
68 2363 212 2399 πνεύματι
221 2364 349 2398 γνώσεως
361 2364 517 2400 γεγένηται,
534 2364 549 2390 ὃ
560 2364 606 2392 καὶ
617 2366 646 2391 ὲν
656 2367 763 2401 ταραχῇ

17 2417 82 2441 ιετο,
113 2409 233 2445 Ἰησοῦς,
258 2410 376 2446 εἴρηται,
401 2409 538 2446 ἐταράχθη
560 2410 599 2446 τῷ
616 2411 761 2446 πνεύματι.

20 2465 36 2482 α
66 2456 96 2483 δὲ
120 2457 172 2483 καὶ
206 2456 276 2483 κατὰ
300 2456 364 2492 μίαν
387 2456 500 2492 ἐκδοχὴν
524 2457 584 2492 τὴν,
611 2466 620 2482 t
647 2457 679 2484 Ἡ
697 2457 764 2493 σὰρξ

18 2503 88 2537 ενὴς,
116 2513 126 2529 ι
156 2503 205 2529 καὶ
218 2503 235 2538 ὴ
254 2502 322 2539 σὰρξ
341 2503 526 2539 τετάρακται·
549 2503 634 2530 ταῦτα
657 2504 679 2530 δ’
701 2503 734 2540 ἦν
749 2505 764 2531 ὁ

18 2547 81 2580 ποῦς,
99 2548 168 2584 περὶ
183 2545 215 2575 οὗ
230 2548 281 2575 ὑπὸ
298 2548 344 2575 τοῦ
366 2548 486 2585 Γαϐριὴλ
502 2549 571 2584 πρὸς
589 2548 639 2584 τὴν
655 2549 764 2585 Μαρίαν

779 2211 801 2238 D

486 99 666 126 L‘UMMEN'I‘.
686 100 717 126 ΙΝ
734 100 833 128 «ΙΟΑΝ.
855 101 974 129 TOMUS
996 102 1102 130 XXXII.

1551 109 1603 142 7ου

818 157 948 194 Superius
959 161 1080 188 dixerat:
1097 170 1106 188 ι
1120 161 1197 190 Nunc
1206 162 1295 190 anima
1303 170 1363 191 mea
1377 164 1482 192 turbata
1489 170 1532 194 est
1541 166 1580 200 ";
1593 176 1605 193 ι

817 213 888 232 nunc
901 214 967 233 vero
979 207 1079 234 dicitur
1099 216 1106 234 :
1126 216 1135 234 ι
1151 207 1213 236 Haec
1226 216 1288 236 cum
1306 209 1419 238 dixisset
1433 209 1528 243 lesus,
1547 216 1605 239 tur-

817 250 895 277 batus
911 255 952 278 est
972 252 1084 286 spiritu;
1106 262 1116 279 ι
1133 258 1159 281 et
1181 261 1274 288 quaero
1289 255 1361 283 hunc
1374 255 1399 282 in
1414 255 1502 284 locum
1519 257 1582 284 talia
1597 265 1609 290 ;

816 304 929 324 curuam
953 298 1056 327 scilicet
1070 299 1170 327 dictum
1193 308 1246 328 non
1273 300 1376 335 fuerit,
1400 301 1518 337 Spiritus
1541 302 1607 331 Jesu

817 343 941 370 turbatus
966 349 1024 376 est,
1052 345 1164 379 perinde
1187 350 1282 381 alque,
1303 355 1312 372 t
1328 346 1405 374 Nunc
1430 348 1519 375 anima
1545 356 1608 376 meo

817 389 922 415 turbata
944 393 1002 423 est;
1021 399 1030 416 ι
1046 390 1086 417 vel
1105 398 1153 417 cur
1168 390 1220 418 hoc
1232 390 1333 419 dictum
1351 401 1359 419 :
1379 401 1389 418 ι
1412 392 1489 420 Nunc
1514 393 1611 420 animo

817 441 876 459 tuen
891 435 998 461 turbata
1019 440 1077 467 est,
1099 444 1109 462 ι
1127 436 1160 463 ad
1182 436 1388 465 similitudinem
1412 438 1485 466 illius
1513 439 1577 468 dicti
1595 449 1603 468 :

819 487 828 504 ι
844 478 982 507 Turbatus
993 481 1141 515 cstspirilu
1153 501 1161 514 ,
1178 490 1187 507 ι
1210 483 1414 517 pronuntiatum
1432 491 1487 511 non
1511 484 1603 512 fuerit.

815 524 881 557 Quae
895 532 1018 559 quaerere
1035 532 1118 553 ausus
1132 533 1193 553 sum
1208 527 1395 562 mediocriter,
1411 529 1482 563 quod
1500 536 1549 564 per
1562 534 1605 557 to-

817 574 871 596 tum
887 569 1057 604 Scriptura!"
1069 571 1213 606 diligenter
1228 571 1431 600 observaverim
1448 574 1562 608 spiritus
1576 579 1605 602 et

815 615 915 642 animae
926 615 1126 649 dili‘erenlinm,
1150 616 1323 651 mediumque
1336 618 1464 652 quiddam
1489 619 1604 648 viderim

815 668 875 688 esse
887 661 1018 695 animum,
1029 669 1214 697 capacemque
1228 663 1337 691 virtutis
1348 668 1376 692 et
1385 664 1462 698 vitii;
1477 665 1604 700 spiritum

815 714 880 734 vero
895 707 1013 735 hominis
1024 709 1070 742 qui
1088 709 1115 735 in
1129 709 1188 744 ipso
1202 715 1259 742 est.
1273 709 1343 737 mala
1356 709 1478 746 recipere
1492 711 1610 740 minimo

815 760 849 787 po
867 761 917 786 se;
941 754 1040 789 quippe
1065 762 1127 782 cum
1157 763 1200 783 res
1218 757 1328 792 optima:
1353 756 1460 784 fructus
1479 757 1606 786 dicantur

815 806 875 826 esse
908 799 1030 834 spiritus,
1051 805 1079 828 et
1103 801 1215 836 spiritus
1243 802 1380 835 hominis,
1409 809 1464 830 non
1487 802 1605 838 Spiritus

815 845 903 872 sancti
914 866 922 878 ,
938 851 967 874 ut
981 845 1161 875 arbitraretur
1180 848 1293 883 aliquis.
1317 847 1385 875 Nam
1400 849 1435 876 ad
1448 848 1604 877 distinctio-

816 899 876 919 nem
892 892 973 928 huf—ns
987 893 1100 928 spiritus
1116 895 1250 928 hominis,
1266 895 1410 923 manifesta
1437 902 1519 931 opera
1541 903 1605 923 cur-

815 937 857 965 uis
868 943 1060 973 nuncupantur
1074 947 1106 967 ea
1128 940 1219 967 omnia
1236 947 1297 975 quze
1318 945 1382 968 sunt
1402 940 1605 975 vituperabil‘a,

814 983 942 1017 quoniam
971 983 1072 1012 nullutn
1094 990 1136 1013 est
1156 987 1248 1014 carnis
1265 994 1335 1021 opus
1354 987 1501 1015 laudabile.
1522 986 1614 1023 me

815 1029 952 1057 Hactenus
977 1035 1067 1058 autem
1093 1032 1176 1060 semei
1201 1032 1292 1060 inveni
1324 1033 1450 1069 spiritum
1484 1033 1607 1061 hominis

815 1075 878 1103 mali
894 1076 1015 1104 iudurari
1033 1077 1132 1104 dictum
1156 1085 1171 1104 a
1187 1078 1302 1106 Domino
1316 1079 1381 1106 Deo.
1404 1078 1481 1106 Hunc
1491 1079 1564 1107 enim
1576 1079 1616 1106 ius

815 1122 923 1148 modum
937 1122 1068 1156 scriptum
1083 1127 1125 1149 est
1137 1123 1164 1149 in
1180 1123 1390 1151 Deuteronomio
1404 1132 1412 1151 :
1433 1133 1442 1150 t
1458 1123 1605 1158 Noluitque

814 1167 896 1200 Seon,
914 1175 960 1195 rex
983 1167 1099 1201 Esebou,
1115 1169 1254 1203 praeterire
1273 1177 1323 1197 nos
1339 1177 1388 1205 per
1408 1170 1496 1204 ipsum
1507 1190 1515 1202 ,
1532 1170 1604 1205 quod

815 1213 989 1241 induraverat
1008 1213 1137 1241 Dominus
1153 1214 1223 1242 Deus
1236 1215 1361 1251 spiritum
1378 1216 1451 1251 ejus;
1475 1221 1502 1243 et
1522 1224 1604 1244 occu-

813 1259 888 1294 pavit
901 1266 950 1287 cor
964 1259 1022 1293 ejus
1033 1279 1041 1293 ,
1057 1265 1086 1287 ut
1104 1260 1258 1287 traderetur
1283 1261 1310 1287 in
1327 1268 1424 1289 manus
1442 1265 1518 1294 tuas,
1531 1266 1560 1288 ιιι
1576 1261 1604 1289 in

814 1303 858 1332 die
870 1303 922 1333 hac
933 1304 957 1320 ⁸²
971 1312 979 1337 ;
999 1314 1008 1330 ι
1027 1312 1086 1339 quae
1097 1305 1206 1340 quidem
1219 1306 1450 1334 accommodatius
1461 1306 1488 1334 in
1504 1307 1605 1334 Dente—

814 1350 940 1377 ronomio
961 1351 1201 1378 exatniuabunlur.
1226 1349 1305 1378 Nunc
1325 1356 1416 1379 autern
1434 1350 1604 1387 propositum

813 1402 856 1425 est
872 1397 952 1425 nobis
970 1397 1078 1432 dicere,
1093 1397 1246 1432 quomodo,
1260 1405 1320 1432 quae
1330 1397 1456 1433 superius
1472 1397 1603 1430 diximus,

813 1442 922 1471 locutus
933 1442 1025 1476 Jesus,
1041 1444 1166 1471 turbatus
1184 1443 1285 1478 iuerit;
1300 1448 1328 1472 et
1344 1451 1394 1472 cur
1406 1443 1533 1472 turbatus
1550 1451 1617 1471 non-

814 1489 896 1518 l'uerit
920 1491 949 1518 in
964 1491 1054 1518 anima
1066 1510 1073 1523 ,
1091 1497 1179 1526 neque
1192 1495 1303 1526 propter
1319 1490 1439 1519 animam
1451 1511 1458 1523 ,
1482 1497 1571 1526 neque
1588 1497 1611 1518 at

814 1535 911 1572 spiritu
923 1556 932 1570 ,
956 1536 1003 1564 sed
1019 1536 1126 1571 spiritu.
1148 1535 1188 1564 Ne
1208 1536 1292 1573 igitur
1304 1536 1379 1572 quod
1395 1536 1606 1565 observavimus

813 1582 846 1610 de
869 1582 965 1616 spiritu
983 1586 1146 1618 praetereat,
1167 1582 1311 1610 dicendum
1323 1586 1384 1616 est,
1408 1581 1454 1609 ubi
1481 1581 1604 1609 dicitur:

815 1635 826 1653 α
843 1626 922 1655 Nunc
936 1628 1026 1655 anima
1041 1636 1100 1655 mea
1121 1629 1227 1655 turbata
1245 1633 1298 1661 est,
1318 1636 1328 1654 ι
1347 1627 1421 1654 illam
1438 1625 1604 1654 turbationis

812 1673 983 1702 aﬂ'ectiouem
1003 1675 1085 1702 fuisse
1099 1676 1213 1708 animm;
1228 1674 1272 1702 ubi
1287 1682 1353 1702 vero
1366 1674 1481 1702 dicitur:
1503 1683 1513 1701 t
1524 1673 1605 1702 Iesus

812 1723 936 1747 turbatus
944 1725 985 1747 est
993 1721 1102 1756 spiritu,
1114 1730 1123 1747 ι
1135 1720 1306 1748 aliectionem
1314 1721 1460 1748 humanam
1468 1719 1554 1747 fuisse
1561 1726 1611 1746 νο·-

813 1767 931 1794 nientem
942 1775 956 1793 a
964 1767 1084 1794 dominio
1096 1766 1217 1801 spiritus.
1225 1766 1262 1794 Ut
1271 1767 1343 1794 enim
1354 1771 1464 1794 sanctus
1474 1765 1540 1793 vivit
1549 1766 1605 1800 spi-

813 1813 866 1840 ritu
879 1812 1037 1847 auspicante
1048 1813 1074 1839 in
1085 1813 1140 1840 vita
1152 1812 1285 1840 actionem
1294 1819 1413 1846 omnem,
1425 1816 1452 1840 et
1462 1816 1564 1844 votum,
1577 1816 1614 1839 ett

814 1857 920 1886 laudem
933 1858 965 1886 ad
981 1859 1082 1891 Deum;
1101 1858 1141 1885 sic
1158 1858 1289 1893 quidquid
1305 1858 1412 1892 iecerit,
1430 1858 1456 1886 id
1468 1858 1533 1885 i‘ucit
1548 1858 1605 1892 spi-

814 1904 886 1937 ritu;
907 1910 989 1939 atque
1002 1904 1096 1938 etiam,
1115 1904 1136 1932 si
1151 1905 1263 1940 patitur,
1280 1904 1377 1939 spiritu
1394 1904 1506 1939 palitur.
1526 1903 1618 1938 Quod“

813 1950 837 1977 si
853 1955 962 1977 sanctus
975 1950 1017 1978 sic
1031 1957 1061 1978 se
1073 1950 1174 1981 habet.
1191 1954 1296 1985 quanto
1311 1950 1395 1984 magis
1410 1949 1522 1976 dicenda
1540 1954 1604 1976 sunt

814 1996 872 2023 haec
886 1997 919 2024 de
931 1995 996 2023 Jesu
1009 2000 1169 2024 sanctorum
1183 1995 1315 2030 principe,
1329 1995 1407 2029 cujus
1425 1994 1535 2029 spiritus
1552 1994 1603 2021 ho-

814 2042 894 2070 minis
905 2042 950 2077 qui
968 2042 994 2069 iu
1009 2049 1043 2070 eo
1060 2046 1113 2074 est,
1127 2041 1192 2069 dum
1205 2041 1294 2076 ipsum
1310 2045 1394 2076 totum
1408 2041 1545 2068 hominem
1559 2048 1605 2067 as<

814 2093 956 2121 sumeret,
972 2088 1112 2116 concussit
1125 2091 1224 2115 caetera
1239 2087 1266 2114 in
1285 2087 1345 2122 ipso
1361 2085 1619 2113 humanaillunc--

813 2141 866 2169 que
879 2134 905 2161 in
920 2134 1030 2161 modum
1046 2134 1171 2160 turbatus
1193 2136 1236 2160 est
1258 2133 1372 2167 spiritu,
1390 2137 1420 2159 ιιι
1445 2137 1605 2164 testaretur,

814 2181 955 2208 etdiceret
966 2189 1026 2208 cum
1037 2180 1129 2208 divino
1139 2180 1215 2215 quasi
1225 2180 1381 2214 iuramento
1393 2179 1456 2207 illud
1471 2188 1478 2206 :
1493 2189 1503 2205 ι
1518 2180 1617 2206 Amen.

815 2226 877 2254 dico
887 2227 975 2259 vobis,
984 2227 1055 2262 quod
1068 2234 1137 2253 unus
1146 2234 1178 2253 ex
1191 2226 1268 2253 vobis
1281 2233 1322 2253 me
1331 2226 1489 2261 proditurus
1498 2223 1585 2256 est“;
1593 2232 1613 2249 ι-

813 2280 874 2299 cum
890 2273 974 2306 enim,
992 2273 1100 2308 opinor,
1114 2272 1225 2307 spiritus
1237 2271 1349 2299 vidisset
1365 2271 1392 2298 id
1404 2270 1475 2306 quod
1486 2270 1541 2304 jam
1555 2270 1606 2296 im~

813 2318 926 2345 missum
944 2319 1032 2346 fuerat
1057 2326 1072 2346 a
1086 2318 1194 2346 diabolo
1209 2317 1235 2344 in
1247 2325 1294 2344 cor
1306 2315 1381 2344 Iuda:
1397 2314 1517 2342 Sin-onis
1531 2314 1605 2341 Isca-

814 2363 907 2397 riotrc,
921 2364 1051 2392 nimirum
1067 2369 1096 2392 ut
1108 2363 1310 2399 Prmceplorem
1325 2363 1467 2397 proderet,
1483 2360 1618 2387 futurum.

813 2410 966 2445 praevidens
989 2411 1114 2438 turbatus
1140 2415 1203 2444 est;
1229 2413 1256 2437 et
1277 2409 1407 2444 quoniam
1435 2405 1618 2442 perturbatior

819 2456 862 2484 illa
875 2463 909 2484 ex
924 2457 1078 2492 cognitione
1101 2460 1144 2484 est
1169 2461 1228 2484 orta
1247 2463 1308 2490 quae
1319 2459 1378 2482 crat
1400 2461 1447 2489 per
1466 2453 1616 2488 spiritum,

818 2503 864 2539 qui
879 2503 961 2530 etiam
976 2503 1090 2538 spiritus
1112 2502 1341 2538 perturbabatur,
1357 2501 1445 2528 dictus
1462 2504 1504 2527 est
1525 2498 1606 2526 Iesus

819 2550 946 2578 turbatus
957 2549 1041 2576 fuisse
1059 2549 1166 2584 spiritu.
1187 2549 1317 2576 Fortasse
1346 2555 1409 2574 vero
1426 2547 1504 2582 juxta
1523 2553 1613 2573 unan

18 2615 35 2631 "
52 2615 134 2644 Joan.
154 2625 207 2650 ut,
222 2617 266 2644 27.
304 2617 326 2633 ⁸³
348 2618 425 2645 Deut.
442 2625 471 2651 ιι,
492 2617 537 2646 50.
575 2618 598 2634 ⁸³
613 2617 692 2646 Joan.
708 2627 770 2654 xm,
787 2620 832 2648 21.

19 2674 53 2705 i3)
81 2674 228 2709 Τηρήσας
254 2674 289 2701 ἐν
312 2674 407 2709 πάσῃ,
429 2678 484 2701 etc.
517 2674 585 2702 Vide
610 2675 637 2701 in
665 2674 762 2704 Matth.

21 2730 27 2735 .
43 2718 92 2736 xm
122 2719 153 2738 υ.
167 2710 200 2736 Ξ.

19 2745 52 2777 ει)
71 2731 169 2771 Codex
193 2744 302 2779 Regius,
320 2743 388 2773 Σιὼν
407 2744 532 2779 βασιλεὺς
561 2745 691 2771 εὐσεόῶν.

19 2781 55 2811 i3)
69 2777 263 2806 φωτισθεῖσα
285 2779 317 2805 τὸ
342 2777 501 2814 ἐσόμενον.
518 2780 564 2807 Sic
580 2780 661 2807 habet
674 2781 761 2807 codex

23 2816 73 2843 ius.
106 2815 258 2843 i'erjoruus
278 2815 393 2848 vet'tit,i
414 2815 567 2845 illustratus
590 2816 622 2844 ad
647 2816 674 2844 id
690 2817 763 2850 quod

819 2679 937 2704 futurum
951 2682 1031 2709 erat;
1057 2685 1066 2702 ›
1086 2676 1200 2712 videtur;
1213 2674 1323 2712 legisse
1343 2672 1488 2712 φωτισθεὶς
1513 2671 1554 2702 είς
1565 2671 1605 2712 prb

818 2714 957 2748 ἐσόμενον.
977 2706 1078 2748 Eodem
1098 2711 1168 2738 redit
1181 2706 1301 2738 Ferrarii
1318 2706 1517 2748 interpretatio,
1534 2715 1544 2731 ι
1564 2706 1603 2732 fu.

820 2743 910 2775 turinn
924 2747 1087 2782 praevidens.
1104 2756 1113 2772 ι
1131 2753 1210 2781 quem
1223 2749 1314 2774 tamen
1328 2744 1365 2772 ita
1380 2743 1477 2778 legisse
1493 2749 1546 2770 non
1559 2748 1605 2768 ass

815 2784 976 2812 scverarim.
997 2782 1127 2811 llurrws.

1535 2857 1565 2864 -χ
