  <div class='ocr_page' id='page_1' title='image "/cluster/home/n/w/nwhite01/storage/ocr_20150623/14/njp.32101077772448/412.png"; bbox 0 0 1835 3047; ppageno 0'>
   <div class='ocr_carea' id='block_1_1' title="bbox 425 126 1040 157">
    <p class='ocr_par' dir='ltr' id='par_1_1' title="bbox 425 126 1040 157">
     <span class='ocr_line' id='line_1_1' title="bbox 425 126 1040 157; baseline 0.002 -1"><span class='ocrx_word' id='word_1_1' title='bbox 425 127 602 157; x_wconf 74' lang='lat' dir='ltr'><strong>COMMENT.</strong></span> <span class='ocrx_word' id='word_1_2' title='bbox 623 127 657 156; x_wconf 89' lang='lat' dir='ltr'><strong>IN</strong></span> <span class='ocrx_word' id='word_1_3' title='bbox 676 126 772 155; x_wconf 82' lang='lat' dir='ltr'><strong>.IOAN.</strong></span> <span class='ocrx_word' id='word_1_4' title='bbox 794 127 912 157; x_wconf 79' lang='lat' dir='ltr'><strong>TOMUS</strong></span> <span class='ocrx_word' id='word_1_5' title='bbox 933 129 1040 157; x_wconf 74' lang='lat' dir='ltr'><strong>XXXII.</strong></span> 
     </span>
    </p>
   </div>
   <div class='ocr_carea' id='block_1_2' title="bbox 1505 130 1557 160">
    <p class='ocr_par' dir='ltr' id='par_1_2' title="bbox 1505 130 1557 160">
     <span class='ocr_line' id='line_1_2' title="bbox 1505 130 1557 160; baseline 0 0"><span class='ocrx_word' id='word_1_6' title='bbox 1505 130 1557 160; x_wconf 78' lang='grc'><strong>810</strong></span> 
     </span>
    </p>
   </div>
   <div class='ocr_carea' id='block_1_3' title="bbox 27 185 720 222">
    <p class='ocr_par' dir='ltr' id='par_1_3' title="bbox 27 185 719 221">
     <span class='ocr_line' id='line_1_3' title="bbox 27 185 719 221; baseline 0 -7"><span class='ocrx_word' id='word_1_7' title='bbox 27 188 54 214; x_wconf 71' lang='grc' dir='ltr'><strong>τοῦ</strong></span> <span class='ocrx_word' id='word_1_8' title='bbox 67 185 214 217; x_wconf 72' lang='grc' dir='ltr'><strong>εἰσελθόντος</strong></span> <span class='ocrx_word' id='word_1_9' title='bbox 231 186 271 217; x_wconf 79' lang='grc' dir='ltr'>εἰς</span> <span class='ocrx_word' id='word_1_10' title='bbox 286 185 331 212; x_wconf 85' lang='grc' dir='ltr'>τὸν</span> <span class='ocrx_word' id='word_1_11' title='bbox 353 186 453 214; x_wconf 78' lang='grc' dir='ltr'>Ἰούδαν</span> <span class='ocrx_word' id='word_1_12' title='bbox 468 187 576 214; x_wconf 82' lang='grc' dir='ltr'>Σατανᾶ</span> <span class='ocrx_word' id='word_1_13' title='bbox 591 186 639 221; x_wconf 87' lang='grc' dir='ltr'>τὴν</span> <span class='ocrx_word' id='word_1_14' title='bbox 654 185 719 221; x_wconf 85' lang='grc' dir='ltr'><strong>χρῆ-</strong></span> 
     </span>
    </p>
   </div>
   <div class='ocr_carea' id='block_1_4' title="bbox 795 185 1557 222">
    <p class='ocr_par' dir='ltr' id='par_1_4' title="bbox 795 186 1557 222">
     <span class='ocr_line' id='line_1_4' title="bbox 795 186 1557 222; baseline 0.009 -10"><span class='ocrx_word' id='word_1_15' title='bbox 795 194 847 219; x_wconf 89' lang='lat' dir='ltr'><strong>ma,</strong></span> <span class='ocrx_word' id='word_1_16' title='bbox 864 188 909 222; x_wconf 89' lang='lat' dir='ltr'><strong>qui</strong></span> <span class='ocrx_word' id='word_1_17' title='bbox 928 188 1067 222; x_wconf 77' lang='lat' dir='ltr'><strong>ingressus</strong></span> <span class='ocrx_word' id='word_1_18' title='bbox 1082 186 1170 215; x_wconf 85' lang='lat' dir='ltr'><strong>fuerat</strong></span> <span class='ocrx_word' id='word_1_19' title='bbox 1189 189 1214 216; x_wconf 91' lang='lat' dir='ltr'><strong>in</strong></span> <span class='ocrx_word' id='word_1_20' title='bbox 1236 187 1344 221; x_wconf 72' lang='lat' dir='ltr'><strong>ludam,</strong></span> <span class='ocrx_word' id='word_1_21' title='bbox 1358 189 1448 218; x_wconf 72' lang='lat' dir='ltr'><strong>oll&#39;ulte</strong></span> <span class='ocrx_word' id='word_1_22' title='bbox 1466 198 1557 222; x_wconf 83' lang='lat' dir='ltr'><strong>usum,</strong></span> 
     </span>
    </p>
   </div>
   <div class='ocr_carea' id='block_1_5' title="bbox 27 230 716 268">
    <p class='ocr_par' dir='ltr' id='par_1_5' title="bbox 27 230 716 268">
     <span class='ocr_line' id='line_1_5' title="bbox 27 230 716 268; baseline 0.02 -16"><span class='ocrx_word' id='word_1_23' title='bbox 27 233 49 259; x_wconf 68' lang='grc' dir='ltr'><strong>οῦ</strong></span> <span class='ocrx_word' id='word_1_24' title='bbox 62 230 168 266; x_wconf 75' lang='grc' dir='ltr'>ψωμίου,</span> <span class='ocrx_word' id='word_1_25' title='bbox 187 231 229 257; x_wconf 77' lang='grc' dir='ltr'>ἵνα</span> <span class='ocrx_word' id='word_1_26' title='bbox 245 231 283 266; x_wconf 86' lang='grc' dir='ltr'>μὴ</span> <span class='ocrx_word' id='word_1_27' title='bbox 307 231 400 266; x_wconf 80' lang='grc' dir='ltr'>δνηται</span> <span class='ocrx_word' id='word_1_28' title='bbox 426 233 440 258; x_wconf 81' lang='grc' dir='ltr'><strong><em>ὁ</em></strong></span> <span class='ocrx_word' id='word_1_29' title='bbox 463 232 563 264; x_wconf 84' lang='grc' dir='ltr'><strong>Ἰούδας</strong></span> <span class='ocrx_word' id='word_1_30' title='bbox 587 233 636 268; x_wconf 82' lang='grc' dir='ltr'><strong>τῆς</strong></span> <span class='ocrx_word' id='word_1_31' title='bbox 662 233 716 259; x_wconf 70' lang='grc' dir='ltr'><strong>ἀπὸ</strong></span> 
     </span>
    </p>
   </div>
   <div class='ocr_carea' id='block_1_6' title="bbox 27 276 715 313">
    <p class='ocr_par' dir='ltr' id='par_1_6' title="bbox 27 276 715 313">
     <span class='ocr_line' id='line_1_6' title="bbox 27 276 715 313; baseline 0.001 -9"><span class='ocrx_word' id='word_1_32' title='bbox 27 276 90 313; x_wconf 81' lang='grc' dir='ltr'>ιησοῦ</span> <span class='ocrx_word' id='word_1_33' title='bbox 102 277 192 308; x_wconf 76' lang='grc' dir='ltr'>δόσεως</span> <span class='ocrx_word' id='word_1_34' title='bbox 212 276 260 302; x_wconf 81' lang='grc' dir='ltr'>τοῦ</span> <span class='ocrx_word' id='word_1_35' title='bbox 284 276 391 312; x_wconf 82' lang='grc' dir='ltr'>ψωμίου</span> <span class='ocrx_word' id='word_1_36' title='bbox 403 286 409 292; x_wconf 91' lang='grc'><strong>·</strong></span> <span class='ocrx_word' id='word_1_37' title='bbox 423 278 453 304; x_wconf 83' lang='grc' dir='ltr'>τὸ</span> <span class='ocrx_word' id='word_1_38' title='bbox 467 278 516 313; x_wconf 83' lang='grc' dir='ltr'>μὲν</span> <span class='ocrx_word' id='word_1_39' title='bbox 534 277 589 313; x_wconf 86' lang='grc' dir='ltr'>γὰρ</span> <span class='ocrx_word' id='word_1_40' title='bbox 600 276 656 313; x_wconf 76' lang='grc' dir='ltr'>εἶχε</span> <span class='ocrx_word' id='word_1_41' title='bbox 669 278 715 305; x_wconf 84' lang='grc' dir='ltr'>δύ-</span> 
     </span>
    </p>
   </div>
   <div class='ocr_carea' id='block_1_7' title="bbox 27 322 716 359">
    <p class='ocr_par' dir='ltr' id='par_1_7' title="bbox 27 322 716 359">
     <span class='ocr_line' id='line_1_7' title="bbox 27 322 716 359; baseline 0.003 -9"><span class='ocrx_word' id='word_1_42' title='bbox 27 322 192 359; x_wconf 54' lang='grc' dir='ltr'>γὼςςελητικὴν</span> <span class='ocrx_word' id='word_1_43' title='bbox 203 323 243 358; x_wconf 82' lang='grc' dir='ltr'><strong>τῷ</strong></span> <span class='ocrx_word' id='word_1_44' title='bbox 257 323 418 359; x_wconf 82' lang='grc' dir='ltr'><strong>χρησομένῳ</strong></span> <span class='ocrx_word' id='word_1_45' title='bbox 428 332 435 339; x_wconf 89' lang='grc'><strong>·</strong></span> <span class='ocrx_word' id='word_1_46' title='bbox 447 324 463 350; x_wconf 81' lang='grc' dir='ltr'>ὁ</span> <span class='ocrx_word' id='word_1_47' title='bbox 483 324 522 357; x_wconf 79' lang='grc' dir='ltr'>δὲ,</span> <span class='ocrx_word' id='word_1_48' title='bbox 539 324 612 358; x_wconf 74' lang='grc' dir='ltr'>ἅπαξ</span> <span class='ocrx_word' id='word_1_49' title='bbox 628 324 716 359; x_wconf 83' lang='grc' dir='ltr'>βαλὼν</span> 
     </span>
    </p>
   </div>
   <div class='ocr_carea' id='block_1_8' title="bbox 27 368 713 405">
    <p class='ocr_par' dir='ltr' id='par_1_8' title="bbox 27 368 713 405">
     <span class='ocr_line' id='line_1_8' title="bbox 27 368 713 405; baseline 0.001 -9"><span class='ocrx_word' id='word_1_50' title='bbox 27 371 71 401; x_wconf 70' lang='lat' dir='ltr'><strong>isi;</strong></span> <span class='ocrx_word' id='word_1_51' title='bbox 84 369 126 404; x_wconf 85' lang='grc' dir='ltr'>τὴν</span> <span class='ocrx_word' id='word_1_52' title='bbox 140 368 252 404; x_wconf 81' lang='grc' dir='ltr'>καρδίαν</span> <span class='ocrx_word' id='word_1_53' title='bbox 262 389 269 401; x_wconf 83' lang='grc'><strong>,</strong></span> <span class='ocrx_word' id='word_1_54' title='bbox 290 369 333 395; x_wconf 83' lang='grc' dir='ltr'>ἵνα</span> <span class='ocrx_word' id='word_1_55' title='bbox 349 369 461 405; x_wconf 87' lang='grc' dir='ltr'>παραδῷ</span> <span class='ocrx_word' id='word_1_56' title='bbox 475 370 522 396; x_wconf 74' lang='grc' dir='ltr'>τὸν</span> <span class='ocrx_word' id='word_1_57' title='bbox 544 370 713 403; x_wconf 85' lang='grc' dir='ltr'>διδάσκαλον,</span> 
     </span>
    </p>
   </div>
   <div class='ocr_carea' id='block_1_9' title="bbox 27 413 715 451">
    <p class='ocr_par' dir='ltr' id='par_1_9' title="bbox 27 413 715 451">
     <span class='ocr_line' id='line_1_9' title="bbox 27 413 715 451; baseline 0.003 -11"><span class='ocrx_word' id='word_1_58' title='bbox 27 416 95 450; x_wconf 71' lang='grc' dir='ltr'>ἰμενος</span> <span class='ocrx_word' id='word_1_59' title='bbox 111 414 184 450; x_wconf 85' lang='grc' dir='ltr'>μὴτὸ</span> <span class='ocrx_word' id='word_1_60' title='bbox 199 413 365 450; x_wconf 86' lang='grc' dir='ltr'>βεϐλημένον</span> <span class='ocrx_word' id='word_1_61' title='bbox 383 414 488 450; x_wconf 82' lang='grc' dir='ltr'><strong>ἐκπέσῃ</strong></span> <span class='ocrx_word' id='word_1_62' title='bbox 506 415 553 442; x_wconf 82' lang='grc' dir='ltr'>τοῦ</span> <span class='ocrx_word' id='word_1_63' title='bbox 569 415 715 451; x_wconf 78' lang='grc' dir='ltr'><strong>βληθέντος</strong></span> 
     </span>
    </p>
   </div>
   <div class='ocr_carea' id='block_1_10' title="bbox 27 460 713 498">
    <p class='ocr_par' dir='ltr' id='par_1_10' title="bbox 27 460 713 498">
     <span class='ocr_line' id='line_1_10' title="bbox 27 460 713 498; baseline 0.001 -10"><span class='ocrx_word' id='word_1_64' title='bbox 27 462 49 496; x_wconf 73' lang='grc' dir='ltr'>ἧς</span> <span class='ocrx_word' id='word_1_65' title='bbox 60 461 98 488; x_wconf 83' lang='grc' dir='ltr'><strong>τοῦ</strong></span> <span class='ocrx_word' id='word_1_66' title='bbox 112 460 212 496; x_wconf 84' lang='grc' dir='ltr'>ψωμίου</span> <span class='ocrx_word' id='word_1_67' title='bbox 228 462 353 497; x_wconf 84' lang='grc' dir='ltr'>χρήσεως</span> <span class='ocrx_word' id='word_1_68' title='bbox 362 481 370 494; x_wconf 87' lang='grc'><strong>,</strong></span> <span class='ocrx_word' id='word_1_69' title='bbox 384 461 528 496; x_wconf 81' lang='grc' dir='ltr'>προλαϐὼν</span> <span class='ocrx_word' id='word_1_70' title='bbox 545 462 603 498; x_wconf 78' lang='grc' dir='ltr'>ἅμα</span> <span class='ocrx_word' id='word_1_71' title='bbox 615 461 654 498; x_wconf 85' lang='grc' dir='ltr'><strong>τῷ</strong></span> <span class='ocrx_word' id='word_1_72' title='bbox 665 462 713 489; x_wconf 84' lang='grc' dir='ltr'>λα-</span> 
     </span>
    </p>
   </div>
   <div class='ocr_carea' id='block_1_11' title="bbox 27 505 714 541">
    <p class='ocr_par' dir='ltr' id='par_1_11' title="bbox 27 505 714 541">
     <span class='ocr_line' id='line_1_11' title="bbox 27 505 714 541; baseline 0.004 -9"><span class='ocrx_word' id='word_1_73' title='bbox 27 506 54 532; x_wconf 76' lang='grc' dir='ltr'><strong>τὺν</strong></span> <span class='ocrx_word' id='word_1_74' title='bbox 70 506 156 533; x_wconf 80' lang='grc' dir='ltr'><strong>Ἰούδαν</strong></span> <span class='ocrx_word' id='word_1_75' title='bbox 168 505 197 532; x_wconf 77' lang='grc' dir='ltr'>τὸ</span> <span class='ocrx_word' id='word_1_76' title='bbox 214 505 331 541; x_wconf 78' lang='grc' dir='ltr'><strong>ψωμίον,</strong></span> <span class='ocrx_word' id='word_1_77' title='bbox 347 506 471 541; x_wconf 80' lang='grc' dir='ltr'>εἰσῆλθεν</span> <span class='ocrx_word' id='word_1_78' title='bbox 492 508 532 539; x_wconf 78' lang='grc' dir='ltr'><strong>εις</strong></span> <span class='ocrx_word' id='word_1_79' title='bbox 555 507 651 540; x_wconf 79' lang='grc' dir='ltr'>αὐτὸν,</span> <span class='ocrx_word' id='word_1_80' title='bbox 669 508 714 535; x_wconf 79' lang='grc' dir='ltr'>ὅτε</span> 
     </span>
    </p>
   </div>
   <div class='ocr_carea' id='block_1_12' title="bbox 27 550 715 588">
    <p class='ocr_par' dir='ltr' id='par_1_12' title="bbox 27 550 715 588">
     <span class='ocr_line' id='line_1_12' title="bbox 27 550 715 588; baseline 0.004 -11"><span class='ocrx_word' id='word_1_81' title='bbox 27 551 129 587; x_wconf 80' lang='grc' dir='ltr'>ίρημένου</span> <span class='ocrx_word' id='word_1_82' title='bbox 142 550 186 577; x_wconf 76' lang='grc' dir='ltr'><strong>τοῦ</strong></span> <span class='ocrx_word' id='word_1_83' title='bbox 198 559 205 566; x_wconf 92' lang='grc'><strong>·</strong></span> <span class='ocrx_word' id='word_1_84' title='bbox 223 560 232 577; x_wconf 76' lang='grc' dir='ltr'><strong>ι</strong></span> <span class='ocrx_word' id='word_1_85' title='bbox 241 552 273 578; x_wconf 83' lang='lat'><strong>&#39;0</strong></span> <span class='ocrx_word' id='word_1_86' title='bbox 290 553 385 583; x_wconf 81' lang='grc' dir='ltr'>ποιεῖς,</span> <span class='ocrx_word' id='word_1_87' title='bbox 400 552 512 588; x_wconf 80' lang='grc' dir='ltr'>ποίησον</span> <span class='ocrx_word' id='word_1_88' title='bbox 526 553 629 588; x_wconf 80' lang='grc' dir='ltr'>τάχιον,</span> <span class='ocrx_word' id='word_1_89' title='bbox 643 562 652 580; x_wconf 81' lang='grc' dir='ltr'><strong>ι</strong></span> <span class='ocrx_word' id='word_1_90' title='bbox 670 553 715 580; x_wconf 83' lang='grc' dir='ltr'>λα-</span> 
     </span>
    </p>
   </div>
   <div class='ocr_carea' id='block_1_13' title="bbox 27 596 714 632">
    <p class='ocr_par' dir='ltr' id='par_1_13' title="bbox 27 596 714 632">
     <span class='ocr_line' id='line_1_13' title="bbox 27 596 714 632; baseline 0.003 -9"><span class='ocrx_word' id='word_1_91' title='bbox 27 598 42 623; x_wconf 73' lang='grc' dir='ltr'><strong>τὸ</strong></span> <span class='ocrx_word' id='word_1_92' title='bbox 57 597 147 632; x_wconf 78' lang='grc' dir='ltr'>ψωμίον</span> <span class='ocrx_word' id='word_1_93' title='bbox 168 596 286 628; x_wconf 81' lang='grc' dir='ltr'><strong>Ἰούδας,</strong></span> <span class='ocrx_word' id='word_1_94' title='bbox 304 596 416 632; x_wconf 82' lang='grc' dir='ltr'>ἐξῆλθεν</span> <span class='ocrx_word' id='word_1_95' title='bbox 437 597 528 629; x_wconf 81' lang='grc' dir='ltr'>εὐθύς.</span> <span class='ocrx_word' id='word_1_96' title='bbox 552 598 608 624; x_wconf 83' lang='grc' dir='ltr'><strong>Καὶ</strong></span> <span class='ocrx_word' id='word_1_97' title='bbox 628 597 714 630; x_wconf 79' lang='grc' dir='ltr'>οὕτως</span> 
     </span>
    </p>
   </div>
   <div class='ocr_carea' id='block_1_14' title="bbox 29 643 714 681">
    <p class='ocr_par' dir='ltr' id='par_1_14' title="bbox 29 643 714 681">
     <span class='ocr_line' id='line_1_14' title="bbox 29 643 714 681; baseline 0.004 -12"><span class='ocrx_word' id='word_1_98' title='bbox 29 644 67 670; x_wconf 77' lang='grc' dir='ltr'><strong>οὐκ</strong></span> <span class='ocrx_word' id='word_1_99' title='bbox 79 643 209 675; x_wconf 80' lang='grc' dir='ltr'><strong>ἀπιθάνως</strong></span> <span class='ocrx_word' id='word_1_100' title='bbox 223 644 264 674; x_wconf 82' lang='grc' dir='ltr'>εὶς</span> <span class='ocrx_word' id='word_1_101' title='bbox 277 643 323 670; x_wconf 81' lang='grc' dir='ltr'>τὸν</span> <span class='ocrx_word' id='word_1_102' title='bbox 339 644 420 670; x_wconf 84' lang='grc' dir='ltr'>τόπον</span> <span class='ocrx_word' id='word_1_103' title='bbox 444 644 550 679; x_wconf 76' lang='grc' dir='ltr'><strong>λέγοιτο</strong></span> <span class='ocrx_word' id='word_1_104' title='bbox 561 665 569 677; x_wconf 97' lang='grc'><strong>,</strong></span> <span class='ocrx_word' id='word_1_105' title='bbox 592 644 686 681; x_wconf 84' lang='grc' dir='ltr'>ὥσπερ</span> <span class='ocrx_word' id='word_1_106' title='bbox 699 646 714 672; x_wconf 83' lang='grc' dir='ltr'>ὁ</span> 
     </span>
    </p>
   </div>
   <div class='ocr_carea' id='block_1_15' title="bbox 27 689 713 725">
    <p class='ocr_par' dir='ltr' id='par_1_15' title="bbox 27 689 713 725">
     <span class='ocr_line' id='line_1_15' title="bbox 27 689 713 725; baseline 0.004 -10"><span class='ocrx_word' id='word_1_107' title='bbox 27 699 53 721; x_wconf 84' lang='grc' dir='ltr'><strong>ως</strong></span> <span class='ocrx_word' id='word_1_108' title='bbox 63 689 148 716; x_wconf 73' lang='grc' dir='ltr'>ἐσθίων</span> <span class='ocrx_word' id='word_1_109' title='bbox 159 689 204 716; x_wconf 76' lang='grc' dir='ltr'>τὸν</span> <span class='ocrx_word' id='word_1_110' title='bbox 216 689 297 725; x_wconf 74' lang='grc' dir='ltr'>ἄρτον</span> <span class='ocrx_word' id='word_1_111' title='bbox 311 689 357 716; x_wconf 80' lang='grc' dir='ltr'>τοῦ</span> <span class='ocrx_word' id='word_1_112' title='bbox 373 689 486 725; x_wconf 81' lang='grc' dir='ltr'><strong>Κυρίου,</strong></span> <span class='ocrx_word' id='word_1_113' title='bbox 499 690 515 725; x_wconf 83' lang='grc' dir='ltr'>ἢ</span> <span class='ocrx_word' id='word_1_114' title='bbox 533 690 617 718; x_wconf 91' lang='grc' dir='ltr'>πίνων</span> <span class='ocrx_word' id='word_1_115' title='bbox 630 691 713 718; x_wconf 82' lang='grc' dir='ltr'>αὐτοῦ</span> 
     </span>
    </p>
   </div>
   <div class='ocr_carea' id='block_1_16' title="bbox 27 735 713 773">
    <p class='ocr_par' dir='ltr' id='par_1_16' title="bbox 27 735 713 773">
     <span class='ocr_line' id='line_1_16' title="bbox 27 735 713 773; baseline 0.004 -11"><span class='ocrx_word' id='word_1_116' title='bbox 27 736 111 770; x_wconf 77' lang='grc' dir='ltr'>τήριον,</span> <span class='ocrx_word' id='word_1_117' title='bbox 124 735 160 767; x_wconf 82' lang='grc' dir='ltr'>εἰς</span> <span class='ocrx_word' id='word_1_118' title='bbox 171 736 259 771; x_wconf 82' lang='grc' dir='ltr'>κρῖμα</span> <span class='ocrx_word' id='word_1_119' title='bbox 274 735 369 767; x_wconf 73' lang='grc' dir='ltr'>ἐσθίει,</span> <span class='ocrx_word' id='word_1_120' title='bbox 385 736 433 762; x_wconf 78' lang='grc' dir='ltr'>καὶ</span> <span class='ocrx_word' id='word_1_121' title='bbox 447 736 530 769; x_wconf 84' lang='grc' dir='ltr'><strong>πίνει,</strong></span> <span class='ocrx_word' id='word_1_122' title='bbox 543 737 593 773; x_wconf 87' lang='grc' dir='ltr'>τῆς</span> <span class='ocrx_word' id='word_1_123' title='bbox 607 739 671 773; x_wconf 79' lang='grc' dir='ltr'>μιᾶς</span> <span class='ocrx_word' id='word_1_124' title='bbox 683 739 713 765; x_wconf 82' lang='grc' dir='ltr'>ἐν</span> 
     </span>
    </p>
   </div>
   <div class='ocr_carea' id='block_1_17' title="bbox 27 780 710 822">
    <p class='ocr_par' dir='ltr' id='par_1_17' title="bbox 27 780 710 822">
     <span class='ocr_line' id='line_1_17' title="bbox 27 780 710 822; baseline 0.01 -16"><span class='ocrx_word' id='word_1_125' title='bbox 27 790 59 816; x_wconf 70' lang='lat' dir='ltr'><strong>mp</strong></span> <span class='ocrx_word' id='word_1_126' title='bbox 77 781 223 816; x_wconf 88' lang='grc' dir='ltr'>κρείττονος</span> <span class='ocrx_word' id='word_1_127' title='bbox 237 780 393 816; x_wconf 82' lang='grc' dir='ltr'>δυνάμεως,</span> <span class='ocrx_word' id='word_1_128' title='bbox 412 782 459 809; x_wconf 85' lang='grc' dir='ltr'>καὶ</span> <span class='ocrx_word' id='word_1_129' title='bbox 474 784 502 810; x_wconf 87' lang='grc' dir='ltr'>ὲν</span> <span class='ocrx_word' id='word_1_130' title='bbox 518 784 558 820; x_wconf 81' lang='grc' dir='ltr'>τῷ</span> <span class='ocrx_word' id='word_1_131' title='bbox 578 786 710 822; x_wconf 84' lang='grc' dir='ltr'>ποτηρίῳ,</span> 
     </span>
    </p>
   </div>
   <div class='ocr_carea' id='block_1_18' title="bbox 30 826 712 868">
    <p class='ocr_par' dir='ltr' id='par_1_18' title="bbox 30 826 712 868">
     <span class='ocr_line' id='line_1_18' title="bbox 30 826 712 868; baseline 0.009 -15"><span class='ocrx_word' id='word_1_132' title='bbox 30 827 92 863; x_wconf 79' lang='grc' dir='ltr'>ιμένῃ</span> <span class='ocrx_word' id='word_1_133' title='bbox 108 828 152 863; x_wconf 83' lang='grc' dir='ltr'>μὲν</span> <span class='ocrx_word' id='word_1_134' title='bbox 165 826 284 854; x_wconf 74' lang='grc' dir='ltr'><strong>διαθέσει</strong></span> <span class='ocrx_word' id='word_1_135' title='bbox 301 827 435 863; x_wconf 82' lang='grc' dir='ltr'>κρείττονι</span> <span class='ocrx_word' id='word_1_136' title='bbox 451 829 668 868; x_wconf 76' lang='grc' dir='ltr'>ὲνεργαζομένης</span> <span class='ocrx_word' id='word_1_137' title='bbox 681 832 712 858; x_wconf 88' lang='grc' dir='ltr'>τὸ</span> 
     </span>
    </p>
   </div>
   <div class='ocr_carea' id='block_1_19' title="bbox 27 873 712 911">
    <p class='ocr_par' dir='ltr' id='par_1_19' title="bbox 27 873 712 911">
     <span class='ocr_line' id='line_1_19' title="bbox 27 873 712 911; baseline 0.009 -12"><span class='ocrx_word' id='word_1_138' title='bbox 27 882 55 904; x_wconf 58' lang='grc' dir='ltr'>ην,</span> <span class='ocrx_word' id='word_1_139' title='bbox 68 873 159 909; x_wconf 78' lang='grc' dir='ltr'>χείρονι</span> <span class='ocrx_word' id='word_1_140' title='bbox 183 873 213 900; x_wconf 83' lang='grc' dir='ltr'>δὲ</span> <span class='ocrx_word' id='word_1_141' title='bbox 236 873 404 909; x_wconf 76' lang='grc' dir='ltr'>ἐμποιούσης</span> <span class='ocrx_word' id='word_1_142' title='bbox 422 874 453 901; x_wconf 79' lang='grc' dir='ltr'>τὺ</span> <span class='ocrx_word' id='word_1_143' title='bbox 476 877 564 911; x_wconf 78' lang='grc' dir='ltr'>κρῖμα</span> <span class='ocrx_word' id='word_1_144' title='bbox 575 885 581 892; x_wconf 91' lang='grc'><strong>·</strong></span> <span class='ocrx_word' id='word_1_145' title='bbox 597 877 669 904; x_wconf 79' lang='grc' dir='ltr'>οὕτω</span> <span class='ocrx_word' id='word_1_146' title='bbox 681 878 712 905; x_wconf 80' lang='grc' dir='ltr'>τὺ</span> 
     </span>
    </p>
   </div>
   <div class='ocr_carea' id='block_1_20' title="bbox 27 919 711 961">
    <p class='ocr_par' dir='ltr' id='par_1_20' title="bbox 27 919 711 961">
     <span class='ocr_line' id='line_1_20' title="bbox 27 919 711 961; baseline 0.009 -16"><span class='ocrx_word' id='word_1_147' title='bbox 27 919 54 945; x_wconf 70' lang='lat' dir='ltr'><strong>:ot&#39;i</strong></span> <span class='ocrx_word' id='word_1_148' title='bbox 69 920 147 955; x_wconf 75' lang='grc' dir='ltr'><strong>Ἰησοῦ</strong></span> <span class='ocrx_word' id='word_1_149' title='bbox 160 920 267 957; x_wconf 90' lang='grc' dir='ltr'>ψωμίον</span> <span class='ocrx_word' id='word_1_150' title='bbox 287 921 415 956; x_wconf 81' lang='grc' dir='ltr'><strong>ὁμογενὲς</strong></span> <span class='ocrx_word' id='word_1_151' title='bbox 430 919 463 957; x_wconf 84' lang='grc' dir='ltr'>ἦν</span> <span class='ocrx_word' id='word_1_152' title='bbox 476 921 515 957; x_wconf 83' lang='grc' dir='ltr'><strong>τῷ</strong></span> <span class='ocrx_word' id='word_1_153' title='bbox 538 923 639 950; x_wconf 80' lang='grc' dir='ltr'>δοθέντι</span> <span class='ocrx_word' id='word_1_154' title='bbox 655 924 711 961; x_wconf 76' lang='lat'><strong>(-12)</strong></span> 
     </span>
    </p>
   </div>
   <div class='ocr_carea' id='block_1_21' title="bbox 27 965 712 1006">
    <p class='ocr_par' dir='ltr' id='par_1_21' title="bbox 27 965 712 1006">
     <span class='ocr_line' id='line_1_21' title="bbox 27 965 712 1006; baseline 0.01 -15"><span class='ocrx_word' id='word_1_155' title='bbox 27 967 48 996; x_wconf 69' lang='grc' dir='ltr'>ρίς</span> <span class='ocrx_word' id='word_1_156' title='bbox 64 965 156 999; x_wconf 83' lang='grc' dir='ltr'>λοιποῖς</span> <span class='ocrx_word' id='word_1_157' title='bbox 171 967 331 999; x_wconf 84' lang='grc' dir='ltr'>ἀποστόλοις</span> <span class='ocrx_word' id='word_1_158' title='bbox 344 987 351 999; x_wconf 88' lang='grc'><strong>,</strong></span> <span class='ocrx_word' id='word_1_159' title='bbox 368 968 397 994; x_wconf 80' lang='grc' dir='ltr'><strong>ὲν</strong></span> <span class='ocrx_word' id='word_1_160' title='bbox 408 968 447 1004; x_wconf 86' lang='grc' dir='ltr'>τῷ</span> <span class='ocrx_word' id='word_1_161' title='bbox 459 977 465 984; x_wconf 94' lang='grc'><strong>·</strong></span> <span class='ocrx_word' id='word_1_162' title='bbox 487 979 496 995; x_wconf 83' lang='grc' dir='ltr'><strong>ι</strong></span> <span class='ocrx_word' id='word_1_163' title='bbox 516 970 622 997; x_wconf 85' lang='grc' dir='ltr'>Λάϐετε</span> <span class='ocrx_word' id='word_1_164' title='bbox 635 990 643 1003; x_wconf 84' lang='grc'><strong>,</strong></span> <span class='ocrx_word' id='word_1_165' title='bbox 661 971 712 1006; x_wconf 86' lang='grc' dir='ltr'><strong>φά-</strong></span> 
     </span>
    </p>
   </div>
   <div class='ocr_carea' id='block_1_22' title="bbox 41 1011 713 1052">
    <p class='ocr_par' dir='ltr' id='par_1_22' title="bbox 41 1011 713 1052">
     <span class='ocr_line' id='line_1_22' title="bbox 41 1011 713 1052; baseline 0.009 -15"><span class='ocrx_word' id='word_1_166' title='bbox 41 1020 47 1036; x_wconf 86' lang='grc' dir='ltr'><strong>ι</strong></span> <span class='ocrx_word' id='word_1_167' title='bbox 61 1011 109 1038; x_wconf 81' lang='grc' dir='ltr'>ἀλλ’</span> <span class='ocrx_word' id='word_1_168' title='bbox 122 1012 234 1044; x_wconf 75' lang='grc' dir='ltr'>ἐκείνοις</span> <span class='ocrx_word' id='word_1_169' title='bbox 247 1012 295 1048; x_wconf 84' lang='grc' dir='ltr'>μὲν</span> <span class='ocrx_word' id='word_1_170' title='bbox 310 1013 350 1044; x_wconf 86' lang='grc' dir='ltr'>εἰς</span> <span class='ocrx_word' id='word_1_171' title='bbox 363 1014 511 1050; x_wconf 84' lang='grc' dir='ltr'>σωτηρίαν,</span> <span class='ocrx_word' id='word_1_172' title='bbox 528 1015 566 1050; x_wconf 89' lang='grc' dir='ltr'>τῷ</span> <span class='ocrx_word' id='word_1_173' title='bbox 577 1015 605 1043; x_wconf 85' lang='grc' dir='ltr'>δὲ</span> <span class='ocrx_word' id='word_1_174' title='bbox 626 1016 713 1052; x_wconf 78' lang='grc' dir='ltr'>Ἰούδᾳ</span> 
     </span>
    </p>
   </div>
   <div class='ocr_carea' id='block_1_23' title="bbox 27 1057 712 1096">
    <p class='ocr_par' dir='ltr' id='par_1_23' title="bbox 27 1057 712 1096">
     <span class='ocr_line' id='line_1_23' title="bbox 27 1057 712 1096; baseline 0.009 -13"><span class='ocrx_word' id='word_1_175' title='bbox 27 1058 76 1091; x_wconf 57' lang='lat' dir='ltr'><strong>ius,</strong></span> <span class='ocrx_word' id='word_1_176' title='bbox 90 1057 123 1089; x_wconf 85' lang='grc' dir='ltr'>ὡς</span> <span class='ocrx_word' id='word_1_177' title='bbox 139 1058 207 1093; x_wconf 79' lang='grc' dir='ltr'>μετὰ</span> <span class='ocrx_word' id='word_1_178' title='bbox 224 1059 255 1085; x_wconf 80' lang='grc' dir='ltr'>τὺ</span> <span class='ocrx_word' id='word_1_179' title='bbox 267 1058 373 1094; x_wconf 81' lang='grc' dir='ltr'>ψωμίον</span> <span class='ocrx_word' id='word_1_180' title='bbox 393 1060 596 1096; x_wconf 73' lang='grc' dir='ltr'>εἰσεληλυθέναι</span> <span class='ocrx_word' id='word_1_181' title='bbox 611 1063 652 1094; x_wconf 83' lang='grc' dir='ltr'>εἰς</span> <span class='ocrx_word' id='word_1_182' title='bbox 667 1063 712 1089; x_wconf 80' lang='grc' dir='ltr'><strong>αὑ-</strong></span> 
     </span>
    </p>
   </div>
   <div class='ocr_carea' id='block_1_24' title="bbox 27 1103 712 1144">
    <p class='ocr_par' dir='ltr' id='par_1_24' title="bbox 27 1103 712 1144">
     <span class='ocr_line' id='line_1_24' title="bbox 27 1103 712 1144; baseline 0.007 -15"><span class='ocrx_word' id='word_1_183' title='bbox 27 1111 40 1128; x_wconf 65' lang='grc' dir='ltr'><strong>ιν</strong></span> <span class='ocrx_word' id='word_1_184' title='bbox 52 1103 167 1131; x_wconf 80' lang='grc' dir='ltr'>Σατανᾶν.</span> <span class='ocrx_word' id='word_1_185' title='bbox 180 1105 304 1132; x_wconf 86' lang='grc' dir='ltr'>Νοείσθω</span> <span class='ocrx_word' id='word_1_186' title='bbox 316 1105 344 1132; x_wconf 81' lang='grc' dir='ltr'>δὲ</span> <span class='ocrx_word' id='word_1_187' title='bbox 354 1107 368 1133; x_wconf 81' lang='grc' dir='ltr'>ὁ</span> <span class='ocrx_word' id='word_1_188' title='bbox 379 1107 460 1141; x_wconf 79' lang='grc' dir='ltr'>ἄρτος</span> <span class='ocrx_word' id='word_1_189' title='bbox 474 1106 520 1133; x_wconf 75' lang='grc' dir='ltr'><strong>καὶ</strong></span> <span class='ocrx_word' id='word_1_190' title='bbox 535 1106 566 1133; x_wconf 85' lang='grc' dir='ltr'>τὸ</span> <span class='ocrx_word' id='word_1_191' title='bbox 583 1108 712 1144; x_wconf 85' lang='grc' dir='ltr'>ποτήριον</span> 
     </span>
    </p>
   </div>
   <div class='ocr_carea' id='block_1_25' title="bbox 27 1148 712 1189">
    <p class='ocr_par' dir='ltr' id='par_1_25' title="bbox 27 1148 712 1189">
     <span class='ocr_line' id='line_1_25' title="bbox 27 1148 712 1189; baseline 0.01 -16"><span class='ocrx_word' id='word_1_192' title='bbox 27 1148 51 1173; x_wconf 77' lang='grc' dir='ltr'>ὲν</span> <span class='ocrx_word' id='word_1_193' title='bbox 65 1148 248 1185; x_wconf 69' lang='grc' dir='ltr'>ἁπλουστέροις</span> <span class='ocrx_word' id='word_1_194' title='bbox 260 1150 330 1177; x_wconf 81' lang='grc' dir='ltr'>κατὰ</span> <span class='ocrx_word' id='word_1_195' title='bbox 347 1151 396 1186; x_wconf 85' lang='grc' dir='ltr'>τὴν</span> <span class='ocrx_word' id='word_1_196' title='bbox 412 1152 568 1188; x_wconf 78' lang='grc' dir='ltr'>κοινοτέραν</span> <span class='ocrx_word' id='word_1_197' title='bbox 582 1154 646 1189; x_wconf 80' lang='grc' dir='ltr'>περὶ</span> <span class='ocrx_word' id='word_1_198' title='bbox 662 1154 712 1189; x_wconf 83' lang='grc' dir='ltr'>τῆς</span> 
     </span>
    </p>
   </div>
   <div class='ocr_carea' id='block_1_26' title="bbox 27 1195 713 1234">
    <p class='ocr_par' dir='ltr' id='par_1_26' title="bbox 27 1195 713 1234">
     <span class='ocr_line' id='line_1_26' title="bbox 27 1195 713 1234; baseline 0.009 -15"><span class='ocrx_word' id='word_1_199' title='bbox 27 1195 105 1226; x_wconf 61' lang='lat' dir='ltr'><strong>uaria;</strong></span> <span class='ocrx_word' id='word_1_200' title='bbox 119 1196 232 1232; x_wconf 78' lang='grc' dir='ltr'>ὲκδοχὴν</span> <span class='ocrx_word' id='word_1_201' title='bbox 242 1205 248 1211; x_wconf 93' lang='grc'><strong>·</strong></span> <span class='ocrx_word' id='word_1_202' title='bbox 263 1198 320 1228; x_wconf 86' lang='grc' dir='ltr'>τοῖς</span> <span class='ocrx_word' id='word_1_203' title='bbox 334 1197 361 1223; x_wconf 83' lang='grc' dir='ltr'>δὲ</span> <span class='ocrx_word' id='word_1_204' title='bbox 383 1197 529 1232; x_wconf 82' lang='grc' dir='ltr'>βαθύτερον</span> <span class='ocrx_word' id='word_1_205' title='bbox 546 1198 655 1225; x_wconf 83' lang='grc' dir='ltr'>ἀκούειν</span> <span class='ocrx_word' id='word_1_206' title='bbox 668 1208 713 1234; x_wconf 86' lang='grc' dir='ltr'>με-</span> 
     </span>
    </p>
   </div>
   <div class='ocr_carea' id='block_1_27' title="bbox 27 1241 711 1281">
    <p class='ocr_par' dir='ltr' id='par_1_27' title="bbox 27 1241 711 1281">
     <span class='ocr_line' id='line_1_27' title="bbox 27 1241 711 1281; baseline 0.012 -16"><span class='ocrx_word' id='word_1_207' title='bbox 27 1241 66 1266; x_wconf 70' lang='grc' dir='ltr'>ιότι</span> <span class='ocrx_word' id='word_1_208' title='bbox 78 1241 141 1268; x_wconf 71' lang='grc' dir='ltr'>κατὰ</span> <span class='ocrx_word' id='word_1_209' title='bbox 157 1242 204 1278; x_wconf 82' lang='grc' dir='ltr'>τὴν</span> <span class='ocrx_word' id='word_1_210' title='bbox 218 1242 357 1279; x_wconf 83' lang='grc' dir='ltr'>θειοτέραν</span> <span class='ocrx_word' id='word_1_211' title='bbox 370 1243 417 1270; x_wconf 78' lang='grc' dir='ltr'><strong>καὶ</strong></span> <span class='ocrx_word' id='word_1_212' title='bbox 432 1244 496 1279; x_wconf 75' lang='grc' dir='ltr'>περὶ</span> <span class='ocrx_word' id='word_1_213' title='bbox 517 1244 564 1271; x_wconf 80' lang='grc' dir='ltr'><strong>τοῦ</strong></span> <span class='ocrx_word' id='word_1_214' title='bbox 578 1246 711 1281; x_wconf 83' lang='grc' dir='ltr'>τροφίμου</span> 
     </span>
    </p>
   </div>
   <div class='ocr_carea' id='block_1_28' title="bbox 27 1284 712 1327">
    <p class='ocr_par' dir='ltr' id='par_1_28' title="bbox 27 1284 712 1327">
     <span class='ocr_line' id='line_1_28' title="bbox 27 1284 712 1327; baseline 0.009 -15"><span class='ocrx_word' id='word_1_215' title='bbox 27 1284 112 1319; x_wconf 49' lang='lat' dir='ltr'><strong>milia;</strong></span> <span class='ocrx_word' id='word_1_216' title='bbox 123 1287 207 1321; x_wconf 82' lang='grc' dir='ltr'>Λόγου</span> <span class='ocrx_word' id='word_1_217' title='bbox 235 1288 416 1322; x_wconf 80' lang='grc' dir='ltr'>ἐπαγγελίαν·</span> <span class='ocrx_word' id='word_1_218' title='bbox 432 1289 470 1322; x_wconf 84' lang='grc' dir='ltr'>ὡς</span> <span class='ocrx_word' id='word_1_219' title='bbox 491 1291 515 1316; x_wconf 87' lang='grc' dir='ltr'>εἰ</span> <span class='ocrx_word' id='word_1_220' title='bbox 538 1291 567 1318; x_wconf 83' lang='grc' dir='ltr'>ὲν</span> <span class='ocrx_word' id='word_1_221' title='bbox 584 1291 712 1327; x_wconf 81' lang='grc' dir='ltr'>παραδεί-</span> 
     </span>
    </p>
   </div>
   <div class='ocr_carea' id='block_1_29' title="bbox 37 1330 712 1373">
    <p class='ocr_par' dir='ltr' id='par_1_29' title="bbox 37 1330 712 1373">
     <span class='ocr_line' id='line_1_29' title="bbox 37 1330 712 1373; baseline 0.009 -15"><span class='ocrx_word' id='word_1_222' title='bbox 37 1330 190 1368; x_wconf 76' lang='grc' dir='ltr'>(13)ἓλεγον,</span> <span class='ocrx_word' id='word_1_223' title='bbox 206 1333 310 1361; x_wconf 78' lang='grc' dir='ltr'>ὃτικαὶ</span> <span class='ocrx_word' id='word_1_224' title='bbox 320 1334 334 1360; x_wconf 80' lang='grc' dir='ltr'>ὁ</span> <span class='ocrx_word' id='word_1_225' title='bbox 348 1334 418 1362; x_wconf 84' lang='grc' dir='ltr'>κατὰ</span> <span class='ocrx_word' id='word_1_226' title='bbox 433 1335 464 1362; x_wconf 88' lang='grc' dir='ltr'><strong>τδ</strong></span> <span class='ocrx_word' id='word_1_227' title='bbox 483 1337 638 1372; x_wconf 79' lang='grc' dir='ltr'>σωματικὸν</span> <span class='ocrx_word' id='word_1_228' title='bbox 653 1346 712 1373; x_wconf 87' lang='grc' dir='ltr'>τρο-</span> 
     </span>
    </p>
   </div>
   <div class='ocr_carea' id='block_1_30' title="bbox 27 1379 711 1417">
    <p class='ocr_par' dir='ltr' id='par_1_30' title="bbox 27 1379 711 1417">
     <span class='ocr_line' id='line_1_30' title="bbox 27 1379 711 1417; baseline 0.013 -16"><span class='ocrx_word' id='word_1_229' title='bbox 27 1384 82 1408; x_wconf 71' lang='lat' dir='ltr'><strong>raro;</strong></span> <span class='ocrx_word' id='word_1_230' title='bbox 93 1379 169 1414; x_wconf 77' lang='grc' dir='ltr'>ἄρτος</span> <span class='ocrx_word' id='word_1_231' title='bbox 181 1380 302 1416; x_wconf 81' lang='grc' dir='ltr'>πυρετὸν</span> <span class='ocrx_word' id='word_1_232' title='bbox 314 1381 364 1416; x_wconf 85' lang='grc' dir='ltr'>μὲν</span> <span class='ocrx_word' id='word_1_233' title='bbox 380 1381 558 1417; x_wconf 84' lang='grc' dir='ltr'>ὑποκείμενον</span> <span class='ocrx_word' id='word_1_234' title='bbox 569 1382 655 1417; x_wconf 76' lang='grc' dir='ltr'>αὔξει,</span> <span class='ocrx_word' id='word_1_235' title='bbox 672 1385 711 1415; x_wconf 87' lang='grc' dir='ltr'><strong>είς</strong></span> 
     </span>
    </p>
   </div>
   <div class='ocr_carea' id='block_1_31' title="bbox 27 1422 711 1464">
    <p class='ocr_par' dir='ltr' id='par_1_31' title="bbox 27 1422 711 1464">
     <span class='ocr_line' id='line_1_31' title="bbox 27 1422 711 1464; baseline 0.012 -16"><span class='ocrx_word' id='word_1_236' title='bbox 27 1422 64 1448; x_wconf 62' lang='grc' dir='ltr'>ιδὲ</span> <span class='ocrx_word' id='word_1_237' title='bbox 74 1424 117 1458; x_wconf 83' lang='grc' dir='ltr'>τὴν</span> <span class='ocrx_word' id='word_1_238' title='bbox 129 1425 300 1461; x_wconf 52' lang='lat' dir='ltr'><strong>ausam/(14)</strong></span> <span class='ocrx_word' id='word_1_239' title='bbox 314 1427 417 1461; x_wconf 84' lang='grc' dir='ltr'>ἀνάγει.</span> <span class='ocrx_word' id='word_1_240' title='bbox 429 1427 475 1454; x_wconf 79' lang='grc' dir='ltr'>Διδ</span> <span class='ocrx_word' id='word_1_241' title='bbox 487 1427 618 1461; x_wconf 83' lang='grc' dir='ltr'><strong>πολλάκις</strong></span> <span class='ocrx_word' id='word_1_242' title='bbox 632 1428 711 1464; x_wconf 84' lang='grc' dir='ltr'>λόγος</span> 
     </span>
    </p>
   </div>
   <div class='ocr_carea' id='block_1_32' title="bbox 27 1467 710 1510">
    <p class='ocr_par' dir='ltr' id='par_1_32' title="bbox 27 1467 710 1510">
     <span class='ocr_line' id='line_1_32' title="bbox 27 1467 710 1510; baseline 0.012 -16"><span class='ocrx_word' id='word_1_243' title='bbox 27 1467 112 1504; x_wconf 73' lang='grc' dir='ltr'>ςψυχῇ</span> <span class='ocrx_word' id='word_1_244' title='bbox 125 1470 252 1507; x_wconf 82' lang='grc' dir='ltr'><strong>νοσούσῃ,</strong></span> <span class='ocrx_word' id='word_1_245' title='bbox 268 1471 297 1498; x_wconf 82' lang='grc' dir='ltr'>οὐ</span> <span class='ocrx_word' id='word_1_246' title='bbox 323 1472 438 1509; x_wconf 81' lang='grc' dir='ltr'>δεομένῃ</span> <span class='ocrx_word' id='word_1_247' title='bbox 460 1474 583 1509; x_wconf 83' lang='grc' dir='ltr'>τοιαύτης</span> <span class='ocrx_word' id='word_1_248' title='bbox 606 1475 710 1510; x_wconf 81' lang='grc' dir='ltr'>τροφῆς</span> 
     </span>
    </p>
   </div>
   <div class='ocr_carea' id='block_1_33' title="bbox 769 231 1557 270">
    <p class='ocr_par' dir='ltr' id='par_1_33' title="bbox 769 231 1557 270">
     <span class='ocr_line' id='line_1_33' title="bbox 769 231 1557 270; baseline 0.008 -11"><span class='ocrx_word' id='word_1_249' title='bbox 769 239 803 260; x_wconf 88' lang='lat' dir='ltr'><strong>ne</strong></span> <span class='ocrx_word' id='word_1_250' title='bbox 816 231 900 260; x_wconf 75' lang='lat' dir='ltr'><strong>ludas</strong></span> <span class='ocrx_word' id='word_1_251' title='bbox 914 234 1099 268; x_wconf 84' lang='lat' dir='ltr'><strong>adjumentum</strong></span> <span class='ocrx_word' id='word_1_252' title='bbox 1115 235 1268 270; x_wconf 90' lang='lat' dir='ltr'><strong>perciperet</strong></span> <span class='ocrx_word' id='word_1_253' title='bbox 1279 243 1313 263; x_wconf 74' lang='lat' dir='ltr'><strong>ex</strong></span> <span class='ocrx_word' id='word_1_254' title='bbox 1328 237 1388 263; x_wconf 86' lang='lat' dir='ltr'><strong>data</strong></span> <span class='ocrx_word' id='word_1_255' title='bbox 1402 244 1416 264; x_wconf 76' lang='grc' dir='ltr'><strong>ο</strong></span> <span class='ocrx_word' id='word_1_256' title='bbox 1432 237 1496 264; x_wconf 82' lang='lat' dir='ltr'><strong>Jesu</strong></span> <span class='ocrx_word' id='word_1_257' title='bbox 1513 237 1557 265; x_wconf 82' lang='lat' dir='ltr'><strong>of-</strong></span> 
     </span>
    </p>
   </div>
   <div class='ocr_carea' id='block_1_34' title="bbox 767 278 1556 318">
    <p class='ocr_par' dir='ltr' id='par_1_34' title="bbox 767 278 1556 318">
     <span class='ocr_line' id='line_1_34' title="bbox 767 278 1556 318; baseline 0.008 -13"><span class='ocrx_word' id='word_1_258' title='bbox 767 278 821 305; x_wconf 79' lang='lat' dir='ltr'><strong>fula</strong></span> <span class='ocrx_word' id='word_1_259' title='bbox 839 279 966 315; x_wconf 80' lang='lat' dir='ltr'><strong>(habebat</strong></span> <span class='ocrx_word' id='word_1_260' title='bbox 991 280 1065 307; x_wconf 89' lang='lat' dir='ltr'><strong>enim</strong></span> <span class='ocrx_word' id='word_1_261' title='bbox 1086 281 1143 308; x_wconf 61' lang='lat' dir='ltr'><strong>hate</strong></span> <span class='ocrx_word' id='word_1_262' title='bbox 1156 281 1266 315; x_wconf 80' lang='lat' dir='ltr'><strong>quidem</strong></span> <span class='ocrx_word' id='word_1_263' title='bbox 1289 282 1343 309; x_wconf 85' lang='lat' dir='ltr'><strong>vim</strong></span> <span class='ocrx_word' id='word_1_264' title='bbox 1364 282 1509 318; x_wconf 70' lang='lat' dir='ltr'><strong>adiuvandi</strong></span> <span class='ocrx_word' id='word_1_265' title='bbox 1523 291 1556 311; x_wconf 88' lang='lat' dir='ltr'><strong>ea</strong></span> 
     </span>
    </p>
   </div>
   <div class='ocr_carea' id='block_1_35' title="bbox 767 326 1558 362">
    <p class='ocr_par' dir='ltr' id='par_1_35' title="bbox 767 326 1558 362">
     <span class='ocr_line' id='line_1_35' title="bbox 767 326 1558 362; baseline 0.006 -10"><span class='ocrx_word' id='word_1_266' title='bbox 767 333 889 359; x_wconf 87' lang='lat' dir='ltr'><strong>usurum,</strong></span> <span class='ocrx_word' id='word_1_267' title='bbox 908 326 953 354; x_wconf 90' lang='lat' dir='ltr'><strong>sed</strong></span> <span class='ocrx_word' id='word_1_268' title='bbox 968 332 1110 361; x_wconf 84' lang='lat' dir='ltr'><strong>acceperat</strong></span> <span class='ocrx_word' id='word_1_269' title='bbox 1126 328 1182 362; x_wconf 90' lang='lat' dir='ltr'><strong>jam</strong></span> <span class='ocrx_word' id='word_1_270' title='bbox 1205 328 1288 356; x_wconf 84' lang='lat' dir='ltr'><strong>semel</strong></span> <span class='ocrx_word' id='word_1_271' title='bbox 1306 329 1331 356; x_wconf 93' lang='lat' dir='ltr'><strong>in</strong></span> <span class='ocrx_word' id='word_1_272' title='bbox 1345 337 1424 356; x_wconf 90' lang='lat' dir='ltr'><strong>suum</strong></span> <span class='ocrx_word' id='word_1_273' title='bbox 1439 337 1486 357; x_wconf 89' lang='lat' dir='ltr'><strong>cor</strong></span> <span class='ocrx_word' id='word_1_274' title='bbox 1509 328 1558 358; x_wconf 79' lang='lat' dir='ltr'><strong>Ju-</strong></span> 
     </span>
    </p>
   </div>
   <div class='ocr_carea' id='block_1_36' title="bbox 766 371 1556 409">
    <p class='ocr_par' dir='ltr' id='par_1_36' title="bbox 766 371 1556 409">
     <span class='ocr_line' id='line_1_36' title="bbox 766 371 1556 409; baseline 0.006 -11"><span class='ocrx_word' id='word_1_275' title='bbox 766 371 816 398; x_wconf 87' lang='lat' dir='ltr'><strong>das</strong></span> <span class='ocrx_word' id='word_1_276' title='bbox 837 376 866 398; x_wconf 91' lang='grc' dir='ltr'><strong>ιιι</strong></span> <span class='ocrx_word' id='word_1_277' title='bbox 887 371 1043 406; x_wconf 71' lang='lat' dir='ltr'><strong>Magistrum</strong></span> <span class='ocrx_word' id='word_1_278' title='bbox 1061 372 1220 409; x_wconf 83' lang='lat' dir='ltr'><strong>proderet),</strong></span> <span class='ocrx_word' id='word_1_279' title='bbox 1240 375 1337 402; x_wconf 84' lang='lat' dir='ltr'><strong>timens</strong></span> <span class='ocrx_word' id='word_1_280' title='bbox 1363 383 1397 403; x_wconf 89' lang='lat' dir='ltr'><strong>ne</strong></span> <span class='ocrx_word' id='word_1_281' title='bbox 1417 375 1501 403; x_wconf 90' lang='lat' dir='ltr'><strong>telum</strong></span> <span class='ocrx_word' id='word_1_282' title='bbox 1528 376 1556 404; x_wconf 91' lang='lat' dir='ltr'><strong>in</strong></span> 
     </span>
    </p>
   </div>
   <div class='ocr_carea' id='block_1_37' title="bbox 765 416 1557 450">
    <p class='ocr_par' dir='ltr' id='par_1_37' title="bbox 765 416 1557 450">
     <span class='ocr_line' id='line_1_37' title="bbox 765 416 1557 450; baseline 0.008 -8"><span class='ocrx_word' id='word_1_283' title='bbox 765 416 861 443; x_wconf 84' lang='lat' dir='ltr'><strong>Judam</strong></span> <span class='ocrx_word' id='word_1_284' title='bbox 874 417 1002 444; x_wconf 85' lang='lat' dir='ltr'><strong>emissum</strong></span> <span class='ocrx_word' id='word_1_285' title='bbox 1020 417 1169 450; x_wconf 79' lang='lat' dir='ltr'><strong>aberraret,</strong></span> <span class='ocrx_word' id='word_1_286' title='bbox 1184 419 1205 445; x_wconf 90' lang='lat' dir='ltr'><strong>si</strong></span> <span class='ocrx_word' id='word_1_287' title='bbox 1222 418 1306 446; x_wconf 75' lang='lat' dir='ltr'><strong>Iudas</strong></span> <span class='ocrx_word' id='word_1_288' title='bbox 1318 427 1382 447; x_wconf 89' lang='lat' dir='ltr'><strong>usus</strong></span> <span class='ocrx_word' id='word_1_289' title='bbox 1392 419 1473 448; x_wconf 77' lang='lat' dir='ltr'><strong>olI‘ula</strong></span> <span class='ocrx_word' id='word_1_290' title='bbox 1488 420 1557 448; x_wconf 80' lang='lat' dir='ltr'><strong>fuis-</strong></span> 
     </span>
    </p>
   </div>
   <div class='ocr_carea' id='block_1_38' title="bbox 765 462 1556 498">
    <p class='ocr_par' dir='ltr' id='par_1_38' title="bbox 765 462 1556 498">
     <span class='ocr_line' id='line_1_38' title="bbox 765 462 1556 498; baseline 0.008 -10"><span class='ocrx_word' id='word_1_291' title='bbox 765 467 817 494; x_wconf 86' lang='lat' dir='ltr'><strong>set,</strong></span> <span class='ocrx_word' id='word_1_292' title='bbox 832 462 994 496; x_wconf 87' lang='lat' dir='ltr'><strong>anticipans,</strong></span> <span class='ocrx_word' id='word_1_293' title='bbox 1012 470 1070 490; x_wconf 72' lang='lat' dir='ltr'><strong>mox</strong></span> <span class='ocrx_word' id='word_1_294' title='bbox 1086 468 1167 498; x_wconf 88' lang='lat' dir='ltr'><strong>atque</strong></span> <span class='ocrx_word' id='word_1_295' title='bbox 1179 463 1263 491; x_wconf 79' lang='lat' dir='ltr'><strong>Judas</strong></span> <span class='ocrx_word' id='word_1_296' title='bbox 1279 465 1362 492; x_wconf 92' lang='lat' dir='ltr'><strong>sumit</strong></span> <span class='ocrx_word' id='word_1_297' title='bbox 1374 465 1496 498; x_wconf 70' lang='lat' dir='ltr'><strong>ollulam,</strong></span> <span class='ocrx_word' id='word_1_298' title='bbox 1511 467 1556 494; x_wconf 84' lang='lat' dir='ltr'><strong>in-</strong></span> 
     </span>
    </p>
   </div>
   <div class='ocr_carea' id='block_1_39' title="bbox 765 508 1555 543">
    <p class='ocr_par' dir='ltr' id='par_1_39' title="bbox 765 508 1555 543">
     <span class='ocr_line' id='line_1_39' title="bbox 765 508 1555 543; baseline 0.008 -10"><span class='ocrx_word' id='word_1_299' title='bbox 765 514 876 541; x_wconf 77' lang='lat' dir='ltr'><strong>gressus</strong></span> <span class='ocrx_word' id='word_1_300' title='bbox 890 508 972 535; x_wconf 91' lang='lat' dir='ltr'><strong>estin</strong></span> <span class='ocrx_word' id='word_1_301' title='bbox 992 508 1078 539; x_wconf 83' lang='lat' dir='ltr'><strong>illum,</strong></span> <span class='ocrx_word' id='word_1_302' title='bbox 1095 513 1152 535; x_wconf 94' lang='lat' dir='ltr'><strong>tum</strong></span> <span class='ocrx_word' id='word_1_303' title='bbox 1173 509 1287 543; x_wconf 85' lang='lat' dir='ltr'><strong>scilicet,</strong></span> <span class='ocrx_word' id='word_1_304' title='bbox 1311 517 1372 537; x_wconf 85' lang='lat' dir='ltr'><strong>cum</strong></span> <span class='ocrx_word' id='word_1_305' title='bbox 1388 511 1502 539; x_wconf 83' lang='lat' dir='ltr'><strong>dixisset</strong></span> <span class='ocrx_word' id='word_1_306' title='bbox 1516 512 1555 540; x_wconf 87' lang='lat' dir='ltr'><strong>illi</strong></span> 
     </span>
    </p>
   </div>
   <div class='ocr_carea' id='block_1_40' title="bbox 766 553 1556 592">
    <p class='ocr_par' dir='ltr' id='par_1_40' title="bbox 766 553 1556 592">
     <span class='ocr_line' id='line_1_40' title="bbox 766 553 1556 592; baseline 0.005 -11"><span class='ocrx_word' id='word_1_307' title='bbox 766 554 896 582; x_wconf 80' lang='lat' dir='ltr'><strong>Servatur</strong></span> <span class='ocrx_word' id='word_1_308' title='bbox 910 563 916 581; x_wconf 92' lang='lat'>:</span> <span class='ocrx_word' id='word_1_309' title='bbox 929 563 938 579; x_wconf 83' lang='grc' dir='ltr'><strong>ι</strong></span> <span class='ocrx_word' id='word_1_310' title='bbox 951 554 1028 588; x_wconf 85' lang='lat' dir='ltr'><strong>Quod</strong></span> <span class='ocrx_word' id='word_1_311' title='bbox 1040 553 1117 586; x_wconf 83' lang='lat' dir='ltr'><strong>facis.</strong></span> <span class='ocrx_word' id='word_1_312' title='bbox 1126 557 1168 582; x_wconf 81' lang='lat' dir='ltr'><strong>fac</strong></span> <span class='ocrx_word' id='word_1_313' title='bbox 1177 555 1262 587; x_wconf 85' lang='lat' dir='ltr'><strong>ocius,</strong></span> <span class='ocrx_word' id='word_1_314' title='bbox 1272 565 1282 581; x_wconf 83' lang='grc' dir='ltr'><strong>ι</strong></span> <span class='ocrx_word' id='word_1_315' title='bbox 1296 556 1499 592; x_wconf 86' lang='lat' dir='ltr'><strong>accepissetque</strong></span> <span class='ocrx_word' id='word_1_316' title='bbox 1511 558 1556 585; x_wconf 76' lang='lat' dir='ltr'><strong>oi”-</strong></span> 
     </span>
    </p>
   </div>
   <div class='ocr_carea' id='block_1_41' title="bbox 764 598 1556 635">
    <p class='ocr_par' dir='ltr' id='par_1_41' title="bbox 764 598 1556 635">
     <span class='ocr_line' id='line_1_41' title="bbox 764 598 1556 635; baseline 0.006 -9"><span class='ocrx_word' id='word_1_317' title='bbox 764 598 848 627; x_wconf 87' lang='lat' dir='ltr'><strong>fulam</strong></span> <span class='ocrx_word' id='word_1_318' title='bbox 866 599 960 633; x_wconf 80' lang='lat' dir='ltr'><strong>Judas,</strong></span> <span class='ocrx_word' id='word_1_319' title='bbox 972 608 1098 635; x_wconf 79' lang='lat' dir='ltr'><strong>egressus</strong></span> <span class='ocrx_word' id='word_1_320' title='bbox 1111 605 1153 628; x_wconf 90' lang='lat' dir='ltr'><strong>est</strong></span> <span class='ocrx_word' id='word_1_321' title='bbox 1170 601 1273 628; x_wconf 87' lang='lat' dir='ltr'><strong>statim.</strong></span> <span class='ocrx_word' id='word_1_322' title='bbox 1291 601 1407 629; x_wconf 79' lang='lat' dir='ltr'><strong>Proinde</strong></span> <span class='ocrx_word' id='word_1_323' title='bbox 1423 603 1495 631; x_wconf 90' lang='lat' dir='ltr'><strong>haud</strong></span> <span class='ocrx_word' id='word_1_324' title='bbox 1507 604 1556 631; x_wconf 86' lang='lat' dir='ltr'><strong>ab-</strong></span> 
     </span>
    </p>
   </div>
   <div class='ocr_carea' id='block_1_42' title="bbox 764 645 1557 682">
    <p class='ocr_par' dir='ltr' id='par_1_42' title="bbox 764 645 1557 682">
     <span class='ocr_line' id='line_1_42' title="bbox 764 645 1557 682; baseline 0.004 -10"><span class='ocrx_word' id='word_1_325' title='bbox 764 645 876 673; x_wconf 88' lang='lat' dir='ltr'><strong>surdum</strong></span> <span class='ocrx_word' id='word_1_326' title='bbox 897 645 923 672; x_wconf 92' lang='lat' dir='ltr'><strong>in</strong></span> <span class='ocrx_word' id='word_1_327' title='bbox 938 646 1063 679; x_wconf 70' lang='lat' dir='ltr'><strong>prmseuti</strong></span> <span class='ocrx_word' id='word_1_328' title='bbox 1079 646 1138 674; x_wconf 90' lang='lat' dir='ltr'><strong>loco</strong></span> <span class='ocrx_word' id='word_1_329' title='bbox 1156 647 1303 678; x_wconf 81' lang='lat' dir='ltr'><strong>diceretur,</strong></span> <span class='ocrx_word' id='word_1_330' title='bbox 1318 649 1389 682; x_wconf 90' lang='lat' dir='ltr'><strong>quod</strong></span> <span class='ocrx_word' id='word_1_331' title='bbox 1403 652 1431 675; x_wconf 84' lang='lat' dir='ltr'><strong>ut</strong></span> <span class='ocrx_word' id='word_1_332' title='bbox 1455 649 1500 682; x_wconf 89' lang='lat' dir='ltr'><strong>qui</strong></span> <span class='ocrx_word' id='word_1_333' title='bbox 1514 649 1557 676; x_wconf 88' lang='lat' dir='ltr'><strong>in-</strong></span> 
     </span>
    </p>
   </div>
   <div class='ocr_carea' id='block_1_43' title="bbox 764 691 1555 728">
    <p class='ocr_par' dir='ltr' id='par_1_43' title="bbox 764 691 1555 728">
     <span class='ocr_line' id='line_1_43' title="bbox 764 691 1555 728; baseline 0.003 -10"><span class='ocrx_word' id='word_1_334' title='bbox 764 691 844 727; x_wconf 76' lang='lat' dir='ltr'><strong>digne</strong></span> <span class='ocrx_word' id='word_1_335' title='bbox 857 699 951 726; x_wconf 86' lang='lat' dir='ltr'><strong>panem</strong></span> <span class='ocrx_word' id='word_1_336' title='bbox 963 691 1069 720; x_wconf 90' lang='lat' dir='ltr'><strong>Domini</strong></span> <span class='ocrx_word' id='word_1_337' title='bbox 1083 692 1211 725; x_wconf 86' lang='lat' dir='ltr'><strong>comedit,</strong></span> <span class='ocrx_word' id='word_1_338' title='bbox 1221 693 1263 719; x_wconf 97' lang='lat' dir='ltr'><strong>vel</strong></span> <span class='ocrx_word' id='word_1_339' title='bbox 1274 693 1388 721; x_wconf 84' lang='lat' dir='ltr'><strong>calicem</strong></span> <span class='ocrx_word' id='word_1_340' title='bbox 1403 694 1461 728; x_wconf 78' lang='lat' dir='ltr'><strong>ejus</strong></span> <span class='ocrx_word' id='word_1_341' title='bbox 1475 694 1555 726; x_wconf 87' lang='lat' dir='ltr'><strong>bibit,</strong></span> 
     </span>
    </p>
   </div>
   <div class='ocr_carea' id='block_1_44' title="bbox 764 737 1557 773">
    <p class='ocr_par' dir='ltr' id='par_1_44' title="bbox 764 737 1557 773">
     <span class='ocr_line' id='line_1_44' title="bbox 764 737 1557 773; baseline 0.001 -8"><span class='ocrx_word' id='word_1_342' title='bbox 764 737 790 765; x_wconf 91' lang='lat' dir='ltr'><strong>in</strong></span> <span class='ocrx_word' id='word_1_343' title='bbox 803 737 935 772; x_wconf 87' lang='lat' dir='ltr'><strong>judicium</strong></span> <span class='ocrx_word' id='word_1_344' title='bbox 955 737 1099 765; x_wconf 89' lang='lat' dir='ltr'><strong>manducat</strong></span> <span class='ocrx_word' id='word_1_345' title='bbox 1112 742 1139 764; x_wconf 89' lang='lat' dir='ltr'><strong>et</strong></span> <span class='ocrx_word' id='word_1_346' title='bbox 1153 738 1252 765; x_wconf 77' lang='lat' dir='ltr'><strong>bibit&quot;</strong></span> <span class='ocrx_word' id='word_1_347' title='bbox 1272 747 1279 772; x_wconf 90' lang='lat'><strong>;</strong></span> <span class='ocrx_word' id='word_1_348' title='bbox 1297 738 1322 765; x_wconf 93' lang='lat' dir='ltr'><strong>in</strong></span> <span class='ocrx_word' id='word_1_349' title='bbox 1339 746 1409 773; x_wconf 89' lang='lat' dir='ltr'><strong>pane</strong></span> <span class='ocrx_word' id='word_1_350' title='bbox 1421 743 1449 766; x_wconf 89' lang='lat' dir='ltr'><strong>et</strong></span> <span class='ocrx_word' id='word_1_351' title='bbox 1469 739 1557 767; x_wconf 82' lang='lat' dir='ltr'><strong>calice</strong></span> 
     </span>
    </p>
   </div>
   <div class='ocr_carea' id='block_1_45' title="bbox 763 783 1557 818">
    <p class='ocr_par' dir='ltr' id='par_1_45' title="bbox 763 783 1557 818">
     <span class='ocr_line' id='line_1_45' title="bbox 763 783 1557 818; baseline 0.003 -8"><span class='ocrx_word' id='word_1_352' title='bbox 763 791 817 810; x_wconf 86' lang='lat' dir='ltr'><strong>una</strong></span> <span class='ocrx_word' id='word_1_353' title='bbox 840 785 940 810; x_wconf 90' lang='lat' dir='ltr'><strong>virtute</strong></span> <span class='ocrx_word' id='word_1_354' title='bbox 957 783 1139 817; x_wconf 67' lang='lat' dir='ltr'><strong>prrestantiori</strong></span> <span class='ocrx_word' id='word_1_355' title='bbox 1163 788 1292 818; x_wconf 88' lang='lat' dir='ltr'><strong>operante</strong></span> <span class='ocrx_word' id='word_1_356' title='bbox 1307 784 1409 812; x_wconf 90' lang='lat' dir='ltr'><strong>bonum</strong></span> <span class='ocrx_word' id='word_1_357' title='bbox 1432 784 1458 812; x_wconf 86' lang='lat' dir='ltr'><strong>in</strong></span> <span class='ocrx_word' id='word_1_358' title='bbox 1485 785 1557 812; x_wconf 85' lang='lat' dir='ltr'><strong>bono</strong></span> 
     </span>
    </p>
   </div>
   <div class='ocr_carea' id='block_1_46' title="bbox 764 827 1556 865">
    <p class='ocr_par' dir='ltr' id='par_1_46' title="bbox 764 827 1556 865">
     <span class='ocr_line' id='line_1_46' title="bbox 764 827 1556 865; baseline 0.004 -10"><span class='ocrx_word' id='word_1_359' title='bbox 764 828 861 858; x_wconf 81' lang='lat' dir='ltr'><strong>affectu</strong></span> <span class='ocrx_word' id='word_1_360' title='bbox 877 830 1037 861; x_wconf 86' lang='lat' dir='ltr'><strong>constituto,</strong></span> <span class='ocrx_word' id='word_1_361' title='bbox 1058 829 1084 855; x_wconf 93' lang='lat' dir='ltr'><strong>in</strong></span> <span class='ocrx_word' id='word_1_362' title='bbox 1112 827 1210 856; x_wconf 76' lang='lat' dir='ltr'><strong>aﬂeetu</strong></span> <span class='ocrx_word' id='word_1_363' title='bbox 1238 837 1304 857; x_wconf 90' lang='lat' dir='ltr'><strong>vero</strong></span> <span class='ocrx_word' id='word_1_364' title='bbox 1329 830 1401 858; x_wconf 89' lang='lat' dir='ltr'><strong>malo</strong></span> <span class='ocrx_word' id='word_1_365' title='bbox 1425 835 1556 865; x_wconf 86' lang='lat' dir='ltr'><strong>operante</strong></span> 
     </span>
    </p>
   </div>
   <div class='ocr_carea' id='block_1_47' title="bbox 763 874 1555 910">
    <p class='ocr_par' dir='ltr' id='par_1_47' title="bbox 763 874 1555 910">
     <span class='ocr_line' id='line_1_47' title="bbox 763 874 1555 910; baseline 0.003 -8"><span class='ocrx_word' id='word_1_366' title='bbox 763 874 1015 902; x_wconf 71' lang='lat' dir='ltr'><strong>condemnationem</strong></span> <span class='ocrx_word' id='word_1_367' title='bbox 1028 883 1036 907; x_wconf 86' lang='lat'><strong>;</strong></span> <span class='ocrx_word' id='word_1_368' title='bbox 1050 875 1089 902; x_wconf 90' lang='lat' dir='ltr'><strong>sic</strong></span> <span class='ocrx_word' id='word_1_369' title='bbox 1100 874 1209 902; x_wconf 84' lang='lat' dir='ltr'><strong>oll‘ulam</strong></span> <span class='ocrx_word' id='word_1_370' title='bbox 1220 883 1235 901; x_wconf 88' lang='lat' dir='ltr'><strong>a</strong></span> <span class='ocrx_word' id='word_1_371' title='bbox 1248 874 1311 903; x_wconf 81' lang='lat' dir='ltr'><strong>Jesu</strong></span> <span class='ocrx_word' id='word_1_372' title='bbox 1327 875 1417 902; x_wconf 87' lang='lat' dir='ltr'><strong>datam</strong></span> <span class='ocrx_word' id='word_1_373' title='bbox 1434 875 1555 910; x_wconf 77' lang='lat' dir='ltr'><strong>ejusdem</strong></span> 
     </span>
    </p>
   </div>
   <div class='ocr_carea' id='block_1_48' title="bbox 762 919 1555 956">
    <p class='ocr_par' dir='ltr' id='par_1_48' title="bbox 762 919 1555 956">
     <span class='ocr_line' id='line_1_48' title="bbox 762 919 1555 956; baseline 0.001 -9"><span class='ocrx_word' id='word_1_374' title='bbox 762 919 870 954; x_wconf 75' lang='lat' dir='ltr'><strong>generis</strong></span> <span class='ocrx_word' id='word_1_375' title='bbox 880 919 963 948; x_wconf 79' lang='lat' dir='ltr'><strong>fuisse</strong></span> <span class='ocrx_word' id='word_1_376' title='bbox 973 928 1034 947; x_wconf 90' lang='lat' dir='ltr'><strong>cum</strong></span> <span class='ocrx_word' id='word_1_377' title='bbox 1048 927 1080 947; x_wconf 86' lang='lat' dir='ltr'><strong>ea</strong></span> <span class='ocrx_word' id='word_1_378' title='bbox 1094 928 1174 955; x_wconf 91' lang='lat' dir='ltr'><strong>quam</strong></span> <span class='ocrx_word' id='word_1_379' title='bbox 1190 919 1269 948; x_wconf 83' lang='lat' dir='ltr'><strong>Jesus</strong></span> <span class='ocrx_word' id='word_1_380' title='bbox 1280 920 1354 948; x_wconf 88' lang='lat' dir='ltr'><strong>dedit</strong></span> <span class='ocrx_word' id='word_1_381' title='bbox 1369 922 1475 948; x_wconf 65' lang='lat' dir='ltr'><strong>ett-teris</strong></span> <span class='ocrx_word' id='word_1_382' title='bbox 1489 929 1555 956; x_wconf 91' lang='lat' dir='ltr'><strong>apo-</strong></span> 
     </span>
    </p>
   </div>
   <div class='ocr_carea' id='block_1_49' title="bbox 762 965 1553 1001">
    <p class='ocr_par' dir='ltr' id='par_1_49' title="bbox 762 965 1553 1001">
     <span class='ocr_line' id='line_1_49' title="bbox 762 965 1553 1001; baseline 0.004 -9"><span class='ocrx_word' id='word_1_383' title='bbox 762 965 851 998; x_wconf 85' lang='lat' dir='ltr'><strong>stolis,</strong></span> <span class='ocrx_word' id='word_1_384' title='bbox 865 966 927 993; x_wconf 91' lang='lat' dir='ltr'><strong>dum</strong></span> <span class='ocrx_word' id='word_1_385' title='bbox 947 966 1049 993; x_wconf 85' lang='lat' dir='ltr'><strong>diceret</strong></span> <span class='ocrx_word' id='word_1_386' title='bbox 1069 974 1075 992; x_wconf 94' lang='lat'>:</span> <span class='ocrx_word' id='word_1_387' title='bbox 1092 975 1102 991; x_wconf 86' lang='grc'><strong><em>‹</em></strong></span> <span class='ocrx_word' id='word_1_388' title='bbox 1121 965 1254 1001; x_wconf 81' lang='lat' dir='ltr'><strong>Accipite,</strong></span> <span class='ocrx_word' id='word_1_389' title='bbox 1270 967 1433 994; x_wconf 78' lang='lat' dir='ltr'><strong>comedite&quot;</strong></span> <span class='ocrx_word' id='word_1_390' title='bbox 1449 975 1456 999; x_wconf 85' lang='lat'><strong>;</strong></span> <span class='ocrx_word' id='word_1_391' title='bbox 1473 976 1483 994; x_wconf 75' lang='grc' dir='ltr'><strong>ι</strong></span> <span class='ocrx_word' id='word_1_392' title='bbox 1505 968 1553 996; x_wconf 88' lang='lat' dir='ltr'><strong>sed</strong></span> 
     </span>
    </p>
   </div>
   <div class='ocr_carea' id='block_1_50' title="bbox 763 1011 1553 1047">
    <p class='ocr_par' dir='ltr' id='par_1_50' title="bbox 763 1011 1553 1047">
     <span class='ocr_line' id='line_1_50' title="bbox 763 1011 1553 1047; baseline 0.001 -8"><span class='ocrx_word' id='word_1_393' title='bbox 763 1012 817 1040; x_wconf 83' lang='lat' dir='ltr'><strong>illis</strong></span> <span class='ocrx_word' id='word_1_394' title='bbox 836 1012 946 1047; x_wconf 88' lang='lat' dir='ltr'><strong>quidem</strong></span> <span class='ocrx_word' id='word_1_395' title='bbox 961 1012 995 1039; x_wconf 86' lang='lat' dir='ltr'><strong>ad</strong></span> <span class='ocrx_word' id='word_1_396' title='bbox 1019 1011 1147 1043; x_wconf 78' lang='lat' dir='ltr'><strong>salutem,</strong></span> <span class='ocrx_word' id='word_1_397' title='bbox 1158 1011 1236 1039; x_wconf 77' lang='lat' dir='ltr'><strong>Juda:</strong></span> <span class='ocrx_word' id='word_1_398' title='bbox 1250 1020 1315 1039; x_wconf 89' lang='lat' dir='ltr'><strong>vero</strong></span> <span class='ocrx_word' id='word_1_399' title='bbox 1333 1014 1367 1039; x_wconf 90' lang='lat' dir='ltr'><strong>ad</strong></span> <span class='ocrx_word' id='word_1_400' title='bbox 1383 1013 1553 1040; x_wconf 88' lang='lat' dir='ltr'><strong>condemna-</strong></span> 
     </span>
    </p>
   </div>
   <div class='ocr_carea' id='block_1_51' title="bbox 763 1057 1553 1093">
    <p class='ocr_par' dir='ltr' id='par_1_51' title="bbox 763 1057 1553 1093">
     <span class='ocr_line' id='line_1_51' title="bbox 763 1057 1553 1093; baseline 0.003 -8"><span class='ocrx_word' id='word_1_401' title='bbox 763 1059 878 1090; x_wconf 78' lang='lat' dir='ltr'><strong>tionem;</strong></span> <span class='ocrx_word' id='word_1_402' title='bbox 895 1059 930 1085; x_wconf 87' lang='lat' dir='ltr'><strong>ita</strong></span> <span class='ocrx_word' id='word_1_403' title='bbox 954 1062 983 1085; x_wconf 89' lang='lat' dir='ltr'><strong>ut</strong></span> <span class='ocrx_word' id='word_1_404' title='bbox 1007 1063 1066 1093; x_wconf 88' lang='lat' dir='ltr'><strong>post</strong></span> <span class='ocrx_word' id='word_1_405' title='bbox 1092 1057 1202 1085; x_wconf 73' lang='lat' dir='ltr'><strong>ollulam</strong></span> <span class='ocrx_word' id='word_1_406' title='bbox 1219 1058 1409 1093; x_wconf 80' lang='lat' dir='ltr'><strong>ingrederetur</strong></span> <span class='ocrx_word' id='word_1_407' title='bbox 1431 1059 1457 1087; x_wconf 92' lang='lat' dir='ltr'><strong>in</strong></span> <span class='ocrx_word' id='word_1_408' title='bbox 1476 1060 1553 1088; x_wconf 89' lang='lat' dir='ltr'><strong>illum</strong></span> 
     </span>
    </p>
   </div>
   <div class='ocr_carea' id='block_1_52' title="bbox 763 1103 1554 1141">
    <p class='ocr_par' dir='ltr' id='par_1_52' title="bbox 763 1103 1554 1141">
     <span class='ocr_line' id='line_1_52' title="bbox 763 1103 1554 1141; baseline 0.003 -10"><span class='ocrx_word' id='word_1_409' title='bbox 763 1103 887 1136; x_wconf 84' lang='lat' dir='ltr'><strong>Satanas.</strong></span> <span class='ocrx_word' id='word_1_410' title='bbox 901 1104 1034 1131; x_wconf 80' lang='lat' dir='ltr'><strong>Caeterum</strong></span> <span class='ocrx_word' id='word_1_411' title='bbox 1052 1103 1240 1132; x_wconf 87' lang='lat' dir='ltr'><strong>consideretur</strong></span> <span class='ocrx_word' id='word_1_412' title='bbox 1254 1103 1297 1131; x_wconf 91' lang='lat' dir='ltr'><strong>hic</strong></span> <span class='ocrx_word' id='word_1_413' title='bbox 1311 1104 1389 1138; x_wconf 89' lang='lat' dir='ltr'><strong>panis</strong></span> <span class='ocrx_word' id='word_1_414' title='bbox 1398 1109 1426 1132; x_wconf 94' lang='lat' dir='ltr'><strong>et</strong></span> <span class='ocrx_word' id='word_1_415' title='bbox 1441 1105 1492 1133; x_wconf 88' lang='lat' dir='ltr'><strong>hoc</strong></span> <span class='ocrx_word' id='word_1_416' title='bbox 1505 1113 1554 1141; x_wconf 88' lang='lat' dir='ltr'><strong>po-</strong></span> 
     </span>
    </p>
   </div>
   <div class='ocr_carea' id='block_1_53' title="bbox 762 1149 1555 1184">
    <p class='ocr_par' dir='ltr' id='par_1_53' title="bbox 762 1149 1555 1184">
     <span class='ocr_line' id='line_1_53' title="bbox 762 1149 1555 1184; baseline 0.003 -7"><span class='ocrx_word' id='word_1_417' title='bbox 762 1150 851 1177; x_wconf 91' lang='lat' dir='ltr'><strong>culum</strong></span> <span class='ocrx_word' id='word_1_418' title='bbox 862 1157 877 1177; x_wconf 85' lang='lat' dir='ltr'><strong>a</strong></span> <span class='ocrx_word' id='word_1_419' title='bbox 891 1149 1104 1184; x_wconf 86' lang='lat' dir='ltr'><strong>simplicioribus</strong></span> <span class='ocrx_word' id='word_1_420' title='bbox 1129 1150 1204 1184; x_wconf 80' lang='lat' dir='ltr'><strong>iuxta</strong></span> <span class='ocrx_word' id='word_1_421' title='bbox 1218 1149 1431 1178; x_wconf 86' lang='lat' dir='ltr'><strong>communiorem</strong></span> <span class='ocrx_word' id='word_1_422' title='bbox 1455 1151 1555 1179; x_wconf 89' lang='lat' dir='ltr'><strong>intelli-</strong></span> 
     </span>
    </p>
   </div>
   <div class='ocr_carea' id='block_1_54' title="bbox 762 1195 1552 1230">
    <p class='ocr_par' dir='ltr' id='par_1_54' title="bbox 762 1195 1552 1230">
     <span class='ocr_line' id='line_1_54' title="bbox 762 1195 1552 1230; baseline 0.004 -8"><span class='ocrx_word' id='word_1_423' title='bbox 762 1195 877 1230; x_wconf 78' lang='lat' dir='ltr'><strong>gentiam</strong></span> <span class='ocrx_word' id='word_1_424' title='bbox 887 1195 918 1223; x_wconf 91' lang='lat' dir='ltr'><strong>de</strong></span> <span class='ocrx_word' id='word_1_425' title='bbox 929 1195 1111 1228; x_wconf 86' lang='lat' dir='ltr'><strong>Eucharistia,</strong></span> <span class='ocrx_word' id='word_1_426' title='bbox 1128 1195 1154 1223; x_wconf 90' lang='lat' dir='ltr'><strong>id</strong></span> <span class='ocrx_word' id='word_1_427' title='bbox 1166 1200 1207 1223; x_wconf 88' lang='lat' dir='ltr'><strong>est</strong></span> <span class='ocrx_word' id='word_1_428' title='bbox 1220 1196 1251 1223; x_wconf 91' lang='lat' dir='ltr'><strong>de</strong></span> <span class='ocrx_word' id='word_1_429' title='bbox 1266 1196 1413 1230; x_wconf 77' lang='lat' dir='ltr'><strong>gratiarum</strong></span> <span class='ocrx_word' id='word_1_430' title='bbox 1426 1197 1532 1225; x_wconf 86' lang='lat' dir='ltr'><strong>actione</strong></span> <span class='ocrx_word' id='word_1_431' title='bbox 1544 1206 1552 1230; x_wconf 87' lang='lat'><strong>;</strong></span> 
     </span>
    </p>
   </div>
   <div class='ocr_carea' id='block_1_55' title="bbox 762 1241 1554 1276">
    <p class='ocr_par' dir='ltr' id='par_1_55' title="bbox 762 1241 1554 1276">
     <span class='ocr_line' id='line_1_55' title="bbox 762 1241 1554 1276; baseline 0.004 -8"><span class='ocrx_word' id='word_1_432' title='bbox 762 1247 791 1268; x_wconf 90' lang='lat' dir='ltr'><strong>at</strong></span> <span class='ocrx_word' id='word_1_433' title='bbox 806 1242 851 1276; x_wconf 85' lang='lat' dir='ltr'><strong>qui</strong></span> <span class='ocrx_word' id='word_1_434' title='bbox 868 1242 948 1269; x_wconf 85' lang='lat' dir='ltr'><strong>altius</strong></span> <span class='ocrx_word' id='word_1_435' title='bbox 966 1242 1024 1269; x_wconf 56' lang='lat' dir='ltr'><strong>haec</strong></span> <span class='ocrx_word' id='word_1_436' title='bbox 1040 1241 1192 1276; x_wconf 74' lang='lat' dir='ltr'><strong>intelligere</strong></span> <span class='ocrx_word' id='word_1_437' title='bbox 1206 1242 1361 1275; x_wconf 83' lang='lat' dir='ltr'><strong>didicerint,</strong></span> <span class='ocrx_word' id='word_1_438' title='bbox 1378 1243 1554 1272; x_wconf 81' lang='lat' dir='ltr'><strong>considerent</strong></span> 
     </span>
    </p>
   </div>
   <div class='ocr_carea' id='block_1_56' title="bbox 763 1287 1552 1324">
    <p class='ocr_par' dir='ltr' id='par_1_56' title="bbox 763 1287 1552 1324">
     <span class='ocr_line' id='line_1_56' title="bbox 763 1287 1552 1324; baseline 0.004 -10"><span class='ocrx_word' id='word_1_439' title='bbox 763 1287 816 1315; x_wconf 87' lang='lat' dir='ltr'><strong>hoc</strong></span> <span class='ocrx_word' id='word_1_440' title='bbox 829 1288 930 1316; x_wconf 90' lang='lat' dir='ltr'><strong>dictum</strong></span> <span class='ocrx_word' id='word_1_441' title='bbox 948 1287 1034 1315; x_wconf 79' lang='lat' dir='ltr'><strong>fuisse</strong></span> <span class='ocrx_word' id='word_1_442' title='bbox 1056 1288 1134 1323; x_wconf 81' lang='lat' dir='ltr'><strong>juxta</strong></span> <span class='ocrx_word' id='word_1_443' title='bbox 1158 1288 1317 1316; x_wconf 90' lang='lat' dir='ltr'><strong>diviniorem</strong></span> <span class='ocrx_word' id='word_1_444' title='bbox 1342 1289 1552 1324; x_wconf 87' lang='lat' dir='ltr'><strong>promissionem</strong></span> 
     </span>
    </p>
   </div>
   <div class='ocr_carea' id='block_1_57' title="bbox 762 1334 1553 1370">
    <p class='ocr_par' dir='ltr' id='par_1_57' title="bbox 762 1334 1553 1370">
     <span class='ocr_line' id='line_1_57' title="bbox 762 1334 1553 1370; baseline 0.003 -9"><span class='ocrx_word' id='word_1_445' title='bbox 762 1335 844 1362; x_wconf 88' lang='lat' dir='ltr'><strong>etiam</strong></span> <span class='ocrx_word' id='word_1_446' title='bbox 862 1334 894 1360; x_wconf 91' lang='lat' dir='ltr'><strong>de</strong></span> <span class='ocrx_word' id='word_1_447' title='bbox 907 1334 996 1370; x_wconf 79' lang='grc' dir='ltr'>Λόγῳ,</span> <span class='ocrx_word' id='word_1_448' title='bbox 1012 1339 1040 1361; x_wconf 92' lang='lat' dir='ltr'><strong>et</strong></span> <span class='ocrx_word' id='word_1_449' title='bbox 1064 1334 1154 1362; x_wconf 76' lang='lat' dir='ltr'><strong>Verbo</strong></span> <span class='ocrx_word' id='word_1_450' title='bbox 1170 1334 1293 1362; x_wconf 83' lang='lat' dir='ltr'><strong>veritatis</strong></span> <span class='ocrx_word' id='word_1_451' title='bbox 1307 1334 1464 1362; x_wconf 87' lang='lat' dir='ltr'><strong>alimentum</strong></span> <span class='ocrx_word' id='word_1_452' title='bbox 1484 1335 1553 1363; x_wconf 89' lang='lat' dir='ltr'><strong>ube-</strong></span> 
     </span>
    </p>
   </div>
   <div class='ocr_carea' id='block_1_58' title="bbox 762 1380 1552 1416">
    <p class='ocr_par' dir='ltr' id='par_1_58' title="bbox 762 1380 1552 1416">
     <span class='ocr_line' id='line_1_58' title="bbox 762 1380 1552 1416; baseline 0 -8"><span class='ocrx_word' id='word_1_453' title='bbox 762 1380 818 1408; x_wconf 87' lang='lat' dir='ltr'><strong>rius</strong></span> <span class='ocrx_word' id='word_1_454' title='bbox 826 1385 972 1415; x_wconf 67' lang='lat' dir='ltr'><strong>praastanle</strong></span> <span class='ocrx_word' id='word_1_455' title='bbox 982 1389 989 1413; x_wconf 89' lang='lat'><strong>;</strong></span> <span class='ocrx_word' id='word_1_456' title='bbox 1001 1385 1127 1415; x_wconf 84' lang='lat' dir='ltr'><strong>tanquam</strong></span> <span class='ocrx_word' id='word_1_457' title='bbox 1143 1381 1164 1408; x_wconf 90' lang='lat' dir='ltr'><strong>si</strong></span> <span class='ocrx_word' id='word_1_458' title='bbox 1178 1381 1303 1415; x_wconf 86' lang='lat' dir='ltr'><strong>exemplo</strong></span> <span class='ocrx_word' id='word_1_459' title='bbox 1311 1381 1429 1408; x_wconf 86' lang='lat' dir='ltr'><strong>dicerem</strong></span> <span class='ocrx_word' id='word_1_460' title='bbox 1443 1388 1552 1416; x_wconf 90' lang='lat' dir='ltr'><strong>panem,</strong></span> 
     </span>
    </p>
   </div>
   <div class='ocr_carea' id='block_1_59' title="bbox 762 1426 1553 1462">
    <p class='ocr_par' dir='ltr' id='par_1_59' title="bbox 762 1426 1553 1462">
     <span class='ocr_line' id='line_1_59' title="bbox 762 1426 1553 1462; baseline 0 -8"><span class='ocrx_word' id='word_1_461' title='bbox 762 1427 833 1462; x_wconf 88' lang='lat' dir='ltr'><strong>quod</strong></span> <span class='ocrx_word' id='word_1_462' title='bbox 849 1428 882 1454; x_wconf 89' lang='lat' dir='ltr'><strong>ad</strong></span> <span class='ocrx_word' id='word_1_463' title='bbox 898 1434 996 1461; x_wconf 84' lang='lat' dir='ltr'><strong>corpus</strong></span> <span class='ocrx_word' id='word_1_464' title='bbox 1012 1427 1118 1457; x_wconf 78' lang='lat' dir='ltr'><strong>attinet,</strong></span> <span class='ocrx_word' id='word_1_465' title='bbox 1128 1426 1284 1454; x_wconf 88' lang='lat' dir='ltr'><strong>alimentum</strong></span> <span class='ocrx_word' id='word_1_466' title='bbox 1301 1427 1467 1454; x_wconf 84' lang='lat' dir='ltr'><strong>uberrimum</strong></span> <span class='ocrx_word' id='word_1_467' title='bbox 1482 1434 1553 1462; x_wconf 65' lang='lat' dir='ltr'><strong>prae-</strong></span> 
     </span>
    </p>
   </div>
   <div class='ocr_carea' id='block_1_60' title="bbox 761 1473 1554 1508">
    <p class='ocr_par' dir='ltr' id='par_1_60' title="bbox 761 1473 1554 1508">
     <span class='ocr_line' id='line_1_60' title="bbox 761 1473 1554 1508; baseline -0.001 -7"><span class='ocrx_word' id='word_1_468' title='bbox 761 1479 889 1507; x_wconf 84' lang='lat' dir='ltr'><strong>stantem,</strong></span> <span class='ocrx_word' id='word_1_469' title='bbox 909 1473 1005 1501; x_wconf 84' lang='lat' dir='ltr'><strong>febrim</strong></span> <span class='ocrx_word' id='word_1_470' title='bbox 1024 1473 1173 1507; x_wconf 82' lang='lat' dir='ltr'><strong>subjectam</strong></span> <span class='ocrx_word' id='word_1_471' title='bbox 1192 1479 1300 1508; x_wconf 81' lang='lat' dir='ltr'><strong>angere,</strong></span> <span class='ocrx_word' id='word_1_472' title='bbox 1317 1480 1378 1500; x_wconf 90' lang='lat' dir='ltr'><strong>cum</strong></span> <span class='ocrx_word' id='word_1_473' title='bbox 1391 1477 1484 1500; x_wconf 85' lang='lat' dir='ltr'><strong>contra</strong></span> <span class='ocrx_word' id='word_1_474' title='bbox 1502 1473 1554 1500; x_wconf 88' lang='lat' dir='ltr'><strong>bo-</strong></span> 
     </span>
    </p>
   </div>
   <div class='ocr_carea' id='block_1_61' title="bbox 28 1515 720 1559">
    <p class='ocr_par' dir='ltr' id='par_1_61' title="bbox 28 1515 709 1557">
     <span class='ocr_line' id='line_1_61' title="bbox 28 1515 709 1557; baseline 0.013 -18"><span class='ocrx_word' id='word_1_475' title='bbox 28 1520 74 1545; x_wconf 78' lang='grc' dir='ltr'>νος,</span> <span class='ocrx_word' id='word_1_476' title='bbox 88 1515 217 1552; x_wconf 84' lang='grc' dir='ltr'>ἐπιτρίϐει</span> <span class='ocrx_word' id='word_1_477' title='bbox 235 1518 320 1553; x_wconf 85' lang='grc' dir='ltr'>αὐτὴν</span> <span class='ocrx_word' id='word_1_478' title='bbox 332 1538 339 1550; x_wconf 85' lang='grc'><strong>,</strong></span> <span class='ocrx_word' id='word_1_479' title='bbox 360 1518 406 1545; x_wconf 76' lang='grc' dir='ltr'>καὶ</span> <span class='ocrx_word' id='word_1_480' title='bbox 420 1519 558 1554; x_wconf 81' lang='grc' dir='ltr'>πρόφασις</span> <span class='ocrx_word' id='word_1_481' title='bbox 571 1520 627 1556; x_wconf 77' lang='lat' dir='ltr'><strong>(l5)</strong></span> <span class='ocrx_word' id='word_1_482' title='bbox 641 1521 709 1557; x_wconf 82' lang='grc' dir='ltr'>αὐτῇ</span> 
     </span>
    </p>
   </div>
   <div class='ocr_carea' id='block_1_62' title="bbox 795 1515 1552 1559">
    <p class='ocr_par' dir='ltr' id='par_1_62' title="bbox 795 1518 1552 1554">
     <span class='ocr_line' id='line_1_62' title="bbox 795 1518 1552 1554; baseline -0.001 -7"><span class='ocrx_word' id='word_1_483' title='bbox 795 1528 825 1547; x_wconf 74' lang='grc' dir='ltr'>ιιη</span> <span class='ocrx_word' id='word_1_484' title='bbox 852 1519 976 1554; x_wconf 85' lang='lat' dir='ltr'><strong>corporis</strong></span> <span class='ocrx_word' id='word_1_485' title='bbox 1003 1519 1188 1546; x_wconf 81' lang='lat' dir='ltr'><strong>habitudinem</strong></span> <span class='ocrx_word' id='word_1_486' title='bbox 1204 1519 1236 1545; x_wconf 88' lang='lat' dir='ltr'><strong>ad</strong></span> <span class='ocrx_word' id='word_1_487' title='bbox 1261 1518 1403 1546; x_wconf 85' lang='lat' dir='ltr'><strong>sanitatem</strong></span> <span class='ocrx_word' id='word_1_488' title='bbox 1429 1520 1552 1546; x_wconf 84' lang='lat' dir='ltr'><strong>reducat.</strong></span> 
     </span>
    </p>
   </div>
   <div class='ocr_carea' id='block_1_63' title="bbox 27 1560 712 1600">
    <p class='ocr_par' dir='ltr' id='par_1_63' title="bbox 27 1560 712 1600">
     <span class='ocr_line' id='line_1_63' title="bbox 27 1560 712 1600; baseline 0.009 -14"><span class='ocrx_word' id='word_1_489' title='bbox 27 1567 57 1583; x_wconf 77' lang='grc' dir='ltr'><strong>ων</strong></span> <span class='ocrx_word' id='word_1_490' title='bbox 78 1560 188 1593; x_wconf 86' lang='grc' dir='ltr'>γίνεται·</span> <span class='ocrx_word' id='word_1_491' title='bbox 214 1562 264 1589; x_wconf 85' lang='grc' dir='ltr'>καὶ</span> <span class='ocrx_word' id='word_1_492' title='bbox 281 1563 367 1595; x_wconf 80' lang='grc' dir='ltr'>οὕτως</span> <span class='ocrx_word' id='word_1_493' title='bbox 392 1564 439 1590; x_wconf 71' lang='grc' dir='ltr'>καὶ</span> <span class='ocrx_word' id='word_1_494' title='bbox 457 1564 491 1591; x_wconf 78' lang='grc' dir='ltr'>τὰ</span> <span class='ocrx_word' id='word_1_495' title='bbox 513 1564 600 1600; x_wconf 83' lang='grc' dir='ltr'>ἀληθῆ</span> <span class='ocrx_word' id='word_1_496' title='bbox 622 1565 712 1600; x_wconf 81' lang='grc' dir='ltr'>λέγειν</span> 
     </span>
    </p>
   </div>
   <div class='ocr_carea' id='block_1_64' title="bbox 28 1604 712 1645">
    <p class='ocr_par' dir='ltr' id='par_1_64' title="bbox 28 1604 712 1645">
     <span class='ocr_line' id='line_1_64' title="bbox 28 1604 712 1645; baseline 0.006 -12"><span class='ocrx_word' id='word_1_497' title='bbox 28 1604 82 1638; x_wconf 76' lang='grc' dir='ltr'>ὦδές</span> <span class='ocrx_word' id='word_1_498' title='bbox 101 1607 166 1634; x_wconf 79' lang='grc' dir='ltr'>ἐστι.</span> <span class='ocrx_word' id='word_1_499' title='bbox 192 1607 281 1634; x_wconf 81' lang='grc' dir='ltr'>Τοῦτο</span> <span class='ocrx_word' id='word_1_500' title='bbox 303 1608 331 1634; x_wconf 83' lang='grc' dir='ltr'><strong>δέ</strong></span> <span class='ocrx_word' id='word_1_501' title='bbox 357 1617 400 1643; x_wconf 90' lang='grc' dir='ltr'><strong>μοι</strong></span> <span class='ocrx_word' id='word_1_502' title='bbox 423 1609 529 1645; x_wconf 75' lang='grc' dir='ltr'>εἴρηται</span> <span class='ocrx_word' id='word_1_503' title='bbox 549 1610 592 1636; x_wconf 78' lang='grc' dir='ltr'>διὰ</span> <span class='ocrx_word' id='word_1_504' title='bbox 608 1610 638 1636; x_wconf 76' lang='grc' dir='ltr'>τὸ</span> <span class='ocrx_word' id='word_1_505' title='bbox 656 1610 712 1644; x_wconf 89' lang='grc' dir='ltr'>ψω-</span> 
     </span>
    </p>
   </div>
   <div class='ocr_carea' id='block_1_65' title="bbox 27 1649 712 1690">
    <p class='ocr_par' dir='ltr' id='par_1_65' title="bbox 27 1649 712 1690">
     <span class='ocr_line' id='line_1_65' title="bbox 27 1649 712 1690; baseline 0.01 -15"><span class='ocrx_word' id='word_1_506' title='bbox 27 1649 219 1688; x_wconf 82' lang='grc' dir='ltr'>16),δὲμϐάψας</span> <span class='ocrx_word' id='word_1_507' title='bbox 231 1654 340 1680; x_wconf 77' lang='grc' dir='ltr'>δίδωσιν</span> <span class='ocrx_word' id='word_1_508' title='bbox 355 1654 439 1689; x_wconf 65' lang='grc' dir='ltr'>Ἰούδᾳ</span> <span class='ocrx_word' id='word_1_509' title='bbox 454 1655 554 1690; x_wconf 83' lang='grc' dir='ltr'>Σίμωνι</span> <span class='ocrx_word' id='word_1_510' title='bbox 568 1655 607 1690; x_wconf 83' lang='grc' dir='ltr'><strong>τῷ</strong></span> <span class='ocrx_word' id='word_1_511' title='bbox 625 1657 712 1683; x_wconf 81' lang='grc' dir='ltr'>Ἰσκα-</span> 
     </span>
    </p>
   </div>
   <div class='ocr_carea' id='block_1_66' title="bbox 32 1695 710 1738">
    <p class='ocr_par' dir='ltr' id='par_1_66' title="bbox 32 1695 710 1738">
     <span class='ocr_line' id='line_1_66' title="bbox 32 1695 710 1738; baseline 0.009 -16"><span class='ocrx_word' id='word_1_512' title='bbox 32 1695 92 1731; x_wconf 76' lang='grc'><strong>(17)·</strong></span> <span class='ocrx_word' id='word_1_513' title='bbox 103 1699 146 1725; x_wconf 79' lang='grc' dir='ltr'>καὶ</span> <span class='ocrx_word' id='word_1_514' title='bbox 158 1700 348 1735; x_wconf 83' lang='grc' dir='ltr'>κεκινήκαμεν</span> <span class='ocrx_word' id='word_1_515' title='bbox 364 1700 442 1734; x_wconf 78' lang='grc' dir='ltr'>λόγον</span> <span class='ocrx_word' id='word_1_516' title='bbox 459 1701 506 1727; x_wconf 77' lang='grc' dir='ltr'>τὸν</span> <span class='ocrx_word' id='word_1_517' title='bbox 521 1703 561 1733; x_wconf 80' lang='grc' dir='ltr'><strong>είς</strong></span> <span class='ocrx_word' id='word_1_518' title='bbox 582 1701 710 1738; x_wconf 76' lang='grc' dir='ltr'>ἑκάτερα,</span> 
     </span>
    </p>
   </div>
   <div class='ocr_carea' id='block_1_67' title="bbox 27 1741 710 1781">
    <p class='ocr_par' dir='ltr' id='par_1_67' title="bbox 27 1741 710 1781">
     <span class='ocr_line' id='line_1_67' title="bbox 27 1741 710 1781; baseline 0.012 -14"><span class='ocrx_word' id='word_1_519' title='bbox 27 1741 48 1775; x_wconf 73' lang='grc' dir='ltr'>ιὴ</span> <span class='ocrx_word' id='word_1_520' title='bbox 59 1742 139 1776; x_wconf 82' lang='grc' dir='ltr'>λέγειν</span> <span class='ocrx_word' id='word_1_521' title='bbox 154 1745 237 1772; x_wconf 75' lang='grc' dir='ltr'>αὑτὸν</span> <span class='ocrx_word' id='word_1_522' title='bbox 254 1745 423 1781; x_wconf 82' lang='grc' dir='ltr'>βεϐρωκέναι</span> <span class='ocrx_word' id='word_1_523' title='bbox 443 1746 561 1774; x_wconf 81' lang='grc' dir='ltr'>λαϐόντα</span> <span class='ocrx_word' id='word_1_524' title='bbox 571 1767 578 1779; x_wconf 92' lang='grc'><strong>,</strong></span> <span class='ocrx_word' id='word_1_525' title='bbox 593 1748 647 1774; x_wconf 76' lang='grc' dir='ltr'>εἴτε</span> <span class='ocrx_word' id='word_1_526' title='bbox 663 1757 710 1774; x_wconf 85' lang='grc' dir='ltr'>κε-</span> 
     </span>
    </p>
   </div>
   <div class='ocr_carea' id='block_1_68' title="bbox 27 1786 709 1824">
    <p class='ocr_par' dir='ltr' id='par_1_68' title="bbox 27 1786 709 1824">
     <span class='ocr_line' id='line_1_68' title="bbox 27 1786 709 1824; baseline 0.012 -12"><span class='ocrx_word' id='word_1_527' title='bbox 27 1786 63 1813; x_wconf 75' lang='lat'><strong>01:</strong></span> <span class='ocrx_word' id='word_1_528' title='bbox 73 1789 121 1816; x_wconf 71' lang='grc' dir='ltr'><strong>ἀπὸ</strong></span> <span class='ocrx_word' id='word_1_529' title='bbox 129 1790 175 1817; x_wconf 82' lang='grc' dir='ltr'><strong>τοῦ</strong></span> <span class='ocrx_word' id='word_1_530' title='bbox 186 1791 356 1823; x_wconf 72' lang='grc' dir='ltr'>εἰσελθόντος</span> <span class='ocrx_word' id='word_1_531' title='bbox 372 1793 412 1824; x_wconf 84' lang='grc' dir='ltr'><strong>είς</strong></span> <span class='ocrx_word' id='word_1_532' title='bbox 426 1792 470 1818; x_wconf 81' lang='grc' dir='ltr'>τὸν</span> <span class='ocrx_word' id='word_1_533' title='bbox 481 1793 582 1819; x_wconf 82' lang='grc' dir='ltr'>Ἰούδαν</span> <span class='ocrx_word' id='word_1_534' title='bbox 593 1794 709 1820; x_wconf 83' lang='grc' dir='ltr'>Σατανᾶ.</span> 
     </span>
    </p>
   </div>
   <div class='ocr_carea' id='block_1_69' title="bbox 27 1833 711 1874">
    <p class='ocr_par' dir='ltr' id='par_1_69' title="bbox 27 1833 711 1874">
     <span class='ocr_line' id='line_1_69' title="bbox 27 1833 711 1874; baseline 0.009 -14"><span class='ocrx_word' id='word_1_535' title='bbox 27 1833 62 1868; x_wconf 68' lang='lat' dir='ltr'><strong>{pi}</strong></span> <span class='ocrx_word' id='word_1_536' title='bbox 74 1835 107 1866; x_wconf 85' lang='grc' dir='ltr'>ὡς</span> <span class='ocrx_word' id='word_1_537' title='bbox 123 1836 158 1871; x_wconf 84' lang='grc' dir='ltr'><strong>μὴ</strong></span> <span class='ocrx_word' id='word_1_538' title='bbox 172 1838 234 1873; x_wconf 83' lang='grc' dir='ltr'>είκῆ</span> <span class='ocrx_word' id='word_1_539' title='bbox 253 1838 478 1874; x_wconf 77' lang='grc' dir='ltr'>παρερῤιμμένον</span> <span class='ocrx_word' id='word_1_540' title='bbox 493 1839 545 1865; x_wconf 85' lang='grc' dir='ltr'><strong>ὑπὸ</strong></span> <span class='ocrx_word' id='word_1_541' title='bbox 557 1839 606 1866; x_wconf 73' lang='grc' dir='ltr'>τοῦ</span> <span class='ocrx_word' id='word_1_542' title='bbox 629 1840 711 1874; x_wconf 81' lang='grc' dir='ltr'>εὐαγ-</span> 
     </span>
    </p>
   </div>
   <div class='ocr_carea' id='block_1_70' title="bbox 27 1879 709 1918">
    <p class='ocr_par' dir='ltr' id='par_1_70' title="bbox 27 1879 709 1918">
     <span class='ocr_line' id='line_1_70' title="bbox 27 1879 709 1918; baseline 0.009 -12"><span class='ocrx_word' id='word_1_543' title='bbox 27 1879 49 1904; x_wconf 72' lang='grc' dir='ltr'><strong>οὖ</strong></span> <span class='ocrx_word' id='word_1_544' title='bbox 60 1879 108 1916; x_wconf 81' lang='lat' dir='ltr'><strong>(l8)</strong></span> <span class='ocrx_word' id='word_1_545' title='bbox 123 1882 247 1914; x_wconf 66' lang='grc' dir='ltr'>ἐξετάσαι</span> <span class='ocrx_word' id='word_1_546' title='bbox 261 1883 290 1909; x_wconf 80' lang='grc' dir='ltr'>δὲ</span> <span class='ocrx_word' id='word_1_547' title='bbox 304 1883 344 1915; x_wconf 82' lang='grc' dir='ltr'>τὸ,</span> <span class='ocrx_word' id='word_1_548' title='bbox 360 1882 428 1910; x_wconf 79' lang='grc' dir='ltr'><strong>«”Ην</strong></span> <span class='ocrx_word' id='word_1_549' title='bbox 444 1884 472 1911; x_wconf 83' lang='grc' dir='ltr'>δὲ</span> <span class='ocrx_word' id='word_1_550' title='bbox 485 1885 542 1918; x_wconf 79' lang='grc' dir='ltr'>νὺξ,</span> <span class='ocrx_word' id='word_1_551' title='bbox 558 1894 567 1911; x_wconf 76' lang='grc' dir='ltr'><strong>ι</strong></span> <span class='ocrx_word' id='word_1_552' title='bbox 586 1885 709 1918; x_wconf 83' lang='grc' dir='ltr'>λεκτέον,</span> 
     </span>
    </p>
   </div>
   <div class='ocr_carea' id='block_1_71' title="bbox 27 1924 711 1966">
    <p class='ocr_par' dir='ltr' id='par_1_71' title="bbox 27 1924 711 1966">
     <span class='ocr_line' id='line_1_71' title="bbox 27 1924 711 1966; baseline 0.012 -16"><span class='ocrx_word' id='word_1_553' title='bbox 27 1924 141 1959; x_wconf 67' lang='grc' dir='ltr'>μϐολικῶς</span> <span class='ocrx_word' id='word_1_554' title='bbox 153 1929 215 1956; x_wconf 86' lang='grc' dir='ltr'>τότε</span> <span class='ocrx_word' id='word_1_555' title='bbox 234 1930 251 1964; x_wconf 84' lang='grc' dir='ltr'><strong>ἡ</strong></span> <span class='ocrx_word' id='word_1_556' title='bbox 265 1929 382 1965; x_wconf 79' lang='grc' dir='ltr'>αἰσθητὴ</span> <span class='ocrx_word' id='word_1_557' title='bbox 399 1929 447 1963; x_wconf 75' lang='grc' dir='ltr'><strong>νὺξ</strong></span> <span class='ocrx_word' id='word_1_558' title='bbox 462 1928 507 1966; x_wconf 79' lang='grc' dir='ltr'>ἦν,</span> <span class='ocrx_word' id='word_1_559' title='bbox 520 1929 602 1957; x_wconf 83' lang='grc' dir='ltr'>εἰκὼν</span> <span class='ocrx_word' id='word_1_560' title='bbox 613 1931 711 1966; x_wconf 83' lang='grc' dir='ltr'>τυγχά-</span> 
     </span>
    </p>
   </div>
   <div class='ocr_carea' id='block_1_72' title="bbox 36 1971 707 2011">
    <p class='ocr_par' dir='ltr' id='par_1_72' title="bbox 36 1971 707 2011">
     <span class='ocr_line' id='line_1_72' title="bbox 36 1971 707 2011; baseline 0 -8"><span class='ocrx_word' id='word_1_561' title='bbox 36 1971 76 2006; x_wconf 79' lang='grc' dir='ltr'><strong>τῆς</strong></span> <span class='ocrx_word' id='word_1_562' title='bbox 98 1975 245 2011; x_wconf 86' lang='grc' dir='ltr'>γενομένης</span> <span class='ocrx_word' id='word_1_563' title='bbox 267 1976 297 2002; x_wconf 85' lang='grc' dir='ltr'>ὲν</span> <span class='ocrx_word' id='word_1_564' title='bbox 325 1977 358 2010; x_wconf 84' lang='grc' dir='ltr'>τῇ</span> <span class='ocrx_word' id='word_1_565' title='bbox 383 1976 455 2011; x_wconf 80' lang='grc' dir='ltr'>ψυχῇ</span> <span class='ocrx_word' id='word_1_566' title='bbox 488 1976 573 2003; x_wconf 81' lang='grc' dir='ltr'>Ἰούδα</span> <span class='ocrx_word' id='word_1_567' title='bbox 596 1977 707 2009; x_wconf 85' lang='grc' dir='ltr'>νυκτός·</span> 
     </span>
    </p>
   </div>
   <div class='ocr_carea' id='block_1_73' title="bbox 27 2015 710 2057">
    <p class='ocr_par' dir='ltr' id='par_1_73' title="bbox 27 2015 710 2057">
     <span class='ocr_line' id='line_1_73' title="bbox 27 2015 710 2057; baseline 0.01 -15"><span class='ocrx_word' id='word_1_568' title='bbox 27 2015 47 2040; x_wconf 66' lang='grc' dir='ltr'>τὸ</span> <span class='ocrx_word' id='word_1_569' title='bbox 58 2017 249 2055; x_wconf 74' lang='grc' dir='ltr'>ἐπιφερόμενον</span> <span class='ocrx_word' id='word_1_570' title='bbox 267 2022 362 2052; x_wconf 79' lang='grc' dir='ltr'>σκότος</span> <span class='ocrx_word' id='word_1_571' title='bbox 380 2021 474 2048; x_wconf 79' lang='grc' dir='ltr'>ἐπάνω</span> <span class='ocrx_word' id='word_1_572' title='bbox 494 2022 545 2057; x_wconf 81' lang='grc' dir='ltr'>τῆς</span> <span class='ocrx_word' id='word_1_573' title='bbox 564 2022 683 2049; x_wconf 83' lang='grc' dir='ltr'>ἀϐύσσου</span> <span class='ocrx_word' id='word_1_574' title='bbox 696 2024 710 2049; x_wconf 85' lang='grc' dir='ltr'>ὁ</span> 
     </span>
    </p>
   </div>
   <div class='ocr_carea' id='block_1_74' title="bbox 27 2061 710 2102">
    <p class='ocr_par' dir='ltr' id='par_1_74' title="bbox 27 2061 710 2102">
     <span class='ocr_line' id='line_1_74' title="bbox 27 2061 710 2102; baseline 0.01 -14"><span class='ocrx_word' id='word_1_575' title='bbox 27 2061 51 2092; x_wconf 74' lang='grc' dir='ltr'><strong>ἇς</strong></span> <span class='ocrx_word' id='word_1_576' title='bbox 68 2063 183 2100; x_wconf 62' lang='grc' dir='ltr'>εει-ἦλθεν</span> <span class='ocrx_word' id='word_1_577' title='bbox 197 2067 239 2098; x_wconf 83' lang='grc' dir='ltr'><strong>είς</strong></span> <span class='ocrx_word' id='word_1_578' title='bbox 256 2067 336 2093; x_wconf 78' lang='grc' dir='ltr'>αὐτόν</span> <span class='ocrx_word' id='word_1_579' title='bbox 349 2075 356 2082; x_wconf 92' lang='grc'>·</span> <span class='ocrx_word' id='word_1_580' title='bbox 370 2067 483 2094; x_wconf 73' lang='grc' dir='ltr'>ἐκάλεσε</span> <span class='ocrx_word' id='word_1_581' title='bbox 503 2067 556 2102; x_wconf 80' lang='grc' dir='ltr'><strong>γὰρ</strong></span> <span class='ocrx_word' id='word_1_582' title='bbox 572 2069 586 2094; x_wconf 82' lang='grc' dir='ltr'><strong>ο</strong></span> <span class='ocrx_word' id='word_1_583' title='bbox 598 2068 663 2100; x_wconf 82' lang='grc' dir='ltr'>Θεὸς</span> <span class='ocrx_word' id='word_1_584' title='bbox 677 2068 710 2095; x_wconf 84' lang='grc' dir='ltr'>τὺ</span> 
     </span>
    </p>
   </div>
   <div class='ocr_carea' id='block_1_75' title="bbox 44 2109 710 2149">
    <p class='ocr_par' dir='ltr' id='par_1_75' title="bbox 44 2109 710 2149">
     <span class='ocr_line' id='line_1_75' title="bbox 44 2109 710 2149; baseline 0.006 -13"><span class='ocrx_word' id='word_1_585' title='bbox 44 2109 118 2137; x_wconf 76' lang='grc' dir='ltr'>νύκτα</span> <span class='ocrx_word' id='word_1_586' title='bbox 129 2120 136 2127; x_wconf 92' lang='grc'><strong>·</strong></span> <span class='ocrx_word' id='word_1_587' title='bbox 159 2112 232 2139; x_wconf 79' lang='grc' dir='ltr'>ὥστε</span> <span class='ocrx_word' id='word_1_588' title='bbox 253 2113 351 2144; x_wconf 78' lang='grc' dir='ltr'>νυκτὸς</span> <span class='ocrx_word' id='word_1_589' title='bbox 361 2132 368 2144; x_wconf 93' lang='grc'><strong>,</strong></span> <span class='ocrx_word' id='word_1_590' title='bbox 383 2113 466 2149; x_wconf 76' lang='grc' dir='ltr'>φησὶν</span> <span class='ocrx_word' id='word_1_591' title='bbox 487 2115 501 2140; x_wconf 86' lang='grc' dir='ltr'><strong>ὸ</strong></span> <span class='ocrx_word' id='word_1_592' title='bbox 520 2113 624 2146; x_wconf 78' lang='grc' dir='ltr'>Παῦλος</span> <span class='ocrx_word' id='word_1_593' title='bbox 636 2136 643 2146; x_wconf 86' lang='grc'><strong>,</strong></span> <span class='ocrx_word' id='word_1_594' title='bbox 659 2115 710 2141; x_wconf 83' lang='grc' dir='ltr'>οὐκ</span> 
     </span>
    </p>
   </div>
   <div class='ocr_carea' id='block_1_76' title="bbox 27 2153 709 2194">
    <p class='ocr_par' dir='ltr' id='par_1_76' title="bbox 27 2153 709 2194">
     <span class='ocr_line' id='line_1_76' title="bbox 27 2153 709 2194; baseline 0.009 -14"><span class='ocrx_word' id='word_1_595' title='bbox 27 2153 104 2187; x_wconf 80' lang='grc' dir='ltr'>τέκνα,</span> <span class='ocrx_word' id='word_1_596' title='bbox 121 2157 181 2184; x_wconf 84' lang='grc' dir='ltr'>οὐδὲ</span> <span class='ocrx_word' id='word_1_597' title='bbox 198 2158 325 2190; x_wconf 81' lang='grc' dir='ltr'>σκότους,</span> <span class='ocrx_word' id='word_1_598' title='bbox 341 2159 427 2192; x_wconf 87' lang='grc' dir='ltr'>λέγων</span> <span class='ocrx_word' id='word_1_599' title='bbox 439 2167 445 2173; x_wconf 89' lang='grc'>·</span> <span class='ocrx_word' id='word_1_600' title='bbox 466 2159 544 2194; x_wconf 66' lang='grc' dir='ltr'>«Ἆρ’</span> <span class='ocrx_word' id='word_1_601' title='bbox 559 2157 616 2192; x_wconf 81' lang='grc' dir='ltr'>οὖν,</span> <span class='ocrx_word' id='word_1_602' title='bbox 631 2160 709 2186; x_wconf 82' lang='grc' dir='ltr'>ἀδελ-</span> 
     </span>
    </p>
   </div>
   <div class='ocr_carea' id='block_1_77' title="bbox 27 2197 746 2240">
    <p class='ocr_par' dir='ltr' id='par_1_77' title="bbox 27 2197 746 2240">
     <span class='ocr_line' id='line_1_77' title="bbox 27 2197 746 2240; baseline 0.008 -15"><span class='ocrx_word' id='word_1_603' title='bbox 27 2208 44 2224; x_wconf 64' lang='grc' dir='ltr'><strong>ικ</strong></span> <span class='ocrx_word' id='word_1_604' title='bbox 53 2201 127 2236; x_wconf 79' lang='grc' dir='ltr'>ἐσμὲν</span> <span class='ocrx_word' id='word_1_605' title='bbox 138 2204 248 2236; x_wconf 73' lang='grc' dir='ltr'>νυκτὸς,</span> <span class='ocrx_word' id='word_1_606' title='bbox 263 2203 324 2230; x_wconf 76' lang='grc' dir='ltr'>οὐδὲ</span> <span class='ocrx_word' id='word_1_607' title='bbox 336 2203 447 2235; x_wconf 83' lang='grc' dir='ltr'>σκότους</span> <span class='ocrx_word' id='word_1_608' title='bbox 462 2203 544 2230; x_wconf 87' lang='grc' dir='ltr'>τέκνα</span> <span class='ocrx_word' id='word_1_609' title='bbox 558 2204 641 2240; x_wconf 81' lang='grc' dir='ltr'><strong>(19),ι</strong></span> <span class='ocrx_word' id='word_1_610' title='bbox 662 2205 709 2232; x_wconf 76' lang='grc' dir='ltr'><strong>καὶ</strong></span> <span class='ocrx_word' id='word_1_611' title='bbox 725 2197 746 2225; x_wconf 75' lang='grc' dir='ltr'>υ</span> 
     </span>
    </p>
   </div>
   <div class='ocr_carea' id='block_1_78' title="bbox 27 2244 709 2286">
    <p class='ocr_par' dir='ltr' id='par_1_78' title="bbox 27 2244 709 2286">
     <span class='ocr_line' id='line_1_78' title="bbox 27 2244 709 2286; baseline 0.004 -11"><span class='ocrx_word' id='word_1_612' title='bbox 27 2244 90 2279; x_wconf 57' lang='lat' dir='ltr'><strong>{st-3i;</strong></span> <span class='ocrx_word' id='word_1_613' title='bbox 103 2248 130 2275; x_wconf 84' lang='grc' dir='ltr'>δὲ</span> <span class='ocrx_word' id='word_1_614' title='bbox 145 2249 255 2285; x_wconf 86' lang='grc' dir='ltr'>ἡμέρας</span> <span class='ocrx_word' id='word_1_615' title='bbox 274 2249 351 2281; x_wconf 68' lang='grc' dir='ltr'>ὄντες</span> <span class='ocrx_word' id='word_1_616' title='bbox 365 2250 505 2285; x_wconf 82' lang='grc' dir='ltr'>νήφωμεν.</span> <span class='ocrx_word' id='word_1_617' title='bbox 520 2259 529 2276; x_wconf 83' lang='grc' dir='ltr'><strong>ι</strong></span> <span class='ocrx_word' id='word_1_618' title='bbox 546 2250 602 2276; x_wconf 81' lang='grc' dir='ltr'><strong>Οὐκ</strong></span> <span class='ocrx_word' id='word_1_619' title='bbox 615 2248 650 2286; x_wconf 82' lang='grc' dir='ltr'>ἦν</span> <span class='ocrx_word' id='word_1_620' title='bbox 662 2248 709 2278; x_wconf 78' lang='grc' dir='ltr'>οὖν</span> 
     </span>
    </p>
   </div>
   <div class='ocr_carea' id='block_1_79' title="bbox 27 2292 708 2331">
    <p class='ocr_par' dir='ltr' id='par_1_79' title="bbox 27 2292 708 2331">
     <span class='ocr_line' id='line_1_79' title="bbox 27 2292 708 2331; baseline 0.001 -10"><span class='ocrx_word' id='word_1_621' title='bbox 27 2292 45 2321; x_wconf 78' lang='grc' dir='ltr'><strong>ῖς</strong></span> <span class='ocrx_word' id='word_1_622' title='bbox 59 2296 225 2330; x_wconf 84' lang='grc' dir='ltr'>νιπτομένοις</span> <span class='ocrx_word' id='word_1_623' title='bbox 253 2296 319 2327; x_wconf 74' lang='grc' dir='ltr'>τοὺς</span> <span class='ocrx_word' id='word_1_624' title='bbox 347 2295 430 2326; x_wconf 75' lang='grc' dir='ltr'>πόδας</span> <span class='ocrx_word' id='word_1_625' title='bbox 455 2295 507 2322; x_wconf 83' lang='grc' dir='ltr'><strong>ὑπὸ</strong></span> <span class='ocrx_word' id='word_1_626' title='bbox 530 2295 577 2322; x_wconf 84' lang='grc' dir='ltr'><strong>τοῦ</strong></span> <span class='ocrx_word' id='word_1_627' title='bbox 609 2296 708 2331; x_wconf 85' lang='grc' dir='ltr'>Ἰησοῦ,</span> 
     </span>
    </p>
   </div>
   <div class='ocr_carea' id='block_1_80' title="bbox 27 2336 708 2376">
    <p class='ocr_par' dir='ltr' id='par_1_80' title="bbox 27 2336 708 2376">
     <span class='ocr_line' id='line_1_80' title="bbox 27 2336 708 2376; baseline 0.007 -13"><span class='ocrx_word' id='word_1_628' title='bbox 27 2336 85 2370; x_wconf 74' lang='grc' dir='ltr'>μέρα</span> <span class='ocrx_word' id='word_1_629' title='bbox 99 2339 292 2376; x_wconf 80' lang='grc' dir='ltr'>λαμπροτάτη,</span> <span class='ocrx_word' id='word_1_630' title='bbox 314 2340 538 2376; x_wconf 83' lang='grc' dir='ltr'>καθαιρομένοις,</span> <span class='ocrx_word' id='word_1_631' title='bbox 558 2341 604 2368; x_wconf 74' lang='grc' dir='ltr'>καὶ</span> <span class='ocrx_word' id='word_1_632' title='bbox 620 2341 708 2374; x_wconf 78' lang='grc' dir='ltr'>ὰποῤ-</span> 
     </span>
    </p>
   </div>
   <div class='ocr_carea' id='block_1_81' title="bbox 27 2381 709 2422">
    <p class='ocr_par' dir='ltr' id='par_1_81' title="bbox 27 2381 709 2422">
     <span class='ocr_line' id='line_1_81' title="bbox 27 2381 709 2422; baseline 0.012 -16"><span class='ocrx_word' id='word_1_633' title='bbox 27 2381 89 2415; x_wconf 77' lang='grc' dir='ltr'>,ένοις</span> <span class='ocrx_word' id='word_1_634' title='bbox 105 2387 164 2418; x_wconf 75' lang='grc' dir='ltr'>τοὺς</span> <span class='ocrx_word' id='word_1_635' title='bbox 181 2388 212 2414; x_wconf 81' lang='grc' dir='ltr'>ὲν</span> <span class='ocrx_word' id='word_1_636' title='bbox 230 2388 290 2418; x_wconf 87' lang='grc' dir='ltr'>τοῖς</span> <span class='ocrx_word' id='word_1_637' title='bbox 310 2387 373 2413; x_wconf 71' lang='grc' dir='ltr'>ποσὶ</span> <span class='ocrx_word' id='word_1_638' title='bbox 390 2386 439 2421; x_wconf 82' lang='grc' dir='ltr'>τῆς</span> <span class='ocrx_word' id='word_1_639' title='bbox 456 2386 545 2422; x_wconf 82' lang='grc' dir='ltr'>ψυχῆς</span> <span class='ocrx_word' id='word_1_640' title='bbox 563 2387 653 2414; x_wconf 82' lang='grc' dir='ltr'>αὐτῶν</span> <span class='ocrx_word' id='word_1_641' title='bbox 663 2387 709 2421; x_wconf 81' lang='grc' dir='ltr'><strong>ῥύ-</strong></span> 
     </span>
    </p>
   </div>
   <div class='ocr_carea' id='block_1_82' title="bbox 31 2447 549 2486">
    <p class='ocr_par' dir='ltr' id='par_1_82' title="bbox 31 2447 549 2486">
     <span class='ocr_line' id='line_1_82' title="bbox 31 2447 549 2486; baseline 0.014 -13"><span class='ocrx_word' id='word_1_642' title='bbox 31 2447 82 2477; x_wconf 82' lang='lat' dir='ltr'><strong>Cor.</strong></span> <span class='ocrx_word' id='word_1_643' title='bbox 106 2459 143 2485; x_wconf 70' lang='grc' dir='ltr'><strong>ιι,</strong></span> <span class='ocrx_word' id='word_1_644' title='bbox 161 2453 208 2480; x_wconf 76' lang='grc'><strong>29.</strong></span> <span class='ocrx_word' id='word_1_645' title='bbox 249 2453 275 2469; x_wconf 72' lang='grc'>⁸⁵</span> <span class='ocrx_word' id='word_1_646' title='bbox 291 2453 389 2481; x_wconf 87' lang='lat' dir='ltr'><strong>Matth.</strong></span> <span class='ocrx_word' id='word_1_647' title='bbox 410 2461 486 2486; x_wconf 79' lang='lat' dir='ltr'><strong>xxvi,</strong></span> <span class='ocrx_word' id='word_1_648' title='bbox 505 2452 549 2480; x_wconf 74' lang='lat'><strong>26.</strong></span> 
     </span>
    </p>
   </div>
   <div class='ocr_carea' id='block_1_83' title="bbox 38 2522 706 2561">
    <p class='ocr_par' dir='ltr' id='par_1_83' title="bbox 38 2522 706 2561">
     <span class='ocr_line' id='line_1_83' title="bbox 38 2522 706 2561; baseline -0.001 -10"><span class='ocrx_word' id='word_1_649' title='bbox 38 2522 183 2561; x_wconf 63' lang='grc' dir='ltr'>ὀμογενές</span> <span class='ocrx_word' id='word_1_650' title='bbox 206 2524 248 2561; x_wconf 83' lang='grc' dir='ltr'>ἦν</span> <span class='ocrx_word' id='word_1_651' title='bbox 266 2524 307 2558; x_wconf 85' lang='grc' dir='ltr'>τῷ</span> <span class='ocrx_word' id='word_1_652' title='bbox 321 2524 447 2561; x_wconf 56' lang='grc' dir='ltr'>δοθέντι,</span> <span class='ocrx_word' id='word_1_653' title='bbox 467 2530 519 2552; x_wconf 88' lang='lat' dir='ltr'><strong>etc.</strong></span> <span class='ocrx_word' id='word_1_654' title='bbox 536 2524 565 2552; x_wconf 90' lang='lat' dir='ltr'><strong>In</strong></span> <span class='ocrx_word' id='word_1_655' title='bbox 581 2532 614 2552; x_wconf 91' lang='lat' dir='ltr'><strong>eo</strong></span> <span class='ocrx_word' id='word_1_656' title='bbox 628 2529 706 2561; x_wconf 79' lang='lat' dir='ltr'><strong>erant</strong></span> 
     </span>
    </p>
   </div>
   <div class='ocr_carea' id='block_1_84' title="bbox 27 2559 706 2595">
    <p class='ocr_par' dir='ltr' id='par_1_84' title="bbox 27 2559 706 2595">
     <span class='ocr_line' id='line_1_84' title="bbox 27 2559 706 2595; baseline 0.003 -10"><span class='ocrx_word' id='word_1_657' title='bbox 27 2559 185 2595; x_wconf 55' lang='grc' dir='ltr'>[θόμογενῇ</span> <span class='ocrx_word' id='word_1_658' title='bbox 209 2559 286 2594; x_wconf 73' lang='lat' dir='ltr'><strong>quod</strong></span> <span class='ocrx_word' id='word_1_659' title='bbox 313 2560 466 2587; x_wconf 86' lang='lat' dir='ltr'><strong>comedenti</strong></span> <span class='ocrx_word' id='word_1_660' title='bbox 485 2567 534 2594; x_wconf 88' lang='lat' dir='ltr'><strong>pro</strong></span> <span class='ocrx_word' id='word_1_661' title='bbox 560 2559 706 2595; x_wconf 81' lang='lat' dir='ltr'><strong>sanctitate</strong></span> 
     </span>
    </p>
   </div>
   <div class='ocr_carea' id='block_1_85' title="bbox 28 2591 703 2628">
    <p class='ocr_par' dir='ltr' id='par_1_85' title="bbox 28 2591 703 2628">
     <span class='ocr_line' id='line_1_85' title="bbox 28 2591 703 2628; baseline 0.004 -12"><span class='ocrx_word' id='word_1_662' title='bbox 28 2591 33 2616; x_wconf 92' lang='lat' dir='ltr'><strong>l</strong></span> <span class='ocrx_word' id='word_1_663' title='bbox 48 2591 174 2627; x_wconf 72' lang='lat' dir='ltr'><strong>impietate</strong></span> <span class='ocrx_word' id='word_1_664' title='bbox 192 2591 316 2622; x_wconf 75' lang='lat' dir='ltr'><strong>salubria</strong></span> <span class='ocrx_word' id='word_1_665' title='bbox 330 2602 391 2622; x_wconf 89' lang='lat' dir='ltr'><strong>esse</strong></span> <span class='ocrx_word' id='word_1_666' title='bbox 412 2591 539 2628; x_wconf 74' lang='lat' dir='ltr'><strong>poterunt</strong></span> <span class='ocrx_word' id='word_1_667' title='bbox 556 2594 596 2621; x_wconf 89' lang='lat' dir='ltr'><strong>vel</strong></span> <span class='ocrx_word' id='word_1_668' title='bbox 613 2594 703 2620; x_wconf 75' lang='lat' dir='ltr'><strong>noxia.</strong></span> 
     </span>
    </p>
   </div>
   <div class='ocr_carea' id='block_1_86' title="bbox 27 2628 704 2665">
    <p class='ocr_par' dir='ltr' id='par_1_86' title="bbox 27 2628 704 2665">
     <span class='ocr_line' id='line_1_86' title="bbox 27 2628 704 2665; baseline 0.003 -12"><span class='ocrx_word' id='word_1_669' title='bbox 27 2628 236 2665; x_wconf 39' lang='lat' dir='ltr'><strong>i&#39;tlisercpabant.</strong></span> <span class='ocrx_word' id='word_1_670' title='bbox 254 2635 284 2657; x_wconf 88' lang='lat' dir='ltr'><strong>et</strong></span> <span class='ocrx_word' id='word_1_671' title='bbox 295 2634 375 2665; x_wconf 75' lang='lat' dir='ltr'><strong>erant</strong></span> <span class='ocrx_word' id='word_1_672' title='bbox 389 2629 542 2665; x_wconf 77' lang='grc' dir='ltr'>ἑτερογενῆ,</span> <span class='ocrx_word' id='word_1_673' title='bbox 560 2636 591 2655; x_wconf 84' lang='lat' dir='ltr'><strong>ac</strong></span> <span class='ocrx_word' id='word_1_674' title='bbox 618 2628 644 2655; x_wconf 83' lang='lat' dir='ltr'><strong>in</strong></span> <span class='ocrx_word' id='word_1_675' title='bbox 672 2636 704 2655; x_wconf 86' lang='lat' dir='ltr'><strong>eo</strong></span> 
     </span>
    </p>
   </div>
   <div class='ocr_carea' id='block_1_87' title="bbox 27 2661 705 2697">
    <p class='ocr_par' dir='ltr' id='par_1_87' title="bbox 27 2661 705 2697">
     <span class='ocr_line' id='line_1_87' title="bbox 27 2661 705 2697; baseline 0.004 -10"><span class='ocrx_word' id='word_1_676' title='bbox 27 2661 69 2697; x_wconf 61' lang='lat' dir='ltr'><strong>tiu)</strong></span> <span class='ocrx_word' id='word_1_677' title='bbox 84 2661 151 2696; x_wconf 80' lang='lat' dir='ltr'><strong>quod</strong></span> <span class='ocrx_word' id='word_1_678' title='bbox 180 2665 266 2691; x_wconf 74' lang='lat' dir='ltr'><strong>omnia</strong></span> <span class='ocrx_word' id='word_1_679' title='bbox 291 2663 365 2691; x_wconf 67' lang='lat' dir='ltr'><strong>Iudae</strong></span> <span class='ocrx_word' id='word_1_680' title='bbox 384 2661 509 2697; x_wconf 77' lang='lat' dir='ltr'><strong>peri-ecta</strong></span> <span class='ocrx_word' id='word_1_681' title='bbox 527 2661 626 2690; x_wconf 56' lang='lat' dir='ltr'><strong>&#39;merus</strong></span> <span class='ocrx_word' id='word_1_682' title='bbox 643 2668 705 2690; x_wconf 86' lang='lat' dir='ltr'><strong>erat</strong></span> 
     </span>
    </p>
   </div>
   <div class='ocr_carea' id='block_1_88' title="bbox 33 2696 703 2733">
    <p class='ocr_par' dir='ltr' id='par_1_88' title="bbox 33 2696 703 2733">
     <span class='ocr_line' id='line_1_88' title="bbox 33 2696 703 2733; baseline 0.006 -12"><span class='ocrx_word' id='word_1_683' title='bbox 33 2696 109 2724; x_wconf 66' lang='lat' dir='ltr'><strong>utilite</strong></span> <span class='ocrx_word' id='word_1_684' title='bbox 122 2706 185 2725; x_wconf 81' lang='lat' dir='ltr'><strong>vero</strong></span> <span class='ocrx_word' id='word_1_685' title='bbox 199 2700 272 2726; x_wconf 60' lang='lat' dir='ltr'><strong>data;</strong></span> <span class='ocrx_word' id='word_1_686' title='bbox 286 2696 414 2733; x_wconf 77' lang='lat' dir='ltr'><strong>apostolis</strong></span> <span class='ocrx_word' id='word_1_687' title='bbox 428 2699 519 2733; x_wconf 84' lang='lat' dir='ltr'><strong>specie</strong></span> <span class='ocrx_word' id='word_1_688' title='bbox 536 2703 639 2725; x_wconf 89' lang='lat' dir='ltr'><strong>tantum</strong></span> <span class='ocrx_word' id='word_1_689' title='bbox 656 2706 703 2732; x_wconf 89' lang='lat' dir='ltr'><strong>pa-</strong></span> 
     </span>
    </p>
   </div>
   <div class='ocr_carea' id='block_1_89' title="bbox 27 2734 703 2768">
    <p class='ocr_par' dir='ltr' id='par_1_89' title="bbox 27 2734 703 2768">
     <span class='ocr_line' id='line_1_89' title="bbox 27 2734 703 2768; baseline 0.004 -13"><span class='ocrx_word' id='word_1_690' title='bbox 27 2737 64 2768; x_wconf 66' lang='lat' dir='ltr'><strong>Ilii,</strong></span> <span class='ocrx_word' id='word_1_691' title='bbox 76 2740 160 2760; x_wconf 80' lang='lat' dir='ltr'><strong>revera</strong></span> <span class='ocrx_word' id='word_1_692' title='bbox 173 2734 279 2761; x_wconf 77' lang='lat' dir='ltr'><strong>Christi</strong></span> <span class='ocrx_word' id='word_1_693' title='bbox 295 2741 393 2768; x_wconf 84' lang='lat' dir='ltr'><strong>corpus</strong></span> <span class='ocrx_word' id='word_1_694' title='bbox 405 2740 498 2760; x_wconf 85' lang='lat' dir='ltr'><strong>erant:</strong></span> <span class='ocrx_word' id='word_1_695' title='bbox 513 2738 608 2768; x_wconf 79' lang='lat' dir='ltr'><strong>contra</strong></span> <span class='ocrx_word' id='word_1_696' title='bbox 620 2740 703 2766; x_wconf 87' lang='lat' dir='ltr'><strong>quam</strong></span> 
     </span>
    </p>
   </div>
   <div class='ocr_carea' id='block_1_90' title="bbox 31 2766 704 2795">
    <p class='ocr_par' dir='ltr' id='par_1_90' title="bbox 31 2766 704 2795">
     <span class='ocr_line' id='line_1_90' title="bbox 31 2766 704 2795; baseline 0.004 -5"><span class='ocrx_word' id='word_1_697' title='bbox 31 2766 80 2793; x_wconf 76' lang='lat' dir='ltr'><strong>loco</strong></span> <span class='ocrx_word' id='word_1_698' title='bbox 91 2769 281 2795; x_wconf 83' lang='lat' dir='ltr'><strong>ratiocinando</strong></span> <span class='ocrx_word' id='word_1_699' title='bbox 298 2766 431 2795; x_wconf 76' lang='lat' dir='ltr'><strong>conclusit</strong></span> <span class='ocrx_word' id='word_1_700' title='bbox 441 2767 704 2794; x_wconf 82' lang='lat' dir='ltr'><strong>EdmundusAlher-</strong></span> 
     </span>
    </p>
   </div>
   <div class='ocr_carea' id='block_1_91' title="bbox 28 2801 703 2834">
    <p class='ocr_par' dir='ltr' id='par_1_91' title="bbox 28 2801 703 2834">
     <span class='ocr_line' id='line_1_91' title="bbox 28 2801 703 2834; baseline 0.004 -9"><span class='ocrx_word' id='word_1_701' title='bbox 28 2809 39 2825; x_wconf 88' lang='grc' dir='ltr'><strong>ιι</strong></span> <span class='ocrx_word' id='word_1_702' title='bbox 50 2809 124 2833; x_wconf 76' lang='lat' dir='ltr'><strong>opere</strong></span> <span class='ocrx_word' id='word_1_703' title='bbox 138 2803 174 2830; x_wconf 88' lang='lat' dir='ltr'><strong>De</strong></span> <span class='ocrx_word' id='word_1_704' title='bbox 183 2809 351 2829; x_wconf 78' lang='lat' dir='ltr'><strong>sacramento</strong></span> <span class='ocrx_word' id='word_1_705' title='bbox 366 2802 552 2834; x_wconf 75' lang='lat' dir='ltr'><strong>Eucharislim,</strong></span> <span class='ocrx_word' id='word_1_706' title='bbox 569 2801 615 2828; x_wconf 86' lang='lat' dir='ltr'><strong>lib.</strong></span> <span class='ocrx_word' id='word_1_707' title='bbox 631 2809 663 2832; x_wconf 84' lang='grc' dir='ltr'><strong>ιι,</strong></span> <span class='ocrx_word' id='word_1_708' title='bbox 676 2801 703 2828; x_wconf 90' lang='lat' dir='ltr'><strong>in</strong></span> 
     </span>
    </p>
   </div>
   <div class='ocr_carea' id='block_1_92' title="bbox 27 2835 701 2872">
    <p class='ocr_par' dir='ltr' id='par_1_92' title="bbox 27 2835 701 2872">
     <span class='ocr_line' id='line_1_92' title="bbox 27 2835 701 2872; baseline 0.004 -11"><span class='ocrx_word' id='word_1_709' title='bbox 27 2844 52 2862; x_wconf 74' lang='lat' dir='ltr'><strong>ac</strong></span> <span class='ocrx_word' id='word_1_710' title='bbox 68 2838 283 2865; x_wconf 75' lang='lat' dir='ltr'><strong>testimoniorum</strong></span> <span class='ocrx_word' id='word_1_711' title='bbox 295 2836 431 2870; x_wconf 79' lang='lat' dir='ltr'><strong>Origenis,</strong></span> <span class='ocrx_word' id='word_1_712' title='bbox 449 2845 509 2872; x_wconf 86' lang='lat' dir='ltr'><strong>cap.</strong></span> <span class='ocrx_word' id='word_1_713' title='bbox 522 2836 550 2862; x_wconf 75' lang='grc'><strong>2.</strong></span> <span class='ocrx_word' id='word_1_714' title='bbox 568 2835 701 2864; x_wconf 69' lang='grc' dir='ltr'>ΙΙιιι-ῑτιιιε.</span> 
     </span>
    </p>
   </div>
   <div class='ocr_carea' id='block_1_93' title="bbox 80 2882 393 2915">
    <p class='ocr_par' dir='ltr' id='par_1_93' title="bbox 80 2882 393 2915">
     <span class='ocr_line' id='line_1_93' title="bbox 80 2882 393 2915; baseline 0.003 -2"><span class='ocrx_word' id='word_1_715' title='bbox 80 2883 209 2915; x_wconf 73' lang='grc' dir='ltr'>ΡΑτιιοι..</span> <span class='ocrx_word' id='word_1_716' title='bbox 232 2883 295 2914; x_wconf 73' lang='lat' dir='ltr'><strong>Gn.</strong></span> <span class='ocrx_word' id='word_1_717' title='bbox 309 2882 393 2914; x_wconf 78' lang='lat' dir='ltr'><strong>XIV.</strong></span> 
     </span>
    </p>
   </div>
   <div class='ocr_carea' id='block_1_94' title="bbox 763 1565 1554 1600">
    <p class='ocr_par' dir='ltr' id='par_1_94' title="bbox 763 1565 1554 1600">
     <span class='ocr_line' id='line_1_94' title="bbox 763 1565 1554 1600; baseline -0.003 -6"><span class='ocrx_word' id='word_1_718' title='bbox 763 1566 850 1600; x_wconf 86' lang='lat' dir='ltr'><strong>Quam</strong></span> <span class='ocrx_word' id='word_1_719' title='bbox 862 1567 896 1594; x_wconf 85' lang='lat' dir='ltr'><strong>ob</strong></span> <span class='ocrx_word' id='word_1_720' title='bbox 908 1573 1015 1593; x_wconf 86' lang='lat' dir='ltr'><strong>causam</strong></span> <span class='ocrx_word' id='word_1_721' title='bbox 1037 1565 1196 1600; x_wconf 89' lang='lat' dir='ltr'><strong>plerumque</strong></span> <span class='ocrx_word' id='word_1_722' title='bbox 1212 1572 1302 1592; x_wconf 87' lang='lat' dir='ltr'><strong>sermo</strong></span> <span class='ocrx_word' id='word_1_723' title='bbox 1316 1572 1396 1592; x_wconf 87' lang='lat' dir='ltr'><strong>verus</strong></span> <span class='ocrx_word' id='word_1_724' title='bbox 1411 1565 1554 1600; x_wconf 61' lang='lat' dir='ltr'><strong>aegrotanti</strong></span> 
     </span>
    </p>
   </div>
   <div class='ocr_carea' id='block_1_95' title="bbox 763 1608 1552 1644">
    <p class='ocr_par' dir='ltr' id='par_1_95' title="bbox 763 1608 1552 1644">
     <span class='ocr_line' id='line_1_95' title="bbox 763 1608 1552 1644; baseline -0.004 -6"><span class='ocrx_word' id='word_1_725' title='bbox 763 1612 870 1643; x_wconf 73' lang='lat' dir='ltr'><strong>animae,</strong></span> <span class='ocrx_word' id='word_1_726' title='bbox 883 1619 935 1638; x_wconf 91' lang='lat' dir='ltr'><strong>non</strong></span> <span class='ocrx_word' id='word_1_727' title='bbox 952 1609 1082 1644; x_wconf 73' lang='lat' dir='ltr'><strong>indigenti</strong></span> <span class='ocrx_word' id='word_1_728' title='bbox 1099 1609 1146 1636; x_wconf 85' lang='lat' dir='ltr'><strong>tali</strong></span> <span class='ocrx_word' id='word_1_729' title='bbox 1163 1609 1224 1636; x_wconf 90' lang='lat' dir='ltr'><strong>cibo</strong></span> <span class='ocrx_word' id='word_1_730' title='bbox 1251 1609 1342 1641; x_wconf 87' lang='lat' dir='ltr'><strong>datus,</strong></span> <span class='ocrx_word' id='word_1_731' title='bbox 1366 1608 1438 1636; x_wconf 85' lang='lat' dir='ltr'><strong>illam</strong></span> <span class='ocrx_word' id='word_1_732' title='bbox 1457 1613 1552 1636; x_wconf 78' lang='lat' dir='ltr'><strong>conte—</strong></span> 
     </span>
    </p>
   </div>
   <div class='ocr_carea' id='block_1_96' title="bbox 762 1654 1553 1691">
    <p class='ocr_par' dir='ltr' id='par_1_96' title="bbox 762 1654 1553 1691">
     <span class='ocr_line' id='line_1_96' title="bbox 762 1654 1553 1691; baseline -0.004 -7"><span class='ocrx_word' id='word_1_733' title='bbox 762 1662 815 1691; x_wconf 87' lang='lat' dir='ltr'><strong>ret,</strong></span> <span class='ocrx_word' id='word_1_734' title='bbox 828 1657 866 1684; x_wconf 92' lang='lat' dir='ltr'><strong>illi</strong></span> <span class='ocrx_word' id='word_1_735' title='bbox 883 1661 911 1683; x_wconf 92' lang='lat' dir='ltr'><strong>ut</strong></span> <span class='ocrx_word' id='word_1_736' title='bbox 927 1656 1002 1691; x_wconf 82' lang='lat' dir='ltr'><strong>pejus</strong></span> <span class='ocrx_word' id='word_1_737' title='bbox 1029 1663 1058 1683; x_wconf 89' lang='lat' dir='ltr'><strong>se</strong></span> <span class='ocrx_word' id='word_1_738' title='bbox 1082 1655 1179 1682; x_wconf 88' lang='lat' dir='ltr'><strong>habeat</strong></span> <span class='ocrx_word' id='word_1_739' title='bbox 1195 1662 1276 1682; x_wconf 86' lang='lat' dir='ltr'><strong>causa</strong></span> <span class='ocrx_word' id='word_1_740' title='bbox 1298 1655 1433 1682; x_wconf 81' lang='lat' dir='ltr'><strong>exsislens</strong></span> <span class='ocrx_word' id='word_1_741' title='bbox 1448 1662 1455 1682; x_wconf 87' lang='lat'><strong>:</strong></span> <span class='ocrx_word' id='word_1_742' title='bbox 1470 1654 1553 1691; x_wconf 60' lang='grc'><strong>445</strong></span> 
     </span>
    </p>
   </div>
   <div class='ocr_carea' id='block_1_97' title="bbox 761 1701 1554 1738">
    <p class='ocr_par' dir='ltr' id='par_1_97' title="bbox 761 1701 1554 1738">
     <span class='ocr_line' id='line_1_97' title="bbox 761 1701 1554 1738; baseline -0.004 -8"><span class='ocrx_word' id='word_1_743' title='bbox 761 1709 844 1738; x_wconf 90' lang='lat' dir='ltr'><strong>atque</strong></span> <span class='ocrx_word' id='word_1_744' title='bbox 867 1703 948 1730; x_wconf 87' lang='lat' dir='ltr'><strong>etiam</strong></span> <span class='ocrx_word' id='word_1_745' title='bbox 966 1703 1006 1729; x_wconf 87' lang='lat' dir='ltr'><strong>sic</strong></span> <span class='ocrx_word' id='word_1_746' title='bbox 1027 1703 1160 1737; x_wconf 85' lang='lat' dir='ltr'><strong>sequitur,</strong></span> <span class='ocrx_word' id='word_1_747' title='bbox 1174 1706 1204 1729; x_wconf 86' lang='lat' dir='ltr'><strong>ut</strong></span> <span class='ocrx_word' id='word_1_748' title='bbox 1220 1709 1286 1729; x_wconf 89' lang='lat' dir='ltr'><strong>vera</strong></span> <span class='ocrx_word' id='word_1_749' title='bbox 1310 1701 1400 1728; x_wconf 83' lang='lat' dir='ltr'><strong>dicere</strong></span> <span class='ocrx_word' id='word_1_750' title='bbox 1419 1701 1554 1735; x_wconf 85' lang='lat' dir='ltr'><strong>periculo-</strong></span> 
     </span>
    </p>
   </div>
   <div class='ocr_carea' id='block_1_98' title="bbox 761 1745 1552 1781">
    <p class='ocr_par' dir='ltr' id='par_1_98' title="bbox 761 1745 1552 1781">
     <span class='ocr_line' id='line_1_98' title="bbox 761 1745 1552 1781; baseline -0.005 -5"><span class='ocrx_word' id='word_1_751' title='bbox 761 1757 820 1776; x_wconf 82' lang='lat' dir='ltr'><strong>sum</strong></span> <span class='ocrx_word' id='word_1_752' title='bbox 838 1749 885 1776; x_wconf 90' lang='lat' dir='ltr'><strong>sit.</strong></span> <span class='ocrx_word' id='word_1_753' title='bbox 903 1747 960 1775; x_wconf 88' lang='lat' dir='ltr'><strong>Iloc</strong></span> <span class='ocrx_word' id='word_1_754' title='bbox 982 1750 1071 1774; x_wconf 83' lang='lat' dir='ltr'><strong>autent</strong></span> <span class='ocrx_word' id='word_1_755' title='bbox 1093 1747 1159 1774; x_wconf 91' lang='lat' dir='ltr'><strong>mihi</strong></span> <span class='ocrx_word' id='word_1_756' title='bbox 1177 1747 1277 1774; x_wconf 90' lang='lat' dir='ltr'><strong>dictum</strong></span> <span class='ocrx_word' id='word_1_757' title='bbox 1299 1751 1341 1774; x_wconf 87' lang='lat' dir='ltr'><strong>est</strong></span> <span class='ocrx_word' id='word_1_758' title='bbox 1357 1751 1468 1781; x_wconf 87' lang='lat' dir='ltr'><strong>propter</strong></span> <span class='ocrx_word' id='word_1_759' title='bbox 1483 1745 1552 1773; x_wconf 78' lang='lat' dir='ltr'><strong>oli&#39;u-</strong></span> 
     </span>
    </p>
   </div>
   <div class='ocr_carea' id='block_1_99' title="bbox 760 1791 1551 1829">
    <p class='ocr_par' dir='ltr' id='par_1_99' title="bbox 760 1791 1551 1829">
     <span class='ocr_line' id='line_1_99' title="bbox 760 1791 1551 1829; baseline -0.004 -8"><span class='ocrx_word' id='word_1_760' title='bbox 760 1795 813 1822; x_wconf 84' lang='lat' dir='ltr'><strong>Iam</strong></span> <span class='ocrx_word' id='word_1_761' title='bbox 826 1802 905 1829; x_wconf 89' lang='lat' dir='ltr'><strong>quam</strong></span> <span class='ocrx_word' id='word_1_762' title='bbox 918 1793 1058 1820; x_wconf 88' lang='lat' dir='ltr'><strong>intinctam</strong></span> <span class='ocrx_word' id='word_1_763' title='bbox 1074 1792 1150 1820; x_wconf 89' lang='lat' dir='ltr'><strong>dedit</strong></span> <span class='ocrx_word' id='word_1_764' title='bbox 1161 1791 1242 1819; x_wconf 85' lang='lat' dir='ltr'><strong>Jcsus</strong></span> <span class='ocrx_word' id='word_1_765' title='bbox 1260 1791 1336 1819; x_wconf 70' lang='lat' dir='ltr'><strong>.Iudaa</strong></span> <span class='ocrx_word' id='word_1_766' title='bbox 1360 1791 1464 1819; x_wconf 90' lang='lat' dir='ltr'><strong>Simoni</strong></span> <span class='ocrx_word' id='word_1_767' title='bbox 1479 1791 1551 1819; x_wconf 90' lang='lat' dir='ltr'><strong>Isca-</strong></span> 
     </span>
    </p>
   </div>
   <div class='ocr_carea' id='block_1_100' title="bbox 761 1838 1549 1873">
    <p class='ocr_par' dir='ltr' id='par_1_100' title="bbox 761 1838 1549 1873">
     <span class='ocr_line' id='line_1_100' title="bbox 761 1838 1549 1873; baseline -0.005 -6"><span class='ocrx_word' id='word_1_768' title='bbox 761 1841 836 1868; x_wconf 72' lang='lat' dir='ltr'><strong>ricta:</strong></span> <span class='ocrx_word' id='word_1_769' title='bbox 856 1847 862 1865; x_wconf 95' lang='lat'>:</span> <span class='ocrx_word' id='word_1_770' title='bbox 878 1838 1064 1873; x_wconf 86' lang='lat' dir='ltr'><strong>movimusque</strong></span> <span class='ocrx_word' id='word_1_771' title='bbox 1080 1838 1212 1864; x_wconf 85' lang='lat' dir='ltr'><strong>rationem</strong></span> <span class='ocrx_word' id='word_1_772' title='bbox 1228 1838 1254 1864; x_wconf 94' lang='lat' dir='ltr'><strong>in</strong></span> <span class='ocrx_word' id='word_1_773' title='bbox 1268 1842 1410 1871; x_wconf 90' lang='lat' dir='ltr'><strong>utramque</strong></span> <span class='ocrx_word' id='word_1_774' title='bbox 1428 1842 1549 1870; x_wconf 84' lang='lat' dir='ltr'><strong>partem.</strong></span> 
     </span>
    </p>
   </div>
   <div class='ocr_carea' id='block_1_101' title="bbox 760 1880 1551 1916">
    <p class='ocr_par' dir='ltr' id='par_1_101' title="bbox 760 1880 1551 1916">
     <span class='ocr_line' id='line_1_101' title="bbox 760 1880 1551 1916; baseline -0.006 -4"><span class='ocrx_word' id='word_1_775' title='bbox 760 1885 817 1912; x_wconf 87' lang='lat' dir='ltr'><strong>sive</strong></span> <span class='ocrx_word' id='word_1_776' title='bbox 834 1892 947 1912; x_wconf 88' lang='lat' dir='ltr'><strong>necesse</strong></span> <span class='ocrx_word' id='word_1_777' title='bbox 964 1884 999 1912; x_wconf 91' lang='lat' dir='ltr'><strong>sit</strong></span> <span class='ocrx_word' id='word_1_778' title='bbox 1015 1884 1105 1911; x_wconf 86' lang='lat' dir='ltr'><strong>dicere</strong></span> <span class='ocrx_word' id='word_1_779' title='bbox 1116 1881 1212 1909; x_wconf 81' lang='lat' dir='ltr'><strong>Judam</strong></span> <span class='ocrx_word' id='word_1_780' title='bbox 1225 1885 1364 1916; x_wconf 85' lang='lat' dir='ltr'><strong>acceptam</strong></span> <span class='ocrx_word' id='word_1_781' title='bbox 1379 1880 1487 1908; x_wconf 70' lang='lat' dir='ltr'><strong>ollulam</strong></span> <span class='ocrx_word' id='word_1_782' title='bbox 1501 1887 1551 1908; x_wconf 80' lang='lat' dir='ltr'><strong>co~</strong></span> 
     </span>
    </p>
   </div>
   <div class='ocr_carea' id='block_1_102' title="bbox 760 1928 1547 1962">
    <p class='ocr_par' dir='ltr' id='par_1_102' title="bbox 760 1928 1547 1962">
     <span class='ocr_line' id='line_1_102' title="bbox 760 1928 1547 1962; baseline -0.004 -5"><span class='ocrx_word' id='word_1_783' title='bbox 760 1931 896 1962; x_wconf 83' lang='lat' dir='ltr'><strong>medissc,</strong></span> <span class='ocrx_word' id='word_1_784' title='bbox 911 1930 970 1957; x_wconf 89' lang='lat' dir='ltr'><strong>sive</strong></span> <span class='ocrx_word' id='word_1_785' title='bbox 991 1937 1005 1956; x_wconf 86' lang='lat' dir='ltr'><strong>a</strong></span> <span class='ocrx_word' id='word_1_786' title='bbox 1027 1929 1125 1957; x_wconf 82' lang='lat' dir='ltr'><strong>Satana</strong></span> <span class='ocrx_word' id='word_1_787' title='bbox 1141 1948 1148 1961; x_wconf 87' lang='lat'><strong>,</strong></span> <span class='ocrx_word' id='word_1_788' title='bbox 1172 1928 1218 1962; x_wconf 87' lang='lat' dir='ltr'><strong>qui</strong></span> <span class='ocrx_word' id='word_1_789' title='bbox 1239 1928 1264 1954; x_wconf 91' lang='lat' dir='ltr'><strong>in</strong></span> <span class='ocrx_word' id='word_1_790' title='bbox 1291 1928 1379 1961; x_wconf 87' lang='lat' dir='ltr'><strong>ipsum</strong></span> <span class='ocrx_word' id='word_1_791' title='bbox 1407 1928 1547 1961; x_wconf 74' lang='lat' dir='ltr'><strong>ingressus</strong></span> 
     </span>
    </p>
   </div>
   <div class='ocr_carea' id='block_1_103' title="bbox 759 1972 1550 2010">
    <p class='ocr_par' dir='ltr' id='par_1_103' title="bbox 759 1972 1550 2010">
     <span class='ocr_line' id='line_1_103' title="bbox 759 1972 1550 2010; baseline -0.005 -8"><span class='ocrx_word' id='word_1_792' title='bbox 759 1976 859 2009; x_wconf 83' lang='lat' dir='ltr'><strong>fuerat,</strong></span> <span class='ocrx_word' id='word_1_793' title='bbox 869 1975 1034 2010; x_wconf 88' lang='lat' dir='ltr'><strong>prohibitum</strong></span> <span class='ocrx_word' id='word_1_794' title='bbox 1052 1974 1146 2002; x_wconf 76' lang='lat' dir='ltr'><strong>fuisse.</strong></span> <span class='ocrx_word' id='word_1_795' title='bbox 1155 1973 1202 2000; x_wconf 90' lang='lat' dir='ltr'><strong>Sin</strong></span> <span class='ocrx_word' id='word_1_796' title='bbox 1214 1980 1278 2001; x_wconf 82' lang='lat' dir='ltr'><strong>vero</strong></span> <span class='ocrx_word' id='word_1_797' title='bbox 1289 1972 1456 2007; x_wconf 88' lang='lat' dir='ltr'><strong>perpendere</strong></span> <span class='ocrx_word' id='word_1_798' title='bbox 1466 1972 1550 1999; x_wconf 85' lang='lat' dir='ltr'><strong>etiam</strong></span> 
     </span>
    </p>
   </div>
   <div class='ocr_carea' id='block_1_104' title="bbox 760 2019 1549 2055">
    <p class='ocr_par' dir='ltr' id='par_1_104' title="bbox 760 2019 1549 2055">
     <span class='ocr_line' id='line_1_104' title="bbox 760 2019 1549 2055; baseline -0.004 -9"><span class='ocrx_word' id='word_1_799' title='bbox 760 2020 824 2048; x_wconf 88' lang='lat' dir='ltr'><strong>illud</strong></span> <span class='ocrx_word' id='word_1_800' title='bbox 836 2025 955 2055; x_wconf 84' lang='lat' dir='ltr'><strong>oportet,</strong></span> <span class='ocrx_word' id='word_1_801' title='bbox 972 2029 982 2046; x_wconf 79' lang='grc' dir='ltr'><strong>ι</strong></span> <span class='ocrx_word' id='word_1_802' title='bbox 999 2025 1057 2048; x_wconf 88' lang='lat' dir='ltr'><strong>erat</strong></span> <span class='ocrx_word' id='word_1_803' title='bbox 1084 2024 1174 2048; x_wconf 80' lang='lat' dir='ltr'><strong>autent</strong></span> <span class='ocrx_word' id='word_1_804' title='bbox 1199 2026 1252 2047; x_wconf 81' lang='lat' dir='ltr'><strong>nox</strong></span> <span class='ocrx_word' id='word_1_805' title='bbox 1264 2019 1298 2050; x_wconf 85' lang='lat'><strong>&quot;’,</strong></span> <span class='ocrx_word' id='word_1_806' title='bbox 1318 2028 1328 2045; x_wconf 80' lang='grc' dir='ltr'><strong>ι</strong></span> <span class='ocrx_word' id='word_1_807' title='bbox 1342 2023 1470 2053; x_wconf 87' lang='lat' dir='ltr'><strong>tanquam</strong></span> <span class='ocrx_word' id='word_1_808' title='bbox 1495 2025 1549 2043; x_wconf 88' lang='lat' dir='ltr'><strong>non</strong></span> 
     </span>
    </p>
   </div>
   <div class='ocr_carea' id='block_1_105' title="bbox 760 2064 1550 2101">
    <p class='ocr_par' dir='ltr' id='par_1_105' title="bbox 760 2064 1550 2101">
     <span class='ocr_line' id='line_1_105' title="bbox 760 2064 1550 2101; baseline -0.005 -8"><span class='ocrx_word' id='word_1_809' title='bbox 760 2071 862 2093; x_wconf 86' lang='lat' dir='ltr'><strong>temere</strong></span> <span class='ocrx_word' id='word_1_810' title='bbox 873 2066 1039 2101; x_wconf 76' lang='lat' dir='ltr'><strong>assignatum</strong></span> <span class='ocrx_word' id='word_1_811' title='bbox 1049 2066 1081 2093; x_wconf 82' lang='lat' dir='ltr'><strong>ab</strong></span> <span class='ocrx_word' id='word_1_812' title='bbox 1090 2065 1264 2101; x_wconf 76' lang='lat' dir='ltr'><strong>evangelista,</strong></span> <span class='ocrx_word' id='word_1_813' title='bbox 1275 2064 1419 2092; x_wconf 89' lang='lat' dir='ltr'><strong>dicendum</strong></span> <span class='ocrx_word' id='word_1_814' title='bbox 1428 2067 1550 2098; x_wconf 83' lang='lat' dir='ltr'><strong>estsym-</strong></span> 
     </span>
    </p>
   </div>
   <div class='ocr_carea' id='block_1_106' title="bbox 759 2110 1549 2143">
    <p class='ocr_par' dir='ltr' id='par_1_106' title="bbox 759 2110 1549 2143">
     <span class='ocr_line' id='line_1_106' title="bbox 759 2110 1549 2143; baseline -0.006 -4"><span class='ocrx_word' id='word_1_815' title='bbox 759 2112 846 2139; x_wconf 88' lang='lat' dir='ltr'><strong>bolice</strong></span> <span class='ocrx_word' id='word_1_816' title='bbox 859 2116 922 2139; x_wconf 86' lang='lat' dir='ltr'><strong>tunc</strong></span> <span class='ocrx_word' id='word_1_817' title='bbox 934 2116 1041 2139; x_wconf 89' lang='lat' dir='ltr'><strong>noctem</strong></span> <span class='ocrx_word' id='word_1_818' title='bbox 1056 2112 1137 2139; x_wconf 80' lang='lat' dir='ltr'><strong>fuisse</strong></span> <span class='ocrx_word' id='word_1_819' title='bbox 1149 2112 1199 2139; x_wconf 87' lang='lat' dir='ltr'><strong>sub</strong></span> <span class='ocrx_word' id='word_1_820' title='bbox 1207 2118 1316 2139; x_wconf 89' lang='lat' dir='ltr'><strong>sensum</strong></span> <span class='ocrx_word' id='word_1_821' title='bbox 1327 2110 1478 2141; x_wconf 86' lang='lat' dir='ltr'><strong>cadentem,</strong></span> <span class='ocrx_word' id='word_1_822' title='bbox 1488 2115 1549 2143; x_wconf 81' lang='lat' dir='ltr'><strong>qua:</strong></span> 
     </span>
    </p>
   </div>
   <div class='ocr_carea' id='block_1_107' title="bbox 759 2152 1550 2192">
    <p class='ocr_par' dir='ltr' id='par_1_107' title="bbox 759 2152 1550 2192">
     <span class='ocr_line' id='line_1_107' title="bbox 759 2152 1550 2192; baseline -0.006 -8"><span class='ocrx_word' id='word_1_823' title='bbox 759 2157 848 2192; x_wconf 81' lang='lat' dir='ltr'><strong>imago</strong></span> <span class='ocrx_word' id='word_1_824' title='bbox 859 2157 1002 2184; x_wconf 76' lang='lat' dir='ltr'><strong>exsisteret</strong></span> <span class='ocrx_word' id='word_1_825' title='bbox 1011 2157 1099 2184; x_wconf 86' lang='lat' dir='ltr'><strong>noctis</strong></span> <span class='ocrx_word' id='word_1_826' title='bbox 1107 2156 1187 2184; x_wconf 75' lang='lat' dir='ltr'><strong>taetre</strong></span> <span class='ocrx_word' id='word_1_827' title='bbox 1197 2157 1222 2183; x_wconf 93' lang='lat' dir='ltr'><strong>in</strong></span> <span class='ocrx_word' id='word_1_828' title='bbox 1233 2155 1322 2183; x_wconf 88' lang='lat' dir='ltr'><strong>anima</strong></span> <span class='ocrx_word' id='word_1_829' title='bbox 1336 2153 1429 2186; x_wconf 68' lang='lat' dir='ltr'><strong>Iudae;</strong></span> <span class='ocrx_word' id='word_1_830' title='bbox 1441 2152 1550 2188; x_wconf 84' lang='lat' dir='ltr'><strong>quando</strong></span> 
     </span>
    </p>
   </div>
   <div class='ocr_carea' id='block_1_108' title="bbox 760 2199 1549 2238">
    <p class='ocr_par' dir='ltr' id='par_1_108' title="bbox 760 2199 1549 2238">
     <span class='ocr_line' id='line_1_108' title="bbox 760 2199 1549 2238; baseline -0.008 -8"><span class='ocrx_word' id='word_1_831' title='bbox 760 2211 821 2238; x_wconf 71' lang='lat' dir='ltr'><strong>qua:</strong></span> <span class='ocrx_word' id='word_1_832' title='bbox 838 2202 995 2230; x_wconf 80' lang='lat' dir='ltr'><strong>ferebantur</strong></span> <span class='ocrx_word' id='word_1_833' title='bbox 1009 2210 1090 2237; x_wconf 87' lang='lat' dir='ltr'><strong>super</strong></span> <span class='ocrx_word' id='word_1_834' title='bbox 1107 2202 1246 2237; x_wconf 86' lang='lat' dir='ltr'><strong>abyssum,</strong></span> <span class='ocrx_word' id='word_1_835' title='bbox 1264 2201 1316 2228; x_wconf 67' lang='lat' dir='ltr'><strong>illae</strong></span> <span class='ocrx_word' id='word_1_836' title='bbox 1331 2199 1460 2232; x_wconf 67' lang='lat' dir='ltr'><strong>tenebrae,</strong></span> <span class='ocrx_word' id='word_1_837' title='bbox 1474 2205 1549 2225; x_wconf 86' lang='lat' dir='ltr'><strong>nem-</strong></span> 
     </span>
    </p>
   </div>
   <div class='ocr_carea' id='block_1_109' title="bbox 759 2243 1550 2284">
    <p class='ocr_par' dir='ltr' id='par_1_109' title="bbox 759 2243 1550 2284">
     <span class='ocr_line' id='line_1_109' title="bbox 759 2243 1550 2284; baseline -0.009 -8"><span class='ocrx_word' id='word_1_838' title='bbox 759 2256 794 2284; x_wconf 90' lang='lat' dir='ltr'><strong>pe</strong></span> <span class='ocrx_word' id='word_1_839' title='bbox 820 2248 945 2282; x_wconf 87' lang='lat' dir='ltr'><strong>Satanas,</strong></span> <span class='ocrx_word' id='word_1_840' title='bbox 974 2248 1102 2283; x_wconf 71' lang='lat' dir='ltr'><strong>ingrcssae</strong></span> <span class='ocrx_word' id='word_1_841' title='bbox 1127 2253 1189 2275; x_wconf 89' lang='lat' dir='ltr'><strong>sunt</strong></span> <span class='ocrx_word' id='word_1_842' title='bbox 1204 2248 1233 2275; x_wconf 91' lang='lat' dir='ltr'><strong>in</strong></span> <span class='ocrx_word' id='word_1_843' title='bbox 1253 2254 1334 2279; x_wconf 83' lang='lat' dir='ltr'><strong>eum;</strong></span> <span class='ocrx_word' id='word_1_844' title='bbox 1348 2245 1458 2273; x_wconf 84' lang='lat' dir='ltr'><strong>vocavit</strong></span> <span class='ocrx_word' id='word_1_845' title='bbox 1475 2243 1550 2270; x_wconf 89' lang='lat' dir='ltr'><strong>cnim</strong></span> 
     </span>
    </p>
   </div>
   <div class='ocr_carea' id='block_1_110' title="bbox 760 2290 1550 2329">
    <p class='ocr_par' dir='ltr' id='par_1_110' title="bbox 760 2290 1550 2329">
     <span class='ocr_line' id='line_1_110' title="bbox 760 2290 1550 2329; baseline -0.009 -6"><span class='ocrx_word' id='word_1_846' title='bbox 760 2295 831 2323; x_wconf 88' lang='lat' dir='ltr'><strong>Deus</strong></span> <span class='ocrx_word' id='word_1_847' title='bbox 860 2295 1001 2329; x_wconf 84' lang='lat' dir='ltr'><strong>tenebras,</strong></span> <span class='ocrx_word' id='word_1_848' title='bbox 1030 2294 1196 2328; x_wconf 80' lang='lat' dir='ltr'><strong>noctem“;</strong></span> <span class='ocrx_word' id='word_1_849' title='bbox 1217 2301 1303 2329; x_wconf 86' lang='lat' dir='ltr'><strong>quare</strong></span> <span class='ocrx_word' id='word_1_850' title='bbox 1330 2292 1435 2324; x_wconf 89' lang='lat' dir='ltr'><strong>noctis,</strong></span> <span class='ocrx_word' id='word_1_851' title='bbox 1461 2290 1550 2324; x_wconf 85' lang='lat' dir='ltr'><strong>inquit</strong></span> 
     </span>
    </p>
   </div>
   <div class='ocr_carea' id='block_1_111' title="bbox 759 2337 1546 2374">
    <p class='ocr_par' dir='ltr' id='par_1_111' title="bbox 759 2337 1546 2374">
     <span class='ocr_line' id='line_1_111' title="bbox 759 2337 1546 2374; baseline -0.01 -5"><span class='ocrx_word' id='word_1_852' title='bbox 759 2341 870 2374; x_wconf 82' lang='lat' dir='ltr'><strong>Paulus,</strong></span> <span class='ocrx_word' id='word_1_853' title='bbox 880 2348 933 2368; x_wconf 88' lang='lat' dir='ltr'><strong>non</strong></span> <span class='ocrx_word' id='word_1_854' title='bbox 953 2348 1048 2368; x_wconf 87' lang='lat' dir='ltr'><strong>sumus</strong></span> <span class='ocrx_word' id='word_1_855' title='bbox 1063 2340 1123 2373; x_wconf 79' lang='lat' dir='ltr'><strong>lilii,</strong></span> <span class='ocrx_word' id='word_1_856' title='bbox 1137 2347 1223 2374; x_wconf 87' lang='lat' dir='ltr'><strong>neque</strong></span> <span class='ocrx_word' id='word_1_857' title='bbox 1239 2339 1422 2369; x_wconf 88' lang='lat' dir='ltr'><strong>tenebrarum,</strong></span> <span class='ocrx_word' id='word_1_858' title='bbox 1436 2337 1546 2364; x_wconf 81' lang='lat' dir='ltr'><strong>diecns:</strong></span> 
     </span>
    </p>
   </div>
   <div class='ocr_carea' id='block_1_112' title="bbox 763 2382 1548 2424">
    <p class='ocr_par' dir='ltr' id='par_1_112' title="bbox 763 2382 1548 2424">
     <span class='ocr_line' id='line_1_112' title="bbox 763 2382 1548 2424; baseline -0.008 -10"><span class='ocrx_word' id='word_1_859' title='bbox 763 2398 772 2414; x_wconf 79' lang='grc' dir='ltr'><strong>ι</strong></span> <span class='ocrx_word' id='word_1_860' title='bbox 793 2389 875 2424; x_wconf 75' lang='lat' dir='ltr'><strong>Ergo,</strong></span> <span class='ocrx_word' id='word_1_861' title='bbox 894 2387 1004 2419; x_wconf 81' lang='lat' dir='ltr'><strong>fratres,</strong></span> <span class='ocrx_word' id='word_1_862' title='bbox 1022 2393 1075 2413; x_wconf 88' lang='lat' dir='ltr'><strong>non</strong></span> <span class='ocrx_word' id='word_1_863' title='bbox 1097 2392 1191 2413; x_wconf 90' lang='lat' dir='ltr'><strong>sumus</strong></span> <span class='ocrx_word' id='word_1_864' title='bbox 1204 2385 1303 2417; x_wconf 90' lang='lat' dir='ltr'><strong>noctis,</strong></span> <span class='ocrx_word' id='word_1_865' title='bbox 1320 2390 1409 2418; x_wconf 84' lang='lat' dir='ltr'><strong>neque</strong></span> <span class='ocrx_word' id='word_1_866' title='bbox 1423 2382 1548 2410; x_wconf 87' lang='lat' dir='ltr'><strong>tenebra-</strong></span> 
     </span>
    </p>
   </div>
   <div class='ocr_carea' id='block_1_113' title="bbox 600 2451 1107 2488">
    <p class='ocr_par' dir='ltr' id='par_1_113' title="bbox 600 2451 1107 2488">
     <span class='ocr_line' id='line_1_113' title="bbox 600 2451 1107 2488; baseline -0.008 -7"><span class='ocrx_word' id='word_1_867' title='bbox 600 2453 622 2469; x_wconf 71' lang='lat'><strong>‘7</strong></span> <span class='ocrx_word' id='word_1_868' title='bbox 639 2452 717 2481; x_wconf 86' lang='lat' dir='ltr'><strong>Joan.</strong></span> <span class='ocrx_word' id='word_1_869' title='bbox 730 2462 790 2488; x_wconf 82' lang='lat' dir='ltr'><strong>xm,</strong></span> <span class='ocrx_word' id='word_1_870' title='bbox 806 2453 852 2481; x_wconf 82' lang='lat'><strong>&#39;50.</strong></span> <span class='ocrx_word' id='word_1_871' title='bbox 891 2453 914 2469; x_wconf 79' lang='grc'><strong>⁸⁸</strong></span> <span class='ocrx_word' id='word_1_872' title='bbox 934 2452 1032 2481; x_wconf 87' lang='lat' dir='ltr'><strong>Genes.</strong></span> <span class='ocrx_word' id='word_1_873' title='bbox 1047 2459 1065 2484; x_wconf 88' lang='lat' dir='ltr'><strong>I,</strong></span> <span class='ocrx_word' id='word_1_874' title='bbox 1080 2451 1107 2478; x_wconf 84' lang='lat'><strong>5.</strong></span> 
     </span>
    </p>
   </div>
   <div class='ocr_carea' id='block_1_114' title="bbox 811 2518 1422 2558">
    <p class='ocr_par' dir='ltr' id='par_1_114' title="bbox 811 2518 1422 2558">
     <span class='ocr_line' id='line_1_114' title="bbox 811 2518 1422 2558; baseline -0.008 -7"><span class='ocrx_word' id='word_1_875' title='bbox 811 2523 852 2557; x_wconf 79' lang='lat' dir='ltr'><strong>l5)</strong></span> <span class='ocrx_word' id='word_1_876' title='bbox 868 2522 958 2550; x_wconf 80' lang='lat' dir='ltr'><strong>Codex</strong></span> <span class='ocrx_word' id='word_1_877' title='bbox 968 2520 1089 2558; x_wconf 56' lang='lat' dir='ltr'><strong>Regius,</strong></span> <span class='ocrx_word' id='word_1_878' title='bbox 1105 2520 1143 2552; x_wconf 86' lang='grc' dir='ltr'>ὡς</span> <span class='ocrx_word' id='word_1_879' title='bbox 1158 2518 1422 2558; x_wconf 38' lang='grc' dir='ltr'>ἐνιπαραδεζγματι.</span> 
     </span>
    </p>
   </div>
   <div class='ocr_carea' id='block_1_115' title="bbox 796 2524 1552 2594">
    <p class='ocr_par' dir='ltr' id='par_1_115' title="bbox 796 2524 1552 2594">
     <span class='ocr_line' id='line_1_115' title="bbox 811 2524 1422 2558; baseline -0.008 -7"><span class='ocrx_word' id='word_1_880' title='bbox 811 2524 852 2557; x_wconf 79' lang='lat' dir='ltr'><strong>l5)</strong></span> <span class='ocrx_word' id='word_1_881' title='bbox 868 2524 958 2550; x_wconf 79' lang='lat' dir='ltr'><strong>Codex</strong></span> <span class='ocrx_word' id='word_1_882' title='bbox 976 2524 1088 2555; x_wconf 77' lang='lat' dir='ltr'><strong>Regius,</strong></span> <span class='ocrx_word' id='word_1_883' title='bbox 1105 2524 1143 2552; x_wconf 80' lang='grc' dir='ltr'><strong>ὡς</strong></span> <span class='ocrx_word' id='word_1_884' title='bbox 1158 2524 1186 2546; x_wconf 76' lang='grc' dir='ltr'><strong>εν</strong></span> <span class='ocrx_word' id='word_1_885' title='bbox 1208 2524 1422 2558; x_wconf 64' lang='grc' dir='ltr'>παραδείγματι.</span> 
     </span>
     <span class='ocr_line' id='line_1_116' title="bbox 796 2524 1552 2594; baseline -0.004 -9"><span class='ocrx_word' id='word_1_886' title='bbox 796 2524 851 2594; x_wconf 52' lang='lat' dir='ltr'><strong>EH)</strong></span> <span class='ocrx_word' id='word_1_887' title='bbox 871 2558 922 2585; x_wconf 76' lang='lat' dir='ltr'><strong>I’ro</strong></span> <span class='ocrx_word' id='word_1_888' title='bbox 936 2556 997 2594; x_wconf 45' lang='lat' dir='ltr'><strong>sip:</strong></span> <span class='ocrx_word' id='word_1_889' title='bbox 1017 2555 1125 2589; x_wconf 80' lang='grc' dir='ltr'>εὐεξίαν</span> <span class='ocrx_word' id='word_1_890' title='bbox 1150 2555 1234 2582; x_wconf 83' lang='lat' dir='ltr'><strong>codex</strong></span> <span class='ocrx_word' id='word_1_891' title='bbox 1261 2553 1362 2589; x_wconf 71' lang='lat' dir='ltr'><strong>llcgtus</strong></span> <span class='ocrx_word' id='word_1_892' title='bbox 1390 2553 1484 2587; x_wconf 86' lang='lat' dir='ltr'><strong>habet,</strong></span> <span class='ocrx_word' id='word_1_893' title='bbox 1501 2557 1552 2584; x_wconf 76' lang='grc' dir='ltr'>καὶ</span> 
     </span>
    </p>
   </div>
   <div class='ocr_carea' id='block_1_116' title="bbox 759 2592 1548 2670">
    <p class='ocr_par' dir='ltr' id='par_1_116' title="bbox 759 2592 1548 2670">
     <span class='ocr_line' id='line_1_117' title="bbox 759 2592 1548 2670; baseline -0.005 -16"><span class='ocrx_word' id='word_1_894' title='bbox 759 2592 1154 2670; x_wconf 63' lang='grc' dir='ltr'>βοάΙείιιιιιις,</span> <span class='ocrx_word' id='word_1_895' title='bbox 1167 2623 1320 2659; x_wconf 85' lang='grc' dir='ltr'>πρόφασις·</span> <span class='ocrx_word' id='word_1_896' title='bbox 1338 2622 1421 2650; x_wconf 87' lang='lat' dir='ltr'><strong>editio</strong></span> <span class='ocrx_word' id='word_1_897' title='bbox 1443 2622 1548 2658; x_wconf 83' lang='lat' dir='ltr'><strong>Huetii,</strong></span> 
     </span>
    </p>
   </div>
   <div class='ocr_carea' id='block_1_117' title="bbox 760 2663 1548 2736">
    <p class='ocr_par' dir='ltr' id='par_1_117' title="bbox 760 2663 1548 2736">
     <span class='ocr_line' id='line_1_118' title="bbox 760 2663 1151 2700; baseline -0.013 -9"><span class='ocrx_word' id='word_1_898' title='bbox 760 2663 921 2699; x_wconf 78' lang='grc' dir='ltr'>προφάσεις,</span> <span class='ocrx_word' id='word_1_899' title='bbox 939 2663 1021 2688; x_wconf 88' lang='lat' dir='ltr'><strong>male.</strong></span> <span class='ocrx_word' id='word_1_900' title='bbox 1137 2695 1151 2700; x_wconf 88' lang='lat'>_</span> 
     </span>
     <span class='ocr_line' id='line_1_119' title="bbox 795 2692 1548 2736; baseline -0.005 -11"><span class='ocrx_word' id='word_1_901' title='bbox 795 2697 849 2736; x_wconf 61' lang='lat' dir='ltr'><strong>(lg)</strong></span> <span class='ocrx_word' id='word_1_902' title='bbox 866 2698 959 2736; x_wconf 83' lang='lat' dir='ltr'><strong>_C_odex</strong></span> <span class='ocrx_word' id='word_1_903' title='bbox 977 2696 1085 2736; x_wconf 60' lang='lat' dir='ltr'><strong>Regius,</strong></span> <span class='ocrx_word' id='word_1_904' title='bbox 1101 2694 1234 2736; x_wconf 57' lang='grc' dir='ltr'>ταυτα-δέ</span> <span class='ocrx_word' id='word_1_905' title='bbox 1251 2703 1295 2730; x_wconf 89' lang='grc' dir='ltr'><strong>μοι</strong></span> <span class='ocrx_word' id='word_1_906' title='bbox 1307 2693 1414 2736; x_wconf 68' lang='grc' dir='ltr'>εζρηται</span> <span class='ocrx_word' id='word_1_907' title='bbox 1429 2692 1548 2736; x_wconf 79' lang='grc' dir='ltr'>ψωμίου.</span> 
     </span>
    </p>
   </div>
   <div class='ocr_carea' id='block_1_118' title="bbox 795 2730 1496 2767">
    <p class='ocr_par' dir='ltr' id='par_1_118' title="bbox 795 2730 1496 2767">
     <span class='ocr_line' id='line_1_120' title="bbox 795 2730 1496 2767; baseline -0.007 -8"><span class='ocrx_word' id='word_1_908' title='bbox 795 2730 852 2767; x_wconf 71' lang='grc'>(17)</span> <span class='ocrx_word' id='word_1_909' title='bbox 866 2733 936 2759; x_wconf 89' lang='lat' dir='ltr'><strong>Idem</strong></span> <span class='ocrx_word' id='word_1_910' title='bbox 950 2730 1039 2767; x_wconf 63' lang='lat' dir='ltr'><strong>eodeit</strong></span> <span class='ocrx_word' id='word_1_911' title='bbox 1052 2732 1163 2767; x_wconf 75' lang='lat' dir='ltr'><strong>Regius,</strong></span> <span class='ocrx_word' id='word_1_912' title='bbox 1180 2730 1301 2767; x_wconf 83' lang='grc' dir='ltr'>Σίμωνος</span> <span class='ocrx_word' id='word_1_913' title='bbox 1324 2730 1496 2764; x_wconf 70' lang='grc' dir='ltr'>Ὶσκαριιὶιτῃ.</span> 
     </span>
    </p>
   </div>
   <div class='ocr_carea' id='block_1_119' title="bbox 807 2765 1274 2800">
    <p class='ocr_par' dir='ltr' id='par_1_119' title="bbox 807 2765 1274 2800">
     <span class='ocr_line' id='line_1_121' title="bbox 807 2765 1274 2800; baseline -0.011 -5"><span class='ocrx_word' id='word_1_914' title='bbox 807 2765 851 2800; x_wconf 76' lang='grc'><strong>18)</strong></span> <span class='ocrx_word' id='word_1_915' title='bbox 864 2767 955 2794; x_wconf 82' lang='lat' dir='ltr'><strong>Codex</strong></span> <span class='ocrx_word' id='word_1_916' title='bbox 975 2766 1086 2800; x_wconf 73' lang='lat' dir='ltr'><strong>Regius,</strong></span> <span class='ocrx_word' id='word_1_917' title='bbox 1096 2765 1274 2800; x_wconf 76' lang='grc' dir='ltr'>εὐαγγελίου.</span> 
     </span>
    </p>
   </div>
   <div class='ocr_carea' id='block_1_120' title="bbox 809 2799 1343 2838">
    <p class='ocr_par' dir='ltr' id='par_1_120' title="bbox 809 2799 1343 2838">
     <span class='ocr_line' id='line_1_122' title="bbox 809 2799 1343 2838; baseline -0.007 -8"><span class='ocrx_word' id='word_1_918' title='bbox 809 2799 852 2838; x_wconf 86' lang='lat' dir='ltr'><strong>t9)</strong></span> <span class='ocrx_word' id='word_1_919' title='bbox 874 2801 976 2829; x_wconf 74' lang='grc' dir='ltr'>Τέκνα.</span> <span class='ocrx_word' id='word_1_920' title='bbox 995 2799 1075 2828; x_wconf 84' lang='lat' dir='ltr'><strong>Deest</strong></span> <span class='ocrx_word' id='word_1_921' title='bbox 1090 2800 1118 2828; x_wconf 95' lang='lat' dir='ltr'><strong>in</strong></span> <span class='ocrx_word' id='word_1_922' title='bbox 1134 2801 1230 2829; x_wconf 83' lang='lat' dir='ltr'><strong>codice</strong></span> <span class='ocrx_word' id='word_1_923' title='bbox 1249 2799 1343 2834; x_wconf 80' lang='lat' dir='ltr'><strong>ltcgio.</strong></span> 
     </span>
    </p>
   </div>
  </div>
