1835 3047
443 79 621 106 (ἰυΜΜΕΝΤ.
642 79 673 104 ΙΝ
694 78 789 105 MAN.
811 77 929 105 T0.\|US
949 77 1056 105 XXX".

0 135 131 171 ἀρμένος,
147 134 194 161 καὶ
211 133 384 169 ὖπεραναϐὰς
407 133 496 159 πάντα
512 132 591 159 ὑλικὰ
606 131 678 163 νοῦς,
693 132 737 158 ἵνα
751 134 772 162 Α

0 181 90 216 ιιῆώσῃ
101 181 152 215 τὴν
171 179 288 215 θεωρίαν
302 179 349 206 τοῦ
365 179 443 210 Θεοῦ,
460 179 489 205 ὲν
502 176 542 210 οἷς
557 178 664 213 θεωρεῖ,
680 177 738 203 θεο-

0 228 78 253 εἲται·
103 225 216 252 λεκτέον
238 225 360 252 τοιοῦτον
385 223 455 252 εἶναι
480 225 510 251 τὸ
536 224 693 258 δεδοξάσθαι
709 224 738 251 τὸ

0 280 92 297 σωτοον
107 270 157 297 τοῦ
173 270 358 306 θεωρήσαντος
381 270 426 296 τὸν
445 270 520 302 Θεὸν,
535 271 581 297 καὶ
594 272 740 307 ὁμιλήσαν-

5 317 91 352 αὺτῷ,
107 317 155 343 καὶ
168 317 405 352 συνδιατρίψαντος
418 316 528 352 τοιαύτῃ
549 317 609 353 θέᾳ,
623 318 661 350 ὡς
676 319 738 345 τοῦ-

2 361 56 389 ἷναι
69 363 213 398 τροπικῶς
233 362 264 388 τὸ
285 362 478 397 δεδοξασμένον
497 362 643 398 πρόσωπον
657 364 739 390 Mur?)-

0 418 23 440 ς,
44 408 256 443 θεοτινοιηθὲντος
275 407 349 443 αὐτῷ
365 407 412 434 τοῦ
436 407 492 434 νοῦ.
516 408 595 435 Κατὰ
617 408 696 435 τοῦτο
710 409 740 435 δὲ

7 453 21 479 ό
45 452 211 483 ’ἀπόστολος
224 452 301 486 ἔλεγε
316 452 348 478 τό
357 460 364 467 δ
380 461 389 478 ι
400 453 496 487 Ἡμεῖς
509 452 537 478 δὲ
552 453 662 485 πάντες,
676 454 740 480 ἀνα-

0 497 152 533 ιλυμμένῳ
165 496 305 532 προσώπῳ
319 496 367 532 τὴν
382 496 460 529 δόξαν
477 497 579 532 Κυρίου
597 506 740 533 κατοπτρι-

0 542 134 578 ενοι,,τὴν
153 541 239 577 αὐτὴν
258 541 351 568 εἰκόνα
374 542 632 577 μεταμορφούμεθα.
646 551 656 568 ι
676 543 740 569 ’Ὡσ-

10 588 37 614 se
53 589 70 623 ὴ
98 587 150 614 τοῦ
172 586 328 623 νυκτερινοῦ
345 587 433 622 φωτὸς
459 588 619 624 λαμπρότης
635 588 741 615 ἀνατεί-

0 642 37 665 :o;
48 633 98 660 τοῦ
117 633 196 669 ἡλίου
213 633 398 669 ἀμαυροῦται,
413 633 484 660 οὕτω
498 634 515 668 ἡ
532 633 585 660 ὑπὸ
601 633 740 666 Μωῡσέως

0 700 3 705 ν
19 679 73 706 ὑπὸ
90 680 147 715 τῆς
161 680 190 706 ἐν
203 679 314 715 Χριστῷ
324 688 330 694 ·
348 679 490 715 σύγκρισιν
502 679 556 715 γὰρ
570 679 620 706 οὐκ
636 676 707 714 εἶχεν
723 680 740 715 ὴ

0 724 103 761 ἱριστῷ
130 724 252 761 ὑπροχὴ
271 725 303 760 ἠν
324 724 464 759 γινώσκων
482 725 538 760 (51)
563 724 608 751 τὸν
632 724 741 760 Πατέρα

0 779 49 797 ασε
65 770 139 805 περὶ
155 769 236 796 αὑτοῦ
246 770 313 805 πρὸς
329 769 363 797 τὰ
386 769 438 796 ὑπὸ
452 769 591 800 Μωῦσέως
606 768 741 802 γνωσθέν-

1521 78 1572 105 818

788 137 908 166 scuntur,
920 140 1034 167 quasque
1044 131 1101 159 acie
1116 131 1215 159 mentis
1226 131 1413 166 dispiciuntur,
1429 137 1491 167 apte
1511 140 1574 168 pm-

789 181 848 212 pter
860 177 1050 205 excellentiam
1067 177 1193 212 puritatis
1216 178 1339 205 dicentttr
1352 185 1413 206 esse
1425 178 1508 213 gloria
1528 179 1573 205 Dei

789 226 945 256 conspecta,
964 221 1091 256 quoniam
1107 229 1183 249 mens
1195 222 1381 254 munditieata,
1396 227 1423 250 et
1438 230 1499 257 qum
1514 230 1573 248 ma-

791 266 894 293 terialia
909 272 1006 294 cuncta
1023 267 1231 299 transcenderit,
1243 273 1278 294 .ιιι
1293 272 1419 294 accurate
1435 267 1571 294 ἱηιιιο-ιιιιιι

788 312 919 339 visionem
933 312 990 345 Dei,
1002 313 1035 339 ob
1045 321 1076 340 ea
1090 320 1150 346 qua:
1160 312 1289 345 intuetur,
1305 313 1456 342 deiﬁcatur.
1471 313 1572 341 Dicen-

790 358 852 385 dum
865 362 907 385 est
920 358 1000 385 etiam
1015 358 1145 393 ejusmodi
1161 365 1221 386 esse
1237 358 1381 393 gloriﬁcari
1395 358 1490 386 facient
1516 358 1574 393 ejus

789 403 835 438 qui
855 403 938 431 Deum
954 404 1067 431 intuitus
1082 403 1173 436 fuerit,
1187 408 1214 431 et
1229 412 1290 431 cum
1312 405 1372 439 ipso
1387 409 1571 436 conversatus.

789 449 890 484 quique
913 457 975 477 eum
992 449 1145 483 huiusmodi
1160 450 1265 477 visione
1282 450 1506 477 consuetudinem
1522 451 1573 477 ha-

790 493 890 525 buerit,
913 498 943 520 ut
963 495 1066 529 tropice
1090 494 1239 529 gloriﬁcata
1267 494 1348 522 fuisse
1368 495 1466 530 Moysis
1490 495 1574 523 facies

791 539 969 574 intelligatur,
983 540 1045 574 quia
1056 547 1130 567 mens
1141 540 1213 567 illius
1228 540 1352 567 deilicata
1365 540 1453 567 fuerit.
1465 541 1493 568 In
1506 541 1575 568 hanc

790 585 952 612 sententiam
964 585 1111 620 Apostolus
1125 592 1232 620 quoque
1245 585 1353 613 dicebat
1362 586 1405 613 ":
1427 595 1435 611 ι
1451 585 1504 613 Nos
1525 594 1574 613 au-

791 635 844 658 tem
861 638 955 658 omnes
971 636 1071 658 retecta
1086 631 1154 658 facie
1171 631 1284 666 gloriatn
1298 631 1407 658 Domini
1423 631 1449 659 in
1465 632 1578 666 speculo

790 681 1028 712 repraesentantes,
1047 677 1080 704 ad
1094 677 1216 703 eamdem
1233 677 1377 712 imaginem
1399 677 1577 705 transforma‘

791 731 878 750 mur.»
898 723 932 750 Ut
945 728 1036 751 autem
1054 727 1193 750 nocturnm
1207 723 1274 750 lucis
1295 723 1423 757 splendor
1437 724 1580 750 exoriente

791 769 848 796 sole
866 769 1025 800 olTuscatur,
1040 769 1080 796 sic
1093 768 1193 804 Moysis
1205 769 1299 803 gloria:
1315 769 1440 796 tenebras
1462 768 1581 797 offundit

1 817 48 843 καὶ
73 816 231 848 δοξάσαντα
247 815 277 842 τὸ
298 815 443 851 πρόσωπον
464 815 514 850 τῆς
529 814 619 850 ψυχῆς
641 811 739 841 αὐτοῦ·

831 815 877 842 »ι’ἰιι
901 822 963 850 qua:
986 820 1030 842 est
1048 815 1074 842 in
1090 814 1217 842 Christo;
1233 814 1317 850 “9
1332 822 1392 841 cum
1411 814 1511 847 alioqui
1531 822 1578 842 ex-

0 862 212 898 ιαταργουμένη
227 861 335 897 εἴρηται
354 862 370 896 ἡ
396 861 444 887 ἐπὶ
458 860 596 892 Μωῡσέως
610 859 672 894 δόξα
685 859 739 886 άπὸ

831 860 917 887 lentia
936 868 996 895 quae
1020 864 1062 887 est
1086 859 1112 886 in
1128 859 1238 887 Christo
1262 859 1493 893 comparationem
1523 868 1585 886 non

3 907 240 944 ὑπερδειλλούσης
253 909 282 934 ὲν
297 907 407 943 Χριστῷ
422 906 516 942 δόξηςι

831 907 905 940 beat,
919 914 970 940 qua
984 912 1135 941 agnoscens
1150 905 1260 933 Patrem
1280 904 1415 937 Christus,
1433 905 1516 940 longe
1524 913 1585 932 nia.-

0 955 171 990 glorilicatus
185 955 235 982 fuit
249 962 329 989 quam
347 954 430 982 fuerit
443 954 549 989 Moyses
574 961 612 982 ex.
635 953 678 982 his
695 961 755 988 qua:
778 960 792 980 a
815 961 845 981 se
860 954 967 989 cognita
993 953 1082 985 fuere,
1103 957 1131 980 et
1158 960 1218 988 qua
1238 952 1458 988 gloriﬁcaverunt
1483 953 1577 980 faciem

0 1011 34 1030 tae
49 1003 129 1037 ejus.
146 1002 249 1030 Idcirco
263 1001 348 1036 gloria
360 1002 386 1029 in
405 1002 496 1037 Moyse
506 1002 641 1029 exsistens
659 1001 730 1029 dicta
741 1006 785 1029 est
799 1001 903 1028 destrui
918 1009 932 1027 a
947 1001 1159 1035 supereminenti
1172 1000 1257 1034 gloria
1272 1008 1333 1035 qua!
1351 1005 1393 1028 est
1408 1000 1436 1028 in
1457 1000 1577 1028 Christo.

0 1049 14 1075 ι.
33 1049 156 1076 Τούτων
175 1048 208 1084 δὴ
223 1048 303 1084 ἡμῶν
333 1047 404 1075 κατὰ
427 1047 541 1083 δύναμιν
555 1048 585 1075 ὲν
601 1047 740 1084 βραχέσιν,

0 1102 5 1119 ι
21 1093 218 1129 παρεθέμεθα,
232 1093 411 1129 λελεγμένων,
427 1093 617 1128 ἐπανέλθωμεν
631 1093 678 1120 ἐπὶ
693 1093 739 1119 τ6⁶

0 1147 18 1165 ην
31 1138 175 1174 ἐδοξάσθη
189 1138 203 1164 ό
216 1137 281 1170 Υἱὸς
291 1137 339 1165 τοῦ
353 1137 507 1174 ἀνθρώπου,
523 1138 570 1164 καὶ
581 1138 595 1163 ὁ
609 1137 675 1169 Θεὸς
684 1137 740 1164 ὲδο-

0 1191 21 1220 ιη
38 1186 71 1212 ὲν
91 1184 183 1219 αὐτῷ.
198 1193 208 1210 ι
232 1183 364 1211 Γινώσκει
388 1182 434 1211 οὖν
450 1183 496 1210 τὸν
514 1183 624 1218 Πατέρα
636 1183 650 1210 ό
666 1183 740 1215 Υἱὸς,

0 1231 9 1257 3
24 1231 68 1266 τῷ
81 1229 234 1265 γινώσκειν
254 1230 334 1257 αὑτὸν
347 1230 403 1257 δντι
431 1230 551 1264 μεγίστῳ
569 1228 675 1264 ἀγαθῷ,
694 1229 740 1255 καὶ

0 1286 27 1304 ον
41 1277 80 1304 ἂν
98 1277 115 1303 ό
131 1276 181 1302 ἐπὶ
194 1275 299 1302 τελείαν
313 1275 411 1310 γνῶσιν
430 1274 478 1307 ὢν,
494 1275 526 1310 ἢν
542 1274 671 1309 γινώσκει
684 1273 740 1310 (52)

1 1323 32 1354 ὸς
45 1322 99 1349 τὸν
112 1321 236 1355 Πατέρα,
253 1320 381 1356 ἐδοξάσθη
391 1328 398 1335 ·
414 1318 500 1355 οἶμαι,
516 1319 567 1351 ὅτι,
583 1319 630 1346 καὶ
645 1319 740 1346 ἑαυτὸν

3 1376 98 1399 σκων,
114 1366 197 1401 (ὅπερ
212 1366 259 1392 καὶ
272 1366 338 1392 αὐτὸ
351 1365 381 1392 οὐ
395 1365 502 1401 μακρὰν
518 1364 682 1400 ἅποδεῖ.(55)
693 1363 745 1390 τοῦ.

0 1412 106 1450 τέρου,)
122 1411 255 1446 ἐδοξάσθη
282 1412 315 1438 ὲκ
329 1410 377 1438 τοῦ
393 1410 474 1438 αὑτὸν
487 1409 648 1445 ἐγνωκέναι,
670 1410 701 1436 Εί
714 1409 744 1436 δὲ.
756 1405 777 1434 C

0 1458 65 1492 περὶ
97 1455 158 1482 τῶν
171 1454 239 1482 ὅλων
255 1455 356 1490 γνῶσις
369 1455 424 1491 (54)
448 1454 648 1491 συμπληροῖτὸ
663 1454 742 1490 μέγε-

0 1503 44 1537 ;ῆς
63 1501 155 1536 δόξης
172 1500 265 1534 αὑτοῦ,
280 1501 339 1528 ὅσα,
353 1501 412 1527 ἐστι
430 1500 538 1536 κρυπτὰ
564 1500 622 1527 καὶη
635 1501 742 1536 ἐμφανῆ

2 1556 140 1580 σκοντος,
159 1546 302 1582 ζητήσεις·
328 1547 376 1573 καὶ
398 1547 503 1582 μήποτε
518 1547 573 1582 (55)
594 1546 672 1573 τοῦτό
686 1548 743 1574 ἐστι

0 1593 54 1621 ἷναι
71 1593 240 1627 αὑτοσοφία,
262 1593 278 1628 ἢ
296 1592 333 1628 τῷ
345 1592 484 1628 λεγομένῳ
499 1592 616 1628 αὐτουιῷ
635 1592 682 1619 τοῦ
697 1593 743 1619 άν-

0 1649 48 1667 του
66 1639 105 1666 τὸ
115 1638 275 1672 δεδοξάσθαι
288 1639 320 1665 ὲκ
330 1638 376 1665 τοῦ
387 1638 508 1675 ἡνῶσθαι
519 1640 552 1674 τῇ
568 1638 659 1674 σοφίᾳ.
672 1638 743 1665 Ταύ-

0 1686 23 1712 Ξὲ
40 1687 144 1713 πᾶσαν
159 1685 209 1720 τὴν
223 1685 311 1718 δόξαν,
331 1685 364 1720 ἢν
381 1684 509 1720 ἐδοξάσθη
525 1686 539 1712 ό
556 1685 620 1716 Υἱὸς
635 1684 682 1712 τοῦ
697 1685 744 1711 άν-

0 1741 61 1765 :ou,
83 1730 283 1766 δωρησαμένου
297 1730 343 1757 τοῦ
360 1730 466 1766 [ἰατρὸς
481 1729 620 1766 ἐδοξάσθη.
635 1729 743 1757 Πολλῶν

0 1787 71 1804 ιτων
98 1776 158 1803 τῶν
175 1775 406 1811 συμπληροὺντων
428 1775 477 1811 τὴν
497 1775 576 1809 δόξαν
589 1776 680 1802 πᾶσαν
696 1774 743 1802 τοῦ

0 1824 103 1854 ὡπου,
119 1821 152 1848 τὸ
177 1822 236 1848 κατ’
259 1821 354 1856 ἐξοχὴν
380 1821 483 1848 τούτων
506 1822 633 1848 ἁπάντων
648 1821 662 1847 ό
679 1821 744 1853 Θεός

0 1881 14 1901 η,
31 1870 81 1901 ὃς,
111 1867 152 1902 τῷ
167 1866 346 1901 γινώσκεσθαι
363 1867 416 1894 ἀπὸ
431 1867 478 1894 τοῦ
494 1867 571 1900 Υίοῦ,
588 1867 636 1903 οὐχ
651 1867 744 1899 ἁπλῶς

1 1913 216 1948 δοξαζόμενος,
240 1913 296 1939 ἀλλ’
312 1914 340 1940 ἐν
357 1913 414 1949 Υίῷ
427 1912 602 1948 δοξαζόμενος
614 1921 620 1928 ·
648 1913 708 1940 καθ’
730 1912 744 1938 ὃ

0 1960 148 1997 τολμηρὸν
168 1961 228 1994 μὲν,
251 1959 297 1986 καὶ
322 1960 413 1995 μεῖζον
429 1959 450 1995 ἢκ
463 1959 523 1986 καθ’
544 1959 618 1994 ἡμᾶς
641 1959 698 1985 ἐστι
714 1958 744 1985 τδ

0 2007 137 2039 ;ξέτασιν
164 2003 278 2035 ἑαυτοὺς
301 2003 439 2030 ἐπιδοῦναι
461 2003 621 2038 τηλικούτου
646 2002 742 2036 λόγου·

20 2052 57 2079 δὲ
75 2049 234 2084 τολμητέον
251 2049 412 2076 ὑποϐάλλειν
427 2048 457 2075 τὸ
473 2049 501 2075 ἐν
523 2048 562 2084 τῷ
576 2049 650 2083 τόπῳ
665 2048 745 2084 ζητητ

0 2119 2 2124 .
22 2097 204 2131 δυνάμενον.
229 2095 307 2129 Ζητῶ
331 2096 360 2122 δὲ
374 2096 398 2122 εἰ
414 2095 501 2122 ἔνεστι
524 2095 684 2130 ὣξασθῆναι
699 2095 744 2122 τὸν

16 2142 113 2179 παρὰ
126 2141 161 2167 τὸ
175 2140 334 2173 δοξάζεσθαι
350 2142 378 2168 ἐν
394 2141 460 2176 Υἰῷ,
474 2141 511 2173 ὡς
523 2140 744 2176 ἀποδεδώκαμεν,

0 2198 73 2221 ν-ιως
90 2187 181 2214 αὑτὸν
196 2187 252 2222 (56)
269 2188 298 2214 ὲν
320 2187 409 2222 ἐαυτῷ
432 2187 619 2222 δοξαζόμενον,
640 2187 695 2220 ὅτε,
716 2188 745 2213 ὲν

0 2234 92 2263 ιυθτοῦ
107 2232 256 2267 γινόμενος
272 2234 409 2268 περιωπῇ,
421 2233 467 2259 ἐπὶ
478 2234 510 2267 τῇ
527 2232 621 2259 ἑαυτοῦ
634 2232 744 2267 γνώσει,

0 2286 20 2319 ᾗ
44 2280 158 2309 ἑαυτοῦ
185 2280 287 2315 θεωρίᾳ
301 2279 367 2316 οῡσῃ
386 2280 488 2316 μείζονι
511 2280 561 2315 τῆς
575 2280 629 2315 (57)
645 2281 673 2306 ὲν
688 2279 745 2315 Υἰῷ

0 2331 66 2363 Sag,
88 2327 133 2359 ὡς
149 2326 198 2353 ἐπὶ
220 2325 288 2353 Θεοῦ
303 2325 356 2362 χρὴ
368 2327 437 2353 νοεῖν
453 2325 487 2353 τὰ
509 2325 630 2359 τοιαῦτα,
648 2326 688 2353 δεῖ
703 2325 745 2352 λέ-

2 2421 12 2449 l
30 2419 111 2447 Cor.
123 2423 171 2447 ιιι,
184 2414 227 2442 18.
265 2414 287 2430 ⁷⁷
299 2413 376 2442 Joan.
388 2422 448 2449 xm,
463 2415 507 2443 51.

8 2517 19 2546 ')
41 2511 148 2540 Codex
170 2508 281 2546 Regius,
297 2508 334 2546 ὢν
351 2507 503 2546 γινῴσκοιν.

41 2548 128 2574 l-lem
152 2542 240 2572 codex
257 2542 369 2578 Regius,
385 2542 413 2570 οἷ
437 2543 484 2569 ἐπὶ
507 2543 612 2571 τελείαν
630 2544 740 2578 γνῶσιν,

0 2583 135 2611 νώσκει.
717 2592 722 2595 -

3 2623 15 2654 )
38 2619 142 2654 Ὅπερ
148 2614 232 2654 ,αὑτᾷ
249 2613 297 2640 καὶ
312 2614 347 2654 at?
354 2613 473 2648 μακρὰν
482 2614 595 2654 ἀποδεῖ,
605 2621 657 2654 etc.
669 2615 741 2643 Ano-

5 2649 25 2682 's
47 2649 276 2686 apudnl’rltotium
293 2649 354 2675 cod.
386 2650 551 2686 GXVlILMIIOC
568 2652 675 2678 nomine
696 2658 740 2677 ac-

0 2697 59 2716 IHI)
69 2683 182 2713 'scribit
197 2683 356 2718 Origenem,
369 2684 440 2718 quod
452 2684 547 2711 Filium
562 2686 577 2711 (Ι
592 2687 671 2715 xerit,
688 2693 739 2712 non

7 2732 51 2750 re
73 2722 194 2748 Patrem
212 2725 242 2746 ιιι
259 2719 393 2752 seipsum.
414 2720 490 2751 Quod
507 2719 592 2752 ipsum
611 2721 654 2746 hic
667 2721 738 2746 vitle-

8 2758 175 2791 gniﬁcare.
195 2754 250 2782 Nos
268 2762 325 2781 rem
353 2754 529 2788 cxprndintus
549 2755 574 2781 ιιι
603 2755 739 2790 ()rigt’ttitt-

0 2795 147 2822 IIJE‘I’IUS.

830 1047 874 1074 18.
890 1047 988 1074 Verum
1005 1047 1143 1074 enimvero
1161 1053 1222 1073 cum
1240 1047 1297 1073 haec
1318 1053 1367 1080 pro
1391 1045 1460 1072 virili
1485 1046 1578 1079 paucis

792 1092 1002 1121 disseruerimus
1019 1091 1107 1119 dehis
1125 1099 1185 1125 qua:
1211 1091 1238 1118 in
1263 1091 1380 1118 medium
1406 1091 1578 1125 protulimus,

793 1140 935 1167 redeamus
959 1138 993 1165 ad
1017 1137 1103 1165 illud:
1133 1146 1142 1163 ι
1159 1137 1236 1165 Nunc
1257 1136 1425 1172 gloriﬁcatus
1441 1140 1482 1164 est
1496 1137 1578 1164 Filius

792 1185 922 1217 hominis,
931 1189 959 1212 et
968 1185 1038 1212 Deus
1047 1184 1213 1219 gloriﬁcatus
1226 1187 1267 1211 est
1278 1190 1326 1217 per
1337 1183 1424 1217 ipsutn
1435 1182 1468 1208 τ’.
1476 1182 1577 1216 )Agno-

795 1238 873 1258 sccns
885 1230 997 1257 Patrem
1009 1229 1276 1265 Filius-gloriﬁcatur:
1285 1233 1325 1256 est
1336 1229 1392 1263 ipsa
1407 1228 1497 1255 Patris
1505 1228 1578 1262 agni-

795 1276 879 1308 tione,
897 1282 957 1310 qua:
971 1280 1018 1303 est,
1030 1275 1179 1303 maximum
1199 1276 1312 1307 bonum,
1324 1278 1352 1301 et-
1371 1274 1424 1301 tale
1447 1278 1476 1300 ut
1494 1274 1579 1301 Filius

795 1321 962 1356 gloriﬁoetur
985 1321 1011 1348 in
1036 1321 1157 1356 perfecta
1177 1320 1333 1356 cognitione
1350 1319 1495 1351 exsistcns,
1525 1327 1581 1354 qua

794 1367 917 1401 agnoscit
931 1366 1051 1394 Patrem.
1066 1366 1193 1394 Arbitror
1205 1373 1270 1394 vero
1281 1366 1363 1394 etiam
1376 1365 1449 1401 quod
1461 1366 1578 1401 seipsum

794 1419 945 1446 agnoscens
962 1411 1033 1447 (qua:
1050 1412 1108 1447 ipsa
1121 1419 1164 1439 res
1179 1419 1232 1439 non
1242 1412 1337 1448 procul
1353 1419 1367 1438 a
1380 1411 1463 1446 priori
1480 1412 1580 1446 abest),

792 1456 957 1491 gloriﬁcantes
971 1457 1016 1491 sit,
1029 1464 1061 1484 eo
1075 1457 1146 1492 quod
1162 1458 1279 1492 seipsum
1292 1457 1445 1492 agnoverit.
1462 1457 1502 1484 Au
1514 1465 1580 1485 vero

793 1503 874 1530 etiam
896 1502 1084 1530 universorum
1112 1503 1231 1538 cognitio
1256 1504 1466 1538 magnitudinem
1488 1503 1580 1539 gloriae

794 1548 877 1581 ipsius
891 1548 1035 1582 compleat,
1047 1556 1107 1582 qua;
1121 1553 1185 1575 sunt
1205 1549 1323 1581 occulta,
1349 1556 1463 1584 qumque
1485 1553 1579 1583 aperta

793 1595 993 1628 cognoscentis,
1012 1601 1128 1628 qureres,
1143 1598 1170 1621 et
1181 1594 1243 1622 vide
1254 1601 1287 1621 ne
1301 1593 1373 1621 forte
1396 1594 1465 1622 hanc
1480 1594 1580 1630 gloriﬁ-

793 1638 925 1666 cationeut
940 1637 1024 1665 Filius
1038 1639 1155 1666 hominis
1169 1639 1278 1671 habeat,
1292 1639 1355 1673 quia
1371 1639 1463 1666 unitus
1480 1640 1515 1667 sit
1529 1639 1580 1667 Sa-

793 1683 902 1718 pientiae
917 1691 978 1710 cum
1002 1684 1059 1718 ipse
1079 1684 1116 1711 sit
1138 1684 1287 1718 αὑτοσοφία
1302 1684 1354 1717 vel,
1378 1689 1408 1711 ut
1424 1689 1519 1712 vocant
1532 1685 1580 1712 αὖ,

793 1729 883 1761 τουιός
902 1728 966 1764 [hoc
990 1734 1033 1756 est.
1061 1729 1199 1764 Sapientia
1217 1730 1285 1765 ipsa,
1313 1731 1354 1757 vel
1385 1729 1470 1757 Filius
1496 1730 1593 1765 ipse.}‘

794 1776 850 1804 llac
864 1781 953 1803 autem
970 1777 1043 1803 omni
1056 1776 1155 1811 gloria,
1182 1784 1236 1811 qua
1254 1776 1422 1811 gloriﬁcatus
1436 1781 1478 1804 est
1494 1776 1580 1803 Filius

795 1822 913 1849 hominis
928 1841 936 1854 ,
961 1829 976 1848 a
995 1821 1085 1855 l’atre,
1101 1822 1146 1856 qui
1160 1822 1211 1849 hoc
1224 1822 1260 1849 illi
1277 1822 1398 1853 donavit,
1415 1822 1581 1857 glorilicatus

795 1867 855 1894 fuit.
871 1866 1009 1902 Multaque
1030 1874 1092 1894 cum
1117 1867 1172 1895 sint.
1193 1867 1307 1902 gloriam
1329 1875 1436 1895 onmem
1461 1866 1584 1895 hominis

793 1920 854 1948 quae
869 1913 1044 1948 compleant,
1062 1913 1104 1941 his
1121 1914 1248 1941 omnibus
1273 1919 1405 1948 praestans
1428 1913 1580 1946 estDeus,

794 1963 840 1997 qui
857 1970 909 1990 non
925 1963 1085 1998 simpliciter
1096 1971 1111 1990 a
1122 1963 1202 1997 Filio,
1216 1964 1277 1990 dum
1293 1965 1478 1999 cognoscitur,
1498 1963 1582 2000 glori-

795 2007 911 2041 licatur;
928 2008 976 2035 sed
997 2015 1045 2042 per
1068 2007 1166 2036 Filium
1190 2008 1368 2043 gloriﬁcatur.
1392 2008 1472 2036 Juxta
1497 2009 1584 2043 quod;

796 2055 883 2082 audax
906 2055 1015 2089 quidem
1036 2054 1155 2087 facinus,
1173 2062 1308 2090 supraque
1327 2059 1435 2090 captum
1458 2058 1580 2081 nostrum

797 2101 980 2134 nosmetipsos
991 2101 1151 2135 permittere
1164 2101 1260 2128 horum
1275 2100 1456 2136 inquisitioni,
1477 2099 1523 2127 sed
1537 2104 1580 2125 ta-

796 2152 856 2172 tnen
871 2146 1023 2173 audendum
1036 2151 1078 2174 est
1094 2153 1243 2181 suggerere
1257 2146 1329 2180 quod
1352 2146 1404 2173 hoc
1428 2144 1455 2172 in
1472 2144 1531 2171 loco
1554 2144 1581 2171 in

795 2191 973 2225 quaestionem
989 2192 1085 2219 adduci
1100 2192 1194 2227 possit.
1224 2191 1322 2225 Quaero
1339 2196 1430 2219 autem
1448 2198 1481 2218 an
1495 2189 1590 2225 possit

795 2237 879 2271 gloria
900 2237 968 2265 allici
991 2238 1071 2270 Deus,
1097 2242 1197 2272 praeter
1219 2237 1332 2273 gloriam
1347 2244 1430 2272 quam
1453 2237 1536 2264 habet
1554 2235 1581 2262 in

799 2281 878 2314 Filio,
895 2283 930 2308 ita
943 2287 972 2309 ut
986 2283 1156 2315 tradidimus,
1172 2282 1266 2317 majori
1283 2282 1310 2309 itt
1326 2289 1357 2309 se
1371 2282 1430 2316 ipso
1442 2281 1526 2316 gloria
1540 2280 1582 2307 at;

800 2326 896 2362 fectus,
913 2335 974 2355 cum
999 2329 1024 2355 in
1041 2336 1089 2357 sua
1104 2329 1188 2364 ipsius
1200 2332 1248 2356 est.
1256 2328 1376 2363 specula,
1399 2331 1511 2363 propter
1537 2325 1597 2354 sui.

831 2511 888 2547 (34)
906 2510 995 2547 Codex
1006 2509 1118 2547 Regius,
1130 2509 1208 2547 male,
1223 2509 1332 2547 γνῶσιν.

903 2545 958 2573 Καὶ
971 2542 1097 2582 μήποτε,
1110 2549 1163 2571 etc.
1185 2543 1223 2570 lta
1240 2543 1387 2582 legitur
1401 2543 1494 2582 codice
1509 2542 1580 2582 Botlf

796 2578 895 2613 leiano.
909 2578 1023 2611 rectius.
1037 2581 1144 2613 opinor,
1159 2586 1240 2613 quam
1270 2580 1294 2604 iu
1309 2579 1400 2605 codice
1416 2578 1511 2613 Regio,
1533 2579 1581 2613 qui

795 2616 835 2643 sic
847 2611 929 2643 habet
944 2625 950 2641 :
968 2616 1021 2642 Καὶ
1047 2611 1152 2650 μήποτε
1169 2611 1343 2650 ’τοῦτόᾉέστε
1361 2612 1390 2650 τό
1407 2611 1484 2650 εἶναι
1506 2612 1576 2650 αὐτῷ

795 2651 875 2684 σοφία
890 2651 956 2686 ὴτῷ
971 2647 1200 2686 λεγομένῳήαιξτῴ
1223 2648 1279 2686 Υἱῴ
1298 2647 1344 2686 τοῦ
1370 2647 1524 2683 ἀνθρώπου,
1551 2656 1565 2675 ‘t

794 2683 949 2717 δεδοξάσθαι
969 2683 1062 2712 sub;
1072 2683 1193 2720 ἡνῶσθαι
1205 2685 1237 2718 τῇ
1254 2683 1344 2720 σοφίᾳ.

830 2722 884 2753 (36)
897 2721 986 2747 Codex
1005 2718 1114 2753 llegius,
1131 2719 1209 2750 male,
1232 2719 1323 2753 μεῖζον
1335 2718 1381 2750 ὡς.

829 2755 884 2791 (3")
898 2756 964 2790 Τῆς.
978 2757 1056 2783 Deest
1074 2755 1100 2781 itt
1110 2754 1204 2782 codice
1221 2754 1314 2787 Ill-gio.
