1831 3049
239 126 291 154 8'59

979 122 1010 149 01

1075 121 1141 149 ἰΝἲΞ
1785 125 1803 151 8i

239 181 461 211 commemoratio
498 179 638 207 servitutis
667 186 698 206 ac
737 179 871 207 libertatis
907 181 1024 207 assumi-
1039 181 1062 210 Α
1077 178 1223 213 speculum,
1247 183 1272 206 et
1294 179 1322 205 in
1339 179 1477 214 trm'gmate
1486 179 1525 212 ";
1539 184 1567 207 et
1589 180 1651 208 ideo
1667 181 1813 211 sanctis-nd

240 235 284 256 tur
299 228 378 263 (9‘2)?
393 226 445 253 Sed
469 233 519 253 nos
546 233 658 253 sensum
678 224 753 252 Pauli
777 226 812 252 ita
837 225 1024 260 intelligimus,

239 273 310 308 quod
325 279 433 298 servum
454 271 528 297 dicat
545 278 607 297 eum
628 269 769 304 quiiugali
787 269 944 296 conditione
960 276 1026 296 cort-

239 319 351 346 strictus
366 321 408 344 est
424 325 431 343 :
445 316 507 350 quia
532 315 627 342 mulier
639 324 689 342 nou
703 315 779 341 habet
796 319 951 348 potestate»:
964 323 1024 341 cor-

236 364 309 398 poris
325 363 379 394 sui,
390 362 434 388 sed
452 361 492 388 vir
513 361 591 396 ejus;
609 366 632 388 et
648 361 755 388 cinno"
771 361 847 387 habet
866 364 1021 394 potestatem

237 410 353 444 corporis
371 409 425 441 sui,
448 408 493 435 sed
513 416 582 435 uror
609 409 667 441 ejus
676 407 709 434 ⁵⁸.
728 406 843 440 Propter
860 406 931 439 quod
953 410 979 432 et
998 405 1023 432 in

238 454 301 481 aliis
317 454 381 480 dicit
408 454 441 480 de
468 453 520 485 eis,
535 453 597 487 quia
627 461 677 479 non
705 457 741 479 est
759 452 877 478 servituti
894 451 1023 486 subjectus

240 499 335 530 frater,
354 498 392 525 rel
411 506 488 525 soror
506 500 532 525 in
550 498 688 530 talibus",
706 498 821 529 scilicet,
834 497 904 532 quod
919 497 944 523 in
964 496 1024 524 aliis

236 549 282 568 eos
298 542 423 569 servituti
439 541 523 568 sciret
545 549 606 568 esse
621 541 768 575 subiectos.
786 542 833 568 Est
845 549 911 576 ergo
927 549 1023 568 servus

236 593 359 615 vocatus.
372 587 417 622 qui
439 587 464 613 iu
479 586 604 621 coniugio
620 587 725 621 positus
738 587 810 613 venit
824 587 855 613 ad
872 587 1021 619 Christum,

235 635 278 659 cui
300 633 421 659 dicitur:
448 632 545 659 Servus
572 637 680 659 vocatu:
695 633 744 659 es?
758 632 833 659 Nihil
851 633 886 658 nd
909 639 933 658 te
959 633 1023 659 atti-

234 683 316 705 neat:
332 679 376 705 sed
392 682 416 704 et
433 678 456 704 .ςί
471 682 544 711 potes
559 678 625 704 liber
636 678 705 713 ﬁeri,
725 680 808 713 magis
825 684 896 705 utere
906 679 927 694 ³⁸
940 688 947 711 ;
958 679 1021 713 quia

236 725 262 751 in
279 724 441 759 coniugibus
458 723 570 750 alterius
585 723 642 760 (95)
657 723 832 751 continentia:
851 724 964 751 libertas
982 724 1021 750 al-

235 771 284 797 teri
300 775 411 805 generat
422 770 571 805 periculum
590 770 736 798 castitatis.
753 769 813 796 Non
829 771 901 796 enim
921 771 1021 797 debent

235 816 285 842 nisi
304 822 336 842 ex
362 823 497 843 consensu
521 817 553 843 ad
578 821 685 850 tempus
701 823 800 843 vacare
815 816 931 842 orationi
945 815 977 847 θ’,
994 820 1020 842 et

237 861 335 887 iterum
352 861 379 888 in
404 861 520 895 idipsum
539 865 581 887 est
598 860 800 893 revertendum,
817 867 849 887 ne
866 868 912 887 cos
935 864 1020 887 tentet

233 906 353 933 Satanas
376 910 488 940 propter
507 905 736 933 incontinentiam
754 913 841 932 suam.
860 905 883 932 ls
896 913 960 940 ergo
973 906 1019 940 qui

234 962 282 988 pro
307 962 378 981 nexu
395 953 516 988 coniugii
539 960 634 980 servus
647 957 761 980 vocatus
778 957 830 984 est,
848 951 962 979 libertus
978 957 1018 980 est

232 999 350 1028 Domini.
369 1000 495 1027 Libertus
511 999 582 1026 enim
603 1006 692 1032 neque
705 1005 738 1024 ex
755 997 861 1032 integro
874 998 952 1030 liber,
968 1006 1018 1025 ue-

234 1053 288 1079 que
309 1053 340 1072 ex
363 1045 468 1079 integro
489 1052 585 1071 srrvus
609 1049 650 1070 est
668 1043 735 1079 (94).
749 1044 776 1070 Si
804 1044 829 1070 in
846 1043 951 1070 cat-teris
966 1044 1021 1070 vir-

235 1092 337 1118 tutibus
356 1091 426 1118 liber
451 1090 544 1122 fuerit,
568 1090 589 1117 si
615 1090 687 1123 ﬁdei,
707 1090 853 1124 patientiae,
870 1090 1021 1117 misericor-

231 1137 292 1167 diae,
312 1135 423 1169 iustitia:
445 1136 564 1162 tenuerit
588 1135 754 1166 libertatem,
772 1134 889 1161 libertus
912 1134 1018 1161 Domini

230 1181 394 1216 appellatur,
412 1185 504 1215 utpote
529 1180 574 1215 qui
597 1187 647 1215 pro
673 1180 755 1207 animi
781 1180 928 1207 virtutibus
952 1180 1020 1207 liber

230 1227 276 1259 sit,
291 1231 315 1254 et
331 1234 380 1261 pro
394 1226 529 1261 cOnjugali
547 1226 709 1254 necessitate
725 1225 781 1260 (05)
797 1226 835 1252 sit
849 1233 955 1253 servus.
974 1225 1020 1252 Ll~

230 1273 279 1300 her
293 1280 356 1300 vero
379 1277 420 1300 est
440 1273 486 1307 qui
514 1272 574 1299 sine
599 1279 684 1298 uxore
709 1279 758 1306 per
774 1271 919 1306 puritatem
932 1271 1019 1298 conti-

230 1320 329 1346 nentite
341 1320 414 1346 venit
430 1319 462 1346 ad
482 1318 632 1350 Christum,
651 1317 698 1352 qui
715 1321 804 1344 tamen
825 1325 920 1344 servus
939 1317 1018 1344 Citri—

230 1365 265 1392 sti
283 1365 407 1398 cllicitnr,
424 1365 486 1392 dum
501 1373 533 1392 ex
551 1365 656 1399 integro
677 1363 822 1390 virtutibus
839 1363 932 1390 servit.
950 1362 1019 1390 Pau-

230 1411 274 1438 lus
289 1418 364 1445 ergo,
378 1411 449 1438 sicut.
467 1410 577 1445 quidam
592 1409 713 1442 tradunt,
729 1416 789 1436 cuin
805 1416 890 1435 uxore
906 1412 1018 1436 vocatus

228 1460 287 1487 est;
304 1455 338 1481 de
353 1462 408 1489 qua
424 1454 493 1481 dicit
505 1454 540 1480 ad
558 1453 747 1488 Philippenses
762 1453 916 1480 scribens"
929 1461 936 1479 :
948 1452 1018 1487 Rogo

227 1501 306 1526 etiam
327 1503 363 1531 te,
389 1506 513 1534 germane
538 1506 655 1533 compar,
669 1498 766 1533 adjuva
779 1498 861 1533 ΜΞ
875 1498 935 1524 illas
947 1504 956 1524 :
970 1496 1017 1531 qui

227 1546 357 1580 quoniam
375 1547 408 1572 ab
433 1545 489 1579 ipsa
512 1552 545 1572 ex
570 1552 703 1572 consensu
731 1544 800 1571 liber
823 1544 935 1572 effectus
960 1550 1013 1578 est,

227 1599 338 1619 servum
361 1599 390 1618 se
414 1590 470 1628 (96)
486 1591 608 1617 nominat
632 1590 743 1617 Christi.
763 1589 791 1616 Si
814 1597 890 1621 vero.
909 1594 937 1616 ut
952 1590 1013 1618 aliis

228 1638 347 1668 videtur,
361 1636 420 1663 sine
439 1643 533 1669 uxore,
548 1636 725 1663 nihilominus
747 1636 794 1671 qui
811 1636 880 1663 liber
899 1641 1012 1663 vocatus

227 1689 279 1715 cst,
303 1691 397 1710 servus
418 1687 461 1710 est
489 1682 600 1709 Christi.
627 1682 698 1715 Quid
722 1687 765 1710 est
785 1686 878 1709 autem
903 1690 1014 1709 servum

227 1736 287 1756 esse
296 1729 406 1762 Christi,
421 1728 470 1755 nisi
483 1729 554 1763 quod
564 1732 605 1755 est
613 1735 721 1755 servum
734 1734 795 1754 esse
805 1728 878 1754 verbi
887 1727 932 1754 Dei
945 1726 1014 1760 (97),

227 1774 376 1808 sapientior,
399 1773 521 1808 iustitiae,
548 1772 683 1811 veritatis,
707 1777 734 1798 et
757 1773 878 1799 Olnlllllm
903 1772 1014 1799 omnino

226 1821 368 1852 virtutum,
388 1828 447 1854 quae
464 1819 554 1847 omnia
569 1820 699 1847 Christus
715 1819 776 1846 est?
795 1819 847 1846 Sed
863 1823 890 1846 et
905 1819 1012 1851 illud,si

226 1867 342 1898 videtur,
358 1867 384 1892 in
404 1867 454 1893 hoc
468 1866 528 1893 loco
544 1866 687 1899 addamus,
705 1866 776 1900 quod
802 1865 872 1892 sicut
887 1867 1012 1897 scientia,

225 1920 285 1946 quae
309 1920 378 1939 nunc
402 1911 483 1939 datur
499 1912 613 1944 sanctis,
631 1919 679 1945 per
694 1911 833 1946 speculum
852 1912 930 1937 datur
942 1915 969 1937 et
987 1911 1013 1937 in

225 1958 366 1992 a'nigmate
383 1957 450 1992 (98),
463 1962 490 1984 et
504 1957 658 1992 prophetia,
672 1961 700 1983 et
719 1962 817 1984 cartera
834 1956 902 1983 dona
923 1955 1011 1990 Spiri-

226 2009 269 2030 tus
299 2003 383 2030 sancti
394 2004 416 2019 ’ί
435 2011 442 2028 :
459 2004 494 2029 ita
520 2008 548 2030 et
576 2002 698 2034 libertas,
724 2009 782 2036 quae
812 2009 885 2028 nunc
911 2002 1013 2029 sanctis

226 2054 382 2083 pra-statur,
403 2049 521 2076 nondqu
539 2048 618 2084 plena
629 2048 743 2076 libertas
755 2052 807 2081 est,
823 2048 870 2074 sed
884 2048 956 2074 Velut
967 2055 1013 2081 rer

261 2119 284 2134 ⁶⁶
299 2119 308 2146 l
323 2119 384 2146 Cor.
399 2125 447 2146 vn.
466 2118 494 2145 tl.
516 2118 538 2133 ⁸⁷
556 2117 623 2145 ibid.
639 2117 681 2143 l5.
712 2117 735 2133 ⁸⁸
747 2117 811 2144 ibid.
838 2117 883 2144 '2l.
906 2118 928 2133 ⁶⁰
951 2117 1006 2144 ibid

261 2162 286 2186 u,
304 2154 347 2180 12.
390 2154 414 2169 ⁷³
430 2153 510 2180 Rom.
528 2153 585 2185 1,1.
634 2153 657 2168 ⁷⁸
673 2152 767 2179 Matth.
780 2160 847 2183 xxn,
863 2152 907 2179 14.
953 2153 976 2168 ⁷⁵
990 2152 1008 2179 ll

1116 2117 1140 2131 το
1156 2117 1253 2149 Philip.
1270 2123 1277 2142 ι

1076 2160 1102 2186 g.
1117 2159 1174 2181 xm,
1186 2150 1231 2182 Ἃ,
1249 2150 1283 2176 25

390 2154 414 2169 ⁷³
430 2153 510 2180 Rom.
528 2153 585 2185 1,1.
634 2153 657 2168 ⁷⁸
673 2152 767 2179 Matth.
780 2160 847 2183 χχιι.
863 2152 907 2179 14.

226 2161 286 2186 xm,
304 2154 347 2180 12.

261 2211 316 2248 (92)
330 2212 378 2240 Ms.
390 2212 490 2246 Regius
502 2219 583 2248 num.
597 2211 892 2248 [639,7commemarata
903 2212 1014 2248 servitus
1033 2216 1052 2242 ι)

226 2247 385 2274 πλῆθει-(ηε
408 2247 574 2274 assumitur?
593 2247 690 2274 Caneri
714 2255 779 2273 mss.
804 2252 831 2272 et
851 2247 917 2273 editi
936 2251 963 2272 ut
987 2247 1012 2273 in

226 2288 312 2309 textu.

263 2317 318 2351 (95)
341 2317 422 2347 Editi,
437 2316 525 2343 alteri.
544 2316 576 2343 Et
589 2315 657 2343 infra
673 2323 739 2343 mss.
755 2316 864 2351 quidam
878 2323 939 2342 cum
952 2316 1011 2343 edi-

226 2352 261 2379 tis
273 2373 280 2383 ,
296 2360 350 2378 esse
361 2352 552 2378 reuertendum.

263 2387 320 2421 (94)
345 2386 390 2413 Sic
415 2394 479 2413 mss.
506 2385 602 2417 nostri,
627 2385 790 2412 Salodiauus
818 2389 845 2412 ct
869 2384 1010 2413 Mcrlinus.

224 2420 417 2449 Gencbrardus
432 2428 508 2453 vero,
525 2429 615 2447 servus
629 2420 833 2454 estappellatzts.

261 2455 316 2491 (95)
330 2455 365 2482 Ita
384 2463 478 2491 omnes
492 2463 556 2482 mss.
574 2456 671 2482 nostri.
690 2455 760 2481 Editi
777 2463 850 2491 vero,
868 2463 915 2487 pro
926 2455 1012 2480 auio-

226 2498 257 2516 ne
273 2491 386 2516 virtutis.
403 2490 503 2517 Deinde
519 2497 584 2517 mss.
602 2490 703 2524 plures,
719 2495 742 2516 et
756 2498 803 2523 pro
817 2490 904 2523 jugali
921 2497 1012 2516 neces-

224 2525 311 2554 sitate,
325 2531 376 2551 etc.

260 2560 316 2595 (96)
333 2559 382 2586 Ms.
397 2559 479 2585 codex
492 2559 675 2590 Ehroicensis,
688 2559 786 2593 adiuva
806 2559 866 2586 illas
876 2567 936 2593 qua:
951 2567 1010 2586 cum

217 2594 281 2626 .ipsu
307 2598 384 2626 sunt;
403 2594 464 2627 quin
489 2601 546 2620 cum
562 2595 616 2628 ipse
630 2603 718 2620 seruus
739 2599 815 2625 esset,
832 2602 864 2620 ea:
878 2602 1006 2620 consensu

224 2629 291 2654 liber
306 2629 424 2663 effectus,
438 2635 537 2663 servum
562 2636 598 2659 se,
624 2634 677 2656 etc.
694 2629 783 2655 (Index
799 2636 890 2655 autem
909 2629 1005 2655 Vallis-

224 2663 315 2693 clarau
328 2662 358 2689 et
373 2670 442 2689 unus
452 2662 550 2696 Regius
565 2670 640 2689 num.
657 2663 738 2695 l659,
754 2664 851 2697 tuljuva
868 2664 939 2691 illus.
953 2663 1005 2695 Qui

224 2705 284 2724 cum
302 2699 357 2731 ipsa
370 2706 402 2724 ex
414 2705 539 2723 consensu
555 2697 620 2722 liber
635 2698 742 2730 e/I‘ectus
765 2705 813 2730 est,
825 2704 879 2725 etc.
893 2698 962 2724 Editi
979 2703 1006 2725 et

225 2731 294 2758 alter
312 2740 362 2759 ins.
379 2732 479 2766 Regius
498 2738 572 2757 Imm.
590 2731 669 2767 17640,
687 2732 783 2766 adjuvit
795 2733 854 2759 illa:
870 2740 928 2767 qua:
944 2741 1004 2759 cum

223 2767 280 2799 ipsa
292 2772 363 2794 sunt.
382 2767 423 2794 Ea:
442 2774 569 2793 consensu
593 2766 674 2800 igitur
687 2768 734 2801 (at.
746 2767 822 2793 deest
837 2766 927 2801 igitur)
943 2767 1008 2793 liber

223 2802 330 2835 e/fertua
348 2810 462 2832 servant,
479 2806 544 2834 ctc.;
560 2803 606 2828 scd
624 2802 725 2828 rectius
741 2809 792 2829 ms.
810 2802 909 2836 lit'gllts
932 2810 1006 2828 num.

224 2837 303 2865 ltiti.
318 2837 387 2864 utin
404 2841 489 2864 textu.

1075 232 1106 252 se
1117 232 1177 252 esse
1189 224 1294 255 dicunt,
1312 225 1344 251 ad
1363 225 1597 259 comparationem
1622 227 1695 254 illius
1715 227 1813 255 libertas:

1075 276 1135 304 quae
1151 269 1219 303 facie
1233 269 1267 296 ad
1282 270 1375 303 {aciem
1391 270 1530 297 tribuitur.
1550 270 1602 304 Qui
1622 272 1718 299 etenim
1732 275 1813 307 potestis

1075 322 1158 342 carne
1173 315 1236 348 quis
1263 315 1369 349 positus
1396 316 1508 350 adipisci
1535 316 1670 352 integram
1699 317 1813 349 libertatm.‘

1075 365 1104 386 ut
1115 360 1141 386 in
1152 360 1289 394 uulloiam
1301 361 1404 388 serviat
1416 361 1513 388 carni?
1528 361 1607 389 Sicut
1622 370 1671 389 nec
1691 363 1813 397 adoptionem

1076 404 1190 432 filiorum
1205 405 1267 440 quis
1291 405 1317 432 in
1342 413 1456 441 corpore
1470 407 1576 441 positus
1593 407 1695 434 haltere
1708 415 1736 435 ex
1750 405 1813 443 integri

1074 455 1173 483 potest.
1190 450 1281 485 Atque
1299 451 1401 478 utinam
1419 452 1470 478 hoc
1491 451 1589 479 saltem
1605 452 1720 480 obtineri
1733 456 1811 488 possint.

1074 496 1129 522 vita
1153 496 1318 528 mortalium,
1345 502 1374 524 ut
1398 505 1494 524 servus
1507 498 1570 532 quis
1586 497 1687 526 Christi
1707 507 1735 526 ex
1749 501 1813 535 inn-gr

1075 543 1121 569 ﬁat
1137 551 1143 568 :
1160 548 1187 569 et
1203 550 1255 569 non
1270 543 1357 576 cat-ni,
1374 551 1426 570 non
1442 544 1582 578 sanguini,
1601 552 1654 572 non
1669 553 1739 572 vante
1751 547 1813 580 glori,

1074 596 1126 615 non
1148 589 1302 623 cupiditati,
1325 597 1378 616 non
1399 590 1531 622 avaritiae,
1556 598 1610 617 non
1635 592 1813 623 iracundiam

1073 634 1196 667 invidiae;
1209 634 1308 669 sedqzti
1325 635 1374 661 soli
1389 634 1508 668 Christo,
1525 635 1550 662 id
1567 640 1612 663 est
1629 639 1747 664 omnibus
1767 636 1813 665 sima

1074 679 1218 706 virtutibus
1247 679 1360 706 serviat.
1383 679 1446 706 llaec
1463 681 1497 706 de
1511 688 1543 708 eo
1559 682 1633 717 quod
1649 683 1766 717 scripturn
1777 690 1813 712 est:

1073 724 1175 752 Paulus
1191 732 1281 752 servus
1297 724 1361 751 Iesu
1374 724 1484 753 Cltrtsn.

1105 771 1133 799 2.
1156 770 1270 798 Vocatus
1284 771 1426 805 Apostolus
1438 772 1472 798 ".
1489 772 1593 800 Nomen
1608 773 1671 805 hoc,
1688 777 1758 801 tuest
1770 784 1813 801 rm

1072 822 1125 848 tus,
1140 817 1202 852 quia
1219 817 1251 844 ad
1263 825 1358 844 omnes
1375 819 1493 851 pertinet
1511 819 1556 853 qui
1571 819 1598 846 in
1612 820 1720 847 Christo
1732 823 1813 853 credunt,

1072 862 1196 897 generale
1212 866 1301 897 potest
1317 863 1422 896 videri;
1438 864 1485 890 sed
1500 865 1690 899 unusquisque
1709 868 1813 894 secuntur:

1072 908 1097 934 id
1112 908 1183 942 quod
1201 908 1226 934 in
1241 915 1274 934 eo
1288 908 1410 942 praevidit
1421 913 1446 936 et
1462 908 1541 944 elegit
1563 910 1620 945 (99)
1637 910 1714 942 Deus.
1728 917 1763 938 aut
1776 921 1813 946 ap»

1071 953 1157 980 stolus
1187 958 1310 986 vocatur,
1339 957 1386 980 aut
1410 954 1553 988 propheta,
1579 960 1627 982 aut
1654 957 1813 991 magistema

1072 998 1142 1026 liber
1156 999 1190 1026 ab
1206 1007 1300 1030 uxore,
1320 1004 1368 1026 aut
1387 1007 1482 1027 servus
1505 1000 1531 1027 in
1549 1000 1686 1035 coniunge;
1704 1007 1728 1030 ct
1747 1011 1781 1036 pro
1792 1004 1813 1029 t-

1071 1045 1201 1072 vcrsitatc
1227 1046 1321 1079 gratia:
1344 1046 1496 1080 completur
1523 1046 1588 1073 illud
1622 1049 1694 1081 quod
1725 1050 1813 1082 scriptun

1070 1090 1256 1117 cst":Multi
1284 1096 1346 1118 sunt
1373 1092 1470 1122 vocati,
1494 1093 1573 1126 pauci
1606 1099 1694 1120 autem
1719 1095 1813 1128 dettlth

1071 1135 1216 1163 Sciendum
1237 1142 1327 1163 tamen
1357 1142 1399 1164 est
1427 1138 1497 1172 quod
1525 1139 1657 1172 possibile
1678 1145 1717 1167 est
1734 1141 1813 1174 aliqua

1071 1189 1132 1209 csse
1146 1187 1270 1209 VOCRIIJIII
1297 1183 1458 1217 apostolum,
1477 1189 1523 1210 aut
1541 1189 1668 1212 vocatum
1687 1187 1813 1220 prophetam,

1070 1233 1118 1255 aut
1130 1233 1253 1255 vocatum
1269 1229 1440 1263 magistrum,
1455 1234 1483 1256 et
1496 1230 1517 1257 si
1534 1230 1687 1265 neglexerit
1705 1233 1813 1259 vocalium

1071 1282 1127 1302 sua:
1140 1274 1266 1309 gratiam,
1289 1274 1417 1302 decidere
1435 1282 1467 1302 ex
1490 1282 1522 1302 ea
1536 1285 1542 1303 :
1556 1277 1629 1303 sicut
1651 1282 1678 1303 et
1702 1275 1813 1311 JullJS,§lll

1070 1320 1210 1355 apostolus
1231 1326 1343 1347 vocatus
1360 1324 1411 1353 est,
1428 1325 1456 1348 et
1477 1321 1618 1357 negligens
1636 1323 1774 1350 vocationis
1785 1329 1813 1350 su

1070 1366 1198 1400 gratiam,
1226 1374 1258 1393 ex
1283 1367 1405 1400 apostolo
1427 1366 1540 1395 etl‘ectus
1564 1373 1606 1395 est
1626 1369 1813 1404 proditorem

1070 1411 1121 1438 fuit
1137 1411 1244 1445 quidem
1257 1416 1370 1438 vocatus
1388 1411 1537 1446 apostolus,
1553 1412 1600 1439 sed
1616 1421 1670 1439 non
1689 1414 1735 1440 l'uit
1750 1415 1813 1441 electa

1069 1455 1220 1489 apostolus.
1235 1455 1287 1483 Sed
1300 1461 1328 1483 et
1343 1456 1386 1483 ille
1401 1457 1531 1491 propheta
1549 1458 1596 1492 qui
1615 1459 1642 1485 iu
1660 1459 1737 1485 tertio
1747 1458 1813 1492 [legu-

1071 1509 1129 1528 rum
1146 1500 1218 1528 libro
1236 1501 1351 1528 refertur
1365 1503 1543 1537 prophetasse
1560 1503 1594 1530 dc
1609 1503 1780 1535 Jeroboatu",
1791 1512 1813 1529 ιν

1069 1552 1147 1574 catus
1159 1547 1289 1581 propheta
1315 1546 1383 1580 fuit;
1404 1547 1427 1574 si
1448 1552 1539 1575 autem
1557 1553 1584 1575 et
1599 1549 1718 1582 electus,
1732 1551 1813 1584 inserts

1068 1593 1166 1623 cutito,
1189 1592 1317 1625 quoniam
1340 1592 1450 1626 quidem
1478 1593 1632 1627 prohibitus
1658 1602 1749 1628 panem
1772 1602 1813 1620 una

1068 1637 1206 1665 ducarein
1223 1637 1316 1669 Israel,
1334 1637 1516 1670 manducavit,
1541 1642 1570 1665 et
1591 1639 1764 1674 interemptus
1774 1643 1813 1666 et:

1068 1682 1146 1710 leone
1162 1683 1212 1718 (5).
1227 1682 1296 1710 Sunt
1313 1687 1340 1709 et
1357 1683 1433 1710 multi
1449 1685 1538 1710 vocati
1556 1685 1684 1719 magistri
1705 1693 1749 1720 per
1758 1690 1813 1711 omne

1068 1727 1204 1755 Ecclesias
1220 1728 1278 1760 Dei,
1295 1733 1322 1755 et
1337 1728 1426 1755 vocati
1452 1728 1572 1755 ministri
1587 1737 1593 1761 ;
1621 1730 1671 1756 sed
1696 1730 1775 1756 escio
1791 1723 1813 1761 qi

1067 1772 1095 1800 in
1113 1773 1155 1800 his
1173 1773 1255 1800 electi
1272 1773 1393 1808 magistri
1406 1773 1474 1806 sint,
1491 1778 1517 1800 et
1533 1774 1616 1802 electi
1634 1776 1813 1804 ministrijkd

1068 1823 1133 1854 puto
1146 1827 1206 1847 esse
1225 1820 1355 1854 quosdam
1376 1824 1486 1846 vocatos
1500 1820 1612 1854 quidem
1627 1827 1656 1848 ut
1670 1817 1813 1856 patiautnrtt)

1068 1873 1117 1900 pro
1140 1866 1258 1897 Christo,
1286 1873 1339 1892 non
1363 1870 1452 1892 tamen
1479 1866 1597 1898 electos;
1618 1868 1645 1893 id
1671 1873 1722 1899 est,
1744 1872 1813 1894 vortat

1068 1917 1213 1947 martyres,
1226 1911 1272 1939 sed
1286 1919 1337 1938 non
1357 1911 1459 1938 electos
1473 1911 1512 1946 (5)
1528 1918 1684 1948 rnarlyres:
1701 1919 1728 1940 ut
1741 1909 1813 1940 smul-1

1066 1959 1111 1992 qui
1136 1962 1196 1992 post.
1224 1962 1419 1984 tormentorum
1445 1964 1545 1991 agones
1573 1963 1602 1984 et.
1628 1965 1771 1987 carcerum,
1786 1962 1813 1981 ml

1067 2010 1152 2037 usque
1166 2003 1198 2029 ad
1213 2003 1292 2029 linem
1309 2003 1336 2029 in
1361 2001 1541 2029 confessionis
1562 2004 1707 2030 tolerantia
1725 2003 1813 2038 perdurat

1067 2051 1138 2074 runt.
1165 2047 1212 2073 Est
1232 2052 1258 2074 et
1277 2051 1371 2088 vocata
1391 2047 1477 2082 virgo.
1500 2046 1548 2074 sed
1570 2055 1625 2074 non
1654 2048 1735 2075 electa
1757 2048 1813 2081 ὡς(

1116 2115 1140 2131 ·¹⁰
1156 2115 1306 2155 Ριῄῌρᾎιν,
1325 2115 1352 2143 5,
1389 2116 1410 2132 ⁷¹
1426 2115 1434 2142 l
1449 2116 1512 2143 Cor.
1527 2123 1577 2148 xtt,
1590 2116 1608 2143 8
1624 2124 1685 2153 seq.
1721 2118 1741 2133 τ¹
1752 2115 1813 2143 ιιεω.

1104 2209 1160 2245 (97)
1191 2210 1237 2236 Sic
1265 2217 1329 2235 mss.
1354 2209 1486 2243 plerique.
1510 2209 1609 2237 Caneri
1638 2217 1703 2237 vero
1721 2214 1745 2237 et
1760 2210 1813 2239 enim.

1069 2245 1139 2277 Quid
1155 2250 1191 2271 ut
1216 2249 1304 2271 autent
1327 2253 1430 2271 scrt'um
1450 2252 1505 2271 esse
1521 2245 1643 2272 Christi?
1663 2246 1737 2277 Quod
1747 2249 1776 2270 est
1788 2248 1813 2275 ut.

1068 2283 1151 2308 deest.
1168 2280 1236 2310 quod
1252 2279 1300 2310 est)
1319 2287 1421 2305 servum
1430 2288 1485 2306 suo
1502 2281 1572 2306 verbi
1588 2279 1648 2311 Dei,
1664 2286 1717 2307 etc.

1095 2315 1153 2351 (98)
1175 2315 1244 2342 Editi
1263 2316 1397 2349 plerique,
1415 2319 1452 2341 est
1472 2322 1518 2348 per
1531 2314 1666 2347 speculum
1684 2313 1709 2339 in
1722 2311 1813 2343 «τώς-ωε

1061 2355 1129 2381 te...,
1147 2356 1171 2377 et
1187 2357 1213 2376 ul
1230 2355 1324 2377 m’lcra
1340 2351 1420 2379 dono,
1438 2355 1490 2376 etc.

1102 2385 1157 2417 (99)
1175 2383 1220 2409 Sic
1249 2389 1299 2408 ms.
1325 2382 1425 2418 Regius
1460 2389 1539 2418 num.7
1558 2381 1639 2410 1639.
1664 2382 1753 2409 Caneri
1770 2385 1813 2418 ,τέω

1068 2426 1146 2448 ntss.,
1163 2418 1292 2443 ltabauus
1309 2421 1335 2443 et
1348 2417 1424 2452 c7t7liti,
1439 2417 1564 2450 prtrt't'det
1577 2422 1601 2452 et
1615 2418 1697 2452 eligit,
1711 2418 1735 2443 ai
1755 2417 1813 2447 εέςςικη

1066 2453 1166 2479 Deinde
1189 2460 1239 2479 uts.
1266 2459 1335 2478 IllIlIS
1359 2451 1460 2485 Regius
1476 2459 1549 2478 num.
1563 2451 1705 2483 Mill,aul
1718 2454 1813 2478 unum

1064 2496 1195 2513 εοηιιιηιο.

1100 2491 1222 2556 Rigalt-ili
1249 2525 1276 2548 et
1302 2528 1367 2547 mss.
1387 2521 1498 2555 quidaut
1515 2519 1617 2546 :Multi
1645 2521 1736 2552 rotati,
1762 2514 1813 2551 ρης(

1063 2557 1148 2584 electi.

1099 2591 1138 2625 (2)
1156 2590 1200 2618 Sic
1216 2598 1280 2617 mss.
1301 2594 1327 2617 et
1353 2590 1494 2617 ltahanus.
1514 2589 1585 2616 Editi
1599 2597 1676 2621 vero,
1689 2589 1808 2623 ciarum

1061 2628 1150 2660 pra'do
1166 2631 1190 2652 et
1205 2626 1334 2660 proditor.
1368 2659 1371 2660 7
1481 2659 1497 2660 77
1522 2659 1526 2660 7
1545 2659 1549 2660 7
1801 2655 1802 2659 η

1095 2661 1133 2696 (5)
1150 2662 1188 2686 lla
1205 2669 1269 2687 mss.
1285 2666 1312 2687 et
1325 2659 1464 2687 Rabanus.
1480 2659 1551 2686 Editi
1570 2666 1644 2690 vero,
1660 2663 1684 2685 et
1698 2659 1813 2684 ratem-tl

1058 2702 1149 2728 captus
1165 2701 1200 2721 est
1213 2705 1228 2721 a
1243 2697 1327 2722 leone.

1096 2730 1132 2765 (4)
1151 2731 1196 2757 Sic
1212 2738 1279 2757 mss.
1296 2730 1380 2757 nostri
1405 2733 1432 2756 et
1461 2728 1602 2757 Rabanus.
1625 2728 1705 2760 Editi,
1719 2727 1813 2762 rut-HW

1060 2766 1126 2797 pali.
1761 2794 1781 2797 ,Α
1798 2792 1801 2794 -

1098 2800 1135 2834 (5)
1153 2799 1206 2826 Sed
1222 2808 1273 2827 nou
1291 2799 1395 2828 electos.
1427 2798 1489 2827 lla‘c
1512 2799 1701 2828 desiderantur
1714 2798 1741 2825 il
1760 2794 1809 2821 ὶιὶδδθ

1062 2843 1141 2861 attica
1155 2836 1244 2862 editis.
1340 2860 1358 2871 δ
