1831 3049
16 95 50 123 49
477 98 655 127 COMMENT.
674 98 708 126 IN
725 99 836 127 EPIST.
857 100 902 127 AD
923 99 1006 129 ROM.
1026 100 1092 128 LlB.
1113 101 1134 129 Ι.

1577 107 1629 135 850

16 160 48 179 on
63 151 137 179 dicit
155 161 161 179 :
178 151 231 184 Qui
245 153 445 187 prtetlestinatus
458 161 496 183 est
517 157 604 185 Filius
621 158 671 186 Dei
685 159 712 185 in
733 159 786 185 πεῖν·
802 161 825 190 Α
840 153 937 193 spiritu
949 159 1175 187 sanctiﬁcationis
1186 160 1228 187 vel
1242 160 1341 188 divina:
1355 162 1463 191 virtutis
1474 164 1626 192 substantia

16 202 49 224 ἰε
67 198 214 224 secttndum
231 199 355 232 spiritum
374 202 592 235 sanctiﬁcationis
609 204 646 231 ‘6:
663 205 721 235 sed,
734 204 786 237 Qui

16 242 144 270 minatus
157 247 194 268 est
208 241 298 269 Filius
317 243 364 270 Dei
378 244 446 280 t23).
464 245 495 273 Et
512 254 589 274 nemo
601 252 676 281 putet
689 255 737 274 nos
752 248 785 275 de

16 296 43 316 )c
55 295 185 315 sermone
202 289 339 316 curiosius
357 298 439 325 quam
465 300 508 319 res
532 293 642 328 patitur,
660 301 785 328 perscru-

21 335 56 362 ri.
83 333 216 367 Quamvis
233 335 305 362 enim
331 337 357 363 in
385 337 488 364 Latinis
512 339 711 373 exemplaribus
727 340 783 374 (24}

16 379 199 408 wdestinatus
211 380 297 408 soleat
309 382 437 416 inveniri,
451 388 539 411 tatnen
553 386 699 412 secundum
712 386 783 421 quod

16 425 235 460 iterpretslionis
259 426 359 454 veritas
377 427 467 460 habet,
491 429 636 456 destinatus
654 430 783 465 scriptum

20 474 40 502 t,
66 477 120 496 non
136 470 354 504 pra’deslinatus.
383 471 539 501 Destinatur
568 475 641 501 enim
666 474 711 502 ille
737 476 782 509 qui

19 520 40 548 ι,
57 516 270 550 ρι’ωίιεειὶιιτιιιιι·
286 524 352 544 vero
367 517 411 545 ille
432 519 478 554 qui
501 520 620 547 nondum
643 525 696 553 est,
712 521 782 548 sicut

32 563 65 588 de
80 562 251 598 quibus(25)
273 563 339 591 dicit
358 565 505 600 Apostolus
526 565 547 581 "
571 576 577 593 :
602 565 674 599 Quos
694 572 782 594 autem

16 611 131 643 'a'scim't,
150 609 210 637 illos
239 615 263 637 et
288 612 496 646 prwdestinnvil.
521 613 645 642 Praesciri
665 623 730 650 ergo
755 621 782 643 et

16 657 181 684 'zcdestinari
199 662 312 692 possunt
326 659 364 685 illi
380 659 425 693 qui
440 660 560 687 nondum
577 667 640 689 sunt
654 670 661 694 ;
678 662 721 689 ille
734 670 781 688 au-

18 711 42 730 m
58 703 104 738 qui
121 708 175 735 est,
190 709 216 731 et
229 712 338 739 semper
354 710 406 738 est,
423 713 476 733 non
497 708 717 742 praedestinatur,
734 710 781 736 sed

16 750 151 778 :stinatur.
170 750 233 778 Huic
251 751 323 779 dicta
345 753 401 779 sint
415 760 429 779 a
450 753 526 780 nobis
551 759 661 788 propter
672 762 720 782 eos
734 756 778 789 qui

28 795 200 829 unigenitum
217 797 314 825 Filium
333 797 379 824 Dei
395 798 562 833 impietatem
579 800 736 835 loquuntur,
752 806 779 828 et

840 204 1018 237 nominatur;
1045 205 1077 232 de
1104 212 1156 240 qua
1174 205 1238 232 alibi
1257 206 1315 241 ipse
1336 205 1460 235 Salvator
1475 209 1551 242 dicit,
1565 210 1628 244 quia

838 250 921 276 tristis
938 255 974 276 est
987 251 1077 277 anima
1093 259 1150 277 mea
1163 260 1242 286 usque
1255 252 1289 277 tul
1305 258 1414 280 mortem
1426 254 1465 286 “;
1481 259 1507 281 et
1521 264 1528 282 :
1547 255 1627 283 Nunc

838 294 927 320 anima
940 302 997 320 mea
1013 294 1122 321 turbata
1138 302 1174 322 est
1186 296 1207 311 "
1222 306 1227 323 :
1243 302 1366 331 quadret
1382 305 1396 324 a
1411 300 1557 334 semetipso
1578 308 1626 334 po-

836 339 901 370 suit,
920 338 975 366 imo
989 347 1049 374 quae
1064 339 1121 375 (‘29)
1143 348 1228 376 usque
1255 342 1288 368 ad
1312 342 1448 370 infernum
1474 345 1626 378 descendit,

840 385 872 411 de
887 392 940 419 qua
956 390 983 412 et
1003 385 1123 413 dicitur:
1142 386 1203 413 Non
1221 387 1387 423 derelinques
1407 390 1522 417 animum
1542 399 1627 420 meum

836 430 864 456 in
881 430 986 464 inferno
1000 431 1033 458 ”.
1050 432 1161 458 Certum
1177 437 1217 459 est
1229 432 1301 459 enim
1315 434 1377 467 quia
1393 434 1448 461 haec
1465 443 1517 462 non
1534 436 1566 462 de
1584 444 1627 463 se-

835 476 909 503 mine
933 476 1017 504 David
1044 482 1174 512 generata
1203 477 1248 505 sit.
1277 477 1347 506 Dicit
1367 480 1438 506 enim
1464 481 1527 514 quia
1554 482 1625 516 quod

836 522 937 548 factum
964 527 1005 549 est
1030 530 1064 548 ex
1089 523 1192 550 semine
1219 523 1314 555 David,
1341 525 1487 551 secundmn
1514 534 1623 553 carnem

833 574 874 595 est
886 568 920 597 ’⁸,
936 568 1005 602 Quia
1034 576 1099 604 ergo
1115 577 1203 604 neque
1219 570 1245 596 in
1261 577 1294 597 eo
1308 571 1379 605 quod
1400 572 1549 598 secundum
1563 580 1625 599 car-

834 622 893 641 nem
909 618 960 647 est,
971 614 1077 642 videtur
1090 616 1276 649 annumerari,
1290 623 1377 650 neque
1391 616 1416 642 in
1432 624 1464 643 eo
1480 617 1524 644 ubi
1541 618 1624 645 desti-

834 660 979 696 natur(30)
993 660 1081 688 Filius
1109 660 1155 688 Dei
1171 660 1197 688 in
1214 661 1313 688 virtute
1336 663 1483 688 secundum
1498 663 1622 696 spiritum

832 707 1060 735 sanctiﬁcationis
1084 708 1123 740 ’⁵,
1149 712 1215 743 puto
1250 708 1322 743 quod
1354 709 1548 736 consuetudine
1574 717 1622 737 sua

833 753 982 785 Apostolus
997 757 1088 780 utatur
1102 754 1187 782 etiam
1204 754 1229 781 in
1246 754 1297 781 hoc
1309 754 1378 787 loco,
1394 755 1484 782 sciens
1505 756 1622 782 mediam

832 806 940 833 semper
957 806 1018 826 esse
1034 801 1155 827 animam
1172 800 1244 827 inter
1259 801 1386 835 spiritum
1405 805 1433 828 et
1452 809 1573 834 carnem,
1595 807 1622 829 et

16 847 146 870 norantes
170 842 353 872 diﬁ'erentiam
381 845 509 872 destinati
530 851 557 874 et
584 848 778 882 prmtlestinati,
796 842 816 869 Β
832 851 877 872 aut
891 845 1007 881 iungere
1020 854 1050 873 se
1064 847 1151 880 carni,
1169 853 1196 874 et
1208 846 1276 873 t-ﬁici
1289 855 1370 873 unum
1385 855 1444 875 eum
1459 855 1558 878 carne;
1575 853 1621 875 aut

16 892 153 915 ttanteum
178 889 251 916 inter
278 897 326 917 eos
350 891 408 926 qui,
430 898 491 918 cum
512 896 575 920 ante
592 900 645 920 non
665 892 776 927 fuerint,

18 931 174 959 mdestinati
198 938 262 961 sunt
288 939 318 960 ut
345 938 449 966 essent,
477 937 674 962 numerandum
699 949 705 967 ζ
731 940 776 974 qui

16 985 123 1012 inquam
135 978 347 1013 praedestinatus
359 984 400 1006 est
415 984 444 1006 ut
455 986 528 1007 esset
542 980 636 1013 Filius.
651 983 697 1010 sed
709 991 778 1010 sem~

16 1031 32 1050 ir
49 1023 99 1050 init
117 1029 143 1051 et
161 1029 202 1052 est
217 1024 273 1062 (‘26)
292 1027 362 1053 sicut
381 1030 409 1053 el.
429 1026 518 1054 Pater.
543 1027 593 1061 Qui
619 1036 683 1063 ergo
705 1037 776 1057 scm-

19 1080 30 1097 r
44 1076 98 1103 est,
113 1071 278 1104 destinatur,
291 1078 318 1099 ut
332 1073 460 1106 diximus,
479 1081 531 1101 non
546 1075 773 1110 praedestinatum

21 1118 132 1145 iantem
151 1118 374 1152 pratdestinatur,
404 1120 523 1146 nondum
547 1125 606 1147 crat
628 1125 690 1148 tunc
711 1129 772 1149 cum

16 1163 239 1195 azdeslinaretur,
251 1164 298 1190 sed
317 1165 404 1200 coepit
420 1173 453 1193 ex
471 1170 602 1200 tempore.
616 1166 773 1195 Necessaria

20 1213 62 1235 tur
90 1209 268 1238 distinctione
294 1210 443 1244 Apostolus
468 1213 564 1245 utitur,
592 1220 653 1240 eum
676 1215 722 1249 qui
740 1222 773 1241 ex

16 1255 83 1282 mine
96 1252 184 1282 David
196 1257 344 1284 secundum
358 1265 469 1285 carnem
482 1263 535 1291 est,
548 1258 649 1286 factum
663 1261 770 1294 dicens;

16 1309 39 1328 m
63 1309 129 1328 vero
151 1310 231 1337 quem
256 1303 353 1331 Filium
381 1304 430 1332 Dei
453 1306 480 1331 in
509 1306 603 1333 virtute
628 1307 771 1334 secundum

16 1347 101 1374 iritum
125 1349 350 1383 sanctiﬁcationis
378 1351 400 1366 ’³
427 1351 564 1384 nominat,
596 1352 770 1380 destinatum.

16 1395 82 1421 enim
98 1402 163 1422 cum
179 1395 291 1423 dixisset
308 1395 407 1423 Filium
431 1396 490 1430 Dei,
506 1404 559 1424 non
573 1397 711 1433 superﬁuo
727 1399 773 1427 ad-

18 1440 55 1473 iit,
72 1441 99 1467 in
119 1441 222 1473 virtute,
235 1442 356 1470 indicans
371 1443 475 1477 perhoc
484 1444 554 1477 quod
564 1444 715 1472 substantia
729 1446 772 1473 Fi-

20 1493 30 1512 s
44 1486 79 1513 sit
92 1487 241 1513 secundum
255 1488 379 1522 spiritum
395 1488 630 1517 sanctiﬁcationis.
645 1490 769 1519 Christus

16 1531 59 1567 56
72 1531 147 1559 enim
172 1531 219 1558 Dei
247 1532 333 1558 virtus
358 1537 384 1559 ct
408 1532 453 1559 Dei
471 1532 604 1567 sapientia
619 1533 721 1561 dicitur
736 1535 768 1568 η,

18 1578 23 1604 i
38 1583 64 1604 et
78 1585 166 1612 vapor
188 1577 296 1604 virtutis
319 1578 376 1610 Dei,
393 1582 421 1604 ct
436 1579 554 1606 manatio
570 1579 662 1613 gloria:
676 1580 770 1607 Omni-

17 1624 94 1651 tentis
117 1623 277 1658 purissima,
304 1628 331 1650 et
353 1623 481 1657 splendor
501 1625 569 1652 lucis
595 1629 715 1658 mlernte,
741 1632 770 1653 et

20 1678 67 1705 ago
88 1671 223 1698 bonitatis
239 1670 287 1698 Dei
303 1670 456 1705 appellatur
469 1672 502 1698 ²⁰.
518 1671 573 1706 (‘27)
587 1671 640 1699 Sed
657 1673 769 1707 requiri-

16 1723 33 1748 r,
50 1717 71 1744 si
86 1717 111 1744 id
129 1717 202 1752 quod
223 1716 254 1744 de
269 1716 374 1743 semine
393 1715 476 1742 David
495 1717 618 1744 nascitur
634 1717 702 1753 (ἳὸ),
725 1726 770 1745 sc-

17 1763 95 1788 ndum
113 1769 224 1789 carnem
243 1767 296 1794 est,
313 1763 385 1796 quod
401 1769 465 1788 vero
482 1762 509 1790 in
527 1763 627 1790 virtute
649 1764 770 1790 destina-

16 1808 187 1835 rseeundum
209 1808 337 1843 spirituum
359 1809 598 1841 sanctiﬁcatimlis,
617 1808 702 1836 Filius
723 1810 770 1837 Dei

20 1854 43 1880 in
61 1855 215 1881 substantia
236 1854 281 1882 Dei
300 1859 352 1887 est.
366 1855 502 1891 quomodo
521 1856 710 1890 accipiendum
729 1861 771 1883 est

29 1901 115 1927 anin‘ta
134 1900 212 1932 Jesu,
230 1909 290 1936 quze
311 1902 354 1930 hic
374 1911 546 1938 nequaquam
563 1910 625 1929 cum
650 1910 731 1929 carne
744 1908 770 1930 ct

32 1946 51 1961 ”
63 1946 143 1981 Rom.
159 1954 176 1978 I,
193 1946 218 1972 4.
259 1947 279 1962 ¹⁷
297 1947 375 1974 Rom.
391 1956 450 1981 vin,
463 1949 509 1975 €29.
549 1949 570 1963 ιε
590 1947 668 1975 Itoni.
692 1956 711 1980 ι,
729 1948 756 1976 ιι.

17 2000 34 2016 ,ν
59 1982 81 1997 ¹²
99 1980 237 2013 1()ειιι.κιι,
252 1982 296 2009 ‘27.
337 1984 358 1998 ’³
372 1984 441 2009 l’sal.
456 1991 500 2016 xv,
516 1983 558 2010 10.

16 2015 108 2043 Matth.
125 2017 218 2048 MLG.
260 2019 281 2033 ²⁹
294 2018 301 2044 l
312 2018 374 2045 Cor.
387 2027 404 2050 ι,
417 2019 461 2046 50.

19 2107 41 2127 ι.

16 2135 68 2170 (21)
82 2135 168 2167 ΕιΙῘιῙ.
184 2135 211 2162 in
228 2135 331 2162 Latinis
355 2137 489 2164 radicibus
512 2144 536 2164 et
561 2137 765 2171 exentpiaribus.

16 2171 77 2196 inde
90 2171 223 2197 ortiittnnt
238 2171 392 2198 secundum.

16 2204 69 2239 (25)
93 2205 141 2233 Sic
167 2213 219 2232 ms.
248 2206 349 2238 Regius
372 2215 446 2233 num.
475 2207 552 2234 lii“.
581 2207 675 2234 leeri
700 2216 766 2235 vero

16 2248 54 2270 $9,,
72 2241 211 2273 “abantis,
229 2245 257 2268 et
272 2242 347 2272 editi,
364 2243 421 2273 alii,
438 2243 505 2269 sicut
522 2247 553 2270 de
566 2243 606 2269 Itis
623 2243 656 2269 de
673 2245 765 2274 quibus

21 2294 27 2300 .
41 2276 133 2308 quibus
157 2277 259 2303 omisso
272 2276 314 2311 de)
339 2277 414 2310 dicit,
438 2283 492 2305 etc.
511 2287 518 2310 ;
538 2279 618 2310 alius,
645 2279 713 2305 sicut
734 2281 766 2306 de

16 2310 133 2337 ibusdnm
152 2312 225 2344 dicit,
242 2316 295 2337 etc.

16 2344 67 2379 (26)
94 2345 132 2372 ita
164 2354 213 2372 ms.
238 2345 338 2380 Regius
362 2356 436 2374 num.
462 2347 526 2374 1611
552 2358 559 2381 ;

16 2388 55 2410 ιε..
73 2381 201 2408 [tabanus
218 2387 244 2408 et
261 2382 324 2409 editi
342 2384 469 2410 omittunt
484 2389 505 2409 et
520 2389 569 2410 est.

16 2415 68 2449 ('27)
93 2416 157 2453 llucr
181 2417 349 2453 referendum
375 2419 482 2446 videtur
504 2419 575 2452 quod
607 2419 765 2453 Pamphilus

16 2455 80 2486 Irtyr
97 2452 123 2478 in
134 2452 268 2488 Apologia
285 2460 332 2480 sua
345 2461 377 2480 ex
395 2455 464 2480 libro
478 2455 565 2488 primo
589 2452 716 2488 Epistolte
731 2457 763 2481 ad

16 2493 115 2523 nnanos
125 2487 298 2523 dt-sttt_l_tpttitti
316 2494 521 2515 commemorat.
540 2487 647 2520 Qutci-at
666 2490 764 2523 [ortas-

31 2521 124 2557 aliquis
145 2522 169 2558 si
195 2520 283 2549 Filius
301 2523 417 2550 charitas
439 2531 487 2555 est,
508 2526 637 2558 pr’wcipne
658 2520 764 2558 propter

17 2563 38 2586 ε,
54 2558 124 2591 quod
143 2556 262 2584 Joannes
281 2561 315 2584 ori
340 2559 423 2585 Deum
449 2556 555 2585 l’alrcm
581 2556 669 2586 retulit
696 2556 764 2587 lianc

16 2599 75 2628 Feta,
88 2592 179 2619 dicens
188 2600 197 2618 :
209 2592 276 2626 Quia
287 2593 356 2620 Deus
371 2594 491 2621 rharitas
504 2600 543 2621 est
556 2593 672 2628 (IJoan.
684 2602 721 2627 Iv,
736 2596 761 2626 8,

16 2626 101 2663 ).VSed
121 2635 227 2654 rursum
246 2636 278 2655 ea;
298 2630 355 2663 ipsa
374 2630 431 2663 ejus
458 2626 578 2659 Epistula
595 2630 761 2663 proferemus

17 2661 80 2688 illud
92 2664 164 2697 quat!
183 2664 221 2690 ait
236 2671 245 2690 :
262 2661 434 2696 Cltarissi'mi,
461 2661 607 2698 diligamus
635 2661 760 2695 invicem,

18 2698 104 2735 uolatu
119 2698 250 2735 Acharitas
264 2707 305 2735 rex
334 2699 387 2726 Det)
408 2705 449 2726 est
474 2700 539 2733 (ibid
558 2701 596 2735 'i).
625 2700 677 2732 Qui
701 2708 761 2733 ergo

16 2731 143 2765 rit:Qnia
165 2733 234 2760 Deus
247 2734 366 2761 Charitas
387 2740 438 2768 est,
458 2731 512 2768 ipse
536 2731 762 2761 iteiumrclmrit'a-

16 2773 31 2791 η
43 2769 114 2794 docet
133 2776 188 2795 esse
205 2777 238 2796 eo;
253 2769 306 2797 Deo
324 2778 333 2797 :
352 2778 429 2803 quam
445 2769 598 2796 trltaritatem
615 2778 666 2796 non
685 2771 763 2797 Credo

16 2804 143 2840 erilium,
160 2805 210 2831 nisi
226 2803 395 2840 Unigeniium
408 2804 510 2831 Filium
520 2805 587 2839 ejus,
599 2805 666 2831 sicut
680 2804 762 2832 Deum

30 2836 89 2871 Deo,
106 2840 144 2865 ita
158 2836 310 2867 cliaritnte'tn
325 2848 356 2867 ex
370 2841 498 2867 cltttritnte
513 2836 688 2874 progenitum.

585 2349 676 2376 exteri
703 2357 765 2377 vero

599 1983 621 1999 ”‘
634 1983 712 2010 Rotn.
727 1992 746 2017 I,
759 1985 785 2011 3.

16 2063 68 2112 123)
85 2064 168 2096 Ειιιιῑ,
187 2066 231 2099 qui
253 2066 400 2092 destinatus
422 2072 459 2093 est
486 2066 572 2093 Filius
595 2067 640 2093 Dei
664 2069 690 2093 in
717 2067 770 2094 νιν·
786 2070 808 2096 D

831 892 937 919 sociare
954 899 984 920 se
1001 893 1122 928 spiritui,
1142 898 1168 920 et
1185 901 1247 922 esse
1265 903 1348 922 unum
1363 902 1423 922 cum
1440 894 1536 929 spiritu
1559 901 1566 920 :
1585 901 1619 921 ex

829 944 895 972 quo,
919 938 941 965 si
963 938 1071 972 quidem
1100 946 1160 965 cum
1188 948 1271 968 carne
1287 941 1332 972 sit,
1354 940 1475 967 carnales
1495 939 1620 967 homines

830 983 918 1015 ﬁant;
943 983 964 1011 si
990 991 1057 1011 vero
1075 991 1138 1011 cum
1156 986 1265 1020 spiritu,
1286 986 1433 1021 spiritales.
1462 986 1495 1013 Et
1517 986 1619 1013 idcirco

827 1025 1000 1053 CXli‘iliSCCUS
1012 1033 1070 1053 eam
1092 1035 1144 1054 non
1160 1028 1293 1058 nominat,
1308 1030 1354 1055 561i
1371 1036 1482 1056 Cﬂl'llCﬂl
1501 1034 1616 1060 tantum,

828 1071 871 1096 vel
898 1071 1049 1106 spiritum;
1067 1072 1119 1099 scit
1146 1073 1219 1100 enim
1241 1073 1320 1100 alteri
1342 1074 1437 1101 horum
1462 1075 1616 1102 necessario

828 1117 946 1143 animam
965 1118 1116 1151 coharere,
1134 1118 1205 1153 sicut
1225 1124 1252 1146 et
1276 1119 1302 1146 in
1321 1119 1363 1146 his
1381 1120 1413 1146 ad
1437 1127 1505 1154 quos
1528 1121 1607 1149 dicit;

831 1161 884 1188 Vos
896 1167 983 1188 autem
1006 1163 1033 1189 in
1051 1171 1130 1190 carne
1145 1172 1198 1191 non
1214 1164 1284 1197 estis,
1297 1165 1341 1191 sctl
1358 1165 1383 1191 in
1401 1165 1495 1198 spiritu
1510 1165 1532 1180 ’⁵
1546 1173 1553 1198 ;
1567 1170 1594 1192 et
1607 1175 1614 1193 :

827 1208 880 1241 Qui
894 1217 922 1235 se
936 1209 1026 1244 jungit
1045 1210 1188 1243 meretrici,
1204 1218 1283 1236 uirtuti
1300 1219 1396 1244 corpus
1419 1215 1456 1237 est
1478 1210 1615 1247 (increui-

826 1262 884 1282 cem
900 1255 944 1282 hic
960 1263 1072 1282 carnem
1095 1256 1137 1282 vel
1162 1263 1260 1290 corpus
1286 1257 1407 1290 vocans),
1422 1257 1467 1291 qui
1484 1262 1569 1284 autem
1586 1265 1612 1283 se

820 1301 911 1336 jungit
927 1301 1050 1335 Domino,
1075 1310 1142 1329 unus
1164 1302 1272 1337 spiritus
1295 1308 1333 1329 est
1349 1303 1383 1330 ’⁷.
1401 1302 1438 1329 Ita
1452 1310 1516 1337 ergo
1532 1303 1614 1330 etiam

826 1355 898 1374 nunc
913 1348 1005 1374 sciens
1023 1348 1056 1374 de
1070 1349 1162 1375 anima
1177 1348 1252 1381 Jesn,
1274 1349 1336 1382 quia
1359 1348 1462 1376 sociata
1487 1349 1613 1381 Domino.

823 1399 850 1420 et
865 1394 1007 1421 cohaarens
1020 1394 1057 1429 ei,
1078 1402 1147 1422 unus
1162 1402 1224 1422 curn
1249 1386 1307 1430 ipso
1332 1395 1421 1422 factus
1442 1395 1478 1422 sit
1501 1395 1613 1429 spiritus

824 1440 1063 1473 sanctiﬁcationis,
1094 1449 1147 1468 non
1175 1449 1234 1468 eam
1260 1441 1409 1468 nominavit
1429 1442 1612 1473 extrinsecus,

824 1495 856 1514 ne.
869 1487 986 1515 solveret
1003 1487 1093 1514 Jesum
1108 1496 1115 1514 :
1130 1487 1206 1520 Quod
1221 1488 1289 1514 enim
1300 1488 1356 1524 (51)
1380 1487 1449 1515 Deus
1462 1487 1612 1522 conjunxit,

822 1533 900 1560 ltomo
918 1541 970 1561 non
985 1539 1088 1568 separet
1101 1533 1133 1560 '3.
1152 1534 1387 1561 Sanctiﬁcationis
1411 1540 1476 1560 vero
1500 1533 1614 1567 spiritus

823 1579 923 1606 dicitur
939 1579 1087 1606 secundum
1110 1580 1160 1607 hoc
1176 1580 1248 1614 quod
1272 1580 1376 1615 praabct
1399 1580 1525 1606 omnilnts
1549 1587 1613 1606 san-

823 1625 957 1655 ctitatem,
976 1624 1048 1651 sicut
1065 1629 1091 1652 et
1107 1625 1172 1652 alibi
1187 1626 1209 1641 ’⁵
1223 1625 1255 1652 de
1271 1633 1303 1652 eo
1325 1625 1456 1660 scriptum
1474 1627 1515 1651 est
1532 1633 1538 1651 :
1559 1623 1612 1657 Qui

822 1672 909 1706 fartus
925 1677 963 1698 est
979 1672 1109 1706 sapientia
1124 1671 1197 1697 nobis
1212 1680 1227 1697 tt
1245 1671 1310 1702 Deo,
1336 1677 1360 1698 et
1374 1671 1493 1705 justitia,
1510 1676 1533 1698 et
1551 1678 1610 1697 san-

821 1717 958 1750 cti/icatio,
971 1721 993 1742 et
1005 1715 1159 1749 redemptio.
1175 1715 1273 1742 Verum
1291 1719 1442 1743 occurrunt
1458 1716 1536 1743 nobis
1551 1715 1612 1750 qui-

820 1764 881 1788 dam
904 1762 1070 1797 qumstioues
1099 1762 1290 1789 acerbissimas
1314 1767 1516 1789 commoventes
1542 1761 1612 1796 (52),

820 1808 956 1843 quomodo
975 1808 1100 1835 videatur
1122 1807 1247 1836 Christus
1272 1808 1440 1836 descendere
1456 1816 1488 1834 ex
1507 1808 1611 1836 semine

820 1855 916 1886 David,
933 1861 1012 1888 quem
1027 1858 1132 1881 constat
1153 1862 1205 1882 non
1224 1861 1284 1881 esse
1298 1861 1330 1881 ex
1345 1853 1443 1886 Ioseph
1460 1858 1565 1887 natum,
1583 1854 1609 1881 in

819 1910 898 1937 quem
915 1901 1014 1935 Joseph
1033 1900 1119 1927 series
1132 1907 1165 1927 ex
1180 1900 1265 1927 David
1288 1900 1478 1927 descendentis
1494 1907 1610 1934 genera-

795 1950 816 1964 ”
839 1948 847 1974 l
868 1949 930 1974 Cor.
953 1946 1029 1978 1,25.

1068 1946 1091 1961 ¹⁰
1108 1946 1171 1980 Sap.
1187 1954 1236 1979 vn,
1249 1946 1295 1978 9.5,
1308 1945 1353 1972 26,
1393 1945 1520 1973 “Matth.
1533 1953 1607 1977 xxvi.

838 1985 861 2000 ³⁵
881 1983 945 2010 ibid.
965 1983 991 2009 4.
1048 1982 1070 1997 ’θ
1085 1981 1164 2007 Rom.
1181 1989 1234 2013 vni,
1248 1982 1275 2008 9.
1328 1980 1440 2008 "lCor.
1454 1989 1490 2013 \‘l,
1507 1982 1548 2014 i6,
1564 1980 1607 2008 17.

859 2066 915 2100 (28)
932 2066 1068 2100 Nascitur.
1086 2065 1167 2091 Deest
1195 2064 1220 2090 in
1242 2069 1320 2090 antea
1342 2063 1532 2100 editis.7Paulo
1548 2069 1609 2099 post

823 2110 888 2129 mss.
905 2099 995 2135 plures
1007 2109 1013 2127 :
1027 2099 1116 2126 Filius
1133 2100 1181 2126 Dei
1195 2105 1217 2125 et
1231 2100 1378 2126 substantia
1393 2099 1440 2125 Dei
1453 2105 1502 2126 est.

857 2137 912 2172 (‘29)
929 2136 997 2162 Editi
1013 2141 1040 2162 et
1058 2143 1109 2161 ms.
1125 2142 1205 2167 unus,
1225 2135 1276 2160 imo
1290 2142 1352 2169 qua,
1372 2139 1424 2161 etc.
1442 2135 1496 2162 Sed
1516 2135 1606 2162 cmteri

820 2171 885 2200 mss.
900 2177 927 2198 et
942 2171 1081 2203 liabanns,
1098 2172 1151 2196 imo
1162 2178 1225 2204 qua,
1237 2175 1291 2196 etc.

856 2209 911 2243 (50)
924 2206 969 2233 ὃιυ
981 2211 1085 2243 ιιιςεηυι
1102 2205 1229 2243 Rabanus
1245 2213 1252 2236 ;
1270 2205 1334 2243 editi
1351 2213 1523 2243 vereturque
1536 2206 1564 2233 in
1577 2213 1606 2243 e_o

819 2240 864 2270 ubi
874 2242 1019 2274 descendit,
1036 2241 1068 2267 de
1082 2249 1135 2275 qua
1152 2241 1250 2275 dicitur
1261 2248 1270 2266 :
1285 2240 1341 2267 Non
1358 2241 1531 2274 derelinques
1548 2241 1607 2267 ani-

819 2286 889 2304 Inatn
912 2285 999 2304 meum
1018 2279 1042 2303 in
1060 2273 1166 2302 inl'erno
1182 2273 1270 2310 (Psul.
1299 2283 1342 2308 xv,
1366 2275 1421 2312 £0).
1441 2275 1605 2307 Destinalur,

817 2318 870 2340 CIC.

855 2347 1018 2386 (3i)»_lj2_n_im.
1038 2347 1118 2386 Deest
1142 2346 1167 2372 in
1191 2345 1281 2373 editis.
1307 2346 1408 2373 Deinde
1424 2353 1480 2386 ‘ms.
1504 2345 1605 2386 liegius

817 2382 892 2410 nuin.
911 2383 990 2414 1659,
1010 2388 1037 2409 et
1066 2383 1203 2412 lulianus,
1220 2389 1271 2408 non
1286 2387 1402 2416 separat.
1420 2382 1517 2408 Cancri
1536 2388 1602 2407 mss.

815 2424 841 2445 et
857 2419 933 2449 editi,
953 2426 1003 2444 twn
1017 2422 1128 2451 δι’μιιιέι.

852 2454 908 2488 (32)
924 2453 1004 2484 Editi,
1018 2459 1044 2479 et
1060 2460 1108 2493 ms.
1127 2459 1212 2494 lunus,
1232 2451 1352 2485 quietiam
1370 2453 1519 2494 questiones
1531 2459 1604 2481 acer-

816 2488 920 2515 [tissime
936 2489 982 2522 (al.
996 2488 1133 2521 acerrime)
1147 2492 1346 2514 commoventes.
1367 2488 1419 2515 Sed
1430 2490 1521 2516 czeteri
1534 2495 1600 2515 mss.

815 2523 997 2552 etliabanus.
1016 2524 1125 2551 rectius.
1153 2527 1181 2548 ul
1207 2522 1232 2548 in
1260 2526 1346 2550 textu.
1375 2524 1505 2551 Socrates
1529 2523 1601 2550 Hist.

811 2558 874 2586 eccl.
909 2559 956 2586 lib.
972 2566 1018 2589 vn,
1036 2565 1095 2594 cap.
1114 2558 1158 2587 5'2,
1175 2557 1228 2594 ait:
1243 2557 1298 2583 Καὶ
1313 2558 1461 2594 ῘΩριγέιιης
1473 2559 1502 2587 δὲ
1517 2561 1545 2586 ὲν
1563 2558 1602 2592 τῷ

815 2594 914 2630 πρώτῳ
941 2592 1094 2635 vim)th
1116 2591 1240 2635 elqn‘zip:
1265 2591 1523 2635 πρὸς’ί”Ρωλιὶιίιὶυς
1545 2591 1601 2635 Τοῦ

820 2626 1007 2656 ’Ᾱποὰτόλὼύ
1026 2626 1215 2661 Ἐπιστολὴν,
1228 2628 1386 2662 ἑρμηνεύων
1403 2626 1461 2662 id);
1478 2626 1601 2662 Οεότόκος

814 2665 931 2699 λέγεται,
948 2664 1071 2695 πλατέως
1086 2664 1211 2700 ἐξήτασε.
1227 2663 1278 2700 Sed
1293 2670 1316 2690 et
1329 2664 1460 2700 Origenes
1474 2666 1502 2691 in
1516 2667 1600 2700 primo

815 2698 882 2727 toruo
903 2698 1166 2727 Counmcnlariorum
1189 2699 1213 2724 in
1234 2698 1474 2732 l‘lpistolaananli
1494 2698 1527 2727 ad
1548 2700 1603 2726 R0<

817 2743 921 2768 tnanos,
936 2743 1066 2770 exponens
1088 2742 1139 2768 qua
1158 2735 1259 2760 ratione
1278 2735 1383 2761 dicatur
1399 2735 1523 2769 Deipura,
1542 2744 1598 2762 eam

817 2772 990 2805 qua’stionem
1010 2770 1139 2796 latissime
1151 2770 1412 2806 pertractavit.Qu0d
1425 2772 1463 2806 Aab
1483 2771 1599 2806 Origene

818 2804 867 2834 hoc
886 2807 911 2833 in
928 2806 986 2833 loco
1003 2810 1199 2840 pertractatum
1213 2805 1297 2832 fuisse
1311 2804 1460 2832 verisimile
1476 2809 1527 2833 est.
