1835 3047
0 108 60 137 837

483 107 659 138 COMMENT.
679 110 713 138 ΙΝ
733 109 845 137 EPIST.
868 110 913 137 AD
930 111 1014 139 ROM.
1036 112 1099 139 LIB.
1121 112 1140 139 1.

1580 118 1633 146 358

0 169 138 198 voluntate
168 169 216 196 Dei
234 169 352 196 veniendi
368 169 402 196 ad
429 177 472 197 vos
485 170 505 197 ί.
527 171 604 205 Quod
629 172 688 200 sine
711 172 793 199 intcr-
809 173 830 200 Α
846 179 933 206 neque
949 172 1178 200 circumferuntur
1188 173 1261 199 omni
1275 177 1354 200 vento
1374 173 1503 202 doctrina:
1519 175 1540 202 ³.
1555 175 1632 209 Quod

0 217 134 243 missione
146 223 193 250 pro
210 216 251 243 bis
264 216 361 250 quibus
371 216 476 249 scribit,
492 224 573 244 orare
588 225 616 246 se
627 218 702 250 dicit,
718 226 794 244 mau-

0 261 61 287 dati
82 261 121 287 sui
135 267 238 287 memor
254 261 372 294 complet
386 268 468 295 opere
480 262 551 295 quod
562 270 687 290 sermone
700 264 793 297 praeci-

0 308 37 341 pit
51 307 74 335 ².
95 306 162 339 Quia
183 310 273 333 autem
300 307 366 333 dicit
387 308 532 334 obSecrare
556 315 584 334 se
608 309 630 335 si
658 309 792 342 quomodo

0 354 110 380 :andem
123 353 265 387 aliquando
282 361 440 388 prosperum
458 355 509 382 iter
521 356 630 387 habeat,
644 360 672 381 ut
699 356 724 381 in
745 363 793 381 vo-

0 400 103 424 lnntate
116 398 161 424 Dei
180 397 271 424 veniat
286 397 318 423 ad
335 398 482 430 Romanos,
500 399 725 426 considerandum
750 402 792 424 est

0 444 73 478 quod
101 444 240 478 apostolus
257 444 303 472 Dei
327 445 360 471 ad
376 452 444 479 opus
469 450 608 478 sanctum,
630 445 655 472 id
672 449 712 472 est
724 452 791 479 opus

0 489 154 522 Evangelii,
173 488 361 522 proficiscens,
378 493 518 523 exspectat
533 490 617 516 donec
629 490 791 517 obsecratio-

0 535 81 561 nibus
95 535 222 569 impetret
236 543 289 561 non
304 535 391 562 solum
415 535 471 570 (57)
489 543 649 570 prosperum
665 537 716 563 sibi
739 537 790 563 iter

0 580 70 611 ﬁeri,
83 580 130 607 sed
143 586 172 607 et
186 581 212 607 in
228 581 366 608 voluntate
383 580 428 608 Dei
444 589 604 616 prosperum
623 582 693 609 ﬁeri.
712 581 789 610 Unde

0 630 22 652 at
48 625 135 652 multo
160 626 246 660 magis
272 626 360 657 nobis,
386 627 486 661 quibus
507 635 558 654 nou
585 628 681 654 estvel
699 628 789 662 operis

0 677 75 698 tanta
100 672 142 699 vel
175 671 265 698 meriti
289 672 467 704 conscientia,
500 680 560 700 cum
587 673 688 707 aliquid
708 680 788 707 agere

2 716 179 751 lisponimus,
198 724 212 743 a
227 716 283 744 Deo
309 717 415 745 itineris
434 719 603 752 prosperitas
630 718 786 752 postulanda

0 767 45 788 ast.
64 762 133 789 Puto
145 767 234 789 tamen
249 763 319 797 quod
332 764 412 790 etiam
425 763 476 790 hoc
492 763 577 790 volttit
591 764 702 798 intelligi
716 764 787 797 Apo-

0 808 93 841 ilolus,
108 809 173 843 quia
197 816 250 834 non
278 816 385 841 semper
412 808 520 835 itineris
546 809 712 843 prosperitas
739 809 785 835 Dei

0 855 134 882 toluntate
153 855 302 889 periit-itur.
318 855 437 890 Denique
449 860 476 881 et
500 855 607 881 Balaam
625 855 675 882 iter
693 855 786 882 habuit

0 908 154 935 )rospernm
167 902 248 928 eundi
267 901 300 928 ad
318 901 426 933 Balach,
441 907 470 928 ut
495 901 669 928 malediceret
688 902 786 936 popqu

4 947 74 974 sracl
90 948 120 978 ’ς
136 948 183 974 sed
202 955 254 974 non
273 948 322 975 fuit
335 948 379 975 illa
404 956 435 976 ex
462 947 600 975 voluntate
616 948 704 975 divina
720 955 783 983 pro-

0 993 123 1026 speritas.
143 993 176 1020 Et
188 993 265 1020 tnulti
278 994 304 1020 in
323 995 404 1021 rebus
420 995 510 1022 smcnli
525 994 660 1029 prosperis
673 999 786 1021 utuntur

0 1040 181 1072 :uccessibus,
195 1045 222 1067 ct
248 1039 386 1067 ex5ultant
407 1041 434 1068 in
459 1042 687 1076 prosperitatibus
701 1041 758 1068 suis
774 1049 781 1072 ;

0 1086 37 1112 ted
55 1093 108 1113 non
122 1088 165 1112 est
180 1084 241 1111 talis
264 1085 430 1118 prosperitas
450 1093 483 1112 ex
500 1086 638 1114 voluntate
654 1085 715 1118 Dei,
731 1086 782 1112 nisi

0 1139 51 1158 :um
70 1130 125 1157 tale
141 1134 182 1157 cst
207 1139 274 1164 opus
295 1130 402 1158 itineris
429 1132 531 1164 nostri,
547 1132 627 1166 quale
644 1132 688 1159 hic
712 1131 784 1158 desi—

0 1183 55 1211 gnat
71 1176 229 1212 Apostolus.

26 1234 70 1261 12.
90 1233 217 1259 Desidere
236 1234 316 1264 enim.
338 1233 436 1265 inquit,
450 1234 536 1260 ridere
553 1242 607 1265 vos,
626 1238 653 1260 ut
676 1234 782 1268 aliquod

0 1280 96 1305 ‘radam
118 1279 188 1305 vobis
200 1278 297 1304 donmn
311 1278 431 1312 spiritale
446 1279 502 1314 (58)
522 1279 556 1305 ad
571 1279 780 1313 conﬁrmandam

0 1334 44 1356 ros,
58 1325 87 1351 id
100 1330 151 1356 est.
167 1324 300 1351 consulari
311 1325 337 1351 in
352 1325 423 1351 vobis
442 1333 488 1358 per
508 1333 575 1357 eam,
595 1333 653 1360 qua:
672 1326 781 1352 invicem

0 1375 37 1403 γει,
53 1371 134 1404 ﬁdem
153 1374 264 1396 vestram
281 1375 358 1404 atque
372 1378 455 1396 meam
471 1370 491 1396 ⁸.
506 1369 596 1397 Primo
608 1371 726 1397 omnium
741 1371 781 1398 di-

0 1425 64 1444 .cerc
82 1416 213 1443 debemus
242 1423 312 1450 opus
335 1423 394 1442 esse
421 1415 598 1450 apostolicum
625 1416 780 1444 desiderare

0 1463 101 1495 ’ratres,
116 1462 164 1489 sed
181 1469 233 1488 non
250 1461 331 1487 aliam
355 1460 390 1486 ob
408 1467 528 1490 causam.
547 1461 599 1488 nisi
617 1465 645 1487 ut
659 1460 701 1488 vel
715 1469 781 1488 con-

844 226 904 244 cum
918 218 946 244 tit
959 226 972 245 a
989 219 1081 250 Paulo,
1097 225 1124 246 et
1144 219 1202 251 ipse
1224 219 1439 248 consolationem
1459 222 1542 256 capit,
1564 230 1633 256 opus

844 273 920 291 suum
937 265 1044 291 ﬁrmttm
1059 269 1085 292 et
1098 265 1195 292 stabile
1220 265 1333 296 videns:
1356 271 1382 293 et
1399 267 1436 293 illi
1459 269 1633 297 consolantur

843 311 888 344 qui
901 311 1054 345 apostolica:
1068 312 1162 346 gratia:
1173 313 1320 347 participes
1335 313 1412 340 lium.

878 357 922 383 15.
940 356 1009 383 Nolo
1027 361 1114 383 autem
1130 366 1172 384 vos
1187 358 1319 392 ignorare,
1338 359 1463 393 fratres”,
1481 360 1543 393 quia
1564 367 1632 394 saepe

842 403 966 436 proposui
978 403 1065 429 uenire
1077 404 1111 429 ad
1127 412 1170 430 vos
1183 404 1216 438 (et
1241 405 1389 438 prohibitus
1405 414 1461 431 sum
1477 414 1557 439 usque
1581 406 1630 432 ad—

841 449 901 484 huc)
917 454 942 474 nt
958 449 1071 483 aliquem
1086 449 1200 482 fructum
1218 451 1328 478 habeam
1341 457 1363 478 et
1385 453 1411 478 in
1426 453 1509 486 vobis,
1526 453 1594 480 sicut
1605 459 1629 481 et

840 496 867 522 in
880 495 980 520 ta'teris
991 495 1120 528 gentibus.
1137 495 1238 522 Gra’cis
1262 505 1292 523 ac
1312 497 1430 525 barbaris
1444 518 1451 529 ,
1470 499 1630 531 sapientibus

840 547 862 566 et
889 540 1071 570 insipientibus
1101 541 1204 567 debitor
1228 549 1286 568 sunt
1302 543 1361 569 :ita
1386 544 1498 577 quodin
1522 553 1562 571 me
1579 550 1628 579 est,

842 588 978 618 promptus
996 591 1055 610 sum
1074 583 1131 618 (60)
1149 590 1173 611 et
1193 585 1275 617 vobis,
1295 587 1340 620 qui
1359 587 1448 615 Roma:
1463 591 1537 621 estis,
1551 599 1634 617 evanw

842 629 963 663 gelizure.
980 629 1028 655 Est
1041 630 1149 663 quidem
1163 636 1190 657 et
1205 631 1369 666 hyperbaton
1385 634 1410 660 in
1431 635 1482 662 hoc
1496 636 1570 667 loco;
1587 642 1629 663 est

839 682 865 703 et
878 677 1040 704 elocutionis
1052 677 1178 706 deiectio.
1205 678 1258 705 Sed
1282 679 1448 714 hyperbaton
1475 680 1525 707 hoc
1549 682 1629 709 modo

839 729 981 756 possumus
999 723 1111 749 reddere
1134 732 1141 749 :
1162 722 1229 750 Nolo
1250 729 1342 750 atttem
1360 732 1407 751 vos
1424 725 1560 759 ignorare,
1575 725 1630 752 fra—

840 773 904 799 tres,
918 769 981 801 quia
996 775 1066 802 sa'pe
1079 769 1204 802 proposui
1229 770 1323 796 venire
1344 771 1376 796 ad
1395 777 1454 800 vos.
1469 774 1498 796 nt
1512 770 1628 805 aliquem

839 813 955 840 fructum
973 813 1085 840 habeam
1100 818 1127 840 et
1140 814 1166 840 in
1184 815 1267 845 vobis,
1282 814 1390 841 sicntet
1402 814 1427 841 in
1443 815 1550 842 caeteris
1565 823 1630 850 gen-

840 860 920 891 tibus,
937 859 1040 886 Grmcis
1054 867 1086 886 ac
1112 859 1236 886 barbaris
1248 880 1256 892 ,
1275 860 1442 893 sapientibus
1455 866 1480 887 et
1496 860 1628 895 insipien-

839 905 921 936 tibus,
935 909 963 931 et
980 904 1132 939 prohibitus
1143 913 1202 932 sum
1215 912 1301 939 usqtte
1314 905 1413 933 adhuc.
1428 905 1548 933 Deiectio
1565 913 1630 934 vero

837 950 997 977 elocutionis
1015 951 1066 978 hoc
1079 951 1159 978 modo
1173 950 1376 985 adimplebitur.
1391 951 1417 978 lu
1429 959 1460 978 eo
1477 952 1519 978 ubi
1534 952 1600 979 dicit
1619 960 1628 978 ι

839 996 870 1022 Et
890 997 916 1023 in
930 997 1032 1023 ca’teris
1043 997 1173 1032 gentibus,
1193 996 1294 1024 Gt'wais
1311 1006 1342 1024 ac
1357 999 1487 1029 barbaris,
1503 998 1630 1032 sapienti-

835 1043 883 1070 bus
900 1048 923 1069 et
944 1043 1145 1077 insipientibus,
1172 1043 1279 1070 videtur
1302 1044 1396 1071 deesse
1415 1045 1518 1079 quibus,
1544 1049 1573 1070 ut
1597 1052 1629 1071 ea

835 1095 894 1122 quze
912 1087 1113 1121 subsequuntur
1126 1088 1166 1114 sic
1180 1088 1314 1123 lcgantur,
1328 1089 1422 1124 quibus
1436 1090 1537 1116 debitor
1547 1098 1604 1116 sum
1617 1099 1628 1123 ,-

834 1139 861 1161 et
885 1133 920 1160 sit
949 1133 1008 1160 talis
1022 1135 1213 1167 consequentia
1231 1143 1238 1160 :
1258 1133 1334 1162 Sicut
1365 1134 1479 1162 fructum
1499 1135 1586 1162 habeo
1601 1137 1627 1162 in

835 1180 941 1207 caneris
956 1181 1092 1215 gentibus,
1109 1181 1211 1208 Grzecis
1225 1189 1257 1208 ac
1269 1181 1402 1212 barbaris.
1419 1182 1587 1214 sapientibus
1601 1187 1628 1209 et

837 1226 1039 1261 insipientibus,
1054 1227 1153 1261 quibus
1177 1226 1284 1254 debitor
1309 1234 1378 1258 sum,
1398 1229 1433 1254 ita
1447 1227 1518 1261 quod
1535 1228 1560 1254 iu
1584 1236 1628 1256 me

833 1276 1038 1306 est,promptns
1058 1279 1117 1298 sum
1143 1271 1223 1298 etiam
1248 1271 1336 1305 vobis,
1360 1274 1405 1307 qui
1429 1273 1523 1300 nonnae
1548 1274 1626 1305 estis,

833 1318 1028 1353 evangelizare.
1051 1317 1191 1352 Nunquam
1216 1320 1287 1344 enim
1317 1319 1387 1352 apud
1413 1319 1493 1346 ullatn
1517 1325 1626 1354 gentem

832 1365 926 1392 erubui
945 1363 1183 1400 A70prtedicare
1200 1364 1387 1399 Evangelinm,
1399 1366 1463 1400 quia
1479 1365 1566 1392 virtus
1578 1365 1626 1393 Dei

831 1415 874 1437 est
887 1411 914 1436 in
931 1417 963 1436 eo
976 1411 1009 1436 ad
1022 1410 1136 1437 salutem
1154 1411 1227 1437 omni
1240 1411 1375 1442 credenti,
1388 1410 1480 1438 ,ιιιιιυεο
1495 1412 1625 1446 primum,

832 1461 859 1483 et
869 1455 977 1490 Graeco;
992 1456 1053 1491 quia
1069 1457 1094 1483 in
1106 1456 1253 1491 Evangelia
1262 1457 1368 1491 justitia
1382 1458 1427 1484 Dei
1447 1457 1625 1490 reveletur“.

0 1509 111 1535 'eramus
138 1507 179 1534 eis
207 1506 308 1541 aliquid
331 1507 393 1533 doni
422 1505 554 1541 spiritalis
576 1507 597 1533 si
625 1514 780 1541 possumus,
795 1515 816 1543 α
833 1512 892 1540 qua:
906 1506 1013 1532 obtecta
1031 1505 1106 1539 prius
1121 1504 1262 1532 velabatur
1274 1505 1300 1532 in
1319 1505 1399 1540 Lege.
1415 1505 1561 1532 Revelatur
1577 1512 1626 1532 au-

0 1555 29 1580 ιρι
44 1554 66 1580 si
85 1561 141 1580 non
161 1560 315 1586 possumus,
329 1551 378 1586 ipsi
390 1557 419 1579 ut
434 1551 600 1586 accipiamus
615 1552 649 1579 ab
662 1552 779 1587 ltis(59).

0 1601 52 1627 Siue
71 1600 124 1627 hoc
141 1600 213 1626 enim
237 1606 288 1625 non
315 1604 357 1626 est
382 1598 520 1633 probabile
543 1597 706 1625 desiderium
732 1598 782 1625 cir-

0 1645 135 1673 :umeundi
154 1644 265 1672 fratres.
285 1644 360 1677 Quod
389 1649 479 1671 autem
510 1643 586 1675 dicit,
611 1648 639 1670 ut
674 1644 781 1679 aliquod

1 1692 93 1718 rodant
117 1691 187 1718 vobis
199 1691 296 1717 donum
311 1690 429 1724 spiritale
439 1711 446 1722 ,
460 1690 567 1717 videtur
589 1689 709 1716 indicare
723 1695 782 1716 esse

0 1737 91 1771 utquid
105 1737 175 1771 quod
191 1736 290 1763 donum
302 1735 410 1769 quidem
422 1735 467 1767 sit,
481 1742 533 1761 non
548 1739 636 1762 tamen
649 1733 780 1768 spiritale.

0 1781 54 1809 iam
74 1783 176 1809 douutn
193 1781 253 1808 lidci
268 1782 326 1808 sine
337 1780 416 1807 dubio
434 1780 556 1815 spiritale
571 1785 625 1811 est.
641 1785 668 1806 et
682 1779 780 1806 donum

0 1827 147 1862 tapieutke,
161 1831 187 1854 et
203 1827 335 1860 scientim,
351 1831 378 1854 et
393 1825 557 1860 virginitatis
575 1825 710 1852 similiter.
731 1825 780 1852 Ubi

0 1878 78 1901 tutem
103 1873 170 1900 dicit
184 1873 218 1900 de
239 1872 340 1906 nuptiis
354 1876 381 1898 et
402 1871 558 1906 virginitate
578 1871 692 1905 loquens
709 1870 781 1898 εδει]

0 1921 171 1955 unusquisque
187 1919 321 1954 proprium
333 1919 409 1945 habet
424 1919 521 1945 donum
542 1927 557 1945 a
570 1918 634 1950 Deo,
650 1918 778 1950 aliussic,

0 1967 57 1993 ilius
66 1972 159 1993 autem
172 1966 210 1992 sic
220 1965 249 1998 ⁸;
266 1965 366 1992 donum
387 1965 495 1999 quidem
510 1963 575 1991 dicit
587 1971 647 1991 esse
662 1965 781 1998 nuptias,

0 2013 131 2048 ptoniam,
150 2012 221 2038 sicut
239 2012 369 2045 scriptum
386 2015 436 2044 est,
452 2019 467 2037 a
485 2010 538 2037 Deo
558 2015 665 2044 aptatur
684 2010 781 2037 mulier

0 2060 79 2091 viro“;
96 2059 144 2086 sed
166 2065 218 2085 non
236 2057 307 2084 istud
326 2057 426 2084 donum
449 2061 490 2083 est
515 2057 646 2091 spiritale.
664 2057 782 2084 Possunt

0 2109 15 2131 tt
27 2105 80 2131 alia
102 2106 189 2131 ntutta
209 2103 278 2130 dona
293 2103 338 2130 Dei
353 2102 418 2135 dici,
435 2107 464 2129 ut
479 2102 581 2129 divitia:
602 2108 630 2130 et
650 2102 780 2130 fortitudo

0 2152 123 2186 torporis,
144 2155 175 2177 ut
192 2150 283 2177 formae
305 2149 397 2182 decor,
415 2153 443 2176 ιιι
467 2156 578 2183 regnum
603 2153 742 2176 terrestre.
758 2150 779 2176 A

0 2184 42 2224 ιώ
60 2197 137 2224 enim
155 2197 237 2223 etiam
256 2196 313 2222 tunc
328 2195 475 2226 donantur,
499 2195 569 2222 sicut
589 2199 616 2221 et
630 2195 724 2222 Daniel
737 2195 778 2222 di-
796 2184 817 2211 Ῑ)

0 2244 42 2270 :it:
60 2242 133 2276 Quia
158 2243 212 2277 ipse
232 2241 294 2276 facit
313 2249 394 2275 reges,
410 2245 434 2267 et
455 2244 598 2266 commutat
615 2241 624 2255 "
643 2241 710 2272 ;sed
727 2248 779 2267 non

0 2295 50 2315 ,unt
64 2290 124 2315 hac
144 2288 214 2314 dona
233 2287 375 2321 spiritalia.
402 2285 477 2313 Beati
498 2291 562 2313 sunt
588 2294 652 2321 ergo
668 2286 704 2313 illi
722 2287 780 2320 qui-

0 2343 36 2362 nis
64 2334 217 2369 spiritalem
236 2333 350 2368 gratiam
371 2333 477 2360 tradere
500 2332 556 2359 vult
579 2333 723 2367 Apostolus
747 2332 779 2359 ad

0 2380 227 2408 rontirmationem
248 2379 359 2412 ﬁdei,ut
374 2378 444 2406 ultra
455 2378 511 2412 jam
527 2387 579 2405 non
595 2379 649 2405 sint
662 2379 779 2414 parvuli,

44 2474 150 2500 'Rom.
168 2481 190 2504 ι,
203 2472 230 2504 9,
253 2472 297 2499 10.
336 2471 345 2486 ¹
360 2471 369 2497 l
382 2471 463 2498 Thes.
483 2479 507 2502 ν.
526 2472 567 2497 Π.

0 2517 48 2541 tut,
69 2509 118 2540 14,
170 2508 180 2524 ⁷
196 2507 263 2534 Dan.
285 2514 317 2539 tt,
331 2506 376 2533 2|.
425 2506 436 2522 ⁸
453 2506 553 2540 Ephes.
583 2514 618 2538 tv,
638 2506 678 2532 Μ.

0 2543 14 2559 ¹³
31 2545 94 2572 Act.
111 2551 167 2575 χιιι,
187 2543 214 2569 7,

29 2618 86 2652 (57)
106 2617 186 2649 Alia,
208 2617 284 2650 Quod
309 2622 441 2645 autem...
470 2617 689 2644 considerandum
714 2616 783 2651 quod

0 2653 135 2688 Apostolus
156 2653 204 2680 Dei
224 2654 257 2679 ad
282 2661 346 2688 opus
368 2657 489 2688 sanetum
514 2651 650 2688 Evangelii
673 2651 726 2688 (al.
748 2652 781 2678 ad

0 2696 56 2722 opus
75 2693 210 2719 sanciunt,
230 2696 294 2722 opus
315 2687 461 2721 Evangelii)
528 2687 646 2721 imploret
668 2687 713 2721 (al.
735 2687 784 2713 int-

0 2724 73 2757 pleret
84 2731 94 2754 ς
103 2723 145 2759 3|.
162 2724 325 2759 impetraret)
342 2730 393 2748 non
410 2722 505 2759 solum,
519 2727 570 2759 etc.

28 2758 85 2794 (58)
103 2757 186 2791 Editi,
199 2756 301 2792 aliquid
311 2757 452 2792 impartiar
461 2756 506 2792 (al.
519 2757 700 2791 imperti/itur)
714 2757 783 2783 vobis

0 2794 89 2826 gratim
101 2793 264 2827 spiritualis.

32 2828 87 2861 (59)
103 2828 190 2859 Alias,
210 2832 239 2854 ut
255 2827 306 2862 ipsi
321 2827 456 2859 capiamus
468 2827 500 2853 ab
516 2827 564 2852 eis.

29 2864 85 2899 (60)
98 2863 243 2898 Promptus
255 2871 322 2890 sum.
336 2862 381 2889 Sic
394 2870 472 2895 mss.;
485 2862 560 2894 editi,
576 2867 722 2897 promptum
736 2867 784 2890 cst.

607 2471 616 2486 ³
632 2471 709 2497 Num.
731 2479 795 2503 xm,
809 2472 859 2501 ‘22.
885 2477 943 2502 ιιι-(ι.

736 2507 746 2522 ⁹
768 2507 846 2534 lium.
869 2514 888 2537 t,
911 2503 1009 2531 15-ιῦ-

835 1556 887 1579 tem
905 1552 930 1578 in
946 1552 988 1578 his
1005 1551 1050 1586 qui
1064 1559 1096 1578 ex
1116 1551 1167 1578 llde
1194 1552 1299 1579 Veteris
1311 1551 1477 1579 Tcstamenti
1493 1552 1525 1578 ad
1546 1551 1626 1578 iidem

833 1605 929 1624 novam
953 1596 1089 1631 Evangelii
1112 1596 1234 1628 veniunt,
1249 1596 1322 1623 sicut
1344 1601 1372 1622 et
1389 1596 1414 1623 in
1437 1596 1565 1630 propheta
1585 1595 1627 1622 di-

833 1647 904 1670 ctum
923 1643 1005 1675 est“,
1021 1642 1082 1676 quia
1104 1643 1206 1677 justus,
1227 1642 1334 1669 etiamsi
1353 1641 1380 1668 in
1402 1641 1461 1676 lege
1475 1643 1562 1669 adhuc
1580 1641 1626 1675 sit,

833 1689 888 1715 Deo
913 1689 1028 1715 credens
1043 1693 1070 1714 ct
1087 1687 1187 1714 famulo
1205 1689 1263 1720 ejus
1287 1687 1381 1721 Moysi.
1394 1696 1426 1714 ea:
1441 1688 1493 1722 [ide
1506 1688 1583 1720 vit-it;
1600 1693 1627 1714 et

833 1742 894 1761 cum
909 1735 942 1760 ad
963 1733 1139 1768 Evangelium
1155 1733 1212 1768 (61)
1232 1733 1318 1764 venit,
1335 1740 1366 1760 ex
1384 1733 1436 1760 lidc
1458 1733 1537 1767 Legis
1553 1733 1578 1760 in
1596 1734 1627 1759 li-

833 1782 893 1807 detn
911 1779 1013 1806 Christi
1029 1779 1170 1812 dirigitur,
1185 1783 1212 1805 et
1230 1779 1267 1805 ita
1287 1786 1317 1805 cx
1338 1778 1389 1804 [ide
1407 1778 1432 1804 in
1451 1779 1528 1804 tidem
1542 1780 1626 1812 proli-

833 1826 1102 1858 cit.ll:ec,quantum
1121 1825 1153 1851 ad
1171 1825 1365 1859 consequentia
1383 1824 1526 1850 verborum
1543 1824 1627 1855 ipsius

832 1872 951 1907 Apostoli
967 1871 1092 1906 pertinet,
1108 1871 1178 1898 dicta
1192 1871 1256 1897 sint.
1272 1868 1349 1896 Nunc
1372 1874 1462 1895 autem
1482 1869 1552 1903 quod
1565 1877 1626 1903 spe-

833 1923 890 1946 ctat
903 1918 936 1944 ad
964 1916 1170 1951 intelligentiam
1196 1915 1376 1950 requiramus.
1394 1913 1469 1946 Quod
1493 1914 1542 1947 ait,
1563 1914 1626 1948 quia

832 1972 900 1998 stupe
912 1963 1035 1998 proposui
1047 1963 1134 1990 venire
1151 1961 1186 1988 ad
1200 1970 1254 1993 vos,
1271 1960 1434 1987 charitalem
1450 1967 1526 1987 suam
1544 1967 1625 1993 quam

833 2018 896 2045 erga
922 2010 1060 2037 Romanos
1084 2009 1213 2040 habebat,
1228 2007 1350 2035 ostendit
1373 2006 1442 2041 (62).
1460 2005 1537 2039 Quod
1561 2012 1625 2032 vero

832 2055 945 2087 addidit.
960 2059 984 2082 et
1000 2054 1148 2087 prohibitus
1159 2062 1217 2080 sum
1235 2061 1316 2088 usque
1338 2052 1438 2084 adhuc,
1467 2052 1488 2079 si
1515 2052 1624 2086 quidem

832 2106 942 2136 putetur
956 2108 971 2127 a
986 2101 1042 2128 Deo
1059 2099 1221 2134 prohibitus,
1240 2099 1391 2126 ostenditur
1409 2106 1457 2133 per
1474 2098 1525 2125 hoe
1543 2098 1624 2125 etiam

833 2147 859 2174 id
884 2154 956 2174 cura:
983 2153 1043 2174 esse
1070 2146 1135 2179 Deo,
1152 2153 1207 2180 quo
1233 2145 1418 2179 unusquisque
1440 2143 1624 2178 apostolorum

833 2194 874 2221 vel
892 2194 988 2220 debeat
1004 2193 1044 2219 ire
1057 2191 1098 2219 vel
1112 2199 1164 2218 non
1182 2191 1289 2223 debeat,
1302 2195 1328 2217 et
1340 2190 1411 2225 quod
1425 2190 1627 2224 dispensatione

835 2239 950 2274 quadarn
971 2238 1031 2264 aliis
1054 2238 1162 2272 quidem
1179 2236 1251 2263 sinat
1274 2235 1415 2271 praedicari
1438 2234 1492 2270 (65)
1512 2234 1624 2261 verbum

835 2286 892 2318 Dei,
909 2285 969 2311 aliis
986 2283 1142 2318 prohibeat,
1156 2282 1226 2309 sicut
1245 2287 1271 2309 et
1295 2282 1358 2308 alibi
1374 2281 1438 2308 dicit
1457 2281 1479 2296 ”
1497 2279 1551 2307 :Et
1566 2288 1623 2307 cum

834 2336 994 2358 tentaremus
1017 2330 1055 2356 ire
1081 2329 1108 2355 in
1134 2328 1306 2363 Bithyniam,
1327 2328 1459 2361 prohibuit
1477 2335 1523 2353 nos
1540 2326 1624 2360 Spiri-

834 2383 875 2404 tus
896 2376 980 2408 Jesu;
1008 2379 1035 2402 et.
1065 2376 1090 2402 in
1116 2374 1270 2409 Evangeliis
1291 2381 1305 2400 a
1331 2374 1471 2401 Salvatore
1503 2373 1623 2400 dicitur:

992 2467 1001 2483 "
1017 2467 1094 2494 Rom.
1111 2466 1236 2499 t.ll,l‘2.

1065 2502 1086 2517 ¹⁰
1099 2501 1178 2528 llum.
1193 2509 1213 2533 ι,
1239 2501 1332 2528 lli—18.

1276 2465 1306 2492 ⁵1
1324 2465 1385 2493 Cor.
1396 2474 1441 2496 vn,
1454 2465 1479 2491 7.
1519 2465 1529 2479 ‘
1545 2465 1623 2491 Prov.

1389 2501 1407 2515 “
1422 2500 1522 2528 Hahae.
1548 2507 1579 2532 tt,
1595 2500 1623 2527 ι.

875 2614 930 2650 (61)
949 2614 988 2641 Ad
1008 2613 1257 2650 Evangeliumtetc.
1276 2613 1321 2650 Sic
1334 2613 1543 2650 mss.7plerique.
1557 2613 1629 2650 Editi

837 2648 912 2679 vero.
929 2654 954 2676 et
973 2658 1023 2676 ms.
1044 2648 1126 2681 unus,
1143 2649 1174 2676 de
1191 2649 1333 2684 Evangelia
1352 2649 1436 2681 venit,
1451 2656 1483 2675 ea:
1498 2648 1550 2682 ﬁde
1563 2648 1628 2684 legis

838 2687 866 2712 in
881 2685 932 2720 ﬁde
946 2685 1056 2720 QIn-isti.
1073 2689 1125 2712 etc.

873 2721 929 2754 (62)
946 2719 1030 2752 Etliti,
1045 2719 1169 2746 innotuit.

874 2756 929 2790 (0'3)
954 2754 1018 2790 Mss.
1041 2754 1130 2788 plures
1143 2775 1149 2786 ,
1172 2753 1322 2790 prtedicari.
1343 2754 1396 2781 Alii
1417 2761 1482 2781 vero
1501 2757 1527 2780 ct
1546 2753 1628 2790 editi.

837 2791 990 2824 prtedicare.
1007 2789 1094 2816 Paulo
1107 2794 1167 2824 post
1186 2789 1266 2821 editi,
1287 2790 1388 2816 ueteris
1408 2793 1495 2816 autent
1515 2789 1630 2822 parabo-

837 2827 881 2853 lis.
906 2825 937 2852 Ει
966 2824 1035 2853 inira
1064 2832 1130 2852 mss.
1153 2824 1273 2859 aliquot,
1295 2825 1329 2851 ad
1357 2824 1423 2852 illud
1449 2826 1579 2858 reici-titur
1597 2824 1629 2850 de

838 2871 887 2900 qua
899 2882 906 2894 ,
926 2865 977 2889 clc.
