1831 3049
209 87 262 115 εδδ

949 82 1112 120 pRlGENiS
1779 88 1811 115 sn

209 149 268 177 tur,
287 146 357 172 sicut
374 148 402 172 et
424 144 475 172 Job
497 143 562 170 dicit
580 152 586 169 :
601 141 649 170 Ira
674 147 764 170 autent
780 142 895 178 :Dontini
918 148 954 170 est
976 143 1003 169 in
1019 145 1039 172 Α
1056 147 1170 174 randum
1184 147 1291 175 videtur
1305 155 1337 174 ex
1353 147 1397 175 his
1418 155 1478 183 qum
1492 155 1507 174 τι
1532 147 1681 174 Salvatore
1705 145 1812 177 dicuntur,

211 199 319 225 corpore
333 198 388 216 meo
401 189 435 215 ".
450 188 504 215 Cur
516 193 605 215 autem
623 188 656 215 de
670 188 739 215 coelo
755 196 826 215 nunc
844 188 882 215 ira
898 189 1002 215 dicitur

211 233 490 263 revelari?Fortassis
517 234 551 260 ad
576 233 779 261 distinctionem
804 234 916 261 alterius
942 235 999 266 irae,

211 289 271 315 qua:
285 288 336 307 non
354 284 395 306 est
410 279 443 306 de
460 279 540 311 caelo,
556 285 584 306 ut
598 285 639 307 est
654 280 720 307 illud
737 280 791 315 (83)
808 289 815 306 :
836 279 925 306 Furor
938 280 1001 306 dra-

211 333 306 352 conum
330 325 416 351 uinum
440 333 541 356 eorum,
559 331 581 351 et
604 325 680 359 furor
695 326 853 359 serpentium
869 326 1003 352 insanabi—

212 371 245 397 lis
256 370 289 398 “.
304 370 357 397 Ant
370 370 440 397 forte
452 371 522 405 quod
537 371 586 405 ipsi
600 371 743 398 adversum
757 379 825 406 quos
838 380 928 399 sermo
938 373 1004 399 diri-

211 417 294 450 gitur,
317 424 371 444 non
395 417 420 443 in
444 417 608 452 ignorantia,
630 417 676 444 sed
699 417 726 444 in
744 418 858 444 scientia
880 418 1002 445 veritatis

212 469 325 496 peccare
343 462 481 494 dicuntur,
494 463 591 490 ideoitt
609 471 656 490 eos
674 464 706 490 de
723 463 793 490 coelo
810 471 891 498 paena
906 464 1003 500 dirigi-

212 513 275 535 tur:
289 508 351 535 inde
369 508 441 535 enim
463 516 606 543 poenarum
625 509 752 535 minister
767 509 822 544 (84)
839 510 936 545 accipit
956 518 1004 544 po-

213 559 350 582 testatem.
367 554 413 581 Vel
430 561 505 582 certe
526 555 590 588 quia
611 554 744 588 spiritalia
758 556 886 589 nequitia:
903 557 1001 583 adver-

212 608 271 627 sum
287 608 347 634 qum
369 601 447 627 nobis
461 605 599 627 certamett
613 603 656 626 est
672 599 706 633 ",
724 601 750 627 in
767 602 925 629 ctelestibus
943 609 1004 630 esse

211 647 347 679 dicuntur,
362 651 561 681 consequenter
571 646 598 672 in
611 654 657 673 eos
668 648 712 681 qui
725 647 759 674 ab
772 648 813 675 his
826 654 1003 683 superantur,

212 692 252 718 ira
271 691 319 719 Dei
331 692 364 719 de
384 692 454 719 ctulo
467 693 568 720 dicitur
587 693 703 727 iaculari
724 703 730 720 :
747 693 821 721 velut
839 695 863 722 si
881 695 1004 722 dicamus

211 738 273 771 quia
293 738 377 772 ignita
400 739 425 764 in
442 746 488 766 eos
507 739 559 766 tela
576 739 638 767 inde
654 740 812 773 vibrantur,
829 745 857 767 et
877 741 1002 774 vulnera,

211 783 310 818 quibus
324 784 349 811 in
368 790 478 819 peccata
494 792 607 813 enrrttnt
620 786 688 822 (85),
709 787 772 814 inde
783 788 934 823 suscipiunt
954 798 960 815 :
976 789 1001 815 hi

212 837 277 857 vero
301 830 348 864 qui
376 831 458 858 totius
477 832 601 860 veritatis
621 838 746 867 expertes
770 839 843 867 sunt,
868 834 942 862 velut
959 835 1003 869 qui

167 898 169 900 τ
211 875 281 902 nillil
293 876 411 903 habeant
427 884 573 905 commune
592 887 654 906 cum
667 879 739 906 ctelo
757 884 783 906 et
798 880 867 913 luce,
882 881 949 907 iratn
965 881 1006 908 vel

211 921 341 948 vitiorum
360 929 482 955 suorum,
517 925 746 959 passionumqne,
776 926 816 952 vel
841 927 1004 959 dtemonnm,

211 966 312 1000 quibus
327 974 357 995 se
369 974 464 1002 sponte
482 970 670 1002 subdiderunt,
684 971 836 1005 perferunt.
853 971 887 998 lu
903 980 1005 999 omnem

211 1009 371 1043 impietatem
388 1016 411 1038 et
426 1012 595 1047 iniquitatem
611 1015 757 1047 hominum,
773 1017 817 1051 qui
832 1017 966 1044 veritatem
978 1018 1006 1045 in

211 1055 350 1091 iniquitate
369 1057 485 1085 detinent
505 1059 537 1086 δθ.
566 1059 710 1094 Impietas,
739 1063 764 1089 in
790 1062 875 1089 Deum
893 1071 1006 1098 peccare

213 1105 276 1134 est;
293 1101 434 1136 iniquitas,
452 1105 478 1131 itt
495 1105 629 1132 homines.
651 1106 678 1132 ltt
698 1106 782 1134 Deum
796 1115 859 1143 ergo
874 1114 901 1135 et
917 1109 942 1135 iu
957 1109 1005 1136 Ιιυ-

213 1149 299 1176 mines
315 1154 429 1184 peccant
441 1151 486 1185 qtti
505 1152 649 1179 veritatem
666 1153 693 1179 in
710 1153 855 1188 iniquitate
872 1155 1003 1183 detinent.

211 1193 298 1227 Quam
318 1196 462 1224 veritatem
485 1199 630 1232 agnovisse
650 1199 777 1226 credendi
802 1206 865 1227 sunt
881 1201 1005 1228 homines

212 1241 382 1269 naturalibus
403 1249 429 1270 et
448 1251 463 1270 a
479 1243 534 1270 Deo
551 1244 648 1272 anima:
661 1245 929 1279 insitisrationibus;
945 1248 1006 1282 qni-

211 1286 264 1313 bus
283 1290 387 1314 tantum
406 1289 557 1323 prudentia:
574 1289 631 1325 (86)
646 1297 806 1318 concessum
823 1298 874 1325 est,
889 1297 917 1319 ιιι
932 1295 1005 1328 quod

213 1336 307 1359 notum
324 1339 365 1360 est
385 1334 443 1367 Dei,
466 1335 491 1362 id
505 1339 556 1368 est,
575 1336 646 1370 quod
658 1337 770 1371 agnosci
792 1338 824 1365 de
844 1338 899 1365 Deo
916 1344 1005 1373 potest

211 1384 260 1411 per
270 1378 455 1412 conjecturam
467 1384 606 1411 creaturae,
618 1389 650 1410 ex
660 1381 700 1409 his
712 1390 772 1416 quas
787 1383 870 1410 videri
888 1389 1005 1419 possuttt

212 1423 359 1451 invisibilia
383 1425 442 1459 ejus
460 1432 650 1460 agnoscerent.
675 1428 732 1455 lloc
755 1437 787 1456 ex
808 1435 888 1464 pacto
899 1431 1003 1465 justum

1055 193 1118 228 quia
1144 193 1242 219 Filium
1259 202 1333 220 nemo
1356 194 1437 226 novit,
1453 193 1504 220 nisi
1519 193 1601 219 Pater
1618 200 1628 219 :
1643 199 1726 225 neque
1737 190 1812 217 Patttu

1054 239 1112 272 quis
1129 239 1211 270 norit,
1231 239 1281 264 nisi
1305 238 1402 268 Filius,
1415 243 1438 264 et
1452 239 1496 264 cui
1513 237 1625 264 voluerit
1644 235 1732 262 Filius
1745 237 1812 262 τιτθία-

1054 288 1081 306 rc
1108 279 1140 304 ⁸³.
1166 278 1224 306 Νοιι
1246 280 1317 307 enint
1339 280 1488 308 addidisset
1513 281 1582 316 (88),
1610 281 1646 308 Et
1672 282 1717 307 cui
1737 282 1812 308 rolttttct

1055 324 1143 352 Filius
1158 325 1283 359 revelare,
1303 326 1355 352 nisi
1368 326 1451 354 sciret
1463 326 1570 360 aliquos
1583 334 1645 354 esse
1661 327 1756 361 quibus
1767 335 1813 354 tete

1054 370 1110 397 lare
1124 370 1196 398 velit.

1091 415 1134 442 17.
1156 414 1307 443 Invisibilia
1323 417 1391 443 enim
1406 417 1463 451 ejus
1478 422 1626 443 acreatura
1641 417 1746 449 mundi,
1759 425 1813 449 pun

1054 470 1112 497 qua:
1132 462 1203 496 facta
1225 467 1298 495 sunt,
1319 463 1450 490 intellecta
1471 463 1686 497 conspiciunmr,
1707 468 1728 488 et
1749 471 1813 494 senta-

1055 514 1128 534 terna
1142 510 1199 543 ejus
1217 510 1299 536 virtus
1312 518 1342 535 nc
1357 510 1497 540 divinitas,
1513 514 1540 535 ut
1563 509 1616 534 sint
1632 509 1815 535 ineIcusabiln:

1055 554 1115 588 quia
1129 562 1187 580 cum
1198 554 1377 588 cognouissent
1393 554 1488 586 Deum,
1504 562 1556 580 non
1569 555 1638 580 sicut
1650 553 1735 580 Deum
1747 562 1815 587 utaut.-

1054 600 1211 633 ftcarerunt,
1232 604 1278 626 aut
1297 600 1397 634 gratius
1418 605 1545 634 egerunt;
1563 600 1610 626 sed
1636 605 1785 626 evanuerunt
1801 600 1816 623 it.-

1055 646 1256 679 cogitationibus
1278 646 1348 678 suis,
1370 651 1393 672 et
1411 646 1628 672 contenebratunt
1653 651 1694 672 est
1722 647 1814 678 insipim

1055 699 1100 718 cor
1110 699 1210 718 eorum.
1227 691 1347 718 [licentes
1360 692 1428 718 enim
1444 699 1471 718 se
1480 699 1535 717 esse
1544 692 1691 725 sapientu,
1704 691 1817 724 stullijaca

1054 742 1127 769 sunt,
1147 743 1170 764 et
1186 738 1390 764 immutaverunt
1403 737 1515 772 gloriam
1532 737 1741 771 incorruptibilis
1758 737 1817 762 Drin

1056 783 1256 809 similitudinem
1272 784 1394 817 imaginis
1409 783 1588 818 corruptibilis
1604 784 1732 812 hominis.
1744 783 1818 809 ettolt‘

1057 837 1142 859 crum.
1164 833 1189 856 et
1204 830 1418 864 quadrupedanti,
1437 836 1462 856 et
1481 829 1644 864 serpentium
1661 829 1698 856 ⁸⁸.
1713 828 1818 861 Penejm

1058 875 1090 901 de
1107 875 1148 902 liis
1166 875 1282 909 singulis
1302 875 1329 902 in
1349 875 1535 909 superioribus
1556 875 1708 902 dissertum
1722 878 1758 901 est
1774 873 1818 907 (εει.

1057 921 1180 948 Diximus
1196 921 1266 947 enitn
1279 922 1336 948 haec
1349 921 1473 955 qnantvis
1488 921 1521 948 ad
1537 929 1634 948 omnes
1650 921 1768 947 homines
1781 920 1818 952 qui-

1057 967 1106 994 bus
1118 966 1190 993 inest
1205 966 1275 993 ratio
1287 966 1430 998 naturalis,
1443 967 1563 993 maxime
1575 971 1670 992 tamen
1683 965 1817 1000 spectarem

1057 1014 1194 1048 sapientes
1207 1014 1286 1047 hujus
1303 1013 1408 1045 mundi,
1427 1017 1454 1039 et
1468 1013 1570 1047 cosqui
1588 1013 1745 1047 philosophi
1759 1019 1819 1037 nume

1057 1064 1168 1092 nanlnr,
1179 1060 1279 1094 quibus
1291 1060 1425 1094 praecipue
1443 1064 1585 1086 creaturas
1598 1059 1707 1092 mundi,
1722 1064 1746 1085 et
1755 1057 1818 1084 omni:

1056 1114 1116 1140 quae
1132 1107 1157 1132 in
1183 1114 1214 1132 eo
1235 1106 1304 1132 facta
1327 1110 1399 1138 sunt,
1418 1105 1555 1132 discutere
1579 1105 1727 1139 disciplina
1745 1108 1821 1134 cst,tt

1057 1159 1106 1186 per
1120 1152 1177 1178 haec
1190 1159 1249 1185 quc
1267 1152 1405 1183 videntur,
1419 1159 1450 1177 ca
1462 1158 1523 1185 qua:
1536 1158 1590 1177 non
1603 1151 1733 1177 videntur
1745 1150 1821 1176 ratiost

1057 1197 1194 1231 colligere.
1215 1197 1362 1224 Sciendum
1380 1203 1469 1224 tamen
1488 1201 1530 1223 est
1550 1196 1622 1230 quod
1641 1197 1687 1223 ltic
1707 1196 1822 1222 illVlSiittl‘l

1057 1252 1116 1278 qua:
1126 1244 1257 1276 nominat,
1267 1244 1300 1270 de
1312 1243 1537 1273 crcaturisdicit;
1553 1243 1586 1269 de
1601 1243 1705 1277 quibus
1717 1249 1742 1270 et
1757 1244 1778 1268 itt
1790 1250 1800 1267 π
1818 1252 1821 1263 λ

1058 1289 1116 1316 loco
1138 1289 1206 1316 idem
1223 1289 1367 1323 Apostolus
1381 1288 1492 1315 scribit:
1509 1289 1572 1323 quia
1591 1289 1684 1314 omnia
1700 1296 1821 1321 pernam.

1058 1337 1082 1363 ill
1107 1341 1148 1363 est
1165 1344 1212 1370 per
1227 1335 1319 1363 Jt‘slttn
1335 1335 1487 1367 Christum,
1504 1335 1577 1370 facta
1593 1339 1670 1367 sunt,
1686 1337 1737 1361 sive
1750 1342 1796 1368 qua
1807 1342 1822 1355 1-

1057 1384 1118 1409 cwlo
1132 1388 1204 1414 sunt,
1217 1383 1270 1409 sive
1283 1390 1341 1417 qua:
1354 1383 1381 1408 i7:
1394 1387 1475 1413 terra,
1493 1382 1607 1408 visibilia
1624 1387 1648 1407 et
1663 1380 1791 1407 inuisibilia
1802 1379 1823 1403 “.

1059 1429 1090 1456 Et
1105 1429 1165 1456 ideo
1179 1434 1278 1463 pra-ter
1298 1437 1329 1455 ea
1352 1436 1411 1462 qua:
1428 1427 1576 1454 invisibilia
1596 1428 1682 1460 dixit,
1703 1427 1786 1454 addit:
1801 1423 1822 1449 ii

212 1469 265 1495 erit
286 1469 420 1502 judicium
444 1471 490 1498 Dei
508 1473 591 1499 etiam
612 1480 675 1507 erga
694 1480 742 1501 eos
757 1475 802 1509 qui
825 1480 888 1503 attte
903 1477 1002 1504 adven-
1016 1482 1037 1509 (ζ
1056 1474 1212 1509 sempiterna
1237 1474 1294 1508 ejus
1315 1474 1408 1507 virtus,
1441 1482 1473 1499 ac
1511 1474 1651 1500 dirint‘tas.
1674 1473 1764 1499 Virtus
1781 1478 1825 1503 ξιξ)

213 1519 269 1541 tum
282 1515 396 1549 Christi,
409 1524 469 1544 cum
486 1519 622 1552 potuerint
635 1520 717 1546 Deum
732 1528 892 1555 agnoscere,
907 1523 1005 1559 abejus

214 1560 291 1588 cultu
307 1561 487 1597 declinantes,
501 1565 535 1591 ad
551 1565 682 1600 imagines
700 1567 838 1594 hominum
852 1569 1004 1597 adorandus

212 1611 240 1632 et
260 1607 419 1635 animalium
445 1609 625 1639 diverterunt.
654 1611 687 1639 Ut
716 1613 790 1640 enim
818 1615 953 1648 breviter.
978 1622 1006 1645 et

213 1652 289 1678 omni
304 1652 331 1678 in
344 1660 426 1680 unum
439 1654 551 1682 collecta
568 1657 726 1684 delinitione
741 1658 873 1691 dicamus,
889 1661 1005 1688 adorare

213 1698 296 1725 alium
314 1701 470 1735 quempiam
487 1707 585 1736 prmtcr
601 1703 655 1739 (87)
672 1704 793 1737 Patrem,
810 1710 837 1732 et
853 1706 961 1741 Filium,
979 1712 1007 1735 et

214 1744 344 1778 Spiritum
359 1752 495 1780 sanctum,
508 1749 655 1784 impietatis
667 1755 709 1778 est
722 1751 835 1778 crimen.
848 1751 919 1784 Quia
932 1755 1003 1788 quod

213 1795 305 1817 nolunt
320 1797 358 1819 est
383 1792 440 1826 Dei,
458 1794 626 1829 manifestum
646 1800 684 1822 est
700 1797 726 1822 in
748 1796 801 1823 illis
816 1804 825 1822 :
843 1797 913 1824 Deus
934 1799 1006 1825 enim

212 1835 267 1863 ilh’s
286 1837 461 1872 manifeslavit
475 1840 507 1867 ⁸⁷.
523 1840 582 1867 Jam
599 1845 626 1867 et
645 1841 772 1876 superius
794 1843 923 1874 diximus,
941 1845 1004 1878 quia

214 1887 307 1910 notum
319 1889 360 1911 est
379 1885 424 1912 Dei
437 1886 489 1913 hoc
500 1887 570 1920 quod
585 1894 616 1914 ex
631 1887 711 1920 hujus
721 1889 813 1915 mundi
831 1896 1002 1923 consequen-

215 1928 250 1955 tia
268 1929 310 1956 vel
325 1931 476 1959 rationibus
485 1933 594 1966 assequi
609 1937 735 1967 possunt,
745 1934 817 1961 sicut
827 1940 853 1961 et
864 1935 921 1969 ipse
933 1937 1006 1971 Apu-

213 1973 300 2002 stolus
315 1982 347 2002 ex
363 1977 595 2011 consequentibus
609 1977 713 2006 indicat
724 1979 758 2012 ",
775 1981 867 2008 dicens
880 1983 1005 2009 invisibi-

213 2019 248 2047 lia
261 2019 320 2056 ejus
333 2029 381 2056 per
396 2029 427 2049 ea
441 2030 501 2057 qua:
518 2023 587 2050 facta
603 2029 666 2051 sunt
680 2027 866 2060 contemplari.
881 2027 1005 2063 Ignotum

214 2072 303 2095 autem
323 2068 369 2096 Dei
395 2069 601 2105 intelligendum
623 2077 665 2099 est
683 2073 753 2101 ratio
773 2075 935 2103 substantia:
948 2077 1006 2111 ejus

213 2113 256 2140 vel
268 2119 371 2142 natura:
382 2124 389 2149 ;
399 2115 474 2150 cujus
486 2124 546 2151 qum
557 2117 591 2145 sit
607 2119 768 2153 proprietas,
784 2125 849 2154 puto
862 2122 933 2156 quod
951 2131 1005 2150 non

1059 1520 1107 1547 Dei
1120 1527 1180 1554 qua:
1197 1518 1363 1553 sempiterna
1379 1523 1431 1550 cst,
1442 1523 1469 1545 et
1482 1518 1615 1545 divinitas
1632 1526 1693 1552 quae
1713 1516 1823 1544 nihiloni-

1058 1573 1108 1593 nus
1120 1565 1284 1599 sempiterna
1299 1569 1351 1595 est,
1366 1571 1398 1591 es
1420 1564 1584 1598 conjecturis
1598 1564 1756 1598 agnoscitur
1771 1568 1822 1588 σθε-

1058 1611 1230 1639 ιυιωΝίι-ιιιε
1243 1616 1283 1638 est
1294 1618 1345 1645 qua
1354 1611 1420 1645 regit
1431 1610 1521 1637 omnia
1533 1618 1540 1642 ;
1554 1610 1687 1637 divinitas
1699 1618 1749 1644 qua
1765 1608 1824 1642 raptt:

1058 1659 1196 1686 universa.
1224 1657 1262 1683 Ex
1289 1657 1341 1683 hoc
1363 1664 1427 1690 ergo
1448 1656 1652 1683 inexcusabilcs
1677 1656 1747 1682 ﬁunt
1761 1664 1767 1681 :
1783 1653 1826 1687 qui:

1058 1712 1117 1732 cum
1130 1703 1322 1731 manifestantc
1339 1702 1394 1728 Deo
1411 1701 1588 1735 cognoverint
1608 1701 1664 1736 (90)
1685 1702 1780 1732 Deum,
1793 1707 1826 1724 uiti

1057 1751 1208 1785 ntdignunt
1229 1754 1270 1776 cst
1286 1749 1439 1780 coluerunt,
1460 1753 1506 1774 aut
1529 1749 1633 1782 gratias
1651 1751 1782 1782 egerunt;
1796 1743 1826 1770 sel

1057 1797 1137 1833 473
1162 1803 1210 1830 per
1238 1795 1432 1830 cogitationum
1458 1801 1573 1820 suarunt
1594 1793 1765 1826 vanitatem,
1781 1792 1826 1817 de;

1058 1843 1159 1869 fortnas
1176 1846 1202 1869 et
1215 1841 1348 1874 imagines
1365 1839 1507 1873 requirunt
1521 1839 1547 1866 itt
1565 1839 1632 1873 Deo,
1651 1840 1680 1866 itt
1695 1837 1826 1872 semetips'i

1058 1889 1104 1916 Dei
1122 1888 1267 1922 imaginem
1281 1887 1474 1922 perdiderunt,
1485 1891 1512 1913 et
1529 1887 1577 1921 qui
1590 1886 1701 1920 jactare
1714 1894 1744 1913 se
1757 1888 1779 1913 itt
1790 1886 1826 1911 luit

1058 1935 1200 1968 sapientiai
1221 1934 1394 1967 videbantur,
1413 1934 1438 1960 in
1459 1933 1613 1968 profundas
1628 1933 1755 1960 stultitize
1777 1938 1826 1958 tear

1058 1980 1123 2008 bras
1151 1979 1271 2007 devoluti
1294 1984 1366 2006 sunt.
1387 1979 1457 2012 Quid
1480 1979 1553 2006 enim
1572 1984 1625 2006 tant
1651 1984 1767 2010 lclrum,
1793 1984 1826 2003 ωε

1058 2027 1217 2058 obscurum,
1235 2029 1345 2060 tamque
1371 2026 1557 2057 tenebrosum,
1570 2032 1649 2060 quant
1670 2025 1784 2058 gloriam
1799 2022 1826 2048 [id

1058 2072 1091 2098 ad
1117 2070 1289 2105 corporalem
1312 2075 1340 2097 et
1365 2070 1572 2105 corrttptibilem
1599 2071 1731 2098 humana:
1759 2070 1826 2096 terra

1058 2116 1173 2152 etligiem
1188 2121 1303 2148 vertere,
1324 2120 1352 2142 ut
1368 2115 1449 2142 tuoris
1460 2120 1501 2142 est
1517 2115 1558 2142 his
1569 2116 1615 2151 qui
1635 2116 1782 2143 simulam
1802 2123 1826 2139 tr

213 2159 302 2187 δοῖυιιι
323 2168 372 2188 "Os
397 2162 532 2195 homines,
554 2165 601 2191 sed
617 2169 643 2191 et
664 2173 771 2192 ontnem
796 2166 878 2194 lateat
896 2174 1005 2196 crcatu—
1022 2165 1044 2192 D
1059 2169 1200 2197 iterantur,
1216 2168 1243 2191 et
1257 2163 1355 2190 divina:
1369 2163 1521 2197 maiestatis
1533 2164 1716 2191 eminentiam
1735 2163 1826 2190 volucri

215 2213 272 2232 ratn
291 2215 298 2233 :
313 2211 360 2233 aut
379 2207 400 2234 si
418 2208 566 2243 aliquando
582 2214 673 2238 tantus
690 2212 743 2238 erit
758 2217 862 2241 natura:
883 2216 1004 2243 rationa-

215 2250 261 2277 bili
277 2253 424 2286 profectus,
444 2258 472 2280 ut
488 2254 513 2281 in
531 2255 603 2282 hanc
620 2263 731 2290 quoque
752 2258 836 2292 possit
860 2263 1005 2293 pervenire

216 2296 351 2330 ttotitiam,
365 2297 410 2325 Dei
422 2303 464 2325 est
476 2307 567 2327 nosse.
582 2299 647 2328 Tale
661 2301 732 2328 enitn
748 2303 848 2337 aliquid
866 2305 1003 2340 mihispe-

269 2365 351 2394 “Job
379 2376 416 2399 vt,
434 2369 462 2396 ι.

515 2370 539 2386 ⁸⁸
557 2371 631 2398 Dettt.
654 2380 741 2403 xxvtt,
759 2373 801 2400 55.

215 2399 239 2418 δ’
253 2399 347 2428 Matth.
363 2411 403 2437 xi,
413 2404 457 2431 27.

496 2405 519 2421 ⁵ο
533 2405 612 2434 Rom.
626 2414 645 2437 ι,
663 2407 708 2434 9.0.
749 2408 769 2423 “
787 2408 875 2436 Colos.
892 2405 964 2442 1,]6.

252 2470 366 2532 (ῗῗξίῐιει
378 2481 443 2501 mss.
460 2475 530 2503 Editi
548 2484 623 2511 vero,
639 2482 663 2504 et
681 2486 807 2505 venenum
827 2481 948 2514 arpidum
961 2482 1003 2509 in-

252 2515 263 2532 η
273 2517 281 2532 Ι
322 2516 344 2532 e.

216 2515 344 2534 sanumte.

217 2540 310 2603 Ιὶέει)
323 2542 548 2580 Etliti,magister.
567 2546 650 2574 Paulo
669 2553 729 2584 poat
741 2569 748 2582 ,
764 2549 896 2584 spiritales
912 2553 1002 2587 nequi-

229 2585 272 2603 ιιε.

330 2613 410 2654 ζξμίιί,
426 2620 449 2642 et
463 2615 572 2643 vulnera
586 2618 676 2654 quiin
691 2625 796 2652 peccato
811 2626 930 2654 currunt,
950 2626 1005 2648 etc.

255 2647 310 2689 (Sb)
331 2649 376 2689 Sic
396 2658 490 2677 omnes
503 2659 569 2678 mss.
592 2647 662 2680 liditi
680 2647 753 2686 vero,
766 2656 862 2689 quibus
876 2647 963 2683 tanien
978 2647 1005 2683 id

218 2684 375 2714 prudentiw.

254 2718 310 2752 (87)
331 2720 367 2745 lla
383 2721 458 2747 editi.
477 2720 525 2758 Ms.
543 2729 608 2749 vero
623 2722 722 2757 lit-gius
736 2732 809 2752 num.
827 2725 905 2758 1639,
925 2727 1006 2753 alium

217 2759 410 2794 quept_prteter,
430 2760 483 2794 etc.
502 2755 599 2794 Cameri
617 2755 811 2794 tns§.,nliquent
828 2755 931 2793 printer,
951 2768 1005 2789 etc.

255 2787 309 2823 (88)
328 2789 416 2822 Alias,
437 2789 496 2817 Non
522 2793 588 2818 enim
610 2787 716 2820 adderet
734 2787 780 2827 (λι.
798 2787 933 2830 (uidit/itii
953 2787 1006 2825 sed

860 2374 881 2390 ⁸⁵
897 2375 1035 2410 Epltes.rt,

1060 2211 1120 2242 ltus,
1136 2214 1163 2236 et
1186 2209 1416 2244 qttadrupedibus,
1439 2213 1466 2236 et
1487 2210 1660 2244 serpentibus
1684 2205 1826 2243 exa‘quarel

1096 2256 1139 2283 l8.
1155 2256 1211 2283 Pro
1225 2256 1324 2290 quibus
1343 2255 1432 2283 causis
1447 2255 1600 2290 justissitne
1622 2256 1723 2290 utique
1743 2255 1826 2281 tradat

1058 2311 1102 2330 eos
1122 2303 1192 2330 Deus
1212 2303 1239 2329 in
1253 2302 1392 2329 desideriis
1410 2303 1499 2329 cordis
1516 2309 1604 2328 eorum
1621 2302 1679 2336 (9|)
1694 2302 1723 2328 in
1739 2302 1826 2327 intretur

1062 2371 1105 2399 12.
1158 2370 1181 2386 ⁴⁶
1194 2369 1271 2396 Rom.
1292 2377 1312 2403 t,
1335 2369 1379 2397 18.
1432 2369 1454 2385 ⁵⁷
1470 2369 1580 2402 Ruunt,
1595 2369 1636 2396 i9.

1693 2369 1718 2385 ⁸³
1733 2370 1790 2396 ibid.
1799 2367 1826 2393 ita

1093 2481 1109 2507 i.
1121 2485 1173 2507 etc.

1057 2487 1214 2551 cui‘Si‘ijc'Sic
1235 2521 1300 2551 mss.
1317 2513 1387 2551 Editi
1404 2519 1488 2540 vero:
1508 2511 1641 2546 Penejam
1654 2512 1685 2538 in
1709 2511 1826 2545 saperim

1059 2549 1106 2578 bus
1119 2552 1150 2576 tle
1161 2551 1202 2576 Itis
1219 2550 1339 2575 omnibus
1357 2549 1456 2575 dictum
1468 2553 1514 2574 est.

1094 2585 1149 2622 (9Q)
1169 2585 1253 2622 alias,
1267 2588 1453 2618 cognoverunt.
1745 2616 1751 2622 ι
1782 2616 1786 2619 γ

1094 2616 1152 2656 (ut)
1174 2620 1219 2646 Sic
1241 2616 1334 2656 clunes
1359 2627 1437 2649 tuss.,
1465 2625 1578 2656 quorum
1592 2622 1708 2656 _ta_tnen_
1726 2616 1822 2656 pletis":

1059 2652 1190 2683 omittunt
1216 2654 1316 2688 utique.
1343 2659 1370 2680 et
1387 2661 1456 2680 unus
1474 2652 1574 2688 [legitis
1591 2653 1685 2682 habet,
1699 2653 1727 2678 in
1745 2654 1826 2677 desist-

1060 2692 1130 2718 rium
1142 2690 1228 2716 cordis
1244 2686 1345 2715 eorum.
1365 2688 1433 2714 Ettiti
1448 2686 1524 2719 vero,
1544 2686 1653 2721 Propter
1671 2690 1745 2719 quod
1761 2693 1824 2711 Πεδι-

1060 2727 1097 2752 rlit
1114 2725 1174 2751 illo:
1194 2725 1262 2751 Deus
1276 2724 1303 2749 in
1320 2723 1451 2749 desideria
1467 2724 1553 2750 cordis
1565 2729 1664 2754 eorum,
1687 2722 1823 2751 structa?

1059 2762 1125 2789 dunt
1139 2760 1219 2787 Amen
1233 2759 1258 2786 itt
1276 2759 1328 2786 line
1342 2763 1493 2786 contextus.
