1831 3049
20 145 66 172 £65

487 141 664 170 COMMENT.
687 140 718 167 ΙΝ
739 138 847 166 EPIST.
871 139 916 166 AD
933 140 1015 168 R031.
1038 141 1101 169 LIB.
1122 143 1142 169 Ι.

1590 148 1642 176 866

20 203 112 232 mitam,
126 205 152 226 ut
166 200 331 226 contumeliis
343 198 457 233 σῃῖι-ίηιιι
474 208 584 234 corpora
601 208 648 226 sua
667 201 694 226 in
708 203 796 226 semet-
816 195 837 223 Α
852 196 950 224 ctionis
964 198 1129 231 apostolicze,
1149 205 1197 233 per
1218 206 1299 234 quam
1316 200 1404 230 dubita
1417 207 1523 231 mentes
1540 203 1641 233 oll'endl

20 249 95 281 ipsis:
111 247 156 280 qui
171 250 398 273 commutaverunt
418 247 554 273 veritatem
572 245 620 272 Dei
640 246 667 271 in
686 245 797 271 utendu-

20 294 91 324 rinm,
111 297 133 318 et
160 291 310 325 coluerunt,
336 297 359 318 et
384 293 531 319 seruierunt
557 297 688 318 creatura:
711 291 797 324 potius

20 347 89 373 quam
98 338 227 371 Creatori,
238 340 282 371 qui
296 344 332 364 est
347 339 495 364 benedictus
507 339 533 364 in
546 337 643 364 secula
653 338 724 366 ""3.
733 338 797 370 Quae

20 384 126 419 singula,
143 384 350 417 quamvisjuxla
365 383 494 410 Ecclesia:
506 383 584 410 [idem
598 388 797 417 consequenter

20 429 147 463 explanari
172 429 332 459 rideantur,
360 429 432 462 quod
457 429 673 463 praecedentibus
705 429 796 455 causis

20 477 145 510 rnlparllm
172 475 233 509 jure
248 479 274 501 et
292 475 389 502 merito
407 475 569 502 deserantur
596 482 612 501 a
629 475 684 501 Duo
703 475 728 502 hi
749 475 793 509 qui

20 522 158 551 veritatem,
174 527 255 554 quam
271 519 326 546 Deo
340 519 477 546 revelante
497 525 679 553 cognoscunt,
700 519 726 546 in
745 520 795 546 ini-

20 565 114 599 quitate
128 564 279 596 detentant,
292 568 319 590 et
331 570 379 597 per
392 563 443 590 hoc
461 563 531 597 quod
548 564 721 596 deseruntur,
739 570 794 591 tra-

22 612 107 638 iuntnr
121 610 264 637 desideriis
278 611 371 637 contis
386 610 444 641 Sui;
460 618 575 643 quorum
589 610 723 637 desideria
738 618 795 637 cor-

23 659 51 684 tis
71 658 126 684 haec
143 661 232 688 erant,
260 661 290 683 ut
314 656 489 683 immnnditia
506 661 533 683 et
548 656 721 683 contumeliis
740 655 794 682 alli-

20 709 98 730 rerent
116 710 230 737 corpora
252 710 300 729 sua
319 702 345 729 in
364 703 518 737 semetipsis
534 712 540 729 :
554 708 583 730 et
602 704 674 737 quali
690 704 792 738 judicio

20 757 68 783 ιιετι
91 748 240 775 divinitatis
262 748 302 775 nsi
327 752 391 776 sunt
416 750 618 777 venerationem
644 749 712 785 (9‘3),
728 750 791 776 dum

20 794 54 820 )ei
69 793 280 828 incorruptibilis
293 793 406 827 gloriam
421 794 452 820 ad
468 795 552 821 [cedas
568 799 594 821 et
608 795 732 830 indignas
745 796 791 821 de-

20 839 106 865 lucunt
122 839 261 866 hominum
282 838 323 865 vel
336 839 494 866 animalium
509 839 623 874 formas,
646 840 691 867 tali
706 841 789 867 etiam

20 892 68 918 rga
78 885 238 919 semetipsos
251 888 363 912 utantur
373 885 445 918 vice,
461 890 490 912 ιιι
504 885 681 913 rationabiles
702 886 792 912 homi-

21 938 54 957 tes
70 931 158 957 vivant
173 938 248 958 litore
262 930 489 958 irrationabiliuut
507 932 659 958 helluarum
678 939 684 958 :
703 938 792 958 tamen

20 976 175 1011 'eqniramus
190 977 224 1003 ah
245 977 287 1003 his
307 976 354 1011 qui
377 977 460 1003 Deum
475 977 577 1004 bonum
595 983 696 1012 negant
711 980 791 1004 etiam

22 1027 103 1048 ustum
115 1029 176 1049 esse
196 1022 327 1056 judicent,
343 1023 408 1057 quid
430 1024 613 1058 respondeant
628 1024 661 1050 dc
674 1024 716 1050 his
732 1032 791 1058 qua:

20 1068 70 1095 lit-it
83 1069 240 1103 Apostolus,
256 1069 326 1102 quod
340 1069 452 1096 tradidit
469 1077 514 1096 eos
533 1069 602 1096 Deus
614 1070 640 1096 in
654 1069 791 1096 desideriis

20 1115 90 1141 'ordis
100 1114 129 1141 in
146 1115 354 1147 immunditiam,
371 1119 398 1141 ut
412 1115 579 1142 contumeliis
592 1116 706 1150 ofﬁciant
734 1123 791 1142 cor-

20 1167 67 1186 μοι-ιι
80 1168 137 1186 sua.
157 1159 297 1187 Videbitur
311 1160 382 1187 euint
402 1160 427 1187 in
444 1160 495 1187 hoc
508 1168 559 1186 non
569 1161 655 1187 solum
671 1161 789 1194 ipsorum

20 1205 83 1237 'atio,
102 1213 163 1240 qua:
175 1205 283 1239 penitus
295 1205 456 1237 excluditur,
472 1206 518 1233 sed
531 1211 558 1233 et
571 1211 664 1233 nostra
678 1214 791 1240 respon-

20 1249 45 1275 io
57 1249 198 1276 coarctari.
217 1249 359 1282 Quomodo
374 1250 446 1276 enim
475 1250 579 1284 jusmm
596 1251 648 1278 erit
669 1251 789 1286 eumqui

22 1294 128 1326 raditur,
144 1295 269 1329 quamvis
284 1303 332 1330 pro
356 1295 476 1329 peccatis
493 1296 628 1328 tradatur.
650 1301 739 1322 tamen
756 1296 789 1323 ad

20 1341 237 1375 :oncupisccntias
251 1341 331 1372 tradi,
345 1345 373 1368 et
389 1341 422 1368 ad
436 1342 487 1368 hoc
502 1342 582 1375 tradi,
600 1348 628 1369 ιιι
645 1343 791 1369 immundi-

20 1384 48 1411 iis
62 1391 87 1412 et
107 1385 338 1420 concupiscentiis
357 1385 457 1413 alliciat
473 1395 571 1422 corpus
599 1388 699 1414 suum?
714 1388 790 1415 Sicut

20 1429 72 1455 uim
87 1430 150 1457 huic
168 1430 225 1464 qui,
239 1430 315 1456 verbi
334 1437 427 1462 causa,
457 1431 577 1458 tenebris
609 1433 726 1459 traditur
757 1433 788 1459 ad

23 1481 116 1508 tenam,
140 1476 268 1509 imputari
285 1483 338 1502 non
355 1481 443 1510 potest
456 1477 527 1511 quod
544 1477 569 1504 in
593 1477 709 1505 obscuro
731 1479 764 1506 sit
780 1487 787 1511 ;

23 1521 84 1554 tqui
102 1521 157 1555 igni
172 1521 298 1553 traditur,
312 1521 415 1555 culpari
431 1530 479 1557 pro
494 1524 545 1551 hoc
560 1525 618 1558 ipso
633 1533 685 1551 non
700 1530 788 1559 potest

23 1572 51 1590 ur
65 1571 170 1597 uratur,
200 1566 236 1593 ita
254 1566 296 1593 his
322 1567 367 1601 qui
393 1568 536 1595 desideriis
556 1575 584 1596 et
609 1570 789 1598 immunditiis

20 1611 143 1639 radtuttur
158 1617 187 1638 ut
199 1613 372 1641 contumeliis
386 1614 507 1642 alliciant
527 1623 641 1650 corpora
659 1623 720 1649 sua,
736 1625 788 1644 non

20 1656 80 1689 ligne
91 1657 228 1684 videbitur
243 1657 380 1692 imputari,
394 1660 415 1686 si
433 1660 459 1686 iu
470 1661 614 1688 desideriis
629 1667 656 1688 et
669 1661 788 1688 immun-

20 1701 74 1728 litiis
98 1702 193 1736 positi,
216 1710 331 1737 corpora
357 1712 404 1731 sua
434 1706 607 1732 contumeliis
637 1707 786 1734 maculent.

20 1747 119 1776 vlarcion
136 1757 215 1784 ergo,
231 1755 258 1778 et
282 1758 379 1778 omnes
396 1752 442 1786 qui
459 1752 492 1778 de
513 1752 606 1779 schola
632 1752 691 1786 ejus
717 1753 790 1780 velut

20 1796 167 1830 erpentium
188 1797 308 1831 germina
325 1796 381 1833 (93)
403 1798 581 1833 pullularunt,
598 1799 694 1826 horum
708 1800 789 1827 abso-

20 1842 118 1870 utiones
131 1850 166 1870 ne
184 1847 307 1870 extremo
320 1844 427 1878 quidem
444 1844 528 1879 digito
550 1844 684 1878 attingere
707 1846 790 1872 aude-

20 1893 90 1916 mut:
107 1889 207 1924 quippe
221 1889 265 1922 qui
282 1894 391 1923 propter
411 1889 598 1923 hujuscemodi
624 1891 789 1925 quaestiones

20 1934 86 1962 ictus
100 1936 329 1968 instrumentum,
343 1936 428 1963 sicubi
445 1937 513 1964 forte
526 1938 551 1964 in
570 1945 602 1964 eo
619 1937 673 1965 tale
685 1938 788 1972 aliquid

20 1986 130 2015 age-rant,
162 1982 330 2016 abjecerunt.
353 1981 405 2008 Sed
436 1983 500 2017 quid
519 1983 559 2010 eis
586 1983 697 2017 profuit,
727 1991 788 2010 cum

20 2026 132 2055 iutilibus
141 2028 317 2055 nihilominus
327 2027 392 2054 Novi
407 2027 580 2056 lustrumenti
592 2030 788 2064 quaestionibus

23 2074 181 2101 rtel‘ocentur
196 2074 273 2111 (94)?
288 2073 342 2101 Nos
356 2079 446 2101 tamen
462 2075 507 2109 qui
527 2083 609 2102 unuut
637 2076 721 2102 Deum
739 2076 788 2102 bo-

25 2124 64 2142 nat
85 2123 110 2144 et
124 2117 229 2152 jus'ttm
245 2118 325 2153 Legis
343 2123 370 2145 et
383 2118 590 2153 Prophetarum,
616 2126 643 2147 et
666 2120 788 2155 Evange-

20 2162 97 2189 forum
114 2162 225 2191 Patrem
243 2164 343 2192 Christi
357 2164 484 2197 fatemur,
501 2165 601 2192 eisdem
619 2166 789 2201 explanatio-

850 243 982 276 vidcntnr,
999 244 1112 278 aperiat.
1130 243 1301 280 Frequenter
1318 247 1343 273 in
1365 247 1517 284 Scripturis
1534 250 1642 278 inveuiu

849 297 921 321 mus,
939 294 966 316 et
984 297 998 316 a
1016 290 1094 316 nobis
1117 298 1188 324 saepe
1218 291 1363 319 dissertum
1387 298 1439 326 est,
1461 295 1533 330 qttod
1559 295 1641 323 homo

825 337 830 344 ‘
848 335 972 368 spiritus,
990 341 1017 361 et
1044 343 1143 370 corpus
1158 340 1184 363 et
1203 332 1296 364 anima
1321 346 1382 365 esse
1402 339 1520 366 dicatur.
1538 339 1639 368 Verum

847 387 908 407 cum
925 380 1026 408 dicitur
1040 382 1101 416 quia
1115 390 1177 409 caro
1189 385 1351 418 concupiscit
1366 385 1495 412 adversus
1507 387 1639 420 spiritum,

847 426 954 459 spiritus
987 432 1074 453 autent
1100 428 1225 455 adversus
1251 430 1405 462 carnem",
1433 431 1520 458 media
1546 433 1639 466 procul

847 470 928 497 dubio
956 473 1067 505 ponitur
1089 473 1199 505 anima,
1226 481 1286 508 qua:
1300 475 1341 501 vel
1367 476 1510 504 desideriis
1525 478 1639 511 spiritus

847 517 1014 550 acquiescat,
1034 518 1075 544 vel
1091 519 1124 545 ad
1148 518 1239 546 carnis
1264 522 1499 556 concupiscentias
1525 523 1639 551 incline-

847 566 889 588 tttr
905 570 912 588 :
926 567 952 588 et
967 563 989 589 si
1012 564 1120 596 quidem
1135 572 1164 590 se
1181 564 1300 598 iunxerit
1315 568 1399 599 carni,
1428 576 1510 595 unum
1526 577 1586 595 cum
1605 577 1637 597 ea

846 616 944 642 corpus
977 609 1003 635 in
1031 610 1145 637 libidine
1163 615 1189 637 et
1219 613 1449 647 concupiscentiis
1475 614 1534 648 ejus
1555 615 1638 643 cilici-

846 655 940 680 tur“:
958 655 980 681 si
997 662 1060 682 vero
1075 663 1103 683 se
1123 657 1269 683 sociaverit
1291 658 1414 692 Spiritui,
1439 668 1508 686 unus
1524 668 1585 688 cum
1604 670 1636 690 ea

845 700 955 733 spiritus
984 701 1045 728 erit.
1072 702 1175 729 Idcirco
1209 703 1326 737 denique
1342 705 1375 731 de
1403 705 1446 731 bis
1472 713 1588 740 quorttm
1605 715 1635 735 se

844 746 941 772 anitum.
955 754 986 773 ex
1002 747 1108 781 integro
1122 756 1181 775 cum
1198 757 1280 776 carne
1292 749 1450 783 jumerant,
1462 751 1527 779 dicit
1545 752 1636 780 Domi-

844 799 894 818 nus
919 793 947 819 in
971 793 1143 827 Scripturis:
1169 794 1230 821 Jant
1260 804 1310 822 non
1338 798 1500 829 permanebit
1527 800 1636 832 spiritus

844 845 916 863 meus
933 839 959 864 in
973 840 1125 866 hominibus
1142 841 1209 872 istis,
1231 841 1293 876 quia
1320 850 1382 868 caro
1399 848 1459 870 sunt
1471 843 1494 860 "
1511 852 1517 870 :
1535 845 1567 871 de
1594 845 1636 873 his

846 889 937 910 autem
956 891 1071 917 quorum
1086 881 1181 913 laniata
1198 887 1288 914 fuerat
1302 889 1410 922 spiritui
1427 889 1543 923 sociata,
1564 891 1636 925 Apo—

845 929 934 956 smlns
952 930 1018 957 dicit
1035 939 1042 958 :
1068 930 1118 958 Vos
1134 938 1221 958 autent
1238 941 1289 959 non
1304 935 1365 960 estis
1384 935 1411 960 in
1429 943 1524 965 carne,
1541 938 1586 962 sed
1608 937 1635 963 in

843 975 981 1008 spiritu”.
1001 975 1070 1002 Sunt
1087 983 1216 1010 pra‘terea
1234 978 1317 1013 (sicut
1336 979 1361 1006 in
1381 980 1471 1007 multis
1487 980 1635 1016 Scriptura:

844 1019 913 1046 locis
925 1020 1090 1055 invenimus)
1104 1023 1185 1048 etiam
1204 1024 1347 1058 utriusque
1365 1026 1463 1058 partis,
1481 1026 1520 1052 rel
1533 1027 1636 1052 utrius-

843 1072 896 1097 que
914 1065 964 1091 via:
982 1065 1102 1093 fautores
1119 1068 1230 1100 quidant
1249 1073 1274 1095 et
1293 1068 1432 1102 adjutores
1456 1071 1545 1104 angeli
1563 1070 1633 1106 (95).

846 1109 914 1136 Nam
934 1112 1008 1137 carui
1035 1113 1241 1147 concupiscenti
1268 1113 1322 1148 (96)
1351 1116 1481 1142 adversus
1507 1117 1633 1150 spiritum

843 1154 915 1182 lavet
930 1157 1070 1190 diabolus,
1090 1163 1116 1185 et
1131 1159 1220 1193 angeli
1239 1159 1315 1194 ejus,
1338 1164 1366 1186 et
1385 1168 1480 1188 omnes
1495 1162 1634 1195 spiritales

843 1202 969 1235 ncquitim
990 1203 1016 1229 in
1034 1203 1194 1231 crelestibus
1207 1204 1240 1237 ",
1250 1205 1396 1239 cunctique
1407 1206 1552 1233 adversum
1565 1214 1634 1241 quos

842 1248 996 1275 hominibus
1014 1249 1149 1276 luctamen
1162 1255 1213 1283 est.
1233 1251 1412 1285 principatus,
1427 1256 1453 1278 et
1471 1257 1632 1287 potestates,

841 1298 867 1319 et
880 1294 969 1320 mundi
981 1293 1060 1327 hujus
1069 1300 1186 1322 rectores
1199 1298 1382 1324 tenebrarum.
1393 1297 1557 1326 Econtrario
1566 1306 1634 1327 vero

841 1339 948 1373 spiritui
961 1340 1089 1368 adversus
1101 1349 1210 1369 carnem
1227 1343 1390 1376 decertanti,
1399 1343 1571 1378 animamque
1583 1345 1634 1373 ltu-

842 1393 957 1416 manam,
975 1393 1034 1416 qua:
1052 1387 1138 1414 media
1160 1392 1212 1419 est,
1228 1388 1261 1414 ad
1274 1396 1302 1415 se
1317 1395 1445 1416 revocare
1458 1390 1577 1423 conanti,
1590 1391 1632 1418 fa-

840 1435 904 1458 vent
917 1435 945 1458 et
961 1430 1090 1465 adjuvant
1104 1432 1190 1466 angeli
1208 1432 1271 1459 boui
1284 1440 1381 1460 omnes
1395 1432 1431 1459 illi
1449 1432 1503 1468 (97)
1519 1433 1552 1460 dc
1568 1433 1631 1468 qui-

837 1477 888 1504 bus
905 1475 1036 1502 Doutinus
1055 1476 1109 1509 ait,
1128 1477 1190 1511 quia
1208 1477 1294 1512 angeli
1314 1485 1405 1513 eorum
1426 1485 1527 1513 semper
1543 1478 1630 1505 vident

802 1537 823 1567 ο
838 1523 932 1558 faciem
946 1521 1038 1550 Patris
1051 1523 1101 1549 mei
1115 1524 1159 1558 qui
1172 1524 1197 1550 in
1210 1524 1281 1550 cadis
1293 1529 1331 1551 est
1344 1532 1352 1555 ;
1368 1527 1395 1550 et
1406 1524 1439 1550 de
1452 1524 1551 1558 quibus
1562 1524 1633 1559 Apo‘

838 1570 922 1596 stolus
931 1569 964 1596 ad
975 1568 1104 1596 Hebrzeos
1121 1569 1158 1596 ait
1169 1570 1190 1585 °°
1204 1579 1210 1595 ε
1227 1569 1320 1596 Nonne
1336 1578 1424 1596 omnes
1440 1573 1501 1596 sunt
1514 1570 1630 1596 ministri

840 1614 960 1647 spiritus,
979 1614 1013 1639 ad
1026 1613 1203 1639 ministerium
1222 1614 1295 1640 missi
1308 1618 1413 1647 propter
1429 1622 1472 1640 eos
1491 1615 1537 1649 qui
1551 1614 1634 1642 Itwre-

840 1658 947 1684 ditatem
968 1659 1076 1692 capiunt
1099 1659 1192 1684 salutis
1207 1659 1247 1684 “'2
1264 1658 1348 1685 Favet
1367 1663 1395 1686 et
1413 1659 1470 1694 ipse
1492 1660 1631 1692 Dominus,

839 1704 939 1738 quippe
960 1705 1005 1738 qui
1026 1704 1110 1731 etiam
1131 1705 1250 1730 animam
1265 1711 1342 1730 suam
1360 1706 1436 1738 ponit
1463 1713 1511 1740 pro
1536 1705 1632 1734 ovibus

840 1750 896 1776 suis
908 1750 941 1776 ⁵³.
958 1749 1010 1776 Sed
1027 1758 1061 1777 ex
1074 1755 1189 1784 utraque
1205 1754 1281 1784 parte
1294 1751 1394 1779 favoris
1410 1751 1553 1784 disciplina
1567 1758 1630 1778 ser-

840 1800 929 1822 vatur.
946 1795 1005 1822 Non
1022 1796 1092 1823 enim
1109 1796 1134 1822 vi
1157 1804 1201 1823 res
1219 1797 1309 1830 agitur
1332 1797 1399 1831 (98),
1415 1804 1501 1831 neque
1513 1798 1631 1824 necessi-

841 1846 895 1868 tate
910 1842 935 1868 in
951 1841 1067 1868 alteram
1085 1847 1188 1876 partem
1215 1843 1305 1868 anima
1320 1843 1492 1875 declinatur;
1508 1843 1631 1878 alioquin

840 1896 891 1915 nec
914 1887 993 1922 culpa
1017 1888 1055 1918 ei,
1082 1895 1131 1914 nec
1154 1889 1239 1914 virtus
1254 1893 1346 1921 posset
1359 1889 1459 1916 ascribi
1473 1897 1481 1922 ;
1496 1897 1546 1916 nec
1566 1889 1631 1916 boni

840 1934 936 1961 electio
953 1933 1105 1968 pramtium,
1121 1941 1171 1961 nec
1200 1934 1349 1962 declinatio
1371 1934 1436 1961 mali
1466 1934 1632 1969 supplicium

840 1987 993 2008 mereretur
1010 1990 1016 2007 :
1035 1981 1082 2008 sed
1099 1985 1224 2007 servatur
1239 1980 1262 2006 ei
1279 1980 1303 2006 in
1321 1981 1449 2008 omnibus
1464 1980 1574 2008 libertas
1586 1982 1632 2009 sui

839 2027 957 2058 arbitrii,
974 2030 1003 2052 ut
1027 2027 1053 2052 in
1075 2026 1147 2060 quod
1170 2025 1287 2052 voluerit
1314 2025 1397 2061 474
1421 2028 1479 2060 ipsa
1500 2026 1630 2059 declinet,

839 2072 911 2099 sicut
929 2072 1059 2106 scriptum
1073 2075 1115 2098 est
1128 2071 1150 2086 ⁸³
1165 2080 1172 2098 :
1191 2071 1258 2097 Ecce
1275 2072 1350 2105 ponti
1365 2077 1425 2098 ante
1445 2070 1539 2105 [aciem
1554 2077 1630 2098 tuam

839 2119 919 2145 vitam
935 2123 958 2144 et
977 2121 1098 2149 mortem,
1112 2117 1197 2151 ignem
1221 2122 1245 2143 et
1263 2126 1369 2151 aquam.
1389 2117 1450 2144 Vita
1464 2124 1530 2152 ergo
1547 2117 1629 2144 Chri-

839 2169 898 2192 stus
908 2169 959 2197 est,
976 2167 1003 2190 et
1021 2171 1094 2190 mors
1112 2163 1279 2190 nevissinms
1296 2163 1431 2194 initnicus,
1445 2163 1492 2197 qui
1510 2167 1552 2189 est
1569 2162 1631 2189 dia—

25 2208 79 2235 ibus
96 2216 122 2236 et
136 2210 162 2237 in
181 2209 255 2237 Novo
280 2214 306 2237 et
324 2211 350 2236 in
375 2210 464 2237 Veteri
482 2211 584 2238 utimur
600 2211 786 2244 Testamento,
804 2206 826 2234 D
842 2210 930 2238 holus.
950 2209 1036 2236 liabet
1054 2217 1118 2244 ergo
1139 2209 1167 2235 in
1184 2209 1299 2235 arbitrio
1321 2215 1371 2235 suo
1385 2209 1488 2242 anima,
1507 2209 1528 2236 si
1552 2209 1628 2241 velit,

20 2259 160 2282 urocantes
183 2262 243 2282 eum
261 2255 307 2290 qui
323 2255 413 2290 posuit
436 2256 462 2282 in
479 2255 544 2283 Sion
562 2256 677 2291 lapidem
699 2257 787 2284 offen-

20 2297 94 2331 iouis,
107 2304 135 2326 et
152 2304 256 2333 petram
268 2300 430 2332 scandi-li“,
450 2305 479 2328 ut
498 2301 555 2334 ipse
568 2302 647 2329 nobis
667 2309 715 2336 per
727 2301 789 2337 Spi-

20 2343 81 2370 itum
94 2351 219 2373 sanctum
241 2354 319 2373 sttum
339 2346 513 2374 olfensiouem
528 2348 724 2375 etscaudalum
750 2349 788 2376 le-

38 2391 95 2408 ¹²·⁸³
110 2392 189 2418 Rom.
211 2401 230 2424 ι,
244 2392 289 2424 24,
304 2392 348 2419 25.
385 2393 408 2408 ”
417 2392 494 2420 Rom.
508 2402 546 2424 ix,
566 2393 610 2420 '55.

23 2433 59 2457 ιιι,
72 2427 98 2454 9.
149 2427 173 2443 "
187 2427 285 2462 Ephes.
300 2435 337 2460 vt,
353 2427 395 2454 12.
461 2429 483 2444 ⁵ο
498 2429 592 2455 Matth.
607 2436 684 2461 xrtn,
701 2429 744 2456 to.

20 2460 83 2489 Iccli.
103 2470 148 2494 xv,
163 2460 266 2494 17,18.

39 2506 94 2539 (92)
109 2507 176 2536 Mss.
196 2507 388 2534 uenerationem
402 2515 411 2534 :
433 2507 509 2540 editi,
526 2508 664 2539 rationem,
677 2507 757 2533 male.

38 2541 91 2574 (95)
107 2543 193 2574 Alias,
205 2542 347 2576 genimina.
434 2546 441 2552 '

37 2577 91 2612 (94)
108 2577 158 2604 Ms.
178 2575 255 2610 unu's,
285 2582 477 2611 prouocentur:
493 2576 573 2610 editi,
599 2576 784 2611 prteferantur.

20 2610 95 2639 lateri
111 2620 179 2639 mss.
197 2610 316 2645 rectius,
333 2613 521 2645 prtz’focentttr.

38 2646 92 2688 (95)
110 2646 181 2688 Sunt
192 2647 404 2688 prct'terea(aicut
420 2648 446 2674 in
462 2645 710 2688 ntultis_Scripturte
722 2646 785 2687 locis

20 2682 158 2716 nutrimus)
180 2683 259 2708 etiam
276 2684 414 2716 utriusque
427 2683 510 2715 partis
523 2682 562 2708 uel
585 2683 721 2715 utriusque
737 2682 785 2708 vita

20 2723 118 2743 autores
132 2717 242 2750 quidam
258 2722 281 2743 et
307 2718 444 2751 adjutores
458 2717 555 2750 angeli.
570 2716 672 2743 Allttdit
699 2717 785 2743 mani-

20 2753 148 2778 :stissime
175 2751 308 2787 Origenes
332 2753 365 2779 ad
390 2758 470 2785 caput
493 2752 526 2778 i8
549 2751 671 2786 epistolae
696 2751 784 2778 sancti

20 2787 133 2814 'arnabte
147 2787 183 2814 de
198 2786 303 2814 duabus
313 2787 364 2814 viis
381 2792 409 2814 et
425 2787 458 2814 de
475 2787 578 2821 angelis
604 2786 712 2820 utrique
736 2787 785 2813 vite

22 2822 159 2854 nupositis.

38 2857 91 2892 (96)
107 2857 142 2884 Ita
161 2862 234 2884 recte
251 2864 315 2884 mss.
341 2856 472 2892 plerique.
492 2856 561 2884 Editi
577 2863 640 2884 vero
655 2861 681 2884 et
692 2856 784 2884 Raba-

649 2393 672 2408 "
689 2393 777 2421 Galat.
793 2394 865 2422 v.17.

795 2417 901 2456 έῖιίὲὶπ.
918 2436 937 2462 ι,

843 2257 941 2291 eligere
952 2256 1032 2282 vitam
1041 2255 1186 2285 Christum.
1198 2259 1244 2281 aut
1254 2255 1279 2281 in
1293 2259 1406 2282 mortem
1420 2254 1556 2282 diabolum
1570 2255 1630 2290 (99)

841 2302 986 2329 declinare.
1012 2301 1087 2333 Quod
1106 2301 1128 2327 si
1148 2308 1299 2334 agnoscens
1323 2300 1413 2327 anima
1433 2300 1530 2333 Deum,
1546 2300 1628 2327 Citri-

842 2352 911 2375 stum
934 2348 1016 2374 vitam
1035 2354 1111 2374 sttam
1127 2346 1280 2380 amplexata
1298 2353 1349 2373 non
1364 2346 1457 2378 fuerit,
1481 2353 1532 2373 nec
1556 2346 1629 2373 sicut

913 2393 936 2409 “
950 2392 957 2419 I
969 2392 1033 2421 Cor.
1047 2400 1083 2423 ι-ι,
1103 2392 1145 2424 16,
1163 2393 1204 2420 l7.
1259 2392 1281 2408 "’
1293 2391 1358 2419 Gen.
1375 2399 1412 2424 vr,
1427 2391 1454 2418 5.
1510 2391 1533 2407 ⁸⁸
1547 2390 1626 2418 Rom.

1056 2427 1166 2455 “Joan.
1185 2428 1273 2461 x,15.
1331 2426 1352 2442 ⁵³
1373 2427 1450 2454 Deut.
1477 2434 1542 2460 xxx,
1570 2426 1627 2459 £5;

841 2515 908 2534 nus:
923 2506 993 2533 Nam
1006 2507 1094 2534 carnis
1109 2507 1340 2541 concupiscentiae,
1356 2512 1409 2535 etc.
1423 2507 1471 2534 Ms.
1489 2514 1558 2534 unus
1571 2506 1627 2536 Re-

839 2543 898 2577 gius
915 2549 989 2568 num.
1008 2543 1087 2574 1640,
1105 2542 1174 2569 Nam
1188 2544 1289 2570 carnali
1302 2542 1530 2577 concupiuentiw,
1543 2548 1596 2569 etc.

876 2577 931 2612 (97)
948 2576 984 2602 Ita
998 2585 1092 2612 omnes
1111 2585 1189 2609 mss.,
1200 2586 1312 2610 quoruut
1331 2576 1400 2605 unus
1415 2579 1489 2605 solus
1501 2578 1586 2607 addit.
1601 2582 1627 2605 et

840 2612 978 2646 adjuvant.
997 2611 1068 2638 Editi
1087 2619 1151 2639 vero
1168 2617 1194 2638 et
1210 2611 1347 2645 Rabanus,
1369 2613 1456 2646 {avent
1477 2612 1563 2647 angeli
1575 2612 1628 2647 rho-

841 2648 939 2673 minum
955 2654 1044 2672 omnes
1066 2647 1117 2678 illi,
1135 2652 1189 2674 etc.
1205 2647 1305 2674 Deinde
1330 2656 1426 2675 omnes
1444 2655 1510 2674 mss.
1525 2651 1552 2673 et
1571 2646 1626 2674 Ra—

840 2681 927 2719 hanns
937 2701 950 2719 ,_
964 2681 1059 2719 [aciem
1076 2680 1276 2719 Patrisvcstri,
1290 2687 1341 2719 etc.
1357 2682 1409 2719 sed
1427 2686 1515 2719 tamen
1527 2682 1624 2719 tegen-

840 2717 903 2743 dum
927 2716 1034 2743 videtur
1048 2724 1108 2743 cum
1134 2717 1223 2748 editis,
1250 2716 1343 2751 faciem
1367 2716 1458 2744 Putris
1483 2717 1542 2749 mei,
1570 2721 1623 2743 etc.

840 2751 925 2787 Paulo
940 2756 1000 2787 post
1013 2751 1141 2779 Rabanus
1154 2757 1180 2779 et
1195 2753 1258 2779 editi
1273 2753 1401 2787 ominum
1414 2752 1517 2787 quippe.

875 2786 931 2822 (98)
951 2786 1000 2814 Ms.
1018 2787 1117 2821 Regius
1132 2795 1206 2814 num.
1222 2787 1305 2820 1639,
1324 2786 1386 2814 Non
1401 2787 1470 2814 enim
1492 2786 1560 2813 vires
1574 2793 1624 2820 pa-

838 2822 915 2848 titur.

875 2856 929 2891 (99)
946 2856 1028 2891 Editi,
1045 2858 1071 2884 in
1084 2862 1192 2885 mortem
1208 2858 1241 2884 ad
1256 2857 1399 2888 diabolum,
1414 2856 1495 2883 male.
