1835 3047
221 136 273 164 867

946 126 1106 155 ORlGENlS
1786 127 1816 153 8t?!

222 197 306 224 Deum
322 191 552 229 magniﬁcaverit,
569 194 614 217 aut
632 190 736 224 gratias
757 189 855 224 egerit,
877 188 924 215 sed
946 196 1010 216 eva-
1027 189 1048 217 Α
1066 185 1179 211 inomni
1202 184 1344 211 sanctitate
1364 188 1388 210 et
1404 183 1521 218 puritate
1545 190 1690 215 servemus.
1710 190 1761 218 quo
1781 192 1814 209 tua

223 241 312 269 nuerit
328 240 355 266 in
373 237 588 272 cogitationibus
609 236 677 265 suis.
693 239 720 263 et
734 234 878 261 mtttaverit
895 234 1008 266 gloriam

223 284 437 319 incorruptibilis
459 283 506 310 Dei
530 283 557 310 in
576 281 780 310 similitudinem
797 280 924 315 imaginis
948 287 1011 306 cor-

222 331 359 366 ruptibilis
386 329 504 357 hominis
519 334 547 356 et
561 328 713 360 volucrum,
740 330 767 353 et
790 325 1009 360 quadrupedum,

221 381 248 403 et
263 375 427 409 serpentiutn
443 373 475 407 “,
492 379 519 401 et
540 375 565 400 in
585 374 626 400 his
637 372 764 399 omnibus
783 370 961 398 declinaverit
977 371 1010 397 ad

221 427 343 451 carnem,
364 423 445 453 atque
461 426 508 446 eos
531 418 576 453 qui
605 417 696 445 carnis
722 416 866 443 desideriis
897 415 1010 442 favent:

223 466 426 500 derelinqnctur
443 465 502 492 sine
520 464 603 492 dubio
621 468 648 490 et
678 464 822 490 deseretur
845 462 879 489 ab
904 462 944 489 eis
964 461 1010 496 qui

222 520 282 539 eam
297 511 390 538 favore
407 518 456 538 suo
471 515 500 537 ιιι
515 510 623 545 spiritui
639 509 801 543 iungeretur
827 509 986 535 anitnabant
1003 516 1009 533 :

223 563 250 584 et
261 558 415 584 concedent
429 563 500 588 eam,
517 555 559 582 vel
583 555 689 582 tradent
707 554 746 589 (ί)
763 554 905 581 desideriis
923 553 1013 580 cordis

225 605 279 635 sui.
297 604 394 638 quibus
406 602 482 630 carni
501 601 623 629 sociatur
637 605 665 626 et
680 601 813 627 adbazret.
834 599 926 633 Neque
939 600 1011 626 enim

225 651 404 678 obsistentem
418 656 478 675 eam
495 655 527 675 ac
540 647 730 679 reluctantem,
748 647 783 673 ad
796 653 827 672 ea
843 653 902 679 quae
917 645 1014 679 refugit

227 705 258 724 ac
269 696 370 731 respuit
386 693 653 726 revoealiunt.anus
669 693 706 720 rei
718 692 877 727 imaginem,
889 691 912 718 si
927 690 1015 717 adhuc

227 742 333 768 videtur
349 740 474 770 obscura,
494 739 540 765 tali
552 738 669 773 quadam
684 738 775 772 specie
799 737 1013 764 mattil'estiorcm

229 788 431 822 planioremque
447 785 600 813 reddemus.
618 784 756 812 Ponamus
771 791 832 811 esse
845 783 952 818 aliquod
968 782 1015 810 do-

229 832 369 864 tnicilittm,
387 832 413 859 in
433 839 486 865 qtto
502 831 562 858 cum
580 837 695 865 corpore
712 834 740 856 et
754 829 851 864 spiritu
864 828 938 856 velut
954 835 1015 854 cum

229 880 335 907 duobus
349 878 515 906 consiliariis
534 877 638 904 habitet
651 877 759 909 anima;
773 884 822 911 pro
834 875 939 902 foribus
952 882 1016 902 vero

231 924 311 958 hujus
331 924 460 951 domicilii
489 928 581 950 astare
604 923 749 956 pietatem,
772 928 923 956 omnesque
955 928 1016 948 cum

229 979 261 997 ea
274 970 388 996 virtutes
406 977 413 996 :
430 977 462 996 ex
477 969 529 996 alia
545 977 608 996 vero
622 973 697 1003 parte
716 967 893 1002 impietatem,
909 974 1016 994 omnes-

231 1024 284 1050 que
300 1015 466 1042 luxuriarum
480 1023 511 1042 ae
525 1014 667 1042 libidinum
688 1015 802 1045 formas,
819 1017 846 1041 et
861 1018 1018 1047 exspectare

231 1061 329 1088 anitum
344 1065 448 1093 nutum,
464 1068 542 1095 quem
563 1069 596 1088 ex
618 1061 723 1088 duobus
743 1067 792 1094 pro
807 1059 911 1086 loribus
926 1059 1019 1086 obser-

231 1106 357 1133 vantibus
371 1106 481 1133 chorum
495 1105 628 1133 introduci
644 1106 678 1133 ad
693 1112 722 1132 se
734 1104 967 1138 desideret,quem
976 1111 1019 1131 re-

232 1151 307 1186 pelli.
320 1150 415 1178 Nonne
432 1152 453 1178 si
467 1151 573 1186 spiritui
593 1152 796 1185 obtemperans,
813 1155 842 1177 et
855 1149 959 1177 meliori
971 1156 1018 1176 usa

231 1197 398 1230 consiliario,
408 1197 515 1230 pietatis
523 1201 549 1224 et
563 1197 699 1232 pudicitia:
709 1197 742 1223 ad
751 1204 780 1224 se
789 1195 945 1223 evocaverit
953 1195 1020 1222 cho-

233 1252 304 1275 rum,
325 1243 369 1270 ille
393 1243 462 1270 alius
478 1249 584 1277 spretus
601 1244 810 1278 repudiatusque
822 1242 861 1278 (‘2)
877 1241 1021 1270 discedet?

233 1289 262 1316 Si
280 1297 344 1316 vero
360 1290 451 1317 carnis
464 1297 511 1316 usa
528 1289 660 1321 consiliis,
680 1289 827 1323 impietatis
837 1289 869 1315 ad
880 1296 908 1315 se
921 1293 947 1315 et
961 1287 1017 1314 libi-

231 1336 305 1363 dinis
327 1335 510 1363 introduxerit
535 1339 666 1367 turmam,
692 1335 779 1362 omnis
802 1334 846 1361 illa
868 1334 1020 1361 sanctitatis

233 1385 261 1407 ct
280 1381 390 1415 pietatis
411 1389 526 1414 corona,
551 1381 596 1408 cui
616 1381 747 1407 malorutn
762 1380 854 1407 anima
873 1379 1020 1407 concilium

234 1425 439 1460 prmtulitjusta
456 1433 516 1452 cum
531 1426 715 1460 indignatione
731 1425 848 1456 recedet,
865 1426 1021 1460 relinquens

233 1479 293 1498 eam
302 1471 443 1498 desideriis
449 1471 539 1498 cordis
547 1472 600 1503 sui,
610 1476 639 1498 ut
649 1472 684 1508 (5)
695 1471 841 1506 ignominia
850 1475 876 1498 et
886 1477 1023 1498 contume-

235 1518 278 1544 liis
286 1516 383 1543 alliciat
393 1525 491 1552 eorpus
499 1525 575 1543 suum
585 1517 610 1544 in
620 1517 775 1551 semetipsa,
783 1518 1022 1551 quarenmmutavit

233 1562 377 1589 veritatem
397 1561 442 1589 Dei
460 1563 485 1588 in
512 1562 695 1594 mendacium,
708 1567 735 1590 et
751 1563 928 1591 introducens
943 1563 976 1590 ad
992 1571 1020 1590 se

235 1607 385 1642 impietatis
404 1612 431 1633 et
452 1607 622 1634 infidelitatis
645 1606 683 1643 (4)
710 1607 879 1642 principem,
902 1607 965 1634 colit
994 1612 1021 1634 et

235 1654 319 1681 servit
333 1658 422 1687 potius
433 1658 565 1681 creaturae
577 1662 659 1689 quam
671 1655 811 1687 (.reatori,
825 1654 870 1688 qni
887 1658 928 1681 est
939 1654 1021 1681 bene-

234 1700 324 1726 dictus
342 1699 370 1726 in
385 1699 495 1726 sa‘cula.
514 1699 618 1732 Quibus
635 1707 700 1727 sane
714 1707 745 1726 ex
758 1700 849 1727 causis
866 1700 954 1727 anima
971 1700 1021 1727 hu-

237 1753 317 1772 tnana
336 1745 401 1771 tanti
415 1744 494 1778 hujus
507 1745 676 1772 discriminis
690 1750 743 1772 tam
763 1745 910 1780 ancipitem
927 1746 1023 1772 subeat

236 1795 348 1822 statum,
369 1798 420 1817 non
444 1795 485 1818 est
507 1791 653 1825 praesentis
672 1791 723 1818 loci
749 1791 897 1818 discutere.
923 1790 1021 1817 Eorum

235 1843 299 1870 ergo
313 1840 355 1862 est
374 1836 547 1863 contumeliis
564 1835 671 1863 allicere
687 1843 804 1871 corpora
823 1843 884 1868 sua,
906 1836 951 1870 qui
977 1836 1024 1862 de-

235 1882 355 1909 serviunt
367 1881 536 1908 simulacris:
547 1887 574 1909 et
588 1889 684 1909 eorum
699 1887 740 1909 est
750 1882 840 1909 colere
853 1887 1021 1913 creaturam,

236 1928 281 1962 qui
298 1928 457 1962 reliquerint
476 1928 645 1956 Creatorem.
672 1927 727 1955 Nos
745 1934 835 1955 autem
855 1927 900 1961 qui
921 1928 1022 1955 nullam

237 1979 403 2004 creaturam,
416 1973 462 2000 sed
478 1974 596 2006 Patrem_
611 1978 638 2000 et
651 1973 760 2005 Filium,
774 1978 801 1999 et
814 1973 944 2008 Spiritum
964 1981 1024 2000 san-

237 2025 311 2047 etum
327 2019 440 2046 colimus
464 2024 491 2046 et
510 2020 666 2050 adoramus,
689 2019 759 2046 sicut
780 2027 833 2046 non
847 2027 971 2046 erramtts
996 2020 1022 2047 in

237 2065 324 2097 cultu,
345 2066 381 2092 ita
404 2073 454 2092 nec
469 2065 496 2091 in
515 2065 621 2092 actibus
637 2064 746 2099 quidem
769 2068 797 2092 et
815 2065 1025 2092 conversatione

239 2119 396 2146 peccemus;
412 2118 498 2145 neque
515 2111 653 2137 imitemur
665 2118 712 2137 eos
721 2110 766 2144 qui
781 2110 954 2137 contumeliis
968 2109 1024 2137 alli-

239 2158 314 2184 ciunt
334 2165 447 2192 corpora
469 2164 515 2184 sua
547 2157 572 2183 in
597 2157 752 2191 semetipsis
769 2165 776 2183 :
793 2156 839 2183 seti
860 2157 1024 2191 aspicientes

1065 232 1153 259 solum
1167 231 1246 266 digna
1260 230 1416 265 angelorum
1439 229 1607 265 ingressibus
1622 228 1695 260 liam,
1711 237 1816 255 vernam

1064 278 1230 305 habitatione
1246 276 1362 311 Spiritus
1385 276 1481 308 sancti,
1505 279 1532 302 et
1557 275 1696 302 mansione
1711 275 1788 302 Patris
1798 284 1816 301 at

1063 324 1124 351 Filii
1138 323 1185 358 qui
1199 323 1265 351 ᾱὶιλίι
1279 323 1312 350 de
1325 331 1357 350 eo
1369 322 1415 357 qui
1427 322 1454 348 in
1468 321 1603 348 mandatis
1616 320 1672 348 suis
1685 327 1815 354 permanet:

1064 372 1120 406 Ego
1146 375 1170 398 et
1199 369 1281 396 Pater
1309 370 1450 402 veniemus,
1474 373 1498 395 et
1523 369 1684 395 mansionem
1703 368 1766 401 apud
1779 377 1817 394 eun

1064 419 1192 453 faciemus
1208 417 1240 443 °°.

1102 466 1143 493 l9.
1156 465 1298 498 Propterea
1313 462 1423 489 tradidit
1437 461 1496 488 illos
1511 461 1579 488 Deus
1592 460 1618 486 in
1630 460 1760 494 passiones
1770 460 1818 493 igno-

1065 514 1165 541 minite.
1180 512 1252 539 Nam
1265 517 1290 539 et
1304 511 1410 546 femina'
1422 518 1511 537 eorum
1524 510 1726 536 inmtutauerunt
1735 512 1817 532 natura-

1066 561 1115 588 lem
1127 567 1214 591 usum,
1227 559 1254 585 in
1267 566 1324 584 eum
1339 565 1415 583 usum
1425 557 1469 591 qui
1478 555 1515 591 (Si)
1525 559 1601 582 extra
1610 559 1732 580 naturam
1743 551 1817 578 al.55-

1066 608 1163 634 militer
1173 611 1260 633 autent
1271 609 1295 631 et
1308 603 1430 636 masculi,
1444 603 1535 628 relicto
1547 601 1666 628 naturali
1677 607 1723 625 usu
1732 598 1817 633 fani".

1068 653 1173 680 accensi
1195 657 1256 679 sunt
1279 652 1306 677 in
1326 650 1489 677 desiderium
1505 649 1547 675 sui
1563 649 1590 674 in
1607 647 1723 677 inuicem,
1736 644 1819 670 multi

1065 690 1092 717 in
1115 689 1244 716 masculos
1266 688 1458 723 turpitudinem
1483 692 1633 723 operantcs,
1655 692 1679 714 et
1698 687 1820 712 mercatu.

1065 743 1144 769 quam
1159 735 1286 770 oportuit,
1312 735 1409 761 erroris
1434 734 1476 761 sui
1490 734 1518 761 in
1532 733 1675 767 semetipsis
1692 732 1820 765 recipientcs.

1068 780 1100 806 Et
1115 781 1184 807 sicut
1203 789 1254 807 non
1276 780 1449 814 probaverunt
1474 779 1558 806 Deum
1572 778 1666 805 habere
1680 778 1706 804 in
1718 776 1820 803 notitiam.

1067 826 1178 853 tradidit
1198 825 1257 852 illos
1273 826 1343 852 Deus
1361 826 1389 852 in
1409 825 1547 860 reprobum
1570 833 1684 856 sentum,
1708 828 1734 849 ut
1751 822 1823 857 facile

1067 881 1097 899 ea
1110 881 1168 907 qua:
1180 880 1231 899 non
1245 872 1412 903 conveniunt,
1430 870 1541 905 repletos
1554 871 1624 897 omni
1635 869 1770 904 iniquitate.
1782 876 1821 892 na—

1069 918 1139 949 litia,
1155 917 1342 951 fornicatione,
1362 917 1489 952 nequitia,
1504 915 1731 949 anaritia;plcuos
1742 914 1822 940 insidia

1069 964 1229 996 homicidiis,
1241 964 1418 995 contentione,
1436 962 1509 994 dolo,
1523 963 1686 997 malignitate
1702 970 1711 993 ;
1730 968 1823 987 suum“

1070 1016 1150 1042 tores,
1164 1010 1362 1041 obtrectatores,
1379 1009 1433 1036 Deo
1448 1009 1569 1041 odibilcs,
1586 1007 1784 1038 contumeliosos,
1795 1014 1823 1030 n-

1070 1056 1172 1091 perbos,
1185 1055 1278 1087 elatos,
1295 1055 1442 1082 inventores
1458 1054 1603 1085 malorum,
1630 1053 1771 1088 parentibus
1791 1060 1823 1077 ac:

1071 1101 1228 1132 obcdientes,
1248 1101 1410 1136 insipientes,
1425 1100 1694 1134 incompositos;sine
1707 1099 1823 1133 aﬂ’cctiw,

1071 1149 1170 1182 absque
1184 1147 1293 1182 foedere,
1310 1149 1367 1175 sine
1378 1145 1573 1174 Misericordia.
1591 1147 1644 1179 Qui
1657 1155 1714 1173 nun
1723 1146 1823 1180 juiitisu

1073 1194 1121 1222 Dei
1137 1195 1331 1229 cognovissent,
1346 1202 1398 1221 non
1411 1193 1599 1220 intellexerunt
1615 1193 1736 1228 quoniam
1751 1200 1785 1226 qui
1798 1196 1823 1216 tt-

1072 1241 1108 1267 lia
1123 1245 1217 1275 agunt,
1235 1240 1309 1275 digni
1328 1245 1388 1266 sunt
1404 1245 1504 1272 morte;
1522 1247 1574 1266 non
1593 1239 1679 1265 solum
1696 1238 1740 1273 qui
1755 1237 1823 1270 faciunt

1072 1287 1130 1319 illa,
1144 1287 1188 1313 sed
1203 1291 1226 1313 et
1242 1287 1287 1321 qui
1306 1287 1473 1312 consentiunt
1491 1285 1649 1319 facientibus
1661 1285 1695 1312 ".
1718 1283 1823 1316 Propter“

1072 1332 1260 1365 inexcusabilis
1281 1340 1319 1364 es,
1337 1340 1352 1358 υ
1367 1332 1445 1358 homo
1463 1331 1547 1357 omnis
1563 1331 1609 1364 qui
1621 1331 1744 1364 judicas:
1760 1331 1780 1354 in
1791 1335 1823 1362 su

1072 1381 1140 1407 enim
1149 1379 1231 1406 alium
1241 1379 1360 1412 judicas,
1376 1377 1486 1412 teipsum
1498 1377 1668 1403 condemnas.
1683 1375 1771 1402 Eadem
1782 1374 1823 1400 suis

1073 1427 1140 1462 agis,
1155 1434 1214 1459 quae
1223 1426 1332 1460 judicas
1345 1425 1378 1452 ⁸⁸.
1395 1423 1487 1451 Tertio
1506 1423 1659 1450 invenimus
1679 1422 1716 1457 (ὃ)
1730 1422 1759 1448 ab
1778 1421 1823 1454 Atto

1073 1472 1142 1499 stolo
1158 1472 1274 1506 positum
1288 1479 1294 1497 :
1313 1470 1435 1497 Tradidit
1456 1469 1516 1495 illos
1533 1468 1614 1495 Deus.
1636 1467 1671 1494 Et
1690 1468 1773 1502 prima:
1783 1466 1823 1499 qni‘

1074 1517 1134 1544 dem
1150 1517 1307 1544 traditionis
1323 1522 1419 1542 causas
1433 1515 1550 1546 dedit“,
1572 1513 1644 1546 Quia
1658 1522 1715 1540 cum
1726 1518 1823 1546 cagnonu

1072 1568 1129 1589 sent
1147 1562 1241 1594 Deum,
1252 1570 1303 1588 non
1318 1561 1384 1588 sicut
1395 1560 1476 1587 Deum
1489 1560 1735 1594 magni/icaverunt,
1748 1564 1823 1590 animi

1073 1609 1124 1635 tius
1139 1613 1266 1643 egerunt;
1282 1607 1326 1634 sed
1335 1610 1495 1634 evanuerunt
1505 1605 1531 1631 in
1545 1604 1744 1639 cogitationibus
1752 1602 1823 1630 mind

1072 1654 1288 1681 contenebratum
1298 1657 1335 1679 est
1345 1652 1473 1683 insipiens
1483 1659 1529 1677 cor
1542 1658 1645 1678 eorum.
1656 1649 1766 1676 Diccntes
1780 1647 1823 1673 enim

1073 1709 1100 1727 se
1109 1708 1164 1726 esse
1173 1698 1395 1734 sapientes,stulti
1404 1698 1469 1732 facti
1479 1700 1551 1728 sunt,
1559 1702 1584 1723 et
1592 1692 1823 1726 immutat-cth

1075 1747 1142 1772 riam
1165 1745 1376 1779 incorruptibilis
1395 1744 1444 1771 Dei
1464 1744 1492 1770 in
1513 1742 1717 1769 similitudinem
1738 1738 1823 1772 imitain

1077 1791 1257 1825 corruptibilis
1273 1791 1399 1822 hominis,
1412 1793 1436 1816 et
1450 1789 1598 1819 uolucrum,
1618 1792 1643 1814 et
1655 1787 1823 1820 quadrupedanti

1074 1843 1096 1864 et
1112 1837 1282 1872 serpentium.
1299 1835 1454 1869 Propterea,
1472 1835 1572 1869 inquit,
1595 1834 1708 1860 tradidit
1726 1840 1762 1859 eos
1781 1826 1823 1857 Diri

1075 1883 1101 1910 in
1116 1883 1256 1909 desideriis
1273 1882 1361 1909 cordis
1373 1886 1464 1908 eorum
1482 1881 1509 1908 in
1523 1879 1720 1907 immunditiam
1730 1898 1737 1910 ,
1751 1882 1773 1903 st
1787 1883 1823 1902 rem

1075 1929 1190 1955 tumcliis
1203 1929 1318 1963 afﬁciant
1335 1936 1446 1962 corpora
1458 1935 1506 1954 sua
1518 1928 1547 1954 in
1562 1927 1718 1960 semetipsis.
1732 1923 1823 1951 Secum!

1077 1975 1230 2002 traditionis
1249 1982 1361 2002 causam
1385 1974 1493 2000 videtur
1504 1972 1672 2008 pnemittere
1686 1979 1742 1999 cum
1753 1967 1823 1999 dicit’h

1076 2022 1137 2057 quia
1154 2026 1378 2048 commutaverunt
1391 2020 1525 2048 veritatem
1545 2018 1594 2046 Dei
1608 2020 1636 2045 in
1653 2018 1823 2045 mendaciumn

1076 2068 1223 2098 coluerunt,
1244 2073 1268 2094 et
1289 2068 1431 2094 servierunt
1446 2071 1575 2093 creatum
1595 2065 1682 2100 potius
1693 2072 1762 2100 quam
1772 2059 1823 2090 Croti

1077 2114 1138 2141 tori.
1154 2113 1307 2147 Propterea,
1322 2114 1371 2146 ait,
1395 2112 1503 2138 tradidit
1518 2111 1579 2138 illos
1596 2111 1666 2138 Deus
1691 2111 1718 2137 in
1731 2109 1823 2144 passiam

1077 2161 1239 2196 ignominiae.
1264 2160 1331 2193 Qua:
1357 2164 1447 2186 tamen
1471 2157 1591 2185 secunda
1618 2157 1729 2184 traditio
1750 2154 1823 2190 graviiii

239 2203 309 2237 quod
324 2203 389 2229 dicit
412 2202 556 2237 Apostolus
570 2202 614 2228 ‘5:
633 2201 674 2228 An
694 2201 800 2228 nescitis
829 2202 893 2236 quia
911 2210 1022 2236 corpora
1039 2201 1061 2230 ο
1075 2207 1150 2233 ribus
1177 2206 1283 2241 ﬂagitiis
1311 2205 1418 2232 videtur
1443 2204 1570 2230 obnoxia.
1602 2202 1708 2229 Etenim
1735 2198 1823 2236 [einisrl

238 2254 323 2275 ucstra
342 2249 456 2276 mendira
473 2248 571 2275 Christi
594 2249 674 2276 sunt?
690 2251 718 2275 et
740 2248 858 2274 iterum:
879 2247 949 2280 Quia
965 2257 1024 2275 cor-

239 2303 286 2328 pus
298 2299 410 2322 ucstrum
424 2294 548 2328 temptant
562 2299 599 2320 est
613 2293 728 2327 Spiritus
741 2294 826 2320 sancti
838 2301 847 2319 :
862 2299 890 2320 ut
900 2295 1024 2321 membra

239 2340 352 2372 Christi,
363 2345 390 2368 et
404 2341 532 2375 templum
547 2340 664 2375 Spiritus
676 2339 765 2367 sancti
776 2359 783 2372 ,
799 2346 915 2374 corpora
931 2344 1021 2368 nostra

294 2395 433 2426 “ROIILI,
449 2396 546 2423 21—24.
591 2396 613 2412 ⁸⁵
628 2394 637 2421 Ι
651 2395 715 2424 Cor.
726 2403 764 2428 vt,
784 2395 878 2423 15-19.

241 2439 261 2463 I,
272 2430 303 2457 ‘2l
317 2437 376 2466 seq.
414 2432 437 2447 ⁷⁸³
451 2431 517 2458 ibid.
533 2431 567 2458 ‘25
583 2439 640 2466 seq.

278 2489 316 2524 (I)
333 2488 399 2517 Mss.
415 2490 523 2524 quidam
550 2495 576 2516 et
593 2490 729 2522 Rahauus,
743 2495 767 2516 ct
783 2489 928 2516 concedunt
953 2499 1021 2523 eam,

243 2524 280 2551 τινι
310 2524 427 2555 tradunt,
451 2525 486 2550 al.
521 2525 637 2557 trahunt,
669 2530 722 2552 etc.
748 2525 844 2552 Czcleri
871 2532 935 2552 mss.
958 2526 1023 2553 editi

244 2564 316 2586 ret-te
327 2563 355 2584 tit
372 2559 397 2585 in
415 2564 499 2585 textu.

279 2593 317 2628 (-2)
338 2593 374 2619 lla
390 2601 453 2620 mss.
464 2599 490 2620 et
504 2593 641 2622 Rabanus.
659 2594 729 2622 Editi
743 2602 820 2628 vero,
832 2595 902 2622 alius
916 2595 1025 2629 spiritus

242 2629 406 2662 repudiatus.

277 2664 328 2703 (3)”
338 2663 383 2703 Sic
397 2670 463 2690 mss.
476 2663 562 2703 nostri
577 2669 603 2691 et
619 2664 757 2703 Babanus.
774 2666 850 2703 VEditi
864 2672 939 2695 vero.
954 2673 1025 2703 pra:-

242 2698 340 2732 posuit.
354 2698 405 2724 ista
421 2706 480 2724 cum
500 2698 679 2732 indignatione
705 2702 816 2732 recedet,
832 2706 855 2727 et
881 2698 1024 2727 membrum

243 2707 340 2732 posuit.
354 2707 405 2724 ista
421 2707 480 2724 cum
500 2707 554 2725 tnai
576 2707 679 2725 natione
705 2707 816 2732 recedet,
832 2707 855 2727 et
881 2707 1022 2727 mcmarum

243 2732 531 2773 lJ/zristi,_et_temp.’urn
551 2707 768 2773 gpiritus-sancti
782 2736 941 2773 relinquens,
965 2743 1022 2773 eam

243 2769 270 2804 in
289 2768 423 2804 desideriis
441 2768 526 2794 cordi:
541 2771 580 2795 sui
598 2769 738 2803 permittet,
754 2776 794 2804 ut,
811 2768 936 2803 etc’.,nisi
952 2770 1022 2804 qttod

243 2802 365 2836 plerique
383 2804 508 2830 emittant
525 2809 559 2830 et.

280 2837 317 2872 tit)
337 2838 373 2864 Ita
399 2838 519 2879 editiet
545 2847 609 2867 ntss.
630 2838 742 2873 aliquot.
761 2839 810 2866 llis.
834 2847 897 2867 vero
924 2839 1021 2874 lit-gius

916 2398 939 2413 ⁵⁵
952 2397 1030 2427 Joan.
1045 2409 1100 2433 xtv,
1113 2401 1159 2428 ‘25.

1076 2250 1157 2286 4⁷5
1176 2251 1272 2285 inquit,
1292 2250 1596 2276 eorumimmutavcrunt
1618 2247 1756 2274 naturalem
1766 2250 1823 2272 tum

1076 2298 1104 2324 in
1136 2304 1195 2323 eum
1224 2304 1300 2323 usum
1328 2296 1374 2329 qui
1398 2300 1472 2322 extra
1499 2300 1623 2320 naturam
1651 2298 1699 2320 est.
1733 2291 1823 2320 Simili'n‘

1076 2348 1099 2370 ct
1117 2343 1239 2373 masculi,
1257 2342 1346 2368 reliclo
1367 2340 1484 2368 naturali
1496 2348 1544 2366 usu
1559 2339 1676 2374 femincc,
1691 2338 1823 2365 act-emittit1

1199 2400 1219 2415 ⁸⁷
1232 2400 1310 2427 Rom.
1329 2407 1348 2432 ι,
1364 2398 1399 2426 26
1416 2405 1472 2433 seq.
1512 2397 1534 2412 ⁸⁸
1543 2397 1626 2423 Rom.
1640 2404 1670 2427 ιι,
1682 2395 1706 2423 l.
1739 2395 1758 2410 ε’
1770 2394 1823 2420 lion.

1079 2500 1152 2518 nttm.
1169 2492 1238 2519 1659
1258 2496 1284 2519 et
1298 2491 1438 2523 Rabantts,
1452 2490 1588 2517 ueritatem
1606 2489 1653 2515 Dei
1674 2487 1795 2514 mendacio.
1808 2490 1820 2510 (ι

1078 2528 1247 2554 introducens
1263 2527 1296 2552 ad
1314 2534 1341 2552 se
1356 2522 1514 2559 impietatem
1529 2529 1553 2550 et
1567 2524 1742 2558 inﬁdelitatem
1752 2522 1823 2559 (ILtluj

1080 2570 1142 2594 nus,
1158 2560 1349 2596 infelicitatem)
1363 2556 1436 2590 colit,
1449 2556 1658 2596 ete.‘Alter'msA.
1675 2559 1760 2592 Regius
1773 2556 1823 2596 nulla:

1081 2590 1160 2627 16M,
1182 2590 1316 2623 ueritatem
1336 2590 1382 2622 Dei
1395 2596 1422 2621 in
1435 2594 1584 2624 mendacio.
1605 2598 1630 2620 et
1641 2590 1789 2620 introducens
1800 2590 1823 2615 Α

1079 2640 1107 2659 se
1124 2632 1265 2666 impietatis
1281 2632 1389 2658 chorum
1406 2635 1429 2655 et
1445 2629 1621 2666 infelicitatis,
1638 2629 1773 2666 colit,_etc._
1796 2660 1799 2665 λ

1116 2662 1241 2702 (5)Ἐᾱῑιί
1258 2671 1350 2702 etrms.
1369 2672 1438 2693 unus
1458 2665 1502 2690 hic
1513 2669 1540 2690 et
1555 2664 1584 2702 in_
1595 2663 1758 2702 sequentibus
1768 2662 1819 2694 hujni

1080 2698 1223 2729 contextus
1246 2701 1357 2735 Vulgata
1376 2704 1507 2731 utuntur;
1538 2699 1586 2726 sed
1606 2698 1695 2725 ceteri
1708 2706 1751 2725 ins.
1768 2703 1788 2724 ut
1804 2703 1819 2721 ια

1081 2743 1164 2764 textu.

1115 2771 1153 2807 (6)
1172 2772 1209 2799 Ita
1229 2778 1327 2799 omnes
1351 2769 1575 2807 tqss._Ralianns,
1600 2774 1628 2795 et
1652 2769 1728 2797 editio
1740 2766 1818 2796 Veneti.

1080 2804 1177 2834 Czcteri
1194 2814 1257 2834 vero
1269 2806 1347 2839 editi,
1363 2805 1411 2833 Ter
1422 2804 1582 2838 invenimus,
1598 2809 1652 2833 etc.
