1831 3049
6 127 45 154 mn

461 124 639 153 COEIMENT.
661 123 693 150 IN
715 123 823 152 EPIST.
844 123 889 150 AD
909 123 993 152 ROM.
1015 123 1079 152 LIB.
1102 125 1122 152 l.

1565 130 1616 157 870

15 196 21 211 ι
45 184 195 210 dealt/arium
216 184 256 210 mi
276 184 302 211 iu
322 184 442 215 invicem,
462 183 572 210 rttnsruli
596 185 624 210 in
642 183 774 210 ntasculas
791 184 810 212 Α
827 187 880 210 tem
895 182 1021 211 suiliccre
1033 191 1064 211 ea
1078 192 1137 218 qum
1155 184 1189 212 de
1203 184 1359 213 traditionis
1375 186 1466 220 specie
1480 194 1561 222 supra
1576 189 1618 216 di.

9 230 171 264 urpitudiuem
188 236 336 264 operantes,
348 234 372 256 et
390 230 545 262 mercedem,
556 238 634 260 quam
647 230 772 263 oportuit,

6 280 85 306 'rroris
95 279 135 305 sui
152 279 180 305 in
195 278 343 312 semetipsis
359 279 523 312 recipientes.
549 278 651 305 Tertia:
666 285 774 312 quoque

8 325 142 352 raditionis
169 332 267 351 causas
284 325 395 352 videtur
420 325 485 351 dare
509 332 570 352 cum
592 324 658 352 dicit
676 325 697 340 ⁷¹
716 333 723 351 :
739 323 772 351 Et

8 372 54 397 irut
65 379 113 396 non
125 370 298 404 probaverunt
310 370 393 397 Deum
410 370 504 397 habere
519 371 547 397 in
564 370 700 402 notitiam,
718 375 773 398 tra-

6 419 54 444 lidit
71 418 127 444 illos
150 417 219 444 Deus
238 418 266 444 in
283 418 422 452 reprobum
447 425 564 449 sensum,
578 421 606 443 ul
623 417 724 451 faciant
742 425 772 444 ea

6 471 46 489 uta!
61 471 108 489 non
123 463 290 496 corweniunt,
307 463 418 497 repletos
438 463 509 490 omni
524 463 675 498 iniquitate,
693 462 772 490 ntali-

6 508 38 539 iu,
51 508 207 542 cmterisque
223 507 386 540 sceleribus,
402 515 463 543 qua!
487 513 688 543 consequenter
703 516 772 536 enu-

6 557 81 579 nerat.
109 553 206 580 Verrini
239 554 429 581 distinctiones
457 555 517 586 ists
545 563 691 582 causarum
716 563 769 583 non

6 599 51 624 nihi
72 599 194 625 videnlur
208 600 274 626 satis
290 607 440 634 congruere
457 601 490 628 ad
508 608 551 633 ea,
569 608 629 635 qua:
654 601 770 636 singulis

6 645 133 680 ‘uibusque
155 646 276 680 subjecta
304 647 341 682 (7)
372 651 454 680 sunt,
480 647 605 674 crimina.
629 648 770 681 Quomodo

9 691 56 717 uim
73 691 236 725 turpiorihus
259 691 369 728 ﬂagitiis
386 693 503 720 traditur
521 694 543 721 is
568 694 613 729 qui
638 699 769 722 creaturae

7 738 76 769 ervit,
85 739 167 773 magis
176 746 255 772 quam
267 738 362 774 illcqui
372 739 484 774 gloriam
496 739 711 774 incorruptibilis
722 740 768 767 Dei

825 233 868 255 ειη
880 233 954 261 sunt,
968 230 1104 263 quomodo
1118 228 1188 256 Deus
1198 230 1304 258 tradere
1317 231 1417 258 dicitur
1430 239 1487 264 eos,
1500 241 1614 268 quorum

825 279 902 301 actus
920 275 1078 301 etanimum
1102 282 1117 302 a
1138 283 1167 302 se
1183 275 1366 303 declinantem
1387 282 1414 305 et
1433 278 1615 313 indulgentem

826 321 898 347 vitiis
914 321 1082 348 abhorrescit
1106 325 1132 347 ct
1153 321 1267 353 deserit,
1284 326 1312 348 ct
1321 325 1418 350 eadem
1433 330 1556 359 repetere
1571 334 1617 354 su-

826 367 956 401 perﬂuum
972 372 1046 402 puto.
1064 366 1121 394 Duo
1140 372 1203 394 sum
1219 375 1284 395 sane
1300 376 1360 403 quae
1382 369 1408 397 in
1426 371 1478 398 hoc
1497 371 1556 399 loco
1573 373 1615 399 iu-

825 414 909 442 dicari
937 421 1011 446 reor,
1027 421 1144 449 quorum
1158 415 1275 442 alterum
1292 417 1429 451 designari
1450 418 1557 446 videtur
1580 427 1614 447 ex

825 460 922 487 aitero.
950 460 1059 486 Certum
1087 467 1205 494 namque
1229 465 1268 487 est
1284 480 1291 492 ,
1310 463 1380 494 qunti
1406 462 1428 490 si
1449 471 1612 498 quemquam

825 505 969 533 tradiderit
983 505 1039 540 (I0)
1056 505 1128 532 Deus
1140 505 1181 532 vel
1197 506 1223 532 in
1240 507 1375 535 desideria
1399 509 1489 537 cordis
1506 511 1557 542 sui,
1571 509 1613 538 vel

824 552 851 578 in
865 550 1006 586 passiones
1030 551 1195 586 ignominize,
1216 551 1259 578 vel
1275 552 1300 578 in
1327 554 1470 587 reprobum
1486 562 1609 589 sensum,

823 598 953 624 continuo
982 601 1112 631 tanquam
1138 597 1163 623 iu
1193 603 1265 624 terra
1292 599 1410 632 pessima
1426 604 1452 626 et
1476 603 1612 635 reproha,

822 643 912 670 omnis
930 643 975 670 illa
993 643 1019 669 in
1035 650 1068 669 eo
1087 643 1131 677 qui
1150 643 1278 674 traditur,
1296 651 1374 678 seges
1387 645 1533 673 criminum
1557 655 1612 675 sur-

822 694 878 725 gat.
895 689 927 716 Et
950 696 1057 716 rursum
1070 689 1091 716 si
1107 689 1179 724 quis,
1202 697 1262 716 cum
1278 691 1436 725 cognoverit
1450 691 1544 724 Deum,
1560 702 1613 722 non

822 735 890 762 sicut
904 734 987 761 Deum
1002 734 1167 769 magnilicct,
1178 739 1223 761 aut
1237 735 1341 770 gratias
1354 740 1425 770 agat,
1441 737 1487 764 sed
1499 738 1534 765 sit
1552 738 1613 767 talis

6 791 16 810 η
33 783 231 810 similitudinem
250 783 377 818 imaginis
390 785 575 818 corruptibilis
595 785 726 818 hominis,
741 793 756 813 e

841 780 930 807 utilem
957 787 1005 815 per
1018 780 1124 815 singula
1148 780 1316 814 apostolicus
1335 788 1425 808 Sermo
1448 782 1612 818 descripsit,

8 829 131 862 oluerunt,
147 834 173 856 et
187 830 405 864 quadrupedum,
434 835 460 858 et
481 832 650 866 serpentium
676 837 766 859 muta-

8 875 45 900 it?
60 875 109 901 Aut
122 875 259 909 quomodo
271 883 352 910 Supra
368 881 514 910 utrumque
529 877 626 904 horutn
645 877 717 905 velut
729 877 767 913 (8)

8 921 99 947 taurini
126 921 233 948 cuidam
255 922 399 949 traduntur
427 923 557 950 malorum
587 924 614 951 hi
641 925 685 959 qui
714 932 767 951 non

9 966 162 994 robaverunt
180 967 263 994 Deum
279 967 381 995 habere
405 968 430 995 in
448 969 595 997 notitiam?
614 969 691 998 Unde
708 978 768 998 ma-

7 1012 26 1039 is
40 1013 101 1039 mihi
118 1013 247 1042 videntur
260 1023 354 1043 omnes
375 1015 415 1042 ha:
435 1023 535 1048 causte,
556 1024 616 1050 qua:
640 1017 767 1045 traditio-

8 1058 60 1085 ibus
71 1060 186 1094 singulis
201 1061 396 1095 praeferuntur.
416 1062 442 1088 in
461 1070 543 1089 unum
561 1065 765 1096 coacervaudac,

6 1109 13 1130 t
37 1113 125 1133 rursus
137 1107 327 1134 ‘traditiouum
351 1108 456 1143 species
471 1108 496 1135 in
515 1117 610 1142 unum,
634 1115 663 1137 ut
680 1111 765 1145 (verbi

6 1156 72 1184 ausa)
85 1151 119 1177 ita
136 1151 259 1178 dicamus
278 1160 285 1179 :
303 1152 435 1185 Quoniam
448 1154 557 1188 quidem
573 1155 696 1183 homines
708 1164 767 1182 mu-

6 1201 103 1222 tt'et'ttttl
118 1196 232 1231 gloriam
259 1197 475 1232 incorruptibiiis
489 1199 535 1226 Dei
557 1199 583 1226 in
609 1200 766 1228 similitudi-

6 1248 41 1266 cm
57 1241 183 1277 imaginis
207 1242 394 1277 corruptibilis
410 1243 539 1276 hominis,
557 1249 583 1271 et
601 1245 742 1272 volucrum
756 1265 764 1278 ,

7 1292 12 1312 ι
34 1288 247 1323 quadrupedum,
265 1294 291 1316 et
317 1289 484 1323 serpentium
499 1298 506 1322 ;
525 1295 552 1317 et
566 1291 629 1325 quia
644 1299 766 1319 commu-

6 1339 102 1361 nverunt
125 1335 272 1362 veritatem
294 1335 340 1362 Dei
367 1335 392 1362 iu
410 1336 599 1368 mendacium,
617 1342 646 1364 el
671 1338 765 1366 colue—

6 1382 51 1412 aut,
72 1383 97 1404 et
109 1379 262 1405 servierunt
279 1384 413 1406 creatum
427 1380 516 1414 potius
532 1389 612 1416 quam
628 1382 762 1416 Creatori,

6 1429 29 1449 ec
44 1423 225 1456 probaverunt
251 1425 334 1452 Deum
358 1424 461 1453 habere
485 1426 511 1453 in
537 1427 661 1454 notitiam
679 1437 685 1455 :
702 1436 764 1464 pro-

6 1471 37 1494 ter
50 1469 103 1496 haec
113 1470 205 1496 omnia
224 1470 336 1498 tradidit
352 1479 399 1498 cos
415 1471 485 1499 Deus
501 1473 527 1500 in
540 1473 683 1501 desideriis
698 1481 761 1502 cor-
778 1463 798 1492 Ο

6 1513 21 1539 is
31 1521 118 1542 eorum
137 1516 164 1542 in
180 1515 393 1549 immunditiam,
410 1522 439 1545 ut
459 1519 631 1548 contumeliis
642 1520 761 1548 alliciant

6 1567 86 1594 irpora
103 1569 170 1594 sua;
197 1566 222 1588 et
240 1562 353 1589 tradidit
367 1570 414 1590 eos
432 1563 458 1590 in
483 1565 625 1599 passiones
642 1567 760 1601 ignomi-

6 1613 39 1637 ιω,
50 1612 77 1633 ιιι
89 1607 198 1635 femina:
209 1615 302 1634 eorum
315 1607 491 1638 immutarth
502 1611 654 1638 naturalem
670 1620 758 1645 usum,

6 1659 75 1679 leum
90 1654 134 1688 qui
153 1658 232 1681 extra
252 1661 379 1684 naturam
392 1661 447 1684 est.
464 1656 598 1685 Similiter
610 1665 717 1693 quoque
733 1663 760 1686 et

7 1698 81 1725 asculi
95 1700 144 1735 (9),
159 1700 257 1727 relicto
269 1701 386 1735 naturali
406 1710 456 1730 usu
479 1703 598 1736 feminae,
613 1704 761 1731 accenden-

6 1750 21 1768 τ
34 1743 58 1770 in
73 1745 238 1773 desiderium
258 1747 300 1774 sui
326 1747 453 1781 invicem,
475 1749 590 1777 masculi
608 1750 634 1776 iu
653 1757 759 1777 mascu-

6 1796 18 1815 s
40 1791 231 1825 turpitudinem
257 1798 414 1827 operantes.
440 1796 493 1822 Sed
519 1801 543 1823 ct
574 1796 686 1824 tradidit
711 1804 758 1824 eos

6 1842 43 1862 sus
59 1837 83 1864 in
101 1840 249 1873 reprobum
265 1849 385 1875 sensum,
403 1847 433 1870 ut
457 1843 556 1870 faciant
573 1851 604 1871 ea
627 1851 688 1878 qua:
703 1853 756 1872 non

6 1883 142 1917 mvcuiunt,
157 1886 223 1920 quia
239 1892 318 1914 erant
331 1888 426 1922 repleti
442 1888 514 1915 omni
535 1889 688 1923 iniquitate,
700 1897 757 1916 ma-

6 1926 42 1958 .ia,
55 1931 228 1965 nequitiaque
245 1937 271 1959 et
289 1933 414 1966 avaritia,
433 1934 561 1969 plenique
580 1940 659 1962 erant
685 1936 757 1963 int‘i-

7 1980 27 2003 a,
41 1972 205 2009 hemicidiis,
229 1978 417 2011 contentione,
432 1979 505 2012 dolo,
522 1985 550 2007 et
565 1981 682 2014 czctcris,
695 1989 756 2016 qum

10 2017 70 2052 ripta
97 2026 178 2055 sunt,
206 2023 285 2050 malis
309 2032 316 2050 :
339 2025 440 2059 quique
463 2033 524 2051 cum
561 2027 754 2060 cognovissent

6 2064 98 2092 stitiam
118 2065 176 2099 Dei,
193 2075 246 2095 non
266 2068 459 2097 intellexerunt
475 2071 546 2098 hanc
570 2079 640 2104 esse,
661 2078 690 2099 ut
706 2073 753 2108 qui

6 2108 35 2136 lia
50 2117 128 2144 agunt
141 2113 216 2147 digni
232 2114 288 2141 sint
302 2120 398 2148 morte,
416 2123 467 2143 non
483 2116 569 2144 solum
585 2119 631 2151 qui
647 2118 753 2147 iaciunt

6 2162 26 2187 η,
44 2159 89 2183 sed
105 2163 130 2185 et
146 2159 192 2193 qui
210 2161 382 2188 consentiunt
398 2162 572 2191 facientibus.
585 2164 618 2191 Et
633 2165 695 2192 ideo
704 2173 754 2200 pro

6 2203 148 2231 iumnibus
166 2205 244 2232 malis
267 2206 467 2234 inexcusabiles
484 2214 566 2235 erunt
581 2230 588 2242 ,
603 2210 666 2236 dum
685 2211 753 2238 alios

17 2247 55 2275 his
69 2268 76 2280 ,
91 2257 150 2284 qua:
167 2250 217 2284 ipsi
233 2256 337 2285 agunt,
354 2252 502 2280 sceleribus
524 2258 551 2281 et
564 2253 700 2288 iudicant,
725 2259 754 2283 et

6 2292 156 2323 ndemuant.
175 2296 212 2323 De
231 2304 260 2323 se
281 2297 354 2324 enim
373 2299 531 2332 pronuntiat
554 2299 626 2334 quis,
640 2307 701 2327 cum
719 2301 752 2328 de

6 2346 81 2373 iquae
96 2341 154 2375 ipse
169 2342 327 2375 committit,
345 2343 427 2370 alium
443 2343 529 2378 punit.
551 2344 679 2372 Arbitror
696 2352 748 2372 au-

6 2398 23 2414 "
37 2398 114 2426 Rom.
130 2408 149 2432 ι,
165 2400 213 2431 ‘28,
231 2408 288 2435 seq.

15 2445 37 2479 7)
54 2446 189 2481 Subjecta.
213 2447 292 2478 Editi,
310 2447 423 2481 objecta.

13 2481 36 2509 8i
52 2480 135 2510 Velut.
152 2482 233 2514 Ιίιιὶιὶ,
251 2483 299 2509 vel.

6 2511 36 2550 [9)
48 2516 115 2551 Editi
133 2522 160 2543 et
181 2511 244 2543 Inss.
263 2517 397 2551 plerique,
412 2516 537 2544 similiter
553 2522 638 2544 autem
652 2523 675 2545 et
690 2527 747 2545 ma-

6 2552 39 2577 iti.
57 2550 108 2577 Sed
131 2559 155 2578 et
171 2552 285 2578 tradidit
309 2550 367 2578 illas
391 2552 478 2583 Deus,
496 2557 561 2580 etc..
582 2554 689 2580 omissis
705 2554 747 2580 iu-

6 2586 111 2644 }gediis,
129 2594 190 2621 quae
214 2587 397 2614 restituuntur
420 2595 452 2614 ex
481 2594 532 2614 ms.
554 2586 650 2622 Regio,
669 2596 745 2616 num.

6 2633 23 2644 ,ιι
37 2641 40 2644 .

6 2633 40 2646 1U.

6 2655 50 2689 ‘_l0)
67 2655 103 2682 Ita
123 2663 178 2683 ms.
194 2655 291 2689 Regius
307 2664 381 2684 num.
398 2656 476 2683 1659.
489 2656 585 2684 Ceteri
603 2665 664 2684 vero
678 2665 744 2684 mss.

6 2691 66 2727 Stri,
82 2695 109 2717 et
126 2691 212 2727 editio
230 2691 328 2718 Veneta
346 2691 487 2724 'l‘ltcoiihili
502 2691 658 2727 rSalodiani,
673 2693 745 2727 quod

7 2725 106 2761 quidem
128 2725 280 2761 tradiderit,
297 2731 350 2753 etc.
368 2726 420 2752 Alii
443 2726 518 2757 editi,
544 2727 613 2761 quod
632 2727 654 2753 si
669 2725 744 2761 quem

7 2760 110 2795 didcrit,
126 2764 181 2788 etc.
198 2760 280 2788 Paulo
303 2766 363 2794 post
379 2769 430 2787 ms.
450 2761 550 2795 Regius
568 2769 642 2788 num.
662 2762 742 2794 1641,

7 2794 44 2830 uis
64 2795 134 2822 mala
154 2795 182 2821 in
198 2803 273 2822 20....
296 2803 366 2830 seges
386 2794 534 2828 criminum,
551 2801 603 2824 etc.
622 2797 674 2824 Sed
691 2804 743 2824 can-

7 2828 89 2858 itnss.
108 2834 137 2857 et
149 2830 215 2857 editi
230 2835 256 2857 ut
270 2831 296 2857 in
314 2828 394 2857 textu.

821 826 931 852 dubium
959 833 1013 852 non
1036 830 1078 851 est
1103 824 1289 858 hujuscemodi
1309 826 1427 853 animam
1456 827 1612 856 derelictam

820 879 880 900 esse
895 880 909 898 a
926 871 991 900 Deo.
1007 875 1035 897 ct
1048 871 1189 897 traditam.
1204 870 1298 906 Neque
1319 872 1394 898 enim
1418 873 1546 906 possibile
1570 878 1614 903 est

818 925 880 944 cum
895 918 936 945 his
954 918 1031 945 tnalis
1049 918 1236 945 habitaculum
1259 926 1321 945 esse
1335 918 1401 950 Deo,
1416 925 1463 946 aut
1480 920 1537 947 hanc
1550 928 1610 949 ma-

819 963 842 990 la
857 964 919 990 inde
932 965 1079 999 procedere
1096 964 1140 991 ubi
1159 965 1264 991 habitat
1280 964 1360 992 Deus.
1378 966 1479 994 Verum
1501 970 1564 1003 quia
1583 969 1610 996 in

819 1010 861 1037 his
877 1011 963 1037 tribus
980 1010 1121 1037 universas
1134 1011 1285 1045 impietatis
1308 1013 1414 1046 species
1434 1021 1612 1044 enumerasse

819 1056 929 1083 videtur
942 1057 1100 1091 Apostolus,
1121 1057 1162 1083 vel
1176 1065 1270 1087 eorum
1293 1059 1340 1093 qui
1362 1060 1431 1087 idola
1449 1061 1554 1094 colunt,
1569 1063 1610 1091 vel

818 1110 910 1130 eorum
929 1103 974 1136 qui
990 1107 1123 1130 creatura:
1147 1105 1305 1132 deserviunt
1326 1107 1416 1141 potius
1429 1115 1510 1142 quam
1523 1108 1608 1136 Crea-

818 1148 881 1180 tori,
901 1149 947 1175 sed
965 1153 992 1176 et
1005 1156 1099 1176 eorum
1115 1150 1159 1183 qui
1175 1157 1227 1176 non
1254 1151 1441 1184 probaverunt
1457 1152 1540 1180 Deum
1561 1154 1610 1181 ha-

818 1195 881 1222 here
903 1196 930 1221 in
956 1195 1081 1222 notitiam
1100 1203 1107 1222 :
1125 1195 1152 1222 iu
1169 1203 1283 1229 quorum
1302 1197 1390 1231 primo
1408 1198 1485 1225 titulo
1506 1199 1609 1234 promi~

817 1249 881 1268 scue
901 1241 1010 1275 pagani,
1029 1241 1055 1268 in
1081 1241 1135 1268 alio
1157 1241 1295 1276 sapientes
1307 1250 1401 1270 eorum
1413 1249 1439 1271 et
1453 1244 1607 1279 philosophi

817 1288 997 1322 designantur
1017 1296 1023 1314 :
1041 1292 1106 1322 puto
1131 1288 1203 1322 quod
1228 1288 1254 1314 in
1281 1288 1331 1315 hoc
1349 1289 1429 1316 tertio
1454 1290 1608 1318 iudicentur

816 1334 937 1361 lueretici
952 1334 994 1362 vel
1017 1339 1168 1361 creatorem
1186 1333 1271 1360 Deum
1296 1340 1437 1370 negantes,
1459 1336 1499 1363 vel
1516 1337 1608 1364 diver-

817 1388 861 1407 sas
878 1380 1060 1414 lilaspllcmius
1075 1379 1102 1406 in
1125 1379 1270 1408 Excelsum
1295 1381 1447 1415 loquentes.
1476 1382 1560 1417 igitur
1581 1384 1606 1411 si

816 1426 915 1460 singuli
932 1425 989 1460 (ll)
1008 1427 1109 1460 quique
1129 1425 1238 1457 horum,
1251 1433 1319 1460 quos
1341 1434 1424 1461 supra
1446 1427 1565 1456 diximus
1578 1429 1605 1456 in

815 1472 890 1500 cultu
905 1472 1057 1499 divinitatis
1075 1479 1179 1504 errare,
1191 1472 1290 1499 talibus
1304 1472 1436 1500 malorum
1456 1474 1542 1501 titulis
1556 1475 1604 1502 do-

814 1520 969 1554 signanlur,
995 1526 1043 1545 nos
1062 1519 1106 1553 qui
1125 1519 1249 1546 videmur
1266 1519 1292 1545 in
1317 1519 1436 1546 Ecclesia
1455 1527 1517 1547 esse
1536 1521 1604 1556 (l2),

814 1567 842 1591 et
868 1563 948 1590 tidem
979 1567 1080 1590 rectam
1111 1567 1226 1595 tenere,
1251 1563 1456 1590 consideremus
1485 1567 1606 1590 nosmet-

815 1609 898 1644 ipsos,
915 1612 942 1636 et
958 1609 1033 1635 oumi
1052 1609 1301 1643 cireumspectione
1314 1616 1462 1642 pensemus
1486 1617 1518 1636 ne
1536 1609 1605 1636 forte

813 1655 872 1682 solo
886 1656 919 1682 ab
938 1656 980 1682 his
997 1656 1054 1682 veri
1078 1656 1166 1683 cultus
1184 1655 1294 1682 nomine
1308 1656 1426 1690 separati
1439 1675 1447 1688 ,
1467 1656 1550 1684 rebus
1563 1657 1604 1684 eis

814 1706 896 1735 atque
914 1701 1020 1728 actibus
1037 1700 1184 1727 sociemur.
1199 1699 1311 1727 Ccrtum
1329 1706 1371 1727 est
1385 1702 1457 1728 enim
1478 1702 1540 1735 quia
1554 1703 1602 1737 qui

814 1747 1002 1782 (verbieansa)
1017 1746 1136 1780 repletus
1151 1749 1192 1772 est
1205 1746 1359 1780 iniquitate,
1376 1746 1491 1780 malitia,
1507 1748 1604 1782 nequi-

814 1793 862 1825 tia,
889 1793 1017 1824 avaritia,
1044 1800 1097 1818 non
1115 1791 1241 1826 probavit
1257 1792 1312 1826 (15)
1343 1791 1425 1819 Deum
1450 1793 1552 1820 habere
1574 1793 1601 1820 iu

812 1837 948 1870 notitiam,
972 1841 999 1863 et
1024 1842 1066 1863 est
1092 1837 1124 1863 de
1149 1843 1262 1863 numero
1283 1844 1376 1863 eorum
1397 1844 1466 1871 quos
1491 1837 1603 1864 tradidit

811 1883 883 1911 Deus
898 1883 924 1910 iu
951 1883 1097 1917 rcprobum
1124 1889 1246 1909 sensum.
1264 1882 1295 1908 Et
1313 1882 1409 1909 iterum
1426 1889 1542 1917 quorum
1562 1882 1600 1910 le-

811 1930 900 1962 mime,
926 1929 966 1956 rcl
982 1928 1103 1959 masculi,
1125 1928 1218 1955 relicto
1232 1928 1349 1955 naturali
1367 1936 1428 1961 usu,
1447 1929 1601 1955 accendun~

811 1980 854 2002 tur
866 1975 892 2001 in
909 1982 969 2001 eum
981 1982 1058 2001 usuin
1070 1973 1116 2008 qui
1131 1978 1222 2000 contra
1237 1977 1362 2000 naturam
1375 1977 1426 2005 est,
1439 1978 1544 2000 certum
1558 1978 1599 2000 est

809 2021 870 2055 quia
888 2028 921 2047 ex
938 2020 1044 2047 illorum
1060 2027 1173 2047 numero
1185 2024 1248 2046 sunt
1261 2019 1306 2053 qui
1323 2019 1447 2046 serviunt
1463 2024 1597 2046 creatura:

809 2067 899 2102 potius
915 2074 996 2102 quam
1013 2066 1148 2098 Creatori,
1160 2070 1187 2092 et
1203 2072 1270 2099 quos
1289 2065 1398 2092 tradidit
1410 2065 1481 2092 Deus
1496 2065 1522 2091 in
1535 2071 1598 2099 pas-

808 2113 897 2141 siones
911 2113 1074 2147 iguominite.
1095 2111 1149 2139 Sed
1162 2117 1188 2139 et
1206 2112 1227 2139 si
1244 2111 1288 2147 qui
1305 2111 1330 2138 in
1347 2111 1517 2138 immunditia
1531 2117 1598 2138 con-

809 2160 928 2187 tumeliis
947 2158 1066 2186 alliciant
1088 2165 1202 2193 corpora
1227 2165 1294 2190 sua,
1321 2165 1353 2184 ex
1381 2157 1433 2184 illis
1459 2161 1522 2183 sunt
1545 2157 1593 2191 qui

807 2210 1042 2234 commutaverunt
1055 2205 1168 2240 gloriam
1180 2203 1394 2239 incorruptibilis
1415 2203 1460 2230 Dei
1479 2203 1505 2229 in
1521 2202 1597 2230 simi-

807 2253 947 2280 litudinem
972 2252 1099 2287 imaginis
1122 2252 1261 2284 hominis;
1292 2251 1342 2278 uisi
1363 2250 1436 2284 quod
1454 2249 1510 2284 (l4)
1533 2257 1597 2284 gra-

807 2299 882 2326 viore
896 2297 1040 2332 sacrilegio
1058 2297 1081 2324 is
1094 2297 1139 2331 qui
1149 2297 1205 2331 jam
1223 2295 1310 2323 ﬁdelis
1322 2301 1374 2328 est,
1390 2295 1519 2330 templum
1534 2295 1593 2327 Dei,

805 2353 886 2382 quam
909 2345 1039 2381 profanus
1053 2343 1142 2371 adhuc
1160 2343 1289 2379 templum
1315 2343 1485 2371 contaminat
1509 2342 1595 2370 idolo-

836 2448 892 2484 (ΙΙ)
907 2448 977 2476 ΕιΙίιί
989 2452 1018 2484 et
1033 2455 1083 2484 ms.
1099 2455 1182 2484 unus,
1200 2447 1289 2484 igitur
1299 2449 1406 2481 singuli.

837 2482 893 2519 (Ιῖ)
913 2483 993 2519 ΕιΙίιὶ,
1010 2483 1037 2510 iu
1054 2482 1171 2519 Ecclesia
1197 2483 1275 2519 ﬁdem
1291 2489 1396 2519 rectum
1421 2489 1518 2518 tenere,
1534 2490 1589 2516 etc.

836 2518 891 2556 (15)
909 2518 957 2556 Sic
970 2527 1036 2545 mss.
1051 2523 1079 2545 et
1093 2518 1229 2556 “ilblllllls.
1248 2518 1318 2544 lﬂditi
1332 2525 1405 2552 vero,
1421 2519 1582 2556 quia'(verbi

799 2553 889 2586 causa)
902 2553 1059 2586 repletum...
1071 2561 1121 2579 non
1136 2553 1275 2586 probatur,
1287 2558 1342 2580 etc.

838 2589 895 2624 (14)
910 2589 948 2624 ita
961 2596 1012 2624 ins.
1031 2588 1132 2624 Regius
1145 2595 1219 2624 num.
1244 2588 1323 2624 1659.
1340 2588 1471 2616 Similiter
1487 2595 1514 2618 et
1531 2592 1588 2619 ﬂa-

801 2622 899 2660 banus,
917 2623 967 2660 nisi
983 2623 1056 2660 quod
1072 2622 1192 2654 omittat,
1207 2623 1232 2648 in
1249 2623 1447 2660 similitudinem
1460 2625 1588 2660 imaginis

800 2659 927 2695 hominis.
945 2658 1044 2695 Caneri
1075 2665 1139 2684 vero
1158 2665 1222 2695 mss.
1243 2663 1268 2695 et
1282 2659 1365 2695 editi,
1389 2661 1435 2686 sed
1454 2665 1479 2686 et
1503 2658 1525 2687 εἶ
1544 2662 1589 2695 qui

798 2694 967 2720 immunditia
989 2700 1013 2719 et
1036 2691 1201 2720 contumeliis
1225 2693 1340 2727 afﬁciant
1365 2698 1428 2727 (ms.
1444 2702 1513 2722 unus
1536 2691 1588 2723 lie-

797 2729 869 2763 gius,
887 2729 933 2755 sed
949 2733 972 2754 et
987 2728 1080 2763 qui....
1095 2727 1228 2763 afﬁciunt)
1247 2736 1357 2760 corpora
1384 2737 1432 2754 sua
1447 2749 1455 2760 ,
1480 2738 1512 2756 ea:
1532 2731 1588 2758 illis

797 2761 857 2790 Eunt
867 2764 942 2798 (editi
955 2761 1084 2798 omittunt
1096 2761 1169 2797 sunt)
1185 2761 1230 2797 qui
1240 2767 1466 2793 commttlavertml
1473 2764 1586 2798 gloriam

799 2797 1007 2833 incorruptibilis
1025 2798 1089 2829 Dei;
1108 2797 1158 2824 nisi
1175 2798 1246 2832 quia,
1262 2803 1315 2824 etc.

1588 2866 1597 2882 \
