1831 3049
11 103 51 131 ΒΤ]

457 99 636 128 ΟΟΜΜΕΝΤ.
657 98 690 126 ΙΝ
713 98 820 126 EPIST.
843 99 889 127 AD
909 100 991 128 ROM.
1015 101 1078 128 LIB.
1100 100 1132 129 ll.

1564 108 1615 133 κῖί

11 167 56 194 lies
70 163 217 192 acerbitatis
228 167 255 190 et
275 162 449 199 perditlonis,
467 163 524 190 dies
546 162 722 190 tenebrarum
747 166 772 189 et
787 162 810 191 A
827 161 911 196 ipsius
925 161 1046 189 defunCti
1073 167 1155 195 sunt,
1174 162 1206 190 ad
1222 164 1293 192 hunc
1310 164 1435 192 iiltiiitittit
1447 165 1518 194 diem
1545 167 1617 201 judi-

11 212 126 247 :aligiuis,
143 211 197 238 dies
211 210 290 237 nubis
305 215 330 237 et
349 210 466 242 nebulae,
479 210 538 237 dies
554 210 625 237 tuba:
646 214 672 236 et
696 209 772 236 clan-

11 258 67 294 goris
82 265 158 292 super
172 257 297 285 civitates
316 257 447 289 munitas,
465 261 493 285 et
514 263 596 291 super
614 263 706 282 muros
725 263 773 283 ex-

11 302 89 328 :elsos.
106 301 136 328 Et
158 301 272 328 alliciam
294 301 429 333 homines,
452 306 478 328 et
500 301 678 328 ambulabunt
701 302 773 330 sicut

11 347 66 378 laici.
87 346 210 382 quoniam
236 346 350 374 Domino
372 353 574 382 peccaverunt:
593 354 621 375 et
635 348 770 375 ell'undam

13 394 145 427 snguinem
159 400 251 420 eorum
272 393 344 420 sicut
358 393 507 428 pulverem,
520 398 548 422 ct
562 401 659 421 carnes
676 401 770 422 eorum

11 444 23 466 ‘l
33 444 155 466 stercora.
171 438 273 466 Aurum
291 447 399 472 eorum,
411 444 438 467 et
454 446 596 474 argentum
612 447 704 467 eorum
717 449 769 468 non

11 486 89 513 inierit
114 485 230 513 liberare
251 493 298 512 eos
321 485 348 512 in
370 485 414 512 die
440 485 487 513 ira:
513 486 628 513 Domini.
653 486 679 514 lll
709 487 772 521 igne

11 533 163 561 tmulationis
179 533 238 566 ejus
260 538 439 561 consuinetur
464 533 553 561 omnis
576 539 646 562 terra
660 554 668 565 ,
698 541 769 568 quo—

13 579 58 607 iam
76 579 156 615 479
168 580 429 607 consummationem
439 583 466 606 et
481 578 680 607 festinationem
691 579 771 607 faciet

11 634 66 660 itpcr
79 633 171 653 omnes
182 625 228 659 qui
240 625 366 653 habitant
378 630 488 653 lerrattt.
501 635 510 651 ι
520 625 603 654 lsaias
612 633 720 660 quoque
734 625 772 652 si-

11 671 83 699 iilitcr
100 675 234 698 memorat
249 678 256 698 :
276 680 286 696 i
306 671 376 699 Ecce
391 671 464 698 enim
484 671 543 698 dies
559 671 664 699 Domini
681 671 770 698 veniet

11 717 141 744 isauabilis
153 716 255 744 furoris
269 721 297 744 et
311 717 357 744 ira!
371 737 379 749 ,
397 725 499 752 ponere
518 717 611 744 orbem
628 721 707 745 terra:
723 718 770 744 de-

11 769 83 790 :rtutu
98 783 106 795 ,
129 768 156 790 et
172 768 333 798 peccatores
361 765 474 798 perdere
490 771 523 790 ex
541 771 574 790 eo
590 764 611 790 ⁸.
631 773 640 789 ι
661 764 693 790 Ει
710 769 771 799 post

11 817 66 837 inca
83 818 90 837 :
109 819 119 835 ι
135 810 243 838 Caelum
260 811 331 838 enim
349 811 442 837 furore
456 811 634 842 accendetur,
649 816 676 838 et
693 816 766 838 terra
784 830 804 859 Β

14 856 134 883 ovehitur
153 865 168 882 a
185 856 372 883 fundamentis
381 856 449 886 suis.
464 860 576 892 propter
588 856 705 883 furorem
721 857 768 884 ira:

11 902 85 929 nmini
103 902 224 930 Sabaoth
243 921 251 934 ,
280 902 307 929 in
338 902 382 928 die
410 909 463 938 qna
488 902 675 936 supervenerit
693 902 770 929 furor

11 956 38 976 us
51 948 70 974 '.
89 957 98 974 ι
115 948 166 976 His
190 953 232 975 tot
257 952 285 975 et
308 948 405 975 talibus
425 949 458 975 ile
475 948 518 974 die
534 948 581 975 irze
606 948 770 976 testimoniis

11 994 150 1029 ingregatia
162 1014 170 1025 ,
185 998 256 1029 puto
272 995 344 1028 quod
365 994 435 1021 ultra
453 994 527 1021 locus
548 994 591 1024 hic
604 994 771 1027 expositione

11 1047 30 1066 in
47 1044 136 1075 egeat.
154 1040 307 1069 Evidenter
323 1041 395 1068 enim
411 1040 437 1069 in
451 1040 495 1070 his
503 1041 631 1070 omnibus
643 1041 700 1068 dies
712 1041 769 1073 irai,

11 1086 101 1113 ndictic
117 1086 177 1114 dies
194 1091 222 1115 et
241 1086 337 1120 judicii
354 1087 511 1121 designatur
533 1086 602 1121 (42).
618 1087 682 1114 lude
695 1087 771 1114 deui—

11 1138 30 1158 ie
42 1131 75 1160 ad
88 1132 162 1159 diem
182 1132 232 1161 iraa
257 1132 333 1162 addit
359 1132 506 1167 Apostolus
519 1152 526 1164 .
552 1142 561 1161 ‹
578 1136 604 1161 et
623 1133 771 1160 revelatio-

11 1185 30 1205 ε.
47 1187 56 1203 t
83 1178 130 1206 Sic
151 1179 228 1206 enim
249 1178 315 1206 dicit
331 1187 338 1206 :
355 1187 365 1204 ‹
385 1177 413 1205 ΙΙΙ
429 1179 473 1206 die
487 1179 534 1207 irae
550 1183 578 1207 et
596 1178 770 1208 revelationis

11 1222 145 1258 stijudi'cii
158 1223 221 1253 Dei.
245 1233 255 1250 ι
273 1223 428 1253 Revelanda
453 1232 569 1260 namque
585 1232 645 1253 esse
658 1225 748 1252 omnia
761 1245 769 1258 ,

11 1269 56 1296 iam
71 1270 97 1298 iit
118 1270 275 1306 Evangelia
291 1271 460 1306 designatur.
480 1278 540 1299 cunt
557 1271 678 1301 dicitur:
696 1281 705 1297 i
725 1271 771 1299 Ni-

11 1315 13 1339 l
27 1315 163 1343 occultum
179 1317 255 1352 quod
273 1324 327 1345 non
343 1317 554 1350 manifestetur;
570 1325 619 1346 nec
633 1323 770 1352 opertum.

12 1360 44 1387 od
61 1368 114 1389 non
127 1361 272 1390 reveletur
284 1361 305 1389 ⁸.
324 1371 334 1388 ›
351 1361 406 1390 Sed
426 1367 455 1391 et
466 1363 611 1399 Apostolus
626 1363 651 1392 in
673 1371 772 1393 conse-

12 1407 120 1436 eutibus
147 1407 232 1442 hujus
258 1407 390 1442 Epistolas
416 1409 505 1437 dicit:
523 1418 533 1435 ί
554 1408 771 1443 Cogitationihus

11 1455 173 1488 :usantibits,
194 1459 245 1483 aut
260 1451 344 1483 etiam
361 1455 580 1489 defendentihus,
595 1457 621 1486 in
637 1457 692 1490 die,
708 1466 769 1487 cum

11 1499 100 1526 Iicabit
117 1500 192 1528 Deus
206 1500 317 1528 occulta
335 1501 474 1530 hominum
487 1501 508 1528 '.
528 1511 538 1529 ι
558 1501 587 1530 ln
605 1510 661 1537 quo
675 1502 769 1538 utique
783 1498 805 1527 C

11 1545 88 1572 endit
105 1546 217 1573 occulta
230 1546 373 1574 hominum
389 1546 533 1575 revelanda
546 1555 599 1575 non
616 1548 666 1576 nisi
685 1549 710 1576 in
727 1549 771 1577 die

11 1598 22 1615 ει
39 1590 220 1624 judicaturus
238 1596 284 1619 est
310 1592 380 1620 Deus
396 1612 404 1625 ,
430 1592 501 1620 sicut
514 1597 542 1621 et
564 1593 597 1621 ad
613 1593 771 1622 Corinthios

12 1635 120 1663 dentius
135 1637 224 1664 dicit:
247 1646 257 1662 ι
268 1635 359 1665 Nolite
373 1642 563 1671 autctcmpus.
579 1648 588 1664 ι
601 1639 689 1673 inquit
701 1640 768 1674 (45).

11 1680 133 1712 udicare,
151 1689 302 1716 usquequo
319 1682 411 1710 veniat
427 1683 558 1711 Dominus
571 1703 579 1716 ,
593 1684 639 1721 qui
660 1689 687 1711 et
711 1685 770 1715 illu-

13 1726 79 1753 ialtit
95 1727 209 1754 occulta
230 1729 409 1756 tenebrarum
422 1747 430 1763 ,
457 1733 484 1757 et
501 1729 688 1759 ntanifestabit
705 1737 769 1760 con-

11 1773 161 1799 acordinm
181 1773 217 1800 ¹⁰.
243 1782 253 1798 t
272 1771 339 1806 Qum
359 1773 452 1808 utique
476 1774 568 1801 omnia
586 1774 621 1802 de
646 1775 697 1802 hac
721 1782 769 1803 ea-

11 1826 23 1844 ll
39 1818 83 1846 die
100 1818 158 1846 dici
175 1818 386 1853 intelliguntur.
403 1819 430 1847 in
447 1827 500 1854 qua
514 1820 644 1853 tenebrae.
659 1826 687 1849 et
702 1827 768 1849 mo:-

12 1883 20 1895 ,
39 1869 66 1891 ct
91 1864 214 1892 tristitia
234 1864 329 1892 futura
361 1864 498 1898 dicuntur,
530 1871 640 1902 propter
659 1874 707 1895 eos
723 1867 769 1903 qui

11 1908 53 1937 Itis
68 1915 264 1944 peccatorum
280 1910 439 1938 vulneribus
455 1911 575 1940 confossi
596 1912 667 1947 ignis
682 1920 769 1942 reme-

11 1972 12 1979 η
36 1956 221 1990 indigebunt.
241 1955 303 1988 Quo
331 1956 358 1982 in
386 1960 507 1991 tempore
526 1957 631 1984 dicetur
654 1958 687 1985 itd
703 1965 769 1986 sati-

11 2010 18 2029 ς
35 2011 43 2029 ς
65 2012 75 2029 i
93 2003 198 2039 Perge,
213 2002 336 2038 populiis
353 2009 439 2036 incus,
457 2003 526 2031 intra
544 2004 768 2038 iiiprontptuaria

11 2069 14 2079 .
31 2051 135 2078 claude
154 2050 270 2079 ostium
292 2053 378 2082 tuum,
395 2049 533 2078 occultare
552 2050 702 2086 paulisper,
721 2051 770 2080 do-

24 2099 153 2124 lranseat
168 2096 256 2124 furor
273 2095 320 2122 irae
337 2101 403 2122 mete
424 2094 456 2122 “.
479 2105 488 2121 ι
503 2095 530 2122 lii
545 2096 646 2129 quibus
665 2104 769 2125 sermo-

11 2150 35 2169 is
49 2148 168 2177 quanta:
185 2141 299 2169 divitiic
311 2141 439 2168 bonitatis
450 2139 499 2168 Dei
513 2142 696 2176 occiiltentttr,
706 2151 769 2178 pro-

11 2194 13 2201 '
28 2194 76 2214 eos
91 2187 142 2222 qui
159 2186 335 2222 patientiam
352 2186 410 2220 ejus
426 2186 632 2221 bonitatemque
646 2193 767 2215 contem-

11 2238 32 2265 ι,
62 2233 268 2260 manifestare
299 2239 353 2258 non
371 2239 439 2266 opus
458 2236 508 2258 est.
526 2231 685 2266 Requiritur
702 2241 767 2261 sane

11 2278 149 2306 iibitsdam
169 2285 226 2305 cur
242 2276 305 2303 dics
332 2277 387 2309 hic,
402 2277 434 2304 de
449 2284 503 2311 quo
517 2277 641 2311 superius
669 2277 768 2306 biblio-

11 2333 44 2352 as
60 2324 262 2360 propltelicas
278 2323 423 2356 movimus,
438 2323 464 2349 in
478 2322 530 2350 line
544 2323 637 2349 mundi
649 2327 767 2351 statutus

12 2376 41 2399 ut
53 2369 232 2405 omnesqui
261 2369 298 2395 ab
312 2368 391 2396 initio
415 2368 507 2397 satculi
526 2376 611 2401 usque
627 2369 661 2396 ad
687 2369 766 2398 [inciti

13 2442 65 2470 lsa.
89 2450 145 2470 xm
160 2462 170 2474 ,
195 2441 228 2468 9-
285 2439 433 2474 ¹ζίΙήιΙΛῖ».
473 2438 484 2456 ⁸
499 2438 625 2474 Matth.)
640 2460 647 2471 ,
675 2439 720 2466 96.

11 2479 52 2506 ob.
71 2485 126 2511 xu,
140 2473 170 2503 7.
217 2475 243 2491 ⁸³
260 2474 271 2502 |
286 2473 357 2501 Titii.
372 2482 388 2500 v
400 2494 408 2506 ,
429 2474 475 2501 ει.

11 2547 38 2582 Ξ)
59 2548 110 2575 Sic
130 2554 209 2575 mss.
223 2544 401 2582 pleriqu_e_e_l_
416 2543 554 2582 “altanus.
570 2545 728 2582 Editijvero.
741 2550 768 2572 et

11 2578 85 2611 unus
98 2578 319 2618 Regiuslnum.
337 2578 417 2610 1641,
437 2589 446 2604 i
463 2579 521 2606 dies
535 2580 581 2607 irae
593 2585 620 2608 et
630 2580 766 2614 vindictae,

16 2619 122 2651 judicii
141 2617 349 2651 designatur.»

11 2650 37 2688 3)
51 2663 62 2679 ε
75 2653 194 2688 ἰηιιυίιέ
206 2661 217 2678 ι
227 2650 321 2688 Deest
333 2651 359 2677 in
368 2651 493 2688 eilitis,§t
501 2650 654 2688 restituitur
662 2657 768 2688 caligis.

11 2654 26 2681 5
51 2663 62 2679 ε
75 2654 190 2688 lnquit.
206 2661 217 2678 ι
234 2654 321 2678 Deest
334 2654 359 2677 in
368 2654 493 2682 eilitis,et
501 2654 654 2678 restituitur
662 2657 694 2677 ex
703 2658 768 2678 mss.

11 2654 37 2724 ll
57 2689 148 2718 Ediii.
173 2686 321 2715 Rabauus
339 2690 366 2713 et
387 2694 438 2714 iiis.
460 2685 562 2721 Regius
587 2693 663 2712 iiuiii.
687 2684 768 2717 1659,

11 2729 73 2751 tant
90 2733 100 2749 ε
117 2724 166 2750 vel
182 2732 208 2749 ι.

11 2760 36 2795 5)
54 2768 64 2785 ι
85 2759 139 2788 Est
159 2759 266 2795 ..μίξει
285 2763 294 2780 i
315 2755 400 2783 totius
413 2755 505 2795 mundi
520 2776 526 2788 ,
547 2754 710 2795 remittitur
740 2754 766 2781 in

11 2790 35 2828 εξ
52 2800 84 2822 et
104 2795 134 2823 in
154 2791 313 2828 plerisque
330 2797 394 2828 mss.
415 2790 525 2828 nostris.
547 2790 674 2817 Rabanus
698 2790 767 2817 hanc

11 2825 38 2857 in
52 2830 140 2865 ponit
155 2825 230 2864 post
248 2834 259 2850 ι
276 2826 489 2858 apostolicaruin
503 2825 653 2852 litterarum
669 2832 764 2860 opus.»

759 2441 768 2456 '
784 2441 862 2467 Ront.
885 2447 914 2471 ll,
939 2439 980 2471 l5,
1000 2439 1043 2467 16.

514 2474 572 2490 ’⁵⁸η
588 2473 684 2503 Matth.
708 2483 772 2507 xxv.
789 2477 834 2504 ll.

824 208 903 234 caitdi
925 213 1106 236 reserventur.
1123 209 1206 243 Cujus
1223 211 1261 237 rei
1276 210 1420 239 interiores
1442 220 1541 241 causas
1560 222 1618 240 (‘1‘:-

826 258 881 281 tnm
897 259 938 281 est
966 255 1161 282 secretioribus
1187 257 1325 292 mysteriis
1342 259 1459 293 contegi.
1479 267 1488 284 i
1513 259 1614 295 lilysic—
1634 255 1639 277 Γ

825 299 894 326 riunt
913 308 923 324 ι
937 306 1000 327 vero
1018 308 1028 326 ι
1050 301 1121 335 regis
1138 300 1307 328 absconderc
1319 302 1418 329 bonum
1431 307 1473 330 est
1490 303 1522 331 “.
1538 314 1547 329 ι
1563 304 1615 330 Τη-

825 353 886 372 iuen
902 346 1102 380 explanationis
1115 347 1201 382 gratia
1212 347 1346 381 dicemus,
1363 349 1389 375 iit
1403 354 1534 383 quantum
1551 359 1614 386 pns-

823 389 901 416 sibilc
919 396 960 417 est
974 390 1079 425 paginis
1091 391 1172 418 verba
1190 392 1375 420 committere.
1393 393 1468 421 illiilli
1485 400 1548 422 sunt
1567 396 1612 430 qui

822 442 855 462 ex
877 435 927 462 hac
944 436 997 463 vita
1011 437 1143 463 abeuntes
1160 457 1168 468 ,
1187 437 1227 464 vel
1253 438 1386 464 liniioruin
1411 440 1451 466 vel
1481 442 1612 467 llllllOI'Illll

823 484 882 514 post
900 487 930 506 se
940 480 1062 514 quaedam
1081 481 1185 507 semina
1203 481 1380 515 reliquerunt.
1399 491 1432 510 cx
1445 484 1542 517 quibus
1563 486 1608 518 qui

822 530 967 559 supersunt
984 525 1109 553 homines
1125 545 1132 558 ,
1149 529 1309 554 occasiones
1322 527 1362 554 vel
1379 528 1476 556 salutis
1494 530 1533 556 rel
1551 539 1613 565 pcr-

821 571 930 598 ditionis
946 571 1083 605 accipiunt
1099 580 1105 598 :
1134 571 1208 598 verbi
1236 573 1324 606 gratia
1340 573 1453 600 dixerim
1470 595 1475 606 ,
1500 579 1529 601 ιιι
1548 579 1613 603 sunt

822 625 917 644 omnes
934 618 978 651 qui
998 625 1094 652 pravas
1106 622 1196 644 sectas
1211 622 1238 645 et
1250 618 1353 646 alienas
1369 627 1383 646 a
1400 619 1454 647 Deo
1471 620 1541 647 inter
1553 621 1612 656 phi-

822 662 950 696 losopltos
971 662 1170 696 condiderunt;
1200 663 1242 690 vel
1254 664 1300 698 qui
1321 665 1426 699 tnagica
1440 666 1583 701 sacrilegia
1603 687 1612 701 ,

821 713 868 734 aut
883 708 928 742 qui
945 715 1054 736 errores
1075 713 1213 740 astrorum
1228 729 1235 741 ,
1260 713 1288 737 et
1324 710 1433 738 decreta
1452 711 1612 747 tinxerunt;

822 755 862 782 vel
879 755 935 791 (44)
953 760 1030 783 certe
1052 755 1099 790 qui
1126 755 1197 790 apud
1214 763 1263 783 nos
1279 761 1405 785 auctores
1422 757 1612 786 lucretiromnt

822 807 848 828 et
867 809 1011 835 pravorum
1024 802 1178 836 dogiuatutu
1191 801 1267 829 libris
1293 802 1373 830 editis
1387 804 1517 831 exstitere
1536 814 1542 838 ;
1570 805 1612 832 vel

820 847 903 874 etiam
919 847 964 881 qui
989 847 1139 874 schismata
1160 847 1187 875 in
1203 847 1334 876 Ecclesiis
1347 868 1355 881 ,
1380 853 1407 876 et
1424 851 1555 878 scandala
1580 859 1613 878 ac

821 893 1008 924 dissmtsiones
1022 894 1126 928 operati
1142 899 1217 922 sunt.
1232 894 1252 921 E
1272 895 1410 924 contrario
1427 905 1491 924 vero
1505 903 1613 932 aposio-

821 939 935 967 licarunt
949 939 1101 966 litterarum
1120 947 1187 975 opus
1199 961 1206 974 ,
1224 940 1415 976 profectusque
1427 949 1473 977 per
1486 943 1536 970 has
1551 943 1614 970 uni-

822 991 907 1012 ret-sae
926 984 1065 1018 Ecclesiae,
1080 989 1108 1012 et
1122 986 1306 1013 conversiond
1321 986 1416 1018 Deum,
1429 991 1509 1021 atque
1519 995 1614 1016 emen-

821 1029 894 1057 datio
912 1030 995 1057 totius
1020 1030 1111 1058 ntundi
1128 1035 1171 1057 est
1188 1030 1256 1065 (45).
1270 1030 1390 1064 Quorum
1404 1032 1527 1059 omnium
1544 1040 1613 1061 cau-

821 1082 858 1104 sae
874 1083 928 1104 non
948 1075 1000 1105 nisi
1012 1083 1074 1104 cum
1090 1075 1176 1110 ipsius
1192 1076 1285 1105 mundi
1304 1076 1357 1104 line
1370 1077 1535 1106 claudentur
1549 1087 1556 1106 ε
1584 1083 1613 1107 et

822 1121 885 1151 ideo
897 1130 950 1150 non
969 1128 1040 1152 esset
1057 1122 1161 1157 justum
1183 1122 1316 1157 judicium
1333 1123 1392 1157 Dei,
1413 1123 1500 1152 donec
1520 1125 1554 1153 de
1571 1125 1613 1153 his

821 1168 937 1203 singulis
950 1168 990 1197 vel
1005 1169 1156 1203 profectus.
1168 1169 1211 1195 vel
1228 1169 1424 1204 impedimenta
1449 1171 1611 1204 penderent.

822 1213 899 1247 Quod
908 1219 936 1243 et
949 1215 1098 1250 Apostolus
1112 1215 1269 1251 significare
1281 1216 1400 1249 videtur,
1414 1225 1476 1245 cum
1492 1219 1558 1246 dicit
1572 1218 1609 1238 ¹³ε

824 1270 834 1290 i
851 1262 1035 1295 Quorumdam
1051 1262 1192 1290 hominum
1211 1267 1322 1298 peccata
1352 1263 1497 1291 manifesta
1523 1268 1586 1291 sunt
1603 1284 1611 1295 .

821 1306 1002 1341 praecedentia
1021 1307 1055 1335 ad
1081 1307 1237 1341 judicium;
1268 1309 1447 1343 quorumdam
1474 1314 1567 1337 autent
1582 1314 1610 1337 et

822 1353 1034 1388 subsequuntur.
1061 1363 1071 1380 ι
1096 1352 1157 1382 lam
1176 1360 1240 1382 vero
1261 1354 1285 1381 si
1309 1355 1392 1382 etiam
1408 1359 1485 1383 extra
1511 1363 1612 1391 corpus

821 1399 901 1433 positi
919 1399 960 1426 vel
973 1399 1073 1433 sancti,
1086 1401 1132 1435 qui
1149 1408 1210 1428 cum
1225 1400 1337 1429 Christo
1356 1407 1430 1434 sunt,
1451 1407 1536 1437 agunt
1560 1402 1612 1429 ali-

822 1446 898 1480 quid,
914 1451 940 1473 et
955 1446 1080 1474 laborant
1096 1455 1145 1482 pro
1161 1448 1242 1476 nobis
1259 1448 1292 1475 ad
1305 1447 1514 1476 similitudinem
1529 1456 1613 1483 ange-

822 1492 921 1525 lorum,
938 1493 984 1527 qui
1011 1493 1111 1521 salutis
1145 1498 1245 1521 nostra:
1272 1494 1423 1522 ministeria
1440 1500 1611 1529 procurant:

821 1538 864 1567 vel
881 1547 987 1568 rursum
1004 1545 1161 1573 peccatores
1175 1540 1256 1567 etiam
1280 1540 1329 1575 ipsi
1354 1544 1431 1568 extra
1449 1548 1547 1576 corpus
1562 1549 1612 1576 po-

821 1584 864 1613 siti
876 1587 959 1619 agunt
974 1584 1074 1619 aliquid
1084 1586 1233 1613 secundum
1243 1586 1412 1620 propositum
1427 1586 1528 1614 mentis
1542 1594 1612 1620 Siue,

822 1630 855 1657 ad
871 1630 1028 1664 angelorum
1056 1630 1232 1658 nihilominus
1260 1631 1465 1659 similitudinem
1484 1632 1611 1660 sinistro-

824 1683 894 1707 ritiii,
910 1682 972 1702 cum
985 1674 1084 1708 quibus
1099 1681 1126 1702 et
1140 1676 1166 1704 in
1182 1681 1317 1704 aeternum
1333 1677 1422 1711 ignem
1436 1678 1558 1705 mittendi
1571 1679 1606 1705 di-

821 1725 920 1749 eiiutnr
933 1728 948 1747 a
959 1720 1069 1749 Christo
1088 1721 1158 1755 “’¹⁸,
1176 1721 1312 1750 habeatur
1326 1726 1353 1749 et
1365 1722 1416 1750 hoc
1431 1731 1538 1758 quoque
1550 1724 1608 1759 (46)

821 1768 893 1794 iutcr
909 1767 1016 1795 occulta
1039 1767 1097 1800 Dei,
1116 1775 1165 1795 nec
1189 1768 1321 1795 chartula:
1339 1770 1533 1799 coutittittenda
1550 1778 1611 1806 my~

821 1814 915 1841 steria.
938 1813 1080 1841 Sutllciant
1107 1813 1156 1841 ista
1173 1814 1206 1841 de
1226 1814 1269 1841 die
1296 1813 1343 1841 ira:
1365 1819 1393 1843 et
1422 1815 1610 1843 revelatioitis.

820 1859 898 1888 Nunc
914 1860 1086 1894 requiramus
1102 1859 1135 1887 de
1151 1858 1226 1893 justo
1237 1859 1343 1893 judicio
1358 1859 1417 1894 Dei,
1442 1861 1468 1888 in
1482 1868 1536 1896 quo
1550 1861 1607 1889 red-

821 1906 866 1934 det
879 1905 1025 1939 unicuique
1038 1906 1186 1934 secundum
1203 1913 1285 1942 opera
1308 1913 1368 1935 sua.
1395 1907 1429 1934 Et
1443 1907 1532 1942 pritno
1551 1907 1611 1942 qui-

820 1952 882 1978 dem
909 1951 1092 1979 excludantur
1108 1951 1228 1979 hatretici
1244 1971 1252 1984 ,
1273 1952 1319 1986 qui
1345 1953 1438 1980 dicunt
1455 1953 1542 1980 bonas
1565 1953 1609 1980 vel

821 1997 906 2025 maliis
920 1997 1073 2024 animarum
1091 2003 1223 2031 naturas;
1240 2002 1267 2024 et
1285 1998 1397 2026 audiant
1414 2001 1477 2034 qitia
1493 2007 1545 2027 non
1559 2008 1610 2035 pro

821 2048 915 2070 natura
931 2043 1078 2079 unicuique
1106 2043 1187 2076 Deus,
1202 2044 1248 2070 sed
1261 2051 1312 2078 pro
1330 2045 1458 2079 operibus
1472 2046 1531 2072 suis
1546 2047 1605 2073 red-

821 2091 876 2117 tlut.
897 2089 1022 2117 Secundo
1041 2090 1066 2116 iii
1084 2089 1142 2116 loco
1157 2090 1328 2118 aedificentur
1345 2090 1451 2122 fideles,
1467 2099 1499 2118 ne
1514 2097 1609 2125 putent

822 2135 873 2162 sibi
893 2135 943 2162 hoc
957 2135 1045 2162 solum
1062 2134 1185 2163 suiliccre
1207 2143 1287 2170 posse
1312 2136 1383 2170 quod
1410 2138 1543 2171 credunt;
1562 2139 1609 2165 sed

785 2169 807 2196 θ
821 2181 910 2208 sciant
921 2180 1023 2214 justum
1050 2180 1182 2214 judiciutn
1198 2182 1243 2209 Dei
1272 2182 1386 2209 reddare
1402 2183 1548 2217 unicuique
1563 2192 1608 2210 sc-

821 2228 940 2254 ciiitduiti
957 2235 1038 2261 opera
1051 2235 1111 2254 sua.
1131 2229 1202 2255 Sane
1220 2228 1349 2262 quoniam
1361 2228 1427 2255 dicit
1439 2229 1466 2255 in
1482 2230 1532 2256 hoc
1547 2237 1610 2257 esse

818 2274 920 2309 justum
932 2274 1063 2308 judicium
1077 2275 1135 2307 Dei,
1151 2279 1180 2302 ut
1192 2275 1338 2309 unicuique
1355 2275 1449 2302 reddat
1460 2276 1608 2302 secundum

819 2329 901 2356 opera
916 2328 964 2347 sua
980 2320 1048 2356 (47),
1061 2322 1224 2349 videbuntur
1239 2330 1409 2357 nequaquam
1422 2330 1472 2357 pro
1487 2323 1538 2349 hoc
1549 2331 1609 2349 ser-

821 2376 899 2395 mone
914 2367 1020 2409 excludi
1042 2375 1120 2402 posse
1133 2368 1249 2402 gentiles
1261 2389 1269 2402 ,
1293 2368 1315 2396 si
1346 2368 1416 2396 forte
1429 2374 1453 2396 et
1476 2369 1526 2403 ipsi
1544 2369 1607 2396 boni

1083 2439 1104 2454 "
1117 2438 1126 2466 l
1138 2439 1200 2469 Cor.
1215 2447 1251 2472 iv,
1261 2439 1287 2466 5.
1363 2440 1382 2455 "
1396 2439 1449 2467 lsa.
1463 2447 1537 2472 uri,
1561 2440 1606 2468 20.

820 2545 869 2573 Ms.
888 2545 987 2580 Regius
1005 2553 1079 2572 num.
1096 2544 1177 2576 1659,
1192 2553 1202 2570 i
1226 2543 1309 2572 totius
1327 2545 1418 2573 mundi
1447 2544 1605 2573 manifesta-

820 2581 913 2608 bitur:
932 2588 1057 2614 quorum,
1077 2589 1086 2606 ι
1101 2585 1154 2607 etc.

855 2614 912 2649 (46)
928 2615 976 2645 Με-
995 2622 1083 2647 unus,
1103 2623 1112 2640 ε
1139 2615 1292 2651 habeantur
1320 2620 1348 2642 et
1372 2615 1429 2643 haec
1443 2622 1551 2651 quoque
1564 2635 1571 2647 .
1589 2624 1600 2642 ι

820 2655 872 2677 etc.
890 2650 942 2678 Sed
956 2651 1046 2677 cmteri
1062 2657 1139 2682 mss,
1155 2650 1282 2678 Rabanus
1294 2655 1322 2678 et
1334 2651 1401 2678 editi
1417 2651 1483 2678 utin
1496 2650 1579 2678 textu.

857 2685 912 2721 (φτ)
929 2684 1028 2721 [sane
1042 2685 1169 2721 quoniam
1184 2685 1249 2713 dicit
1265 2685 1291 2713 in
1310 2686 1360 2713 hoc
1376 2693 1436 2713 esse
1447 2686 1602 2720 justumjn-

821 2719 921 2748 dicinm
944 2719 1001 2751 Dei,
1023 2724 1052 2746 ut
1076 2720 1223 2754 unicuique
1242 2721 1335 2748 reddat
1357 2719 1503 2748 secundum
1521 2719 1602 2754 opina

821 2763 880 2782 sua.
896 2764 905 2780 t
922 2754 984 2782 llaec
1001 2754 1190 2782 desiderantur
1205 2756 1231 2782 iu
1244 2756 1321 2783 libris
1338 2760 1416 2782 antea
1431 2756 1521 2785 editis.
1537 2756 1601 2780 etin

821 2797 872 2816 ius.
889 2790 972 2824 liegio
990 2798 1063 2816 nunt.
1086 2790 1165 2820 1659.
1181 2798 1284 2817 necnon
1299 2791 1368 2824 apud
1386 2790 1541 2821 Rabanum;
1556 2791 1602 2816 sui

820 2825 1001 2853 restituuntur
1019 2833 1051 2852 ex
1067 2826 1173 2852 ctctcris
1189 2833 1253 2853 mss.
