1831 3049
240 113 292 140 879

240 170 342 206 aliquid
361 175 518 205 operentur,
540 176 568 198 et
589 171 758 200 emendatius
775 175 866 207 agant.
880 172 933 199 Sed
948 178 975 200 et
989 172 1021 199 il.

240 217 285 244 lud
298 217 369 252 quod
386 217 411 243 in
430 217 571 244 Ezechiele
585 218 713 253 scriptum
730 223 771 246 est
782 238 790 250 ,
804 218 867 246 huic
881 218 1024 246 sententize

239 262 346 289 videtur
360 262 510 289 adversari.
528 263 597 290 Dicit
613 264 683 291 enim
701 273 707 291 :
727 273 735 290 ι
755 264 822 291 Cum
838 258 971 292 averterit
994 273 1025 293 se

237 307 327 343 justus
342 316 356 334 a
372 307 478 342 jnstitia
495 316 556 340 sua,
573 314 596 336 et
616 309 712 336 fecerit
736 310 907 344 iniquitatem
927 319 1025 338 sectili-

240 360 302 384 dum
318 365 414 385 omnes
435 358 594 392 iniquitates
608 366 678 393 quas
693 359 757 386 fecit
782 359 903 394 iniquus,
930 367 1025 386 omnes

235 403 348 437 jnstitia:
365 403 424 438 ejus
448 411 515 438 quas
530 403 595 431 fecit
623 412 675 432 non
688 405 973 432 commemorabuntur
998 405 1023 432 in

238 450 312 483 lapsu
331 449 389 482 ejus
405 457 458 483 quo
474 450 566 483 lapsus
580 455 640 482 est;
658 450 705 477 sed
721 451 746 476 in
761 452 880 485 peccatis
897 450 953 487 (48)
969 451 1024 478 suis

237 502 297 528 qua:
313 503 368 529 pect
379 496 443 527 avit,
463 495 488 522 in
504 496 571 530 ipsis
591 496 721 523 morietur
737 497 768 522 ⁸³.
780 495 898 522 iEtenim
909 497 930 524 si
957 497 1023 524 nihil

237 548 268 567 ex
283 541 387 576 justitia
401 541 477 575 justi,
494 548 555 567 cum
580 541 668 575 lapsus
687 541 767 569 fuerit
781 563 788 574 .
807 544 1002 570 memorabitur
1014 565 1021 575 .

236 585 372 619 quomodo
395 586 540 620 unicuique
560 587 655 614 reddet
680 588 751 615 Deus
774 590 924 616 secundum
939 597 1022 624 opera

236 631 306 658 sua?
322 631 374 658 Sed
389 631 528 658 videamus
548 639 580 659 ne
594 631 663 660 forte
678 633 876 661 absolutionem
894 635 934 661 sui
952 635 977 662 in
992 643 1022 662 se

237 676 295 710 ipse
310 683 399 703 sei-mo
415 676 522 704 divinus
536 677 655 705 inveniat
670 699 678 710 ,
706 679 728 706 si
754 680 929 707 observemus
954 687 1023 715 quo-

237 727 317 754 modo
329 727 459 762 scriptum
483 733 523 755 est
542 729 613 763 quod
626 728 709 765 480
725 730 791 758 dicit
806 740 812 757 :
833 740 842 756 ι
861 730 926 758 Cum
944 738 1023 758 aver-

235 781 283 801 Sus
297 773 377 802 fuerit
393 773 482 807 justus
495 781 509 800 a
521 774 627 809 jttstitia
647 782 707 808 sua,
728 784 737 801 ι
762 780 789 803 et
804 783 856 802 non
884 775 1024 804 sutl'ecerit

234 826 297 846 etnn
309 819 416 846 dicere:
428 828 438 844 ι
450 819 518 846 Cum
529 827 641 847 aversus
648 819 861 855 fueritajustitia
874 828 922 847 sua
936 821 1019 857 (49);»

235 864 449 896 sed-addiderit
465 878 472 896 :
495 878 504 895 ι
521 869 553 896 Et
569 869 666 896 fecerit
686 869 854 904 iniquitatem
874 871 1023 898 secundum

234 922 331 942 omnes
344 914 503 949 iniquitates
514 923 583 950 quas
607 915 671 943 fecit
688 917 806 951 iniquus.
825 926 834 943 ι
863 916 891 944 In
914 924 968 952 quo
983 917 1022 944 vi-

234 960 316 987 detur
329 959 446 988 latenter
458 960 610 993 huiusmodi
625 962 774 990 inseruisse
791 962 956 990 intellectum
967 983 974 996 ,
994 968 1024 991 ut

235 1006 257 1033 si
270 1005 341 1033 forte
358 1013 410 1033 non
425 1006 574 1034 secundum
592 1014 686 1035 omnes
701 1007 857 1042 iniquitates
875 1016 943 1044 quas
957 1009 1023 1037 fecit

235 1051 355 1086 iniquus,
371 1050 466 1078 fecerit
478 1051 578 1086 justus,
597 1060 650 1080 non
663 1059 758 1081 omnes
770 1053 882 1088 justitia:
906 1055 965 1090 ejus
980 1055 1015 1083 de

235 1102 365 1129 memoria
386 1101 544 1129 auferantur
558 1111 565 1136 ;
582 1103 604 1130 si
619 1110 685 1130 vero
700 1111 796 1132 omnes
811 1104 968 1139 iniquitates
985 1106 1023 1133 fe-

233 1149 383 1183 t'eritquas
396 1148 506 1182 iniquus
526 1148 582 1183 agit
610 1148 667 1184 (50)
681 1169 689 1181 ,
716 1155 780 1178 tunc
797 1151 905 1178 demum
926 1159 1022 1179 omnes

231 1194 346 1228 justitize
373 1194 399 1221 in
425 1194 501 1229 lapsu
523 1194 583 1229 ejus
600 1196 633 1222 de
656 1197 790 1223 memoria
809 1197 1020 1225 subtrahuntur.

237 1240 299 1267 llaec
311 1241 436 1275 quamvis
462 1240 639 1268 occultaverit
667 1241 694 1268 in
723 1241 875 1276 Scripturis
902 1243 1022 1278 Spiritus

233 1291 345 1313 sanctus
358 1291 467 1321 propter
485 1287 534 1315 hos
545 1286 594 1321 qui
606 1287 716 1315 divitias
727 1288 856 1317 bonitatis
872 1294 898 1317 et
917 1290 1021 1325 patien-

235 1333 279 1359 tim
302 1333 360 1367 ejus
376 1337 563 1364 contemnunt,
580 1341 632 1361 non
660 1339 750 1362 tamen
766 1335 875 1370 penitus
890 1335 1020 1363 abstulit:

233 1377 295 1411 quia
312 1382 340 1404 et
368 1377 514 1406 thesaurus
534 1378 561 1406 in
585 1386 652 1414 agro
676 1380 851 1408 absconditus
882 1389 934 1408 non
959 1381 1022 1416 qui-

234 1424 296 1450 dem
313 1424 347 1450 ab
362 1424 488 1451 omnibus
507 1424 656 1457 invenitur,
673 1433 708 1453 ne
732 1426 812 1453 facile
835 1427 980 1461 diripiatttr
995 1432 1022 1454 ct

233 1473 327 1502 pereat
342 1477 348 1495 :
365 1469 502 1496 invenitur
519 1475 610 1498 tamen
626 1478 640 1497 a
653 1471 843 1506 prudentibus,
857 1473 902 1507 qui
918 1474 1022 1507 possint

235 1516 284 1546 ire,
302 1520 329 1541 et
345 1515 463 1542 vendere
478 1516 568 1543 omnia
586 1524 645 1551 qua:
660 1517 771 1549 habent,
789 1522 815 1545 et
824 1525 914 1545 emere
926 1526 1020 1553 agrum

234 1566 348 1593 illum“.
360 1565 391 1593 Et
402 1566 458 1594 haac
465 1574 532 1601 ergo
540 1567 663 1601 quamvis
675 1567 832 1595 abscOndita
846 1569 932 1596 sintin
946 1569 1020 1597 Scri—

233 1611 330 1644 ptnris,
352 1611 423 1639 sicut
439 1613 569 1646 scriptum
585 1614 659 1640 est“
676 1622 682 1639 :
707 1622 716 1639 ι
735 1612 824 1646 Quam
842 1622 938 1648 magna
952 1614 1020 1642 titul-

234 1658 321 1685 titudo
336 1658 485 1686 dulcedinis
503 1664 555 1685 tua:
569 1679 576 1691 ,
605 1653 733 1693 Domine,
753 1667 835 1695 quam
854 1660 1019 1687 abscondisti

233 1705 390 1731 timentibus
405 1709 430 1732 te
445 1705 452 1732 ι
472 1714 481 1730 ι
496 1709 584 1732 tamen
600 1705 774 1733 inveniuntur
786 1706 820 1733 ab
837 1706 888 1738 bis,
905 1706 950 1741 qui
966 1715 1019 1734 non

194 1781 205 1788 ο
232 1753 445 1788 solumjustum,
471 1755 517 1782 sed
536 1755 617 1782 etiam
638 1755 735 1782 bonum
759 1763 819 1782 esse
845 1756 928 1783 Deum
955 1755 1020 1790 legis

231 1805 258 1826 ct
277 1802 481 1835 propltetarum,
495 1810 527 1829 ex
545 1802 587 1829 his
604 1802 660 1838 (51)
684 1810 744 1836 quae
763 1803 790 1829 in
816 1802 1019 1836 Scripturarum

233 1850 361 1885 mysterio
376 1853 437 1877 sunt
455 1848 589 1876 occultata
602 1869 609 1881 ,
625 1848 784 1875 defendunt.
802 1848 838 1874 Ex
858 1848 957 1882 quibus
975 1855 1021 1874 ne-

231 1896 346 1923 cessitas
355 1896 445 1930 exegit
457 1902 540 1930 pauca
548 1895 702 1930 patefacere
710 1895 797 1929 gratia
807 1893 864 1930 (52)
871 1895 1020 1928 exponendi

232 1942 408 1976 apostolicum
423 1949 588 1973 sermonetnl
601 1948 654 1975 quo
669 1941 707 1968 ait
723 1949 729 1967 :
749 1950 758 1966 ι
772 1939 840 1967 Justi
851 1940 945 1975 judicii
961 1940 1018 1974 Dei,

232 1989 278 2023 qui
300 1988 396 2015 reddet
412 1987 558 2021 unicuique
577 1988 725 2014 secundum
739 1994 820 2021 opera
839 1994 898 2014 sua.
922 1997 932 2012 ι

267 2046 293 2073 5.
310 2055 318 2071 ι
339 2045 384 2072 liis
399 2045 506 2079 quidem
531 2044 575 2078 qui
603 2043 751 2071 secundum
774 2042 931 2078 patientiam
956 2044 1018 2070 boni

231 2092 331 2127 operis,
349 2091 462 2126 gloriam
476 2111 484 2124 ,
514 2094 542 2116 et
565 2090 717 2121 honorem,
736 2093 762 2116 et
788 2089 1019 2123 incorruptionem

231 2149 366 2178 ancrunt,
384 2142 466 2169 vitam
481 2145 610 2168 aeternam
627 2149 634 2167 :
652 2141 694 2168 his
715 2146 804 2167 autem
833 2141 878 2175 qui
894 2148 926 2168 ex
955 2147 1018 2167 con-

269 2205 290 2221 "
306 2204 402 2231 Ezech.
414 2201 543 2233 xvmﬂi.
582 2200 705 2228 "Matth.
722 2208 780 2231 xui,
799 2200 841 2227 44.
863 2201 884 2216 ἰ
898 2199 970 2227 Psal.
984 2199 1096 2231 xxx.20.
1121 2200 1143 2215 “
1159 2199 1236 2226 Ront.
1252 2208 1282 2231 Il,
1293 2199 1309 2225 7
1335 2208 1391 2234 seq.

232 2242 256 2256 "
268 2239 367 2275 Ephes.
383 2245 419 2270 ιι,
435 2238 477 2264 19..
516 2237 538 2251 ’⁵
551 2237 614 2263 Luc.
634 2244 689 2268 xxi,
703 2235 743 2262 l9.
783 2236 803 2251 "
821 2235 918 2262 Matth.
937 2242 1010 2266 xxvi.

269 2307 325 2341 (48)
341 2306 391 2333 Ms.
409 2305 508 2340 Regius
525 2313 598 2341 nunt.
617 2304 684 2330 l6l0
696 2314 729 2341 ,γε
751 2311 802 2330 non
822 2311 1019 2341 commemora-

233 2339 334 2369 hnntu'r
350 2351 357 2374 ;
373 2342 420 2368 sed
431 2341 457 2367 in
478 2340 551 2374 lapsu
559 2339 620 2374 ejus
633 2347 686 2373 quo
704 2340 795 2373 lapsus
810 2345 861 2371 ost,
876 2344 903 2366 et
920 2339 944 2366 in
958 2347 1020 2372 pec-

233 2379 321 2409 catis,
344 2387 353 2402 ι
379 2381 433 2402 etc.
452 2375 489 2402 Ita
513 2375 596 2401 etiam
621 2374 707 2409 editi,
725 2374 775 2409 nisi
797 2374 868 2408 quod
892 2375 1020 2401 omittunt

237 2422 245 2436 ι
267 2412 324 2438 sed.
347 2421 357 2437 ι
371 2411 467 2437 Caeteri
483 2417 546 2436 vero
562 2416 628 2435 mss.
641 2413 668 2435 et
685 2408 815 2444 Rabanus
831 2411 932 2436 rectius
947 2416 975 2435 ut
992 2409 1018 2435 in

235 2452 320 2479 textu,
337 2446 407 2479 quod
422 2445 560 2479 sequentia
576 2448 736 2479 monstrant.
755 2443 856 2471 Deinde
875 2452 941 2479 mss.
960 2444 1018 2478 ple-

236 2482 329 2516 rique;
349 2478 478 2507 Rabanu’s
493 2484 526 2516 et
540 2478 616 2516 editi,
636 2487 645 2503 ι
661 2478 842 2516 >DicenI_enin_i
858 2486 865 2505 :
879 2478 906 2505 Si
922 2478 1016 2516 nihil,»

234 2513 286 2542 ι-ιιῖ.
303 2515 356 2543 Sed
371 2515 472 2543 rectior
485 2514 589 2540 vitietur
607 2513 685 2541 lectio
697 2521 746 2540 ins.
758 2513 835 2548 Regii
850 2521 924 2540 num.
940 2514 1016 2545 1639.

224 2561 245 2582 ,ι
267 2551 371 2582 Etenim
384 2548 407 2577 si
419 2548 496 2582 nihil,
511 2557 520 2573 ι
530 2552 582 2575 etc.

271 2585 325 2622 (49)
339 2595 348 2612 ι
361 2580 398 2612 Ει
414 2593 466 2622 non
479 2580 616 2622 suﬂ'ecerit
635 2583 802 2622 eltm_dice_re
818 2592 824 2610 :
853 2582 919 2622 Cum
935 2590 1019 2622 aver-

234 2618 280 2649 sus
295 2618 377 2649 fuerit
389 2629 403 2647 a
419 2619 524 2654 justitia
543 2625 606 2654 sua.
618 2628 626 2643 ι
644 2618 748 2645 Omissa
762 2619 823 2654 lucc
836 2623 897 2645 sunt
913 2618 945 2654 in_
963 2618 1018 2650 ple-

236 2657 327 2691 risque
341 2651 432 2683 editis.
452 2653 550 2691 Caneri
566 2653 725 2691 editi_,_inss.
744 2653 915 2691 pleriquemet
930 2651 1018 2691 Raba-

235 2687 295 2723 nus',
313 2701 322 2716 ε
339 2696 365 2717 et
380 2698 432 2716 non
446 2687 582 2723 subit-cret
599 2688 776 2723 {(Erasmus.
792 2687 938 2723 (suffecit)
955 2695 1015 2715 cum

234 2721 436 2752 «ticeret....sed
447 2721 549 2749 addidit
582 2721 629 2755 (al.
646 2723 741 2753 addit),
764 2721 1015 2750 Etfceeritotnnent

235 2762 397 2794 impietatem
411 2779 418 2789 ,
434 2768 443 2784 ι
462 2758 496 2785 al.
509 2766 521 2794 rt
538 2764 644 2783 omnem
658 2758 842 2794 iniquitatent,
860 2766 877 2794 t_
889 2763 942 2794 etc.
964 2758 1017 2794 sed

236 2791 337 2821 rectius
354 2795 453 2821 habere
470 2793 577 2820 videtur
591 2800 641 2819 ms.
658 2791 756 2826 Regius
773 2800 847 2819 nunt.
868 2792 936 2820 1659
947 2798 975 2819 ut.
990 2793 1017 2819 itt

237 2835 327 2856 nuStt'o
341 2833 424 2855 textu.

956 113 1118 141 ORIGENIS

1793 117 1821 143 SS.

1038 176 1061 204 Α
1076 172 1205 206 tentione,
1221 177 1247 200 et
1259 172 1305 208 qui
1321 171 1444 200 diﬂidunt
1465 173 1576 208 quidem
1592 174 1698 201 vet-iiati
1720 175 1778 210 (55),
1797 176 1824 201 ul.

1078 223 1231 252 temperant
1249 223 1338 246 autem
1365 219 1514 254 iniquitati,
1531 220 1574 246 ira
1589 224 1616 246 et
1642 219 1795 255 indignatio:
1812 228 1825 247 et

1078 264 1217 291 tribulatio
1242 268 1267 291 et
1282 265 1405 299 angustia
1431 265 1458 291 in
1476 272 1583 292 omnem
1608 264 1723 292 animant
1742 265 1825 292 homini.

1076 310 1214 344 operantis
1230 310 1341 343 malum,
1357 309 1444 338 Judzei
1467 310 1598 345 primunt,
1613 316 1641 337 et
1657 310 1740 338 Cra-ci
1753 320 1760 337 ε
1771 312 1825 346 glori:

1076 359 1177 386 autem,
1194 360 1221 382 et
1236 356 1331 388 honor,
1348 360 1375 382 et
1390 364 1440 391 pax
1459 356 1530 383 omni
1551 357 1676 390 operanti
1691 357 1825 388 bonumb-

1076 401 1133 427 daeo
1151 400 1279 434 primum,
1293 405 1320 428 et
1333 401 1440 428 Graeco.
1458 402 1514 429 Non
1531 402 1604 428 enim
1625 409 1787 435 personarum
1797 410 1824 428 ει-

1075 445 1164 479 ceptio
1175 450 1216 472 est
1231 445 1300 481 apud
1315 446 1399 473 D.-um
1414 447 1464 473 ".i
1481 447 1679 480 Qua‘rentibtts,
1696 448 1782 482 inquit,
1792 448 1827 482 gl-

1077 491 1155 523 riam,
1168 496 1195 518 et
1208 491 1349 525 honorem,
1364 498 1390 520 et
1401 493 1647 527 incorruptionem,
1663 501 1709 527 pro
1722 494 1828 527 boniope-

1076 537 1112 564 ris
1125 538 1254 572 patientia
1269 538 1322 564 vita
1334 543 1436 565 aeterna
1449 539 1568 571 dabitur,
1583 546 1638 566 non
1652 539 1735 567 solunt
1747 539 1829 567 iudicis.

1074 585 1173 619 quibus
1187 585 1288 612 credita
1301 586 1429 613 videntur
1459 586 1564 620 eloquia
1581 586 1629 613 Dei
1653 587 1686 618 ”,
1706 587 1750 613 sed
1773 588 1829 613 etiam

1074 630 1186 663 Graecis,
1200 631 1374 666 quiajustum
1389 636 1429 659 est
1446 632 1489 659 Dei
1504 632 1739 671 judicium,et‘non
1754 637 1831 658 tanta“:

1073 676 1224 704 Iudaeorum
1238 678 1307 704 Dens
1323 682 1375 709 est.
1392 678 1439 705 sed
1453 683 1479 705 ct.
1496 678 1616 711 gentium
1635 678 1667 704 ".
1681 677 1725 705 [iis
1738 687 1831 711 veruqm

1075 730 1122 757 per
1135 725 1337 750 contentionem
1355 724 1452 750 mentis
1471 724 1538 759 (54),
1555 728 1582 751 ct
1600 724 1682 751 animi
1700 725 1831 758 pravitaL-n

1075 769 1184 796 veritati
1199 777 1250 796 nou
1276 769 1398 800 credunt,
1425 769 1473 797 sed
1501 770 1673 804 iniquitatem
1697 775 1831 804 sequuntu',

1076 814 1199 840 redditur
1221 813 1260 840 ira
1285 819 1313 841 et
1330 814 1496 849 indignatio,
1515 814 1655 841 tribulatio
1672 819 1697 842 et
1714 817 1831 849 angustia.

1042 871 1062 897 Β
1077 867 1129 887 non
1148 861 1238 887 solum
1254 860 1360 895 gentili,
1377 861 1423 888 sed
1440 859 1466 887 et
1481 860 1584 891 Judreo.
1597 861 1658 895 quia
1678 869 1730 887 nun
1744 867 1780 888 est
1794 869 1831 895 per

1075 913 1203 933 sonarum
1220 907 1343 940 acceptio
1368 906 1438 941 apud
1458 906 1553 933 Deum.
1578 905 1639 933 ch
1653 907 1761 941 quidem
1774 916 1831 941 quin

1075 955 1130 978 tum
1161 952 1194 978 ad
1222 959 1378 979 sermonum
1411 951 1536 979 ordinent
1567 957 1681 987 spectat.
1712 952 1763 980 Sed
1786 959 1831 979 nus!

1074 1004 1134 1031 quae
1155 998 1188 1024 ad
1214 996 1370 1024 interiorem
1402 998 1666 1032 sensuurpertinent
1680 999 1831 1032 requiramw.

1076 1050 1085 1066 ι
1104 1040 1160 1073 llis,
1187 1041 1284 1075 inquit,
1313 1041 1358 1074 qui
1379 1049 1426 1076 per
1450 1041 1607 1076 patientiam
1630 1042 1692 1070 boni
1721 1043 1809 1077 operis.
1829 1050 1831 1067 ι

1075 1085 1152 1119 Quod
1178 1086 1264 1114 dicit:
1299 1095 1308 1111 ι
1328 1085 1490 1114 Patientiam
1504 1087 1567 1114 boni
1601 1089 1702 1122 operis,
1728 1097 1739 1114 ι
1768 1095 1831 1116 oste

1074 1132 1113 1159 dit
1129 1132 1248 1159 laborem
1267 1131 1412 1167 quemdam
1431 1136 1457 1159 et
1471 1139 1572 1166 egeries
1596 1133 1739 1161 imminere
1754 1135 1793 1161 bis
1804 1134 1831 1167 qui

1074 1178 1173 1205 honmn
1191 1185 1259 1212 opus
1273 1177 1364 1205 facere
1375 1177 1479 1205 volunt.
1498 1187 1508 1204 ι
1530 1178 1676 1206 Luctamen
1692 1185 1734 1207 est
1749 1190 1758 1206 ι
1774 1182 1831 1207 enim

1073 1224 1182 1251 sicutet
1202 1223 1273 1251 idem
1295 1223 1441 1258 Apostolus
1456 1223 1522 1251 dicit
1547 1225 1569 1240 "
1583 1245 1590 1256 ,
1612 1234 1621 1250 ε
1651 1233 1706 1252 non
1735 1226 1831 1252 adeam

1073 1277 1185 1297 carnem
1201 1273 1228 1297 et
1252 1271 1422 1305 sanguinem,
1443 1271 1491 1299 sed
1503 1271 1632 1299 adversus
1647 1272 1831 1306 principatum

1073 1320 1234 1349 potestates,
1245 1320 1272 1343 et
1298 1317 1389 1344 mundi
1403 1317 1487 1352 hujus
1514 1321 1656 1350 rectores;
1673 1327 1683 1342 ι
1701 1325 1760 1352 qua:
1773 1319 1831 1344 omni

1073 1360 1144 1388 bono
1163 1362 1238 1395 operi
1255 1362 1431 1390 adversantur
1445 1372 1451 1389 :
1465 1366 1493 1390 et
1509 1363 1570 1390 ideo
1585 1363 1719 1397 patientia
1740 1369 1831 1390 necau

1075 1406 1112 1433 ria
1128 1411 1179 1439 est,
1192 1407 1255 1442 quia
1272 1407 1403 1442 scriptum
1418 1413 1459 1436 est
1478 1409 1501 1424 “
1519 1418 1525 1436 :
1547 1408 1600 1449 «.ln
1615 1413 1708 1435 vestra
1736 1408 1831 1444 patienti

1074 1453 1221 1487 acquiretis
1234 1453 1340 1481 animas
1353 1458 1469 1481 vestras.
1487 1463 1496 1480 ι
1515 1453 1664 1482 Videamus
1684 1460 1775 1482 autem
1791 1462 1831 1489 qua

1073 1498 1139 1525 dicit
1150 1506 1217 1533 opus
1229 1498 1342 1526 bonum.
1359 1499 1489 1527 Dominus
1504 1500 1530 1527 in
1546 1500 1696 1534 Evangeiio
1709 1502 1741 1528 de
1757 1509 1787 1528 ea
1803 1509 1831 1527 nn

1035 1543 1056 1572 ϐ
1074 1544 1150 1578 liere,
1169 1552 1229 1579 qua:
1241 1545 1409 1573 alabastrum
1425 1546 1554 1581 unguenti
1570 1546 1685 1581 pretiosi
1712 1547 1802 1574 eﬂudit
1814 1555 1831 1573 si

1075 1597 1123 1625 per
1135 1595 1217 1625 caput
1227 1590 1298 1626 ejus,
1316 1591 1473 1625 pronuntiat
1487 1591 1549 1625 quia
1564 1600 1574 1616 ι
1595 1590 1671 1626 Opus
1689 1592 1790 1619 bonum
1802 1597 1831 1624 cpt

1075 1640 1132 1662 rata
1148 1640 1190 1663 est
1206 1636 1231 1663 in
1247 1644 1290 1664 me
1302 1637 1335 1669 '7,
1353 1645 1362 1662 ι
1379 1636 1525 1671 designans
1550 1637 1622 1671 quod
1646 1638 1694 1672 qui
1711 1639 1793 1665 verbo
1815 1638 1831 1663 lt

1075 1686 1244 1717 unguentum
1262 1682 1455 1717 superfuderit,
1484 1682 1510 1709 id
1529 1687 1594 1715 est,
1619 1683 1666 1717 qui
1700 1691 1784 1718 opera
1805 1691 1831 1709 cn

1075 1727 1157 1754 verbo
1170 1727 1326 1760 sociaverit,
1341 1727 1385 1755 ille
1396 1735 1466 1762 opus
1485 1727 1586 1755 bonum
1601 1733 1745 1763 operetur.
1766 1729 1831 1756 Odm

1074 1777 1117 1800 tus
1135 1780 1252 1808 namque
1265 1772 1379 1800 eﬂicitur
1403 1774 1477 1801 omni
1509 1770 1716 1809 unguentorum
1737 1776 1831 1802 suam

1071 1818 1191 1853 repletus
1210 1825 1312 1851 sermo,
1337 1827 1398 1847 cum
1418 1819 1501 1847 fuerit
1519 1827 1602 1854 opere
1629 1825 1657 1847 et
1687 1821 1799 1848 actibus
1813 1819 1831 1845 ii

1072 1869 1228 1891 exornatus.
1247 1862 1324 1891 Nunc
1352 1863 1417 1898 quid
1432 1868 1474 1891 est
1497 1863 1612 1899 gloriam
1639 1869 1668 1891 et
1688 1863 1831 1898 incorrupti

1072 1916 1133 1935 nem
1149 1916 1280 1943 quaerere,
1298 1909 1469 1944 requiramus
1483 1909 1552 1945 (56).
1569 1909 1663 1937 Multis
1676 1910 1707 1937 in
1722 1910 1793 1937 locis
1804 1910 1831 1936 Su

1072 1959 1158 1989 ptime
1169 1960 1272 1982 sancta:
1286 1955 1320 1982 de
1336 1955 1421 1990 gloria
1447 1956 1579 1982 scribunt.
1596 1954 1668 1982 Nam
1685 1956 1715 1983 in
1735 1955 1831 1983 Exodcl

1073 2000 1164 2036 Moyse
1174 2001 1275 2028 dicitur
1292 2001 1326 2034 ³⁸,
1341 2002 1412 2036 quod
1439 2009 1500 2029 cum
1519 2002 1711 2029 descenderet
1726 2003 1763 2028 de
1775 2002 1831 2027 una!

1074 2047 1241 2080 gloriticatus
1255 2047 1289 2074 sit
1304 2047 1393 2074 vultus
1408 2047 1477 2080 ejus.
1497 2047 1553 2073 Hoc
1567 2051 1708 2075 retexens
1733 2044 1831 2082 Aponi

1074 2093 1107 2119 ad
1120 2093 1276 2121 Corinthios
1291 2093 1359 2120 dicit
1374 2103 1381 2120 :
1406 2103 1415 2119 ι
1433 2094 1510 2127 Quod
1525 2094 1548 2121 si
1567 2093 1767 2122 ministerium
1784 2097 1831 2120 tum

1075 2139 1100 2166 in
1117 2139 1215 2166 litteris
1229 2139 1374 2166 formatum
1388 2140 1414 2166 in
1427 2139 1573 2175 lapidibus,
1591 2139 1707 2167 factum
1722 2144 1765 2168 est
1782 2138 1831 2171 ius

1432 2199 1455 2214 “
1474 2199 1553 2225 Rom.
1569 2207 1613 2231 tu,
1633 2199 1666 2225 2.

1411 2233 1456 2261 29.

1712 2201 1738 2215 ιδ
1754 2199 1813 2225 διάη,
1825 2192 1831 2220 ᾖ

1036 2235 1079 2263 10.
1119 2235 1142 2250 ’³
1156 2234 1241 2261 Exod.
1265 2243 1367 2267 xxxiv,

1036 2306 1059 2333 Ι)
1109 2302 1166 2337 (50)
1183 2313 1192 2328 ε
1213 2303 1284 2336 Agit.
1299 2313 1308 2328 ι
1327 2302 1403 2330 llanc
1423 2309 1523 2337 vocem?
1536 2302 1674 2330 amittunt.
1706 2310 1760 2329 nis.
1781 2299 1831 2331 Regi

1074 2336 1238 2366 nunt.1li59
1252 2344 1279 2365 et
1297 2338 1432 2364 Rabauus.
1447 2337 1497 2364 Ms.
1517 2336 1620 2371 Regius
1640 2345 1731 2365 num.
1744 2336 1805 2362 luit
1823 2338 1831 2359 it

1072 2374 1126 2404 bet,
1145 2381 1154 2398 ι
1171 2373 1247 2400 facit.
1265 2382 1274 2398 ι
1291 2373 1388 2399 Caetcri
1408 2379 1470 2398 cum
1485 2372 1575 2402 editis,
1596 2380 1604 2396 ι
1624 2374 1702 2406 agit.
1727 2382 1736 2396 ι

1106 2407 1164 2443 (51)
1183 2407 1228 2435 Sic
1240 2415 1336 2434 onmes
1353 2406 1598 2443 nissul'lditivero.
1616 2413 1775 2441 perperam
1793 2414 1800 2430 :
1816 2412 1822 2426 ι

1071 2441 1264 2478 prophetarum
1285 2442 1447 2478 testintoniis
1462 2448 1494 2467 ex
1511 2441 1564 2478 his,
1587 2451 1596 2467 a
1615 2448 1678 2468 etc.

1107 2477 1163 2518 (52)
1185 2477 1221 2504 Ita
1234 2477 1310 2518 editi,
1323 2482 1349 2518 et
1363 2476 1462 2503 rectius
1470 2476 1580 2518 quidem
1593 2485 1683 2510 quam
1698 2482 1770 2502 mss.

1070 2511 1116 2547 qui
1130 2520 1225 2539 omnes
1240 2513 1349 2542 habent,
1368 2520 1378 2536 ι
1394 2519 1477 2546 pauca
1494 2511 1656 2544 patefacere
1674 2513 1831 2545 exponam.

1072 2555 1152 2583 unus,
1171 2548 1416 2583 «ﬂexponentibus.
1431 2556 1440 2572 ι
1457 2549 1510 2572 etc.
1587 2581 1593 2583 _
1778 2578 1786 2583 _
1826 2574 1831 2578 ,η

1108 2582 1166 2616 (55)
1181 2582 1273 2613 Editi,
1294 2590 1302 2607 ι
1322 2586 1350 2608 et
1373 2582 1417 2615 qui
1437 2588 1489 2607 non
1511 2581 1703 2614 acquiescant
1724 2581 1831 2606 veritati

1071 2617 1228 2652 Sedmnnes
1244 2624 1308 2652 mss.
1326 2621 1355 2643 ut
1373 2617 1399 2643 in
1411 2620 1606 2652 nostroAtextu.
1789 2648 1795 2652 _

1108 2652 1164 2688 (54)
1181 2651 1344 2688 Ms._liegius
1357 2659 1433 2678 num.
1449 2649 1530 2683 16M,
1543 2660 1552 2676 ι
1566 2658 1619 2688 per
1630 2649 1831 2688 contemle

1070 2686 1177 2714 mentis.
1198 2696 1207 2712 ι
1225 2686 1321 2714 Caeteri
1338 2693 1403 2713 vero
1418 2693 1482 2712 mss.
1497 2691 1523 2711 et
1539 2686 1605 2712 editi
1619 2691 1654 2712 ut
1674 2686 1703 2712 in
1719 2688 1807 2710 textu.

1107 2722 1164 2757 (55)
1180 2721 1226 2749 Sic
1241 2729 1306 2748 mss.
1322 2727 1349 2748 et
1364 2720 1501 2748 Rabanus.
1519 2720 1590 2747 Ed‘ti
1613 2727 1698 2753 vero,
1719 2727 1731 2744 ε
1756 2723 1786 2744 ut
1801 2720 1831 2748 ea

1072 2761 1110 2784 tet
1122 2757 1264 2792 actibus.)
1276 2761 1336 2792 etc.
1497 2790 1516 2792 ﬂ
1604 2790 1629 2792 ν
1739 2787 1769 2792 Ν

1109 2791 1164 2827 (56)
1182 2791 1220 2818 lia
1233 2791 1403 2827 Rabanuset
1425 2797 1476 2817 ms.
1496 2790 1705 2827 Vallis~Clarae.
1738 2787 1786 2815 Sic
1797 2787 1831 2827 «⁵³]

1073 2822 1123 2854 ιιιέ.
1133 2822 1232 2862 Regius
1245 2826 1408 2859 numJth,
1419 2826 1469 2852 nisi
1480 2826 1552 2860 quod
1564 2827 1680 2853 omittat
1694 2833 1705 2849 ι
1723 2825 1831 2857 ιιυςεῐεη
