1831 3049
228 87 279 114 885

953 83 1112 111 ORIGENIS
1782 86 1807 113 Si}

228 146 385 180 rnptiouem
406 152 528 180 quiet-ere
551 143 663 176 dicitur,
680 151 733 178 qtto
754 141 861 170 scilicet
884 149 931 177 per
952 142 1023 170 hanc
1037 146 1060 174 Α
1075 141 1199 169 cusativo
1219 142 1389 177 protulisset,
1407 142 1429 169 si
1447 142 1473 169 id
1489 142 1522 170 ad
1545 142 1681 170 reddentis
1697 141 1737 169 Dei
1755 151 1807 178 patr.

229 191 412 218 observantiae
438 190 685 224 incorruptionem,
702 189 775 216 illam
798 194 859 222 qua!
880 196 913 215 ex
933 196 1022 216 resur-

229 238 349 265 rectione
362 243 402 264 est
416 236 646 271 incorruptionem
659 236 787 270 consrqui
800 235 858 270 (65)
875 240 1021 262 mereatur.

230 285 300 318 Quid
331 289 421 310 autem
456 283 536 311 detur
560 282 618 310 haee
642 282 846 317 requirentibus
871 282 1022 310 videamus.

232 341 240 355 ι
256 330 328 361 Vita,
340 338 349 355 ι
378 329 481 363 inquit,
509 337 518 354 ι
530 333 632 355 ωιετιιδ
648 335 656 354 t
672 337 681 354 ι
713 328 757 354 illa
777 328 810 355 de
827 336 880 363 qua
897 328 1024 355 Salvator

229 375 318 406 docet,
335 381 396 400 cum
414 373 480 400 dicit
497 382 504 400 ;
525 383 534 398 ι
550 372 613 400 ΙΙίρο
628 377 669 400 est
685 377 776 399 autem
797 372 849 400 vita
862 377 977 405 aeterna,
994 377 1024 399 ut

229 423 396 453 cognoscant
410 422 437 446 te
452 419 539 445 solum
557 426 651 444 verum
676 417 771 449 Deum.
787 422 815 445 et
827 425 906 452 quem
924 418 1022 445 tnisisti

228 463 319 490 .It-sum
341 463 478 490 Christum
493 463 526 489 ".
541 472 551 489 ι
575 462 626 490 Per
653 463 728 497 quod
758 463 881 490 ostendit
898 463 925 489 in
948 464 1023 498 agni-

230 509 302 536 tione
317 509 374 541 Dei,
386 515 411 536 ct
426 509 529 536 Christi
544 507 619 541 Jesu,
632 508 693 535 vita:
708 514 818 536 mternte
834 515 944 535 manere
957 508 1023 535 sub-

229 554 370 581 stantiam.
391 554 501 588 Agnitio
517 561 582 580 vero
597 553 642 580 Dei
659 553 796 588 quomodo
812 553 906 580 haberi
925 553 1022 587 possit,

229 600 360 627 docemur
388 600 414 626 in
435 599 562 632 Psalmis,
576 606 637 626 cum
655 598 757 625 dicitur
773 598 797 614 δι
813 607 820 625 :
841 607 849 623 t
869 598 980 632 Vacate,
997 603 1024 626 et

230 646 371 680 agnoscite
382 645 510 679 quortiam
528 652 578 680 ego
594 653 653 672 sum
669 644 749 672 Deus.
763 653 772 670 ι

266 692 294 720 6.
308 701 316 716 ι
330 692 377 719 llis
390 697 479 719 autem
493 693 537 726 qui
553 699 585 719 ex
596 691 783 724 contentione,
801 695 827 718 et
842 691 887 725 qui
901 690 1025 717 diffidunt

231 736 339 769 quidem
358 737 478 768 veritati.
491 737 680 771 obtemperant
698 740 789 762 autern
814 735 966 770 iniquitati,
983 735 1023 762 ira

231 787 259 808 ct
278 782 440 816 indignatio,
455 782 593 810 tribulatio
618 787 645 810 et
670 782 797 816 angustia
809 782 840 808 ⁸⁸.
858 791 867 806 ι
886 782 936 815 Qui
955 782 1022 809 sim-

1077 196 1140 216 nam
1163 188 1266 216 referre
1292 189 1436 216 voluisset.
1452 188 1529 222 Quod
1543 194 1572 216 et
1594 189 1621 216 in
1640 185 1699 216 aliis
1714 188 1806 223 Scriptum

1078 233 1144 261 locis
1157 234 1286 261 similiter
1301 234 1462 270 intelligitur
1476 234 1613 269 designari
1623 254 1631 266 ,
1650 235 1716 262 sicut
1729 235 1750 261 in
1761 244 1807 269 prta.

1077 279 1146 306 libro
1162 279 1333 315 Regnorum,
1347 280 1392 306 ubi
1404 279 1470 306 dicit
1487 279 1634 307 Dominus:
1650 289 1659 305 ι
1673 280 1807 307 ϐιυτῑῡυιυμη

1076 332 1118 350 me
1145 323 1316 359 gloriﬁcabo,
1346 330 1504 359 spernentes
1528 331 1571 351 me
1594 323 1806 358 spernentur“.tlz

1075 376 1129 403 quo
1147 369 1290 396 evidenter
1307 369 1463 396 ostenditur
1488 369 1581 396 dicere
1606 369 1729 396 Dominus
1741 376 1773 395 eas
1786 378 1801 402 tr

1074 415 1248 450 gloriﬁcandi
1266 420 1341 449 sunt,
1355 423 1403 450 per
1420 423 1449 443 se
1466 415 1676 450 gloriﬁcandos;
1692 416 1720 442 de
1735 416 1765 442 his
1776 424 1806 441 tera

1075 462 1121 496 qui
1136 461 1280 496 spernendi
1303 465 1376 494 sunt,
1392 468 1445 488 non
1473 460 1602 488 retulisse
1625 460 1659 487 ad
1675 460 1807 492 se,sctla‘usr

1076 507 1130 534 lute
1144 507 1257 541 dixisse,
1271 507 1334 542 quia
1351 512 1526 542 spernentur.
1545 507 1574 534 Si
1594 507 1668 534 enim
1683 512 1709 534 ut
1727 509 1807 540 bonam

1076 553 1251 587 semetipsum
1266 552 1434 587 prtestat,ita
1450 557 1477 579 et
1491 552 1561 579 mala
1575 560 1625 587 per
1636 552 1808 586 semetipsuatte

1077 598 1208 625 tribueret
1223 597 1306 630 Deus,
1317 605 1489 632 consequens
1500 601 1571 629 erat,
1584 602 1613 623 ut
1627 604 1680 632 quo
1692 598 1756 623 modo
1765 598 1810 625 ditzt.

1077 653 1087 670 ι
1107 642 1302 671 Gloriﬁcantes
1323 651 1366 671 me
1390 643 1560 678 gloriﬁcabo,
1574 653 1583 669 ι
1616 644 1654 670 ita
1679 643 1778 670 diceret:
1795 642 1810 668 it

1076 693 1238 723 spernentes
1267 696 1309 716 me
1327 697 1466 725 spernant.
1484 689 1539 716 Sed
1560 694 1588 716 et
1610 689 1640 715 in
1667 689 1716 715 alio
1730 689 1773 715 loco
1786 695 1810 722 per

1076 736 1237 770 prophetam
1254 735 1342 762 simile
1358 735 1424 770 quid
1440 735 1547 762 videtur
1563 735 1672 762 ostendi
1687 735 1710 762 in
1729 738 1810 767 mque

1077 781 1104 808 hi
1120 781 1165 816 qui
1178 785 1245 808 eunt
1259 781 1285 809 in
1301 781 1390 816 ignem
1405 780 1476 816 (68),
1494 789 1548 808 non
1565 789 1580 808 a
1597 781 1665 814 Deo,
1677 781 1719 808 sed
1731 789 1742 807 ι
1754 789 1810 807 simu

232 829 340 862 pliciter
357 829 414 855 hanc
429 829 540 863 accipit,
553 828 678 856 sullicere
689 828 777 855 credit
791 829 824 855 ad
841 829 1021 860 intellectum,
1041 840 1061 868 Β
1076 827 1142 863 ipsis
1167 835 1228 855 etim
1247 827 1389 855 inveniant
1412 835 1570 860 accensum,
1585 829 1659 856 sicut
1677 829 1735 856 dicit
1750 827 1810 854 Isaias,

231 875 381 902 secundum
406 874 462 910 (6t)
487 882 519 901 ea
535 882 594 908 qua:
609 882 691 909 supra
716 875 789 902 dicta
805 879 886 906 sunt,
911 874 1025 901 reddere

235 921 318 947 Deum
336 921 482 955 unicuique
498 919 647 947 secundutn
661 927 744 954 opera
757 928 806 947 sita
824 928 830 946 :
849 920 874 946 id
887 923 939 950 est,
955 919 1026 947 sicut

232 966 298 998 illis,
316 966 361 1000 qtri
378 973 427 1001 per
445 965 606 1000 patientiam
632 965 695 992 boni
712 965 802 1000 operis
825 970 951 1000 quaerunt
966 965 1024 999 glo-

231 1013 300 1040 riam
315 1012 382 1047 (65),
392 1017 419 1039 et
434 1011 768 1046 iucorruptiouem,vitam
780 1011 867 1038 reddit
881 1016 1023 1044 aeternam;

233 1060 269 1086 ita
285 1064 312 1085 et
340 1058 398 1085 istis
412 1058 457 1092 qui
475 1065 507 1084 ex
522 1058 698 1085 contentione
713 1056 840 1084 diffidunt
855 1057 962 1091 quidem
978 1064 1024 1084 ve-

233 1105 318 1136 rilati,
332 1106 524 1139 obtemperant
547 1108 639 1131 autem
663 1102 816 1138 iniquitati,
831 1103 899 1129 iram
916 1108 943 1130 et
955 1102 1025 1130 indi-

231 1149 399 1184 guationcm,
416 1148 621 1176 tribulationem
636 1153 663 1176 et
679 1149 834 1183 angustiam
848 1149 955 1175 reddat.
972 1148 1024 1176 Sed

232 1195 278 1230 qui
294 1195 320 1222 in
335 1194 493 1230 apostolicis
507 1195 617 1228 litteris,
629 1202 678 1229 per
692 1202 763 1229 quas
777 1193 834 1231 (66)
846 1194 972 1222 Christus
984 1194 1024 1221 lo-

230 1244 334 1277 quitur,
359 1242 413 1269 iota
432 1249 526 1274 unum,
550 1246 597 1269 aut
620 1249 704 1268 unum
730 1241 836 1276 apicem
861 1248 912 1268 nou
937 1240 1026 1267 credit

231 1287 349 1313 otiosutn
363 1287 397 1319 “,
411 1286 581 1314 asseverabit
598 1293 652 1313 non
680 1293 730 1320 per
749 1293 870 1313 errorem
895 1285 1026 1320 Apostolo

231 1332 380 1366 contigisse
393 1337 421 1358 ut
437 1333 483 1359 tali
494 1332 630 1359 locutione
647 1332 885 1362 uteretur.dicens
897 1331 918 1348 ι’
932 1341 938 1358 :
954 1341 963 1357 ‹
974 1331 1025 1365 Qui

234 1379 326 1406 reddet
352 1379 397 1406 liis
415 1379 538 1413 quidem,
554 1378 599 1412 qui
613 1385 661 1411 per
674 1377 835 1412 patientiam
857 1377 921 1405 boni
934 1377 1026 1412 operis

233 1424 346 1458 gloriam
368 1428 395 1450 et
402 1424 533 1450 honorent
541 1428 678 1457 quatrunt,
688 1422 771 1450 vitam
778 1420 861 1460 ‘82
868 1429 1006 1451 aeternam.
1014 1432 1024 1449 ι

235 1469 282 1496 liis
294 1477 358 1496 vero
374 1470 419 1504 qrti
431 1477 464 1497 ex
474 1470 647 1497 contentione
663 1470 855 1504 obtemperant
876 1469 1024 1504 iniquitati,

1079 882 1089 898 α
1107 873 1144 901 Ite
1161 873 1188 900 in
1205 874 1308 901 lumine
1325 874 1396 909 ignis
1415 874 1510 906 vestri,
1535 879 1563 901 et
1587 873 1697 901 ﬂamma
1712 873 1810 908 (imque

1076 919 1240 947 accendistis
1254 919 1287 946 ".
1307 928 1317 945 ι
1346 919 1379 946 Et
1405 924 1436 947 ut
1460 920 1551 947 adhuc
1579 920 1687 953 planior
1706 920 1810 946 horninur

1076 964 1215 996 dissertio.
1226 962 1363 993 addentur
1376 965 1460 993 etiam
1473 965 1531 992 haec
1546 972 1554 992 :
1572 965 1599 992 Si
1616 966 1677 1000 quis
1689 971 1764 993 contra
1774 972 1810 998 prt-

1075 1014 1184 1044 ceptum
1209 1011 1309 1038 medici
1327 1011 1444 1046 sumptis
1466 1011 1601 1039 malorum
1622 1012 1736 1039 ciborum
1752 1012 1810 1039 suerit.

1076 1061 1104 1084 et
1116 1057 1239 1091 corporis
1250 1057 1358 1084 turbata
1378 1058 1520 1092 temperie,
1535 1058 1578 1084 vel
1593 1058 1685 1086 febres
1700 1058 1735 1085 rel
1753 1056 1810 1091 quasi

1076 1102 1121 1129 bet
1153 1101 1338 1135 hujuscemodi
1365 1103 1515 1131 incurrerit
1541 1103 1664 1135 morbos.
1687 1109 1771 1131 certum
1791 1107 1810 1128 at

1075 1149 1147 1182 quod
1178 1156 1232 1176 non
1255 1156 1304 1183 per
1328 1149 1474 1181 medicum,
1494 1149 1541 1177 sed
1559 1157 1609 1185 per
1632 1149 1810 1184 intemperantia:

1076 1201 1153 1221 suam
1169 1199 1272 1229 pestem
1299 1194 1440 1230 languoris
1465 1196 1625 1230 acceperit;
1642 1196 1665 1223 si
1682 1202 1737 1222 rem
1757 1192 1810 1220 metu

1076 1245 1212 1275 praecepta
1233 1241 1392 1269 custodiens
1416 1241 1443 1268 in
1469 1241 1603 1276 sospitate
1621 1242 1748 1276 perduret,
1759 1240 1810 1271 aliqu

1076 1293 1126 1320 per
1140 1287 1275 1314 medicum
1294 1287 1399 1314 dicetur
1410 1287 1512 1315 habere
1528 1288 1649 1322 gratiam
1667 1284 1810 1315 sanitallsllut

1077 1339 1142 1367 ergo
1155 1333 1235 1360 modo
1252 1338 1452 1368 consequenter
1466 1333 1606 1361 videbitur
1623 1333 1693 1361 Deus
1704 1333 1750 1368 ipse
1760 1335 1810 1367 petit

1078 1379 1191 1407 reddere
1207 1379 1354 1415 unicuique
1375 1380 1526 1408 secundum
1538 1387 1623 1414 opera
1645 1388 1703 1412 sua,
1717 1385 1764 1413 quae
1776 1378 1810 1403 tom

1077 1429 1141 1453 sunt
1157 1434 1164 1452 :
1186 1425 1256 1452 mala
1271 1431 1361 1454 autem
1378 1426 1472 1454 venire
1489 1426 1679 1461 intelligentur
1693 1433 1737 1452 non
1755 1432 1765 1449 α
1778 1423 1810 1450 licet

1077 1471 1125 1499 sed
1137 1479 1171 1498 ex
1183 1472 1310 1507 pessimis
1325 1472 1544 1507 intemperantia:
1555 1473 1660 1506 succis,
1674 1477 1699 1500 et
1712 1471 1810 1503 crudam

234 1523 286 1542 non
304 1515 384 1547 dixit,
401 1515 470 1542 iram
482 1521 505 1542 et
518 1516 740 1551 indignationem,
756 1520 787 1542 ut
805 1520 831 1543 et
847 1515 899 1543 hoc
922 1515 1025 1543 relera-
1039 1524 1060 1553 α
1077 1516 1160 1544 vitate
1179 1522 1330 1553 gestorum.
1342 1518 1442 1545 Verum
1467 1521 1494 1546 et
1505 1518 1559 1546 hoc
1575 1518 1666 1553 ipsum
1683 1518 1744 1553 quod
1759 1517 1810 1543 diuit

234 1569 277 1589 tur
289 1563 323 1590 ad
338 1571 347 1588 α
363 1562 467 1594 reddet,
483 1571 493 1587 ι
516 1562 586 1596 quod
603 1562 729 1597 superius
751 1562 872 1595 dixerat;
892 1562 939 1590 sed
963 1563 1001 1590 ait
1015 1571 1023 1591 :

235 1619 243 1633 ι
258 1609 299 1635 Ira
316 1613 344 1635 et
362 1608 525 1643 indignatio,
551 1608 690 1636 tnibulatio
716 1613 744 1636 et
767 1609 903 1644 angustia.
921 1618 931 1635 ι
950 1609 1026 1637 Unde

234 1654 280 1688 qui
295 1653 427 1688 spiritalis
442 1658 494 1686 est,
519 1658 547 1681 et
563 1653 690 1689 intelligit
704 1654 769 1689 quid
791 1654 910 1689 Spiritus
930 1654 1026 1689 loqua-

235 1707 278 1727 tur
294 1700 351 1736 (67)
368 1701 394 1727 in
411 1700 505 1734 Paulo,
519 1701 586 1728 dicit
601 1708 655 1728 non
670 1701 728 1728 haec
739 1700 898 1736 Apostolum
913 1708 962 1736 per
976 1701 1026 1728 int—

233 1747 370 1780 peritiam,
390 1747 438 1774 sed
456 1754 504 1782 per
518 1746 638 1774 divinam
665 1747 789 1782 peritiam
806 1746 1024 1781 conscripsisse:

232 1793 338 1820 scilicet
356 1798 385 1820 ut
399 1800 448 1828 per
468 1792 526 1820 haec
541 1793 697 1820 ostenderet
715 1800 746 1820 ea
772 1792 880 1826 quidem
904 1799 964 1830 quae
983 1800 1026 1819 se-

233 1839 354 1867 cundum
381 1839 538 1873 patientiam
566 1838 629 1866 boni
650 1838 742 1873 operis
762 1837 947 1872 querentibus
969 1836 1027 1871 glo-

234 1885 303 1912 riatn
318 1889 347 1912 ct
370 1884 603 1919 incorruptionem
631 1884 770 1911 reddenda
790 1887 864 1915 sunt,
878 1890 926 1917 per
942 1883 1025 1910 Deum

234 1931 321 1964 reddi,
338 1932 362 1958 id
377 1936 418 1958 est
440 1932 525 1958 vitam
549 1935 680 1958 :eteruam
696 1939 702 1957 :
719 1938 750 1957 ea
769 1937 833 1957 vero
848 1937 909 1964 qua:
929 1936 1027 1957 conse-

232 1983 355 2012 quuntur
369 1984 416 2004 cos
427 1977 472 2011 qui
490 1983 538 2011 per
551 1976 755 2004 contentionem
779 1974 901 2003 dillidunt
916 1975 1025 2010 quidem

234 2024 357 2055 veritati,
381 2023 572 2057 obtemperant
601 2030 665 2050 vero
692 2021 840 2057 iniquitati,
860 2029 914 2049 non
939 2030 954 2048 a
972 2022 1026 2049 Deo

235 2071 305 2102 dari,
318 2070 397 2105 cujus
408 2070 478 2098 dona
505 2070 596 2104 utique
612 2069 814 2104 permanentia.
830 2073 857 2096 et
873 2069 931 2104 ipso
945 2068 1026 2103 digna

234 2121 297 2143 sunt
313 2123 321 2142 :
339 2116 385 2143 sed
414 2123 448 2142 ex
474 2116 668 2150 consequentia
690 2120 828 2151 gestorum
851 2122 963 2142 suorum
983 2114 1026 2142 his

234 2165 281 2198 qui
299 2169 447 2199 operantur
465 2163 579 2197 malum,
603 2164 645 2191 ira
661 2169 688 2192 et
708 2163 871 2199 indignatio,
887 2162 1026 2190 tribulatio

1084 1572 1094 1589 ε
1110 1563 1160 1596 Qui
1187 1571 1220 1590 ex
1249 1564 1424 1591 contentione
1451 1563 1580 1591 difﬁdunt
1608 1565 1715 1599 quidem
1741 1563 1810 1591 renuit

1077 1609 1266 1644 obteruperant
1293 1613 1384 1636 autern
1412 1609 1584 1644 iniquitati,»
1614 1609 1810 1637 indiscussumttat

1077 1653 1248 1682 omittamus.
1265 1655 1293 1682 lu
1311 1655 1353 1682 his
1372 1655 1444 1682 enirn
1465 1655 1581 1689 singulis
1598 1655 1738 1690 languores
1749 1652 1810 1687 qui-1“

1077 1701 1175 1728 animae
1190 1701 1223 1728 ab
1247 1701 1376 1737 Apostolo
1399 1701 1588 1737 designantur,
1607 1709 1719 1737 quorum
1733 1698 1810 1725 medle

1080 1746 1173 1774 nullus
1199 1747 1329 1781 inveniet,
1351 1748 1403 1775 nisi
1428 1748 1504 1783 prius
1525 1749 1686 1776 morborum
1711 1748 1810 1780 cogunt!“

1079 1799 1191 1820 causas.
1205 1793 1239 1820 Et
1258 1793 1320 1821 ideo
1342 1794 1369 1821 in
1395 1794 1495 1822 divinis
1516 1793 1673 1829 Scripturis
1695 1791 1810 1828 :cgritudt‘ad

1078 1838 1180 1867 anima:
1198 1845 1379 1867 numerantur
1394 1845 1421 1868 et
1436 1841 1555 1867 remedia
1570 1841 1762 1868 describuntur.
1776 1835 1810 1861 ulll

1077 1886 1126 1920 qui
1147 1893 1176 1912 se
1198 1885 1357 1920 apostolicis
1381 1886 1554 1914 subdiderint
1576 1886 1727 1920 disciplinis
1745 1883 1810 1918 (τομεῖ

1079 1931 1121 1958 his
1138 1938 1197 1966 quae
1216 1931 1318 1966 scripta
1335 1935 1399 1958 sunt
1417 1932 1517 1967 agnitis
1537 1932 1714 1967 languoribus
1735 1928 1810 1958 suis.th

1079 1977 1128 2004 rati
1144 1977 1252 2012 possint
1262 1977 1371 2004 dicere:
1381 1986 1390 2003 ι
1406 1975 1510 2010 Lauda,
1527 1977 1621 2004 anima
1633 1985 1703 2009 mea,
1714 1973 1810 2002 Dentium“

1078 2024 1123 2058 qui
1135 2028 1215 2051 sanat
1227 2031 1322 2051 omnes
1333 2023 1480 2060 languores
1503 2029 1564 2051 tuos
1573 2023 1610 2050 '“.
1626 2033 1636 2048 ι
1657 2023 1726 2050 Unus
1744 2027 1788 2052 crgu
1800 2020 1810 2040 πε

1078 2069 1188 2096 caneris
1206 2069 1304 2097 anima:
1332 2069 1457 2104 languor,
1468 2074 1496 2097 et
1511 2069 1622 2104 quidem
1639 2068 1768 2103 pessimus,
1781 2072 1810 2089 (ξιιμ

1080 2115 1164 2142 lentio
1185 2123 1247 2143 esse
1265 2115 1435 2151 intelligenda
1452 2121 1504 2150 est,
1519 2122 1567 2150 per
1586 2123 1671 2150 quam
1696 2120 1764 2140 omne
1781 2112 1810 2142 ιιιτι

1080 2169 1191 2197 pravum
1209 2162 1326 2198 geritur.
1341 2162 1394 2190 Per
1412 2162 1484 2190 hanc
1505 2162 1625 2189 haereses
1648 2159 1810 2188 nascentium

234 2209 396 2244 ctangustia
410 2209 473 2241 erit,
488 2209 639 2237 secundum
651 2216 681 2236 ea
699 2216 759 2243 quae
772 2209 1027 2237 thesaurizaverunt
1043 2208 1065 2236 D
1080 2207 1149 2234 hanc
1161 2207 1323 2241 schismata,
1344 2212 1371 2235 et
1384 2207 1476 2235 omnia
1495 2207 1625 2235 scandala
1641 2207 1667 2234 in
1684 2204 1810 2233 Ecclesitsgtt

234 2255 286 2282 sibi
302 2255 352 2289 ipsi
377 2254 444 2282 Nam
471 2255 565 2289 utique
591 2254 664 2282 sicut
687 2255 722 2282 ibi
744 2264 752 2280 ι
775 2254 857 2281 vitam
872 2257 1022 2281 aeternam:

233 2309 299 2327 caui
312 2302 470 2329 accusativo
485 2301 647 2336 protulerat,
664 2300 701 2328 ita
725 2304 753 2328 et
767 2300 811 2328 hie
830 2299 897 2327 iram
914 2304 941 2327 et
956 2299 1027 2327 indi-

234 2347 403 2379 gnatiotlcm,
418 2346 680 2381 tribulationentque
689 2352 717 2373 et
730 2346 882 2381 angustiam
901 2353 966 2373 casu
979 2353 1026 2373 ac-

268 2410 289 2425 "
303 2409 380 2436 .loan.
396 2417 461 2441 xvu,
476 2410 502 2436 5.
558 2409 580 2425 ⁸⁸
592 2409 663 2436 Psal.
680 2416 742 2441 XLV,
760 2408 803 2435 Η.

235 2446 278 2470 50.
315 2445 334 2459 ⁵³
356 2445 405 2473 lsn.
427 2452 453 2475 L,
469 2445 511 2472 ll.

272 2512 327 2547 (ti?)
355 2513 391 2538 Ita
418 2520 483 2540 mss.
503 2513 637 2547 plerique,
661 2512 727 2540 editi
752 2516 779 2538 et
797 2510 937 2547 Habanus.
960 2511 1027 2539 Mss.

236 2557 302 2575 ιρι-υ
318 2549 440 2582 quidam.
462 2556 470 2572 t
484 2546 532 2582 per
546 2546 615 2575 hanc
630 2546 847 2579 observantiam,
863 2546 951 2580 illam,
967 2554 1028 2581 quae

236 2593 269 2610 τι
289 2583 491 2609 resurrectione
508 2588 559 2615 est,
574 2583 716 2616 cortsequi,
729 2591 738 2608 ο
759 2586 812 2608 etc.

271 2618 327 2651 (tit)
357 2627 365 2643 ι
383 2617 548 2644 Secundunt.
564 2627 573 2643 ›
592 2618 671 2645 Deest
695 2618 721 2645 in
750 2624 815 2644 ntss.
841 2615 926 2651 Regio
949 2624 1024 2644 nmn.

240 2650 316 2679 1639.

272 2688 328 2721 (ϋτὶ)
348 2685 429 2718 Editi,
446 2696 454 2712 ι
468 2686 595 2718 credunt,
610 2687 649 2713 vel
661 2692 783 2720 quaerunt
796 2687 921 2722 gloriam.
935 2696 943 2712 ι
959 2686 1022 2714 Mss.

236 2731 332 2748 ontnes
348 2722 490 2753 omittunt,
507 2730 516 2745 ι
527 2722 706 2750 crednum'el.
724 2732 733 2748 ι

272 2757 330 2789 (uti)
357 2756 393 2782 lta
410 2755 609 2783 Genebrardus.
633 2757 686 2784 Sed
709 2757 799 2784 caeleri
822 2757 885 2784 editi
907 2762 934 2784 et
956 2764 1022 2784 mss.

240 2796 323 2816 nostri
338 2799 443 2822 multos,
464 2801 472 2815 ι
486 2799 534 2825 per
547 2799 623 2824 quos.
641 2801 650 2816 ι

275 2826 329 2861 (ϋῖ)
340 2826 387 2854 .\ls.
402 2826 503 2861 liegius
515 2833 588 2853 num.
606 2826 684 2859 H559,
703 2835 712 2850 ε
725 2827 797 2861 quod
809 2826 925 2861 Spiritus
938 2827 1024 2861 loqui<

843 2408 865 2423 ’⁸
882 2408 959 2435 Rom.
975 2416 1004 2440 ll,
1023 2408 1050 2441 8,
1066 2408 1093 2437 9.

550 2445 574 2461 '°
590 2444 661 2472 Psal.
677 2451 726 2477 cn,
740 2444 768 2477 '2,
783 2444 809 2470 3.
848 2444 868 2459 ⁵¹
886 2443 939 2470 lsa.
956 2451 982 2475 v,
996 2443 1040 2470 2|.

1081 2257 1224 2287 nerantur,
1244 2253 1307 2281 dttnt
1333 2254 1360 2281 hi
1377 2254 1423 2288 qui
1445 2254 1518 2288 apud
1542 2253 1707 2287 semetipsos
1720 2250 1810 2285 predum

1081 2304 1156 2331 sunt,
1171 2304 1198 2326 et
1212 2299 1239 2326 in
1259 2303 1407 2335 conspectu
1423 2307 1473 2328 suo
1488 2299 1629 2335 sapientes
1640 2299 1675 2330 ⁵³,
1692 2292 1810 2332 druidum"

1081 2346 1171 2373 buerit
1189 2354 1237 2381 pro
1254 2346 1312 2381 lege
1327 2345 1478 2374 defendunt
1493 2355 1500 2374 :
1520 2351 1547 2374 et
1562 2346 1625 2373 inde
1647 2348 1677 2372 lit
1694 2350 1719 2371 ut
1731 2340 1810 2368 milia”

1133 2408 1155 2425 ⁸⁵
1169 2409 1263 2436 Matth.
1282 2416 1307 2441 ν,
1323 2409 1366 2437 18.
1405 2409 1427 2425 ⁸⁷
1444 2408 1523 2437 Rom.
1539 2416 1570 2440 ιι.
1585 2408 1614 2441 6,
1630 2407 1658 2436 7.
1694 2407 1715 2422 ⁸⁵
1726 2407 1732 2432 ί
1744 2403 1790 2436 Wi-
1801 2409 1810 2421 “

1082 2516 1137 2546 tur,
1150 2520 1160 2536 ι
1178 2515 1231 2538 etc.
1248 2510 1325 2538 Alter
1337 2510 1436 2546 Regius
1456 2519 1530 2538 num.
1560 2510 1639 2542 ιθιο,
1658 2520 1668 2536 ι
1685 2508 1727 2544 qui
1741 2506 1810 2546 Spintr

1080 2545 1235 2586 loquatur,»
1252 2551 1305 2574 etc.
1320 2543 1479 2574 Sed—caeteri
1495 2554 1573 2578 mss.,
1586 2546 1710 2573 Rabanus
1720 2548 1742 2570 et
1751 2543 1810 2567 eumn

1080 2589 1106 2608 In
1125 2586 1210 2608 textu.

1115 2616 1173 2652 (68)
1191 2616 1241 2644 Ms.
1258 2617 1360 2652 Regius
1373 2624 1448 2644 num.
1463 2616 1543 2650 1639,
1561 2625 1574 2652 ε
1587 2616 1660 2650 quod
1677 2612 1750 2648 iniqui
1759 2618 1787 2652 cui
1795 2610 1810 2652 εἰ)

1079 2651 1106 2691 in
1117 2641 1243 2685 ignem—3
1560 2641 1687 2678 Ra'bauus
1706 2641 1730 2676 ei
1744 2641 1810 2672 t’tilll‘l

1079 2690 1105 2712 iu
1122 2690 1214 2713 nostro
1229 2692 1316 2715 textu.

1114 2712 1170 2756 (7697)
1190 2712 1316 2749 ιιηῖπὶξξ
1330 2727 1357 2749 ct
1380 2722 1455 2749 editi.
1472 2720 1601 2748 Rabanns
1625 2728 1699 2751 vero.
1716 2712 1810 2745 tltcpii‘

1078 2757 1179 2783 ruiuate
1194 2758 1272 2790 ignes
1285 2763 1402 2789 vestros.
1417 2763 1444 2783 et
1457 2757 1605 2787 ﬂammarii,
1620 2766 1628 2782 ι
1645 2760 1696 2782 etc.

1113 2792 1169 2826 (70)
1187 2793 1392 2825 Geneltrardus,
1412 2802 1420 2818 ε
1433 2791 1585 2826 discipulis,
1602 2802 1610 2816 ι
1629 2791 1706 2818 male.
