1831 3049
5 119 44 147 ἰ85

9 178 96 204 uident
119 176 245 210 veritati,
269 175 474 210 obtemperetur
503 179 595 202 autem
625 173 773 210 iniquitati.

5 224 113 251 indidere
131 229 223 258 porro,
237 229 286 257 pro
307 229 360 249 non
376 221 501 253 credere,
514 221 556 248 vel
569 228 621 248 non
636 221 777 255 obtempe-

5 277 59 300 are,
76 270 146 296 solet
158 269 183 295 in
197 267 349 302 Scripturis
367 267 470 295 sanctis
485 266 611 300 inveniri,
627 266 698 293 sicut
707 270 735 293 et
750 266 776 292 in

8 322 39 341 oc
55 314 114 341 loco
129 322 135 341 :
153 313 224 348 quod
242 314 313 340 forte
335 313 428 348 aptius
441 312 555 340 Latinus
579 312 714 346 interpres
729 318 778 346 po-

5 360 86 386 uisset
102 358 170 394 (7i),
184 359 207 386 si
221 359 356 386 dixisset:
369 358 419 392 Qui
439 366 491 385 non
509 358 639 386 obcdiunt
655 357 775 389 veritati,

5 405 34 431 ed
47 404 177 431 obediunt
195 404 345 438 iniquitati.
364 403 458 431 Omnis
471 410 537 439 ergo
553 405 599 439 qui
620 402 740 430 alienum
759 410 774 429 a

6 449 101 475 critate
121 448 173 475 iter
189 448 351 483 ingreditur,
362 456 411 476 nec
425 448 550 482 sequitur
565 455 626 474 eum
637 448 683 482 qui
694 447 773 478 dixit,

15 493 68 528 Ego
87 500 147 519 sum
168 493 271 520 veritas
284 493 319 525 “,
333 502 344 519 ι
359 492 455 520 ditlldit
481 492 600 524 veritati,
630 496 658 520 et
682 491 775 519 inobo—

5 538 65 565 ῑίεηε
84 543 124 564 est
142 537 178 564 el.
197 536 244 565 Sic
255 538 302 572 qui
318 544 372 564 non
383 536 470 564 solum
483 536 540 571 (72)
556 536 584 563 in
599 536 773 566 actibus,sed

6 583 53 609 tin
72 583 198 610 sensibus
212 587 240 610 et
263 582 290 609 ln
311 583 363 610 llde
377 585 488 614 errant;
502 581 575 616 quod
599 581 718 608 maxime
739 589 772 609 ex

5 630 158 657 onteutione
182 630 327 664 contingit.
349 628 404 656 Sed
427 633 454 656 et
479 628 525 663 qui
549 627 692 662 sapientiae
703 627 774 655 obsi-

5 680 67 707 tum,
81 680 109 701 et
130 675 243 709 iustitia:
269 681 301 701 ac
325 673 550 705 sanetitlcationi,
567 672 678 700 Christo
706 672 774 699 diﬂl.

7 726 59 749 unt.
77 721 121 755 qui
143 721 214 747 sicut
232 719 334 747 veritas
353 723 406 752 est,
423 718 458 746 ita
471 722 498 746 et
517 718 665 753 sapientia,
683 717 720 744 ita
745 721 773 745 et

5 767 163 793 anctiticatio
181 771 223 793 est
234 766 268 793 ".
281 765 340 793 Non
349 765 543 800 obtemperare
555 768 646 792 autem
659 763 772 791 Christo

6 811 29 837 ni
45 811 151 845 justitia
171 815 226 843 est,
243 811 295 838 hoc
309 810 553 844 estobtemperare
579 809 728 844 iniquitati,
743 813 770 836 et

6 856 26 881 is
39 856 143 882 actibus
157 862 225 890 quos
244 855 303 890 (73)
316 855 376 883 sine
401 855 483 882 dubio
501 860 707 890 consequuntur
724 854 769 881 illa

5 909 40 927 ιω
52 901 153 936 scripta
167 906 244 934 sunt.
267 911 279 928 ι
294 902 335 928 ira
359 906 387 929 et
412 901 573 937 indignatio,
590 900 728 929 tribulatio
743 905 771 927 ct

5 947 101 981 "gustia
115 946 149 974 “.
163 956 172 972 ι
193 947 282 974 Deira
302 947 439 982 saepeiam
455 947 576 974 diximus
594 946 666 982 quod
685 946 770 974 inter-

5 999 42 1017 uin
57 992 112 1027 ipse
122 991 169 1026 qui
184 999 215 1019 ex
230 992 513 1026 peccaticonscientia
525 992 624 1019 animae
637 991 769 1019 incutitur

5 1038 125 1070 ruciatus,
148 1038 188 1064 ira
205 1038 373 1072 appelletur:
387 1036 537 1073 indignatio
558 1041 649 1065 autem
660 1058 667 1070 .
684 1038 768 1072 ipsius

7 1090 27 1107 a:
42 1086 128 1109 tumor
140 1082 252 1116 quidam
271 1082 441 1118 signiﬁcatur
462 1082 529 1117 (74),
547 1087 574 1110 et
598 1090 647 1117 per
661 1082 766 1117 singula

5 1133 90 1159 nmque
101 1127 249 1153 commotio
266 1136 273 1154 :
292 1132 321 1154 ut
333 1127 367 1159 si,
385 1127 459 1154 verbi
480 1127 582 1160 gratia,
599 1127 695 1153 vulnus
716 1127 766 1152 ali-

5 1171 48 1196 nod
60 1171 208 1204 pessimum
224 1171 292 1198 iram
306 1178 449 1205 pouaums,
474 1169 554 1204 hujus
568 1175 660 1197 autent
675 1175 766 1197 tumor

5 1222 7 1239 ι
23 1216 158 1248 distentio,
181 1215 330 1251 indignatio
347 1215 467 1243 vulneris
484 1215 644 1250 appelletur.
667 1215 766 1243 Tribu-

5 1260 42 1286 itio
57 1268 119 1288 vero
132 1268 216 1297 quam
228 1261 404 1297 subsequitur
417 1262 553 1297 angustia,
567 1269 619 1289 non
633 1266 676 1290 est
688 1261 764 1290 simi-

5 1314 16 1332 s
27 1308 138 1340 putanda
153 1307 194 1335 illi
208 1307 383 1335 tribulationi
399 1308 432 1335 de
455 1315 508 1342 qua
521 1307 588 1334 dicit
604 1307 763 1342 Apostolus,

5 1352 40 1378 uia
52 1361 61 1378 ι
75 1352 216 1380 tribulatio
226 1353 386 1388 patientiam
394 1357 526 1388 operatur
540 1353 574 1379 ".
588 1362 598 1379 ι
628 1353 674 1380 illa
690 1353 762 1381 enim

5 1396 39 1423 dis
62 1397 200 1425 tribulatio
224 1398 378 1432 angustiam
408 1405 461 1425 non
488 1398 569 1425 habet
596 1398 763 1434 subsequen-

5 1449 43 1474 ειη,
57 1442 124 1470 sicut
135 1448 163 1470 et
187 1443 243 1478 ipse
258 1444 404 1478 Apostolus
416 1444 479 1471 dicit
495 1453 502 1471 :
524 1453 533 1470 t
549 1443 761 1473 Tribulationem

5 1487 106 1521 alimur,
132 1489 181 1517 sed
213 1497 266 1517 non
297 1490 487 1525 angustiamur
507 1490 541 1516 ".
570 1499 580 1516 ι
612 1490 670 1519 imo
696 1499 760 1520 vero

6 1532 55 1567 83
69 1541 119 1561 non
138 1534 227 1562 solum
245 1535 345 1562 nullam
368 1536 521 1570 angustiam
545 1535 686 1564 tribulatio
714 1536 759 1564 illa

6 1583 145 1613 uictorum,
158 1580 208 1607 sed
224 1579 394 1607 latitudinem
412 1581 506 1608 habet.
524 1580 644 1615 Denique
664 1582 704 1609 sic
719 1583 760 1610 tli-

9 1621 120 1656 tjustus
145 1631 153 1651 :
185 1632 195 1650 t
224 1623 253 1652 In
283 1625 459 1653 tribulatione
485 1625 605 1652 dilatasti
633 1634 677 1654 tne
695 1627 728 1654 ".
749 1637 758 1654 ι

7 1667 60 1701 ujns
75 1668 227 1697 latitudinis
242 1676 270 1698 ct
283 1671 432 1706 Apostolus
446 1674 575 1702 conscius
589 1675 639 1702 sibi
656 1674 690 1702 ad
707 1674 760 1700 Co-

6 1715 86 1742 uthios
96 1716 192 1743 scribit
208 1716 230 1732 ⁵⁸
250 1725 257 1743 :
277 1726 287 1743 t
306 1717 364 1746 Non
376 1719 569 1754 angustiamini
594 1720 620 1747 in
636 1728 697 1753 me,
712 1721 760 1747 sed

7 1761 160 1794 ngustiamini
194 1763 221 1791 in
247 1764 396 1792 visceribus
411 1766 518 1793 vestris.
539 1775 549 1792 ›
573 1766 607 1794 Et
630 1766 759 1794 addidit:

11 1806 155 1836 Dilatamini
172 1814 200 1837 et
215 1817 274 1838 vos.
292 1819 302 1836 ι
320 1810 427 1839 idcirco
441 1819 506 1847 ergo
523 1812 594 1840 Deus
610 1812 644 1839 de
656 1814 759 1840 sanctis

7 1852 32 1878 Iis
43 1860 106 1887 quos
121 1855 231 1883 dilatari
252 1857 337 1890 novit,
356 1863 383 1885 et
396 1858 498 1886 habere
516 1858 587 1886 intra
604 1858 697 1887 cordis
714 1858 759 1886 sui

7 1899 136 1928 illlit‘iiium
163 1902 252 1936 spatia
277 1903 357 1938 longe
380 1903 488 1940 lateque
511 1904 626 1938 dili’usa,
656 1905 724 1934 dicit
750 1914 758 1932 :

14 1942 140 1972 llabitabo
156 1946 182 1973 in
201 1947 253 1979 eis,
267 1952 296 1974 et
314 1948 488 1976 inambulabo
501 1949 534 1977 ⁸³.
553 1959 562 1975 ι
588 1949 645 1978 Hoc
660 1958 758 1978 munus

11 1987 58 2015 Deo
81 1990 148 2018 inter
172 1997 271 2020 cetera
298 1994 438 2028 sapientia:
465 2003 577 2023 munera
600 1996 706 2030 accepit
731 2000 759 2023 et

7 2035 111 2068 ilmnon,
126 2038 200 2065 sicut
220 2039 352 2075 scriptum
369 2045 411 2068 est
428 2049 436 2067 :
455 2050 464 2067 ι
481 2041 514 2069 Ει
529 2041 613 2074 dedit,
633 2052 643 2069 ι
658 2043 757 2078 inquit,

7 2081 125 2110 Dominus
140 2084 279 2112 Salonioui
297 2086 353 2121 (75)
366 2087 535 2121 prudentiam
548 2088 658 2116 multam
671 2089 756 2121 valde,

19 2126 182 2157 latitudinem
207 2131 298 2158 cordis
315 2131 348 2159 ‘°.
365 2141 375 2158 ›
391 2132 419 2159 In
438 2132 488 2160 hac
512 2140 578 2168 ergo
601 2139 756 2161 sanctorum

465 112 645 143 COMMENT.
666 114 699 141 ΙΝ
722 112 831 141 ΕΡΙΒΤ.
853 112 899 139 AD
918 111 999 139 ROM.
1022 111 1086 138 ltili.
1111 109 1142 136 Il.

1563 110 1618 137 888

789 175 813 203 Α
827 171 903 199 bulat
927 171 1007 199 Deus.
1034 169 1063 197 lu
1079 172 1252 205 peccatorum
1270 175 1337 195 vero
1352 166 1480 196 cordibus
1494 168 1539 195 ubi
1565 176 1616 195 an-

829 218 922 253 gnstite
945 222 1026 249 sunt,
1055 216 1118 251 quia
1139 215 1228 243 locum
1253 214 1386 241 dederunt
1400 214 1506 241 diabolo
1523 214 1616 250 ingre-

828 264 918 292 diendi
933 283 939 296 ,
968 262 1121 298 ingreditur
1137 261 1245 296 quidem
1266 259 1389 287 diabolus
1405 260 1461 294 (76)
1472 281 1478 291 ,
1492 262 1539 288 sed
1562 268 1617 288 non

828 314 858 337 ut
885 308 1008 340 habitet.
1028 315 1115 342 neque
1138 311 1167 333 ut
1188 305 1355 338 inambulet;
1385 306 1516 340 angustia:
1542 306 1616 333 enim

827 359 891 383 sunt
905 364 912 382 :
930 355 978 383 sed
996 359 1024 383 ut
1037 354 1120 381 lateat
1137 357 1265 388 tanquam
1282 352 1309 380 in
1328 359 1443 379 caverna
1459 359 1467 384 ;
1486 357 1526 379 est
1541 352 1615 379 enim

826 408 949 435 serpens.
971 399 1017 427 Sic
1032 407 1095 435 ergo
1113 399 1139 427 in
1157 407 1186 427 se
1209 398 1304 426 infelix
1323 398 1412 425 anima
1430 405 1512 431 quam
1527 398 1615 431 pessi-

827 454 888 475 mus
907 447 950 474 hic
964 446 1060 481 anguis
1075 446 1221 478 obsederit,
1237 444 1394 480 serpentino
1406 443 1507 478 frigore
1524 444 1616 478 rigens

826 492 984 522 attrahitur.
999 496 1026 519 et
1039 495 1208 522 coarctatur.
1224 495 1308 525 atque
1326 490 1353 517 in
1365 496 1460 516 omnes
1474 488 1615 523 angustias

823 539 955 573 cogitur:
970 537 1014 564 illa
1028 545 1092 565 vero
1107 543 1168 571 quae
1182 537 1352 571 obtemperat
1374 534 1481 562 veritati
1491 554 1501 566 ,
1524 533 1612 560 instar

823 585 884 613 coeli
896 584 1036 615 dilatatur.
1052 586 1133 617 atque
1148 580 1316 614 dillunditur,
1331 585 1359 608 et
1373 579 1438 607 solis
1450 580 1564 615 justitia:
1581 579 1614 604 il-

824 631 959 658 lustratur
973 628 1072 662 radiis,
1088 632 1116 655 et
1130 627 1192 654 aula
1208 625 1348 662 sapientiae
1369 632 1401 653 ac
1414 625 1537 653 veritatis
1553 623 1611 651 clli-

823 675 906 703 citur.

857 720 884 748 'l.
905 720 960 747 Cur
981 723 1070 747 tamen
1103 718 1143 745 ira
1167 722 1195 745 et
1213 716 1364 752 indignatio
1376 714 1469 743 ladano
1493 715 1610 749 primum

823 770 850 793 et
863 765 958 793 Graeco
973 765 995 780 ⁶¹
1011 764 1022 791 ?
1039 763 1108 797 Quia
1121 768 1148 791 et
1162 763 1248 798 gloria
1261 767 1288 789 et
1302 763 1389 790 honor
1400 761 1464 796 ipsis
1480 761 1608 796 primum.

823 811 904 839 Prius
919 812 991 838 enim
1008 810 1062 838 illis
1077 810 1179 837 credita
1194 813 1260 837 sunt
1277 808 1383 843 eloquia
1400 807 1447 834 Dei
1465 807 1498 839 ",
1515 812 1542 833 et
1559 806 1609 841 ipsi

823 857 915 884 dicunt
933 865 941 883 :
963 865 972 882 t
1000 856 1073 883 Beati
1098 863 1192 883 sumus
1213 853 1310 885 Israel,
1327 853 1390 888 quia
1415 860 1476 888 quae
1500 852 1609 887 placent

822 902 887 932 Deo,
903 902 981 929 nobis
995 906 1057 928 nota
1077 905 1140 928 sunt
1156 900 1190 928 ⁸⁸.
1210 909 1219 926 ι
1236 899 1269 927 Ει
1283 899 1344 927 ideo
1358 899 1506 927 secundum
1522 899 1609 925 Evan-

819 947 881 982 gelii
896 947 1069 980 sententiam,
1088 955 1098 972 t
1117 953 1223 979 servus,
1237 945 1283 980 qui
1299 945 1426 980 cognovit
1440 944 1607 971 voluntatem

819 993 921 1019 domini
943 992 985 1019 sui
1001 1013 1008 1024 ,
1026 996 1053 1019 et
1080 998 1133 1018 non
1159 991 1224 1018 fecit
1238 1011 1245 1024 ,
1262 991 1342 1025 digne
1369 990 1454 1025 plagis
1471 989 1609 1023 vapulabit

820 1036 925 1069 multis,
945 1046 954 1062 ι
973 1036 1025 1064 hoc
1041 1040 1085 1064 est
1099 1034 1210 1063 Judaens
1230 1043 1237 1061 :
1258 1044 1268 1061 t
1285 1035 1330 1070 qui
1343 1039 1433 1062 autem
1446 1042 1497 1061 non
1508 1042 1609 1069 cogno-

819 1082 866 1114 vit,
882 1091 892 1108 ι
905 1081 1027 1114 Graccus,
1042 1081 1120 1108 idest
1144 1081 1265 1115 gentilis,
1280 1089 1290 1105 ι
1303 1079 1540 1114 vapulabilpaucis
1549 1079 1582 1105 “.
1593 1088 1604 1106 ι

816 1126 932 1154 Interest
954 1126 1028 1154 enim
1053 1127 1214 1161 cognovisse
1229 1125 1324 1158 Deum,
1341 1131 1367 1152 et
1385 1126 1544 1159 cognovisse
1560 1132 1605 1151 vo-

817 1173 949 1200 luntatem
960 1172 1018 1205 Dei,
1031 1172 1095 1208 quia
1106 1172 1232 1206 cognosci
1241 1171 1311 1198 Deus
1327 1180 1336 1197 ι
1352 1179 1367 1198 a
1379 1175 1503 1198 creatura
1512 1171 1603 1198 tnumli

818 1225 866 1252 per
880 1225 911 1245 ea
927 1225 987 1252 qua:
1009 1217 1080 1244 facta
1096 1221 1159 1245 sunt
1178 1225 1188 1242 ι
1205 1217 1287 1244 etiam
1307 1223 1321 1243 a
1344 1215 1494 1252 gentilibus
1506 1217 1602 1250 putuit,

815 1267 842 1290 et
855 1271 866 1289 ι
878 1262 1042 1297 sempiterna
1050 1261 1109 1296 ejus
1122 1262 1209 1290 virtus
1220 1269 1253 1289 ac
1262 1261 1390 1289 divinitas
1399 1261 1437 1289 “:
1457 1271 1466 1288 ι
1479 1262 1604 1290 voluntas

815 1315 880 1335 vero
899 1308 957 1343 ejus
973 1315 1026 1335 nott
1040 1307 1091 1334 nisi
1111 1314 1144 1334 ex
1157 1306 1228 1342 Lege
1241 1307 1430 1341 cognoscitur,
1442 1311 1469 1334 et
1485 1308 1601 1342 prophe-

815 1355 860 1382 tis.
884 1353 982 1382 Verum
997 1354 1125 1387 quoniam
1143 1358 1171 1381 et
1190 1354 1223 1380 ad
1238 1361 1345 1389 pmnam
1359 1359 1386 1381 et
1400 1354 1540 1389 prmtninm
1553 1352 1603 1380 Ju-

815 1399 892 1428 daeos
915 1399 1035 1435 praefert,
1052 1403 1080 1426 et
1099 1398 1209 1427 Graecos
1225 1400 1361 1434 postponit
1383 1399 1541 1434 Apostolus,
1558 1407 1602 1426 re-

813 1446 974 1481 quirendum
992 1451 1033 1473 est
1046 1452 1114 1480 quos
1128 1445 1170 1473 hic
1185 1445 1295 1472 Graecos
1305 1465 1312 1477 ,
1331 1453 1399 1479 quos
1411 1445 1518 1472 Judtcos
1537 1445 1605 1472 relit

813 1491 937 1526 intelligi.
952 1491 980 1520 Si
996 1491 1058 1519 illos
1073 1491 1139 1518 dicit
1164 1490 1279 1523 Judteos,
1297 1491 1342 1526 qui
1365 1491 1452 1518 adhuc
1465 1490 1515 1518 sub
1529 1489 1602 1526 Lege

815 1543 899 1570 sunt,
918 1543 946 1565 et
966 1537 1000 1565 ad
1016 1537 1154 1565 Christum
1171 1545 1224 1564 non
1243 1538 1370 1571 veniunt,
1390 1543 1417 1565 et
1431 1537 1602 1566 Christianos

814 1582 934 1614 Graecos,
953 1582 980 1610 id
1001 1587 1043 1610 est
1063 1583 1108 1617 qtti
1129 1590 1162 1609 ex
1183 1583 1308 1616 gentibus
1334 1585 1464 1616 credunt,
1493 1583 1601 1610 videtur

811 1634 907 1657 contra
924 1629 1007 1656 totius
1021 1629 1143 1664 mystcrii
1159 1630 1251 1657 venire
1265 1630 1437 1657 sententiam.
1458 1629 1600 1663 Quomodo

812 1675 884 1702 enim
909 1674 946 1702 illi
973 1675 1053 1710 primi
1081 1675 1205 1702 dicentur
1228 1676 1261 1702 de
1286 1675 1385 1710 qnibtts
1411 1675 1510 1702 dictum
1535 1681 1599 1703 est:

814 1728 824 1746 ι
841 1719 911 1746 Ecce
927 1723 1008 1746 erunt
1024 1719 1102 1752 primi
1115 1720 1255 1747 novissimi
1272 1721 1321 1750 ⁶⁸;ι
1334 1725 1362 1748 et
1372 1721 1404 1747 ad
1420 1728 1488 1755 quos
1500 1721 1599 1748 iterum

811 1765 896 1792 dicit:
916 1773 926 1790 t
946 1764 1016 1791 Ecce
1037 1765 1204 1800 relinquetur
1219 1765 1296 1793 vobis
1314 1765 1409 1793 domus
1433 1771 1522 1795 vestra
1552 1767 1599 1793 du-

810 1815 882 1836 serta
897 1809 945 1836 ‘7?
968 1817 978 1835 ι
999 1809 1030 1836 Et
1048 1810 1166 1843 iterum,
1184 1817 1244 1837 cum
1275 1810 1437 1837 accessisset
1463 1811 1496 1836 ad
1521 1811 1602 1838 licui—

810 1862 888 1882 neam
908 1854 1044 1889 Salvator,
1061 1855 1087 1881 in
1102 1862 1155 1890 qua
1171 1862 1224 1882 non
1241 1854 1346 1882 invertit
1361 1855 1499 1888 fructum,
1517 1857 1598 1889 dixit,

809 1901 872 1936 quia
897 1909 906 1926 t
927 1907 1064 1935 nunquam
1087 1907 1121 1928 cx
1150 1905 1177 1928 te
1203 1900 1309 1929 fructus
1333 1907 1460 1928 nascatur
1474 1902 1506 1928 “.
1537 1912 1547 1928 ι
1568 1903 1604 1930 Et

809 1947 863 1973 dtio
880 1946 970 1981 populi
995 1947 1023 1973 in
1054 1951 1132 1974 utero
1159 1947 1287 1975 Rebeccae
1311 1947 1543 1982 designabantur,
1564 1957 1597 1975 cx

811 1993 912 2028 quibus
934 1992 1126 2027 dicitur,quia
1142 2001 1151 2018 t
1173 1993 1260 2027 major
1287 1994 1386 2021 serviet
1412 1994 1522 2027 minori,
1543 2004 1552 2020 ι
1571 2000 1598 2022 et

812 2039 900 2065 minor
917 2039 1023 2073 accepit
1036 2039 1253 2067 benedictionem
1270 2040 1401 2074 primatus
1418 2040 1441 2056 ⁶⁹
1459 2039 1524 2076 (77).
1541 2041 1594 2068 Sed

810 2088 838 2112 et
854 2082 907 2111 alia
923 2083 1072 2112 secundum
1087 2086 1136 2113 hoc
1152 2085 1293 2113 innumera
1309 2085 1334 2112 in
1352 2084 1502 2121 Scripturis
1519 2087 1595 2113 inve-

809 2132 877 2159 nies.
891 2131 920 2159 Si
936 2139 1002 2160 vero
1013 2131 1122 2160 Judaeos
1147 2139 1215 2165 nos,
1238 2131 1264 2159 id
1289 2137 1331 2160 est
1354 2133 1528 2160 Christianos
1550 2141 1598 2168 ap-

787 840 808 868 Β

8 2172 60 2200 ταῖς
82 2174 225 2204 latitudine
246 2185 298 2204 non
315 2178 403 2205 solum
419 2179 540 2211 habitat,
561 2180 608 2207 sed
625 2185 653 2207 et
668 2179 754 2207 inam-
770 2186 792 2214 ι)
807 2177 901 2212 pellat,
914 2182 941 2205 et
960 2185 1022 2211 eos,
1052 2178 1097 2213 qui
1122 2185 1155 2205 ex
1182 2178 1255 2206 omni
1281 2186 1382 2213 genere
1407 2180 1595 2211 crediderunt,

11 2241 114 2281 (iisan.
133 2252 187 2274 xiv.
205 2244 231 2271 6.
261 2246 294 2281 7"
310 2245 318 2272 Ι
335 2246 396 2273 Cor.
415 2255 433 2278 t,
448 2247 494 2274 50.
532 2248 554 2263 ⁸⁵
569 2246 648 2275 Rom.
664 2256 693 2281 ll,
705 2248 732 2281 8,
748 2247 775 2275 9.

319 2281 341 2297 ⁸³
356 2282 443 2309 Levii.
457 2289 531 2314 xxvi.
553 2283 586 2309 li
605 2292 613 2316 ;
634 2283 653 2310 ll
672 2284 734 2310 Cor.
755 2291 790 2315 vi,
809 2282 852 2310 l6.

19 2276 35 2302 ll
49 2277 106 2304 Cor.
123 2287 158 2309 vi,
174 2281 217 2311 12,
237 2280 279 2308 13,

11 2320 49 2351 nn.
68 2321 105 2351 In,
125 2315 152 2341 2.
191 2316 213 2331 °“
226 2316 340 2343 Barnch.
365 2324 401 2348 tv,
422 2317 449 2344 4.
489 2317 512 2333 δι
522 2317 588 2345 an.
604 2318 767 2351 χιι,47,48.

15 2346 101 2375 Matth.
121 2357 177 2381 xxi,
199 2351 242 2377 l9.
281 2351 303 2367 °‘
326 2346 623 2385 Geii.xxt',‘25;xxt'ii,
641 2346 686 2381 ΞΕ).

12 2415 123 2456 (7l)__Si_c
138 2423 211 2446 recte
225 2427 274 2447 ms.
288 2420 388 2456 Regius
404 2429 476 2449 num.
490 2422 567 2449 1641.
578 2423 674 2450 Cmteri
687 2431 754 2451 vero

9 2458 30 2476 ss
43 2471 49 2482 .
63 2451 191 2492 [labantis
202 2459 229 2481 et
242 2456 316 2492 editi.
329 2451 425 2492 iqnod
440 2457 508 2492 forte
523 2457 692 2492 aptinsi(ms.
704 2458 754 2486 Re<

9 2493 113 2526 itSiIIllll.
126 2489 203 2526 165‘).
215 2489 284 2522 quod
300 2489 408 2523 Ionius)
423 2501 430 2515 t
450 2489 563 2519 Latinus
578 2489 752 2526 interpretari

9 2524 117 2561 inisset,
134 2524 190 2561 si.)
217 2529 270 2551 etc.
298 2526 380 2552 Paulo
403 2531 463 2561 post
488 2535 538 2554 ms.
557 2524 656 2561 lii-gius
677 2536 751 2555 num.

11 2556 50 2595 δέ),
78 2559 193 2595 «omnis
210 2567 274 2593 ergo
297 2560 343 2594 qtti
371 2556 459 2587 alieno
486 2570 500 2588 ιι
526 2556 640 2588 veritate
658 2563 753 2590 itint-rc

9 2590 99 2629 agitur.
114 2602 122 2618 ι
135 2593 188 2619 Sed
200 2590 287 2620 σίυῖθτῑ
299 2590 377 2627 iiiss.,
391 2595 456 2622 Rath.
473 2596 572 2622 ctt‘tliti
588 2602 615 2622 ut
632 2597 656 2622 in
667 2603 752 2626 textu.

12 2624 61 2665 ('72)
84 2626 119 2652 Ita
141 2632 214 2665 recte
238 2636 302 2665 mss.
326 2624 456 2665 plerique.
475 2631 570 2658 Cameri
590 2639 653 2658 γι·το
676 2624 753 2664 mss,

9 2660 96 2700 dianus
109 2667 134 2688 ct
148 2663 224 2700 editi,
240 2664 281 2690 tsi
295 2660 340 2699 qui
355 2660 411 2691 noti
422 2666 509 2692 solum
525 2677 533 2691 ν
552 2666 599 2699 (ai.
615 2675 624 2691 t
639 2675 683 2700 qui
701 2660 753 2694 non

12 2693 69 2724 lntn,
84 2704 92 2720 ι
111 2693 241 2724 θωίεεο]
256 2700 278 2726 si
294 2693 311 2725 ι’
324 2700 363 2727 vel
383 2711 391 2725 ι
409 2701 467 2731 sic;
484 2711 492 2726 ι
509 2701 533 2726 al
553 2693 568 2725 ἰ
583 2702 623 2728 sic
639 2693 692 2728 rion
707 2693 754 2729 so;

10 2736 58 2772 di.)
77 2732 202 2772 omisso}
216 2734 276 2767 qui;
294 2744 303 2760 ι
322 2735 355 2761 al.
374 2745 383 2760 ‹
397 2736 443 2763 sed
465 2736 511 2770 qui
532 2743 584 2762 non
607 2736 712 2772 solum)
728 2738 753 2764 in

10 2764 119 2804 {terra},
136 2776 144 2791 ι
162 2768 197 2794 al.
210 2764 230 2804 rt
242 2764 345 2801 errent,
359 2779 367 2795 ›
382 2777 434 2797 ctt‘.

11 2797 62 2831 (75)
83 2800 125 2837 Sat:
139 2810 190 2827 nis.
209 2803 307 2837 llr-gius
326 2797 399 2832 n'nm.
421 2805 498 2836 1610,
517 2805 656 2837 Μιτιιίιιιις,
681 2806 747 2833 Era-

10 2836 387 2867 Imschcnebrardtis.(lucri
404 2848 467 2868 vero
478 2849 558 2874 ιιιω..
579 2850 587 2866 t
602 2846 627 2868 cl
645 2842 671 2868 In
688 2846 751 2868 sunt

813 2248 836 2264 ⁵⁵
853 2247 931 2274 Rom.
949 2247 1013 2278 v.3.
1053 2246 1190 2275 "'llCor.
1209 2255 1245 2280 iV,
1268 2247 1294 2275 8.
1339 2249 1361 2265 ⁸⁷
1395 2249 1464 2276 Ρξιιί.
1499 2259 1534 2280 ιν,
1567 2252 1594 2278 ﬂ.

904 2283 1046 2317 "lltltog.
1069 2289 1103 2314 ιν,
1123 2282 1171 2310 29.
1221 2282 1243 2298 ⁸·
1277 2282 1354 2310 “om.
1386 2292 1414 2317 Ιῖ,
1438 2288 1465 2316 9,
1492 2286 1533 2312 l0.
1573 2288 1595 2302 ’τί

806 2318 827 2334 ³⁸³
842 2317 920 2345 Rom.
935 2326 953 2351 ι,
964 2318 1009 2345 ⁸20.
1048 2318 1070 2333 ⁸⁸
1081 2317 1174 2345 Matth.
1185 2325 1229 2350 xx,
1246 2318 1287 2345 lli.
1306 2320 1331 2334 ⁴⁷
1346 2318 1439 2347 Matth.
1451 2329 1531 2352 χχιιι,
1543 2322 1587 2348 1'14.

807 2431 892 2460 quos;
908 2433 923 2460 »ν
935 2423 1094 2451 Salodiamts
1109 2427 1135 2450 et
1150 2423 1288 2456 Rabauus,
1305 2433 1314 2450 t
1325 2431 1350 2452 et
1370 2425 1410 2451 his
1425 2434 1492 2460 quos
1510 2437 1520 2452 ι

842 2458 899 2493 (7t)
918 2459 964 2486 Sic
990 2466 1085 2485 omnes
1112 2466 1177 2485 nies.
1207 2461 1293 2487 nostri
1317 2466 1344 2487 ct
1366 2458 1503 2489 litba'nns.
1523 2462 1592 2490 Ediii

807 2501 882 2523 veru.
898 2503 906 2518 t
918 2498 1008 2520 tmnor
1023 2494 1068 2527 qui
1083 2494 1163 2520 dictis
1175 2494 1356 2528 significatur.
1370 2505 1379 2520 ι

842 2527 898 2566 (75)
917 2528 991 2566 hlss._
1008 2529 1109 2566 plures,
1136 2537 1146 2554 I
1162 2534 1190 2556 et
1204 2527 1289 2557 dedit
1306 2530 1344 2562 ei,
1363 2531 1460 2565 inquit.
1485 2541 1494 2558 ι
1524 2537 1590 2566 ριν..

807 2563 909 2590 (nuisse
924 2573 931 2587 ι
947 2563 1095 2590 Salomoui.
1110 2574 1117 2585 ι

844 2598 899 2632 (76)
914 2607 922 2623 ε
933 2597 1089 2635 Diabolus;
1109 2599 1188 2626 Deest
1201 2599 1228 2626 in
1240 2606 1304 2627 mss.
1314 2604 1342 2627 et
1353 2601 1422 2635 apud
1439 2601 1592 2634 Rabamnn,

809 2634 857 2660 sed
874 2637 964 2660 exstat
982 2633 1007 2659 in
1023 2633 1116 2660 editis.

844 2667 900 2701 (77)
916 2668 961 2694 Sic
976 2667 1040 2694 editi
1062 2668 1195 2702 plerique,
1209 2674 1236 2696 et
1251 2669 1287 2695 ita
1309 2669 1451 2703 legendum
1473 2671 1589 2698 videtur.

807 2703 934 2740 Attamen
952 2711 1131 2740 omnesinss.
1150 2707 1247 2736 nostri,
1262 2705 1320 2736 alii,
1338 2715 1346 2730 ε
1363 2711 1389 2732 ct
1407 2705 1499 2740 jnniur
1519 2715 1591 2732 atu-

808 2739 863 2772 piet
879 2738 1076 2764 benedictionis
1094 2739 1244 2772 primatus;
1259 2749 1268 2764 ι
1284 2740 1320 2766 al.
1339 2750 1347 2764 t
1369 2746 1396 2767 et
1408 2738 1504 2767 'minor
1520 2742 1591 2767 aevi.

807 2773 861 2806 piet
879 2773 1073 2799 lienedictioms
1093 2774 1237 2807 primatum
1254 2783 1260 2805 ;
1278 2783 1286 2798 ι
1306 2776 1354 2804 aL,
1376 2786 1387 2800 ι
1402 2779 1428 2801 ct
1442 2776 1531 2801 Illillttl'
1546 2783 1591 2801 ac-

806 2808 876 2839 cepit
891 2807 1085 2834 benedictionis
1099 2810 1241 2841 primum.
1265 2820 1274 2834 ι
1300 2810 1389 2836 luditio
1405 2809 1515 2841 Veneta,
1539 2819 1548 2834 ι
1564 2817 1592 2837 ct

808 2850 895 2869 mmor
910 2848 1018 2877 aetepta
1032 2843 1220 2871 benedictione
1237 2844 1376 2878 praelatus.
1395 2854 1405 2870 ι
