1835 3047
9 107 44 134 93

9 170 85 190 πυιιι
109 169 124 190 a
142 163 209 196 Deo,
230 171 241 190 ι
270 170 324 190 non
349 167 513 197 atramento,
532 165 580 192 sed
611 164 713 199 Spiritu
737 164 782 192 Dei
799 165 821 192 A

9 209 41 235 iri
64 209 94 236 ".
112 219 122 235 ι
137 209 214 242 Quod
239 214 329 237 autem
355 210 432 243 dicit,
450 218 460 236 ι
487 210 512 237 in
529 210 674 244 cordibus,
694 220 704 237 ›
728 220 780 238 non

9 259 28 281 st
46 255 195 288 putandum
221 255 283 289 quia
302 255 328 283 in
345 255 467 283 membro
482 257 615 291 corporis,
638 257 709 291 quod
734 265 782 284 cor

9 301 161 335 ppellatttr,
183 301 225 328 lex
250 302 351 336 scripta
375 301 493 330 dicatur.
518 302 594 330 Unde
619 304 691 331 enim
715 312 780 331 caro

9 352 34 373 ut
54 352 145 374 tantos
171 348 322 382 prudentiae
346 355 442 375 sensus
466 349 552 383 possit
575 349 712 381 entittere,
733 355 781 377 aut

9 398 66 419 una
94 394 231 420 memoriae
270 394 440 429 receptacula
470 395 612 422 contittere
640 396 678 430 (ὅ)
699 396 780 424 ?Sed

9 439 128 465 :ir-ndum
144 444 187 466 est
209 439 368 467 rationalem
386 441 483 467 anima:
507 441 635 468 virtutem
661 450 709 468 cor
734 450 779 469 so-

9 493 44 511 :re
57 485 205 513 nominari.
222 488 314 521 Atque
332 486 370 522 (4)
384 487 538 515 testimonio
551 495 623 515 sana:
639 489 780 516 conscien-

10 537 31 556 -.e
57 530 94 556 uti
119 530 265 564 Apostolus
292 532 360 559 dicit
379 539 436 565 eos,
451 532 496 567 qui
514 532 679 567 descriptam
693 533 780 560 conli-

9 581 52 601 ent
69 575 94 602 in
107 576 237 604 cordibus
257 577 357 611 legem.
378 577 457 605 Unde
476 578 659 605 neceSSariurn
674 579 781 606 videtur

9 621 133 655 iscuterc,
150 622 216 657 quid
230 623 301 651 istud
314 624 351 651 sit
365 623 437 659 quod
451 625 644 652 conscientiam
663 625 780 660 Aposto-

9 675 30 694 ts
41 673 120 694 vocat
133 677 140 695 :
156 674 283 697 utrumne
294 669 346 697 alia
365 670 401 697 sit
413 670 503 706 aliqua
520 670 682 703 substantia,
697 679 778 705 quam

9 721 45 746 or,
66 714 108 741 vel
122 715 225 742 anim.
246 716 309 744 llaec
336 717 408 744 enim
431 717 598 745 conscientia
619 718 657 753 (5)
674 722 701 745 et
714 717 777 745 alibi

9 760 99 794 icitur,
108 761 171 795 quia
183 762 377 797 reprehendat,
390 770 443 790 non
455 763 678 797 reprehendatur,
695 768 721 791 et
733 763 778 799 ju-

9 806 57 833 icet
78 807 229 840 hominem,
243 815 295 835 non
319 808 376 842 ipsa
389 808 539 843 judicetur,
560 809 629 836 sicut
645 809 683 835 ait
697 808 777 836 Joanv

468 103 648 132 COMMl-ZNT.
670 103 703 131 IN
723 103 833 131 EPIST.
854 104 899 132 AD
919 103 1003 132 R0,“.
1022 103 1086 131 LIB.
1105 102 1136 130 ll.

1570 104 1622 133 81V.

872 164 914 192 l0.
936 163 1013 190 Nunc
1027 163 1167 190 videantns
1178 162 1249 197 quod
1264 163 1407 197 sequitur:
1427 171 1436 189 ι
1461 162 1494 190 Ει
1509 162 1578 190 inter
1593 172 1622 191 se

835 211 949 237 invicem
970 209 1180 243 cogitationibus
1193 207 1395 242 accusantibus,
1413 214 1460 235 aut
1476 209 1558 235 etiattt
1574 209 1623 236 de-

834 255 1004 283 fendentibus
1017 255 1043 282 in
1055 255 1107 287 die,
1122 255 1323 289 cnmjndicabit
1335 255 1405 281 Deus
1418 255 1520 282 osculta
1535 255 1623 281 homi-

833 309 895 327 nunt
911 301 1057 328 secundutn
1073 301 1246 336 Evangelium
1263 308 1419 334 nteutn,per
1433 299 1526 328 Jcsum
1543 300 1623 327 Chri-

832 345 945 372 stum".
966 354 974 370 ι
996 344 1107 371 [lectum
1130 345 1261 379 judicium
1285 344 1331 371 Dei
1352 352 1411 372 csse
1427 345 1487 380 quis
1503 345 1620 377 dubitet,

832 390 875 416 ubi
901 396 1095 423 accusatores,
1113 396 1141 417 et
1163 391 1320 418 defensores
1344 391 1507 417 adhibentur
1526 395 1552 417 et
1582 395 1621 417 lc-

831 436 909 462 stes?
922 435 952 462 Et
967 436 1075 470 quidem
1090 436 1123 463 de
1136 437 1188 463 ltoc
1200 435 1275 470 justo
1288 435 1334 462 Dei
1347 435 1450 470 judicio
1470 443 1518 462 nos
1535 436 1621 462 homi-

832 488 879 507 nes
894 480 1034 514 capiamus
1047 481 1211 516 exemplum,
1231 489 1278 508 ttec
1296 486 1420 515 putemus
1432 489 1550 515 unquam
1563 481 1622 507 sine

831 533 985 558 accusante,
999 532 1025 553 et
1047 526 1218 558 defendente,
1238 533 1265 554 et
1281 528 1394 554 testibus
1407 528 1509 562 justum
1525 527 1621 554 ltahcri

830 579 908 606 posse
927 570 1064 605 judicium.
1081 572 1181 599 Deinde
1203 572 1346 599 videndum
1373 577 1415 599 est
1435 573 1572 608 quomodo
1591 573 1619 600 in

831 617 873 643 illa
886 618 1004 648 diemnm
1013 618 1145 651 judicabit
1158 617 1227 645 Deus
1240 618 1345 645 occulta
1359 619 1507 649 hominum,
1517 619 1621 653 cogita-

831 662 917 690 tiones
931 662 1013 699 487
1031 663 1070 690 vel
1097 664 1263 691 accusabttnt
1289 664 1421 696 animam,
1451 664 1492 690 vel
1524 664 1618 690 tit-fen-

829 709 904 740 denl,
922 718 974 736 non
992 710 1086 744 ttliqtte
1104 709 1156 736 illa:
1172 710 1352 744 cogitationes
1366 717 1427 744 qua:
1443 716 1507 736 tuttc
1525 716 1619 743 erunt,

828 755 876 782 sed
889 754 946 782 ista:
965 763 1026 790 quae
1046 763 1117 782 nunc
1134 761 1197 783 sttnt
1222 756 1249 783 in
1273 757 1360 784 nobis.
1387 756 1453 783 Cum
1477 757 1548 783 enim
1563 757 1620 784 sive

830 800 909 831 bona,
934 802 992 827 sive
1017 800 1086 827 tnala
1102 801 1269 835 cogitamus,
1292 801 1366 828 velut
1383 801 1408 827 itt
1427 801 1499 827 ceris
1513 801 1562 837 (9),
1582 801 1619 827 ita

9 859 35 879 cs
49 861 55 879 ε
78 861 87 878 ι
116 852 144 880 Si
164 854 346 886 conscientia.
361 863 371 880 ι
391 842 479 889 inquit
490 874 497 887 ’
523 863 532 880 ε
553 859 646 881 ηοειη,
667 854 706 890 (ε)
725 862 778 881 non
794 842 815 871 Β
831 845 855 872 itt
869 846 950 872 corde
965 851 1056 873 nostro
1069 851 1122 873 tam
1137 846 1267 873 bonarum
1284 855 1364 881 quatn
1398 848 1528 874 malarum
1543 847 1617 881 cogi-

9 898 169 930 :preheudat
184 907 244 932 nos,
274 899 400 927 ﬁduciam
419 900 549 927 habemus
570 901 602 927 ad
622 900 704 927 Deum
717 901 748 927 '°.
766 910 775 926 ι

11 948 20 969 t
35 944 135 971 iterum
156 945 215 980 ipse
231 945 331 972 Paulus
345 944 408 973 alibi
432 946 499 973 dicit
513 947 545 979 ¹⁷,
563 947 626 981 quia
645 954 655 972 ‹
675 947 778 981 gloria-

11 995 131 1018 onostra
158 991 217 1018 haec
241 995 293 1025 est,
317 991 502 1019 testitttonium
520 992 697 1020 conscientia:
727 1001 778 1020 no-

9 1039 57 1061 inc.
79 1045 89 1061 ι
117 1034 187 1068 Quia
214 1043 281 1070 ergo
302 1040 404 1063 tantam
428 1036 487 1070 eius
513 1037 591 1064 video
611 1036 776 1070 libertatem,

9 1088 45 1105 uae
59 1081 84 1106 in
100 1081 179 1108 bonis
201 1082 309 1116 quidem
325 1083 410 1117 gestis
424 1083 540 1116 gaudeat
554 1091 670 1118 semper,
690 1089 718 1111 et
730 1092 778 1111 ex-

9 1125 74 1157 ultet.
93 1126 121 1153 in
143 1127 221 1154 ntalis
236 1135 301 1154 vero
315 1135 368 1155 non
389 1134 529 1163 arguatur,
554 1129 601 1156 sed
620 1129 704 1164 ipsam
723 1130 779 1157 atti-

10 1178 58 1196 tant
80 1171 124 1198 cui
140 1172 271 1205 cohaeret.
291 1174 481 1208 reprehendat,
495 1181 522 1201 et
537 1180 644 1210 arguat,
659 1175 778 1203 arbitror

9 1218 55 1243 uod
73 1218 131 1252 ipse
155 1218 190 1246 sit
222 1219 346 1252 spiritus,
364 1220 409 1254 qui
436 1221 470 1247 ab
494 1221 623 1255 Apostolo
635 1229 694 1249 esse
713 1230 776 1250 cum

9 1263 73 1289 uitua
88 1264 201 1297 dicitur,
214 1266 366 1293 secundum
379 1267 451 1301 quod
467 1267 492 1294 in
508 1268 695 1302 superioribus
711 1269 778 1296 edo-

9 1309 99 1343 uinuts,
119 1310 192 1337 velut
222 1311 385 1347 paedagogus
411 1313 435 1340 ei
460 1314 571 1348 quidam
591 1315 721 1346 sociatus.
749 1319 777 1342 et

9 1361 84 1388 cetor,
102 1362 132 1384 ιιι
147 1365 207 1384 eam
226 1359 259 1384 de
276 1357 437 1386 melioribus
453 1365 570 1393 moneat,
583 1360 625 1388 vel
638 1361 673 1388 de
691 1362 777 1397 culpis

9 1402 107 1437 astiget,
120 1407 150 1429 et
163 1407 279 1438 arguat;
294 1404 326 1431 de
343 1412 397 1438 quo
408 1410 435 1432 et
457 1405 522 1432 dicit
536 1407 693 1441 Apostolus.
713 1410 775 1443 quia

21 1455 93 1475 nemo
106 1449 159 1476 scit
175 1448 315 1476 hominum
332 1457 392 1485 quia
415 1455 479 1478 sunt
505 1451 633 1486 hominis,
649 1454 700 1482 nisi
721 1455 777 1489 spi-

9 1493 54 1520 itus
70 1494 200 1526 hominis,
215 1495 261 1529 qui
279 1496 304 1522 in
326 1496 383 1529 ipso
395 1501 437 1523 est
448 1497 490 1530 ¹⁸;
508 1507 518 1524 ι
543 1503 569 1525 et
585 1499 642 1533 ipse
655 1499 692 1526 sit
704 1508 774 1527 rcon-
788 1513 810 1541 ρ

9 1540 104 1567 εἱιξιιιὶῖρ
115 1541 242 1575 spiritus,
254 1542 287 1569 de
298 1549 352 1576 quo
374 1542 439 1569 dicit
455 1550 461 1568 :
484 1551 495 1568 ‹
514 1540 574 1578 ipse
595 1544 715 1579 Spiritus
733 1551 774 1573 te-

9 1586 139 1614 liutoninm
154 1587 242 1615 reddit
251 1588 357 1623 spiritui
370 1594 463 1616 nostro
476 1589 508 1616 ¹⁹.
517 1599 526 1615 ι
544 1588 654 1618 Etlorte
663 1591 706 1618 ltic
718 1592 774 1626 ipse

9 1632 95 1666 piritus
106 1637 161 1665 est,
177 1633 223 1667 qni
244 1633 362 1661 cohteret
387 1634 530 1662 animabus
547 1635 700 1670 justorum,
714 1645 774 1671 qua:

9 1678 37 1703 ibi
53 1679 77 1704 in
97 1678 227 1706 omnibus
247 1679 406 1707 obedientes
430 1680 551 1714 lncrint;
570 1686 598 1708 et
623 1682 683 1709 ideo
706 1683 774 1709 scri-

9 1728 57 1749 tttm
71 1729 110 1752 est
123 1733 130 1751 :
151 1734 164 1750 ί
191 1724 325 1757 Laudato,
341 1725 454 1760 spiritus
469 1730 497 1752 et
509 1727 606 1754 anima:
620 1726 769 1761 iustorum,

9 1770 123 1797 btuiuutn
135 1772 169 1800 ιο,
189 1780 197 1796 ι
215 1771 243 1798 Si
258 1778 323 1799 vero
342 1771 501 1800 inobediens
516 1773 541 1799 ei
555 1773 646 1800 anima
661 1779 687 1800 ct
705 1782 772 1801 con-

9 1822 75 1841 antax
93 1815 187 1848 fuerit,
201 1816 339 1843 dividetur
350 1816 384 1843 ab
400 1824 431 1843 eo
448 1821 508 1852 post
522 1824 676 1850 excessum,
691 1823 717 1845 et
729 1826 772 1846 se-

9 1859 128 1887 arabitur.
148 1860 182 1887 Et
195 1865 305 1895 propter
315 1861 365 1888 hoc
376 1866 442 1896 puto
458 1862 560 1889 dictttm
572 1870 631 1890 esse
645 1863 670 1889 in
685 1863 773 1890 Evan-

9 1902 54 1929 elio
67 1904 96 1930 de
113 1905 185 1931 malo
198 1905 288 1934 villico
314 1905 364 1940 (7),
378 1906 441 1940 quia
456 1916 465 1932 ι
479 1906 582 1934 dividet
597 1915 658 1934 ettnt
680 1908 772 1935 Domi-

12 1954 76 1980 us,ct
88 1955 194 1983 partem
207 1949 265 1984 ejus
279 1957 341 1977 cum
362 1950 514 1978 inﬁdelibus
536 1956 617 1985 ponet
631 1953 665 1978 ¹¹.
685 1961 694 1977 ›
713 1952 772 1986 Ipse

10 1996 103 2022 trtassis
113 2000 153 2023 est
166 1995 290 2030 spiritus,
302 1996 335 2023 de
351 2003 405 2030 quo
419 1997 549 2031 scriptum
561 2001 611 2027 est,
625 1997 688 2032 quia
703 2006 712 2022 ι
731 1997 772 2025 in-

9 2041 164 2074 urrnptibilis
188 2046 230 2068 est
244 2042 354 2076 spiritus
377 2042 402 2069 itt
424 2043 577 2070 hominibus
598 2044 631 2070 ’³.
648 2053 658 2070 ι
679 2044 713 2071 Et
727 2052 770 2072 se-

9 2092 36 2111 un
47 2086 96 2113 lum
113 2095 144 2114 ea
154 2096 215 2122 qua:
229 2088 354 2122 superius
368 2088 497 2122 diximus,
517 2090 579 2124 quia
597 2090 726 2117 dividitur
739 2098 771 2118 ac

9 2138 120 2164 rparatur
134 2134 175 2168 (8)
191 2133 226 2160 ab
240 2134 330 2161 anima
351 2135 514 2169 peccatrice,
532 2141 560 2162 ut
573 2135 616 2162 illa
632 2143 693 2163 cutn
710 2137 771 2164 inﬁ-

9 2175 85 2203 elibus
102 2177 223 2212 accipiat
237 2183 354 2211 partem,
373 2182 462 2213 potest
480 2179 605 2207 similiter
626 2180 667 2207 his
683 2180 769 2215 aptari
786 2189 808 2217 ο

9 2221 81 2248 tillud
97 2224 167 2256 quod
184 2223 285 2250 dicluut
301 2228 341 2250 est
356 2232 362 2250 :
383 2233 391 2249 ι
410 2224 494 2250 Ει-ιιιιι
509 2224 561 2251 duo
573 2224 599 2251 itt
613 2232 687 2259 agro,
703 2233 772 2253 unus

9 2274 143 2300 ssutuetur,
167 2274 195 2296 ct
212 2277 283 2296 unus
309 2269 477 2304 relinquetur
493 2278 499 2295 :
515 2273 542 2296 et
567 2270 626 2296 duae
651 2270 684 2297 ad
714 2278 772 2298 uto-

9 2321 49 2345 utt,
67 2323 115 2340 una
132 2320 300 2347 assumctur,
323 2319 350 2341 et
367 2322 419 2341 una
443 2315 614 2350 relinquetur
623 2315 656 2342 ⁸³.
677 2325 686 2342 t
709 2315 772 2345 Haec

9 2365 22 2383 c
33 2366 62 2385 eo
75 2361 143 2394 qttod
159 2361 293 2395 scriptum
309 2367 350 2388 est
368 2369 376 2388 :
396 2370 406 2386 ε
423 2358 618 2389 Testimonium
641 2362 771 2390 reddente

9 2407 155 2434 onscientia.
180 2417 190 2433 I

24 2474 63 2501 "l
81 2475 144 2504 flor.
167 2483 208 2508 ιιι,
227 2477 254 2503 3.
292 2476 339 2503 “l
358 2476 436 2504 han.
457 2485 500 2507 ιιι,
521 2477 566 2505 21.

609 2478 629 2493 ¹⁷
650 2477 670 2504 ll
681 2478 744 2506 Cor.
760 2487 779 2510 t,
800 2480 844 2507 Η.

832 892 963 919 tationttttt
982 898 1053 920 nota:
1066 894 1190 927 qua-dam
1214 898 1238 920 et
1264 893 1403 928 signacula
1422 893 1618 928 relinquuntur,

829 945 889 974 qum
902 939 927 964 itt
943 939 1050 966 occulto
1065 947 1136 966 nunc
1152 939 1271 973 pectoris
1286 940 1383 973 posita,
1406 939 1432 966 in
1448 939 1492 966 illa
1507 940 1549 966 die
1574 947 1618 966 re-

830 984 914 1011 velari
931 984 1058 1011 dicuntur
1074 991 1088 1010 a
1117 985 1192 1011 nullo
1212 985 1275 1016 alio,
1301 985 1351 1011 nisi
1369 985 1402 1011 ab
1428 993 1460 1011 eo
1478 985 1523 1019 qtti
1545 986 1618 1012 solus

828 1033 917 1062 potest
930 1029 1034 1056 occulta
1048 1029 1188 1056 hominum
1214 1030 1284 1057 scire
1300 1039 1307 1057 :
1324 1039 1439 1065 quorttttt
1466 1032 1617 1066 signorum,

829 1073 871 1100 vel
883 1081 996 1108 quarum
1013 1079 1136 1101 notarum
1153 1081 1251 1102 causas
1266 1083 1319 1101 non
1336 1075 1420 1102 latere
1436 1076 1519 1102 Deum
1533 1077 1614 1102 etiam

829 1124 921 1145 nostra
934 1118 1104 1146 conscientia
1122 1119 1332 1146 contestabitur.
1361 1120 1436 1153 Quod
1469 1125 1558 1146 tamen
1572 1121 1616 1154 jn-

828 1165 937 1197 dicium,
956 1165 1103 1192 secundum
1120 1165 1297 1199 Evangeliutn
1313 1165 1387 1192 Pauli
1406 1165 1468 1200 (hoc
1483 1171 1533 1194 est.
1544 1167 1616 1200 quod

829 1208 928 1237 Paulus
946 1211 1100 1246 annuntiat)
1116 1218 1164 1246 per
1175 1210 1266 1238 Jesutn
1280 1211 1418 1238 Christum
1439 1212 1494 1240 ﬁet.
1510 1222 1519 1237 r
1535 1212 1617 1239 Pater

827 1254 900 1282 enim
923 1257 1058 1283 neminetn
1078 1256 1194 1291 judical,
1216 1256 1262 1283 sed
1282 1256 1362 1284 otnhe
1384 1257 1516 1292 judicium
1541 1258 1617 1285 dedit

827 1299 896 1327 Filio
910 1299 942 1328 “.
963 1310 972 1327 ι
989 1300 1108 1328 Marcion
1133 1305 1236 1332 tamen,
1262 1304 1289 1328 et
1303 1309 1399 1329 omnes
1427 1302 1472 1336 qui
1501 1303 1616 1330 diversis

827 1345 963 1380 ﬁgmentis
986 1346 1080 1374 varias
1105 1346 1283 1373 introducunt
1305 1347 1455 1373 animarum
1493 1353 1614 1380 naturas,

827 1391 878 1418 hoc
889 1398 921 1417 ex
936 1390 994 1417 loco
1007 1390 1178 1425 apertissime
1201 1391 1389 1423 confutantur,
1411 1400 1472 1418 cum
1494 1400 1507 1418 a
1528 1392 1614 1419 Paulo

827 1434 925 1463 diritur
946 1435 968 1451 "
985 1435 1056 1463 Deus
1078 1436 1184 1464 occulta
1204 1436 1345 1464 hominum
1371 1437 1494 1471 judicare
1510 1445 1558 1472 per
1569 1436 1615 1464 Je-

827 1489 886 1507 stmt
899 1479 1035 1508 Christum
1058 1487 1066 1507 :
1086 1486 1114 1509 et
1128 1483 1282 1509 ostenditur
1309 1489 1530 1516 unumquemque
1561 1490 1614 1509 nott

828 1531 932 1553 natura:
945 1526 1097 1562 privilegio,
1123 1528 1170 1555 sed
1187 1527 1306 1563 propriis
1331 1527 1544 1562 cogitationibus
1569 1534 1614 1555 ac-

827 1577 960 1605 cusatum,
978 1571 1020 1600 vel
1037 1578 1208 1606 excusatum,
1223 1573 1396 1601 conscientia:
1411 1581 1467 1601 sua:
1491 1574 1617 1601 testiut0<

827 1618 872 1645 nio
880 1618 1068 1653 iudicandum.

862 1685 907 1713 Η.
926 1693 936 1710 ‹
954 1685 983 1712 Si
1006 1690 1096 1712 autem
1121 1690 1147 1712 tu
1164 1685 1273 1713 .ludmus
1287 1687 1501 1721 cognominaris,
1529 1693 1556 1714 ct
1571 1696 1614 1715 re—

826 1727 943 1762 quiescis
964 1730 990 1756 in
1011 1729 1080 1764 lege,
1098 1735 1126 1756 et
1149 1729 1275 1765 gloriaris
1299 1732 1325 1757 itt
1342 1731 1408 1762 Deo,
1431 1732 1614 1766 cteognoecis

827 1773 991 1802 voluntatcnt
1007 1775 1075 1809 ejus,
1095 1779 1122 1802 et
1142 1777 1243 1810 probas
1263 1776 1384 1809 utiliora,
1399 1777 1548 1803 ittstructus
1564 1783 1614 1809 per

826 1818 923 1854 legem,
935 1825 962 1847 et
973 1821 1086 1848 conﬁdis
1096 1825 1120 1848 te
1141 1821 1237 1848 ducctn
1271 1828 1330 1848 esse
1359 1828 1502 1854 ca-corum,
1521 1821 1612 1848 lumen

825 1873 919 1893 eorttm
939 1867 984 1901 qui
1003 1866 1029 1892 itt
1058 1867 1177 1894 tenebris
1191 1872 1265 1900 sunt,
1295 1868 1458 1894 eruditorum
1481 1867 1614 1901 illsipictt-

826 1913 904 1946 tium,
925 1913 1086 1948 magistrum
1120 1912 1280 1944 infantium,
1314 1913 1459 1940 habentem
1497 1913 1614 1944 fomlam

825 1959 945 1986 scientia:
961 1963 989 1985 et
1002 1958 1126 1985 veritatis
1141 1959 1166 1984 itt
1182 1957 1250 1993 lege.
1274 1958 1323 1990 Qui
1341 1966 1403 1984 vero
1423 1959 1503 1985 doces
1518 1958 1615 1993 alium,

826 2003 941 2038 tcipsutn
958 2010 1010 2030 non
1031 2003 1135 2029 doces:
1151 2003 1197 2037 qui
1221 2003 1353 2037 prtedicas
1380 2010 1433 2029 non
1453 2002 1612 2035 lurandnttt,

824 2048 926 2076 furaris
941 2057 947 2075 :
965 2048 1010 2083 qui
1039 2048 1105 2075 dicis
1124 2055 1175 2074 non
1203 2047 1405 2081 ntmcltandutn,
1442 2048 1589 2075 nttncltaris
1602 2058 1612 2078 ξ

823 2094 870 2130 qui
895 2095 1063 2122 abominaris
1091 2094 1172 2128 idola,
1187 2094 1360 2130 sacrilegium
1381 2094 1548 2122 committis:
1564 2095 1610 2129 qtti

825 2141 850 2167 in
867 2141 923 2175 lege
937 2141 1076 2175 gloriaris,
1092 2148 1141 2176 per
1159 2141 1413 2176 praevaricationem
1442 2140 1508 2175 legis
1526 2140 1609 2169 Dcunt

823 2186 985 2213 dchonoras.
1002 2186 1104 2213 Nomen
1123 2187 1196 2214 enim
1214 2187 1259 2213 Dci
1276 2195 1322 2221 per
1336 2194 1382 2213 vos
1401 2186 1608 2220 blasphematur-

821 2232 892 2259 ittter
906 2237 1011 2266 gentes,
1044 2233 1113 2259 sicut
1130 2233 1264 2267 scriptum
1286 2238 1328 2259 est
1346 2233 1379 2258 "'.
1399 2242 1407 2258 I
1425 2232 1610 2266 Quentadtno-.

822 2277 884 2304 dum
902 2278 928 2305 itt
959 2278 1108 2312 Sct'ipturis
1135 2279 1300 2314 propheticis
1313 2279 1537 2312 observavimus,
1555 2287 1608 2311 non

821 2324 908 2351 solum
934 2325 1048 2352 dicentis
1072 2333 1216 2360 personant
1240 2326 1357 2352 latenter
1381 2330 1407 2352 et
1424 2326 1515 2352 subito
1532 2333 1610 2352 conn

821 2371 930 2403 ntutari,
953 2379 1046 2399 verum
1068 2376 1095 2398 ct
1118 2379 1212 2398 corttttt
1239 2372 1270 2398 ad
1294 2379 1362 2406 quos
1387 2379 1487 2404 sermo,
1517 2372 1558 2398 vel
1577 2375 1609 2404 dq

820 2414 920 2449 quibus
938 2423 1029 2443 sermo
1045 2417 1073 2443 ﬁt
1086 2425 1093 2450 ;
1108 2417 1183 2444 verbi
1203 2417 1303 2452 gratia,
1321 2421 1349 2444 ut
1365 2425 1440 2445 nunc
1468 2424 1502 2444 ex
1517 2417 1609 2447 Patris

884 2482 904 2497 ¹⁸
924 2481 931 2508 Ι
947 2482 1008 2509 Cur.
1025 2491 1054 2513 ll.
1074 2484 1117 2509 Η.
1157 2483 1178 2500 ¹⁹
1189 2484 1269 2511 ﬁunt.
1288 2492 1345 2514 vm,
1360 2484 1402 2511 16.
1442 2484 1465 2499 ¹⁹
1481 2483 1546 2510 Dan.
1563 2492 1607 2517 tlt,

10 2508 75 2552 tim"
90 2510 155 2552 Isne:
167 2511 267 2552 studii.
302 2512 324 2528 "
337 2512 398 2540 Job.
416 2520 503 2544 XIX”,
516 2512 543 2539 8.
572 2512 596 2528 ’³
608 2513 702 2540 Matth.
721 2522 765 2542 ut

872 2517 902 2543 τι.
941 2517 962 2532 ιδ
979 2508 1142 2551 ampliata.
1154 2508 1211 2547 t6."
1229 2508 1252 2535 έι
1263 2508 1346 2547 uti:
1363 2508 1451 2552 ξιξ.
1482 2508 1512 2534 3*
1521 2508 1608 2546 115...:

13 2544 67 2571 .16.
105 2546 125 2561 ³⁷
140 2547 204 2573 ibid.
225 2547 256 2573 l7
271 2555 330 2581 seq.

24 2600 56 2634 (3)
75 2601 119 2630 Sic
134 2604 198 2630 editi
223 2604 347 2639 plerique
367 2610 395 2632 et
418 2612 482 2632 mss.
504 2605 674 2634 dno.Ca:tcri
701 2615 765 2635 vero

11 2642 48 2660 iss.
64 2642 89 2672 ct
103 2639 185 2666 editio
202 2639 314 2672 Veneta,
330 2648 340 2664 ‹
360 2644 405 2666 aut
425 2644 497 2666 tattta
521 2642 658 2667 memoriae
687 2650 764 2668 rece-

10 2671 86 2706 _tacul.t
111 2673 280 2700 convenire?
293 2683 301 2699 ι
322 2674 458 2706 Rabantts,
479 2685 488 2700 ε
506 2680 552 2701 aut
570 2680 645 2702 tanto
663 2685 765 2704 ntotno-

10 2711 34 2728 ιω
49 2709 213 2739 receptaculo
230 2710 397 2736 convenire?
413 2719 422 2735 ι

25 2738 58 2777 li)
79 2738 180 2777 «atque
197 2753 205 2768 I
226 2743 388 2770 [instituitur
400 2752 492 2770 exnts.
505 2743 588 2777 Regio
606 2746 763 2777 ttuut.l639,

12 2779 33 2798 ut
57 2781 143 2806 postea
173 2778 252 2804 habet
278 2779 348 2805 sicut
371 2783 399 2805 et
426 2779 563 2811 Rabanus,
579 2789 588 2805 ε
609 2781 763 2808 testimonia

9 2815 57 2833 diu!
70 2812 249 2846 conscientias,
268 2822 276 2840 ι
295 2818 347 2841 etc.
361 2813 457 2842 Castori
475 2822 540 2841 ntss.
558 2820 584 2842 ct
601 2815 676 2848 editi,
689 2824 698 2841 t
718 2815 762 2843 Tc-

817 2608 947 2644 stimnnio
959 2615 1025 2644 sane
1045 2609 1228 2644 conscientiae,
1245 2618 1254 2634 ι
1264 2614 1330 2641 etc.,
1345 2609 1447 2636 omisso
1462 2618 1472 2635 ι
1489 2614 1580 2644 atque.
1592 2617 1605 2634 ι

864 2643 891 2676 5)
912 2640 1211 2669 «ϐοιιεαὶειιιῑιιηῦρεει
1224 2644 1250 2670 itt
1264 2640 1342 2671 antea
1354 2645 1445 2674 editis.

864 2678 891 2705 (ἢ
913 2675 1054 2705 «Nostra.»
1070 2676 1098 2703 lu
1114 2677 1196 2705 editis
1211 2679 1355 2705 omittitur.

853 2713 891 2745 (7)
913 2713 992 2744 Editi,
1009 2722 1017 2738 ‹
1032 2713 1138 2745 judice:
1162 2722 1172 2738 ι
1190 2713 1269 2740 male.

853 2748 891 2780 (8)
912 2747 999 2779 Editi,
1017 2756 1026 2774 ι
1043 2747 1177 2775 dividetur
1192 2755 1223 2774 ac
1237 2748 1419 2782 separabttur.
1436 2761 1445 2776 ι

856 2783 893 2817 t9)
911 2783 996 2816 Alias,
1014 2792 1022 2809 ι
1042 2783 1148 2810 caeteris
1164 2791 1171 2809 ;
1188 2792 1196 2807 ι
1209 2783 1290 2811 male.
