1831 3049
195 109 247 136 895

934 108 979 136 ΟΠ

1067 109 1095 136 lS
1789 112 1821 138 53'.

195 176 322 203 persona,
340 176 411 195 nunc
427 175 458 195 ex
483 167 555 201 Filii,
575 167 617 195 vel
647 167 767 203 Spiritus
789 167 889 200 sancti,
912 176 986 196 nunc
1000 172 1023 200 Α
1037 170 1168 204 scriptum
1186 174 1227 197 est
1243 179 1250 197 :
1268 179 1277 196 ι
1294 169 1375 202 Juda,
1400 175 1426 197 te
1453 162 1606 197 laudabunt
1635 169 1750 198 fratres
1775 171 1821 197 ιιιῑ·

195 213 277 240 etiam
293 222 325 240 cx
341 221 454 248 persona
479 214 630 248 prophetae,
657 219 705 240 aut
720 213 835 240 aliorttm
849 222 982 248 querunt-

196 259 260 286 lihet
278 260 367 294 aliqua
384 259 529 292 dicantur;
559 265 587 286 et
609 267 681 287 nunc
698 260 808 294 quidem
836 268 927 287 sermo
950 260 982 287 ad

196 304 369 332 lsracliticam
386 311 505 340 gentem,
524 314 596 333 nunc
610 307 643 332 ad
660 311 769 333 exteras
785 307 921 339 nationes,
939 311 984 333 attt

194 351 227 377 ad
241 358 326 386 reges,
344 356 370 377 et
383 352 415 378 ad
430 349 583 379 mille'alios
601 353 753 386 dirigatur:
772 354 808 379 ita
826 353 890 379 mihi
907 353 983 380 vide-

194 402 237 423 tur
251 398 332 423 etiam
359 398 415 424 ha-c
437 399 469 424 ad
497 398 634 425 Rontanos
649 398 705 433 (l0)
725 399 825 433 scripta
841 406 900 425 esse
921 398 985 432 Epi-

193 442 274 472 stula,
290 448 318 469 ιιι
337 443 472 469 interdum
498 448 524 470 et
543 444 659 471 dicentis
670 451 785 478 persona
807 448 938 476 ntutetur,
957 448 983 470 et

193 487 338 521 aliquando
351 489 459 523 quidem
479 488 577 516 Pattlns
592 490 742 524 spiritualis
759 489 898 524 loquatur,
913 489 985 516 sicut

194 533 220 560 in
250 534 343 561 multis
368 534 493 568 Epistola:
511 535 593 567 Iouis;
624 535 772 569 aliquando
797 541 860 561 vero
884 533 984 562 Paulus

192 581 322 612 carnalis,
341 581 424 613 sicut,
443 581 516 608 verbi
533 581 631 615 gratia,
650 588 712 607 cntn
726 580 793 608 dicit
809 588 816 606 :
834 590 843 606 ι
862 581 916 615 Ego
932 588 981 607 au-

192 630 245 653 tent
259 626 378 653 carnalis
399 635 458 654 sutn
479 627 651 654 venundatus
677 626 728 653 sub
749 631 861 661 peccato
875 627 909 659 ’⁸,
926 636 934 651 ι
955 629 984 652 ιιι

191 673 352 699 ostendetur
368 671 436 708 (ll),
453 680 512 699 cum
535 673 567 698 ad
584 673 670 707 ipsum
688 673 776 699 locum
787 692 793 704 ,
810 672 927 699 Domino
943 672 984 698 di--

193 719 307 752 rigente,
340 718 503 745 venerimus.
534 718 672 745 lnterdnnt
699 726 764 745 vero
791 719 821 744 iit
845 722 982 745 eteorum

192 771 326 798 pcnonm,
349 764 383 790 ad
403 771 471 799 quos
491 771 583 791 sermo
606 769 660 796 est,
689 764 877 796 commutatio,
902 764 937 790 ita
955 768 984 790 ut

192 817 263 836 nunc
280 810 313 836 ad
330 817 438 836 omnem
463 809 647 836 Romanorum
673 810 780 836 dicatur
807 809 954 836 Ecclesium
973 817 979 835 :

193 866 202 881 ‹
220 855 330 883 Gratias
346 863 395 891 ago
424 855 477 882 Deo
506 863 567 882 meo
589 863 637 890 per
659 854 751 882 Jesum
770 855 906 883 Christum
932 862 981 890 pro

190 904 317 931 uomitus
341 904 430 936 vobis,
458 904 520 938 quia
549 904 614 930 tidcs
645 908 734 931 vestra
761 904 938 931 annuntiatur
954 903 980 930 in

191 950 319 977 universo
336 950 437 977 tnundo
451 950 473 965 ²⁹
490 960 497 977 :
522 960 530 975 ι
550 950 576 976 in
592 949 653 976 aliis
672 957 736 976 vero
751 957 803 976 non
820 950 852 976 ad
872 956 979 976 omnem

190 996 351 1028 Ecclesium,
370 997 417 1024 sed
435 997 467 1023 ad
494 1004 602 1023 otnuetn
630 996 674 1030 qni
701 996 807 1029 judicat
832 995 931 1028 alium,
953 1000 981 1023 ct

190 1045 248 1078 ipse
263 1043 326 1070 facit
340 1051 371 1070 ea
386 1050 446 1077 qum
465 1043 491 1069 in
506 1043 568 1070 aliis
582 1043 757 1075 condemnat,
776 1048 803 1069 et
816 1048 858 1070 est
873 1043 981 1071 inexcu-

190 1090 294 1117 sabilis.
313 1089 389 1116 Nunc
404 1094 494 1115 autem
511 1097 597 1123 neque
611 1089 644 1116 ad
662 1089 822 1122 Ecclesium,
844 1096 931 1123 neque
946 1089 979 1116 ad

189 1143 250 1162 eum
267 1135 311 1169 qui
331 1134 436 1169 judicat
450 1133 481 1161 lit
502 1142 593 1161 set'tno
618 1135 679 1167 hic,
696 1135 721 1161 itt
739 1142 793 1169 quo
810 1135 876 1162 dicit
894 1144 901 1162 :
919 1144 928 1161 ι
951 1135 980 1162 Si

190 1187 280 1208 autent
298 1186 324 1208 tu
350 1180 459 1208 Iudaeus
481 1180 694 1215 cognontinaris,
720 1185 744 1208 et
778 1181 927 1215 requiescis
953 1181 980 1208 itt

190 1227 258 1262 h-gc,
279 1231 305 1253 et
322 1226 448 1261 gloriaris
473 1226 500 1253 in
519 1225 584 1258 Deo,
611 1231 638 1253 et
653 1226 795 1261 cognoscis
813 1225 980 1253 voluntatem

189 1273 260 1305 ejus,
279 1281 288 1298 t
305 1277 330 1300 et
342 1277 450 1304 cetera,
466 1279 552 1306 ttsqtte
570 1271 604 1298 ad
627 1279 689 1299 eum
705 1271 791 1299 locum
808 1281 815 1299 :
834 1281 842 1298 ι
861 1271 896 1299 Et
907 1271 981 1307 judi-

190 1320 262 1347 cabit
275 1319 345 1354 quod
359 1327 393 1346 cx
410 1323 506 1345 natura
532 1322 574 1345 est
595 1318 768 1352 prarpntiunt,
789 1317 874 1353 legent
901 1318 982 1352 perii-

188 1368 273 1398 ciens.
302 1370 339 1398 te,
366 1366 413 1400 qui
439 1373 487 1400 per
519 1364 656 1397 litteram,
686 1369 713 1391 ct
742 1363 981 1391 circumcisionem

189 1412 383 1446 pra-Varit-ator
396 1419 426 1438 es
439 1411 515 1445 legis.
533 1420 542 1437 ι
563 1410 641 1439 Sicut
657 1411 682 1437 in
703 1409 851 1444 Scripturis
863 1410 983 1444 prophe-

189 1458 250 1484 ticis
266 1456 409 1490 vigilanter
421 1460 531 1490 oportet
553 1456 697 1482 intendere
711 1461 773 1482 eum
796 1454 842 1489 qui
867 1454 924 1481 vult.
938 1454 981 1481 in-

998 843 1049 884 Br}

1037 224 1134 244 ntanus
1152 221 1204 243 tua:
1217 223 1300 250 Super
1311 217 1422 243 dorsum
1439 216 1618 243 inimicorum
1642 221 1771 243 tuorum.
1786 219 1821 241 ιζ.-

1036 264 1107 291 tulus
1123 263 1209 291 leonis
1221 263 1289 291 Iuda
1308 264 1342 297 ",
1362 273 1371 289 ι
1386 269 1413 291 et
1436 268 1546 296 ctetera,
1566 271 1633 298 qua!
1657 264 1688 290 itt
1716 263 1822 290 Saluiu-

1035 318 1092 337 rem
1108 310 1249 337 Dominum
1262 311 1420 345 prophetata
1435 316 1507 338 sunt.
1537 311 1629 346 Igitur
1646 311 1673 338 si
1695 310 1791 337 claruit
1801 312 1821 335 de

1036 355 1196 383 differentiis
1222 364 1412 391 personarum,
1439 363 1467 385 et
1488 357 1550 392 quis
1569 365 1637 385 rere
1655 358 1697 384 sit
1722 356 1820 383 ludam.

1035 402 1096 436 quis
1113 407 1202 429 autem
1218 402 1275 429 solo
1299 403 1409 429 nomine
1432 403 1665 438 cognominetur.
1701 402 1821 428 Videamus

1035 454 1095 482 quae
1109 447 1141 474 ad
1157 449 1228 475 hunc
1242 448 1287 482 qui
1303 456 1332 474 se
1349 447 1431 481 jnrtat
1444 456 1503 475 csse
1516 447 1661 480 Judarum,
1678 453 1709 474 et
1726 454 1820 476 nonest,

1035 501 1125 520 sermo
1148 493 1314 528 apostolicus
1340 494 1421 522 dicat.
1435 494 1487 526 Tn,
1517 494 1622 528 inquit,
1658 494 1711 528 qui
1732 493 1821 521 Judns

1034 539 1247 574 cognominaris,
1266 544 1293 566 et
1306 547 1413 566 omnem
1431 540 1478 566 tibi
1497 540 1624 575 requiem
1643 539 1676 566 in
1706 539 1773 573 legis
1794 539 1822 564 lil-

1034 588 1090 611 tera
1109 584 1236 617 collocas,
1252 590 1279 612 et
1294 585 1421 618 gloriaris
1435 585 1460 612 itt
1477 585 1532 612 Deo
1551 590 1699 618 tauquam
1716 584 1760 619 qui
1776 592 1822 618 por-

1036 629 1073 656 tio
1089 629 1148 664 ejus
1162 629 1210 662 sis,
1224 634 1251 657 et
1267 629 1309 656 cui
1335 637 1497 657 concessum
1512 630 1548 657 sit
1568 630 1647 657 scire
1665 630 1821 656 voluntatem

1035 672 1092 706 Dei,
1110 677 1137 700 et
1154 673 1224 701 velut
1238 674 1368 708 probandi
1391 683 1492 710 gnarus
1502 675 1594 711 jactas
1609 679 1636 703 te
1657 675 1737 702 scire
1759 680 1822 708 posse

1034 724 1061 746 et
1081 720 1239 748 discernere
1263 729 1323 756 qua:
1339 721 1394 749 sint
1411 721 1530 754 utiliora,
1555 726 1584 748 et
1609 720 1783 752 diﬂerentia,
1797 720 1821 746 iu

1034 770 1064 793 ut
1091 773 1143 793 non
1171 766 1258 794 solum
1273 775 1333 802 qua:
1348 768 1404 795 sint
1431 768 1501 795 bona
1515 769 1600 800 scias,
1632 775 1738 795 verum
1755 767 1820 794 etiam

1033 819 1093 846 qua:
1107 812 1162 840 sint
1182 813 1293 840 meliora
1306 813 1390 849 488
1406 818 1434 841 et
1455 814 1564 841 utiliora
1580 814 1746 845 discentas,
1770 820 1821 840 con-

1053 858 1095 886 dis
1110 866 1218 894 quoque
1233 860 1305 894 quod
1320 861 1372 887 dux
1389 860 1476 894 possis
1492 867 1553 887 esse
1567 867 1714 888 ctecorum
1731 867 1738 885 :
1753 859 1820 886 nimi-

1034 912 1094 932 rum
1109 912 1141 933 ex
1158 905 1210 933 illis
1220 913 1249 933 es
1266 906 1379 933 ducibus
1394 906 1426 933 de
1437 906 1535 940 quibus
1549 905 1668 933 dicebat
1683 905 1819 932 Dominus:

1035 959 1045 977 ι
1060 951 1131 978 Caci
1149 956 1211 979 sunt
1223 952 1305 979 duces
1320 959 1465 979 cmcorum.
1481 951 1576 979 Catena
1594 955 1692 978 autem
1710 950 1735 977 si
1762 958 1819 976 eam

1031 995 1160 1024 ducatum
1186 1002 1314 1032 praestet,
1343 998 1423 1025 ambo
1451 998 1477 1024 in
1505 997 1613 1024 foveam
1643 995 1816 1023 cadunt".l

1032 1042 1149 1070 Conﬁdit
1163 1050 1227 1079 ergo
1244 1043 1339 1071 ducem
1351 1051 1380 1071 se
1393 1050 1454 1071 esse
1465 1050 1613 1075 caecorum,
1627 1041 1726 1069 lumen
1740 1048 1819 1067 eorum

1032 1096 1140 1123 quoque
1155 1089 1202 1124 qui
1218 1089 1244 1116 in
1262 1089 1380 1117 tenebris
1393 1094 1465 1116 sunt.
1483 1089 1537 1117 Sed
1551 1095 1579 1116 et
1596 1089 1630 1116 ad
1648 1088 1719 1114 istos
1732 1085 1821 1112 nihilo-

1032 1136 1123 1163 minus
1139 1135 1272 1163 Dominus
1297 1135 1362 1162 dicit
1376 1144 1384 1163 :
1399 1144 1409 1161 ι
1429 1135 1458 1162 Si
1482 1140 1574 1162 autem
1604 1134 1671 1168 lux,
1687 1140 1750 1167 qua:
1765 1133 1788 1159 in
1802 1136 1821 1157 te

1032 1186 1084 1213 est,
1098 1181 1216 1209 teuebrte
1230 1185 1302 1215 sunt,
1319 1182 1385 1216 ipsae
1415 1181 1534 1209 tenebrae
1547 1186 1662 1215 quantae
1677 1183 1746 1208 sunt
1764 1179 1797 1203 ’δι
1813 1187 1820 1202 ι

1032 1226 1179 1254 Coniidunt
1195 1231 1285 1254 tamen
1304 1227 1377 1260 quod
1392 1227 1545 1254 eruditores
1557 1227 1613 1254 sint
1625 1225 1820 1260 insipientium.

1032 1277 1060 1299 et
1073 1271 1193 1306 magistri
1211 1271 1370 1305 infantium,
1385 1276 1515 1306 tanquam
1531 1271 1576 1306 qui
1594 1278 1630 1298 ex
1653 1270 1726 1305 legis
1743 1269 1819 1296 littera

1033 1317 1148 1345 formam
1175 1317 1299 1345 scientiae
1318 1322 1346 1346 et
1370 1319 1496 1346 veritatis
1518 1317 1689 1352 acceperint.
1719 1317 1753 1344 Et
1768 1316 1819 1349 quia

1033 1363 1091 1391 haec
1108 1363 1272 1398 proﬁtentur
1299 1363 1421 1398 quidem,
1447 1371 1500 1390 tton
1527 1367 1617 1390 tamen
1635 1369 1705 1389 vere
1728 1366 1819 1389 teneat.

1033 1409 1100 1437 dicit
1123 1410 1156 1437 ad
1182 1417 1230 1437 eos
1246 1409 1410 1445 Apostolus:
1431 1419 1440 1435 ι
1458 1409 1509 1442 Qui
1539 1416 1606 1444 ergo
1626 1409 1715 1436 doces
1736 1408 1820 1437 alium,

1035 1457 1149 1492 teipsum
1162 1465 1215 1484 non
1227 1457 1324 1484 doces:
1339 1461 1363 1484 et
1376 1456 1421 1491 qui
1435 1455 1566 1491 praedicas
1581 1462 1636 1482 non
1649 1454 1818 1484 furandum,»

190 1502 368 1537 Ielligentiam
395 1509 490 1529 eorum
515 1509 575 1535 quzc
603 1501 706 1535 scripta
734 1505 797 1527 sunt
816 1507 923 1534 capere,
939 1499 981 1526 vel
995 1510 1018 1539 ο
1035 1507 1061 1530 ιιι
1076 1502 1221 1530 adventum
1237 1507 1264 1530 et
1290 1502 1461 1538 praesentiam
1481 1500 1596 1533 Christi,
1620 1508 1686 1536 qua:
1701 1501 1820 1527 universo

188 1549 349 1580 dicentium.
376 1548 417 1574 vel
439 1547 472 1574 ad
489 1555 569 1582 quos,
588 1547 630 1574 vel
650 1547 684 1574 de
705 1547 803 1581 quibus
827 1554 920 1574 sermo
937 1547 979 1579 ﬁt,

188 1595 312 1630 personis
340 1594 396 1629 (ιε)
413 1602 420 1620 :
438 1593 472 1620 ita
501 1601 573 1620 ttunc
602 1593 628 1620 in
647 1592 765 1627 Epistola
793 1594 825 1619 ad
842 1592 981 1620 Romanos

188 1642 322 1676 agendum
338 1641 402 1667 mihi
420 1640 536 1667 videtur.
553 1639 606 1666 Sed
619 1639 761 1666 videamus
773 1638 829 1673 jam
844 1646 905 1674 qua).
917 1643 981 1666 sunt

188 1695 249 1722 qua:
263 1687 329 1714 dicit
344 1687 490 1721 Apostolus
503 1687 536 1713 ad
553 1694 614 1713 emn
632 1686 677 1722 qui
701 1686 912 1720 cognominatur
930 1685 980 1713 Ju-

188 1735 273 1763 dtcns.
299 1733 390 1760 Primo
414 1741 531 1768 namque
550 1733 600 1761 hoc
616 1731 819 1761 observandum
836 1737 887 1766 est,
907 1732 978 1767 quod

188 1787 241 1805 non
263 1778 328 1805 dixit
352 1778 386 1805 de
410 1785 464 1805 eo:
483 1788 492 1804 r
511 1778 539 1805 Si
560 1782 650 1805 autem
668 1782 694 1804 tu
718 1787 727 1803 ι
741 1777 850 1805 Judazns
862 1785 906 1811 es;
920 1778 978 1810 sed,

190 1834 199 1849 ε
219 1823 327 1852 .ltltltltlts
346 1825 574 1858 cognominaris:
593 1833 602 1850 ι
619 1824 682 1859 quia
700 1831 752 1851 non
770 1823 840 1851 ident
862 1829 979 1850 estesse

187 1870 320 1904 Jndmutn,
350 1875 378 1898 et
409 1870 596 1906 cognominari
622 1869 757 1897 Judaeum.
789 1869 847 1904 Ipse
877 1869 977 1896 etenitn

189 1911 289 1944 Paulus
308 1917 386 1944 docet
403 1917 428 1943 in
441 1916 683 1951 consequentibus,
700 1917 772 1951 quod
790 1923 853 1943 vere
869 1914 979 1943 Iudaeus

187 1965 223 1990 sit
239 1963 283 1990 ille
299 1964 343 1998 qui
361 1973 370 1989 ι
388 1963 414 1990 in
428 1963 535 1991 occulto
554 1972 563 1989 ι
582 1962 762 1990 circumcisus
776 1967 818 1989 est
830 1961 977 1989 circumci-

188 2011 264 2037 sione
278 2009 380 2043 cordis,
397 2010 442 2045 qui
460 2019 469 2036 ι
490 2009 601 2044 spiritu,
618 2017 670 2036 non
692 2009 781 2037 littera
801 2019 811 2034 ι
829 2009 915 2045 legem
931 2016 980 2036 cu-

185 2057 281 2085 stnvlit.
297 2067 307 2083 ι
326 2055 405 2090 cujus
419 2056 477 2083 laus
494 2063 548 2083 non
566 2063 599 2083 ex
618 2055 784 2088 hominibus,
807 2056 854 2082 sed
870 2063 903 2082 ex
923 2055 979 2082 Deo

185 2108 239 2130 cst.
261 2112 271 2129 ι
289 2102 339 2137 Qui
354 2106 443 2129 autent
464 2111 473 2127 ι
489 2102 515 2128 in
531 2101 685 2134 manifesto,
703 2102 730 2128 itt
748 2109 846 2129 carne)
862 2102 979 2129 circnm-

186 2150 261 2176 tisus
281 2153 333 2180 est,
351 2148 437 2182 legem
461 2148 495 2176 ad
522 2148 573 2175 hoc
590 2147 738 2175 observans
753 2151 782 2173 ut
804 2147 930 2174 videatur
946 2147 978 2174 ab

188 2195 361 2226 hominibus,
384 2195 434 2221 iste
457 2202 509 2221 non
531 2197 573 2221 est
599 2200 682 2225 vere,
702 2194 750 2220 sed
771 2194 979 2228 cognominatur
995 2181 1017 2209 θ

187 2240 308 2267 1ιιι1ιηιιέ.
335 2240 373 2267 De
395 2240 437 2268 ltis
464 2241 536 2267 enim
553 2245 581 2267 et
598 2240 656 2274 ipse
680 2240 826 2274 Apostolus
852 2240 917 2267 dicit
932 2240 976 2268 '°:

190 2295 200 2311 ι
222 2286 316 2313 Videte
338 2286 574 2313 circumcisionem
599 2293 607 2313 :
635 2293 685 2313 ttos
712 2286 783 2312 cttim
808 2293 902 2312 smnus
925 2285 979 2313 cir.

189 2332 331 2365 rnmcisio,
346 2332 390 2366 qtti
407 2331 505 2366 spiritu
520 2331 575 2358 Deo
592 2331 737 2359 servimus.
753 2341 763 2358 ο
781 2331 833 2358 Sed
849 2336 874 2357 ct
892 2330 977 2358 Joan-

190 2385 239 2404 nes
256 2377 281 2404 in
303 2378 463 2413 Apocalypsi
483 2378 516 2406 de
529 2378 691 2413 quibusdam
714 2378 750 2404 ita
764 2377 830 2404 dicit
847 2376 868 2392 ³¹
884 2387 889 2404 ;
906 2386 915 2401 ι
928 2376 980 2409 Qui

190 2425 284 2451 dicunt
300 2431 330 2451 se
347 2432 408 2451 esse
426 2424 546 2455 Judreos,
568 2429 595 2451 et
610 2432 664 2450 non
686 2428 749 2450 sunt
767 2430 774 2449 :
795 2432 804 2448 ι
818 2430 886 2457 quos
897 2422 979 2449 etiam

192 2477 201 2494 ι
222 2469 254 2495 dc
279 2476 413 2504 synagoga
432 2469 550 2502 Satanae,
568 2479 578 2495 ι
597 2477 658 2497 esse
683 2469 853 2504 pronuntiat.
883 2468 981 2495 Scien-

190 2515 254 2540 dunt
271 2518 362 2541 tamen
376 2519 427 2548 est,
439 2515 511 2549 quod
528 2515 579 2543 iste
591 2515 638 2550 qui
654 2524 662 2540 ι
680 2515 706 2542 in
721 2514 829 2542 occulto
850 2525 859 2541 ι
875 2519 901 2541 et
918 2521 981 2541 vere

190 2559 300 2587 Judznus
319 2565 371 2593 est,
388 2561 423 2588 ab
437 2561 483 2588 illo
497 2561 564 2588 .lnda
584 2561 746 2589 vocabulum
765 2561 865 2593 trahat,
881 2561 914 2588 de
927 2569 981 2596 quo

227 2605 250 2620 ’⁸
263 2605 340 2633 Rom.
356 2612 405 2636 vtt,
424 2605 467 2631 H.
505 2605 528 2620 ’θ
542 2605 619 2632 Rom,
637 2614 654 2637 t,
671 2607 698 2632 8.

194 2640 236 2668 Η,
277 2640 300 2656 ³⁸
316 2639 411 2666 Matth.
438 2648 473 2672 vt,
495 2640 539 2667 25.

190 2674 212 2690 ³*
235 2674 311 2701 Jnan.
333 2683 359 2707 ν,
377 2676 422 2703 46.

231 2724 288 2757 (ill)
300 2725 345 2751 Sic
363 2731 458 2752 omnes
481 2731 547 2751 mss.
576 2723 646 2750 Editi
668 2730 743 2755 vero,
761 2733 770 2748 ι
784 2726 838 2750 hoc
854 2724 933 2750 modo
950 2723 983 2749 ad

193 2758 337 2786 “nutantis.
357 2770 366 2785 ι

228 2794 283 2823 till
303 2796 340 2821 ll:l
356 2803 421 2821 mss.
442 2793 512 2820 Editi
528 2801 603 2823 vero,
620 2802 629 2818 ι
648 2793 832 2820 ostendemus.
852 2802 860 2818 ι

229 2829 285 2864 (l2)
300 2831 346 2856 ιιι.
365 2829 464 2864 Regius
481 2836 555 2855 num.
578 2828 654 2860 11159,
672 2837 680 2853 ι
696 2836 837 2862 personas.
856 2838 864 2853 ι
882 2827 979 2855 thtcri

580 2641 603 2657 ³⁵
619 2640 690 2667 Psal.
717 2648 788 2673 χιιι,
815 2641 858 2668 it.

737 2605 758 2621 ³⁰
774 2605 872 2640 Philip.
897 2613 936 2638 ιιι,
950 2605 978 2638 2,
995 2605 1022 2633 5.
1061 2606 1081 2621 ⁸¹
1101 2607 1183 2640 Apoc.

737 2648 788 2673 Ltv,
815 2641 858 2668 Η.
898 2641 921 2656 π’
933 2640 1033 2667 Jcrem.
1057 2649 1114 2674 λιιι,
1142 2641 1184 2668 17.

1032 1548 1133 1576 ntuttdo
1154 1548 1265 1582 etl'ulsit,
1284 1558 1293 1575 ι
1315 1549 1415 1577 l'uraris
1429 1557 1437 1577 :
1453 1549 1499 1584 qui
1517 1549 1584 1576 dicis
1603 1556 1660 1576 non
1689 1549 1819 1576 moechat-

1031 1593 1106 1625 dnm,
1125 1603 1135 1620 ι
1155 1595 1182 1622 in
1197 1602 1362 1630 synagogam
1380 1595 1471 1630 populi
1491 1595 1539 1622 Dei
1566 1594 1739 1622 adulterium
1756 1602 1818 1621 cca-

1032 1639 1129 1671 mittis,
1142 1647 1298 1668 sermonem
1313 1641 1444 1668 doctrinae
1464 1648 1580 1676 pravum
1596 1646 1624 1669 et
1641 1641 1817 1669 ιιιιιιῐιετίιιυτέ

1030 1686 1056 1713 ei
1071 1687 1256 1721 superducens
1272 1696 1278 1713 :
1294 1691 1321 1713 et
1342 1686 1462 1714 collocas
1481 1694 1542 1714 eam
1557 1695 1617 1714 cum
1639 1688 1711 1721 legis
1742 1689 1819 1715 tium

1030 1741 1090 1770 quae
1113 1731 1180 1760 l‘oris
1204 1737 1257 1766 est,
1281 1739 1342 1759 cum
1371 1732 1505 1767 scriptum
1532 1732 1565 1760 de
1590 1741 1623 1760 ea
1654 1733 1745 1768 legas,
1767 1735 1820 1768 qui:

1032 1788 1043 1805 ‹
1061 1779 1149 1807 omnis
1169 1778 1252 1813 gloria
1276 1777 1338 1805 illisa
1363 1777 1435 1813 regis
1458 1778 1627 1806 intrinsecus
1642 1779 1665 1795 ³³
1683 1788 1692 1806 :
1725 1789 1736 1805 ι
1755 1786 1781 1807 et
1796 1781 1822 1806 al

1031 1832 1112 1859 quam
1136 1823 1203 1859 legis
1227 1830 1276 1858 per
1306 1823 1469 1858 prophetam
1497 1823 1680 1852 nihilominus
1699 1825 1820 1852 dictum:

1033 1881 1042 1897 ι
1060 1870 1116 1898 Nisi
1133 1870 1239 1898 occulte
1251 1868 1403 1902 audieritis,
1421 1869 1542 1904 plorabit
1555 1870 1647 1896 anima
1660 1876 1755 1898 vestra
1768 1871 1799 1897 “.
1814 1881 1820 1894 ι

1030 1917 1082 1950 Qui
1105 1924 1171 1951 ergo
1199 1923 1282 1950 negas
1301 1915 1507 1947 machandum,
1526 1921 1581 1942 tam
1607 1923 1698 1951 grave
1726 1918 1822 1944 adulte-

1031 1963 1101 1990 rium
1115 1961 1272 1994 committis,
1290 1967 1319 1989 ut
1334 1961 1518 1988 adulterinum
1538 1968 1650 1988 sensum
1666 1962 1820 1990 introducas

1031 2009 1063 2035 ad
1078 2016 1138 2036 eam
1154 2009 1187 2035 de
1204 2015 1256 2043 qua
1272 2007 1375 2035 dictum
1392 2007 1462 2042 legis
1476 2015 1492 2035 a
1511 2009 1567 2036 Deo
1584 2016 1591 2035 :
1609 2017 1620 2034 ι
1640 2008 1702 2044 Ego
1723 2014 1749 2036 te
1766 2010 1818 2036 mils

1030 2053 1201 2088 desponsabo
1215 2053 1241 2079 in
1255 2052 1306 2079 [ide
1318 2057 1347 2079 et
1363 2053 1551 2080 misericordia
1570 2053 1602 2080 ³⁷.
1624 2062 1634 2078 ι
1651 2053 1709 2086 Qui
1732 2054 1821 2080 abem}

1030 2100 1104 2127 naris
1121 2099 1201 2131 idola,
1217 2098 1390 2132 sacrilegium
1403 2099 1564 2131 committis,
1582 2106 1680 2126 verum
1700 2101 1819 2135 templum

1032 2145 1091 2178 Dei,
1117 2145 1188 2180 quod
1211 2149 1252 2172 est
1265 2145 1391 2172 Christus
1412 2144 1502 2177 Jcsns,
1519 2145 1637 2173 viulaus.
1660 2145 1755 2173 Solvis
1775 2146 1812 2181 αὖ

1031 2192 1103 2219 enim
1119 2191 1247 2226 templum
1265 2191 1311 2218 Dei
1326 2191 1397 2226 quod
1415 2191 1441 2217 iu
1455 2191 1545 2217 tribus
1563 2190 1663 2218 diebus
1683 2193 1820 2219 resuscita-

1034 2243 1089 2265 tntn
1102 2242 1143 2266 est
1151 2238 1174 2254 ⁸⁸
1187 2238 1220 2265 iis
1231 2238 1275 2272 qui
1288 2238 1413 2264 credttnt.
1433 2237 1486 2263 Sed
1502 2241 1529 2264 et
1542 2237 1588 2271 qui
1600 2246 1633 2265 ex
1650 2237 1713 2272 lege
1727 2245 1752 2265 et
1769 2247 1818 2272 pro-

1032 2284 1122 2319 phetis
1134 2290 1287 2311 sermonem
1304 2283 1442 2310 Christum
1466 2282 1693 2316 pronuntiantem
1726 2284 1818 2310 furatur

1031 2335 1059 2358 et
1081 2329 1209 2362 occultat,
1236 2337 1270 2356 ne
1298 2329 1415 2364 populus
1429 2329 1525 2356 audiat
1537 2334 1565 2356 et
1586 2330 1698 2361 credat,
1720 2332 1820 2358 uniti:-

1032 2376 1104 2413 gium
1122 2375 1279 2409 committit,
1293 2380 1321 2403 et
1338 2383 1403 2403 vere
1422 2375 1469 2403 Dei
1489 2375 1620 2410 templmu
1641 2377 1738 2404 violat.
1757 2377 1818 2404 Idem

1032 2430 1140 2458 quoque
1154 2422 1199 2450 ltic
1212 2422 1258 2457 qui
1274 2422 1484 2457 cognominatur
1500 2422 1630 2455 Judzens,
1646 2428 1675 2450 et
1693 2423 1819 2458 gloriatur

1033 2469 1059 2496 in
1077 2469 1166 2497 littera
1181 2468 1261 2504 Legis
1277 2468 1376 2504 Moysi,
1394 2469 1593 2504 pravaricator
1604 2469 1689 2505 chis
1707 2469 1819 2505 arguitur

1032 2523 1094 2542 cum
1112 2522 1164 2542 non
1188 2515 1276 2542 credit
1290 2514 1411 2542 Christo.
1434 2515 1464 2542 Si
1488 2515 1563 2542 enint
1578 2515 1709 2542 crederet
1734 2515 1818 2549 HoysL

1033 2560 1160 2588 crederet
1183 2559 1277 2595 utique
1302 2559 1377 2589 huic.
1402 2559 1436 2587 de
1460 2567 1514 2594 quo
1542 2559 1651 2594 Moyses
1666 2561 1777 2595 scripsit
1794 2561 1809 2573 "

1061 2606 1081 2621 “
1101 2607 1183 2640 Apoc.
1195 2613 1236 2636 tu,
1246 2606 1274 2633 9.
1313 2605 1335 2621 ³¹
1351 2604 1420 2633 Gen.
1437 2612 1515 2640 XLIX,
1527 2604 1554 2638 8,
1571 2605 1596 2631 9.
1627 2605 1661 2640 7”
1676 2605 1772 2632 Matth.
1783 2613 1817 2632 ιι,

1223 2641 1244 2656 ³⁷
1259 2641 1340 2673 Osee,
1362 2648 1391 2673 ιι,
1413 2639 1456 2673 19,
1478 2641 1524 2667 20.
1572 2640 1595 2655 ³⁸
1621 2639 1705 2669 dou.
1734 2648 1765 2674 tt,
1785 2643 1817 2667 ιιι.

1039 2730 1103 2749 mss.
1119 2726 1146 2749 et
1158 2723 1234 2755 editi,
1249 2731 1260 2748 ι
1277 2722 1410 2757 personis.
1427 2732 1437 2749 ι

1073 2756 1128 2792 (15)
1144 2757 1179 2784 lla
1198 2767 1248 2787 ms.
1266 2756 1366 2793 Regius
1384 2766 1456 2786 ttuttt.
1477 2758 1552 2786 I639.
1565 2758 1664 2786 (ἐπιετὶ
1681 2766 1747 2786 vero
1761 2768 1812 2784 ll.»-

1035 2800 1060 2820 ι·ι
1078 2793 1154 2826 editi,
1170 2803 1179 2818 ι
1201 2793 1321 2821 Sult‘isli.
1339 2803 1348 2819 ι
