1835 3047
7 106 59 135 8‘31

487 109 665 137 COMMENT.
685 109 717 137 IN
738 109 847 138 EPIST.
865 110 911 136 AD
931 111 1014 139 ιιοιι.
1037 111 1102 139 LIB.
1123 112 1152 140 ll.

1584 119 1638 147 898

6 164 123 198 Propter
135 163 206 192 istos
225 172 290 201 ergo
306 165 374 193 tales
391 167 437 201 qui
455 167 582 195 dicuntur
595 168 690 202 Judaei,
703 174 730 196 et
743 177 796 197 non
811 170 835 199 Α
850 176 894 196 res
916 170 973 204 (l7)
992 177 1021 197 se
1036 178 1097 198 esse
1111 179 1255 204 Ctt'COl‘llm,
1281 178 1309 200 ct
1332 175 1476 210 magistros
1492 176 1636 205 infantium

6 214 77 240 sunt.
95 217 197 236 nomen
220 209 264 236 Dei
290 211 494 246 blasphematur
515 212 587 239 inter
606 219 712 248 ger-tes,
743 222 796 241 non

6 256 90 281 solum
105 262 158 289 pro
171 256 298 289 operibus
310 264 402 283 eorum
417 259 554 292 pessimis,
574 260 620 287 sed
643 265 670 288 et
687 266 798 295 propter

6 301 134 328 humilem
158 306 188 328 et
205 301 336 334 dejeclam
361 303 579 338 intelligentiam,
600 313 679 340 quam
698 307 797 334 habent

6 348 27 373 in
46 347 107 379 lege
121 352 150 374 et
182 349 332 382 prophetis.
362 349 482 376 llidicula
498 358 614 385 namque
635 353 716 378 etiam
731 353 796 387 ipsis

6 393 131 428 gentibus
161 394 239 425 ﬁunt,
258 402 319 420 cum
342 394 420 429 Legis
442 396 560 423 litteram
586 403 733 432 sequentes
750 399 794 426 di-

6 444 64 466 runt
79 439 138 473 (ιι)
154 448 161 464 2
181 449 191 466 ι
212 439 250 466 Ne
279 441 410 476 tetigeris,
427 452 459 471 ne
472 445 635 478 gustaveris,
655 453 688 474 ne
700 453 794 474 conta-

6 487 153 514 Ininaveris
169 496 176 514 :
193 495 252 521 quae
275 493 337 515 sunt
362 491 453 516 omnia
478 491 502 517 in
522 493 721 527 corruptionem
751 501 794 522 se-

6 533 116 559 cundum
136 534 266 560 mandata
278 540 305 561 et
321 535 459 563 doctrinas
471 537 608 565 hominum
619 538 652 567 ⁸⁸.
668 549 677 565 ι
693 540 792 568 Verum

6 579 55 606 ha-c
84 579 235 613 Apostolus
262 581 372 615 quidem
396 582 430 609 ad
454 590 515 610 eum
531 585 576 618 qui
594 585 719 616 nomine.
738 594 790 613 non

6 632 78 658 apere
91 625 208 654 Juda-us
227 631 277 658 est,
299 627 380 659 dicit;
401 629 537 662 pertinere
555 636 644 657 tamen
659 632 741 658 etiam
756 633 789 660 ad

6 679 105 698 nmnetn
130 672 270 699 hominem
297 679 424 707 possunt,
446 674 471 701 iu
495 683 548 709 quo
565 683 662 704 nomen
684 682 789 705 tantum

6 717 140 751 religionis
159 722 190 745 et
206 719 314 752 pietatis
328 724 381 751 est,
395 727 474 754 opera
491 726 591 755 autem,
615 726 642 749 et
666 723 789 755 scientia,

6 768 25 790 rt
42 763 108 790 lidca
122 763 215 790 deest.
240 763 273 791 Et
297 764 356 792 ideo
373 765 474 799 majore
499 774 564 794 cura
590 768 648 795 brec
670 769 696 795 in
713 769 790 797 nobis

6 810 61 842 ipsis
74 817 157 844 quam
177 810 204 837 in
217 810 259 838 his
273 811 318 845 qui
331 811 364 838 ad
379 811 458 839 iidem
474 812 578 841 Christi
594 822 648 841 non
666 815 787 848 veniunt,

9 856 131 883 liseutere
146 856 291 889 debemus,
309 865 342 885 ne
356 858 417 892 quis
434 864 556 886 nostrum
572 860 618 895 qui
639 868 687 895 per
706 860 786 889 iidem

6 902 94 928 Christi
106 906 135 928 et
147 902 384 930 circumcisionem
398 904 424 931 in
443 905 580 939 baptismo
592 906 683 934 datam
705 914 786 935 verus

6 946 101 974 Iud.eus
127 947 245 975 ell‘ectns
260 953 311 980 est,
332 953 358 975 et
372 949 397 976 in
423 949 480 985 lege
504 950 605 978 Christi
628 953 784 987 requiescit,

6 992 127 1025 gloriatur
143 1000 256 1027 quoque
269 1001 298 1020 se
314 994 447 1021 idolorqu
464 1003 556 1023 errore
571 997 684 1031 depulso
700 1005 785 1033 agno-

6 1038 66 1064 tisse
80 1038 178 1072 Deum,
199 1043 225 1065 ct
239 1039 296 1074 ejus
308 1040 359 1067 sibi
374 1040 526 1068 inuotnisse
538 1041 704 1070 voluntatem
721 1044 784 1078 (scit

6 1084 64 1110 enim
79 1085 201 1117 probare
213 1085 284 1118 quod
297 1084 408 1118 hortum,
422 1091 449 1113 et
462 1087 660 1122 beneplaeitum
685 1093 737 1121 est,
755 1094 783 1117 et

6 1128 140 1156 perlectum
155 1129 192 1161 “,
206 1134 278 1156 eteo
291 1138 377 1165 usque
393 1132 524 1166 pervenit,
541 1137 571 1160 ut
584 1134 667 1161 etiam
685 1134 739 1162 dux
755 1138 783 1162 et

6 1174 85 1203 laetor
101 1174 234 1203 Ecclesia
248 1177 284 1203 sit
294 1177 327 1204 ad
347 1177 538 1206 illuminandos
557 1179 611 1214 (15)
626 1187 673 1207 eos
692 1181 737 1215 qui
755 1181 781 1208 in

6 1221 113 1248 scientia.
133 1221 202 1248 (ξεεί
228 1227 310 1254 sunt,
340 1227 367 1255 et
397 1223 573 1252 instruendus
598 1226 726 1260 parvulos
753 1227 778 1254 in

6 1265 108 1301 Christo)
123 1275 130 1293 :
147 1275 184 1294 ne
211 1267 252 1299 is,
273 1268 392 1303 inquam,
421 1269 482 1297 talis
509 1270 577 1296 alios
592 1271 700 1306 quidem
717 1272 781 1300 velit

6 1311 88 1339 locere
103 1312 270 1345 districtius,
287 1319 315 1340 et
333 1314 366 1343 de
384 1314 424 1341 his
437 1323 507 1349 quos
523 1315 631 1344 instruit
645 1324 779 1344 summam

6 1357 161 1390 iisciplinam
179 1359 314 1386 castitatis
329 1360 439 1394 exigere
451 1360 519 1396 (l6),
539 1361 596 1396 ipse
610 1369 674 1391 vero
687 1363 782 1391 intern-

8 1405 118 1432 teranlia:
131 1405 200 1432 vitio
213 1410 241 1433 et
253 1406 412 1440 cupiditatis
426 1411 565 1441 urgeatur,
587 1416 778 1444 nonnunquam

6 1452 71 1478 uiam
89 1452 208 1481 ilarnmis
231 1453 343 1480 occulta:
359 1454 479 1481 libidinis
493 1459 600 1482 aestuet.
621 1456 661 1482 Ad
682 1457 778 1491 hujus-

848 215 1021 249 proliteutur,
1036 219 1183 252 probantes
1195 218 1303 246 utiliora
1317 228 1375 253 qua:
1404 221 1489 248 latere
1502 222 1537 248 ab
1550 224 1635 250 eccle-

847 261 966 288 siasticis
987 262 1090 289 dicunt.
1114 261 1166 289 Sed
1187 263 1228 289 isti
1251 265 1380 298 quoniam
1405 267 1530 294 l'urantur
1552 270 1633 296 verba

848 306 905 337 Dei.
934 312 960 334 et
994 308 1158 336 intellectum
1191 317 1284 336 eorum
1309 318 1436 345 perversa
1467 309 1636 347 expositione

846 353 1007 388 subripiunt,
1022 359 1048 381 et
1063 354 1245 382 adulterinum
1262 356 1322 384 ﬁdei
1336 365 1443 385 sensum
1456 359 1490 385 ad
1506 367 1631 394 sponsam

845 398 945 426 Christi
961 400 1110 427 Ecclesiam
1131 401 1157 428 in
1172 402 1261 436 regios
1278 403 1413 431 thalamos
1428 404 1571 438 inducunt,
1587 415 1632 434 re-

845 449 887 471 cte
911 445 943 472 ad
961 453 1008 472 eos
1025 445 1081 481 (l8)
1106 446 1204 473 dicitur
1221 455 1227 472 :
1246 456 1255 472 ι
1275 447 1325 478 Qui
1346 450 1478 483 praedicas
1511 459 1563 478 non
1587 451 1631 478 [ιι-

845 489 971 523 randum,
987 490 1103 524 furaris;
1120 492 1166 526 qui
1192 492 1261 519 dit'iS
1274 501 1325 520 non
1341 495 1542 528 rnmcbandum,
1561 505 1631 524 mus-

844 533 952 567 charis;
986 540 1014 562 et
1037 536 1084 570 qui
1108 546 1118 562 ι
1143 538 1336 565 abominantur
1361 549 1370 564 ι
1396 540 1481 574 idola,
1518 542 1630 568 sacrile-

843 579 916 614 gium
947 589 957 606 ι
988 581 1179 614 committunt,
1219 584 1334 617 pretiosa
1364 593 1427 613 vasa
1455 587 1487 614 de
1529 588 1629 622 templo

843 626 910 658 Dei,
941 626 1045 658 idest,
1075 635 1144 654 vene
1171 629 1230 655 ﬁdei
1261 631 1423 663 margaritas
1440 632 1471 658 de
1502 632 1628 667 Scriptu-

842 671 880 698 ris
914 672 1017 699 sanctis
1053 672 1194 701 furantes:
1219 682 1264 708 per
1285 683 1352 709 quos
1378 681 1404 702 et
1423 686 1432 701 ι
1453 685 1551 704 nomen
1579 679 1625 706 Dei

840 718 1043 753 blasphematur
1073 721 1143 748 inter
1169 725 1272 756 gentes,
1293 732 1302 749 ι
1328 725 1390 751 dum
1415 730 1488 752 casta
1520 731 1546 753 et
1577 727 1628 754 ho-

841 766 917 789 nesta
957 761 1087 791 Ecclesiae
1128 765 1251 800 dogmata
1289 769 1426 803 corruptis
1467 778 1497 797 ac
1534 773 1625 806 turpi-

840 806 890 834 bus
921 809 1057 836 maculant
1099 810 1172 847 (19)
1204 813 1338 840 lucretica:
1370 816 1513 849 pravitatis
1549 825 1626 845 erro-

840 852 924 879 ribus.
940 852 1024 889 489
1043 855 1080 881 Ex
1101 855 1153 882 illis
1168 857 1239 883 cnim
1260 863 1287 884 el
1312 858 1489 893 infanticidii,
1503 866 1530 888 et
1547 862 1624 889 inco—

838 897 883 929 sti,
914 904 1131 935 crelerorurnque
1156 903 1284 930 similium
1311 904 1442 932 scelerum
1468 907 1564 940 probra
1589 910 1623 935 ad

839 943 970 972 invidiam
988 953 1090 974 sancta:
1105 946 1242 984 religionis
1261 955 1356 977 exorta
1380 957 1453 978 sunt.
1474 952 1620 981 Sciendum

838 995 928 1018 tamen
952 997 1005 1022 est.
1031 993 1088 1020 hzec
1106 995 1263 1029 Apostolum
1288 1004 1336 1031 per
1351 997 1465 1025 ironiam
1482 1000 1573 1027 dicere
1588 1001 1622 1028 ad

833 1035 951 1064 Judzeos.
976 1037 1068 1073 Neque
1085 1041 1157 1067 enim
1183 1041 1229 1076 qui
1253 1050 1317 1070 vere
1334 1044 1480 1078 requiescit
1496 1046 1521 1073 in
1537 1045 1621 1081 Lege.

834 1088 860 1110 et
871 1083 1002 1118 gloriatur
1027 1085 1052 1111 in
1079 1084 1144 1117 Deo.
1169 1090 1196 1112 et
1214 1088 1312 1120 probat
1336 1089 1457 1123 utiliora,
1484 1091 1540 1118 lnec
1561 1099 1621 1127 quae

834 1135 991 1158 enumerata
1007 1136 1070 1158 sunt
1087 1131 1178 1160 facere
1191 1133 1341 1161 credendus
1353 1140 1405 1161 est.
1421 1135 1618 1165 Testimonium

832 1182 898 1202 sane
917 1176 989 1211 quod
1005 1177 1105 1211 posuit,
1132 1177 1157 1204 id
1179 1183 1231 1211 est,
1263 1188 1272 1204 ι
1291 1179 1392 1207 Nomen
1416 1181 1488 1208 enim
1506 1183 1551 1210 Dei
1572 1192 1620 1218 per

832 1228 881 1249 vos
894 1221 1099 1257 blasphematur
1120 1223 1188 1250 inter
1204 1229 1308 1259 gentes,
1321 1234 1330 1251 ι
1345 1226 1378 1253 de
1396 1226 1465 1253 lsaia
1479 1233 1617 1263 sumptura

832 1272 873 1294 est
884 1267 916 1293 ".

871 1312 914 1340 l2.
934 1322 943 1339 ι
958 1312 1135 1340 Circumcisio
1154 1313 1262 1348 quidem
1279 1315 1398 1348 prodest,
1416 1316 1438 1342 si
1466 1316 1552 1350 legem
1568 1326 1618 1345 cn-

831 1359 958 1386 stodias:
980 1359 1002 1385 si
1019 1365 1109 1386 autem
1124 1361 1319 1394 praevaricator
1341 1356 1407 1395 legis
1429 1362 1474 1392 sis.
1497 1363 1617 1389 Cil't'tlltl-

830 1405 897 1433 cisio
927 1410 971 1433 tua
989 1406 1149 1440 praeputium
1166 1408 1236 1434 facta
1249 1412 1299 1433 est.
1313 1407 1341 1434 Si
1359 1407 1440 1442 igitur
1454 1409 1615 1443 przepulium

828 1450 950 1485 justitias
978 1452 1046 1487 legis
1073 1453 1219 1485 custodiat,
1242 1461 1331 1480 nonne
1359 1454 1517 1488 praeputium
1544 1454 1615 1482 illius

8 1500 61 1525 nodi
75 1507 141 1534 ergo
153 1500 293 1526 hominem
318 1500 481 1534 apostolicus
495 1501 540 1528 bic
564 1509 654 1529 sermo
667 1509 778 1538 compe-
791 1501 813 1529 C
831 1497 855 1523 in
868 1498 1106 1525 circumcisionem
1125 1498 1308 1533 reputabitur.
1322 1504 1348 1526 et
1360 1499 1492 1533 judicabit
1506 1500 1531 1526 id
1544 1502 1614 1534 quod

8 1550 77 1572 cuter
98 1551 220 1581 aptatur.
244 1547 337 1574 dicens
357 1548 382 1574 ei
403 1556 436 1574 τι
455 1547 494 1575 Τιι
511 1549 554 1582 qui
580 1549 661 1575 doces
683 1549 777 1582 alium,

6 1592 102 1624 vipsum
129 1601 187 1620 non
203 1593 285 1620 doues
300 1600 307 1618 :
323 1594 369 1627 qui
386 1593 518 1628 praedicas
538 1601 590 1620 non
621 1593 776 1627 furandum,

6 1637 110 1671 'uraris;
122 1639 169 1674 qui
191 1639 259 1666 dicis
278 1647 331 1666 non
349 1641 553 1672 mmcbandum,
585 1641 741 1668 moscbaris.
765 1649 774 1666 ι

6 1683 64 1715 Quod
80 1686 100 1712 si
117 1686 214 1718 etiam,
228 1691 256 1713 ut
270 1694 464 1722 nonnunquam
490 1687 547 1714 ﬁeri
563 1687 643 1719 solet,
663 1695 775 1715 nmncra

6 1730 75 1758 dilata
90 1732 156 1764 Deo,
175 1738 203 1759 et
217 1733 313 1766 stipem
331 1733 356 1760 in
377 1741 441 1761 ustts
456 1741 604 1768 pauperum
621 1733 724 1766 datam,
742 1735 775 1761 ad

6 1778 94 1809 impria
110 1778 188 1805 lucra
212 1780 390 1810 converterit,
415 1785 490 1806 recte
513 1779 536 1806 ei
554 1779 655 1806 dicitur
671 1788 677 1805 :
695 1789 704 1805 ι
724 1779 774 1813 Qui

6 1823 150 1852 tbotuinaris
162 1825 248 1855 idola,
261 1825 431 1860 sacrilegium
449 1825 525 1852 lacis.
543 1834 552 1851 ›
567 1825 594 1852 Si
613 1833 677 1852 vero
691 1826 773 1853 etiam

6 1873 77 1900 Iperla
94 1869 217 1897 incurrat
231 1871 386 1904 opprobria,
400 1875 427 1898 et
438 1871 471 1898 de
481 1871 595 1898 avaritia
609 1870 676 1904 ejus,
692 1876 774 1906 atque

8 1913 87 1947 niquis
99 1914 226 1949 indiciis,
237 1921 265 1942 et
280 1916 436 1943 tcrnulentia
453 1916 591 1951 publicam
612 1916 668 1950 jam
684 1921 775 1944 teneat

7 1966 88 1992 totam,
108 1961 293 1989 dehonoratur
313 1963 384 1990 Deus
406 1963 432 1990 in
451 1963 556 1990 actibus
571 1963 630 1998 ejus
646 1972 652 1990 :
668 1968 696 1990 et
711 1971 772 1990 (‘llllt

6 2003 79 2032 luctor
95 2007 223 2034 Ecclesia;
236 2008 298 2035 talis
308 2016 369 2036 esse
381 2009 486 2043 populis
498 2009 657 2041 innotuerit,
673 2017 771 2036 nomen

6 2051 35 2077 lci
48 2053 252 2086 blasphematur
267 2053 292 2080 in
311 2054 449 2088 gentibus.
462 2054 536 2082 Certi
548 2060 612 2082 sunt
627 2055 699 2083 enim
714 2063 771 2082 ma-

6 2096 68 2127 gistro
84 2099 186 2126 similes
204 2106 265 2126 esse
281 2100 439 2134 discipulos.
457 2100 576 2128 Possunt
602 2105 692 2127 tamen
711 2101 768 2128 haec

6 2143 76 2170 adem
92 2146 172 2172 tertio
199 2145 259 2172 loco
280 2145 361 2172 etiam
386 2145 523 2173 hmreticis
545 2146 643 2180 aptari.
663 2146 697 2174 Et
718 2146 768 2180 ipsi

6 2188 57 2215 nim
71 2192 299 2224 cognominantur
312 2191 470 2223 Christiani,
488 2197 515 2219 et
537 2192 657 2219 nonnulli
672 2200 767 2220 eorum

9 2235 63 2261 tiam
83 2235 179 2271 Legem
206 2241 327 2269 tenuere,
351 2245 398 2271 per
421 2245 504 2272 quam
524 2237 661 2269 instructi,
676 2237 770 2265 ducto-

24 2305 43 2321 “
60 2307 158 2335 Coloss.
174 2315 205 2339 ιι,
227 2307 272 2335 21.
311 2307 333 2322 ⁸¹
352 2307 430 2334 Rom.
442 2315 490 2338 xu.
505 2306 533 2334 2.

25 2366 74 2401 (ll)
95 2367 140 2395 Sic
165 2374 231 2394 mss.
255 2366 325 2394 Editi
340 2373 415 2397 vero,
432 2375 440 2390 ι
459 2366 540 2401 etiam
558 2366 684 2399 gentibus
703 2365 769 2401 ipsis

6 2402 51 2440 rgis
75 2402 192 2429 litteram
204 2406 353 2440 sequentes
375 2400 479 2440 dicunt.
497 2409 506 2425 ι
524 2400 625 2427 Deinde
648 2400 769 2440 ms._R_e-

6 2435 45 2462 ius
61 2446 131 2464 num.
148 2436 229 2468 1659,
243 2435 318 2475 -ι-Νθ
343 2435 501 2469 tetigeritis,
527 2442 560 2461 ne
579 2435 766 2475 gustaveritis,

6 2478 23 2496 te
42 2472 306 2504 eontaminaveritis;
324 2480 333 2497 ι
346 2475 373 2498 et
395 2475 489 2505 postea
506 2478 600 2497 omnes
618 2478 695 2502 mss.,
710 2479 719 2494 ι
741 2472 766 2496 in

6 2507 163 2544 “tremim-
183 2515 207 2544 ι.
242 2541 248 2544 .
332 2540 381 2544 __

23 2541 72 2575 (i5)
93 2541 155 2569 Mss.
182 2541 315 2576 plerique,
332 2540 463 2576 Rabanus
475 2544 508 2576 ret
527 2540 602 2576 editi,
621 2548 629 2564 ι
646 2543 675 2565 ut
692 2543 766 2576 esset

6 2573 40 2601 lux
54 2573 78 2604 et
90 2573 189 2604 doctor
201 2573 329 2614 Ecclesia)
344 2575 377 2602 ad
397 2575 604 2614 illuminandos._
612 2579 692 2614 Lege.
710 2573 763 2614 Sed

6 2611 77 2638 uelior
91 2612 196 2639 videtur
218 2611 300 2639 lectio
324 2618 377 2638 ms.
401 2609 475 2645 Regii
494 2616 569 2636 num.
594 2608 674 2637 1659.
690 2614 718 2636 ut
736 2609 761 2635 in

6 2651 74 2684 rostro
86 2651 183 2684 textu._
444 2679 459 2684 ..
494 2679 500 2684 .
523 2679 538 2684 ..
618 2682 622 2684 Α
702 2679 719 2684 --

25 2680 73 2716 (l6)
92 2681 152 2709 Mss.
168 2681 231 2718 duo,
249 2690 259 2707 ι
274 2688 414 2718 summam
435 2679 583 2718 dissiplinae
598 2682 626 2705 et
652 2679 763 2718 castita:

7 2713 24 2739 is
34 2713 143 2750 exigere.
159 2725 169 2742 ι
185 2716 281 2744 Castori
299 2723 364 2743 vero
378 2722 453 2745 mss.,
472 2714 599 2740 [tabanus
614 2718 642 2740 et
657 2713 720 2740 editi
735 2717 763 2739 ut

6 2757 17 2773 ιι
30 2755 66 2775 tt-\
72 2756 108 2777 lu.

24 2786 73 2823 (l7)
89 2786 131 2823 Sic
152 2793 202 2814 ms.
222 2785 321 2821 Regius
342 2793 420 2823 nunt.
440 2782 681 2823 1659._ltlss._.vcro
695 2782 759 2813 duo,

21 2818 92 2848 etiam
105 2821 188 2857 legem
210 2818 303 2849 tenére
325 2821 460 2854 videntur,
478 2828 487 2845 ι
504 2818 540 2846 al.
559 2827 568 2843 ι
591 2818 727 2845 dicuntur.
747 2827 755 2843 ι

579 2307 601 2322 δ’
613 2307 664 2334 lsa.
675 2314 722 2337 ι.ιι.
734 2306 761 2334 5.

830 1551 862 1570 ex
880 1550 976 1571 natura
991 1549 1034 1572 est
1048 1545 1222 1580 prmputium,
1241 1545 1326 1580 legem
1342 1546 1497 1580 perliciens,
1513 1552 1549 1579 te,
1568 1547 1614 1581 qui

828 1598 877 1624 per
903 1590 1020 1617 litteram
1045 1595 1072 1617 et
1096 1591 1331 1618 circmncisionem
1364 1592 1555 1625 praevaricator
1583 1601 1612 1619 es

829 1635 896 1669 legis
913 1636 925 1662 ?
946 1635 1003 1662 Non
1020 1635 1091 1662 enim
1108 1636 1153 1670 qui
1174 1636 1199 1663 in
1218 1637 1361 1664 manifesto
1372 1637 1482 1665 Judmus
1497 1645 1546 1668 est,
1565 1646 1612 1664 ne-

827 1687 880 1714 que
900 1688 959 1714 qua:
976 1680 1003 1706 in
1021 1679 1167 1707 manifesto
1189 1686 1233 1707 est
1260 1681 1286 1708 in
1310 1689 1393 1708 carne
1416 1683 1588 1709 circumcisio
1605 1690 1613 1714 ;

827 1727 875 1753 sed
890 1726 936 1760 qui
956 1727 981 1753 in
997 1726 1105 1753 occulto
1118 1726 1227 1754 Judzeus
1245 1731 1303 1760 est;
1319 1732 1346 1754 et
1361 1728 1536 1755 circumcisio
1551 1736 1612 1754 eor-

827 1772 867 1799 dis
881 1771 906 1797 in
923 1772 1033 1806 spiritu,
1050 1779 1103 1798 non
1122 1772 1210 1799 littera
1226 1781 1234 1805 ;
1252 1773 1329 1806 cujus
1354 1773 1412 1800 laus
1437 1781 1489 1800 non
1507 1782 1538 1800 ex
1561 1776 1612 1800 ho-

827 1819 944 1846 minibus
959 1822 1010 1849 est,
1028 1819 1074 1845 sed
1091 1826 1123 1845 ex
1142 1818 1196 1845 Dco
1209 1819 1242 1845 ⁸³.
1258 1828 1268 1845 ι
1288 1819 1353 1852 Qua:
1376 1820 1410 1846 sit
1433 1819 1608 1846 circumcisio

825 1872 906 1899 quam
924 1864 1052 1899 prodesse
1069 1864 1300 1899 dicitApostolus,
1318 1866 1360 1892 vel
1377 1872 1437 1900 qum
1450 1864 1491 1891 lcx
1513 1866 1611 1899 prosit,

824 1911 846 1938 si
860 1911 1028 1938 custodiatur
1048 1910 1115 1946 (20),
1137 1910 1293 1945 diligentius
1317 1911 1510 1946 requirendum
1535 1913 1610 1938 vide

825 1962 886 1989 tur;
904 1961 933 1983 ut
949 1964 1011 1983 cum
1028 1956 1086 1982 haec
1109 1955 1340 1986 intellexerimus.
1357 1955 1492 1991 possimus
1509 1961 1536 1982 ct
1562 1963 1610 1983 nos

823 2003 991 2030 circumcidi.
1008 2003 1114 2037 Quippe
1136 2002 1158 2030 si
1177 2002 1286 2036 prodest
1304 2001 1489 2032 circumcisio,
1514 2009 1609 2028 secun-

823 2049 886 2076 dum
902 2050 1013 2075 verbum
1027 2047 1148 2083 Apostoli
1164 2046 1292 2077 dicentis,
1309 2046 1373 2081 quia
1398 2055 1407 2071 ι
1434 2046 1608 2073 circumcisio

822 2095 946 2130 prodest,
967 2094 988 2120 si
1006 2093 1090 2128 legem
1115 2093 1264 2125 custodias,
1291 2101 1301 2118 ι
1323 2092 1380 2126 ipse
1407 2092 1554 2126 Apostolus
1579 2092 1604 2119 in

823 2139 1052 2175 consequentibus
1075 2139 1168 2172 docet,
1187 2139 1249 2173 quia
1266 2147 1276 2163 ι
1295 2146 1347 2165 non
1367 2137 1410 2165 illa
1429 2145 1488 2172 quin
1502 2138 1529 2164 in
1548 2146 1604 2165 Ina-

824 2189 923 2217 nil‘esto
937 2192 978 2216 est
993 2188 1020 2214 in
1034 2193 1117 2214 carne
1134 2186 1318 2217 cirCumcisio,
1334 2195 1343 2212 ι
1365 2185 1410 2213 sed
1429 2194 1439 2211 ι
1457 2185 1606 2212 circumci-

824 2236 865 2263 sio
880 2234 969 2261 cordis
989 2242 999 2259 ι
1020 2240 1067 2267 per
1092 2231 1229 2266 spiritum,
1249 2239 1301 2258 non
1317 2239 1365 2266 per
1380 2231 1497 2258 litteram
1523 2231 1606 2262 facta,

809 2306 832 2322 "
845 2304 924 2332 Rom.
947 2311 977 2334 ιι,
999 2302 1089 2329 25-29.

823 2363 917 2392 Caeleri
937 2370 1001 2389 mss.
1029 2366 1055 2389 et
1082 2361 1219 2392 Rabanus,
1239 2370 1248 2386 ι
1263 2361 1344 2387 etiam
1363 2361 1448 2396 legem
1466 2366 1573 2394 tenere,
1593 2371 1604 2389 δ

822 2399 923 2426 eruisse
940 2406 949 2423 ι
966 2398 1099 2426 videntur,
1118 2405 1127 2421 ι
1144 2396 1183 2422 vel
1202 2405 1211 2420 ι
1230 2396 1373 2429 dicuntur;
1399 2405 1408 2422 ι
1424 2400 1451 2423 et
1466 2404 1513 2429 pro
1527 2405 1536 2421 ι
1557 2399 1606 2424 du-

822 2439 912 2460 ctores
927 2439 1061 2459 amcorum
1080 2441 1088 2457 ι
1109 2431 1218 2460 habent.
1239 2440 1248 2455 ι
1264 2431 1388 2457 doctores
1402 2437 1573 2458 razterornm.
1591 2442 1602 2457 ι

820 2467 891 2495 Editi
906 2475 980 2498 vero,
1002 2475 1011 2492 ι
1029 2466 1108 2493 etiam
1125 2465 1182 2500 lege
1203 2469 1291 2495 tenus,
1309 2473 1357 2500 per
1380 2474 1460 2500 quant
1475 2466 1603 2494 instructi

821 2504 957 2532 doctores,
975 2511 984 2526 ι
999 2506 1053 2528 etc.

857 2538 911 2572 (l8)
931 2537 993 2563 Mss.
1019 2535 1104 2562 nostri
1127 2540 1152 2562 et
1176 2534 1313 2568 Rabautis,
1331 2545 1340 2560 ι
1356 2535 1390 2562 ad
1415 2543 1472 2562 cos.
1488 2545 1498 2561 ι
1519 2536 1603 2569 Editi,

820 2581 830 2598 ι
852 2574 886 2599 de
905 2572 956 2598 bis.
975 2579 984 2594 ι

852 2606 908 2642 (l9)
925 2605 1005 2642 l'lditi,
1023 2613 1041 2642 th
1052 2604 1233 2642 maculantur.
1250 2614 1259 2628 ι

853 2639 908 2677 (:20)
936 2640 974 2677 ita
1000 2639 1065 2677 editi
1088 2648 1094 2666 :
1114 2639 1243 2677 Datianus
1271 2647 1346 2677 vero,
1367 2649 1376 2666 ι
1397 2639 1479 2677 Vere,
1500 2640 1602 2675 inquit,

816 2674 926 2712 prodest
942 2675 994 2712 lex.
1008 2675 1224 2712 sigcustodiatur.
1236 2684 1252 2712 Δ›
1278 2674 1327 2701 Ms.
1346 2677 1433 2712 codex
1453 2676 1602 2702 Ebroiccuo

816 2709 874 2742 sis;
893 2720 902 2736 ι
918 2710 959 2737 vel
975 2709 1039 2744 quid
1057 2710 1179 2743 prodest,
1202 2709 1242 2736 vcl
1265 2717 1325 2744 quae
1345 2710 1387 2737 lex
1402 2712 1498 2744 prosit.
1513 2714 1534 2737 si
1552 2719 1602 2736 en-

815 2747 947 2773 stodiatur
962 2753 969 2776 ;
987 2754 996 2770 ι
1020 2752 1083 2770 mss.
1102 2745 1181 2779 Reg"
1196 2744 1233 2771 al.
1261 2753 1271 2770 ι
1296 2745 1335 2771 vel
1361 2745 1387 2772 in
1408 2753 1461 2779 quo
1477 2745 1601 2777 prmlest,

815 2781 855 2808 vel
869 2788 929 2815 qme
943 2780 996 2809 lex.
1015 2778 1045 2815 si
1057 2778 1227 2815 custodiatur
1249 2788 1255 2811 ;
1280 2789 1290 2806 ι
1316 2779 1352 2808 al.
1369 2789 1378 2805 ι
1397 2778 1438 2808 vel
1459 2780 1522 2814 quid
1538 2787 1600 2815 pro-

814 2814 886 2849 dest,
901 2815 942 2843 vel
962 2822 1021 2850 qua:
1040 2814 1092 2846 lex.
1108 2814 1132 2841 si
1144 2814 1323 2842 custodiatur.
1336 2828 1346 2843 ι
