1833 3049
219 96 273 123 ως)
946 94 1004 123 om

1063 94 1109 122 N'IS
1780 100 1809 126 ιιι

219 156 328 182 laudem
349 156 431 182 habet
447 164 499 183 non
523 163 555 182 ex
586 154 754 187 hominibus,
771 155 818 182 sed
834 163 866 182 ex
887 155 940 182 Deo
958 165 964 184 :
981 161 1009 183 ct
1024 157 1044 184 Α
1061 156 1154 190 possit.
1171 155 1286 190 Dignius
1300 162 1365 192 ergo
1380 160 1407 183 et
1419 156 1574 184 evidentius
1594 157 1754 193 intelligitur.
1767 164 1809 193 quod

219 203 284 229 alibi
299 203 365 229 dicit
379 202 402 218 “
421 211 430 229 :
453 212 462 228 ι
485 201 580 230 Videte
597 201 834 230 circumcisionem
851 211 858 228 :
874 209 923 228 nos
936 202 1007 228 enim

219 258 313 276 stnnus
331 249 517 281 circumcisio,
544 250 590 284 qui
617 249 714 284 spiritu
740 248 796 276 Deo
812 251 958 283 servimus,
981 257 1008 279 et

220 305 272 322 non
299 297 325 322 in
353 304 434 323 carne
460 297 632 325 confidimus.
655 308 665 324 ι
684 297 760 330 Haec,
787 302 816 324 ut
835 298 943 331 opinor,
968 303 1008 325 est

219 342 394 369 circumcisio
402 349 484 376 quam
498 342 627 376 prodesse
637 344 702 371 dicit
717 343 875 377 Apostolus,
886 344 907 371 si
922 343 1007 377 legem

219 387 376 415 custodias:
395 395 449 414 non
468 388 552 423 legem
567 388 674 422 litterm,
694 389 771 422 cujus
786 389 879 423 utique
890 389 1009 416 circum-

219 433 349 460 cisionem
367 433 394 461 in
411 442 494 462 carne
510 442 562 461 non
584 435 694 468 recipis,
709 435 755 462 sed
774 435 859 470 legem
885 435 1008 469 spiritus,

220 480 369 507 secundum
384 488 465 515 quam
476 481 680 508 circumcideris
691 480 784 509 corde.
802 490 811 506 ‹
824 480 924 508 Littera
936 481 1006 507 cnim

219 528 331 559 occidit,
349 528 463 562 spiritus
480 533 569 555 autem
583 529 714 560 viviﬁcat,
735 539 744 554 ι
766 529 829 563 quia
845 534 871 555 et
893 528 935 556 lex
962 528 1007 555 Dei

223 580 232 596 ι
244 571 445 599 nomrelertun
455 577 607 600 atramento
621 573 736 607 scripta,
756 583 765 598 ι
784 574 830 600 sed
850 573 934 606 digito
950 574 1008 606 Dei,

220 617 265 650 qui
283 622 323 642 est
341 617 454 650 spiritus
470 616 540 650 ejus,
561 628 570 644 ι
586 623 612 644 et
630 626 682 644 non
709 619 734 645 in
756 619 856 645 tabulis
883 619 1007 652 lapideis,

221 663 268 689 sed
286 663 312 688 in
330 662 428 689 tabulis
440 663 530 690 cordis
545 663 578 690 ".
588 674 597 688 ι
614 663 714 690 Verum
727 668 814 697 potest
832 664 908 691 nobis
917 664 1008 696 obiici,

221 707 287 741 quia
310 708 331 734 si
355 708 501 742 Apestolus
526 709 764 737 circumcisionem
781 710 909 744 prodesse
932 710 1008 743 dicit,

221 760 281 785 qum
296 753 389 787 utique
406 753 460 780 alia
479 761 531 780 non
551 754 713 788 intelligitur
732 761 792 780 esse
816 761 896 788 quam
914 754 1010 780 animm

221 800 356 833 purgatio,
380 803 406 826 et
427 799 543 833 abjcctio
575 799 703 826 vitiorum
731 808 738 826 :
764 800 900 834 quomodo
935 800 1009 826 addit

222 844 320 875 adhuc,
339 845 374 871 ita
391 845 498 872 denmm
526 845 658 879 prodesse
687 845 842 879 Iiujusmodi
867 846 1011 873 circumci-
1027 839 1047 865 Β

221 892 325 917 sionem
342 891 363 917 si
377 890 462 925 legem
479 891 627 923 custodias,
643 899 703 918 cum
721 892 777 918 lucc
794 892 850 926 ipsa
867 893 1010 919 circumci-

221 936 262 963 sio
280 936 385 963 nonnisi
400 944 431 963 ex
455 937 521 970 legis
536 937 710 964 observantia
728 937 784 964 ﬁeri
801 938 936 965 videatur.
956 938 1010 966 Sed

222 981 327 1008 intuere
342 988 375 1008 ne
388 981 456 1008 forte
472 981 633 1008 abscindere
652 981 727 1013 vitia,
748 987 775 1009 et
794 989 928 1009 ccssarea
951 991 1010 1009 ma-

221 1025 265 1057 lis,
284 1026 521 1060 circumcisionem
548 1027 683 1062 signiﬁcet
704 1036 712 1053 :
737 1035 819 1062 agere
841 1033 930 1054 autem
950 1036 1011 1063 quae

222 1071 291 1098 bona
306 1075 378 1103 sunt,
395 1077 421 1099 et
436 1071 542 1099 eﬁlcere
555 1080 615 1106 qtize
634 1072 755 1108 perfecta
781 1077 854 1105 sunt,
873 1074 1011 1101 custodire

222 1116 256 1142 sit
272 1115 367 1151 legem.
380 1116 473 1150 Neque
487 1117 559 1144 enim
582 1116 609 1144 in
625 1125 656 1144 eo
670 1116 802 1152 perfectio
820 1122 861 1145 est
880 1118 902 1145 si
921 1126 1012 1145 cesse-

222 1161 397 1193 turamaiis,
423 1162 469 1189 sed
495 1163 520 1190 in
543 1170 575 1191 eo
601 1164 623 1190 si
650 1168 768 1197 agantur
790 1164 871 1196 bona,
897 1164 968 1191 sicut
983 1166 1011 1192 in

221 1205 328 1234 l’salmo
346 1207 497 1235 evidentius
522 1210 713 1243 per-docemur,
739 1217 800 1237 cum
826 1210 911 1237 dicit:
933 1220 943 1237 ι
961 1211 1012 1237 De-

222 1252 294 1278 clina
307 1260 320 1278 a
340 1253 421 1285 malo,
440 1262 449 1278 ι
465 1258 493 1280 et
512 1261 564 1280 non
578 1253 622 1282 hic
638 1255 726 1287 stetit,
746 1256 792 1283 sed
808 1255 930 1283 addidit:
959 1265 969 1282 ι
985 1261 1012 1284 et

223 1297 265 1324 l'ae
279 1299 378 1325 bonum
391 1298 424 1325 “.
442 1308 451 1324 ι
469 1298 604 1327 Similiter
617 1307 682 1335 ergo
701 1305 729 1327 et
743 1300 900 1335 Apostolus,
918 1307 1011 1337 utpote

222 1343 250 1370 in
265 1343 307 1370 his
323 1343 452 1375 imbutus,
477 1344 514 1372 ita
527 1345 636 1372 demum
651 1345 730 1378 dicit,
746 1347 874 1382 prodesse
890 1347 1011 1375 circum-

221 1389 353 1416 cisionem
367 1395 394 1416 et
408 1390 589 1425 al-jectioncm
608 1391 753 1424 malorum,
771 1392 794 1420 si
812 1393 952 1422 custodias
973 1393 1011 1421 le-

223 1452 283 1479 gem
298 1444 441 1472 bonorum.
457 1445 549 1481 Neque
567 1447 640 1474 enim
653 1447 789 1482 perlectus
804 1449 866 1484 quis
879 1457 939 1477 esse
963 1458 1011 1485 po-

224 1494 277 1517 test
291 1489 314 1516 si
329 1490 397 1516 nihil
411 1491 496 1525 egerit
513 1491 589 1524 mali,
617 1492 664 1519 sed
675 1492 698 1519 si
718 1493 817 1528 aliquid
830 1493 916 1529 egerit
934 1494 1008 1522 boni.

224 1535 303 1564 Unde
318 1540 345 1563 et
362 1536 419 1572 ipsa
434 1537 610 1566 circumcisio
625 1546 686 1573 qua:
701 1538 782 1567 ﬁebat
798 1539 824 1567 in
841 1547 935 1573 carne,
958 1549 1010 1570 non

223 1582 326 1617 absque
342 1582 423 1616 lmjus
438 1583 635 1619 intelligentia,
649 1592 732 1620 quam
751 1593 821 1613 nunc
836 1588 1010 1621 exponimus,

222 1628 422 1662 signiﬁcabitur
439 1630 567 1665 imagine.
584 1631 705 1666 Denique
718 1637 814 1660 octava
829 1633 872 1661 die
889 1635 1012 1669 parvulis

223 1674 340 1702 dabatur
354 1676 389 1708 ⁸⁷,
405 1676 451 1711 qni
469 1677 537 1704 nihil
555 1677 649 1712 utique
663 1678 755 1706 adhuc
779 1680 871 1713 operis
889 1685 1010 1715 egerant.

222 1721 300 1753 Quod
315 1723 335 1749 si
352 1722 413 1757 quis
431 1723 510 1750 nobis
528 1723 648 1757 proferat
665 1724 730 1751 illud
742 1726 853 1760 quodin
868 1727 1003 1761 principio

222 1767 286 1794 libri
312 1766 364 1794 Jub
390 1768 423 1795 de
450 1768 528 1796 laude
547 1768 606 1804 ejus
626 1770 745 1804 positum
761 1774 812 1804 est,
831 1771 1009 1800 ubidicitnr:

224 1823 234 1839 ι
258 1814 290 1841 Ει
315 1820 374 1841 erat
399 1813 448 1842 Job
470 1815 551 1843 homo
569 1824 663 1848 verax,
683 1817 743 1845 sine
762 1817 883 1851 querela,
908 1818 1009 1851 justus,

223 1860 269 1888 Dei
287 1861 385 1892 cultor,
404 1861 544 1890 abstinens
563 1870 593 1890 se
614 1863 647 1890 ab
662 1863 737 1890 omni
753 1871 782 1891 re
792 1863 863 1890 mala
875 1864 898 1879 "
912 1873 918 1891 :
937 1874 946 1889 ι
962 1872 1011 1891 cur

223 1907 392 1940 prtceedeute
414 1908 477 1934 boni
492 1907 584 1942 operis
598 1908 688 1941 laude,
710 1909 735 1936 in
753 1909 846 1936 ultimo
864 1910 925 1936 mali
945 1918 1010 1937 con-

223 1952 337 1979 tinentia
357 1959 534 1980 numeretur:
553 1953 618 1981 illud
634 1954 743 1988 quidem
762 1955 882 1982 arbitror
896 1955 1009 1983 indicari

220 1999 294 2032 quod
309 2006 380 2032 saepe
393 1998 451 2026 ﬁeri
468 1998 546 2030 Solet,
562 1999 625 2033 quia
644 1999 752 2034 plurimi
771 1999 910 2027 hominum
926 2005 1011 2035 agunt

221 2044 329 2078 quidem
353 2051 414 2078 qua:
434 2044 504 2071 bona
521 2049 597 2075 sunt,
616 2045 732 2072 miscent
755 2050 844 2072 tamen
866 2046 968 2081 aliquid
983 2051 1011 2073 et

219 2091 314 2123 operis
331 2089 393 2117 mali
409 2099 415 2116 :
430 2090 509 2124 pauci
525 2097 589 2116 vero
611 2091 666 2117 sint
688 2090 757 2118 sicut
776 2090 836 2123 Job,
858 2092 904 2126 qui
928 2092 964 2119 ita
982 2096 1011 2119 et

221 2142 336 2162 veraces
350 2140 377 2161 et
397 2135 664 2170 irreprcbensibiles,
690 2136 727 2164 ita
750 2136 816 2170 justi
839 2137 893 2164 sint
911 2143 938 2164 et
951 2139 1010 2165 cnl-

221 2185 295 2208 tores
311 2180 371 2213 Dei,
388 2185 417 2207 ut
442 2181 497 2207 hare
520 2181 610 2208 omnia
636 2186 749 2216 agentes
765 2182 919 2210 abstineant
932 2191 961 2210 se
975 2183 1008 2210 ab
1025 2190 1048 2220 ι)

220 2227 294 2253 omni
314 2234 343 2253 re
363 2227 444 2253 mala.
464 2236 473 2253 ι
496 2226 523 2253 Si
541 2235 616 2262 ergo,
634 2227 730 2262 inquit,
753 2229 947 2262 prmvaricator
970 2229 1009 2256 sis

220 2271 300 2304 legis,
318 2281 327 2297 ι
349 2272 419 2298 sicut
437 2280 518 2306 supra
536 2273 723 2307 exposuimus,
741 2281 793 2300 non
814 2274 920 2309 agendo
947 2282 1008 2309 qua:

221 2317 293 2344 bona
308 2322 382 2350 sunt,
401 2327 410 2343 ι
427 2318 602 2345 circumcisio
618 2323 662 2345 tua
674 2319 837 2353 pr:cputium
853 2319 922 2346 facta
933 2325 984 2351 est,
995 2330 1005 2347 ι

220 2363 284 2388 dum
300 2363 391 2389 ethoc
404 2363 462 2396 tibi,
480 2364 551 2398 quod
578 2365 718 2391 abstinere
736 2372 750 2391 a
774 2365 846 2392 malo
871 2365 945 2394 visus
966 2374 1006 2398 es,

219 2414 304 2442 opera
325 2407 385 2434 ﬁdei
407 2414 434 2435 et
454 2408 568 2442 justitite
583 2417 636 2436 non
654 2410 744 2445 agenti
768 2411 802 2437 ad
821 2411 1006 2440 inﬁdelitatem

221 2457 373 2487 reputatur.
391 2452 482 2487 Neque
496 2454 569 2481 enim
585 2455 716 2489 possibile
741 2461 782 2482 est
804 2456 886 2483 alicui
913 2465 1008 2484 carna-

221 2497 273 2525 lctn
298 2498 533 2525 circumcisionem
559 2506 667 2526 rursum
691 2500 717 2527 in
739 2501 901 2535 praeputium
927 2501 1006 2532 verti.

220 2551 282 2571 cum
301 2543 394 2577 utique
413 2543 532 2570 abscissa
544 2545 669 2579 prteputii
681 2553 745 2573 caro
760 2545 832 2572 ultra
848 2546 937 2573 redire
953 2554 1005 2573 non

255 2601 279 2616 “
293 2600 391 2634 Philip.
405 2608 445 2629 tu.
458 2601 485 2632 2,
499 2601 526 2627 5.
565 2603 587 2617 “
599 2601 620 2628 ll
637 2603 700 2630 Cor.
724 2612 761 2633 Ill,
780 2603 809 2635 6,
829 2604 856 2631 5.

218 2635 246 2662 1.
293 2636 316 2653 δ’
335 2635 427 2668 Jaem,
445 2635 489 2662 26.
528 2636 551 2651 ⁵ο
574 2636 638 2664 Luc.
664 2646 712 2668 xit.
734 2639 779 2666 46.

221 2678 279 2699 xxi.
292 2671 337 2698 26.

257 2716 313 2754 (ξι)
333 2726 342 2743 ι
358 2716 410 2745 Sed
423 2722 452 2754 et
463 2718 489 2745 in
505 2718 623 2746 Ecclesia
637 2719 682 2754 qui
707 2728 766 2754 per,
783 2729 791 2746 ι
807 2724 861 2748 etc.
882 2720 919 2746 lla
937 2727 1004 2748 mss.

220 2756 248 2778 et
265 2751 401 2779 Rabanus.
428 2751 501 2781 Editi
518 2761 582 2782 vero
604 2763 611 2781 :
638 2751 653 2780 ι’
665 2751 718 2782 Sed
739 2760 766 2783 et
788 2755 810 2782 si
831 2756 859 2782 in
883 2755 1003 2782 Ecclesia

221 2792 391 2857 pcl‘ééﬁu‘lle
405 2823 517 2860 carnali,
532 2831 603 2852 nunc
619 2831 683 2852 vero
706 2823 738 2852 de
754 2824 877 2858 spiritali.
902 2834 911 2850 ι
943 2823 1004 2851 llzcc

894 2605 916 2620 “
931 2604 1003 2632 Psal.
1017 2611 1109 2632 xxxn.
1119 2603 1163 2630 27.

820 2640 841 2655 ⁸¹
860 2639 938 2666 Rom.
954 2648 982 2671 ll,
1001 2639 1046 2672 ‘26,
1065 2639 1110 2666 ‘27.

1061 202 1228 229 cnntinentia
1253 202 1316 229 mali
1339 203 1440 237 operis,
1455 211 1516 236 qua!
1542 211 1592 237 per
1615 204 1810 231 circuiiicisimm

1062 247 1241 282 signiﬁcatur,
1258 249 1280 276 si
1297 255 1381 283 opera
1401 249 1462 276 ﬁdei
1479 257 1532 276 non
1551 249 1662 281 habent,
1679 251 1710 276 ad
1728 251 1811 276 inimus

1062 295 1155 320 didam
1176 299 1326 328 repntetur.
1353 295 1407 322 Sed
1426 300 1453 322 et
1478 295 1504 322 in
1530 296 1651 323 Ecclesia
1668 297 1711 330 qui
1726 305 1766 330 per
1779 298 1812 324 iiii

1064 341 1192 374 baptismi
1207 341 1322 374 gratiam
1338 341 1554 374 circumciditur,
1571 342 1593 369 si
1610 348 1668 376 post
1682 344 1735 369 lucc
1746 352 1812 377 pm.-

1063 387 1164 412 ricator
1189 387 1225 414 sit
1253 387 1318 421 legls
1342 387 1456 420 Christi,
1473 388 1649 415 circumcisio
1675 389 1783 423 baptismi
1795 393 1812 416 at.

1063 432 1231 459 inlidelitatis
1245 432 1270 459 ei
1284 434 1446 467 prmputium
1461 434 1634 467 reputabitur
1646 441 1652 460 :
1665 434 1726 468 quia
1738 440 1759 461 et
1776 445 1783 458 ι
1797 436 1813 460 ii-

1063 478 1108 505 des
1126 479 1184 505 sine
1199 478 1326 513 operibus
1346 485 1452 506 mortua
1475 489 1484 505 ι
1503 479 1605 506 dicitur
1616 479 1649 512 δ’,
1668 485 1696 507 et
1716 481 1768 506 mali
1784 482 1813 506 ill-

1063 522 1108 551 lici
1123 532 1187 558 pars
1201 533 1262 551 cum
1278 525 1433 552 inﬁdelibus
1450 525 1560 559 ponitur
1570 525 1606 551 ⁵⁸.

1100 572 1142 597 l5.
1163 580 1172 596 ι
1190 571 1218 598 Si
1237 576 1329 597 autem
1353 571 1514 604 praeputium
1529 569 1652 603 justitias
1675 571 1738 605 legis
1751 579 1814 598 cnsta-

1062 617 1129 648 diat,
1147 624 1235 644 nonne
1248 617 1380 650 judicabit
1397 617 1421 644 id
1435 617 1506 651 quod
1520 624 1553 643 ex
1574 622 1672 644 natura
1686 623 1725 644 est
1737 626 1812 652 prxim-

1067 664 1146 695 timu,
1160 663 1247 697 legem
1263 663 1418 697 perliciens,
1437 668 1474 693 te,
1491 663 1536 697 qui
1557 670 1605 697 per
1619 663 1732 690 litteram
1745 669 1766 690 et
1780 664 1815 689 cir-

1063 708 1257 735 cumcisionem
1273 707 1468 742 praevaricator
1481 715 1512 734 es
1526 707 1595 742 legis
1618 707 1640 723 "
1660 708 1672 734 ?
1686 717 1695 733 I
1719 708 1815 742 Superius

1063 753 1184 779 diximus
1201 753 1274 787 quod
1291 753 1360 779 duos
1372 752 1480 780 Judteos
1498 758 1524 780 et
1541 754 1609 780 duas
1631 754 1815 781 circumcisione!

1064 798 1194 824 diScutiat
1208 797 1366 832 Apostolus,
1381 801 1408 825 ct
1422 806 1494 825 nunc
1517 799 1550 826 de
1572 799 1686 831 carnali,
1699 807 1762 825 nunc
1775 807 1815 825 ιε-ιι

1063 844 1096 870 de
1109 844 1226 878 spiritali
1241 844 1297 879 (22)
1313 849 1518 871 commemoret.
1535 844 1650 872 Videtur
1663 853 1726 880 ergo
1737 847 1759 872 in
1773 853 1815 879 pus

1063 889 1132 916 senti
1147 890 1206 916 loco
1218 890 1380 924 praeputium
1405 890 1500 917 dicere
1520 894 1627 924 gentes.
1646 898 1705 923 quae
1726 891 1749 916 in
1770 898 1814 923 prs-

1063 935 1138 969 ptitio
1149 934 1233 970 590
1248 935 1341 962 carnis
1358 936 1392 962 ad
1407 935 1486 962 ﬁdem
1500 935 1603 962 Christi
1619 941 1745 962 venerunt
1756 945 1761 962 :
1772 943 1815 968 quas.

1063 979 1149 1014 legem
1163 981 1313 1014 spiritalem
1331 986 1472 1008 servantes
1494 982 1636 1015 componit
1658 987 1684 1008 et
1709 986 1815 1014 (‘ompam‘

1062 1024 1175 1057 Iudaeis,
1192 1026 1238 1060 qui
1253 1033 1301 1060 per
1316 1026 1434 1053 litteram
1451 1031 1476 1054 et
1498 1027 1731 1054 circumcisionem
1751 1027 1815 1052 carnis

1063 1072 1290 1106 praevaricatores
1308 1078 1372 1099 sunt
1388 1072 1465 1108 legis,
1492 1081 1561 1108 quos
1582 1077 1611 1100 et
1633 1073 1780 1108 judicandos
1796 1073 1815 1098 al

1063 1117 1106 1145 his
1122 1118 1187 1145 dicit
1201 1118 1227 1145 in
1249 1118 1347 1153 quibus
1373 1125 1426 1145 non
1441 1119 1533 1146 carnis
1547 1118 1728 1150 circumcisio,
1742 1119 1779 1145 sed
1797 1119 1815 1142 Ie

1062 1163 1103 1198 gis
1122 1163 1282 1191 observatio
1299 1169 1351 1192 est.
1378 1163 1525 1192 Possumus
1551 1169 1642 1192 autem
1663 1172 1694 1192 ex
1711 1167 1755 1192 hac
1766 1172 1815 1192 cum

1062 1210 1207 1244 paratione
1224 1210 1307 1237 etiam
1323 1214 1432 1237 nostros
1462 1210 1489 1237 in
1510 1210 1632 1238 Ecclesia
1658 1216 1815 1241 commonent;

1063 1255 1136 1282 verbi
1152 1262 1246 1287 causa,
1265 1256 1287 1283 si
1301 1256 1423 1283 dicamus
1437 1256 1463 1283 in
1478 1257 1613 1291 prteputio
1627 1257 1716 1283 adhue
1727 1264 1777 1283 esse
1787 1263 1815 1279 ra-

1063 1301 1251 1334 tecbumenos,
1269 1306 1316 1328 aut
1334 1302 1418 1329 etiam
1443 1301 1559 1337 gentiles
1579 1310 1588 1335 ;
1617 1306 1645 1330 et
1676 1301 1815 1329 circumcisa!

1062 1354 1123 1374 esse
1147 1347 1239 1375 ﬁdeles
1263 1354 1312 1383 per
1338 1348 1455 1383 gratiam
1475 1347 1617 1382 baptismi.
1643 1348 1672 1375 Si
1690 1355 1750 1382 ergo
1765 1353 1815 1373 cate

1062 1393 1213 1420 chumenus
1229 1393 1277 1427 qui
1294 1393 1412 1420 nondum
1425 1399 1473 1428 per
1485 1393 1604 1428 gratiam
1619 1392 1718 1420 lavacri
1733 1392 1815 1418 εἰη-ιη

1063 1439 1136 1466 cisus
1147 1445 1200 1472 est,
1218 1439 1303 1475 legem
1314 1439 1414 1467 Christi
1430 1444 1535 1471 servet,
1545 1438 1667 1473 justitias
1679 1443 1706 1465 et
1721 1437 1815 1464 mandat

1063 1487 1221 1519 custodiat,
1257 1495 1347 1514 nonne
1374 1495 1407 1514 ex
1440 1487 1492 1514 hac
1519 1488 1724 1521 comparatione
1745 1485 1815 1518 jlulinl

1063 1540 1137 1565 eum,
1157 1534 1203 1567 qui
1220 1532 1306 1560 ﬁdelis
1319 1532 1420 1560 dicitur
1433 1536 1459 1560 et
1471 1537 1608 1567 praecepta
1632 1540 1685 1560 non
1703 1536 1787 1559 scrrat.
1799 1535 1815 1555 2t

1063 1579 1149 1613 legem
1162 1579 1276 1610 Christi,
1293 1584 1319 1606 et
1340 1579 1468 1606 tnandata
1481 1579 1634 1606 contemnit
1652 1579 1664 1605 ?
1688 1579 1791 1611 Denique
1802 1578 1815 1601 et

1063 1625 1121 1659 ipse
1146 1626 1279 1652 Dominus
1305 1626 1413 1653 dicebat
1426 1626 1470 1652 ":
1501 1635 1510 1651 ι
1534 1625 1639 1660 Regina
1658 1626 1742 1652 Austri
1754 1624 1815 1657 surgit

1063 1670 1203 1704 injudicio
1226 1679 1288 1698 cum
1312 1672 1379 1698 viris
1402 1671 1592 1706 generationis
1620 1671 1712 1705 hujus,
1729 1676 1754 1697 et
1774 1677 1815 1695 (ιι-»ει

1062 1716 1200 1743 demnabit
1217 1724 1274 1748 eos,
1292 1717 1354 1751 quia
1373 1717 1446 1744 venit
1458 1724 1473 1743 a
1486 1717 1586 1744 ﬁnibus
1602 1721 1681 1744 terra:
1694 1717 1779 1743 audire
1789 1722 1815 1740 sm

1063 1763 1193 1797 pientiam
1212 1763 1376 1790 Salomonis.
1405 1772 1415 1788 ι
1444 1762 1506 1790 Ηωε
1522 1762 1633 1797 quidem
1656 1763 1688 1789 ad
1715 1762 1815 1788 instruar

1069 1808 1130 1835 dam
1146 1808 1295 1836 Ecclesiam
1311 1808 1389 1836 nobis
1411 1808 1483 1836 dicta
1500 1808 1565 1835 sint.
1583 1807 1682 1836 Verum
1707 1808 1815 1834 considrrt

1062 1853 1084 1880 si
1107 1854 1193 1888 possit
1208 1854 1234 1881 in
1250 1854 1300 1881 hoc
1316 1854 1376 1881 loco
1391 1859 1418 1881 ct
1433 1854 1479 1881 ille
1502 1853 1659 1881 intellectus
1685 1854 1789 1880 admitti.
1801 1853 1815 1875 Il

1061 1898 1169 1925 dicatur
1184 1899 1266 1926 etiam
1282 1904 1344 1933 post
1358 1899 1503 1926 adventum
1525 1898 1629 1926 Christi
1656 1898 1766 1926 carnalis
1783 1898 1815 1923 en

1062 1944 1206 1977 cumcisio,
1222 1952 1281 1979 qua:
1306 1951 1339 1971 ex
1366 1945 1423 1980 lege
1450 1945 1696 1980 obscrvatur(23,t,
1722 1944 1815 1979 prodam

1066 1990 1171 2024 aliquid
1186 1991 1400 2018 custodientibus
1421 1991 1517 2025 legem,
1533 1992 1686 2018 secundum
1706 1992 1752 2018 hoc
1771 1986 1815 2022 ηιμ(

1064 2037 1088 2063 in
1110 2036 1187 2064 initio
1202 2037 1263 2064 ﬁdei
1279 2042 1379 2064 nostrae
1393 2037 1482 2064 adhuc
1499 2045 1513 2063 a
1530 2038 1707 2064 credentibus
1721 2038 1815 2063 obsmi‘

1062 2082 1141 2109 batur
1163 2090 1171 2109 τ
1198 2087 1226 2109 ιιι
1253 2083 1279 2109 in
1304 2083 1417 2110 Actibus
1435 2083 1622 2117 apostolorum
1638 2083 1747 2110 docetur
1758 2083 1775 2098 "
1791 2078 1815 2105 vrl

1064 2129 1158 2157 Petrus
1174 2130 1199 2156 in
1216 2130 1382 2157 discretione
1398 2129 1534 2161 ciborum,
1566 2130 1611 2156 vel
1638 2129 1736 2156 Paulus
1757 2129 1815 2154 insa-

1062 2175 1173 2203 criﬁciis
1188 2175 1388 2210 puriﬁcatiouis
1399 2177 1424 2192 "
1438 2175 1536 2203 fecisse
1553 2184 1560 2201 :
1582 2175 1605 2202 si
1622 2175 1693 2202 forte
1707 2176 1777 2202 etiam
1790 2173 1815 2197 hit

1064 2221 1217 2255 lmjusmodi
1241 2221 1479 2249 circumcisionem
1513 2221 1693 2255 proposuisse
1725 2221 1815 2246 ﬁdem?

1061 2267 1216 2302 Apostolus,
1231 2275 1312 2302 quam
1330 2267 1459 2301 prodesse
1471 2267 1536 2294 dicit
1553 2267 1591 2294 ita
1606 2267 1629 2294 si
1644 2267 1724 2294 etiam
1735 2267 1769 2292 lex
1781 2271 1815 2290 ξε*

1062 2318 1160 2341 vetur:
1177 2313 1199 2340 si
1219 2313 1318 2344 minus,
1346 2313 1584 2340 circumcisionem
1601 2312 1672 2339 hanc
1698 2313 1723 2339 in
1743 2319 1815 2345 puriu-

1063 2359 1129 2386 tium
1151 2359 1320 2393 vertendam,
1349 2359 1401 2387 hoc
1427 2362 1479 2391 est,
1499 2357 1566 2384 nihil
1590 2358 1815 2393 profuturamzmt

1062 2407 1143 2434 etiam
1160 2406 1247 2441 majus
1261 2405 1318 2441 (24)
1335 2405 1435 2432 habere
1446 2405 1580 2439 judicium
1597 2413 1660 2432 eum
1675 2405 1718 2438 qui
1733 2402 1815 2437 perri“

1062 2452 1256 2480 cumcisionem
1285 2452 1375 2479 carnis
1402 2451 1525 2478 videatur
1550 2450 1619 2485 legis
1646 2448 1815 2477 observantiam

1061 2497 1195 2533 proﬁteri,
1209 2501 1237 2524 et
1251 2496 1456 2531 prtevaricando
1471 2495 1558 2530 legem
1569 2494 1690 2529 jndicari
1707 2496 1773 2520 abeo
1786 2490 1815 2524 ξιτ-Ε

1062 2551 1115 2570 non
1133 2542 1283 2577 susceperit
1298 2542 1408 2576 quidem
1420 2542 1662 2570 circumcisionem
1679 2541 1771 2568 carnis.
1786 2539 1815 2570 ju-

1202 2603 1224 2619 "’
1242 2601 1308 2629 Gen.
1324 2608 1386 2632 xvu,
1402 2600 1455 2631 l2;
1472 2599 1560 2627 Levil.
1579 2608 1630 2630 xu.
1645 2599 1672 2626 3.
1708 2596 1787 2624 “Joh
1803 2603 1815 2622 ιι

1149 2638 1171 2654 ⁵³
1187 2637 1284 2666 Matth.
1299 2644 1347 2668 χιι,
1360 2636 1405 2663 η.
1445 2636 1468 2651 ⁵³
1482 2635 1543 2663 Act.
1561 2643 1589 2667 κ,
1606 2635 1636 2662 ll
1651 2641 1708 2668 seq.
1743 2632 1815 2656 “Ach

1059 2721 1249 2748 desiderantur
1265 2718 1291 2744 in
1309 2722 1387 2744 antea
1405 2716 1498 2744 editis.

1094 2755 1150 2791 (‘23)
1170 2755 1218 2791 Sic
1230 2761 1292 2791 mss.
1311 2752 1381 2791 Editi
1395 2759 1471 2791 vero,
1486 2759 1496 2776 ‹
1512 2750 1716 2791 observabatur.
1732 2756 1740 2772 I

1095 2785 1150 2825 (24)
1167 2800 1176 2816 ι
1196 2788 1290 2822 Maius.
1308 2798 1317 2814 ι
1335 2787 1416 2820 ΕιΙὶιῖ,
1434 2795 1442 2812 ι
1459 2786 1485 2812 in
1501 2785 1573 2821 aliis,
1591 2795 1600 2810 ι
1617 2785 1692 2812 male.
