1833 3049
15 106 47 133 (Ἱ-
470 107 649 136 COMMENT.
671 108 704 135 ΙΝ
724 107 832 136 EI'IST.
851 108 897 136 AD
917 108 1001 137 ROM.
1024 110 1088 138 LIB.
1109 110 1142 139 il.

1568 117 1621 144 90?.

14 167 80 192 titius
95 170 189 193 tamen
207 166 358 193 servaverit
373 165 450 202 legis.
477 167 506 195 Si
527 175 593 202 ergo
608 173 636 195 et
647 167 692 195 hic
718 175 780 195 scn-
797 169 821 198 Α
835 167 904 195 nalis
928 167 1048 201 Judasus,
1071 169 1179 204 perﬁcit
1196 175 1286 198 autem
1313 171 1455 206 spiritalis.
1478 177 1505 201 ct
1528 175 1574 208 qui
1593 177 1619 201 in

14 220 41 240 us
63 212 146 246 recipi
171 211 280 244 debeat,
306 213 396 240 videto
409 213 491 240 etiam
509 218 535 240 tn
552 214 598 248 qui
621 214 698 250 legis,
712 222 781 249 quo-

16 258 65 283 iam
81 257 193 290 quidem
208 257 264 291 ipse
279 257 426 291 Apostolus
440 259 582 293 proﬁtetur
597 259 620 276 ⁸³
637 267 667 286 se
680 258 780 287 Juda-is

15 303 51 329 eri
67 301 204 333 Judmnm.
217 306 245 329 et
261 302 304 329 his
323 303 368 337 qui
385 303 444 331 sine
467 303 525 338 iege
539 309 616 337 sunt,
634 305 711 340 quasi
734 307 778 340 qui

14 349 52 375 ine
67 348 125 382 lege
140 348 177 375 sit
191 347 263 383 (25),
279 354 306 376 et
324 349 450 377 omnibus
473 351 564 378 omnia
579 351 620 383 ﬁt,
638 356 667 378 ut
684 359 780 379 omnes

14 393 156 425 tcriiaciat,
175 402 210 421 ne
228 394 299 421 forte
314 399 456 429 propterea
475 395 518 424 hic
541 396 666 424 videatur
688 397 777 424 indul-

14 448 55 467 ere
67 440 168 467 Juda-is
198 448 230 467 ea
256 448 317 475 quas
342 441 376 468 ad
389 440 498 469 Galatas
520 442 654 474 scribens,
674 442 717 470 his
731 442 778 478 qui

14 494 26 512 x
39 486 162 520 gentibus
179 486 355 514 crediderant
373 493 425 514 non
439 487 571 522 indulget.
596 487 666 516 Dicit
680 488 752 516 enim
769 497 776 514 :

31 532 94 564 Quia
121 532 144 559 si
169 532 405 559 circumeidamini
422 552 430 564 .
453 531 580 561 Christus
605 533 684 561 vobis
711 533 778 560 nihil

14 579 112 605 sederit
123 579 176 604 ".r
194 578 267 606 Nihil
277 586 342 614 ergo
351 579 479 614 proderat
492 579 663 607 circumcisio
675 579 718 607 his
731 579 778 614 qni

14 633 26 651 x
41 633 69 650 ea
86 626 217 659 putabant
234 625 334 660 aliquid
349 626 555 660 justiﬁcationis
570 626 672 654 assumi
687 634 776 661 ;-pro‘

15 676 68 698 erat
85 677 176 698 autem
197 672 251 704 his,
271 672 316 707 qui
348 673 482 707 putabant
504 672 554 699 sibi
578 672 610 699 ad
638 672 775 700 Christum

14 725 46 743 on
59 725 116 744 esse
133 718 310 751 veniendum,
332 720 354 746 si
370 719 409 746 eis
425 719 626 746 circumcidere
643 718 713 746 ﬁlios
729 726 775 745 ve-

14 769 101 792 iretnr.
116 763 203 791 Erant
217 764 289 791 enim
310 765 432 792 nonnulli
448 765 475 792 in
491 765 586 797 initiis,
601 765 647 799 qui
661 765 777 792 circum-

14 809 115 837 isionem
132 810 216 837 veluti
234 812 340 846 insigne
354 812 533 838 vernaculum
554 812 643 847 gentis
658 820 715 840 sua;
733 813 774 839 ni-

14 856 45 882 tio
65 863 154 884 amore
175 862 318 884 servarent
342 866 348 884 :
370 862 399 884 et
421 857 546 892 impediri
570 858 732 886 videbantur
757 866 772 886 a

16 902 53 932 de.
72 901 92 928 si
110 903 160 928 hoc
176 901 233 937 (26)
250 903 290 929 eis
305 907 445 930 vetaretur
467 910 521 937 quo
538 910 633 930 carere
651 911 702 930 non
725 911 773 938 po-

14 951 84 975 :rant.
102 946 172 981 Ergo
190 947 300 974 videtur
325 947 471 982 Apostolus
494 948 526 974 ad
546 948 698 981 hujnsmodi
724 951 774 976 ho-

14 994 74 1021 iines
87 994 189 1025 dicere,
212 1001 246 1021 ne
272 994 312 1021 eis
342 993 404 1022 ﬁdei
427 993 538 1028 januam
564 994 684 1027 claudat,
707 995 771 1029 quia

22 1040 184 1067 circumcisio
208 1039 330 1074 prodest,
354 1039 376 1066 si
402 1039 489 1075 legem
504 1040 642 1067 custodias
658 1048 665 1067 :
682 1041 704 1067 si
721 1049 770 1067 au-

14 1091 45 1110 em
61 1084 255 1119 pravaricator
272 1083 340 1118 legis
355 1084 403 1118 sis,
415 1084 588 1112 circumcisio
604 1088 649 1111 tua
665 1093 771 1119 praepu-

14 1129 136 1157 ‘mmfacta
150 1135 204 1158 est.
224 1139 234 1156 ι
261 1130 282 1157 Ε
305 1131 443 1158 contrario
469 1134 559 1158 autem
582 1130 604 1157 si
628 1130 771 1158 credentes

15 1183 26 1202 x
47 1176 167 1210 gentibus
186 1177 221 1203 ad
248 1176 483 1204 circumcisionem
510 1181 682 1211 cogerentur.
708 1176 769 1203 ﬁdei

14 1220 88 1248 :hristi
101 1226 127 1248 ct
144 1221 334 1256 praedicatioui
349 1221 423 1249 verbi
437 1221 494 1248 ﬁeri
507 1221 645 1248 videretur
659 1221 768 1254 injuria.

14 1266 43 1291 led
60 1271 85 1293 et
97 1266 160 1294 illud
172 1267 374 1295 observandum
391 1272 442 1301 est,
471 1266 543 1302 quod
564 1274 625 1294 cum
647 1266 745 1294 dixerit
761 1274 769 1294 :

21 1311 187 1340 Circumcisio
196 1313 308 1348 quidem
324 1313 446 1348 prodest.
459 1313 481 1341 si
491 1312 576 1348 legem
586 1311 725 1339 custodias
736 1320 743 1338 :
756 1321 766 1338 ι

16 1363 43 1381 οη
57 1357 162 1390 addidit,
179 1357 209 1385 Si
229 1361 320 1385 autem
343 1365 397 1385 non
410 1358 558 1390 custodias,
577 1357 650 1384 sicut
672 1363 769 1384 conse-

17 1408 73 1428 uens
87 1402 243 1436 videbatur,
257 1403 306 1430 sed
316 1402 355 1430 ait
370 1411 377 1430 :
393 1411 402 1428 ι
420 1402 450 1430 Si
465 1408 556 1431 autem
572 1401 769 1438 pmvaricator

14 1445 32 1472 is
45 1446 115 1482 legis.
131 1457 140 1474 ι
156 1447 186 1475 ln
200 1456 256 1484 quo
266 1448 386 1475 ostendit
403 1448 475 1475 aliud
493 1455 552 1476 esse
562 1456 615 1476 non
627 1448 766 1476 custodire

832 212 941 240 occulto
956 213 1066 241 Judmus
1082 219 1134 241 est.
1156 214 1183 241 in
1199 222 1253 249 quo
1269 215 1314 242 ille
1327 216 1435 249 quidem
1452 219 1619 251 prmvarica-

833 263 875 285 tor
892 258 971 293 legis,
988 260 1032 287 hic
1044 266 1132 287 autem
1154 259 1235 295 judcx
1262 262 1479 296 prtevaricatoris
1493 263 1619 292 edicitur.

831 302 1028 332 Praevaricator
1042 311 1134 334 autem
1150 306 1268 334 emcitur
1290 307 1348 342 (28)
1363 308 1481 334 carnalis
1497 308 1618 343 Judscus,

829 350 893 384 quia
908 350 950 377 lex
963 352 1019 386 ipsa
1032 352 1221 380 iniirmabatur
1233 360 1282 388 per
1293 354 1477 382 carnem.Nisi
1491 356 1563 382 enim
1578 359 1620 382 ln-

830 394 937 423 ﬁrmata
954 395 1049 424 fuisset
1060 399 1208 426 secundum
1224 406 1346 430 carnem,
1365 406 1417 426 non
1433 400 1526 434 utique
1541 401 1618 428 dice-

830 446 903 468 retur
916 450 923 468 :
936 451 946 467 ι
963 441 1029 468 Nam
1044 443 1115 477 quod
1130 443 1297 478 impossibile
1313 449 1373 471 erat
1388 445 1450 477 legi,
1466 446 1492 472 in
1507 453 1562 480 quo
1577 447 1618 474 in-

829 484 1200 522 ﬁrmabaturpercarnem".
1213 499 1222 515 ι
1234 489 1287 517 Per
1297 491 1422 524 spiritum
1436 496 1527 519 autem
1544 493 1619 520 inﬁr-

829 533 896 559 mari
910 533 995 568 legem
1007 541 1145 568 nunquam
1160 535 1461 570 inveniesscriptum,ct
1472 538 1533 565 ideo
1544 549 1552 565 ι
1568 540 1614 574 qui

829 577 855 604 in
872 585 955 605 carne
968 584 1042 610 sunt,
1056 578 1109 605 Deo
1118 579 1229 614 placere
1245 587 1296 607 nou
1315 586 1426 614 possunt
1439 581 1478 615 ";
1490 591 1500 608 ›
1511 584 1556 617 qui
1566 592 1612 610 au-

829 627 882 650 tem
895 631 944 658 per
955 624 1079 659 spiritum
1098 629 1176 652 actus
1193 626 1283 652 carnis
1300 628 1535 661 mortiﬁcaverint,
1558 637 1610 656 non

828 669 915 696 solum
929 670 1030 702 vivent,
1046 670 1210 705 sedjudices
1220 676 1299 698 erunt
1321 679 1373 698 non
1398 677 1503 699 tantum
1526 674 1615 700 homi-

828 716 956 745 num.sed
966 716 1156 749 etangelorum
1167 718 1244 751 :quia
1254 717 1325 744 illius
1335 718 1395 745 laus
1408 719 1441 746 ab
1455 719 1612 747 hominibus

826 765 877 792 est.
889 761 967 796 hujus
976 770 989 788 a
1000 762 1055 789 Deo
1066 762 1098 790 “.
1113 761 1174 789 llaec
1183 763 1291 797 quidem
1300 764 1370 791 dicta
1380 764 1435 791 sint
1451 772 1464 790 a
1483 766 1560 792 nobis
1577 767 1611 794 ad

826 806 907 842 49],
941 808 1158 842 explanationem
1183 810 1317 836 sermonis
1345 811 1503 844 apostolici,
1528 819 1609 846 quem

825 853 961 880 disserere
986 855 1186 888 proposuimus.
1220 854 1278 881 Non
1312 862 1401 882 tamen
1429 857 1609 890 importunum

825 898 960 924 videbitur
985 898 1066 925 etiam
1094 899 1310 927 circnmcisionis
1343 901 1429 935 ipsius
1456 902 1612 936 generalem

823 944 960 971 discutere
988 944 1139 976 rationem,
1163 947 1384 980 quandoquidem
1415 947 1448 974 de
1476 956 1507 973 ea
1539 947 1614 975 locns

823 990 881 1024 ipse
904 990 1083 1018 commonuit.
1107 990 1273 1025 Repetamns
1289 992 1383 1028 igitur,
1404 997 1430 1020 et
1454 993 1613 1020 inmedium

822 1031 1004 1070 proferamus,
1022 1036 1043 1063 si
1060 1043 1113 1070 qua
1131 1036 1156 1063 in
1172 1036 1231 1071 lege
1251 1037 1283 1064 de
1299 1045 1341 1070 ea,
1361 1038 1402 1064 vel
1424 1038 1449 1065 in
1465 1038 1613 1072 Scripturis

821 1081 927 1108 cmteris
941 1081 1126 1108 continentur.
1158 1081 1312 1109 invenimus
1327 1082 1352 1109 in
1367 1082 1466 1109 Genesi
1481 1083 1611 1118 scriptum

822 1126 936 1161 primum
955 1127 988 1153 de
1007 1127 1216 1154 circumcisione
1227 1127 1396 1161 mandatum,
1406 1135 1468 1155 cum
1480 1136 1610 1163 responsa

821 1172 950 1199 darentur
973 1172 1005 1198 ad
1033 1173 1170 1200 Abraham
1206 1173 1258 1200 hoc
1299 1175 1379 1201 modo
1394 1174 1415 1190 ⁸¹
1433 1182 1440 1200 :
1459 1184 1468 1200 ι
1484 1175 1518 1201 Ει
1544 1175 1612 1202 dixit

821 1217 891 1245 Dens
907 1218 940 1245 ad
964 1217 1101 1245 Abraham
1119 1218 1180 1246 :Tu
1195 1224 1286 1246 autem
1309 1225 1499 1248 testamentum
1520 1229 1610 1248 meum

820 1266 950 1298 servabis,
973 1271 1000 1293 et
1014 1273 1096 1293 omne
1117 1273 1210 1294 semen
1234 1271 1308 1294 tuum
1335 1272 1395 1302 post
1411 1273 1436 1295 te
1452 1268 1478 1294 in
1493 1276 1610 1303 genera-

820 1312 906 1340 tiones
919 1318 991 1339 suas.
1005 1311 1036 1339 Et
1049 1312 1100 1339 hoc
1116 1312 1395 1347 testamentutn.quod
1407 1313 1527 1347 disposui
1539 1315 1610 1341 inter

820 1365 863 1384 me
876 1361 904 1385 et
918 1365 975 1390 vos.
989 1363 1016 1385 et
1030 1358 1101 1385 inter
1115 1365 1158 1385 me
1169 1365 1196 1385 et
1208 1358 1279 1384 inter
1291 1358 1409 1385 medium
1424 1359 1536 1386 seminis
1552 1359 1608 1394 (29)

819 1403 856 1430 tui
874 1407 934 1438 post
953 1409 980 1431 te
997 1404 1023 1431 in
1039 1404 1229 1439 generationes
1256 1411 1352 1431 eorum
1370 1413 1376 1431 :
1398 1404 1609 1432 circumcidetur

818 1457 898 1477 omne
911 1450 1090 1477 masculinum
1105 1455 1237 1482 vestrum,
1247 1455 1273 1477 et
1287 1449 1486 1477 circumcidi-tis
1498 1459 1607 1477 carnem

14 1497 83 1524 egent.
104 1493 175 1520 aliud
199 1493 376 1529 praevaricari
401 1493 498 1529 legem.
519 1492 586 1521 Nam
609 1498 637 1522 et
664 1493 764 1522 Paulus
779 1514 801 1544 ο
818 1495 940 1530 praeputii
955 1495 1050 1529 vestri,
1064 1500 1091 1523 et
1106 1495 1158 1522 erit
1186 1496 1211 1522 in
1236 1496 1342 1531 signum
1368 1495 1519 1523 testamenti
1538 1495 1608 1522 inter

15 1544 47 1564 ise
70 1546 119 1565 non
140 1547 247 1574 semper
262 1539 346 1574 legem
365 1539 493 1572 custodit,
515 1547 651 1575 nunquam
673 1544 764 1566 tamen

16 1585 171 1611 mvaricator
184 1590 226 1612 est
239 1585 316 1619 legis.
330 1585 476 1620 Propterea
493 1585 519 1612 in
534 1585 765 1619 consequentibus

15 1627 72 1655 icit:
90 1639 99 1654 ι
114 1629 141 1656 Si
158 1635 249 1658 autem
263 1631 424 1665 prtcpntium
440 1631 574 1665 justitiam
591 1631 658 1666 legis
674 1636 766 1659 custo-

17 1674 55 1706 iat,
65 1683 149 1703 nonne
159 1677 293 1712 iudicabit
304 1678 421 1711 quodex
432 1683 527 1704 natura
539 1682 579 1704 est
590 1678 764 1712 prmputium,

15 1726 72 1754 egent
86 1721 236 1756 perﬁciens,
256 1727 293 1755 te,
308 1723 354 1757 qui
370 1730 418 1757 per
434 1722 552 1750 litteram
570 1727 598 1749 et
620 1722 764 1750 circumci-

15 1766 85 1794 ionem
100 1769 291 1802 praevaricator
313 1777 342 1796 es
365 1769 454 1803 legis?
471 1777 480 1795 ι
498 1768 622 1796 Custodit
643 1775 707 1803 ergo
727 1769 765 1795 lc—

16 1819 49 1839 em
71 1814 92 1840 is
112 1815 153 1848 qui
168 1823 229 1842 eam
259 1816 406 1843 secundum
422 1814 541 1842 litteram
555 1813 684 1842 observat
703 1822 710 1846 ;
735 1819 763 1840 et

16 1861 208 1890 spravaricatur
223 1869 297 1894 eam,
313 1861 360 1895 qui
378 1859 528 1895 spiritalem
541 1859 601 1894 ejus
617 1866 669 1886 non
689 1863 764 1886 tenet

16 1911 102 1932 rusum.
119 1905 226 1934 iustitia
248 1914 313 1934 vero
336 1907 414 1942 legis,
441 1906 552 1934 moralis
575 1905 632 1939 ejus
655 1910 697 1932 est
721 1904 762 1931 lu-

16 1957 39 1976 “S
52 1950 111 1986 (27).
133 1952 186 1980 Lex
207 1954 280 1980 enim
299 1953 428 1988 generale
449 1952 611 1981 vocabulum
636 1957 701 1979 est:
720 1952 764 1985 ju-

16 1994 58 2020 titia
72 2004 131 2023 vero
143 2005 205 2032 pars
224 1999 293 2033 legis
308 2002 360 2025 est.
376 1998 506 2025 Continet
522 1996 594 2023 enim
616 1996 659 2022 lex
680 1995 762 2028 iusti-

19 2048 52 2071 ις.
71 2048 95 2068 et
115 2044 225 2078 judicia,
253 2049 280 2071 et
311 2044 448 2075 mandata,
482 2046 510 2069 et
534 2041 760 2075 justiﬁcationes.

16 2084 101 2121 liasqne
123 2089 334 2124 quamplurimas
359 2088 477 2123 species.
506 2087 534 2115 Si
561 2094 626 2120 ergo
653 2093 760 2120 praepu-

20 2139 54 2157 um
76 2141 123 2161 non
146 2136 181 2163 ait
207 2136 293 2170 ipsam
311 2134 408 2169 legem,
432 2133 479 2161 sed
504 2131 526 2161 si
547 2133 667 2167 justitias
692 2132 760 2166 legis

818 1549 860 1569 me
874 1546 902 1568 et
917 1548 984 1568 vos:
1004 1546 1032 1569 et
1061 1549 1130 1577 puer
1146 1545 1242 1569 octava
1273 1541 1316 1568 die
1346 1540 1557 1568 circumcidetur
1580 1541 1606 1568 in

816 1588 903 1618 vobis.
917 1588 1008 1615 omnis
1028 1587 1166 1615 masculus
1189 1586 1214 1613 in
1240 1585 1464 1621 generationibus
1481 1586 1580 1613 vestris
1599 1595 1606 1613 :

816 1634 988 1667 vernaculus,
1017 1637 1045 1662 et
1072 1633 1188 1668 pecunia
1211 1637 1318 1667 emptus
1342 1632 1376 1660 ab
1401 1633 1527 1660 omnibus
1545 1632 1608 1659 ﬁliis

815 1679 1042 1715 alienigenarum,
1057 1678 1103 1714 qui
1121 1686 1174 1705 non
1190 1683 1232 1705 est
1245 1686 1276 1704 ex
1291 1677 1395 1705 semine
1413 1683 1470 1711 tuo,
1487 1679 1606 1706 circum-

814 1723 918 1751 cisione
942 1723 1158 1751 circumcidetur
1182 1722 1345 1749 vernaculus
1367 1723 1464 1750 donms
1492 1729 1555 1755 tum,
1579 1731 1606 1751 et

815 1769 928 1804 pecunia
939 1773 1112 1804 comparatus
1124 1776 1138 1796 a
1155 1773 1195 1795 te:
1209 1768 1296 1795 eterit
1312 1773 1504 1795 testamentum
1517 1777 1604 1795 meum

814 1823 896 1850 super
920 1823 1031 1842 carnem
1052 1821 1171 1842 vestram
1188 1819 1382 1842 testamentum
1405 1818 1537 1841 aeternum
1554 1823 1561 1840 τ
1579 1820 1606 1842 et

814 1861 1022 1889 incircumcisus
1038 1860 1176 1888 masculus
1192 1861 1239 1895 qui
1254 1868 1306 1887 non
1325 1859 1405 1887 fuerit
1426 1860 1604 1887 circumcisus

814 1906 840 1934 in
861 1914 942 1934 carne
958 1907 1081 1942 przeputii
1107 1907 1148 1933 sui
1173 1907 1215 1933 die
1239 1910 1347 1938 octava,
1375 1905 1606 1932 exterminabitur

813 1949 902 1976 anima
917 1949 962 1977 illa
985 1950 1019 1978 de
1036 1957 1137 1985 genere
1163 1957 1212 1977 suo
1228 1949 1297 1984 ('50),
1314 1950 1377 1984 quia
1406 1953 1603 1976 testamentum

813 2003 902 2022 meum
923 1995 1077 2030 dissipavit.
1097 2005 1106 2022 ι
1140 1995 1199 2023 Non
1227 2003 1276 2023 nos
1302 2000 1390 2022 tamen
1413 1995 1497 2022 latere
1512 1996 1605 2028 debet,

813 2042 884 2076 quod
904 2043 930 2069 in
958 2040 1020 2068 aliis
1042 2041 1243 2076 exetnplaribus
1263 2049 1314 2068 non
1340 2041 1455 2068 habetur
1471 2041 1600 2075 positmn,

815 2097 824 2113 ι
839 2092 936 2115 octava
950 2088 1003 2120 die,
1017 2097 1026 2113 ι
1049 2087 1075 2114 ίιι
1091 2087 1143 2115 hoc
1165 2088 1297 2114 duntaxat
1315 2087 1384 2114 loco.
1399 2087 1464 2114 item
1481 2087 1506 2113 in
1522 2086 1603 2113 Levi-

816 2134 870 2160 tico
883 2133 1014 2167 scriptum
1029 2137 1070 2159 est
1081 2133 1103 2148 “
1120 2140 1128 2158 :
1147 2141 1155 2157 ι
1175 2131 1204 2158 Ει
1226 2131 1332 2159 locutus
1347 2137 1388 2158 est
1410 2131 1539 2158 Dominus
1568 2132 1607 2158 ad.

17 2179 124 2212 ustodiat,
139 2182 164 2208 in
181 2187 285 2209 tantum
304 2179 447 2215 prmiertur
463 2178 666 2206 circumcisioni
689 2185 759 2211 prm-
777 2180 798 2208 υ
814 2179 924 2214 Moysen
940 2178 1033 2205 dicens
1048 2186 1055 2205 :
1074 2177 1198 2212 Loquere
1215 2177 1278 2204 ﬁliis
1293 2177 1375 2205 Israel
1388 2197 1396 2209 ,
1419 2181 1446 2204 et
1473 2177 1548 2204 dices
1567 2178 1608 2204 ad;

17 2224 111 2252 aricanti
123 2226 217 2262 legem,
233 2231 262 2253 ut
276 2227 358 2253 etiam
373 2225 478 2260 judicet
494 2231 565 2252 eam.
580 2223 612 2250 Et
627 2223 695 2250 bene
710 2223 758 2249 ad-

18 2268 66 2302 idit.
81 2280 90 2296 ι
104 2272 184 2306 legem
199 2272 355 2307 perﬁciens.
371 2280 380 2297 ι
398 2270 444 2297 ille
460 2269 531 2296 enim
546 2269 591 2304 qui
612 2269 758 2295 secundum

19 2319 98 2343 lteram
118 2318 192 2350 vivit,
214 2318 355 2346 custodire
370 2316 470 2343 dicitur
488 2315 574 2350 legem
597 2322 604 2346 ;
629 2313 680 2341 iste
697 2321 761 2341 vero

17 2360 36 2385 ni
50 2363 184 2390 secundum
203 2364 340 2398 spiritum,
357 2361 487 2396 perﬁcere
501 2369 507 2387 :
521 2358 652 2393 perfectio
667 2363 759 2386 autem

18 2405 55 2438 ἐἰς
66 2407 89 2434 in
103 2408 206 2436 Christo
225 2414 278 2440 est,
293 2408 339 2443 qui
357 2408 427 2435 dixit
443 2416 449 2434 :
466 2415 476 2432 ι
496 2405 552 2432 Non
571 2405 631 2432 veni
652 2403 759 2431 solvere

18 2459 79 2485 sem.
93 2454 135 2481 sed
146 2455 290 2490 adimplere
304 2455 338 2481 ".
356 2463 365 2480 ι
379 2452 535 2486 Adimplcre
551 2456 641 2478 autem
658 2450 758 2484 legem,

19 2502 44 2522 oc
59 2503 95 2526 est
105 2500 229 2534 perﬁcere
252 2500 348 2536 legem.
371 2497 494 2527 Custodit
509 2504 573 2532 ergo
593 2495 679 2528 legem
696 2502 758 2522 car—

812 2230 877 2251 eos:
893 2223 988 2251 Mulier
1003 2231 1172 2258 qna‘cnnqne
1194 2224 1344 2257 susceperit
1356 2230 1459 2255 semen,
1477 2227 1505 2249 et
1521 2230 1602 2257 pepe-

813 2270 879 2296 rerit
904 2269 1064 2302 masculum,
1094 2269 1232 2295 immunda
1264 2269 1318 2295 erit
1348 2272 1450 2302 septem
1480 2268 1606 2299 diebusP

814 2315 962 2342 secundum
981 2315 1041 2342 dies
1067 2315 1238 2349 purgationis
1262 2313 1401 2341 immunda
1419 2313 1481 2347 erit,
1506 2318 1532 2339 ct
1558 2313 1603 2340 die

813 2365 911 2387 octava
928 2359 1106 2388 circumcidet
1127 2367 1238 2386 carnem
1267 2359 1392 2394 praeputii
1416 2359 1485 2393 ejus,
1506 2364 1531 2386 et
1551 2359 1601 2386 tri-

813 2407 887 2441 ginta
906 2405 992 2432 tribus
1003 2404 1097 2432 diebus
1109 2404 1214 2431 sedebit
1232 2404 1258 2430 in
1273 2403 1404 2437 sanguine
1417 2411 1466 2430 suo
1485 2403 1607 2432 ἰηιιιιιιιιφ.

813 2451 858 2478 da.
880 2460 890 2476 ι
915 2449 976 2477 Ηωε
990 2451 1099 2485 quidem
1116 2450 1148 2476 de
1163 2450 1221 2484 lege
1235 2449 1321 2485 Moysi
1335 2449 1486 2477 testimonia
1508 2449 1608 2484 posui;

814 2504 883 2524 mus.
908 2494 1034 2522 Salvator
1047 2502 1111 2522 vero
1126 2495 1151 2521 in
1170 2494 1319 2528 Evangelio
1333 2494 1389 2527 ait,
1414 2494 1602 2520 circumcisio-

32 2569 130 2606 ?lCor.
142 2581 178 2606 Ix,
191 2574 284 2601 20-22.
321 2571 444 2599 “Calat.
466 2579 492 2602 v,
507 2570 533 2597 2.
547 2561 594 2606 7-"
617 2567 711 2596 Matth.
732 2569 814 2601 v.17.
853 2569 878 2586 ⁵⁵
890 2569 968 2596 item.
983 2575 1043 2598 vnt.
1060 2567 1087 2594 3.
1125 2567 1147 2583 ⁸³
1161 2566 1226 2594 ibid.
1243 2566 1271 2598 8,
1292 2567 1335 2594 i5.
1374 2566 1396 2581 '°
1411 2565 1490 2592 (torti.
1513 2571 1542 2596 ιι,
1555 2563 1601 2591 ‘29;

18 2603 199 2640 'Gen.xvn.'9
216 2617 292 2644 seqq.
330 2609 352 2624 ⁶¹
374 2607 438 2634 Lev.
467 2613 515 2637 xu,
543 2605 555 2632 i
584 2611 661 2638 seqq.

34 2672 80 2713 (ἓξ)
91 2676 166 2713 Ειῇιῑ.
185 2687 193 2704 ι
207 2678 282 2713 quasi
298 2677 356 2705 sine
373 2677 430 2713 iege
445 2675 490 2702 sit.
510 2685 520 2701 ι

34 2708 79 2743 αθ)
93 2720 101 2735 ι
117 2710 178 2739 Hoc.
193 2722 202 2738 ι
216 2708 298 2740 ’Βεεςι
311 2713 338 2739 ἱιι
350 2708 440 2740 editis.

23 2743 80 2781 ,(ὶτ)
92 2745 124 2772 Ita
142 2755 203 2774 mss.
219 2747 316 2775 nostri.
333 2747 382 2774 Ast
398 2746 473 2778 editi,
492 2754 502 2771 ι
516 2744 635 2772 iustitize
650 2749 712 2770 vero
723 2742 760 2770 le-

19 2784 47 2807 ;ts.
62 2781 156 2807 moralis
171 2787 210 2810 est
224 2783 307 2810 locus.
325 2791 335 2808 ι

36 2812 80 2847 (2⁸)
94 2824 102 2838 ί
117 2815 236 2844 Elllcitur.
253 2827 261 2843 ι
278 2817 306 2844 In
323 2816 404 2844 editis
416 2815 559 2842 omittitur.

849 2669 904 2705 (29)
924 2678 933 2694 ‹
948 2668 982 2696 Ει
1004 2669 1076 2705 inter
1090 2667 1208 2695 medium
1225 2666 1350 2697 seminis.
1369 2675 1378 2692 ι
1395 2670 1448 2692 etc.
1467 2664 1512 2705 S_ic
1533 2665 1607 2693 edit..

813 2705 877 2732 Mss.
896 2711 978 2731 vero:
998 2709 1040 2729 «et
1054 2704 1125 2730 inter
1140 2710 1232 2730 semen
1254 2707 1328 2728 tuum
1345 2705 1405 2734 post
1425 2705 1450 2726 te
1476 2708 1502 2725 ιιι
1517 2707 1603 2734 ευμο-

815 2740 923 2767 ratione
939 2743 1108 2764 sanctorum.
1129 2747 1138 2763 ι

850 2774 906 2807 (50)
936 2773 1015 2802 Editi.
1040 2781 1050 2797 ι
1070 2773 1159 2798 anima
1177 2771 1219 2799 illa
1242 2772 1275 2798 de
1296 2778 1395 2806 genere
1415 2776 1495 2797 suo.»
1521 2767 1604 2800 Mss...

820 2819 828 2836 ι
844 2810 887 2837 illc
903 2809 935 2836 de
948 2807 1043 2843 populo
1055 2815 1113 2834 suo.
1129 2816 1139 2832 ι
