1833 3049
225 105 278 132 903

951 102 1110 131 ORIGENIS
1787 102 1818 131 9'Jl

227 173 289 193 nem
315 165 439 201 accipere
453 164 591 192 hominem
613 164 639 192 in
657 163 789 197 Sabbato,
821 169 848 192 et
872 172 924 192 non
949 164 1016 192 solvi
1034 165 1110 193 Aest
1144 161 1266 193 advenis,
1293 160 1429 195 loquatur.
1457 161 1616 187 necessario
1647 160 1734 194 utique
1751 162 1816 187 obser-

228 215 314 247 tegem
329 211 412 247 Moysi
425 221 432 244 ;
444 215 473 238 et
487 211 552 238 dicit
567 219 627 238 eam
640 219 672 238 ex
687 212 809 246 patribus
825 219 895 242 esse.
911 216 937 238 ct
954 215 1017 237 ante

227 257 336 293 Moysen
368 257 459 284 datam
493 257 526 284 “.
557 257 639 291 Cujus
669 259 815 285 sententia:
841 257 1017 290 auctoritate,

226 305 306 332 simul
325 307 352 330 ct
367 303 460 338 legalis
475 304 606 339 praecepti
628 306 763 339 gravitate
779 306 894 340 permoti
910 326 916 337 ,
933 305 1015 332 etiam

227 354 287 385 post
304 350 449 376 adventum
467 349 530 377 Jesu
549 350 623 377 suasi
641 355 703 378 sunt
715 351 824 386 quidam
847 351 1015 384 circumcidi,

226 403 287 422 eum
305 400 398 422 essent
421 403 454 422 ex
481 396 616 431 gentibus.
643 397 695 424 Alii
722 405 795 430 vero,
827 397 1016 425 liorresccutcs

226 441 330 474 pmultts
347 441 486 474 praecepti,
504 441 662 476 refugerunt
676 443 784 476 penitus
800 443 883 470 etiam
903 444 936 470 ab
949 443 1016 478 ipsis

226 486 332 520 legibus
345 486 370 513 iu
384 486 483 521 quibus
496 487 553 514 lucc
568 487 670 522 seripta
685 489 856 520 videbantur,
870 489 905 516 ita
924 494 952 516 ut
967 498 1015 524 pu-

226 535 314 557 tarent
329 531 386 557 hare
408 538 460 557 non
479 538 540 557 esse
567 531 630 558 buni
657 532 701 558 Dei
730 533 866 563 mandata,
885 539 935 559 nec
956 532 1014 565 ejus

223 584 282 609 qua!
293 576 425 604 Dominus
440 582 467 603 et
480 576 607 603 Salvator
619 582 710 604 noster
723 578 872 611 praedicare
885 579 1012 605 venisset.

224 621 256 647 Et
282 622 342 648 ideo
368 621 432 648 mihi
456 622 564 648 videtur
594 622 750 656 diligentior
774 623 799 650 in
825 623 924 650 talibus
948 623 1014 650 locis

223 666 378 692 adhibenda
402 667 546 699 discussit),
578 668 599 694 si
622 667 657 694 sit
681 667 780 702 aliquid
806 669 831 694 in
860 668 1012 701 liujusmodi

224 711 352 736 mandato
367 711 492 739 utilitatis
512 712 595 738 etiam
617 713 766 739 secundutn
784 713 903 740 litteram
921 722 927 740 :
949 718 976 740 et
991 713 1012 739 si

223 755 278 782 sint
295 757 394 790 quibus
409 757 475 784 utile
487 757 532 788 sit.
547 758 588 784 vel
604 766 684 792 quem
700 758 732 784 ad
748 758 827 785 linem
844 759 936 785 tendat
955 759 1013 794 ejus

223 802 328 828 utilitas
341 823 348 832 .
363 807 410 829 aut
422 802 444 830 si
459 803 561 837 aliquid
585 803 677 831 utilius
700 803 850 838 ﬁguraliter
866 805 1010 831 iudicetur.

223 846 307 880 Igitur
324 852 480 881 repetentes
496 856 528 875 ea
546 857 607 884 qum.
624 857 656 875 ex
679 849 737 884 lege
754 850 916 884 protulimus
935 851 1012 876 testi-

223 893 324 924 monia,
341 893 518 922 discutiamus
530 895 672 926 attentius.
698 900 825 922 utrumne
840 896 889 922 soli
903 895 1012 922 Judzeo—

222 946 281 964 rum
303 939 374 973 genti
401 939 525 966 videatur
553 940 705 974 bujusmodi
734 941 875 968 imminere
901 942 1011 968 manda-

222 989 289 1014 tum,
309 989 388 1018 anet
413 992 509 1012 omnes
534 985 580 1020 qui
609 993 642 1013 ex
671 987 798 1021 gentibus
820 987 1008 1018 crediderunt,

221 1037 297 1063 aequa
315 1034 389 1057 sorte
409 1031 588 1067 constringat.
608 1032 766 1059 Intucamur
781 1040 847 1067 ergo
863 1033 927 1060 illud
939 1033 1011 1068 quod

221 1076 254 1102 ad
284 1076 422 1104 Alrabam
449 1077 573 1105 defertur
603 1080 754 1112 oraculum,
781 1087 834 1114 quo
853 1080 946 1114 juSsus
969 1086 1011 1108 est

219 1123 436 1151 circumcisiouis
456 1129 616 1152 testamenta
644 1133 763 1153 scrvare.
795 1135 805 1152 ι
821 1126 860 1153 Tu
873 1147 880 1159 ,
900 1127 986 1162 inquit
1002 1147 1010 1159 ,

221 1173 411 1194 testamentum
427 1177 517 1196 meum
530 1170 650 1197 servabis
661 1190 668 1203 ,
685 1175 712 1198 et
727 1178 808 1198 omne
823 1179 916 1199 semen
935 1177 1009 1199 lltutu

219 1220 278 1247 post
293 1219 318 1241 te
330 1222 377 1249 per
388 1216 578 1250 generationes
593 1225 668 1244 suas.
695 1216 727 1243 Et
743 1218 793 1244 hoc
807 1222 849 1245 est
865 1222 1010 1245 testamen-

220 1263 275 1285 tum
300 1260 370 1294 qnod
389 1261 508 1295 disposui
525 1262 596 1289 inter
619 1270 679 1294 me,
711 1267 738 1289 et
765 1268 801 1295 te,
818 1267 845 1290 et
872 1264 955 1298 ipsos,
982 1268 1010 1290 ut

219 1305 434 1333 circumcidatur
448 1314 528 1334 omne
541 1308 720 1335 masculinum
735 1315 839 1340 eorum,
854 1314 880 1335 et
894 1309 1010 1335 circuiu-

218 1350 311 1377 cidant
327 1359 436 1378 carnem
450 1353 576 1387 prteputii
590 1353 643 1386 sui,
662 1358 690 1380 ut
704 1355 739 1380 sit
754 1355 779 1380 iu
799 1355 906 1388 signqu
926 1359 1010 1381 testa-

220 1397 304 1423 menti
321 1397 391 1424 inter
405 1405 459 1430 uie,
474 1402 501 1425 et
516 1399 604 1433 ipsos;
620 1404 647 1426 ct
659 1399 748 1427 omnis
766 1400 901 1427 masculus
913 1406 1008 1427 octava

218 1441 262 1467 die
279 1442 494 1469 CII‘CIIIIICIIIIIIIII‘
513 1443 547 1471 ".
564 1453 572 1469 ι
598 1443 674 1477 Quos
697 1452 762 1471 sane
781 1445 839 1480 (3i)
869 1446 950 1473 etiam
974 1453 1008 1474 ex

1070 207 1159 233 vanda
1183 206 1323 234 distinctio
1347 210 1409 233 est:
1426 206 1488 239 quia
1510 206 1581 232 sicut
1606 205 1633 232 in
1657 206 1697 231 his
1725 205 1817 231 Iocisnn:

1068 253 1167 280 dicitur
1183 261 1190 279 :
1213 252 1351 286 cI.oqucre
1367 252 1399 279 ad
1417 253 1507 279 Aaron
1527 252 1585 283 ⁶’;ι
1604 256 1633 278 et
1648 251 1710 278 alibi
1723 251 1760 278 "z
1773 251 1818 277 (Lo-

1066 305 1150 333 quere
1167 299 1200 324 ad
1219 298 1289 324 ﬁlios
1309 299 1416 328 Aaron;
1432 306 1441 323 ι
1468 303 1494 324 et
1509 297 1572 324 alibi
1589 297 1613 312 ⁷·
1629 304 1636 321 :
1655 306 1664 322 ι
1679 296 1784 331 Loquere
1799 299 1818 322 al

1067 345 1188 375 licvitas,
1200 348 1224 371 el
1240 343 1314 370 dices
1325 344 1358 369 ad
1375 351 1449 372 cos.»
1467 349 1572 370 certum
1588 347 1630 369 est
1645 350 1698 369 non
1712 343 1819 376 snlxjacm

1068 391 1187 425 reliquos
1214 389 1282 416 ﬁlios
1306 388 1390 416 Israel
1422 389 1464 415 liis
1495 388 1615 423 legibus,
1640 396 1699 422 qua:
1721 388 1757 414 vel
1780 390 1818 412 ιιίειέ

1065 437 1168 468 Aaron,
1179 437 1220 463 vel
1238 435 1349 466 Levitis,
1366 434 1408 461 vel
1422 435 1470 469 ipsi
1485 435 1575 461 Aaron
1589 433 1811 469 promulgatasuut

1066 483 1102 510 ita
1118 483 1199 509 etiam
1216 489 1274 516 quae
1288 481 1351 508 ﬁliis
1368 480 1450 507 Israel
1468 480 1609 514 jubentnr,
1629 487 1679 506 nec
1696 479 1820 513 alienigru

1067 525 1196 552 memoria
1211 525 1264 551 tilla
1281 524 1326 556 ﬁt,
1345 531 1397 551 non
1420 529 1461 551 est
1478 524 1627 556 putandum
1654 531 1785 550 commune
1804 525 1819 548 in

1065 569 1108 597 bis
1130 577 1190 597 esse
1214 569 1391 601 mandatum,
1418 569 1459 596 vel
1481 576 1653 596 communem
1676 568 1731 594 ﬁeri
1749 568 1818 602 legent.

1065 618 1109 643 ubi
1127 616 1317 650 appellationis
1339 615 1455 642 habetur
1478 615 1612 650 exceptio.
1643 614 1729 641 Pauca
1757 619 1819 640 tamen

1065 656 1096 689 ad
1113 664 1209 690 borum
1234 662 1423 697 probationem
1449 661 1603 688 testimonia
1620 661 1784 688 adhibeamus
1800 667 1822 686 ex

1064 709 1198 744 plurilms,
1217 716 1265 742 per
1280 715 1340 742 qua:
1363 709 1545 735 necessariam
1567 715 1628 735 esse
1657 707 1697 734 vel
1720 707 1822 740 adjectis-

1065 763 1144 786 nem,
1160 754 1202 781 vel
1218 754 1408 788 exceptionem
1436 753 1590 786 huiusmodi
1614 753 1748 780 nominum
1768 761 1822 779 corn.

1064 801 1220 835 probemus.
1235 800 1262 826 lu
1276 800 1369 834 primis
1380 799 1492 827 Levitici
1506 799 1627 835 partibus
1636 798 1717 834 492
1729 799 1759 825 ad
1770 798 1822 825 solos

1065 847 1136 874 ﬁlios
1164 846 1246 874 Israel
1279 846 1365 873 I‘ertnr
1390 845 1544 880 huiusmodi
1572 845 1637 872 lex:
1661 854 1671 870 ‹
1686 844 1819 878 Loquere,i

1064 895 1148 929 inquit
1168 895 1311 926 Domitius,
1327 893 1411 921 «ﬁliis
1438 893 1532 926 Israel,
1560 898 1587 920 et
1612 893 1688 921 dices
1715 894 1746 919 ad
1772 901 1820 919 eos:

1063 940 1148 967 IIomo
1164 948 1195 967 ex
1213 940 1289 967 vobis
1299 940 1321 968 si
1333 939 1429 966 offerat
1439 939 1509 966 dona
1520 939 1574 966 Deo
1587 947 1619 966 ex
1629 939 1767 973 pecoribus
1780 939 1820 969 ⁷¹,ι

1062 991 1088 1013 et
1102 992 1199 1014 cmtera
1211 995 1218 1019 ;
1232 991 1258 1013 et
1276 987 1372 1013 iterum
1389 995 1396 1012 :
1417 995 1427 1010 ι
1440 985 1473 1012 Et
1488 985 1594 1012 locutus
1608 990 1651 1012 est
1666 986 1788 1012 Dominus
1800 986 1822 1011 ad

1063 1032 1174 1068 Moysen
1203 1033 1318 1060 dicens:
1337 1032 1461 1066 Loquere
1491 1031 1553 1058 ﬁliis
1577 1030 1659 1058 Israel
1679 1041 1685 1057 :
1703 1031 1788 1057 Anima
1808 1030 1822 1061 si

1064 1079 1219 1113 peccaverit
1234 1086 1286 1105 nou
1308 1078 1448 1105 voluntate
1465 1077 1498 1108 ",
1513 1086 1523 1103 ι
1544 1082 1570 1105 ct
1594 1081 1705 1103 cortem.
1731 1075 1783 1102 Περ
1806 1078 1822 1102 el

1062 1123 1215 1157 lmjusmodi
1230 1124 1292 1158 quis
1305 1124 1410 1151 dubitet
1428 1123 1500 1158 quod
1520 1123 1554 1149 ad
1577 1123 1652 1149 solos
1680 1122 1747 1148 ﬁlios
1762 1121 1822 1148 Israel

1062 1170 1243 1197 mandentur?
1259 1170 1318 1196 Alia
1336 1177 1401 1197 vero
1423 1177 1476 1196 nou
1496 1169 1578 1203 ipsis,
1602 1169 1650 1196 sed
1675 1170 1760 1195 Aaron
1774 1189 1780 1198 ,
1795 1167 1822 1194 vel

1063 1215 1125 1243 ﬁliis
1139 1216 1208 1249 ejus,
1224 1220 1253 1242 ut
1269 1215 1335 1242 dicit
1355 1215 1381 1242 in
1394 1214 1627 1248 consequentibus
1644 1222 1651 1240 :
1671 1223 1681 1239 ί
1697 1213 1726 1240 ΕΙ
1743 1213 1822 1240 loculus

1061 1267 1102 1289 est
1118 1261 1247 1288 Dominus
1260 1260 1293 1287 ad
1311 1259 1420 1295 Moysen
1437 1259 1532 1286 dicens
1549 1267 1557 1286 :
1576 1258 1698 1293 Prmcipc
1715 1259 1794 1285 Aaron
1807 1263 1822 1284 et

1062 1306 1124 1333 ﬁliis
1136 1306 1194 1340 ejus
1208 1306 1322 1333 dicetis:
1339 1304 1402 1332 Ilaec
1415 1310 1457 1331 est
1469 1304 1511 1331 lex
1529 1304 1752 1331 liolucaustornm
1764 1305 1799 1333 “.
1817 1313 1822 1327 ι

1060 1357 1112 1379 etc.
1127 1360 1134 1384 ;
1153 1356 1180 1378 et
1196 1358 1302 1377 rursum
1321 1357 1328 1375 :
1348 1349 1484 1376 tLocutus
1496 1354 1537 1376 cst
1555 1349 1688 1376 I‘ominns
1702 1349 1822 1384 adMnyml

1061 1398 1173 1425 dicens:
1193 1396 1317 1431 Loquere
1336 1397 1425 1423 Aaron
1444 1401 1472 1423 et
1489 1395 1552 1422 ﬁliis
1569 1396 1630 1430 ejus
1650 1396 1742 1423 dicens
1759 1405 1766 1423 :
1782 1395 1822 1421 Ilh‘

1059 1449 1102 1472 est
1132 1444 1173 1471 lex
1201 1443 1305 1478 peccati
1324 1441 1373 1469 :Iu
1400 1442 1459 1469 loco
1483 1450 1538 1476 quo
1558 1441 1744 1476 jugulavcrint
1763 1442 1822 1468 bolo-

218 1486 391 1520 alieuigeuis,
405 1487 432 1514 id
446 1492 499 1520 est,
515 1489 560 1522 qui
580 1489 692 1516 minime
713 1498 745 1517 ex
769 1490 904 1517 Abraham
920 1492 1006 1526 stirpe
1022 1502 1043 1532 ε
1060 1496 1195 1521 caustum,
1214 1489 1249 1516 ibi
1260 1488 1424 1523 jugulabuut
1447 1495 1496 1522 pro
1516 1492 1632 1522 peccato
1655 1488 1684 1514 iu
1698 1493 1822 1520 conspectu

218 1533 356 1565 dicuntur,
371 1533 530 1561 circumcidi
544 1534 609 1561 velit
633 1534 702 1570 (Η).
726 1537 869 1564 manifeste
887 1545 1008 1572 pronun-

223 1577 284 1605 tiat.
310 1579 355 1605 Ait
379 1587 518 1613 namque:
538 1580 721 1608 tVernaculus
740 1587 819 1615 tuus,
844 1588 871 1610 et
894 1586 1007 1618 pecunia

218 1629 325 1658 emptus
341 1625 375 1651 ab
390 1625 516 1653 oumibus
528 1626 590 1652 ﬁliis
604 1627 829 1662 alienigenarum,
846 1630 890 1663 qui
902 1637 954 1656 non
967 1634 1008 1657 est

215 1677 249 1695 ex
266 1669 370 1696 semine
387 1675 449 1701 tuo,
468 1671 679 1699 circumcisione
703 1673 916 1701 circumcidatnr
939 1674 971 1702 ".
995 1684 1004 1700 ι

216 1715 353 1750 Nusquam
368 1715 431 1742 fecit
447 1716 585 1752 proselyti,
599 1717 624 1744 id
639 1722 680 1744 est
692 1718 813 1748 adveum.
827 1720 1004 1751 mentionem;

215 1761 261 1788 sed
281 1762 456 1788 vernaculum
471 1770 591 1794 servum,
603 1763 725 1797 profecto
738 1764 826 1798 gentis
841 1765 1005 1797 illius,domi

215 1812 317 1836 natum.
330 1808 370 1833 vel
384 1808 465 1834 etiam
478 1809 566 1843 pretio
583 1814 733 1836 mercatum
746 1810 902 1837 circumcidi
917 1810 1003 1844 jubet;

215 1862 268 1881 non
282 1854 408 1886 liberum,
427 1863 480 1882 noti
500 1856 636 1891 liospitcin
656 1857 835 1891 constringit,
853 1865 904 1883 non
921 1858 1004 1885 adve-

214 1906 287 1925 nam.
310 1899 519 1928 Perscrutemur
547 1909 620 1929 nunc
648 1902 731 1928 etiam
760 1901 875 1929 Levitici
904 1901 1002 1937 legem,

213 1946 440 1979 ίμιοηιοιΙοειίαιιι
455 1947 538 1981 Moysi
552 1947 692 1982 praecipiat
708 1948 776 1975 Dens
791 1948 830 1975 ":
847 1947 1000 1983 «Loquere,

213 1991 319 2025 inquit.
348 1992 411 2017 liliis
444 1991 535 2024 Israel,
565 1997 593 2020 et
610 1993 684 2020 (lices
712 1994 745 2021 ad
771 2001 817 2021 eos
835 2002 842 2020 ε
861 1993 957 2022 Mulier
979 1995 1002 2021 si

212 2037 363 2071 siisccperit
378 2045 471 2064 semen
482 2057 490 2069 ,
506 2042 532 2064 et
543 2039 680 2072 pepererit
694 2040 871 2067 masculum.)
894 2040 926 2067 Et
941 2044 1003 2075 post

211 2083 349 2116 aliquanta
364 2091 372 2109 :
389 2082 520 2116 «Octava,
537 2084 635 2118 inquit,
648 2085 692 2112 die
703 2085 878 2112 circumcidet
889 2094 1000 2113 carnem

209 2128 335 2162 pi-mputii
350 2128 410 2160 eius
426 2128 458 2154 ⁸⁷.
478 2137 487 2154 ι
515 2129 621 2156 Intuere
633 2135 659 2157 et
672 2131 715 2157 bic
727 2131 952 2165 quemadmodum
968 2133 1002 2159 de

1062 1536 1165 1563 Domini
1181 1536 1204 1551 ⁷⁸
1218 1543 1224 1567 ;
1238 1544 1247 1560 ι
1262 1539 1288 1561 et
1302 1535 1401 1561 iterum
1426 1534 1459 1560 ad
1475 1534 1589 1560 Aaron:
1608 1533 1738 1565 «Vinum.
1752 1533 1822 1567 inquit.

1059 1586 1087 1608 et
1102 1581 1217 1607 siceram
1232 1587 1285 1605 non
1306 1579 1403 1605 bibetis
1429 1583 1457 1604 tu
1477 1582 1504 1604 et
1527 1578 1573 1604 ﬁlii
1601 1578 1640 1605 tui
1663 1584 1765 1608 tecum,
1782 1584 1822 1603 cum

1059 1625 1221 1653 iulroieritis
1241 1624 1268 1651 in
1302 1623 1506 1650 tabernaculum
1535 1624 1687 1651 testimonii
1709 1624 1761 1650 π.»
1785 1623 1822 1649 Ali:

1058 1677 1150 1698 autem
1168 1677 1255 1704 neque
1269 1671 1372 1702 Aaron,
1392 1676 1480 1704 neque
1494 1669 1556 1695 ﬁliis
1573 1669 1661 1696 Israel
1676 1669 1822 1699 mandantur.

1058 1720 1106 1747 sed
1119 1717 1274 1746 senioribus
1288 1715 1371 1743 Israel
1386 1717 1437 1743 hoc
1452 1716 1531 1742 modo
1551 1725 1557 1742 :
1575 1714 1733 1750 tLoquere,
1748 1715 1822 1749 inquit

1057 1766 1090 1792 ad
1101 1763 1314 1792 senioreslsrael
1330 1762 1424 1789 dicens
1437 1771 1444 1789 :
1457 1762 1582 1796 Accipite
1595 1763 1705 1789 hircum
1713 1770 1745 1789 ex
1758 1761 1822 1795 capri!

1057 1819 1104 1846 pro
1115 1814 1225 1845 peccato
1237 1809 1270 1841 π,
1287 1818 1296 1835 ι
1314 1813 1367 1835 etc.
1391 1807 1517 1842 Nunquid
1540 1808 1684 1835 dubitatur
1705 1808 1772 1842 quod
1783 1810 1822 1833 tit:

1056 1857 1098 1884 lex
1113 1856 1177 1883 solis
1193 1854 1347 1883 senioribus
1365 1854 1481 1881 ﬁliorum
1497 1854 1580 1882 Israel
1598 1854 1772 1889 praecipitur?
1786 1852 1822 1878 Sel

1055 1908 1083 1931 ct
1107 1904 1140 1930 de
1167 1903 1274 1930 mundis
1297 1907 1325 1930 et
1352 1901 1501 1928 immundis
1525 1902 1693 1928 animalibus
1721 1900 1822 1936 spei-iniu

1055 1949 1233 1977 nihilominus
1248 1948 1290 1975 lex
1304 1948 1368 1975 ﬁliis
1383 1947 1465 1974 Israel
1477 1947 1535 1974 dari
1548 1946 1667 1973 videtur.
1680 1946 1719 1973 Ita
1729 1950 1822 1978 nainqnt

1054 1997 1185 2031 scriptum
1201 2000 1243 2023 est
1254 1995 1295 2022 τες
1311 1994 1359 2021 «Et
1372 1993 1479 2020 locutus
1495 1998 1536 2019 est
1550 1992 1683 2019 Dominus
1691 1993 1724 2019 ad
1737 1991 1822 2024 Moysen

1053 2048 1081 2070 et
1099 2043 1192 2069 Aaron
1215 2042 1330 2069 dicens:
1347 2039 1502 2074 Loquimini
1519 2038 1585 2066 ﬁliis
1604 2038 1706 2070 Israel,
1721 2037 1822 2063 dicentes

1052 2089 1086 2116 ad
1104 2095 1150 2115 eos
1166 2097 1172 2114 :
1187 2086 1249 2115 Haec
1262 2092 1327 2115 sunt
1339 2086 1467 2113 animalia
1485 2092 1547 2120 qua:
1565 2083 1793 2114 manducabitis,i
1807 2083 1822 2106 rt

1052 2134 1166 2168 reliqua.
1183 2133 1228 2160 Sic
1244 2140 1308 2167 ergo
1320 2132 1403 2158 etiam
1417 2132 1450 2159 de
1467 2130 1693 2161 circumcisione,
1705 2129 1748 2156 vel
1758 2128 1780 2154 in
1795 2126 1822 2152 his

210 2174 269 2208 lege
287 2175 504 2202 circumcisiouis
522 2180 626 2202 tantmn
650 2177 684 2203 ad
704 2176 774 2204 ﬁlios
789 2176 871 2204 Israel
891 2177 999 2214 Moyses
1015 2179 1037 2207 D
1056 2187 1115 2213 quae
1130 2178 1162 2205 ad
1180 2178 1317 2204 Abraham
1340 2183 1471 2210 responsa
1489 2180 1553 2202 sunt
1575 2175 1646 2211 (33),
1679 2175 1722 2202 vel
1745 2174 1768 2200 iu
1794 2173 1822 2198 lui

209 2220 282 2255 quui
302 2221 424 2254 jubetur,
443 2224 471 2248 et
490 2221 706 2256 alienigenarum
729 2222 801 2249 nulla
827 2223 854 2249 ﬁt
885 2224 996 2251 mentio.

209 2266 237 2292 Si
253 2267 326 2293 enim
340 2267 478 2294 credimus
489 2275 538 2302 per
552 2267 671 2294 divinum
687 2267 818 2302 Spiritum
826 2268 928 2303 scripta
938 2276 999 2296 esse

208 2319 269 2346 qua:
280 2313 434 2340 inferuntur
452 2313 477 2340 in
492 2313 568 2348 lege;
582 2314 674 2348 utique
685 2322 738 2341 non
755 2314 856 2342 frustra
873 2319 919 2342 aut
933 2315 996 2343 addi

209 2357 310 2391 aliquid
330 2360 478 2393 putandum
501 2364 553 2390 est,
580 2364 627 2386 aut
641 2359 716 2387 sileri
737 2365 785 2387 :et
811 2360 871 2388 ideo
891 2368 952 2387 eum
969 2361 996 2388 in

208 2404 369 2437 quibusdam
399 2405 534 2433 mandatis
562 2405 662 2433 dicitur
682 2413 689 2432 :
707 2416 716 2431 ‹
731 2405 856 2441 Loquere
872 2407 905 2433 ad
928 2406 996 2434 ﬁlios

209 2447 300 2479 Israel,
312 2453 339 2474 et
349 2449 423 2476 dices
440 2451 473 2476 ad
491 2457 537 2477 eos
550 2451 583 2484 ⁸⁸,
598 2460 607 2477 ι
627 2451 653 2478 in
665 2451 828 2486 quibusdam
840 2459 903 2479 vero
917 2452 995 2479 addi-

209 2498 261 2525 tur,
277 2499 304 2520 ut
322 2502 374 2521 non
391 2495 477 2522 solum
495 2497 556 2524 ﬁliis
569 2497 660 2529 Israel.
681 2499 727 2526 sed
742 2504 770 2526 et
790 2498 947 2534 proselytis,
968 2499 993 2525 id

240 2541 263 2556 ⁸³
273 2540 350 2567 Jnau.
366 2549 412 2571 vn.
425 2542 469 2571 i2.
488 2543 533 2569 9.3.
572 2545 594 2560 ⁵⁸
606 2544 674 2572 Gen.
690 2554 753 2576 nu,
770 2546 848 2577 ἕλη.
888 2547 910 2562 ⁶¹
929 2546 994 2573 ibid.

208 2576 229 2591 ⁰⁹
249 2577 332 2604 lixoil.
353 2584 410 2607 vm,
425 2577 467 2603 46.
505 2579 527 2593 ⁷⁰
547 2578 624 2605 Num.
652 2588 688 2611 γι,
711 2581 756 2607 ‘25.

207 2618 242 2638 vr.
258 2611 282 2636 8.
300 2613 326 2638 9.
364 2612 386 2627 ’⁷⁸
403 2612 465 2639 ibid.
480 2612 526 2644 24,
553 2613 598 2640 25.

209 2646 304 2672 10-ιί-

636 2615 659 2630 ⁷⁸
671 2615 734 2642 hev.
757 2624 784 2647 Χ,
801 2616 828 2643 9.

243 2692 298 2724 (5|)
316 2702 325 2718 ι
339 2692 412 2731 Quos
426 2701 518 2721 sane»
535 2694 600 2722 Mss.
623 2695 722 2730 Regius
745 2705 772 2723 ιι.
791 2697 871 2728 I659,
894 2705 904 2721 ι
921 2696 993 2731 quod

208 2734 306 2766 sanep
323 2729 412 2766 cmteri
426 2736 489 2756 vero
504 2737 560 2757 mss
585 2735 612 2757 ct
623 2729 699 2762 editi,
715 2739 796 2765 «quos
806 2739 882 2763 sane,
895 2741 903 2757 ι
922 2729 994 2766 quod

210 2762 311 2787 I'ct-tius
327 2763 444 2792 videtur.

244 2796 299 2833 (5‘3)
316 2806 325 2822 ί
338 2797 502 2826 Circumcidi
513 2800 575 2827 velit
598 2809 607 2825 ι
631 2801 668 2827 lla
689 2801 752 2827 editi
768 2806 793 2826 et
808 2809 872 2828 mss.
889 2801 991 2836 plures.

1046 2546 1068 2561 ’θ
1085 2545 1148 2571 Lev.
1175 2551 1222 2574 xu,
1235 2542 1262 2569 2.

795 2582 815 2596 ⁷¹
846 2581 924 2607 Νιιιιι.
950 2581 1074 2612 κνιιιᾶϐ.

877 2617 898 2631 ⁷⁷
913 2615 975 2643 Lev.
991 2623 1030 2647 ix,
1049 2615 1076 2642 5.

1053 2233 1113 2261 quae
1126 2225 1153 2252 itt
1180 2223 1301 2250 Levitico
1320 2223 1506 2255 continentur,
1533 2229 1587 2248 non
1608 2221 1681 2248 alius
1701 2221 1822 2255 quisquam

1053 2270 1275 2299 circumcisionis
1302 2270 1359 2304 lege
1386 2268 1595 2303 constringitur,
1623 2267 1679 2295 nisi
1696 2268 1733 2294 sit
1750 2266 1786 2292 vel
1802 2270 1822 2290 et

1050 2316 1190 2344 Abraham
1203 2315 1335 2350 originem
1354 2314 1476 2346 trahens,
1490 2314 1531 2340 vel
1550 2314 1718 2341 vernaculus
1737 2319 1822 2341 eorum.

1051 2366 1098 2388 aut
1113 2360 1200 2395 pretio
1213 2364 1330 2394 emptus.
1354 2358 1400 2386 Vis
1423 2362 1513 2385 autem
1534 2359 1628 2385 Videre
1641 2378 1649 2390 ,
1671 2358 1736 2393 quia
1757 2352 1822 2382 siculi

1051 2406 1107 2433 vult
1120 2406 1201 2433 etiam
1223 2405 1389 2439 alienigenas
1404 2411 1456 2430 una
1471 2403 1624 2438 eademque
1636 2403 1698 2438 lege
1707 2407 1822 2430 con-tetih

1049 2450 1237 2486 signiﬁcanter
1257 2449 1407 2476 ostendat?
1425 2448 1495 2475 Audi
1513 2448 1579 2483 quid
1594 2449 1731 2483 scriptum
1744 2447 1776 2474 sit
1790 2446 1806 2456 "
1821 2451 1822 2470 ξ

1051 2497 1099 2524 «Et
1114 2496 1220 2523 locutus
1231 2499 1283 2525 est.
1300 2494 1400 2528 inquit,
1418 2493 1550 2520 Dominus
1565 2494 1599 2520 ad
1609 2493 1725 2528 Moysen
1740 2492 1822 2518 dicae:

1317 2542 1342 2557 "
1357 2541 1421 2568 ibid.
1444 2540 1471 2568 3.
1510 2540 1533 2556 ⁸⁸
1546 2539 1628 2567 Num.
1647 2548 1687 2572 Vt,
1706 2540 1724 2566 2
1737 2546 1762 2564 «ιι
1776 2538 1822 2563 λιιι.

1113 2579 1234 2606 "chit.
1257 2577 1316 2610 t,2.
1355 2577 1377 2592 ⁷³
1402 2576 1488 2603 Levit.
1518 2583 1556 2605 Iv.
1578 2575 1604 2606 I,
1631 2576 1660 2602 Ξ.
1713 2576 1736 2589 ⁷⁵
1756 2574 1822 2610 Leu_.

1149 2614 1171 2629 ⁷⁸
1185 2608 1274 2640 Levit.
1294 2620 1332 2644 ιι,
1358 2613 1384 2644 I,
1402 2613 1429 2637 2.
1490 2611 1512 2626 "'
1540 2610 1630 2638 Levit.
1655 2618 1726 2641 xvu,
1759 2610 1781 2639 I.
1805 2608 1822 2635 ὴ

1048 2695 1162 2728 Quidam
1180 2699 1281 2725 tamen.
1297 2700 1449 2728 perperam,
1467 2702 1476 2717 ι
1489 2693 1652 2728 circumcidi
1670 2694 1769 2721 velle.)

1084 2731 1140 2765 (53)
1159 2729 1222 2757 ενοι
1236 2729 1264 2756 in
1281 2726 1323 2756 his
1339 2726 1398 2764 qua:
1407 2729 1439 2765 ad
1450 2726 1626 2765 Abrahamre
1642 2736 1730 2763 pensa
1739 2730 1817 2755 suam

1050 2762 1111 2793 ILcc
1131 2762 1227 2792 desunt
1242 2765 1268 2791 in
1282 2762 1399 2791 editione
1410 2762 1593 2790 chebrardi.
