1833 3049
0 155 14 169 ι)

442 142 620 171 COMMENT.
642 143 676 171 IN
696 143 805 171 EPIST.
828 143 873 170 AD
895 142 977 170 ROM.
998 141 1061 168 LIB.
1080 141 1112 168 ll.

1542 144 1595 172 905

0 207 81 234 luere
97 200 130 227 a.l
152 200 255 232 Aaron,
275 204 299 226 ct
313 200 346 226 ad
363 199 431 226 ﬁlios
450 200 528 234 ejus.
557 205 583 226 et
602 201 635 227 ad
659 207 754 227 omnes
770 202 791 230 Α
808 199 889 226 faciat
904 200 992 233 jubet,
1011 200 1058 227 sed
1084 200 1106 226 si
1133 199 1203 226 forte
1229 199 1339 234 fecerit,
1356 202 1491 234 quomodo
1507 202 1596 229 facere

0 254 22 272 IS
38 246 141 278 Israel,
155 251 181 273 et
198 247 274 273 dices
288 247 320 272 ad
335 253 381 273 cos
399 255 406 273 :
427 245 513 274 llomo
528 254 561 273 ex
579 247 642 274 ﬁliis
660 247 751 280 Israel,

20 300 57 318 ex
83 293 199 320 advenis
223 292 269 326 qui
300 292 404 319 fuerint
432 293 457 320 iu
484 293 577 325 vobis,
598 294 752 327 quicunque

0 339 167 365 nducaverit
185 346 293 366 omnem
311 339 482 374 sanguinem,
499 343 615 366 statuam
631 333 768 366 ςιιιίιιιςιιιιχ

0 392 43 410 am
66 392 152 419 super
168 385 289 412 animam
304 385 376 412 illam
391 393 451 420 qua:
466 386 671 413 Inauducaverit
688 394 751 414 san-

0 438 79 463 ncm,
105 435 133 457 et
150 431 304 465 disperdam
331 438 390 458 eam
417 431 451 458 de
477 432 575 466 popqu
602 439 661 464 suo,
687 433 750 466 quia

0 485 44 502 ma
60 478 154 505 omnis
168 479 259 505 carnis
277 479 388 513 sanguis
410 478 480 505 illius
496 484 538 505 est
554 488 560 505 :
578 483 601 505 ct
619 486 668 513 ego
690 480 749 506 dedi

5 524 29 550 is
42 524 136 555 illum,
154 529 183 550 ιιι
198 532 231 551 ex
249 525 309 558 ipso
322 532 403 559 supra
421 525 508 552 altare
526 525 688 559 propitietur
702 534 750 560 pro

0 572 101 597 mnhlls
119 571 227 602 vestris,
245 570 309 604 quia
326 571 438 606 sanguis
448 579 498 605 pro
514 572 604 598 anima
619 573 749 606 expiabit.

3 622 104 651 pterea
122 618 176 644 dixi
199 617 262 644 ﬁliis
278 617 359 644 Israel
373 625 380 644 :
395 617 490 645 Omnis
513 618 602 645 anima
624 627 656 646 ex
674 619 750 647 vobis

0 674 1 687 ι
20 662 378 698 manducabitsanguinem
391 684 399 696 ,
428 668 455 690 et
469 664 574 691 advena
593 665 750 700 quicunque

0 708 30 734 rit
48 708 78 735 in
98 709 177 735 vobis
192 716 244 735 non
257 709 614 744 manducabitsanguiucm.
632 720 642 737 ι
668 710 750 740 Vides

0 762 12 781 ο
40 755 119 782 hanc
141 757 175 782 de
198 757 389 784 observatione
406 758 547 792 sanguinis
568 758 670 793 legem,
691 766 750 793 qu:c

0 801 142 829 nnuniter
156 807 181 829 et
199 802 263 830 ﬁliis
285 801 386 834 Israel,
414 807 441 829 et
471 803 584 830 advenis
606 804 666 830 data
696 809 748 836 est,

0 847 95 874 ervari
107 847 192 874 etiam
207 856 221 875 a
237 849 318 876 nobis
333 848 378 883 qui
396 856 429 875 ex
455 849 581 883 gentibus
595 856 643 882 per
657 849 748 876 Iesum

0 893 99 919 istum
127 893 264 920 credimus
292 893 357 920 Deo.
382 892 436 920 Nos
457 894 528 920 enim
554 894 706 928 prosclytos
723 899 750 921 et

2 946 75 965 enas
87 938 233 972 Scriptura
243 939 387 966 nominare
401 940 552 972 consuevit,
567 947 628 967 cum
639 941 704 967 dicit
715 941 747 967 m’:

0 986 85 1011 lvena
108 985 155 1019 qui
167 989 209 1012 est
223 985 279 1019 (3t)
294 985 321 1012 in
340 990 382 1017 te,
409 987 540 1013 ascendet
552 993 633 1020 super
649 991 673 1013 te
688 995 750 1013 sur-

0 1038 27 1063 ι;
55 1035 86 1057 ιιι
109 1035 203 1057 autem
221 1031 372 1058 descendas
401 1032 539 1059 deorsum.
558 1032 616 1066 Ipse
633 1033 686 1059 erit
701 1033 748 1060 tibi

0 1081 27 1102 ut
42 1084 51 1107 ;
72 1081 102 1102 tu
123 1081 214 1103 autem
231 1077 286 1104 eris
296 1076 357 1110 ejus
370 1077 468 1104 cauda.
482 1087 491 1103 ι
510 1076 571 1104 Ideo
583 1085 648 1111 ergo
664 1078 748 1112 legem

5 1122 211 1150 observatione
229 1124 372 1158 sanguinis
400 1131 572 1151 communem
598 1132 658 1151 cum
688 1124 749 1153 ﬁliis

6 1168 29 1194 el
45 1168 140 1195 etiam
153 1169 273 1202 gentium
291 1170 413 1204 suscepit
431 1169 561 1197 Ecclesia.
587 1169 650 1197 Haec
671 1177 748 1196 nam-

10 1215 49 1240 ita
65 1213 127 1249 (35)
143 1214 299 1250 intelligens
315 1215 341 1242 in
358 1215 418 1250 lege
433 1215 544 1249 scripta,
562 1220 624 1242 tunc
638 1215 748 1242 beatum

0 1259 13 1286 J
30 1259 227 1294 apostolorum
253 1261 399 1288 concilium
422 1261 605 1292 decernebat,
624 1261 748 1296 dogmata

0 1308 106 1333 lccreta
117 1307 246 1340 gentibus
265 1307 404 1339 scribens,
419 1313 449 1334 ut
465 1308 634 1336 abstinerent
651 1316 680 1336 se
694 1316 747 1336 non

0 1360 34 1378 un
67 1351 168 1379 abhis
192 1359 253 1386 quae
284 1352 363 1380 idolis
382 1353 566 1387 immolantur,
593 1358 622 1381 et
647 1361 662 1381 a
690 1354 748 1382 for-

0 1398 107 1430 itione,
124 1398 173 1424 sed
192 1406 206 1424 a
229 1399 362 1433 sanguine
382 1404 410 1426 ct
424 1406 438 1425 ιι
454 1399 584 1428 sull'ocato
599 1400 632 1427 ".
647 1401 746 1429 Verum

3 1451 68 1470 asse
89 1443 216 1477 requires
231 1464 238 1476 ,
263 1444 285 1471 si
311 1449 339 1471 ttt
365 1446 398 1472 de
417 1446 557 1480 sanguinis
574 1446 747 1475 observantia

6 1489 59 1520 uit,
96 1489 134 1515 ita
171 1489 252 1516 etiam
283 1490 315 1517 de
341 1490 474 1518 suﬁ‘ocato
491 1491 631 1524 doceatur,
657 1497 747 1521 utrum

1 1536 109 1562 ununis
131 1535 194 1563 ﬁliis
216 1536 298 1564 Israel
324 1545 386 1564 cum
413 1537 525 1565 advenis
543 1538 606 1565 data
632 1539 667 1566 sit
690 1540 745 1573 lex,

2 1589 7 1606 I
36 1581 126 1608 etiam
148 1581 182 1608 de
198 1581 249 1608 hoc
268 1582 414 1610 observare
437 1587 533 1618 gentes
561 1585 746 1619 apostolorum

3 1632 51 1652 uta
69 1627 236 1654 decernunt.
262 1627 332 1655 Audi
358 1636 439 1663 quam
464 1630 644 1658 observanter
664 1632 747 1658 etiam

4 1680 27 1699 5r
43 1673 99 1699 hoc
122 1673 150 1700 in
177 1673 224 1700 Dei
252 1674 356 1708 legibus
373 1679 482 1701 cautum
500 1675 536 1702 sit
556 1675 578 1691 ⁸¹
595 1684 602 1702 :
625 1685 634 1701 ι
649 1676 746 1709 Ilomo,

5 1727 38 1751 in,
64 1719 170 1753 inquit,
185 1727 217 1746 ex
235 1720 297 1747 ﬁliis
319 1720 424 1753 Israel,
448 1726 475 1748 et
503 1729 536 1748 ex
566 1722 679 1749 advenis
700 1723 746 1758 qui

24 1767 51 1792 in
68 1766 161 1799 vobis,
187 1774 341 1802 quicunque
355 1773 470 1795 venatus
492 1768 573 1794 luerit
591 1768 687 1802 feram,
701 1774 747 1795 aut

7 1820 33 1843 η,
51 1818 119 1845 quae
135 1811 345 1844 manducautur,
359 1812 479 1840 elfuudat
491 1812 650 1846 sanguinem
673 1814 744 1847 ejus,

8 1857 138 1890 oaperiat
155 1861 245 1889 terra,
265 1858 328 1892 quia
351 1858 442 1885 anima
464 1859 554 1885 omnis
572 1859 663 1886 carnis
679 1867 744 1886 san-

30 1903 123 1937 ipsius
155 1907 230 1929 est.»
267 1903 333 1930 Vide
361 1911 426 1938 crgo
458 1911 539 1939 quam
569 1904 746 1932 observanter

14 1947 90 1974 lator
115 1947 143 1974 in
165 1955 219 1981 quo
238 1949 398 1975 mandatum
424 1956 567 1976 commune
595 1950 650 1975 vult
674 1957 743 1982 esse,

11 1993 90 2027 ungit
106 1993 225 2019 advenas
239 1993 301 2020 filiis
315 1993 416 2020 Israel:
432 1994 458 2020 iu
473 2001 526 2028 quo
537 2002 601 2022 vero
617 1995 745 2030 specialia

12 2043 154 2073 przccepta
170 2058 177 2070 ,
208 2046 222 2065 a
249 2040 350 2074 quibus
366 2048 396 2066 ea
412 2040 477 2066 velit
495 2040 633 2068 observari
648 2041 744 2069 distin-

39 2084 149 2111 V'erum
168 2085 296 2118 quoniam
322 2085 393 2112 inter
422 2085 465 2112 illa
484 2093 544 2120 qua:
567 2085 600 2113 de
624 2086 745 2114 chitico

14 2132 73 2158 rius
88 2130 266 2165 protulimus,
278 2131 360 2158 etiam
373 2131 424 2158 hoc
435 2132 565 2166 scriptum
578 2132 694 2159 refertur
704 2133 743 2159 ⁸³ε

15 2185 72 2208 mo,
88 2177 174 2202 homo
191 2184 224 2202 ex
242 2175 304 2202 ﬁliis
326 2176 407 2202 Israel
419 2196 426 2208 ,
448 2176 489 2202 vel
513 2183 546 2202 ex
567 2177 680 2204 advenis
697 2177 742 2212 qui

767 877 788 904 Β

805 245 902 271 dchcat
918 246 1006 272 docet.
1023 245 1132 272 Certum
1150 251 1190 272 cst
1205 246 1287 277 enim,
1306 253 1354 272 nec
1366 246 1483 273 dubitari
1497 253 1595 282 pote»,

803 292 874 324 quod
893 291 954 316 dum
973 291 1147 326 Jerosolymis
1160 292 1292 326 templum
1307 297 1457 324 constaret,
1479 299 1506 320 et
1532 295 1595 320 re'i-

803 337 847 370 gio
889 337 1011 370 patrihus
1045 338 1143 364 tradita
1191 338 1318 373 vigeret,
1361 339 1470 373 plurimi
1511 341 1594 367 etiam

803 382 924 414 gentium
947 382 1092 409 veniebant
1123 382 1247 414 adorare,
1267 388 1294 409 et
1319 383 1417 410 ochrre
1444 385 1592 411 sacriﬁcia.

803 427 855 453 Sed
897 429 946 454 hoc
984 428 1113 462 quoniam
1153 428 1178 454 in
1213 429 1271 455 loco
1312 437 1366 456 uno
1405 431 1593 457 tantummodo

803 473 859 500 fieri
884 480 1047 507 prmceptum
1065 481 1117 508 est,
1146 475 1179 501 de
1202 483 1255 509 quo
1269 476 1351 502 etiam
1365 477 1409 503 hic
1437 478 1594 504 mandath

802 520 835 545 ad
862 520 962 546 ostium
989 520 1154 548 tabernaculi
1181 521 1331 556 jugulauda
1360 522 1468 550 victima
1506 525 1589 551 dedu-

802 570 879 591 catur
899 563 967 600 (57),
984 566 1088 592 tamdiu
1114 566 1202 600 potuit
1223 566 1344 602 legitime
1371 568 1445 600 fieri,
1470 570 1590 603 quandin

801 615 888 637 status
911 611 961 637 loci
979 612 1128 645 permansit
1149 612 1301 640 incolumis.
1328 613 1448 648 Denique
1474 620 1502 642 ct
1530 615 1591 642 Sal-

802 662 880 683 vator
895 657 976 692 493
992 658 1025 685 ad
1046 658 1107 685 illos
1124 658 1217 685 dcccm
1244 659 1367 693 leprosos
1385 667 1452 694 quos
1474 663 1588 687 mumin-

805 708 900 729 vcrat:
919 702 990 735 «Ite,
1013 703 1117 737 inquit,
1145 708 1172 730 ct
1198 704 1335 731 ostendite
1358 712 1407 732 vos
1435 707 1590 734 sacerdoti:

801 754 828 776 et
842 749 939 776 oﬁ’crte
959 757 1007 784 pro
1028 750 1104 777 vobis
1129 750 1242 783 hostias,
1265 751 1339 778 sicut
1362 753 1491 786 praecepit
1517 753 1592 789 Moy-

802 795 894 828 ses“;
911 805 919 821 ι
940 803 971 822 ex
993 795 1092 829 quibus
1107 804 1168 823 cuni
1192 804 1260 823 unus
1282 805 1424 831 regressus
1444 798 1539 825 fuisset
1557 799 1591 825 ad

804 839 974 867 Salvatorem
992 841 1095 875 gratias
1122 849 1216 875 agens,
1242 843 1279 869 ait
1302 842 1451 870 Dominus:
1472 853 1481 869 ι
1497 844 1592 871 Nonne

804 886 897 912 decem
913 887 1020 921 purgati
1041 887 1123 913 sunt?
1140 887 1191 914 Ubi
1215 893 1278 915 sunt
1295 889 1330 915 illi
1350 890 1466 916 novem?
1480 890 1535 917 Non
1550 898 1593 917 cst

803 932 928 959 iuventus
948 933 992 966 qui
1017 933 1132 964 rediret,
1159 938 1186 960 et
1216 934 1319 968 gratias
1346 939 1438 969 ageret
1455 935 1519 967 Deo,
1541 937 1592 963 nisi

802 978 846 1005 ltic
861 978 1011 1011 alienigena
1022 978 1056 1004 ".
1071 989 1081 1004 ι
1101 979 1139 1005 Ita
1153 987 1218 1014 ergo
1233 985 1378 1007 constante
1399 981 1491 1016 templi
1505 987 1590 1014 statu,

801 1024 885 1052 ctiam
908 1024 1069 1059 alienigenis
1096 1025 1228 1052 efferendi
1249 1026 1381 1053 sacriﬁcia
1408 1028 1493 1055 moris
1513 1029 1588 1056 fuit:

802 1078 874 1097 nunc
895 1078 960 1097 vero
979 1070 1042 1104 quid
1057 1072 1213 1105 exposcitur
1230 1072 1264 1099 ab
1285 1073 1407 1104 advenis.
1422 1074 1493 1107 quod
1509 1075 1589 1102 exhi-

800 1115 864 1142 bere
880 1123 914 1142 tte
933 1116 1050 1150 propriis
1068 1116 1176 1150 quidem
1191 1117 1340 1145 cultoribus
1362 1119 1445 1146 licet?
1459 1119 1523 1147 Ilaec
1538 1129 1588 1146 au-

802 1165 854 1187 tem
880 1162 971 1188 omnia
996 1162 1068 1189 dicta
1091 1167 1155 1189 sttnt
1178 1171 1192 1189 a
1219 1164 1307 1196 nobis,
1331 1169 1360 1191 ιιι
1382 1166 1590 1193 ostenderemus

800 1211 901 1240 quanta
927 1207 963 1234 sit
988 1208 1013 1233 in
1029 1207 1089 1242 lege
1104 1208 1241 1235 distinctio
1259 1210 1461 1242 mandatorum,
1476 1217 1503 1238 ct
1518 1219 1589 1246 pra:-

800 1251 878 1286 cipue
899 1257 929 1280 ttt
952 1253 986 1280 de
1013 1253 1231 1281 circumcisiouis
1263 1251 1397 1290 praecepto
1413 1257 1587 1290 duceremus,

800 1298 871 1331 quod
893 1305 947 1326 non
967 1299 1026 1326 aliis
1049 1308 1130 1334 quain
1156 1300 1199 1327 liis
1221 1301 1266 1335 qui
1288 1309 1321 1328 ex
1341 1302 1479 1330 Abraham
1499 1312 1585 1338 genus

799 1343 912 1377 ducunt,
935 1346 1146 1380 vernaculisque
1178 1354 1282 1379 eorum,
1304 1347 1344 1374 vel
1375 1349 1462 1383 pretio
1488 1351 1587 1383 emptis

799 1395 870 1418 esset
885 1391 1035 1425 iujunctum
1055 1402 1061 1419 :
1077 1392 1178 1420 liberos
1190 1400 1254 1420 vero
1268 1401 1328 1421 esse
1341 1394 1375 1422 ab
1394 1395 1585 1430 hujuscemodi

799 1436 902 1471 legibus
918 1445 974 1471 eos,
988 1438 1033 1472 qui
1049 1446 1096 1472 per
1110 1439 1247 1466 Christum
1266 1440 1320 1467 Deo
1339 1449 1371 1468 ex
1386 1443 1512 1476 gentibus
1526 1450 1587 1470 crc-

799 1485 875 1511 dunt.
900 1484 965 1517 Qua:
993 1489 1082 1511 tamen
1111 1485 1214 1512 idcirco
1245 1487 1354 1513 interim
1383 1488 1486 1522 absque
1503 1489 1586 1517 ullius

799 1530 935 1564 allegoria:
953 1530 1105 1564 adiectione
1127 1531 1318 1565 discussimus,
1333 1540 1366 1560 ne
1378 1541 1442 1568 qua,
1462 1541 1490 1561 ut
1507 1535 1586 1568 solet,

760 1563 784 1594 θ
800 1577 842 1604 his
859 1577 904 1611 qui
927 1583 991 1605 sunt
1011 1585 1045 1604 ex
1062 1579 1283 1612 circumcisione,
1299 1580 1472 1615 obstrepeudi
1490 1584 1588 1609 adver-

799 1629 858 1649 sum
882 1623 1026 1650 veritatem
1050 1624 1181 1651 resideret
1204 1625 1324 1653 occasio.
1343 1625 1396 1653 Sed
1413 1627 1501 1654 adhuc
1520 1629 1589 1655 vali—

799 1667 861 1694 dum
883 1669 1027 1696 adversum
1044 1677 1093 1696 nos
1108 1670 1197 1696 levare
1215 1674 1344 1704 poterunt
1366 1672 1458 1706 telum,
1482 1675 1586 1701 contir-

799 1719 904 1742 mautes
924 1716 1006 1742 etiam
1031 1716 1183 1752 prosclytos
1203 1725 1251 1751 per
1267 1717 1354 1752 legem
1378 1719 1581 1748 circunuzisiom

798 1761 929 1789 obnoxios
946 1762 1014 1794 ﬁeri.
1033 1771 1066 1790 ex
1090 1764 1132 1790 his
1155 1772 1216 1798 quae
1233 1765 1259 1790 in
1283 1765 1376 1792 Exodo
1397 1767 1498 1800 scripta
1519 1775 1584 1794 sunt.

800 1806 851 1833 hoc
870 1807 948 1834 modo
963 1817 969 1834 :
988 1817 996 1832 ι
1008 1808 1035 1835 Si
1053 1816 1117 1836 vero
1134 1809 1198 1843 quis
1216 1811 1364 1837 accesserit
1379 1811 1412 1837 ad
1427 1818 1474 1838 vos
1492 1819 1586 1846 prosc-

800 1852 885 1887 lytus,
908 1858 935 1880 ct
957 1852 1053 1880 fecerit
1075 1854 1178 1881 Pascha
1207 1853 1332 1888 Domino,
1359 1857 1539 1886 circutncides
1561 1859 1586 1886 ci

799 1905 879 1924 omne
902 1898 1093 1931 masculinum,
1109 1904 1136 1926 et
1154 1903 1217 1925 tunc
1232 1900 1346 1927 accedet
1367 1900 1457 1929 facere
1471 1902 1546 1936 illud,
1560 1909 1587 1930 et

799 1944 853 1970 crit
871 1944 943 1971 sicut
966 1944 1105 1978 indigena.
1119 1943 1214 1971 Omnis
1229 1945 1438 1974 incircumcisus
1455 1955 1506 1975 non
1524 1949 1586 1975 edet

797 1998 831 2017 cx
848 1998 890 2018 co.
906 1990 959 2017 Lex
979 1999 1029 2017 una
1048 1991 1100 2018 erit
1120 1991 1252 2025 indigenae
1273 1996 1300 2018 et
1322 1992 1432 2019 advena:
1446 1994 1490 2028 qui
1505 1995 1586 2021 advc.

799 2036 869 2062 nerit
895 2037 927 2062 ad
953 2043 999 2063 vos
1011 2036 1044 2062 ⁸⁸.
1061 2045 1070 2061 ι
1090 2037 1153 2068 Qua:
1181 2037 1306 2071 quamvis
1331 2042 1427 2072 arguta
1461 2039 1586 2066 videatur

797 2081 925 2115 obiectio,
944 2087 1032 2110 tamen
1049 2083 1207 2110 admiranda
1223 2083 1390 2118 Iegislatoris
1403 2084 1505 2120 ubique
1519 2092 1585 2112 cau-

799 2129 850 2156 tela
875 2129 1022 2156 succurrit.
1047 2129 1195 2158 Considera
1218 2131 1290 2157 enitn
1317 2132 1388 2166 quod
1414 2136 1441 2158 et
1462 2132 1505 2160 hic
1531 2140 1583 2159 lt0n

799 2174 876 2205 dixit,
899 2174 962 2208 quia
986 2174 1090 2201 advena
1115 2175 1160 2209 qui
1181 2176 1285 2203 venerit
1308 2176 1341 2203 ad
1361 2183 1419 2208 vos,
1436 2177 1518 2204 faciat
1534 2177 1584 2204 Pa-

31 2223 59 2248 iu
87 2222 130 2248 eis
144 2241 152 2253 ,
179 2221 334 2256 quicunque
360 2221 457 2248 fecerit
483 2221 670 2249 holocaustum
697 2227 743 2249 aut
758 2230 781 2259 ο
797 2220 862 2246 scita
879 2219 1005 2251 Domino,
1021 2225 1048 2247 ct
1061 2221 1273 2248 circumcidatur
1291 2229 1298 2254 ;
1313 2222 1358 2248 sed
1374 2222 1584 2250 observantissi~

17 2268 116 2294 licium
133 2287 142 2299 ,
167 2271 195 2293 et
211 2267 244 2294 ad
267 2267 367 2294 ostium
400 2268 568 2295 tabernaculi
595 2268 742 2295 testimonii

18 2312 170 2340 adduxerit
188 2313 278 2340 facere
297 2313 361 2339 illud
375 2313 500 2345 Domino,
513 2313 743 2340 exterminabitur

19 2368 24 2388 ι
39 2360 89 2386 ille
101 2359 135 2385 de
144 2359 242 2393 populo
255 2367 305 2386 suo
320 2367 326 2385 :
342 2368 350 2385 ο
364 2364 390 2386 et
404 2367 451 2393 per
469 2360 520 2386 hoc
537 2359 644 2386 videtur
657 2361 737 2387 etiam

20 2414 57 2434 ue
91 2411 120 2432 et
147 2405 181 2432 de
208 2405 352 2432 sacriﬁciis
379 2404 495 2439 injungi,
521 2408 547 2432 et
565 2405 686 2432 Ecclesia
705 2414 738 2433 ex

20 2452 73 2480 bus
88 2450 238 2478 oll'erendis
254 2450 419 2478 holocaustis
443 2450 500 2485 (56)
520 2450 638 2477 obnoxia
658 2451 715 2478 ﬁeri
731 2460 737 2478 :

22 2509 24 2526 ι
58 2500 120 2525 haec
149 2497 307 2531 diligentius
333 2497 426 2527 verba,
454 2501 481 2523 et
505 2495 627 2531 syllaba,
656 2501 686 2524 ut
703 2497 739 2524 ita

22 2551 40 2578 I,
54 2542 238 2571 observanda
255 2546 319 2569 sunt
332 2541 407 2575 legis.
422 2542 466 2568 Ait
480 2541 563 2572 enim,
579 2541 601 2568 si
618 2551 627 2566 ι
642 2542 740 2569 fecerit

24 2594 137 2616 austum
157 2588 199 2614 vel
225 2588 426 2620 sacriﬁcium,»
459 2592 487 2614 ut
516 2588 644 2614 adhibeat
672 2588 736 2615 illud

25 2635 132 2663 ostium
158 2635 324 2662 tabernaculi
354 2634 532 2662 testimonii.)
559 2633 613 2660 Lex
634 2643 685 2662 non
708 2639 737 2662 ut

26 2681 110 2709 Deut.
132 2689 231 2711 xxvnt.
247 2681 291 2713 43,
303 2681 348 2709 ιιι.
383 2681 404 2697 ⁸¹
423 2680 481 2708 Act.
498 2689 542 2713 xv,
554 2680 599 2707 20.

26 2722 93 2747 Ivu,
111 2716 209 2748 I7,18.
248 2715 271 2731 ⁸⁸
283 2716 368 2743 Exod.
387 2724 435 2749 xn,
454 2715 500 2746 48,
516 2716 560 2742 49.

27 2763 33 2804 l
48 2764 106 2804 Qui
125 2769 176 2804 εει.
193 2763 278 2804 Etliti,
297 2764 444 2804 tﬁquidem.
459 2773 478 2804 ι,
543 2798 559 2804 ,Δ
576 2798 583 2804 θ

28 2802 35 2833 |
51 2801 110 2837 (ta.
125 2799 154 2826 In
170 2799 290 2837 editione
307 2799 478 2837 Genetii-arui
497 2799 641 2837 omittitur.
673 2832 688 2837 Π

51 2834 238 2862 Ηοιοεαιιειὶε.
257 2833 336 2861 Deest
350 2834 376 2860 in
389 2834 508 2860 editione
521 2832 700 2860 Gencbrardi.

47 2869 216 2897 Πίνακι-σιντ.
237 2868 263 2895 In
281 2868 400 2895 editione
416 2868 597 2900 Geucbrardi,
620 2876 628 2892 ι
640 2867 730 2893 decla-

103 2917 244 2946 ΡΑτῐιοι..
260 2915 319 2944 Gn.
334 2915 418 2945 XIV.

638 2681 660 2697 ⁸³
679 2681 764 2708 chit.
781 2687 847 2712 ιιι-ιι,
872 2679 911 2709 l5,
942 2678 981 2704 Η.

797 2274 838 2292 ma
863 2265 1049 2293 moderatione
1074 2265 1198 2293 decernit
1224 2266 1338 2293 dicens:
1355 2268 1404 2294 «Si
1435 2269 1582 2296 accesserit

795 2311 828 2337 ad
845 2318 903 2343 vos,
921 2316 948 2338 et
965 2311 1059 2338 fecerit
1084 2311 1199 2338 Pascha.
1216 2321 1225 2337 ι
1245 2311 1300 2339 Nec
1317 2313 1434 2341 dubitari
1457 2315 1527 2341 enim
1549 2316 1581 2341 de

794 2358 845 2384 hoc
857 2362 957 2392 potest,
971 2358 1041 2392 quod
1055 2358 1078 2385 si
1098 2358 1159 2392 quis
1171 2366 1232 2385 cum
1254 2358 1356 2386 Juda'is
1370 2359 1511 2387 Judaicmn
1527 2359 1562 2386 Pa
1573 2376 1579 2379 -

792 2405 857 2430 scha
883 2403 987 2436 fecerit,
1004 2407 1031 2431 et
1053 2403 1214 2431 circumcidi
1237 2403 1336 2431 debeat
1352 2413 1360 2432 :
1374 2412 1457 2432 unum
1474 2405 1524 2432 hoc
1539 2407 1580 2432 ix.«

792 2449 882 2480 terim,
897 2456 949 2483 quo
975 2450 1154 2476 retundantur
1167 2450 1394 2483 contradicentes,
1413 2451 1578 2486 lcgislatm-is

794 2495 898 2522 cautela
925 2494 1075 2529 prospexit.
1097 2493 1144 2521 Est
1160 2499 1187 2522 et
1205 2495 1269 2523 illud
1294 2501 1423 2530 prseterea
1447 2497 1480 2523 ad
1504 2499 1575 2531 quod

793 2540 892 2568 mutire
919 2548 971 2567 non
1002 2545 1139 2575 poterunt.
1161 2540 1263 2568 Pascha
1292 2542 1363 2576 quod
1379 2542 1421 2570 lex
1438 2542 1494 2570 ﬁeri
1511 2551 1579 2577 prm-

792 2585 866 2621 cipit,
887 2586 913 2612 in
936 2585 994 2612 loco
1020 2585 1066 2612 illo
1084 2585 1140 2613 ﬁeri
1157 2584 1235 2620 jubet
1248 2593 1327 2619 quem
1353 2586 1434 2621 elegit
1447 2586 1576 2613 Dominus

792 2633 871 2661 Deus,
887 2632 912 2658 id
928 2636 968 2658 est
996 2630 1172 2666 Jerosolymis
1189 2631 1257 2667 (58).
1276 2631 1306 2657 In
1321 2631 1368 2658 illo
1386 2632 1487 2658 etenim
1508 2637 1574 2658 tem-

1022 2677 1045 2693 ⁸⁸
1062 2677 1126 2705 ibid.
1143 2677 1169 2711 8,
1185 2677 1212 2704 9.
1257 2677 1278 2692 "'
1291 2677 1385 2706 Matth.
1405 2685 1464 2712 vui,
1491 2678 1518 2705 4.
1555 2677 1576 2692 ⁸³

793 2765 878 2788 ratur,
894 2768 902 2784 ι
922 2758 1001 2784 male.

828 2794 884 2829 (58)
901 2793 980 2826 Euliti,
992 2802 1012 2829 ν(
1027 2792 1129 2820 Pascha
1142 2795 1213 2828 quod
1230 2794 1270 2821 lex
1285 2794 1340 2821 ﬁeri
1357 2793 1477 2828 prtecipit
1491 2793 1516 2820 in
1530 2793 1575 2819 illo

794 2830 854 2856 loco
875 2836 953 2862 quem
975 2828 1055 2862 elegit
1075 2829 1206 2856 Dominus
1221 2830 1300 2862 Deus,
1324 2829 1349 2855 id
1367 2833 1418 2860 est,
1440 2828 1576 2862 Jerosoly~

788 2865 851 2896 tuis,
865 2863 1058 2891 celebrandum
1075 2868 1125 2891 est.
1145 2873 1154 2888 ι

1377 2909 1415 2939 29
