1833 3049
250 130 302 158 €07

977 118 1147 157 onicmts
1800 134 1820 160 at

251 190 299 222 pio
317 193 421 215 tantum
438 187 529 214 offerri
553 186 689 214 sacriﬁcia
711 187 905 214 decernuntur.
922 186 1045 222 Rccupc—
1060 190 1081 218 Α
1100 197 1109 213 ι
1125 187 1170 222 qui
1188 187 1294 222 scipsos
1305 191 1492 215 castrarerunt
1510 193 1621 224 propter
1636 197 1740 224 regnum
1753 191 1820 223 ιιι-μῆ.

253 238 315 261 rent
331 241 396 268 ergo
413 233 490 267 prius
504 237 603 258 statum
623 232 724 267 templi,
744 238 770 259 et
788 237 850 259 tunc
868 232 901 259 de
928 233 1044 259 circum-

252 280 355 306 cisione
376 277 544 304 contendant
559 287 565 304 :
583 277 605 304 si
622 285 686 304 vero
706 278 741 304 ibi
767 278 917 304 secundum
934 282 1044 304 senten-

252 324 314 350 tiam
329 322 509 350 Salvatoris‘”
525 330 577 349 non
591 323 722 349 remansit
737 323 803 356 lapis
818 330 901 357 super
914 322 1043 357 lapidem,

251 369 296 403 qui
324 377 376 396 non
394 370 429 395 sil
457 369 619 401 destructus,
639 368 773 403 superﬂua
791 367 847 404 (59)
866 373 908 395 est
931 369 964 395 de
991 368 1043 395 cir-

252 414 421 441 cumcisione
436 415 568 442 causatio.
585 414 613 441 In
631 419 735 441 tantum
761 419 850 442 autem
867 414 1042 441 circumcisio

251 461 428 488 vernaculum
455 460 550 496 ipsius,
565 465 591 488 et
613 461 713 488 nullius
729 460 843 488 alteritts
861 461 960 496 gemis,
978 461 1044 488 insi-

251 514 303 542 gne
321 512 373 539 est,
392 513 421 534 ut
434 515 569 543 nusquam
585 507 653 534 alius
668 507 728 541 quis
740 507 767 534 iu
780 507 902 535 historiis
918 513 1041 535 veterum

250 561 301 588 pro
327 553 380 581 hac
411 554 550 581 referatur
579 558 733 588 correptus,
763 553 814 581 nisi
844 553 915 581 ﬁlius
943 553 1041 590 Moysi,

253 599 330 634 cujus
348 603 435 626 mater
453 599 574 633 Sephora
590 599 644 626 vim
662 599 749 634 angeli
771 600 966 627 comminantis
983 599 1041 626 exi-

254 647 321 672 tium
338 645 385 672 ﬁlii
403 646 611 673 circumcisione
629 646 839 680 compescuit".
859 646 895 672 Ex
922 646 964 673 his
976 654 1042 680 ergo

251 692 378 719 otnnibus
404 691 557 718 ostcttditur
578 691 660 718 Israel
686 691 739 724 ille,
756 692 800 726 qui
817 692 967 719 secundum
983 699 1042 718 car-

251 746 312 765 nem
328 743 368 765 est
382 738 450 773 (40),
468 738 542 765 solus
557 737 759 765 circumcisioni
777 738 869 765 carnis
884 739 1017 765 obnoxius
1034 747 1040 764 :

253 784 320 811 liber
337 789 425 810 autent
447 788 474 810 et
499 783 606 809 alienus
634 783 667 809 ab
691 791 720 809 ea
748 783 863 817 populus
889 783 1042 818 proselytus

251 831 296 865 qui
310 830 418 857 advenit
435 831 468 856 ad
485 837 555 862 eam,
573 829 618 863 qui
636 829 769 861 ascendit,
784 834 808 856 et
821 829 909 856 factus
920 835 962 856 est
982 837 1042 856 sur-

251 885 328 907 sum;
357 876 402 903 ille
433 880 524 903 autent
549 875 700 908 descendit,
735 880 761 900 et
780 875 870 902 factus
893 880 932 902 est
960 876 1041 902 deor-

251 922 341 949 sum"
357 931 363 949 :
377 926 404 949 et
417 929 466 956 per
479 921 697 948 misericordiam
713 920 812 948 Christi
832 920 919 948 l'aclus
931 925 973 947 est
991 921 1042 948 iste

253 968 366 1003 populus
384 968 410 995 in
427 968 527 1002 capite,
548 971 574 994 et
587 967 631 994 illc
645 967 670 993 itt
687 967 782 994 cauda.
802 966 876 993 Facti
893 974 954 994 sunt
968 967 1040 994 enim

253 1015 416 1042 «novissimi
437 1014 528 1049 primi,
558 1018 583 1041 et
610 1013 689 1048 primi
718 1013 894 1040 novissimi“
913 1021 941 1040 τι
955 1018 980 1040 et
1007 1013 1042 1040 ob

251 1060 413 1094 ltocjudicat
429 1060 453 1087 id
472 1060 544 1095 quod
555 1067 586 1087 ex
605 1063 701 1085 natura
719 1063 758 1085 est
779 1059 939 1093 pra'putimn
956 1059 1040 1094 legem

250 1106 404 1141 perﬁciens,
426 1105 486 1133 illos
502 1105 546 1140 qui
563 1112 610 1140 per
628 1105 747 1131 litteram
763 1109 789 1131 ct
805 1104 1040 1131 eireumcisionem

251 1152 475 1187 prazraricatores
497 1155 559 1178 sunt
582 1150 661 1184 legis.
678 1149 737 1176 Non
753 1149 826 1176 enim
839 1149 963 1184 puriﬁcat
981 1150 1041 1176 ani-

252 1206 323 1225 mam
341 1199 399 1225 haec
417 1205 476 1232 qua;
494 1197 520 1224 in
538 1195 683 1223 manifesto
698 1196 767 1222 litin
789 1202 871 1222 carne
895 1196 1041 1223 circumci-

251 1245 309 1276 sio;
327 1243 373 1270 sed
389 1243 434 1271 illa
451 1251 510 1277 qum
526 1242 552 1269 in
566 1241 676 1269 occulto
692 1246 732 1269 est
748 1241 926 1269 circumcisio
938 1242 1039 1273 cordis,

252 1291 308 1326 ipsa
338 1291 464 1325 puriﬁcat
491 1295 620 1321 mentem,
641 1296 668 1316 et
698 1288 824 1315 vitiorum
851 1288 971 1316 maculas
998 1290 1042 1316 ab-

251 1336 351 1364 scindit
363 1337 396 1363 Μ.
413 1336 549 1362 llactenus
570 1334 647 1361 nobis
666 1334 699 1361 dc
711 1334 922 1361 circumcisione
937 1335 1042 1362 carnali

254 1392 302 1417 pro
326 1383 431 1409 \‘irihtts
458 1381 561 1407 dictum
591 1379 636 1406 sit.
654 1379 709 1414 Age
728 1379 784 1413 iam
803 1380 951 1407 secundum
979 1387 1041 1406 etim

253 1430 296 1461 qui
322 1429 401 1460 dixit,
421 1437 428 1452 t
446 1427 508 1460 quia
534 1427 574 1452 lex
601 1426 735 1460 spiritalis
753 1426 847 1452 est":
869 1435 878 1452 ι
894 1431 920 1452 et
947 1427 992 1460 qui
1009 1427 1042 1453 de

253 1475 296 1501 his
310 1481 368 1507 qua:
386 1474 542 1500 referuntur
557 1472 582 1497 in
599 1471 669 1507 lege,
687 1472 753 1498 dicit
768 1472 838 1506 quod
864 1480 912 1506 per
938 1473 1040 1507 allego-

252 1521 320 1547 riam
348 1519 419 1546 dicta
444 1517 533 1544 sint”
549 1527 554 1545 :
568 1518 631 1551 quid
659 1517 740 1543 etiam
769 1517 921 1552 allegorieis
939 1517 1042 1552 legibus
1056 1530 1077 1559 ο

251 1567 284 1593 de
301 1573 331 1592 ea
348 1563 519 1591 sentiendttm
536 1563 570 1590 sit
586 1563 735 1591 rideamus.
759 1562 821 1590 Scio
847 1563 992 1590 multorum
1009 1565 1041 1590 de

250 1610 304 1638 hoc
323 1609 386 1637 ferri
405 1609 476 1636 dicta
492 1608 534 1635 vel
555 1608 672 1642 scripta;
687 1609 733 1635 sed
757 1613 784 1636 et
806 1617 855 1637 nos
873 1617 933 1644 qua:
950 1610 1042 1637 Domi-

251 1664 303 1684 nus
316 1656 432 1687 dedcrit,
446 1656 478 1682 ad
494 1663 524 1682 ea
541 1663 601 1689 qua:
615 1655 649 1682 ab
661 1655 721 1681 aliis
734 1656 876 1683 commode
892 1657 1041 1691 composita

251 1703 380 1730 videntur
401 1700 542 1729 addemus.
565 1701 780 1734 Circumcidere,
801 1706 844 1729 est
867 1710 902 1729 ex
929 1703 1040 1737 genitali

251 1748 385 1781 membro,
413 1755 461 1782 per
487 1747 558 1782 quod
586 1748 726 1775 successio
748 1748 858 1775 humani
883 1749 990 1783 generis
1015 1753 1042 1776 et

250 1794 370 1822 carnalis
398 1801 518 1828 propago
543 1793 727 1826 ministratur,
755 1798 896 1827 amputare
921 1794 1040 1829 aliquam

251 1845 366 1875 partem.
388 1839 440 1866 Per
467 1839 519 1866 hoc
547 1846 612 1873 ergo
639 1839 755 1866 indicari
784 1840 934 1873 ﬁguraliter
968 1848 1039 1874 reor,

251 1886 444 1922 amputandam
463 1893 525 1912 esse
542 1885 575 1912 ab
595 1886 697 1918 anima,
715 1886 736 1913 si
754 1893 806 1920 qua
827 1887 865 1913 illi
883 1895 915 1914 ex
929 1894 1041 1915 consor-

253 1932 290 1958 tio
307 1931 399 1958 carnis
416 1930 530 1957 adhmsit
549 1931 701 1964 impuritas,
718 1931 741 1958 si
761 1931 823 1965 quis
845 1939 904 1958 eam
921 1932 1041 1961 libidinis

252 1976 413 2003 malesuada:
431 1983 528 2002 sensus
544 1975 657 2002 obtexit.
681 1976 784 2003 Idcirco
807 1977 890 2011 igitur
911 1986 964 2005 non
981 1979 1041 2006 aliis

251 2023 303 2050 ista
323 2021 443 2049 desectio
470 2020 536 2056 (Η),
552 2020 598 2047 sed
615 2021 779 2055 genitalibus
802 2022 932 2050 membris
949 2023 1040 2059 inﬁgi-

252 2075 305 2102 tur,
325 2073 355 2095 ut
378 2067 479 2095 clareat
502 2066 572 2100 quod
593 2066 747 2100 huiusmodi
777 2067 841 2094 vitia
862 2069 960 2096 animm
988 2078 1039 2098 non

251 2123 283 2142 ex
301 2115 410 2149 propria
429 2112 595 2145 substantia,
609 2112 655 2139 sed
671 2120 704 2140 ex
725 2114 843 2148 genuino
858 2119 930 2142 motu
950 2121 977 2143 et
1003 2117 1042 2143 in-

253 2162 361 2189 centivo
385 2160 476 2187 carnis
496 2159 652 2185 adveniunt.
678 2159 755 2192 Quod
781 2165 871 2187 autem
887 2166 982 2188 octava
996 2162 1040 2189 die

252 2206 424 2234 circumcisio
441 2206 520 2233 datur
531 2205 565 2238 9‘,
578 2205 644 2232 illud
666 2205 802 2240 designari
821 2206 949 2240 arbitror,
967 2209 1040 2242 quod
1056 2204 1078 2231 D

251 2251 377 2286 praesenti
399 2251 508 2286 quidem
532 2250 631 2278 stcculo
649 2251 800 2284 septimana
826 2251 951 2286 deputata
975 2258 1036 2280 est:

251 2304 363 2324 octavus
383 2301 472 2324 autem
488 2296 546 2324 dies
562 2296 645 2323 futuri
667 2296 758 2323 smculi
773 2297 932 2332 mysterium
955 2303 1037 2326 tenet.

252 2343 362 2370 illorum
378 2350 442 2377 ergo
457 2347 500 2370 est
517 2341 690 2369 circumcisio
710 2342 852 2376 spiritalis,
878 2344 924 2377 qui
949 2345 1040 2373 futuro

252 2388 350 2416 saeculo
373 2388 500 2422 militant,
519 2388 544 2414 in
560 2395 613 2422 quo
627 2397 636 2413 ι
648 2395 734 2422 neque
751 2389 864 2422 nubent,
879 2398 967 2425 neque
991 2400 1038 2419 nu-

253 2434 364 2466 bentur,
380 2435 427 2461 sed
445 2439 527 2461 erunt
549 2434 617 2461 sicut
643 2434 730 2468 angeli
756 2433 800 2461 Dei
809 2435 831 2451 "
846 2444 852 2467 ;
873 2444 882 2462 ›
900 2441 927 2463 et
942 2444 1036 2465 eorutn

594 2502 618 2519 ⁸⁸
632 2503 716 2531 Exod.
734 2511 771 2534 Iv.
785 2503 830 2535 24,
842 2505 886 2532 25.

529 2607 539 2622 -
554 2593 798 2640 ιιὸίιῦῗὶῖιιζέἑῗ
827 2610 837 2625 ι
851 2593 969 2644 ιῖἶὲῗῖἱξ
983 2593 1030 2639 Ῐίῖςῖ

289 2663 346 2698 (59)
364 2663 569 2699 βεηοιιιειτιιιιε,
587 2673 596 2690 ι
608 2665 755 2699 superﬂue,
771 2675 780 2692 ι
801 2667 880 2696 male.

290 2700 346 2733 (40)
363 2698 401 2726 Ita
417 2707 482 2726 mss.
502 2700 596 2727 nostri.
612 2698 681 2727 Editi
699 2709 774 2734 vero,
794 2703 962 2730 «secundum
981 2711 1038 2731 ear.

253 2743 326 2764 nent.
342 2735 425 2766 solus,
441 2744 450 2761 ι
469 2740 523 2762 etc.

290 2769 346 2804 (Μ)
365 2769 564 2802 Genebrardus,
580 2779 589 2796 ι
601 2770 725 2802 defectio,
739 2781 748 2798 ι
768 2773 847 2800 male.

290 2804 345 2838 (4:!)
362 2804 564 2837 Genebrardus,
583 2815 591 2830 ι
603 2806 810 2833 immunditiam.
824 2817 833 2834 ι

290 2839 346 2872 ίιὶῧ)
362 2839 413 2867 Sed
426 2840 530 2867 inierint
545 2849 614 2867 nunc
633 2848 819 2874 persequantur
836 2851 903 2876 quit,
919 2850 973 2873 etc.
989 2845 1035 2873 Sic

287 2501 309 2517 ³⁷
325 2500 419 2528 Matth.
436 2510 510 2535 Ixtv,
529 2502 556 2528 2.

252 2537 275 2552 "
293 2537 369 2563 “NII.
381 2543 428 2567 vn,
442 2537 484 2563 14.

251 2572 274 2587 ’⁷
292 2571 387 2605 Philip.
406 2577 447 2603 nt,
462 2570 508 2598 20.

252 2607 264 2622 ⁸
277 2606 356 2634 Joan.
373 2613 430 2640 xtv,
448 2606 491 2634 25.

926 2506 948 2522 ’³⁸
964 2506 1042 2534 Deut.
1056 2517 1151 2540 xu'ttt,
1167 2509 1213 2540 45,
1227 2510 1271 2537 ιΗ.

793 2540 814 2555 °"
829 2540 894 2567 Gen.
912 2542 1148 2574 xvrt,12;l.evit.
1168 2552 1214 2574 XII,
1229 2545 1255 2572 5.

837 2575 860 2611 ’ξ
872 2575 969 2602 Ezech.
983 2584 1056 2611 xuv,
1070 2579 1097 2605 9.

1096 237 1123 259 et
1150 240 1265 267 quorum
1290 234 1315 259 in
1342 233 1422 260 terris
1444 234 1643 262 ambulantinm
1669 245 1677 261 ι
1693 238 1717 263 ιιι
1738 238 1820 263 ρωῐίςρςι

1095 279 1268 305 conversatio
1281 278 1315 310 ⁸⁷,
1328 287 1337 303 ι
1352 279 1452 312 quique
1476 279 1646 313 prospiciunt
1669 288 1716 306 non
1741 288 1766 307 ea
1786 289 1820 314 tqt‘l

1096 323 1232 355 videntur,
1245 323 1291 349 sed
1321 331 1380 357 qtne
1405 331 1457 350 non
1477 324 1613 355 videnlur,
1631 334 1640 349 ι
1660 329 1686 351 et
1704 326 1777 352 seiunt
1795 334 1820 359 qu

1099 377 1107 393 ι
1125 376 1183 403 qua!
1205 369 1345 401 videntur,
1364 370 1520 404 temporalia
1539 375 1618 402 sunt;
1637 379 1696 404 qua:
1719 376 1788 397 autem
1799 380 1820 397 nu

1096 413 1235 446 videntur,
1251 420 1354 441 interna
1370 420 1431 442 sunt
1444 415 1476 441 ".
1490 425 1499 441 ι
1521 415 1633 449 Verum,
1649 422 1676 442 ιιι
1691 418 1820 451 suprrinsmt

1097 460 1274 492 anI'at'itnus,
1286 461 1386 486 dictum
1407 465 1448 488 est
1465 465 1490 487 et
1502 461 1536 488 ab
1551 461 1612 488 aliis
1629 463 1698 495 quod
1712 463 1820 489 circumda

1095 505 1225 538 spiritalis
1239 506 1274 532 sit
1292 503 1400 534 omnem
1423 506 1590 533 immundam
1607 506 1663 541 (ιὲ)
1679 507 1820 542 cogitationnu

1096 557 1177 586 atque
1193 552 1314 586 impuros
1333 560 1431 580 sensus
1458 553 1619 580 abscindere
1640 561 1653 579 τι
1671 555 1747 580 corde
1763 553 1820 585 etab}

1095 605 1165 625 eere.
1198 598 1251 625 Sed
1278 599 1433 625 occurritur
1450 598 1638 632 hujuscemodi
1668 599 1820 625 ('tlitionilvustt

1096 644 1137 670 his
1149 651 1210 677 quae
1226 645 1293 677 apud
1306 643 1389 679 494
1405 644 1570 670 Ezechielem
1592 644 1692 677 scripta
1716 645 1820 670 referuntur

1095 691 1140 717 ubi
1157 691 1223 718 dicit
1243 691 1392 717 Dominus:
1409 699 1417 714 ι
1433 689 1527 717 Omnis
1544 691 1614 716 ﬁlius
1631 691 1770 725 alienigena
1782 691 1820 716 inti:

1095 738 1233 763 etnncisus
1255 737 1348 768 corde,
1381 742 1407 763 et
1428 737 1636 764 int-ircumcisns
1660 744 1745 769 carne,
1761 744 1796 763 non
1808 737 1820 762 lit

1096 782 1189 808 troibit
1205 783 1232 808 in
1249 787 1341 809 sancta
1363 790 1420 809 mea
1440 783 1465 809 in
1487 783 1614 810 omnibus
1637 783 1697 809 ﬁliis
1714 782 1820 817 aiienigcn:

1096 835 1155 854 rum
1174 828 1218 862 qui
1235 833 1299 854 sunt
1313 828 1339 854 in
1357 828 1444 854 medio
1459 829 1555 855 domus
1572 829 1694 855 Israel”.
1707 837 1715 853 ι
1731 828 1820 855 Ειὶόριιει

1095 874 1195 901 etenim
1222 873 1289 900 duas
1315 874 1538 901 circumcisiones
1558 875 1608 902 hoc
1631 875 1657 901 itt
1683 874 1738 902 loco
1760 875 1820 900 esteat

1097 927 1189 947 sermo
1209 920 1381 954 propheticus
1402 921 1495 948 dicens
1509 928 1516 947 :
1536 931 1545 946 ι
1560 921 1761 948 lncircumcisus
1776 921 1820 947 cura

1094 971 1121 993 et
1134 966 1340 993 incircumcisus
1359 974 1453 994 carne.
1466 977 1475 993 ι
1497 967 1573 995 Unde
1596 969 1717 1003 cogimur
1731 967 1820 994 secuntln-t

1094 1011 1254 1047 allegorieas
1277 1012 1352 1046 leges
1376 1013 1518 1048 utriusque
1542 1013 1750 1040 circumcisionis
1770 1013 1820 1038 lenm

1095 1065 1126 1085 ac
1153 1058 1259 1092 species
1288 1058 1439 1093 assignarc,
1463 1059 1590 1093 quamvis
1617 1060 1668 1086 hoc
1695 1059 1769 1094 poSait
1788 1058 1820 1083 nuit

1093 1104 1174 1131 etiam
1199 1103 1225 1130 in
1253 1103 1307 1130 illis
1329 1112 1397 1139 quas
1419 1111 1500 1138 supra
1531 1106 1706 1139 cxpowimus
1728 1103 1820 1131 ratimrilt

1094 1149 1185 1184 obiici.
1207 1147 1260 1175 Sed
1279 1149 1387 1175 interim
1417 1157 1488 1176 nunc
1514 1157 1711 1184 persequamur
1736 1157 1785 1184 qum
1803 1147 1820 1174 d1

1093 1196 1178 1230 possit
1203 1195 1316 1221 duarum
1342 1195 1581 1222 circumcisiomun
1611 1197 1753 1223 secundum
1773 1195 1820 1228 allec

1093 1242 1161 1268 riam
1180 1242 1262 1275 ﬁgura
1285 1241 1386 1269 servari
1402 1250 1408 1267 :
1426 1247 1452 1268 et
1478 1242 1617 1269 videamus
1642 1250 1674 1270 ne
1694 1243 1756 1270 forte
1774 1241 1820 1267 reid

1094 1292 1175 1323 queat
1195 1290 1227 1315 ad
1251 1289 1301 1315 duo
1327 1289 1463 1323 generalia
1489 1296 1611 1323 peccata,
1629 1289 1653 1316 in
1673 1289 1763 1324 quibus
1784 1288 1820 1313 inci

1094 1335 1230 1362 cumcisos
1256 1342 1319 1362 esse
1345 1343 1397 1362 non
1424 1336 1544 1369 expedit,
1565 1336 1590 1362 id
1615 1341 1668 1367 est,
1684 1337 1709 1362 in
1726 1336 1779 1365 title,
1793 1338 1811 1360 et

1094 1381 1222 1416 operibus
1236 1389 1242 1406 2
1260 1386 1288 1408 ιιι
1302 1381 1336 1408 sit
1354 1381 1561 1408 incircttmtisus
1573 1382 1655 1408 corde
1670 1381 1715 1416 qui
1731 1389 1775 1407 non
1788 1379 1820 1405 iul

1095 1427 1173 1454 ﬁdctn
1189 1427 1258 1462 (Η),
1284 1431 1309 1453 et
1337 1427 1544 1454 incircumcisus
1567 1435 1651 1454 carne
1665 1428 1708 1461 qui
1725 1433 1794 1461 oper:
1808 1433 1820 1450 ιιι

1094 1474 1186 1501 habet.
1215 1474 1336 1501 Alterum
1366 1481 1481 1508 namque
1505 1473 1565 1500 sine
1591 1474 1678 1500 altero
1708 1474 1820 1507 reprobat

1095 1521 1158 1554 quia
1176 1525 1202 1547 et
1218 1521 1282 1547 ﬁdes
1307 1521 1366 1547 sine
1380 1520 1508 1554 operibus
1531 1526 1639 1547 mortua
1659 1520 1779 1551 dicitur‘,
1795 1522 1813 1543 et

1093 1567 1220 1601 operibus
1231 1567 1289 1593 sine
1301 1566 1352 1593 ﬁde
1363 1574 1440 1593 nemo
1452 1567 1521 1601 apud
1538 1561 1820 1601 Demnjustiﬁeatur‘J

1092 1620 1169 1648 ergo,
1187 1617 1215 1640 ut
1233 1620 1282 1647 ego
1297 1613 1427 1644 arbitror,
1452 1613 1554 1640 dictum
1579 1614 1759 1648 propheticum
1777 1616 1820 1638 enut

1094 1659 1200 1686 nienter
1217 1660 1353 1693 optabitur
1369 1660 1486 1686 ﬁdelium
1515 1660 1625 1694 populo,
1646 1660 1742 1694 quibus
1756 1658 1820 1685 dicim

1095 1713 1106 1730 ι
1121 1704 1215 1732 Omnis
1238 1705 1390 1740 alienigena
1406 1706 1451 1740 qni
1478 1710 1520 1733 est
1542 1706 1568 1732 in
1593 1706 1672 1733 vobis
1690 1706 1716 1733 in
1732 1704 1820 1732 πιεδὶοι

1094 1758 1155 1778 tuus
1170 1751 1252 1778 Israel
1278 1751 1491 1780 ineireumcisus
1509 1752 1602 1784 corde,
1627 1757 1654 1780 et
1675 1753 1820 1780 incircunet

1093 1803 1196 1828 carne,
1217 1804 1270 1824 non
1301 1797 1427 1825 introibit
1447 1799 1474 1826 iIt
1500 1805 1594 1825 sancta
1624 1799 1714 1827 mea‘.
1731 1808 1740 1824 ι
1764 1797 1808 1824 [loc

1094 1841 1223 1869 nimirum
1238 1843 1310 1877 quod
1324 1849 1350 1870 et
1363 1843 1491 1872 Dominus
1510 1846 1535 1871 in
1555 1845 1702 1880 Evangelio
1717 1845 1777 1872 dicit
1789 1842 1820 1874 ξι(

1093 1890 1180 1917 credit
1200 1890 1226 1917 in
1244 1898 1297 1923 mc,
1314 1891 1440 1917 mandata
1456 1899 1514 1918 mea
1529 1893 1704 1925 custotlit‘;n
1720 1897 1746 1919 et
1762 1892 1820 1917 item

1096 1944 1105 1960 ι
1119 1935 1168 1967 Qui
1186 1936 1262 1963 audit
1288 1937 1370 1963 verba
1390 1944 1448 1963 mea
1466 1937 1532 1971 haec,
1549 1943 1576 1965 et
1591 1938 1657 1966 facit
1680 1947 1710 1966 ea
1724 1940 1749 1968 ‘2
1766 1947 1773 1962 ι
1789 1936 1820 1962 εΓ

1094 1989 1152 2008 rum
1171 1991 1177 2009 :
1196 1990 1205 2007 ι
1221 1982 1290 2015 Quid
1306 1987 1397 2009 autem
1417 1983 1506 2010 dicitis
1521 1984 1585 2011 mihi
1599 1993 1604 2010 :
1618 1985 1742 2016 Domine,
1759 1983 1820 2009 Damt

1092 2031 1118 2053 et
1131 2034 1183 2053 non
1201 2027 1290 2054 facitis
1304 2035 1363 2062 qua:
1379 2029 1438 2056 dico
1448 2029 1457 2044 ⁶
1468 2029 1478 2055 9
1489 2038 1499 2054 ι
1517 2029 1598 2058 Vides
1608 2039 1673 2066 ergo
1691 2031 1786 2065 ubique
1798 2028 1820 2054 tit

1093 2080 1154 2099 cum
1182 2073 1310 2107 operibus
1330 2074 1417 2108 iungi,
1439 2080 1466 2101 et
1490 2083 1571 2109 opera
1604 2077 1704 2103 sociari
1732 2084 1786 2103 eum
1808 2075 1820 2097 ti

1093 2118 1188 2146 Cordis
1207 2120 1298 2154 itaque
1311 2124 1352 2147 est
1368 2120 1539 2148 circumcisio
1555 2121 1625 2156 (£5),
1644 2123 1712 2149 nihil
1728 2121 1820 2149 sordth

1094 2164 1162 2191 nihil
1181 2164 1320 2199 indignum
1336 2167 1438 2193 sentire
1457 2167 1488 2194 de
1505 2167 1568 2194 ﬁde.
1586 2167 1688 2195 Carnis
1707 2163 1820 2196 eireumci

1093 2215 1146 2245 est,
1160 2211 1227 2238 nihil
1244 2211 1422 2246 immundum,
1437 2213 1502 2240 nihil
1520 2215 1740 2242 contaminatum
1758 2216 1780 2240 in
1795 2220 1820 2245 op

1093 2258 1231 2292 gestisque
1251 2259 1432 2286 committere.
1455 2260 1506 2292 Qui
1533 2261 1607 2288 enim
1631 2262 1658 2288 in
1681 2262 1768 2288 altero
1783 2261 1820 2285 hor

1093 2304 1301 2331 incircutncisus
1326 2304 1407 2331 fuerit
1420 2311 1447 2332 et
1462 2306 1630 2337 immundus.
1653 2307 1698 2334 Dei
1714 2307 1817 2334 vocibus

1093 2349 1169 2383 gredi
1192 2350 1352 2384 prohibetur
1379 2351 1405 2377 in
1426 2357 1532 2378 sancta.
1556 2352 1712 2387 Ingreditur
1737 2358 1817 2380 tamen

1095 2395 1245 2430 alienigena
1277 2396 1303 2422 in
1329 2402 1435 2430 saneta,
1458 2405 1511 2432 quo
1531 2405 1584 2425 non
1607 2399 1708 2426 licebat
1721 2398 1818 2433 ingredi

1096 2441 1213 2468 cundum
1236 2441 1321 2476 legem
1353 2442 1451 2470 littera:
1478 2443 1533 2470 nisi
1558 2444 1625 2471 solis
1652 2444 1820 2472 ‘sacerdotiht

1308 2511 1331 2528 '°
1349 2511 1444 2538 Matth.
1458 2519 1503 2541 xx.
1520 2511 1564 2538 i6.

1294 2546 1316 2562 9’
1331 2548 1425 2573 Matth.
1440 2554 1506 2577 uti.
1522 2547 1566 2573 50.

1137 2579 1145 2594 ‘
1163 2579 1222 2608 Jac.
1241 2588 1268 2611 ιι,
1288 2581 1330 2608 17.
1369 2581 1479 2609 ’Galat.
1498 2589 1528 2614 tl,
1547 2581 1588 2609 16.

1080 2614 1089 2629 ⁷
1105 2613 1185 2642 Νυιιι.
1199 2623 1275 2649 xrut,
1294 2616 1319 2643 ’1.

1602 2512 1624 2528 ⁹¹
1640 2512 1722 2539 Rom.
1743 2520 1773 2542 ll,
1786 2511 1815 2536 '37

1607 2547 1630 2563 “
1649 2547 1745 2574 Matth.
1767 2555 1815 2572 ut.

1627 2582 1638 2597 ⁸
1655 2583 1758 2609 Elecb.
1771 2587 1820 2608 XLtt

1094 2677 1159 2698 mss.
1187 2671 1257 2698 Editt
1285 2680 1359 2706 vero,
1389 2682 1397 2698 t
1414 2673 1466 2700 Sed
1493 2673 1603 2700 interim
1630 2674 1777 2701 videamus
1806 2681 1820 2698 nt

1091 2712 1162 2739 qum.
1178 2715 1187 2732 ι
1204 2713 1258 2733 etc.

1128 2741 1185 2774 (44)
1202 2741 1290 2774 Editi,
1309 2752 1317 2767 ι
1329 2748 1356 2770 ιιι
1372 2743 1408 2770 sit
1422 2744 1602 2771 circumcisus
1619 2745 1707 2771 corde
1733 2746 1778 2778 qui
1802 2744 1820 2768 ιιι

1092 2775 1182 2808 ﬁdem,
1195 2787 1204 2802 ι
1222 2778 1302 2804 male.

1127 2811 1184 2846 (45)
1205 2811 1299 2839 Conlt's
1325 2813 1411 2845 itaque
1429 2818 1467 2839 est
1490 2814 1670 2840 circumcisio.
1688 2814 1730 2840 Ita
1752 2823 1810 2840 max.

1092 2848 1151 2874 stri.
1168 2847 1236 2874 Editi
1252 2855 1333 2882 rcro,
1353 2857 1362 2874 ι
1373 2848 1468 2875 (lordis
1481 2849 1531 2875 ista
1547 2850 1735 2876 circumcisio.
1748 2859 1756 2874 ι
