1831 3049
11 148 52 174 ιω
475 146 653 176 COMMENT.
675 147 706 174 IN
726 146 826 174 EPIST

831 168 837 175 .
860 147 904 173 At)
926 138 1008 174 non.
1030 146 1093 173 ιλιι.
1116 141 1148 174 ιι.

1575 151 1627 178 illi)

13 206 91 231 Datur
104 210 167 230 vero
180 210 251 230 nunc
266 206 292 229 ct
303 202 462 236 alienigenis
475 209 505 230 ut
518 204 706 238 ingrediantur
719 203 787 239 (ιϐ),
804 204 827 234 Α
842 203 1061 236 circumcisione,
1078 209 1140 232 cum
1156 205 1189 232 ab
1205 205 1244 232 eis
1262 206 1362 233 veteris
1380 206 1499 234 hominis
1513 215 1626 235 consuc-

14 256 32 277 ιι
50 251 104 277 sint
129 248 190 276 litlei
219 253 247 275 ct
265 253 373 275 actuum
398 249 606 276 circutucisione
625 251 742 284 purgati.
759 251 786 278 Si

11 299 63 332 ptis
81 303 171 324 autem
186 305 234 324 nos
253 298 287 324 ad
306 296 460 332 superiores
480 297 644 331 quaestiones
660 305 788 325 revocare

11 345 158 375 rontendat,
178 347 204 370 et
219 343 316 370 iterum
348 343 424 369 nobis
446 343 560 377 replicet
575 344 624 370 ltoc
641 343 711 378 quod
725 333 804 371 seri:

11 394 75 418 >tum
91 394 132 417 est
147 389 180 415 de
192 389 358 423 alienigena,
373 389 443 423 quod
461 389 494 415 ab
511 397 544 416 eo
559 389 665 416 volente
682 389 787 423 ingredi

15 444 29 461 tt
55 440 158 466 sancta,
185 442 238 461 non
263 434 350 461 solum
376 435 467 461 cordis
494 435 680 467 circumcisio,
698 435 789 462 sedet

11 481 91 507 :arnis
106 480 225 514 exigitur
241 489 247 506 :
261 480 324 507 huic
340 480 376 506 ita
390 481 502 507 moleste
517 481 674 515 persistenti
692 481 789 508 obver-

16 527 83 553 itnus
98 530 125 552 et
142 534 193 554 nos
223 526 289 553 illud
318 527 389 560 quod
406 525 539 553 Jeremias
558 527 687 561 propheta
704 526 786 553 dicit:

11 583 13 598 |
26 573 92 600 Ecce
106 573 303 600 incircumcisa:
315 578 378 599 sunt
390 580 469 600 aures
483 582 492 598 ι
511 577 607 600 vestra:
619 574 639 600 π.
657 572 788 600 Ostendat

11 620 77 647 tobis
92 620 142 646 iste
166 619 285 646 carnalis
307 619 525 646 t-ircutncisiortis
543 624 655 647 exactor
681 621 787 646 aurittttt

11 665 235 692 :ircnntcisiouem
255 664 410 692 sensibilem
434 669 462 691 et
489 665 673 700 cerporaietn,
690 665 711 692 si
739 673 788 699 po-

11 715 73 737 ;cst:
100 711 148 737 sed
176 715 280 737 certum
304 715 346 736 est
364 711 437 744 quod
460 711 534 737 nullo
555 715 635 745 pacto
655 711 681 737 id
699 711 789 739 facere

11 762 90 791 pteat.
115 756 280 784 Revertctur
300 763 365 790 ergo
389 756 423 783 ad
448 756 594 791 allegorias
626 757 788 784 necessitate

11 801 170 835 rompulsus,
189 807 215 828 et
232 801 304 828 dicet
318 801 477 828 circumcidi
493 809 581 832 aures.
598 809 671 833 cum,
691 809 788 829 secun-

11 849 61 875 lum
78 849 233 876 Salomonis
248 848 377 880 tnonita’,
394 855 446 875 non
471 849 606 883 rccipiunt
621 850 786 877 auditionem

11 901 105 924 tattam,
116 899 144 921 et
160 900 222 921 cum
240 895 398 929 oppilautur
410 901 443 921 ne
459 895 569 922 audiant
579 895 714 929 judicium
727 904 788 923 san-

11 940 96 970 guinis,
112 945 138 967 ct
159 948 221 966 cum
244 940 385 974 sepiuntur
395 941 481 974 spinis
497 948 531 968 ne
549 941 684 975 recipiant
699 942 790 968 obtre-

11 985 155 1017 rtationem,
185 986 232 1012 sed
259 990 289 1012 ut
317 985 366 1012 soli
395 986 478 1013 verbo
495 986 541 1013 Dei
565 991 689 1021 pateant,
705 991 732 1014 et
747 987 789 1014 itis

11 1038 59 1062 pne
81 1031 113 1057 ad
142 1031 353 1058 aediﬁcationem
380 1031 516 1058 dicutttur.
536 1031 578 1058 Sit
597 1039 663 1067 ergo
679 1032 743 1060 talis
762 1037 790 1060 et

15 1077 45 1103 llzl
66 1077 169 1111 cordis,
188 1078 276 1112 qualis
289 1082 316 1105 et
329 1078 387 1105 haec
403 1079 510 1105 aurium
523 1079 708 1110 circumcisio,
728 1086 789 1113 qnte

11 1125 181 1161 'omntuniter
196 1124 303 1151 videtur
323 1125 457 1158 exposita.
483 1124 540 1152 Hoc
560 1130 649 1152 atttem
667 1125 746 1153 modo
762 1129 789 1152 et

11 1171 207 1197 ineircumeisus
225 1170 305 1198 labiis
321 1171 435 1202 dicitttr,
453 1171 497 1205 qtti
516 1179 569 1198 non
587 1171 790 1199 circumciderit

11 1216 208 1250 blasphemiam,
233 1216 439 1250 scurrilitatem,
462 1217 660 1251 tttrpiloqnium
683 1217 715 1244 de
741 1224 788 1244 ore

11 1270 58 1293 suo,
72 1263 116 1297 qtti
133 1271 188 1290 non
201 1263 323 1296 posuerit
338 1263 490 1290 custodiam
508 1263 548 1290 ori
564 1271 623 1296 suo,
639 1268 666 1291 et
683 1263 785 1291 ostium

11 1309 211 1336 circumstantia:
231 1309 310 1335 labiis
323 1310 379 1336 suis
391 1309 425 1341 '°,
443 1309 488 1343 qni
508 1317 559 1336 non
577 1310 658 1337 etiam
671 1317 685 1337 a
706 1311 788 1338 verbo

11 1355 85 1381 otioso
109 1355 314 1382 circumciderit
332 1362 363 1382 os
389 1361 479 1382 suutu.
504 1355 625 1390 Denique
647 1355 691 1382 tibi
723 1355 789 1382 dicit

11 1401 105 1437 Moyses
131 1403 164 1429 ad
196 1403 338 1430 Dominum
352 1410 359 1428 :
375 1412 383 1428 ι
395 1403 527 1436 Provide,
548 1403 664 1430 Domine
675 1424 681 1436 ,
705 1403 787 1430 alium

11 1456 77 1481 ptent
91 1449 194 1480 mittas,
205 1455 255 1483 ego
268 1454 356 1476 autent
368 1449 565 1484 tardnslingua,
576 1454 602 1477 et
616 1449 788 1485 graeiliivoce

11 1495 107 1521 sum”:
128 1503 137 1520 ι
156 1494 207 1528 ipsi
227 1495 252 1520 in
277 1494 397 1522 Hebraeis
416 1495 616 1530 exemplaribus
642 1495 744 1523 habere
758 1504 788 1523 se

11 1540 89 1567 dicunt
104 1551 110 1567 ς
124 1550 132 1566 t
144 1542 204 1576 Ego
215 1546 305 1568 autem
324 1541 530 1569 incircumcisus
559 1550 617 1569 sum
637 1541 716 1570 labiis
737 1543 785 1572 ι’.»
803 1547 825 1577 c

11 1586 75 1619 Quod
96 1587 117 1614 si
141 1587 193 1614 hoc
214 1588 305 1620 modo,
326 1595 380 1622 quo
403 1589 528 1623 superius
555 1588 682 1621 diximus,
699 1593 788 1623 potest

11 1633 61 1666 qui;
75 1633 282 1662 incircumcisus
297 1634 382 1661 videri
395 1634 519 1666 auribus,
533 1638 558 1661 et
574 1634 785 1662 incircumcisus

11 1678 88 1712 labiis,
104 1689 153 1708 cur
169 1688 225 1708 non
247 1685 274 1708 et
292 1680 374 1708 simili
391 1680 476 1707 forma
493 1680 701 1708 incircumcisns
719 1688 788 1716 prte-

11 1726 73 1757 pttlin
87 1727 176 1753 carnis
193 1734 249 1754 suae
275 1727 383 1754 dicatur
400 1726 423 1754 is
437 1727 481 1760 qui
496 1734 558 1760 erga
574 1727 724 1754 naturalem
743 1735 788 1755 co-

11 1769 54 1797 itus
74 1775 174 1798 motum
188 1771 395 1798 immoderatius
404 1775 431 1798 et
444 1772 671 1805 intemperantius
683 1771 786 1798 emitit:

11 1815 176 1843 circumcisus
193 1823 257 1843 vero
270 1817 413 1848 habeatur,
430 1817 451 1844 si
467 1817 529 1850 quis
550 1817 575 1843 in
600 1814 786 1851 hujuscemodi

11 1863 105 1896 negotio
127 1862 257 1897 legitimis
280 1867 307 1889 et
333 1867 464 1896 quantum
495 1863 648 1897 posteritati
679 1862 788 1896 sullit'it,

11 1913 92 1934 utatur
107 1909 224 1936 oliiciis?
240 1908 339 1935 Verum
363 1909 490 1941 quoniam
512 1909 545 1935 de
570 1909 788 1936 circmneisionis

11 1954 105 1981 ratione
122 1959 287 1985 tractamus,
308 1954 390 1981 etiam
409 1954 474 1980 illud
502 1954 544 1980 his
566 1954 714 1989 adiungere
735 1961 787 1982 non

11 2001 144 2027 tltsurdnnt
163 2001 281 2033 videtur,
299 2001 370 2034 quod
396 1999 475 2027 Jcsus
492 2000 563 2027 filius
581 2000 654 2027 Nave
671 2008 703 2027 ex
719 2008 788 2035 prac-

11 2052 76 2080 n-pto
103 2047 210 2074 Domini
228 2046 298 2073 filios
321 2046 403 2072 lsracl
433 2047 554 2073 secundo
580 2047 788 2074 eircumcidisse

11 2092 94 2118 cultris
105 2093 199 2119 saxeis
213 2096 380 2118 memoratur
391 2091 433 2118 ":
450 2092 520 2124 quod
537 2092 640 2126 utique,
655 2097 786 2127 quantum

11 2137 33 2162 nl
60 2137 174 2164 litterant
201 2141 316 2171 spectat,
344 2136 513 2170 impossibile
541 2136 642 2163 factum
670 2137 786 2164 videtur.

11 2182 88 2210 Semel
109 2183 180 2209 enim
207 2182 378 2209 circumcisis
404 2182 429 2208 itt
454 2189 537 2209 carne
563 2183 698 2216 pratputii,
724 2182 786 2216 quid

15 2230 118 2256 nvenire
134 2235 226 2264 posset
240 2230 358 2256 secunda
375 2227 548 2255 circumcisio
561 2228 632 2261 qttod
647 2228 787 2254 auferret?
804 2219 826 2245 Ῑ)

11 2273 76 2302 Iesus
101 2283 164 2303 vero
197 2280 299 2307 uoster,
327 2275 372 2309 qni
405 2282 470 2301 vere
493 2278 552 2308 post
576 2273 685 2309 Moysen
717 2273 786 2300 ﬁlios

11 2320 79 2346 isracl
105 2321 130 2348 iu
154 2326 255 2347 terram
273 2325 397 2348 sanctam
418 2320 546 2347 fluentem
567 2319 608 2346 lac
628 2325 654 2346 et
682 2319 745 2351 mel,
759 2320 785 2345 in

11 2371 99 2392 Lcrram
113 2366 332 2402 repromissionis
349 2366 462 2397 inducit,
473 2366 584 2392 evidens
594 2370 633 2392 est
651 2365 786 2398 quomodo

11 2418 52 2437 ton
68 2413 162 2444 semel,
178 2412 224 2439 sed
240 2413 359 2439 secundo
372 2412 539 2439 cicnmcidat
552 2411 722 2438 credentium
739 2417 786 2444 po-

11 2457 99 2484 )ttium.
119 2458 210 2485 Prima
228 2464 347 2491 namque
372 2461 413 2484 est
437 2458 497 2491 ejus
527 2455 711 2486 circumcisio,
734 2462 786 2489 qua

11 2500 35 2528 ιδ
49 2503 86 2530 eis
104 2503 147 2531 vel
163 2503 298 2531 idolorum
312 2503 428 2535 cultttm,
446 2502 486 2529 vel
502 2506 655 2529 commenta
669 2500 788 2534 philoso-

11 2547 85 2578 ttbiczc
107 2549 297 2584 persuasionis
317 2548 450 2576 exsecuit.
477 2547 603 2575 Secunda
620 2553 684 2573 vero
702 2545 787 2571 utitur

804 878 825 905 B

36 2618 46 2632 '
58 2617 156 2646 Jcrem.
172 2621 210 2649 vt,
226 2617 270 2645 lo.
309 2617 319 2633 '
337 2617 419 2644 Eccli.
436 2623 531 2648 »ιιι-ιιι,
545 2614 589 2642 28.

11 2660 28 2683 ν,
41 2653 67 2680 2.
104 2655 126 2669 “
141 2653 206 2681 ibid.
220 2653 247 2681 9.
286 2652 308 2669 "
321 2652 398 2679 Rom.
416 2660 448 2682 ιι,
462 2651 507 2678 25.

37 2709 90 2746 (46)
106 2710 151 2737 Sic
167 2710 249 2744 editi;
264 2711 311 2738 sed
327 2718 392 2737 mss.
406 2717 510 2742 omnes,
529 2718 537 2734 ι
551 2708 654 2744 ingredi
671 2713 785 2739 tantum,

11 2749 190 2813 Μ’(ἱῖῖισύειυι
203 2781 340 2815 fmderata.
362 2780 431 2807 Editi
448 2789 454 2807 :
475 2789 483 2805 ι
503 2779 542 2805 vel
562 2778 640 2806 foeda.
662 2787 671 2804 ι

39 2812 91 2850 (ιε)
113 2812 262 2843 ιιιηοεέιιιέι
278 2816 397 2849 t'ttfanliw
411 2815 561 2850 ﬁgurarum,
575 2815 681 2850 species.
712 2812 783 2839 Editi

11 2858 139 2885 prtpcrant
160 2859 166 2877 :
188 2860 196 2876 ι
214 2851 366 2878 innocentis
379 2851 480 2885 partis,
507 2850 532 2876 itt
551 2849 618 2876 facie
636 2849 782 2883 ligurarum

631 2613 651 2630 ‘°
667 2613 738 2640 Psal.
756 2620 818 2645 ch,
835 2613 862 2640 3.

842 251 973 283 tudinem,
982 256 1009 278 et
1019 251 1161 285 passiones
1170 259 1202 278 ac
1214 250 1278 278 vitia
1288 253 1376 280 carnis
1387 253 1502 280 abscidit
1513 261 1519 279 :
1529 259 1555 280 et
1565 259 1629 281 tunc

840 296 993 331 completur
1011 297 1082 331 quod
1097 297 1123 324 itt
1140 296 1202 324 Iesu
1218 297 1292 325 Nave
1303 298 1435 333 scriptttm
1449 303 1490 326 est
1503 308 1509 326 :
1523 309 1531 325 ι
1545 299 1629 326 llodie

840 350 854 369 a
883 342 960 370 vobis
987 342 1086 370 abstuli
1108 344 1250 378 opprobria
1268 344 1377 380 ,Ἐπιιιί
1396 345 1428 371 ¹⁵.
1444 355 1453 372 ι
1476 344 1628 380 Opprobria

840 395 959 423 namque
968 389 1076 424 Egypti
1086 397 1178 416 secum
1191 390 1354 424 circumfert,
1363 392 1384 419 si
1399 392 1459 426 quis
1471 392 1497 418 in
1508 392 1627 420 Ecclesia

840 434 955 468 positus,
973 439 1001 461 et
1016 435 1066 462 sub
1085 434 1149 462 Jesu
1160 436 1228 463 duce
1240 436 1372 470 militans,
1382 436 1524 472 Egyptios
1538 446 1628 465 mores

840 485 868 508 et
892 485 981 509 motus
1011 482 1094 509 animi
1119 483 1250 511 barbaros
1269 488 1370 511 servet.
1401 484 1521 512 Marcion
1548 493 1627 518 sane,

839 527 884 554 cui
900 535 948 561 per
960 528 1115 562 allegoriam
1125 529 1193 555 nihil
1203 529 1290 563 placet
1305 530 1430 564 intelligi,
1441 532 1575 565 quomodo
1584 539 1631 559 ex-

840 578 921 607 portat
933 573 1014 610 ᾰ95
1032 575 1102 609 quod
1122 575 1185 602 dicit
1196 576 1340 610 Apostolus
1351 577 1383 608 ”,
1392 577 1628 605 circutneisionem

841 619 981 653 prodesse,
1007 619 1117 646 omnino
1134 627 1186 646 non
1201 620 1329 647 inveniet.
1351 621 1403 648 Sed
1419 629 1452 649 tte
1468 623 1501 648 de
1517 623 1631 657 singulis

839 664 947 697 quidem
972 673 1032 699 qua:
1061 665 1216 692 inferuntur
1239 666 1372 694 ullatenus
1393 669 1507 695 reddere
1531 669 1631 703 poterit

840 711 982 737 rationem.
1003 711 1149 738 Adversari
1162 720 1237 745 sane,
1253 717 1279 739 et
1291 721 1352 740 eum
1369 714 1494 741 irrisione
1512 714 1630 749 quadam

841 757 964 783 innotare
986 756 1070 783 Deum
1093 758 1160 791 legis
1185 758 1230 792 qui
1255 759 1490 786 circumcisionem
1514 759 1629 790 dederit.

840 802 909 829 solet
925 810 978 828 non
1004 803 1092 829 solutn
1109 803 1166 838 ipse
1180 823 1187 834 .
1213 805 1260 831 sed
1282 809 1308 830 et
1331 812 1424 831 omnes
1447 805 1566 832 haeretici
1582 806 1630 839 qui

840 853 918 875 vetus
930 847 1131 875 Testamentum
1147 850 1300 883 repudiant,
1319 858 1370 877 una
1396 859 1456 877 cum
1474 852 1629 884 gentilibus,

840 893 885 928 qui
914 901 1008 920 omnes
1024 895 1166 921 adver5um
1183 895 1265 922 Deum
1280 895 1346 931 legis
1363 897 1424 923 talia
1440 897 1563 930 quaedam
1582 905 1630 923 vc-

842 938 881 965 lut
898 939 1029 966 fwderata
1044 939 1100 975 (ιίτ)
1118 941 1316 967 obtrectatione
1331 942 1531 976 congeminant.
1546 942 1628 970 Stoici

841 984 916 1011 aiunt
934 992 942 1010 τ
960 984 1063 1012 lttdicct
1079 986 1180 1019 aliquid
1196 987 1338 1021 mysticum
1354 988 1542 1021 circumcisio,
1555 994 1582 1016 et
1597 990 1630 1015 li-

840 1038 935 1065 gnram
952 1034 1044 1057 teneat
1071 1031 1263 1066 allegoricam;
1295 1033 1368 1060 itane
1385 1034 1506 1067 oportuit
1526 1040 1554 1062 ut
1567 1043 1629 1062 cunt

840 1083 920 1111 pcena
934 1080 961 1103 et
975 1076 1096 1110 periculo
1119 1078 1305 1111 parvulorum,
1330 1087 1391 1106 cum
1411 1080 1576 1108 cruciatibus
1591 1085 1630 1107 tc-

842 1129 913 1149 nera:
927 1126 955 1148 et
970 1122 1057 1148 adbuc
1082 1122 1237 1150 innocentis
1254 1124 1385 1156 infantize,
1404 1124 1551 1159 ﬁgurarum
1565 1133 1628 1161 spc-

841 1163 977 1204 eies‘(48),
993 1173 1020 1195 et
1037 1168 1103 1203 legis
1125 1169 1267 1204 atnigmata
1292 1171 1492 1197 conderentur?
1512 1171 1557 1198 Sic
1573 1180 1629 1198 non

841 1214 958 1241 habebat
992 1214 1132 1248 legislator
1156 1215 1200 1241 ubi
1225 1215 1328 1243 formas
1350 1216 1481 1251 mysticas
1504 1223 1628 1251 poneret,

840 1261 892 1288 nisi
908 1261 934 1287 in
951 1260 1162 1287 dedecoratione
1178 1260 1234 1295 (49)
1247 1262 1462 1288 verecundorutn
1486 1262 1630 1297 locorum;

840 1311 867 1334 et
882 1307 927 1334 Dei
949 1307 1143 1342 omnipotentis
1168 1307 1209 1334 lex
1222 1327 1230 1339 ,
1253 1308 1403 1341 aeternique
1419 1309 1572 1336 testamenti
1590 1310 1611 1335 si
1623 1324 1629 1328 -

840 1351 985 1386 gnacnium
1011 1359 1063 1378 non
1086 1351 1172 1385 potuit
1187 1351 1238 1378 nisi
1254 1351 1280 1378 itt
1296 1352 1423 1379 obscenis
1442 1353 1627 1380 membrorum

840 1397 962 1431 partibus
989 1397 1138 1424 collocari?
1164 1397 1238 1424 ltane
1259 1397 1345 1424 bonus
1370 1402 1412 1425 est
1434 1397 1503 1425 Deus
1518 1400 1567 1426 iste
1582 1399 1627 1432 qni

840 1448 932 1470 natum
951 1443 1088 1470 hominem
1106 1444 1196 1471 statim
1214 1444 1240 1470 in
1257 1443 1350 1478 primis
1365 1451 1440 1471 novae
1456 1444 1523 1471 lucis
1536 1445 1627 1478 auspi-

837 1488 890 1516 ciis
902 1489 1061 1523 praeceperit
1080 1488 1240 1516 vulnerari?
1268 1489 1301 1516 Et
1313 1489 1354 1520 si,
1371 1493 1400 1516 ιιι
1416 1490 1489 1516 vobis
1512 1490 1628 1522 videtur,

842 1535 898 1570 ipse
912 1539 954 1563 est
969 1541 996 1562 et
1008 1536 1106 1562 anitum
1123 1540 1231 1563 creator
1242 1540 1270 1563 et
1284 1535 1416 1570 corporis,
1435 1540 1482 1562 attt
1493 1535 1630 1570 superﬂuo

840 1589 870 1608 se
895 1581 1044 1616 plasmasse
1069 1586 1172 1616 partetn
1204 1581 1276 1609 illam
1302 1583 1425 1618 corporis
1449 1587 1525 1610 notat
1547 1590 1628 1617 quam

840 1628 1010 1662 postmodunt
1037 1628 1148 1654 mandat
1171 1628 1316 1662 abscindi,
1343 1633 1372 1655 ut
1396 1637 1445 1664 per
1467 1628 1628 1656 miserorum

840 1673 972 1708 supplicia
1005 1673 1144 1708 proprium
1175 1674 1302 1702 emendet
1325 1675 1383 1709 (50)
1409 1681 1548 1707 errorem;
1583 1680 1630 1700 aut.

840 1719 911 1751 quod
928 1719 1085 1746 necessario
1108 1723 1135 1746 et
1150 1719 1256 1747 utiliter
1272 1720 1345 1752 fecit,
1363 1727 1415 1747 non
1430 1724 1503 1748 recte
1518 1721 1628 1747 mandat

842 1763 954 1791 auferri.
974 1763 1041 1791 Tum
1054 1770 1184 1799 prmterea
1197 1766 1220 1792 si
1234 1773 1307 1793 cura:
1321 1770 1362 1792 est
1382 1765 1436 1792 Deo
1451 1765 1580 1799 plurimos
1593 1766 1627 1792 ad

840 1810 942 1838 cultum
962 1818 1019 1837 sure
1033 1810 1172 1845 religionis
1189 1811 1298 1844 adduci,
1312 1812 1460 1838 maximum
1471 1819 1504 1838 ex
1516 1811 1630 1838 circnm-

839 1857 945 1884 cisione
970 1856 1137 1884 obstaculum
1160 1857 1292 1884 nascitur.
1321 1856 1387 1883 Cum
1412 1864 1444 1883 eo
1464 1857 1536 1884 enim
1557 1859 1629 1891 quod

840 1904 1003 1939 supplicium
1018 1903 1204 1938 unusquisque
1219 1902 1346 1934 declinat,
1360 1907 1415 1929 tum
1427 1902 1509 1930 etiam
1526 1902 1630 1930 irrisio-

841 1959 900 1978 nctn
917 1950 1091 1984 turpitudinis
1113 1949 1213 1984 refugit
1230 1958 1236 1976 :
1255 1950 1326 1976 unde
1343 1949 1429 1984 magis
1452 1949 1628 1983 impedimen-

827 2001 896 2023 -tum
918 1997 969 2023 hoc
990 1995 1143 2031 religionis,
1165 2003 1246 2030 quam
1272 1995 1378 2030 insigne
1399 1995 1550 2023 ducendum
1574 2001 1627 2023 ρι’.

840 2042 903 2069 Haec
918 2046 946 2068 et
957 2041 1039 2068 multa
1057 2041 1099 2068 bis
1115 2041 1213 2068 similia
1230 2040 1273 2066 vel
1289 2041 1403 2075 gentiles
1426 2041 1571 2068 adversum
1588 2042 1628 2068 le-

839 2087 1005 2123 gislatorem,
1032 2087 1074 2113 rel
1093 2086 1214 2114 haeretici
1232 2091 1407 2121 perstrepttnt
1429 2096 1435 2113 :
1457 2087 1555 2121 quibus
1584 2095 1629 2113 re-

839 2135 973 2169 spondere
993 2133 1176 2160 necessarium
1202 2137 1284 2166 puto.
1306 2132 1352 2159 sed
1378 2133 1467 2167 primo
1491 2132 1627 2167 gentibus.

841 2177 925 2204 Nemo
939 2177 1047 2211 sapiens
1064 2183 1096 2204 ea
1118 2177 1143 2204 in
1158 2176 1224 2203 aliis
1237 2181 1322 2209 notat,
1343 2184 1402 2211 qua:
1415 2177 1483 2211 apud
1497 2184 1526 2203 se
1541 2177 1612 2204 hone
1626 2193 1629 2197 -

842 2228 882 2251 sta
900 2223 974 2250 ducit
996 2227 1023 2249 et
1042 2230 1137 2257 magna
1154 2231 1161 2249 :
1179 2222 1280 2249 ctenim
1295 2222 1467 2249 circumcisio
1482 2223 1553 2256 apud
1569 2230 1629 2253 vos,

841 2277 856 2297 ο
871 2269 996 2303 gentiles,
1010 2269 1046 2295 ita
1060 2268 1151 2302 magni
1174 2268 1299 2300 habetur,
1314 2271 1344 2294 ut
1356 2275 1409 2294 non
1428 2267 1528 2302 passim
1545 2267 1629 2302 vulgo

841 2315 963 2350 ignobili,
974 2315 1020 2342 sed
1034 2315 1101 2342 solis
1113 2313 1310 2346 sacerdotibus,
1324 2317 1351 2340 et
1363 2313 1405 2340 bis
1417 2314 1462 2348 qui
1474 2313 1544 2340 inter
1555 2314 1629 2348 ipsos

838 2360 1013 2387 electioribus
1035 2358 1132 2386 studiis
1158 2357 1304 2393 mancipati
1336 2357 1456 2388 fuerint,
1490 2358 1627 2386 credatur.

839 2405 907 2432 Nam
921 2406 990 2439 apud
1008 2404 1151 2440 [Egyptios
1173 2404 1218 2439 qui
1232 2404 1258 2430 in
1273 2402 1513 2438 superstitionibus
1529 2403 1627 2431 vestris

838 2456 865 2478 et
882 2451 1056 2478 vetustissimi
1084 2450 1221 2476 habentur
1239 2454 1266 2476 et
1281 2448 1468 2481 eruditissimi,
1494 2456 1508 2476 a
1528 2449 1627 2483 quibus

839 2504 922 2532 prope
937 2504 1030 2523 omnes
1041 2495 1137 2531 reliqui
1155 2495 1236 2522 ritum
1254 2502 1393 2522 sacrorum
1412 2500 1439 2522 et
1450 2494 1628 2522 caeremonias

840 2542 952 2569 tttutuati
970 2546 1047 2574 sunt;
1066 2542 1136 2576 apttd
1152 2542 1218 2575 ltos,
1236 2541 1345 2576 inquam
1357 2560 1365 2573 ,
1392 2540 1482 2567 nullus
1501 2545 1549 2567 aut.
1564 2547 1627 2574 geo-

903 2613 923 2629 “
939 2612 1024 2641 Exod.
1038 2620 1075 2645 tv,
1094 2613 1137 2644 10,
1155 2612 1198 2639 15.
1239 2613 1260 2628 ’³
1274 2611 1359 2638 Exod.
1378 2618 1416 2643 γι,
1432 2609 1477 2637 50.
1514 2610 1535 2625 ”
1546 2609 1627 2636 Josue

841 2713 989 2775 spagit;
1005 2747 1070 2767 mss.
1087 2739 1157 2767 Editi
1173 2745 1246 2770 vero,
1265 2748 1274 2764 ‹
1294 2738 1494 2775 decurtatione.
1515 2745 1524 2761 ι

875 2777 930 2811 (50)
951 2775 1013 2802 Mss.
1028 2775 1112 2804 nostri
1127 2794 1134 2809 ,
1164 2783 1174 2800 ι
1192 2779 1217 2802 et
1232 2781 1279 2809 per
1293 2774 1453 2801 miserorutn
1466 2791 1473 2798 .
1487 2791 1494 2798 .
1509 2790 1516 2798 .
1529 2777 1625 2798 emen-

839 2812 894 2846 dat,
914 2821 922 2837 ι
938 2816 991 2838 clc.
