1833 3049
31 100 82 137 m.

484 106 662 134 COMMENT.
682 106 714 133 ΙΝ
735 106 844 134 EPIST.
865 107 909 133 Al)
930 106 1013 133 ΗΘΜ.
1035 105 1097 132 LIB.
1118 105 1148 132 ll.

1587 108 1645 135 914.

30 165 156 193 institutus
169 163 225 199 (56)
237 171 297 198 qum
312 164 337 191 in
353 163 454 191 Genesi
468 164 569 199 scripta
582 170 656 198 sunt,
671 165 716 192 ubi
731 166 798 193 alius
813 169 835 196 Λ
850 163 930 199 49⁸1
950 165 1019 191 Deus
1039 170 1119 190 verax
1134 183 1141 195 ,
1166 161 1255 188 omnis
1280 165 1371 189 autem
1392 163 1473 190 homo
1497 165 1610 191 mendax
1629 174 1636 191 :

28 210 57 236 ad
71 208 208 243 imaginem
225 208 273 235 Dei
290 208 395 241 factus,
413 208 482 236 alius
499 209 531 236 de
549 209 612 236 limo
630 214 709 238 terra:
735 211 796 244 pla-

25 259 115 283 tmatns
124 254 235 282 refertur
244 253 276 290 l‘)
290 273 298 288 ,
308 260 334 281 et
349 255 397 282 hos
412 255 485 289 ipsos
501 263 573 283 nunc
587 256 669 282 alium
694 257 719 284 in
738 265 796 283 ma-

25 300 129 332 nifesto,
153 299 234 326 alium
251 301 278 327 in
293 300 401 328 occulto
414 300 536 328 Judaeum
552 307 630 328 vocat
644 301 667 317 “
684 310 690 328 :
709 302 796 329 scien-

25 345 78 371 dum
92 350 130 372 est
148 346 217 379 quod
235 347 332 374 borum
347 352 461 381 uterque
484 347 510 373 in
526 348 689 382 quibusdam
708 348 795 376 disso-

23 391 68 423 nis,
92 391 117 418 in
138 391 275 420 nonnullis
291 399 356 420 vero
373 393 564 421 communibus
587 394 672 421 utitur
687 395 794 422 institu-

23 436 63 463 tis.
80 435 140 463 Nam
162 442 224 464 sunt
246 439 373 473 quaedam
397 446 458 473 qua:
479 439 514 466 ab
537 440 668 467 interiore
684 440 793 467 homine

22 482 114 509 initiqu
136 488 263 516 sumunt,
290 489 317 511 et
345 492 432 519 usque
455 485 489 512 ad
509 485 672 512 exteriorem
698 493 793 519 perve-

22 528 88 555 niunt
101 537 109 556 :
123 529 172 556 alia
184 537 249 557 vero
261 530 296 557 ab
311 530 450 558 exteriore
468 531 577 558 homine
590 532 715 559 inchoata
730 541 792 568 pcr-

21 574 120 601 veuiunt
143 582 228 610 usque
252 577 286 603 ad
314 576 482 604 interiorem.
509 576 586 610 Quod
612 582 703 605 autem
730 579 791 606 dito

21 619 64 646 tale
76 624 123 648 est.
143 621 169 648 Si
187 622 301 649 castitas
315 623 349 649 ab
366 623 497 650 interiore
517 623 626 651 homine
639 629 726 651 sumat
742 632 789 651 ex-

19 666 110 692 ordium
121 686 128 697 ,
146 668 268 701 pervertit
283 668 343 696 sine
357 668 440 697 dubio
454 669 510 706 (57)
525 678 610 706 iisque
625 671 658 698 ad
672 672 790 698 exterio-

20 718 76 737 rem.
96 710 183 746 Neque
198 713 270 740 enitn
290 713 347 741 fieri
366 719 470 749 potest,
490 720 518 742 ut
534 715 556 743 si
572 721 634 743 ante
649 717 710 751 quis
735 726 787 744 non

19 756 150 784 tumchetur
175 757 202 785 in
229 759 330 793 corde,
347 761 480 788 mtechari
505 763 590 796 possit
610 763 636 790 in
661 771 786 798 corpore.

19 801 59 828 Sed
72 810 119 829 non
134 805 262 832 continuo
275 805 297 832 si
315 806 377 840 quis
390 807 424 834 ab
446 808 593 835 exterioris
610 808 727 836 hominis
746 810 786 836 iu—

850 210 922 237 sicut
940 209 1074 244 scriptuttt
1096 212 1162 236 est:
1183 207 1217 235 Ut
1231 208 1393 243 justifieeris
1420 209 1445 235 in
1465 210 1638 237 sermonibus

849 255 913 287 tuis,
939 260 967 282 et
982 255 1075 283 vincas
1088 262 1150 282 cum
1163 254 1298 289 iudicaris
1315 254 1349 281 ".
1369 263 1378 280 ι
1403 254 1430 280 In
1446 254 1497 281 hac
1517 255 1636 289 Epistula

848 300 947 329 Paulus
962 302 1037 329 velut
1052 301 1155 329 arbiter
1170 301 1280 336 quidam
1294 301 1366 328 inter
1378 300 1487 328 Judaeos
1500 302 1635 334 residens,

847 350 875 373 et
892 346 1012 378 Gra‘cos,
1037 346 1064 373 id
1089 350 1132 373 est
1154 353 1201 374 eos
1217 346 1265 381 qui
1290 353 1323 373 ex
1348 346 1473 381 gentibus
1498 347 1639 379 credunt,

847 397 976 426 utrosque
993 392 1026 419 ad
1049 391 1127 419 fidem
1146 391 1249 419 Christi
1271 392 1309 419 ita
1322 399 1421 420 evocat
1435 397 1464 420 et
1477 393 1586 426 invitat,
1607 400 1637 419 nr

846 445 932 472 neque
944 438 1051 466 Iudaeos
1063 437 1182 465 oﬂ‘endat
1198 438 1306 473 penitus
1320 439 1486 466 destruendo
1505 439 1634 467 Judaicos

845 483 913 511 ritus
928 505 935 517 ,
951 491 1039 519 neque
1053 484 1180 520 gentibus
1201 484 1307 520 injiciat
1329 486 1548 520 desperationem
1566 493 1634 513 con-

844 529 977 556 ﬁrmando
988 529 1190 557 observantiam
1212 529 1279 565 legis
1293 535 1320 558 et
1332 530 1446 563 litterae;
1470 535 1497 558 et
1526 532 1584 559 sive
1599 533 1632 559 de

845 574 1099 608 repromissionibus
1126 581 1280 610 memoret,
1305 576 1362 604 sive
1391 577 1424 603 de
1458 577 1569 612 pmnis,
1597 579 1631 604 ad

843 625 990 655 utrumque
1006 621 1132 656 populum
1151 621 1249 649 dividit
1271 622 1393 649 verbum.
1408 621 1453 652 Ut,
1469 623 1543 650 verbi
1567 631 1630 658 gra-

842 665 889 698 tia,
912 674 973 693 cum
995 665 1082 694 dicit:
1104 675 1113 692 ι
1143 665 1190 693 His
1212 671 1323 698 autem,
1342 666 1388 700 qui
1404 673 1436 693 ex
1454 667 1630 693 contentione

840 717 915 744 sunt,
929 717 954 739 et
971 712 1017 746 qui
1042 712 1166 739 difﬁdunt
1182 712 1291 747 quidem
1310 712 1430 744 veritati,
1452 713 1565 739 eredunt
1583 720 1630 739 au-

842 762 895 784 tem
907 757 1054 792 iniquitati,
1072 759 1121 789 ira,
1137 763 1162 785 et
1177 758 1330 794 indignatio
1346 767 1353 785 :
1372 758 1522 791 tribulatio,
1541 763 1568 786 et
1581 767 1630 784 an-

839 803 928 838 gustia
955 803 981 830 itt
999 811 1106 831 onmem
1125 804 1244 830 animam
1270 804 1387 832 hominis
1410 805 1549 838 operantis
1572 813 1629 831 ma-

19 847 84 882 ripiat
97 850 237 883 castitate,
254 853 379 886 pervenit
390 854 473 881 etiam
488 855 524 882 ad
542 855 701 883 interiorem
719 863 763 883 cor

839 849 892 875 lum
910 868 918 881 ,
939 847 1024 877 Judaei
1041 849 1171 884 primum,
1189 856 1216 877 et
1233 849 1320 878 Graeci
1336 851 1370 878 “.
1391 860 1400 876 ι
1414 851 1467 878 ista
1483 851 1515 878 de
1527 852 1626 885 poenis.

19 890 156 927 linentiam;
176 900 204 922 ut
219 896 241 923 si
258 904 311 923 non
326 899 481 926 moechatur
499 899 526 926 in
542 906 657 935 corpore
668 921 675 933 ,
693 909 742 929 nec
758 903 784 928 in

19 938 81 964 :orde
102 939 253 968 mtncbetur
277 941 345 977 (58).
376 942 531 971 Secundum
559 945 616 972 hare
640 953 704 980 ergo
731 947 785 974 cir-

19 984 129 1011 :untcisio
143 985 284 1015 interioris
296 993 322 1015 et
335 990 481 1018 exterioris
495 991 615 1019 hominis
630 992 784 1028 allegoricis

20 1027 99 1062 cgibus
121 1030 307 1067 intelligatur,
332 1042 393 1061 cum
409 1035 466 1070 jam
490 1044 579 1072 neque
603 1038 716 1066 interior
738 1039 783 1067 ille

19 1075 200 1109 :oucupiscitin
218 1080 316 1112 corde,
336 1088 423 1115 neque
446 1082 566 1110 exterior
588 1084 639 1115 iste
654 1085 782 1119 concupi-

19 1120 106 1147 tcenliae
123 1122 259 1150 ministrat
282 1125 308 1151 in
334 1133 447 1160 corpore
470 1136 477 1154 :
502 1133 531 1155 ut
545 1129 724 1158 circumcisus
741 1132 780 1158 di-

19 1169 75 1192 :atur
96 1167 120 1194 in
137 1175 223 1196 carne
245 1171 305 1204 ille,
333 1180 413 1207 quem
440 1173 582 1208 Apostolus
606 1176 674 1203 dicit
689 1178 711 1192 “
725 1177 779 1212 jam

19 1217 52 1237 |0lt
63 1219 116 1240 esse
132 1215 156 1240 in
169 1223 265 1249 carne,
287 1219 336 1245 sed
355 1219 380 1245 itt
397 1220 505 1253 spiritu.
523 1225 549 1248 et
561 1222 607 1256 qui
626 1227 703 1251 actus
719 1232 779 1251 car-

19 1256 42 1305 Iis
52 1265 94 1291 per
107 1261 231 1294 spiritum
253 1265 400 1293 mortificat
417 1268 450 1295 ³⁵.
472 1268 572 1297 Verum
588 1270 715 1303 queuiam
730 1272 776 1305 qui

19 1301 164 1350 :irciitneiStts
179 1313 240 1339 est,
256 1309 375 1344 aliquam
398 1321 510 1341 carnem
532 1315 668 1349 perditum
690 1317 776 1350 dedit,

21 1346 105 1382 “(Illam
119 1354 241 1382 servavit
255 1355 418 1385 incolumem
431 1379 438 1391 ,
458 1359 484 1386 in
499 1367 533 1387 eo
547 1362 618 1395 quod
640 1363 774 1396 perditutn

20 1395 65 1442 edit
82 1396 151 1432 (59),
176 1399 251 1427 illam
273 1408 385 1430 carnem
407 1404 556 1439 significari
579 1395 645 1441 puto
668 1409 702 1435 de
721 1417 774 1442 qua

19 1440 115 1475 triplmn
127 1449 167 1472 est
179 1446 202 1461 "
218 1455 225 1473 :
243 1455 253 1472 ‹
272 1447 368 1476 Omnis
381 1457 446 1478 caro
460 1451 563 1485 fenum,
578 1459 605 1479 et
617 1454 705 1481 omnis
718 1440 775 1489 glo-

19 1486 101 1534 iaqcius
117 1492 194 1525 quasi
206 1492 257 1521 ﬂos
272 1493 355 1522 feni.»
368 1496 439 1524 Caro
451 1503 543 1525 autent
560 1507 620 1533 qua:
637 1507 771 1534 servatur,

19 1532 167 1578 tincolumis
182 1545 342 1575 permanet,
366 1547 431 1576 puto
451 1545 524 1578 quod
545 1532 662 1573 formam
679 1532 772 1574 teneat.

20 1576 62 1624 lius
84 1583 169 1611 carnis
183 1585 217 1612 de
232 1592 285 1619 qua
308 1587 407 1615 dicitur
422 1589 462 1622 ",
484 1590 548 1624 quia
571 1600 580 1616 ι
600 1592 689 1619 omnis
707 1601 771 1620 caro

19 1621 87 1672 idebit
97 1626 217 1657 salutare
232 1630 277 1658 Dei
287 1631 355 1667 (60).
364 1642 374 1658 ι
386 1633 438 1661 Sed
452 1621 520 1669 opus
532 1639 574 1662 est
587 1637 697 1664 auribus
710 1645 771 1672 qua:

19 1668 79 1696 tdire
93 1674 192 1706 possint
206 1683 268 1710 quae
282 1678 318 1704 sit
334 1686 399 1706 caro
415 1668 476 1714 quae
490 1686 602 1715 pereat,
621 1687 648 1709 et
660 1668 725 1717 quas.
734 1684 769 1710 sit

19 1719 51 1741 Iro
63 1723 117 1750 qua-
130 1720 234 1748 videbit
249 1721 368 1751 salutare
381 1723 428 1751 Dei
445 1733 452 1751 :
470 1732 532 1759 quae
547 1731 608 1760 post
620 1727 767 1761 depositio-

19 1765 49 1784 tm
65 1764 151 1792 carnis
164 1767 292 1801 praeputii
307 1768 381 1796 salva
404 1775 574 1803 permaneat,
598 1778 660 1799 cum
676 1771 718 1799 illa
739 1776 768 1800 ut

19 1811 36 1831 ιδ
46 1805 94 1834 feni
108 1809 251 1838 deciderit.
284 1812 361 1846 Quod
373 1816 422 1849 qui
437 1815 621 1850 intellexerit,
645 1817 767 1846 inveniet

21 1854 127 1884 gentium
148 1858 346 1892 mysteriorum
367 1860 470 1889 formas
496 1862 523 1889 in
547 1863 764 1891 circumeisiouis

22 1897 84 1944 tione
97 1904 268 1938 praemissas,
284 1911 311 1932 et
331 1906 452 1935 inveniet
472 1917 534 1936 eum
549 1909 595 1944 qui
614 1911 640 1937 in
655 1911 764 1939 occulto

19 1943 84 1972 idaeus
98 1951 147 1981 est,
161 1955 187 1977 et
198 1950 245 1990 qui
262 1950 288 1978 in
302 1951 432 1981 interiore
460 1943 571 1982 homine
585 1955 763 1984 circumcisus

19 1993 35 2021 I,
48 1996 144 2021 tantum
159 2001 301 2031 pmstare,
317 2003 343 2026 et
359 2000 566 2028 eminentiorem
583 2008 643 2029 esse
656 2002 702 2028 illo
717 2003 761 2038 qui

19 2039 121 2083 cuiidutn
140 2050 252 2070 carnem
262 2043 372 2073 Judaeus
387 2050 442 2078 est,
469 2052 598 2082 quantum
613 2053 723 2083 praesul
735 2053 762 2075 et

19 2082 78 2112 tinet
92 2085 172 2117 Judas
187 2090 234 2118 ille
245 2112 252 2123 ,
277 2099 356 2126 quem
371 2092 528 2120 collaudant
541 2082 640 2121 fratres
654 2094 713 2127 sui,
733 2099 760 2122 et

19 2128 28 2153 ti
46 2130 165 2161 dormivit
186 2141 217 2162 ut
231 2136 292 2170 leo,
306 2141 333 2164 et
345 2143 373 2164 ut
387 2138 492 2166 catulus
505 2138 590 2166 leonis
611 2140 759 2166 suscitatus

19 2176 66 2209 1”.
82 2179 116 2206 illi
131 2180 209 2209 Judae
222 2183 269 2217 qui
293 2191 325 2211 ex
347 2184 496 2212 femoribus
509 2183 594 2212 Iacob
607 2185 756 2212 secundum
775 2189 797 2216 ι)

19 2229 80 2251 rnem
96 2231 172 2256 natus
189 2234 243 2257 est.

19 2267 51 2295 Il.
65 2273 148 2305 (Quid
157 2282 224 2309 ergo
233 2276 350 2310 amplius
361 2282 403 2304 est
413 2277 577 2305 Judzeo'!aut
585 2277 757 2312 qumutiiitas

19 2319 200 2349 ‘t‘umcisionis?
208 2321 321 2350 Multum
331 2331 379 2358 per
387 2332 494 2352 omnem
506 2325 624 2352 modum.
634 2323 754 2351 Primum

19 2361 155 2400 idem.quia
165 2369 269 2396 credita
278 2375 340 2397 sunt
350 2370 402 2398 illis
414 2371 519 2406 eloquia
527 2372 583 2399 Dei.
599 2371 668 2405 Quid
680 2372 752 2399 enim

19 2409 105 2439 luidam
121 2413 228 2442 illorutn
246 2423 300 2443 non
316 2418 649 2452 crcdiderunt‘2Nunquid
663 2418 750 2444 incre-

19 2451 66 2481 litas
75 2463 166 2486 eorum
178 2460 259 2488 fidem
271 2462 578 2490 Deievaeuabit?Absit!
592 2451 651 2490 Fiat
660 2467 750 2489 autem

19 2510 99 2555 fAGen.
113 2524 150 2549 ιχ,
164 2519 199 2555 (j;
216 2527 248 2555 tt,
263 2520 288 2546 7.
327 2521 350 2537 ’³
362 2521 440 2549 Rom.
460 2530 490 2554 ll,
503 2522 548 2555 28,
563 2522 607 2549 29.

19 2553 67 2590 ﬂ?"
79 2557 150 2590 ξξην
166 2553 193 2590 8,
210 2554 236 2581 9.
276 2555 298 2571 ¹⁹
310 2556 386 2584 Rom.
405 2565 445 2590 ιιι,
460 2557 517 2585 1-4.
542 2553 546 2555 ’
564 2558 586 2573 ²⁰
601 2557 679 2584 Rom.
694 2565 722 2589 ll,
734 2556 762 2586 8,
775 2556 801 2583 9.

19 2581 117 2613 No.17.
143 2581 148 2584 '
169 2581 272 2617 "ibid.
290 2581 547 2621 2i'.""""'iinlt.'~i5.
597 2581 621 2608 έιὶ
637 2581 700 2619 ibid.

75 2640 160 2683 §_tliti,_
173 2653 190 2683 ‹Δ
202 2645 346 2683 institutis.
363 2659 372 2676 ›

72 2673 375 2719 ἕξιιεϋᾶιώίοξνῧέέὲι-ἱιι
393 2686 482 2713 editis.

121 2715 209 2755 εξ-ιιοη
222 2719 369 2755 nunc/ratur
382 2721 408 2747 in
424 2729 547 2755 corpore,
566 2731 610 2748 nec
625 2731 651 2749 ιιι
667 2724 744 2750 corde

19 2744 111 2788 Sﬂfﬂ'f'fg
127 2749 194 2788 ,ΙΙωε
212 2744 401 2782 desiderantur
416 2744 442 2782 iit
467 2744 547 2783 libris,
559 2763 637 2784 antea
653 2744 741 2786 eiliiis:

19 2778 143 2828 saepe
159 2794 167 2808 ι
184 2778 442 2828 νρμςδξμέιςιγείέιιιτ
458 2778 543 2824 res,"
557 2778 741 2828 Sii'.”,'.e‘r‘iii;‘;

40 2822 45 2836 ι
59 2817 191 2849 perditum
207 2822 290 2850 dedit.
311 2833 319 2847 ι

653 2522 676 2538 ’⁸
692 2521 769 2548 ftom.
783 2527 842 2551 \‘lll,
855 2518 882 2545 9.
919 2518 942 2533 ¹⁵
958 2517 1024 2545 ibid.
1044 2518 1087 2544 l5.

753 2591 774 2607 δ’
789 2589 854 2618 ibid.
875 2588 921 2615 26.

838 893 876 921 De
889 895 1149 929 repromissionilms
1173 904 1236 924 vero
1260 897 1399 932 subjttngit
1416 905 1423 924 :
1441 906 1449 923 I
1472 897 1564 924 Gloria
1580 906 1627 923 au-

837 945 902 974 tem,
917 945 944 968 et
960 941 1059 974 honor,
1073 947 1098 969 et
1113 950 1162 978 pax
1179 943 1252 970 omni
1270 943 1393 978 operanti
1409 944 1521 976 bonttnt,
1533 943 1627 971 Judmo

835 987 952 1021 primum
968 993 994 1014 et
1010 987 1107 1016 ϐιαιεο
1124 988 1158 1015 ⁸¹.
1177 998 1187 1014 ι
1207 988 1324 1016 ltursum
1340 989 1374 1016 de
1393 990 1518 1025 gentibus
1535 991 1625 1018 dicen:

834 1030 943 1058 videtur
959 1041 966 1059 :
983 1041 993 1058 ‹
1015 1032 1176 1068 Quicunque
1188 1033 1260 1060 extim
1274 1034 1334 1061 sine
1351 1034 1410 1069 lege
1425 1041 1623 1069 peccaverunt.

832 1076 891 1104 sine
907 1077 965 1112 lege
990 1079 1116 1113 peribunt
1132 1079 1191 1114 ³ι.;›
1206 1079 1239 1106 Ει
1255 1080 1352 1107 iterum
1370 1080 1402 1107 de
1424 1081 1596 1109 circumcisis
1615 1092 1621 1109 :

834 1130 845 1148 ι
864 1121 896 1149 Et
915 1128 1051 1159 quotquot
1063 1124 1089 1152 in
1106 1125 1165 1160 lege
1179 1131 1373 1159 peccaverunt,
1388 1134 1435 1162 per
1451 1127 1536 1161 legem
1549 1127 1623 1162 judi-

831 1168 969 1196 eabuntur
987 1170 1020 1196 ³³.
1040 1179 1049 1196 ι
1065 1170 1182 1198 Rursum
1195 1178 1258 1198 vero
1271 1177 1364 1206 gentes
1375 1172 1521 1200 sublevans
1534 1174 1597 1201 dicit
1612 1184 1619 1202 :

832 1223 843 1241 ι
867 1214 934 1242 Cum
949 1216 1022 1242 enim
1043 1221 1148 1251 gentes,
1169 1224 1229 1251 qua:
1246 1216 1333 1252 legem
1346 1226 1399 1246 lion
1414 1218 1524 1251 habent,
1541 1225 1618 1246 natu-

830 1260 924 1288 raliter
939 1268 1000 1297 quze
1015 1261 1081 1296 legis
1094 1267 1157 1290 sunt
1171 1262 1283 1297 faciunt,
1302 1263 1327 1290 bi
1343 1264 1428 1298 legem
1444 1273 1495 1292 non
1515 1265 1620 1293 haben-

829 1311 888 1340 tes,
912 1307 961 1342 ipsi
984 1308 1035 1335 sibi
1057 1313 1120 1336 sant
1140 1309 1184 1337 lex
1197 1329 1205 1342 ,
1226 1310 1273 1344 qui
1289 1311 1436 1338 Ostendunt
1451 1319 1518 1345 opus
1551 1310 1618 1347 legis

827 1353 960 1388 scriptum
978 1354 1004 1380 in
1020 1355 1150 1382 cordibus
1170 1356 1227 1383 suis
1243 1355 1276 1389 ³⁸,
1296 1364 1305 1382 ι
1322 1361 1376 1384 etc.
1398 1356 1430 1384 Et
1446 1357 1545 1385 iterum
1560 1366 1617 1385 ser-

827 1407 935 1427 monem
954 1401 1132 1429 convertitad
1149 1401 1257 1429 Judteos
1274 1402 1388 1430 dicens:
1410 1412 1420 1430 t
1437 1404 1465 1431 Si
1477 1410 1569 1432 autem
1588 1410 1615 1432 tu

825 1444 936 1474 Judmtts
955 1447 1160 1482 cognominaris
1173 1468 1181 1480 ,
1206 1452 1232 1476 et
1249 1449 1397 1484 requiescis
1411 1450 1437 1477 in
1460 1450 1517 1485 lege
1536 1451 1570 1482 ³³,
1605 1461 1613 1476 ι

827 1495 855 1519 et
871 1492 974 1527 reliqua
989 1501 1075 1528 usque
1091 1493 1124 1521 ad
1136 1501 1197 1521 eum
1210 1494 1298 1522 locum
1316 1496 1361 1523 tibi
1377 1496 1461 1523 dicit:
1481 1506 1490 1523 ι
1512 1496 1614 1524 Nomen

824 1538 896 1565 enim
917 1538 964 1566 Dei
991 1546 1040 1574 per
1054 1547 1103 1567 vos
1117 1539 1323 1574 blasphematur
1346 1541 1418 1569 inter
1432 1547 1527 1578 gentes
1543 1543 1574 1569 ³⁸.
1602 1553 1611 1569 ι

823 1582 856 1610 Ει
875 1592 907 1612 ne
922 1585 1061 1612 videretur
1082 1586 1181 1613 nimius
1196 1594 1255 1614 esse
1276 1587 1302 1614 in
1322 1588 1553 1622 increpationibus
1565 1589 1613 1617 .luA

822 1628 953 1662 dworum,
969 1629 1035 1656 dicit
1051 1638 1059 1656 :
1075 1638 1085 1655 ί
1103 1629 1282 1660 Circumcisio
1297 1633 1406 1667 quidem
1430 1634 1540 1668 prodest
1554 1655 1561 1667 ,
1589 1635 1610 1662 si

821 1673 908 1709 legem
934 1675 1074 1703 custodias
1087 1675 1120 1703 ³⁷.
1148 1685 1158 1702 ι
1182 1677 1236 1705 Sed
1253 1678 1351 1705 iterum
1374 1687 1407 1706 ne
1425 1680 1544 1715 erigeret
1563 1689 1611 1709 eos

820 1720 866 1754 qui
883 1720 994 1748 nimiam
1009 1721 1036 1748 iu
1053 1722 1262 1750 circumcisione
1278 1724 1392 1760 gloriam
1408 1732 1522 1761 ponunt,
1533 1728 1611 1754 addi-

818 1765 858 1792 dit
875 1773 881 1792 :
903 1775 912 1791 ι
933 1765 961 1792 Si
979 1771 1070 1793 autem
1093 1767 1287 1798 przevaricator
1312 1768 1350 1797 sis
1369 1768 1447 1804 legis,
1463 1770 1609 1798 circumci-

817 1810 858 1837 sio
872 1814 915 1837 tua
928 1812 1089 1845 praeputium
1104 1811 1175 1839 facta
1194 1819 1236 1840 est.
1253 1813 1285 1839 ".
1304 1822 1313 1839 ι
1337 1814 1370 1841 Ut
1396 1819 1486 1841 autem
1510 1815 1608 1849 paulu-

817 1855 873 1883 lum
890 1861 918 1884 et
932 1863 1025 1884 eorum
1041 1858 1087 1892 qui
1102 1865 1134 1885 ex
1152 1858 1277 1893 gentibus
1292 1860 1406 1888 credunt
1419 1862 1525 1889 animos
1540 1863 1606 1890 alle-

816 1906 905 1936 varet,
929 1902 1067 1938 subiungit
1082 1912 1089 1931 :
1106 1914 1116 1930 ι
1144 1903 1172 1932 Si
1199 1908 1290 1932 autem
1307 1907 1467 1941 prmputium
1483 1908 1606 1943 justitias

815 1948 883 1982 legis
900 1950 1050 1982 custodiat,
1063 1957 1152 1978 nonne
1169 1952 1331 1986 prmputium
1348 1953 1420 1980 illius
1442 1954 1468 1980 in
1487 1956 1604 1982 circum-

814 1995 945 2023 cisionem
967 1996 1167 2030 reputabitur"
1181 1997 1193 2024 ?
1211 2007 1219 2024 ι
1233 1998 1322 2033 Atque
1337 2003 1367 2026 ut
1382 1999 1499 2027 validius
1512 2001 1601 2037 erige-

814 2047 856 2069 ret
873 2041 980 2069 animos
999 2043 1134 2077 gentium,
1148 2049 1176 2071 et
1189 2044 1291 2072 scirent
1314 2052 1393 2080 posse
1410 2054 1449 2078 se,
1473 2047 1494 2073 si
1514 2047 1601 2083 legem

811 2088 959 2123 perfectius
973 2089 1161 2124 observarent,
1171 2092 1255 2119 etiam
1266 2093 1391 2120 meliores
1403 2094 1471 2122 cﬂici
1485 2095 1599 2128 Judaeis,

811 2134 879 2162 dicit
920 2134 943 2151 ‘°
959 2143 966 2162 :
986 2144 996 2160 ι
1013 2135 1045 2164 Et
1058 2135 1187 2170 judicabil
1200 2137 1226 2164 id
1236 2139 1305 2173 quod
1320 2147 1352 2167 ex
1364 2145 1459 2167 natura
1477 2146 1517 2169 est
1531 2150 1599 2177 pra:-

811 2181 927 2214 putium,
945 2181 1030 2215 legem
1048 2182 1194 2218 perficiens
1206 2204 1214 2217 ,
1240 2189 1264 2212 te
1276 2205 1284 2218 ,
1302 2186 1348 2220 qui
1366 2194 1413 2221 per
1429 2187 1545 2215 litteram
1572 2194 1598 2216 et

810 2226 1046 2256 eireumeisionem
1073 2231 1268 2264 praevaricator
1296 2239 1326 2259 es
1350 2232 1428 2268 legis.
1458 2243 1466 2260 ι
1495 2233 1596 2262 Verum

809 2273 936 2307 quoniam
951 2274 1055 2302 sciebat
1079 2275 1177 2304 multas
1193 2277 1218 2304 in
1236 2277 1306 2312 Lege
1322 2283 1350 2305 et
1367 2279 1508 2314 Prophetis
1534 2288 1597 2309 esse

808 2319 1035 2351 repromissiones
1051 2327 1111 2355 qua:
1133 2322 1166 2349 ad
1187 2321 1294 2350 Iudaeos
1320 2323 1378 2350 ﬁeri
1404 2324 1544 2358 videntur,
1562 2335 1595 2353 ne

807 2368 920 2398 possent
934 2364 990 2401 (6|)
1017 2367 1161 2401 desperare
1189 2373 1283 2402 gentes
1300 2373 1427 2404 tanquam
1443 2379 1503 2405 qua:
1527 2372 1594 2398 nihil

807 2411 948 2439 societatis
963 2412 990 2439 in
1009 2414 1173 2449 conscriptis
1185 2415 1442 2449 repromissionibus
1462 2418 1592 2450 habeant,

806 2459 884 2486 docet
902 2465 949 2486 eos
963 2460 1034 2494 quod
1054 2458 1110 2495 (62)
1134 2461 1282 2488 secundum
1300 2463 1442 2496 mysticam
1460 2465 1590 2492 rationem

1383 2522 1404 2537 ²⁷
1420 2522 1484 2551 Luc.
1508 2532 1547 2558 ιιι,
1563 2525 1588 2553 6.

1374 2557 1396 2573 ³⁵
1410 2558 1473 2585 ibid.
1488 2559 1532 2592 Η,
1546 2560 1588 2587 15.

1135 2519 1157 2534 ’⁸
1172 2519 1233 2548 lsai.
1249 2528 1293 2552 IL,
1309 2521 1335 2548 6.

841 2554 862 2569 “
879 2553 945 2580 ibid.
958 2552 1002 2579 10.
1041 2553 1063 2568 ²¹
1076 2553 1139 2579 ibid.
1155 2554 1198 2581 12.
1236 2555 1258 2570 ³³
1271 2557 1337 2584 ibid.

841 2590 854 2616 ι.
875 2588 921 2615 26.
960 2587 1059 2615 “ibid.
1079 2588 1123 2616 27.

835 2646 893 2686 (69»)
907 2646 983 2686 .Editi
995 2666 1002 2678 ,
1019 2646 1063 2675 hic
1081 2651 1108 2674 et
1129 2648 1207 2684 paulo
1225 2649 1296 2678 infra
1314 2650 1419 2686 legunt,
1435 2662 1444 2679 (
1461 2653 1585 2681 Salvato—

799 2689 855 2709 retn
869 2682 924 2708 Dei.
940 2691 949 2707 ι

835 2716 892 2759 (lii)
909 2716 979 2759 Editi
991 2737 998 2750 ,
1018 2725 1027 2742 t
1048 2719 1271 2753 repromissione:
1288 2721 1322 2749 ad
1339 2721 1457 2756 Judacos.
1474 2732 1506 2750 nc
1522 2731 1585 2759 pus-

798 2757 869 2782 sent,
890 2761 900 2778 ι
919 2756 970 2779 etc.

834 2787 889 2822 (σε)
905 2788 958 2820 Al,
979 2798 987 2814 ι
1008 2789 1063 2823 qui,
1082 2799 1090 2816 ι
1112 2791 1190 2819 male.
