1833 3049
244 113 297 141 ms

980 119 1139 148 ORIGENIS
1793 123 1817 149 Mt

246 173 328 200 etiam
343 173 393 208 ipsi
407 173 489 201 Jutltci
511 174 575 206 siut,
595 178 622 202 et
642 174 760 203 habeant
784 175 1032 207 ci-rcumcisiouem.
1048 181 1072 210 Α
1085 185 1170 211 clum,
1186 182 1213 206 et
1230 179 1389 213 prudentem
1405 178 1556 205 auditorem
1574 178 1643 214 (65).
1663 186 1672 203 I
1688 177 1729 204 llis
1741 184 1817 212 crgntr

249 219 392 254 Propterea
411 219 476 246 dicit
494 229 500 246 :
519 229 527 245 t
546 219 603 247 Non
618 221 691 248 enim
708 223 754 257 qui
773 223 800 250 in
826 223 972 252 manifesto
988 225 1033 252 Ju-

247 265 322 291 tl:ens
335 269 388 296 est,
405 272 492 299 neque
507 273 566 299 qua:
580 265 606 292 in
625 267 769 296 manifesto
784 269 810 295 itt
827 277 911 298 carne
927 275 968 298 est
980 271 1034 298 cir-

247 310 396 341 vumcisio;
422 311 467 337 sed
490 311 535 345 qui
549 311 576 338 in
603 313 710 341 occulto
733 313 843 342 Judteus
865 321 917 348 est,
935 320 962 343 et
979 316 1034 342 cir—

247 355 378 382 cumcisio
397 357 488 383 cordis
503 357 531 384 in
547 358 654 393 spiritu,
671 366 723 385 non
742 359 852 393 littera;
877 361 956 395 cujus
974 361 1033 389 laus

247 409 300 427 non
317 410 350 429 ex
363 402 527 436 hominibus,
544 405 591 431 sed
606 412 639 431 ex
656 405 710 431 Deo
721 410 761 432 est
776 406 809 433 “.
829 417 837 433 ι
854 406 952 434 Verum
963 415 1031 440 quo-

247 447 319 473 niatn
338 447 364 474 itt
376 447 419 475 his
430 449 556 476 omnibus
573 451 741 484 superiorem
755 453 955 487 quodammodo
968 461 1034 480 cau-

245 500 303 520 sam
319 494 440 528 gentium
457 494 569 529 fecerat,
587 505 694 524 rursum
711 498 786 526 velut
804 499 922 533 querelis
936 507 1031 526 eorum

243 538 289 572 qui
307 546 339 566 cx
359 540 566 569 circumcisione
579 548 642 570 sunt
657 551 814 577 occurrens,
834 547 959 581 proponit
975 547 1027 574 sibi

245 583 294 617 ipsi
307 591 367 618 qua:
387 584 414 611 itt
432 587 557 620 prmscnti
572 588 692 623 capitulo
710 590 896 624 continentur,
913 592 1006 620 dicens
1022 601 1028 619 :

246 638 255 654 ι
282 629 353 663 Quid
378 638 442 665 ergo
464 633 579 666 amplius
596 639 636 661 est
657 634 769 663 Iudaeo!
785 641 831 664 aut
847 645 906 672 qua:
927 639 1031 667 utilitas

244 676 486 705 circumcisionis?
512 678 624 706 Multum
642 689 690 715 per
709 689 816 710 onmem
835 684 942 711 modum
962 685 995 712 δ’.
1019 695 1028 712 ι

243 721 273 748 Si
291 729 366 757 ergo,
382 723 480 757 inquit,
497 724 520 751 is
539 734 548 750 ι
566 726 611 759 qui
634 726 660 753 in
680 728 826 756 manifesto
843 728 953 758 Judzeus
976 736 1030 765 est,

243 772 270 793 et
283 775 343 802 qua:
357 768 382 795 itt
398 769 541 797 manifesto
554 771 579 798 itt
594 779 677 799 enrne
698 779 740 801 est
755 775 929 804 circumcisio
948 785 957 803 ι
975 785 1028 805 non

244 818 395 849 reputatur,
414 824 423 841 ι
443 817 489 844 sed
505 819 551 852 qtti
576 819 602 845 in
620 820 728 847 occulto
741 821 851 849 Judmtts
866 829 918 856 est,
934 830 961 851 et
973 825 1030 852 cir-

244 863 374 890 cumcisio
388 865 481 892 cordis
500 875 508 891 ι
529 873 589 900 qua:
603 868 632 894 ﬁt
653 876 662 893 ι
681 868 708 894 ἱη
720 869 816 902 spiritu
830 869 864 903 ",
882 881 891 896 ι
914 871 970 906 ipsa
989 876 1030 899 est

243 917 307 937 vera
323 910 506 943 circumcisio,
535 912 609 940 dices
623 914 688 940 mihi
704 923 710 941 :
726 914 794 948 Quid
809 917 925 951 amplius
944 921 986 944 est
1002 918 1028 944 in

244 955 286 982 his
312 954 412 984 Judmis
437 958 482 991 qui
509 958 560 985 hac
587 959 766 994 appellatione
789 963 960 990 censentur?
988 963 1030 991 vel

243 1009 304 1034 quae
324 1003 349 1028 in
367 1004 736 1038 corporalicircumcisione
763 1008 878 1036 habetur
903 1010 1030 1038 utilitas?

241 1046 283 1073 Ad
309 1047 366 1074 ha-c
392 1056 426 1076 ne
446 1049 573 1077 videatur
589 1050 660 1078 inter
675 1056 821 1088 utrumque
835 1054 961 1089 populum
980 1055 1030 1083 mi-

242 1098 293 1118 nus
311 1091 402 1125 justus
417 1094 519 1121 arbiter
543 1096 695 1130 resedisse,
718 1099 879 1132 pronuntiat
893 1100 950 1134 (65)
964 1100 1029 1135 quid

241 1138 360 1172 amplius
387 1139 487 1167 habeat
504 1140 623 1175 Iudaeus,
642 1147 668 1169 et
694 1151 725 1170 ca
749 1151 808 1179 quae
834 1145 860 1172 in
889 1153 972 1173 carne
988 1151 1030 1174 est

241 1184 436 1219 circumcisio,
454 1192 480 1214 et
505 1187 570 1214 dicit
593 1195 640 1215 eos
659 1189 760 1217 habere
782 1190 898 1225 amplius
915 1192 1028 1220 multutn

242 1238 290 1264 per
302 1239 411 1259 omnem
428 1233 546 1260 modtttn.
564 1233 636 1267 Quid
653 1240 743 1262 autem
762 1237 847 1264 multo
862 1237 895 1265 sit
915 1238 1030 1273 amplius

242 1277 392 1312 subiungit.
409 1288 419 1303 ‹
433 1277 536 1310 Primo,
553 1280 651 1315 inquit,
665 1282 729 1316 quia
755 1283 860 1310 credita
887 1288 949 1311 sunt
977 1284 1030 1312 illis

239 1322 347 1358 eloquia
371 1323 418 1351 Dei
433 1324 465 1351 “.
489 1334 498 1350 ι
521 1325 651 1359 Quamvis
670 1327 743 1354 enim
767 1332 794 1355 et
813 1329 938 1363 gentibus
959 1337 1030 1358 nunc

240 1369 390 1396 credantur
414 1370 522 1405 eloquia
545 1372 610 1405 Dei,
629 1373 676 1400 sed
700 1373 761 1407 illis,
784 1375 833 1408 ait,
858 1375 945 1409 primo
967 1380 1031 1403 sunt

241 1415 355 1441 credita.
375 1415 495 1450 RcQuiro
514 1421 604 1444 tamett
623 1419 686 1452 quid
706 1425 748 1447 est
763 1421 834 1454 quod
858 1421 958 1448 dicitur
971 1421 1029 1456 pri-

243 1461 294 1487 mis
308 1461 347 1488 eis
357 1463 460 1490 credita
474 1471 535 1491 esse
556 1465 662 1499 eloquia
685 1466 730 1494 Dei
749 1477 755 1493 :
769 1472 896 1495 utruntne
910 1469 942 1495 de
955 1469 1031 1495 litte-

1085 225 1156 253 libus
1183 225 1394 252 existimandum
1414 223 1498 260 498
1513 229 1555 251 est
1571 223 1667 258 primis
1691 222 1778 257 eloquia
1790 224 1817 258 {isi

1085 270 1187 298 credita
1212 277 1273 298 esse
1288 270 1390 301 divina,
1414 274 1442 296 et
1463 270 1490 296 in
1518 270 1559 296 his
1573 269 1709 296 fatendum
1722 273 1757 295 est
1771 269 1817 295 Ῐιιιξξφι

1085 316 1203 351 amplius
1219 316 1333 342 multum
1350 323 1397 350 per
1412 322 1518 342 omnem
1536 316 1665 347 modum;
1679 315 1722 341 Sed
1734 319 1757 341 et
1771 316 1786 340 si
1797 322 1817 348 ge

1085 362 1130 388 alii
1147 361 1189 388 his
1204 361 1307 388 similes
1330 361 1450 392 fuerunt,
1474 360 1545 387 sicut
1571 360 1598 386 in
1615 359 1758 394 Regnorum
1774 360 1817 386 hbiti

1084 406 1215 440 scriptum
1234 406 1378 440 Apostolus
1402 410 1558 432 memorat:
1577 413 1587 430 ι
1607 404 1710 438 Reliqui
1737 405 1817 431 mihist

1083 457 1156 487 ptem
1175 451 1259 478 millia
1278 451 1398 478 virorum
1412 471 1420 483 ,
1438 451 1483 485 qui
1509 459 1562 478 tton
1579 456 1751 477 curvaverant
1767 458 1817 482 get-tt

1083 505 1132 525 sua
1145 502 1207 524 ante
1224 497 1289 524 Baal
1306 497 1338 524 “.
1358 507 1367 522 ι
1384 497 1437 524 Sed
1457 503 1483 524 et
1497 497 1546 531 ipsi
1566 497 1680 531 apostoli
1695 497 1792 526 Christi.
1806 501 1817 522 il

1084 543 1142 578 ipse
1157 551 1205 570 vas
1226 542 1366 570 electionis
1385 543 1406 558 ⁸³
1421 541 1522 569 Paulus
1549 549 1584 569 ex
1599 541 1699 569 Judaais
1720 547 1743 568 et
1756 542 1817 568 enit-

1083 589 1249 616 cumcisione
1262 589 1382 621 veniens,
1391 588 1505 622 amplius
1521 588 1636 615 habebat
1650 588 1691 615 his
1705 595 1762 622 quos
1772 589 1817 614 doce

1084 636 1129 663 hat
1148 643 1180 662 ex
1197 635 1321 670 gentibus
1337 641 1385 668 per
1396 641 1502 660 omnettt
1525 633 1646 660 modum.
1660 633 1758 660 Credita
1776 641 1817 659 ms-

1082 689 1134 717 que
1151 685 1214 708 sunt.
1239 682 1279 708 eis
1301 680 1410 714 eloquia
1427 680 1485 707 Dei.
1509 679 1563 706 Sed
1579 685 1606 706 et
1627 679 1677 706 hoc
1691 680 1768 714 ipsum
1779 685 1817 713 qua

1081 728 1156 759 dicit,
1177 737 1185 753 t
1198 727 1264 760 Quia
1282 727 1384 754 credita
1402 730 1465 753 sunt
1479 725 1532 752 illis
1547 725 1654 759 eloquia
1672 726 1716 752 Dei
1725 726 1817 756 “,tcott

1081 775 1255 802 siderandum
1273 779 1315 802 est
1328 774 1392 809 quia
1418 781 1470 800 non
1483 774 1583 801 dixerit
1599 773 1703 800 litteras
1718 781 1768 800 esse
1785 780 1817 798 (rei

1082 820 1162 852 ditas,
1178 820 1236 852 sed,
1261 829 1271 846 ι
1298 820 1404 854 eloquia
1421 819 1479 846 Dei.
1499 828 1507 844 I
1535 818 1611 846 Unde
1627 819 1671 846 via
1689 819 1759 846 nobis
1773 818 1817 844 datu

1082 865 1247 900 intelligendi
1263 866 1333 900 quod
1349 866 1390 892 his
1407 865 1453 899 qui
1477 865 1567 899 legunt
1581 870 1609 892 et
1625 872 1677 892 non
1700 865 1817 899 intelligar,

1081 916 1109 939 et
1124 912 1169 947 qui
1194 912 1288 945 legunt
1307 917 1334 938 ct
1350 918 1402 938 non
1420 913 1550 944 credunt,
1571 911 1663 938 littera
1676 910 1729 938 sola
1748 910 1775 937 sit
1787 916 1817 935 tre

1081 958 1149 990 dita,
1167 957 1210 984 illa
1226 957 1260 984 de
1272 964 1324 991 qua
1342 957 1407 984 dicit
1421 957 1577 992 Apostolus,
1603 956 1666 990 quia
1682 964 1691 981 ι
1707 955 1782 982 littera
1796 962 1817 980 oo

1080 1004 1145 1031 cidit
1157 1003 1178 1019 “
1195 1011 1201 1029 :
1224 1012 1234 1029 ι
1253 1002 1360 1037 eloquia
1377 1007 1466 1029 autem
1484 1002 1532 1029 Dei
1550 1002 1604 1029 illis
1620 1000 1783 1030 sintcredita,
1796 1007 1817 1032 qui

1081 1049 1274 1083 intelligentes,
1293 1053 1320 1075 et
1334 1048 1476 1076 credentes
1488 1047 1529 1074 his
1549 1054 1610 1082 quae
1627 1046 1726 1081 Moyses
1738 1044 1817 1078 scripsit

1081 1095 1198 1123 credunt
1222 1099 1249 1122 et
1272 1093 1403 1126 Christo,
1430 1094 1502 1120 sicut
1525 1098 1554 1121 et
1578 1093 1708 1120 Dominus
1726 1091 1780 1118 dicit
1796 1090 1812 1105 "

1083 1150 1093 1168 ‹
1119 1140 1196 1173 Quod
1220 1140 1242 1168 si
1268 1139 1454 1167 credidissetis
1472 1144 1500 1166 et
1522 1139 1572 1174 ipsi
1594 1138 1697 1173 Moysi,
1712 1135 1817 1164 credenti

1080 1186 1176 1222 utique
1200 1191 1227 1213 et
1255 1187 1319 1213 mihi
1335 1196 1341 1213 :
1357 1187 1389 1213 de
1411 1193 1454 1213 me
1477 1185 1548 1212 enim
1575 1184 1619 1211 ille
1641 1183 1756 1217 scripsit.
1772 1181 1817 1207 1591

1080 1237 1138 1260 esto
1154 1232 1222 1268 (67),
1237 1232 1337 1259 habeat
1349 1231 1589 1267 ampliusludaeus
1602 1230 1629 1257 in
1646 1230 1747 1261 litteris,
1758 1228 1817 1254 habet

1081 1278 1183 1312 aliquid
1197 1283 1224 1304 et
1238 1278 1265 1305 itt
1280 1278 1396 1312 eloquiis
1415 1278 1462 1304 Dei
1479 1286 1486 1304 :
1500 1276 1623 1310 nunquid
1642 1276 1744 1311 penitus
1766 1274 1817 1300 relict

1081 1329 1144 1352 sunt
1163 1324 1190 1351 hi
1208 1324 1254 1359 qui
1273 1331 1306 1351 ex
1321 1324 1450 1359 gentibus
1467 1323 1582 1350 veniunt
1602 1323 1635 1349 ad
1652 1320 1792 1349 Christum?
1805 1325 1817 1344 ει

1081 1375 1108 1397 et
1125 1371 1192 1404 ipsis
1207 1375 1248 1398 est
1261 1369 1306 1397 ubi
1327 1370 1445 1397 habeant
1460 1369 1561 1402 aliquid
1575 1368 1710 1402 amplius?
1725 1366 1782 1392 Audi
1794 1364 1817 1390 Du

1082 1417 1185 1443 minum
1201 1417 1336 1444 dicentem
1358 1416 1390 1443 ad
1405 1416 1595 1443 centurionem
1612 1422 1646 1441 ex
1666 1414 1777 1448 gentibus
1788 1417 1817 1438 (re

1081 1462 1191 1490 dentem
1210 1471 1218 1490 :
1240 1471 1250 1488 ι
1266 1462 1352 1489 Amen
1368 1462 1429 1490 dico
1446 1461 1533 1494 vobis,
1551 1468 1602 1488 nec
1625 1461 1653 1488 in
1668 1459 1743 1487 Israel
1756 1463 1817 1485 tanta

242 1505 281 1533 ris
300 1506 352 1533 hoc
366 1506 440 1534 dicat
454 1512 481 1534 et
502 1508 589 1542 libris,
607 1517 641 1537 an
659 1511 692 1538 de
709 1518 789 1538 sensu
806 1517 834 1539 et
854 1513 1028 1548 intelligentia
1043 1521 1065 1550 ο
1082 1509 1162 1538 ﬁdem
1188 1510 1278 1537 inveni
1289 1509 1323 1536 ⁵³.
1342 1519 1351 1535 ι
1374 1509 1442 1537 Vide
1463 1516 1528 1543 ergo
1544 1508 1588 1535 ubi
1603 1507 1709 1534 venitur
1720 1506 1749 1532 ad
1765 1505 1817 1530 ﬁdem

243 1551 321 1586 legis.
332 1552 462 1581 Videmus
474 1555 547 1581 enim
564 1554 695 1589 plurimos
708 1556 863 1585 Judaeorum
887 1559 921 1586 ab
939 1559 1029 1588 inlan-

242 1598 279 1625 tia
296 1606 383 1634 usque
399 1599 431 1626 ad
446 1604 612 1628 senectutem
634 1609 742 1636 semper
757 1603 904 1636 discentes.
918 1609 945 1633 et
957 1614 1028 1634 nun-

242 1653 323 1679 quam
344 1646 377 1672 ad
401 1647 543 1674 scientiam
570 1649 692 1676 veritatis
706 1650 892 1683 pervenientes
905 1661 912 1679 :
926 1657 952 1679 et
967 1660 1029 1687 quo.

245 1691 324 1719 modo
338 1693 473 1720 \idebitur
495 1701 588 1721 verum
607 1702 667 1722 esse
684 1697 756 1731 quod
770 1697 880 1730 dicitur,
895 1699 958 1733 quia
972 1707 1029 1726 am-

241 1739 314 1781 plius
329 1739 433 1774 aliquid
449 1740 566 1768 habeant
583 1742 651 1770 ineo
669 1743 740 1777 quod
757 1744 854 1778 primis
867 1745 907 1773 eis
921 1745 1027 1781 eloquia

243 1778 291 1813 Dei
305 1786 408 1813 credita
429 1791 503 1820 sunt,
518 1787 543 1815 in
557 1788 655 1823 quibus
669 1797 722 1816 non
742 1790 894 1826 intelligunt
911 1800 919 1816 ι
940 1778 1027 1828 neque

245 1840 303 1866 qua:
317 1833 480 1868 loquuntur,
492 1841 580 1868 neque
593 1834 627 1862 de
639 1835 737 1871 quibus
757 1835 893 1863 allirntant
909 1836 953 1863 "’l
971 1847 980 1864 ι
998 1837 1027 1865 Si

243 1886 308 1906 vero
323 1879 432 1914 sapiens
444 1879 490 1907 ille
505 1880 606 1908 dicitur
618 1881 766 1908 secundum
782 1881 971 1918 Salomonem,
982 1883 1028 1917 qui

244 1935 254 1949 ι
274 1925 401 1960 intelligit
420 1934 480 1961 qua:
493 1934 526 1953 ex
550 1927 659 1961 proprio
670 1935 718 1955 ore
732 1932 804 1960 sunt,
828 1933 854 1955 et
868 1937 878 1954 ι
895 1927 940 1963 qui
962 1938 971 1954 ι
1000 1928 1027 1958 in

243 1973 325 2000 labiis
351 1978 440 2008 portat
458 1973 624 2002 intellectum
642 1973 663 1990 “
683 1983 689 2001 :
718 1983 727 2000 ι
751 1974 784 2002 de
803 1974 894 2010 Moyse
916 1980 943 2002 et
966 1982 1028 2010 pro—

242 2019 342 2054 phetis,
358 2019 519 2054 ueterisque
533 2020 628 2047 ltorum
639 2020 774 2048 similibus
788 2021 845 2048 hinc
857 2020 1028 2056 intelligenda

242 2071 307 2092 sunt
327 2066 392 2098 dici,
409 2066 508 2100 quibus
524 2066 626 2093 credita
641 2071 703 2094 sunt
720 2067 829 2102 eloquia
842 2067 901 2100 Dei,
924 2068 986 2103 quia
1003 2072 1030 2095 et

242 2112 317 2146 ipsos
333 2111 442 2139 Judmos
465 2111 560 2145 fuisse,
581 2115 608 2139 et
630 2112 757 2141 habuisse
773 2113 1027 2146 circutncisionem.

244 2167 296 2186 non
313 2163 404 2194 potest
418 2158 535 2185 dubitari
546 2167 561 2185 ιι
577 2159 624 2186 sed
651 2163 677 2187 et
701 2160 723 2187 si
746 2160 807 2195 quis
828 2160 899 2198 apud
915 2167 962 2187 eos
983 2167 1028 2188 sa-

242 2193 332 2240 piens.
348 2209 376 2232 et
392 2204 546 2238 intelligens
561 2205 678 2239 auditor,
704 2211 731 2234 et
751 2193 884 2234 mirabilis
898 2206 1029 2234 consilia-
1045 2193 1068 2222 Β

244 2253 301 2278 ι·ῑιιε
317 2251 380 2283 iuit,
397 2259 465 2286 quos
492 2251 601 2280 auferre
627 2252 727 2280 dicitur
747 2253 876 2280 Dominus
888 2260 903 2279 a
919 2252 1030 2286 Jerusa-

243 2298 296 2324 lem
316 2297 437 2325 oil'eusus
458 2297 644 2336 impietatibus
669 2297 772 2333 populi.
797 2299 844 2325 Sic
874 2299 946 2326 enim
965 2299 1031 2327 dicit

243 2342 349 2369 Isaias:
368 2352 378 2368 ι
397 2343 467 2371 Ecce
493 2343 648 2371 dominator
665 2343 796 2370 Dominus
814 2341 932 2373 Sabaoth
953 2343 1030 2371 aufe-

242 2392 286 2414 ret
298 2387 332 2414 ab
340 2387 488 2415 Jerusalem
502 2392 530 2415 ct
541 2396 556 2415 a
572 2388 640 2416 Juda
651 2388 767 2415 validum
783 2392 810 2416 et
822 2389 920 2416 fortem
933 2389 1000 2424 (64);
1018 2398 1027 2415 ›

243 2438 272 2460 et
297 2439 357 2468 post
381 2434 542 2469 aliquanta:
563 2444 572 2461 ι
604 2435 635 2462 Et
662 2436 845 2470 prophetam,
874 2436 980 2471 inquit,
1001 2441 1028 2463 et

243 2480 450 2512 mstimatorem,
467 2485 494 2508 et
510 2481 644 2509 seniorem
661 2482 693 2514 ⁸⁷,
712 2487 738 2509 et
752 2482 1026 2518 quinquagenarium,

243 2530 271 2552 et
296 2525 448 2552 mirabilem
474 2527 660 2555 consiliarium
676 2549 683 2562 ,
699 2533 727 2555 et
744 2529 893 2563 sapientem
910 2529 1029 2556 archite-

1083 1564 1216 1596 quantum
1242 1557 1357 1592 amplius
1384 1557 1501 1584 habeant
1524 1559 1640 1591 gentes;
1667 1553 1698 1580 de
1712 1551 1795 1586 quibus
1810 1549 1817 1596 il

1081 1593 1133 1633 alio
1155 1605 1214 1632 loco
1240 1603 1372 1630 Dominus
1399 1601 1466 1629 dicit
1484 1601 1508 1617 δι
1541 1609 1548 1628 z
1570 1609 1580 1625 ι
1610 1599 1679 1632 Quia
1700 1593 1817 1624 venienti

1082 1653 1188 1681 oriente
1198 1655 1225 1678 et
1237 1650 1390 1680 occidente,
1418 1653 1444 1675 et
1463 1655 1478 1674 a
1503 1651 1620 1681 quatuor
1634 1644 1720 1672 ventis
1732 1645 1817 1670 terrm

1082 1697 1240 1724 recutnbent
1253 1703 1313 1722 cum
1329 1694 1478 1724 Abraham,
1501 1696 1528 1719 et
1544 1691 1629 1723 Isaac,
1644 1695 1671 1716 et
1684 1689 1759 1716 Jacob
1772 1687 1817 1713 inrt

1080 1751 1133 1778 guo
1150 1743 1195 1770 Dei
1214 1749 1221 1769 :
1238 1741 1285 1768 lilii
1308 1746 1401 1767 autem
1423 1739 1498 1774 regni
1518 1737 1664 1772 ejicientur
1688 1736 1714 1762 in
1738 1732 1817 1760 tenebn

1080 1790 1239 1817 exteriores.
1257 1797 1266 1814 ι
1285 1786 1335 1814 Ubi
1350 1793 1416 1820 ergo
1432 1785 1465 1812 ad
1490 1785 1561 1818 leges
1581 1782 1690 1810 venitur
1703 1786 1729 1808 et
1743 1779 1817 1806 littera!

1081 1835 1181 1863 habent
1195 1833 1280 1861 Judaei
1301 1832 1416 1867 amplius
1436 1840 1445 1856 ι
1467 1830 1584 1857 multum
1609 1835 1658 1863 per
1669 1833 1769 1854 omnem
1790 1829 1817 1849 m0

1080 1883 1143 1908 dum
1156 1881 1197 1913 ";
1215 1890 1224 1906 ›
1243 1879 1288 1907 ubi
1304 1886 1370 1906 vero
1390 1877 1498 1905 venitur
1511 1876 1544 1903 ad
1557 1875 1687 1906 lidem,ut
1702 1880 1733 1900 ex
1751 1876 1817 1900 corviu

1080 1928 1187 1955 ratione
1200 1925 1328 1957 dixerim,
1347 1922 1574 1956 haherttamplius
1593 1924 1689 1956 gentes
1714 1927 1722 1943 ι
1746 1916 1817 1944 multm

1081 1981 1129 2009 per
1152 1979 1259 2000 omnem
1282 1971 1403 1998 modum.
1428 1978 1437 1995 ›
1456 1967 1661 2002 Requirendum
1685 1971 1747 1992 sane
1767 1963 1817 1987 est!

1081 2021 1164 2047 etiam
1181 2017 1326 2045 Satnaritis
1349 2015 1496 2042 dicendum
1511 2018 1553 2040 est
1566 2012 1665 2047 primis
1684 2010 1777 2038 credita
1789 2011 1817 2032 est

1081 2065 1189 2100 eloquia
1205 2063 1267 2096 Dei,
1286 2062 1412 2097 queniam
1430 2060 1539 2094 quidem
1554 2060 1638 2086 etiam
1655 2056 1724 2091 apud
1738 2053 1817 2100 ipsosls

1083 2094 1166 2146 Mopsi
1182 2094 1415 2137 serva-ri'vitlctur.
1430 2105 1483 2133 Sed
1509 2105 1562 2132 illis
1582 2111 1633 2139 ego
1651 2110 1686 2130 ne
1701 2103 1776 2137 ipsam
1790 2094 1817 2131 «id

1082 2145 1142 2186 dem
1157 2158 1276 2184 litteram
1298 2161 1359 2191 quae
1372 2153 1499 2180 occidere
1516 2151 1630 2182 dicitur,
1645 2149 1768 2176 creditam
1782 2145 1817 2170 ἀειε

1083 2205 1145 2232 tittt.
1174 2202 1246 2230 Dicit
1268 2201 1340 2228 enitn
1367 2199 1400 2227 de
1423 2200 1464 2225 eis
1487 2197 1619 2232 propheta
1640 2205 1646 2222 :
1665 2203 1674 2220 ι
1697 2193 1738 2220 Va:
1753 2192 1785 2219 ΜΞ
1799 2191 1817 2238 'i‘

1082 2253 1215 2285 spernunt
1233 2252 1351 2275 montem
1365 2245 1442 2277 Siott,
1458 2249 1485 2270 et
1499 2242 1642 2271 confidunt
1658 2242 1685 2268 in
1707 2239 1817 2285 mouteb‘:

1083 2280 1174 2322 marite
1187 2293 1226 2326 5‘;
1260 2302 1268 2318 ι
1287 2291 1337 2326 ipsi
1363 2291 1463 2325 quippe
1487 2296 1516 2316 se
1541 2288 1646 2315 alienos
1665 2294 1680 2313 a
1701 2280 1817 2330 litteris

1082 2341 1196 2370 faciunt,
1215 2337 1388 2374 repudiantes
1415 2335 1572 2370 prophetas.
1598 2333 1653 2360 Sed
1680 2336 1708 2359 et
1732 2331 1817 2357 hsrctltl

1082 2389 1129 2421 qui
1147 2385 1318 2420 iniquitatem
1345 2383 1493 2417 loquutttur
1517 2381 1544 2407 in
1567 2379 1712 2406 Excelsum
1725 2377 1756 2409 ",
1769 2376 1817 2405 ch31

1084 2434 1221 2468 impietate
1238 2438 1285 2458 sua
1311 2429 1435 2457 dividunt
1459 2427 1591 2454 unitatem
1613 2424 1747 2454 Deitatis,
1772 2426 1817 2453 etqt

1082 2481 1169 2514 legem
1188 2478 1222 2504 ab
1243 2475 1397 2509 Evangeliis
1415 2477 1566 2508 separant,
1591 2479 1644 2498 non
1669 2469 1773 2498 dixerim
1786 2471 1817 2514 ἀἳ

1083 2512 1139 2554 dita
1155 2531 1217 2552 esse
1230 2522 1335 2557 eloquia
1351 2519 1410 2551 Dei,
1425 2526 1472 2553 pro
1487 2525 1519 2544 eo
1540 2517 1613 2551 quod
1625 2515 1718 2542 divina
1734 2512 1790 2557 apud
1801 2517 1817 2535 τι

279 2571 303 2587 ⁶¹>
317 2571 395 2609 R_ont.
409 2571 503 2609 p.38,
516 2572 561 2600 29.
602 2573 624 2609 f'
639 2556 718 2601 Βοίιι.
733 2556 814 2608 ιιιίι,
832 2575 860 2602 ‘2.
897 2575 920 2590 "
935 2574 1014 2605 Rom.
1033 2582 1035 2601 ι

1082 2572 1178 2609 ι8.29α
1217 2556 1434 2609 ibes-imii-
1479 2561 1703 2609 ‘.'.'..Ti.‘!‘:..'-.7'
1733 2556 1817 2609 ,ἴθιΓὲ

241 2606 356 2652 Ψηβδ·
374 2641 397 2652 .,
407 2605 661 2652 ‘.'J§f"-__“':J-5-.:
673 2610 697 2652 εἴ
719 2610 758 2652 ,Ψ
777 2609 843 2645 καθε-
858 2618 914 2652 ξιιν
927 2610 979 2652 18.5
991 2609 1035 2652 ..ηε

1082 2591 1119 2634 Ὗ
1221 2605 1243 2620 δν
1338 2591 1435 2629 ικ,’15.
1485 2598 1507 2613 ⁸⁰
1526 2591 1690 2627 Romam:
1733 2591 1817 2618 ιιιΙιρι

1092 2644 1099 2652 ι
1117 2628 1125 2640 ⁹
1165 2641 1187 2652 ut
1204 2641 1268 2652 η»...
1308 2644 1336 2652 ..ι
1370 2635 1386 2652 0
1447 2633 1470 2649 ⁸⁸
1494 2634 1574 2652 Aruns:
1611 2639 1647 2652 νιν
1670 2632 1694 2652 ΙῨ
1741 2628 1759 2645 l7

243 2632 325 2673 iu,'6.
340 2675 353 2678 Α
374 2641 397 2656 δ’
409 2638 487 2667 Joan.
505 2632 530 2672 v,
547 2632 591 2669 Ite.
606 2632 659 2660 "6'
672 2632 767 2676 attuli.
777 2632 843 2678 2.1:;
858 2632 914 2672 ῖὸῗ
929 2632 979 2660 ’π
990 2632 1035 2672 uili

1091 2632 1125 2670 17
1145 2632 1187 2657 νη
1203 2641 1281 2667 nam.
1308 2644 1348 2669 ttt,
1370 2635 1396 2661 '2.
1447 2633 1470 2649 “
1490 2634 1574 2660 Amos
1611 2639 1650 2664 Vl,
1670 2632 1695 2658 ί.

241 2683 324 2705 Lmt.
338 2675 365 2702 8.

281 2724 338 2757 (63)
355 2723 429 2750 ΕιΙὶιίΔ
441 2742 448 2755 ,
474 2731 486 2759 ιγ
499 2723 538 2749 Ad
555 2724 610 2750 hate
627 2724 735 2751 videtur
750 2725 776 2751 iu
793 2729 908 2757 tttroquc
932 2722 1035 2759 populo'

243 2759 431 2818 ntiquis-justus
449 2758 551 2785 arbiter
569 2759 700 2786 resedisse
718 2761 908 2794 pronuntians,
929 2769 939 2786 ›
961 2766 1028 2792 eun,

244 2802 285 2818 lim
299 2802 323 2818 υ.

254 2802 323 2819 ltili“.

273 2802 323 2818 μιν.

244 2802 334 2863 mihi.)
359 2828 482 2856 Validam
508 2833 532 2856 ει
558 2828 661 2869 forum.
690 2828 751 2856 llaec
773 2830 853 2858 verba
879 2830 977 2858 desunt
1001 2830 1027 2857 itt

1084 2723 1173 2751 editis.

1119 2758 1175 2790 (65)
1196 2756 1249 2792 AL,
1264 2759 1458 2792 «senatorem.
1473 2762 1483 2777 ι
1593 2786 1608 2792 Π
1623 2786 1629 2791 Ι

1119 2786 1174 2825 {66)
1193 2786 1314 2825 Eloquia.
1336 2789 1416 2819 Deest
1429 2789 1454 2826 in
1474 2786 1669 2826 auter-editis:

1118 2821 1175 2861 (lii)
1190 2821 1275 2858 Alias,
1296 2835 1304 2850 ι
1325 2825 1375 2852 isto
1391 2823 1480 2850 modo.
1501 2833 1514 2848 ι
1533 2821 1613 2854 Editi,
1632 2831 1641 2847 ι
1664 2821 1743 2848 istud.
1757 2827 1766 2844 ι
