1831 3049
5 124 47 150 ΙΙῚ

476 120 654 148 ΟΟΜΜΕΝΤ.
676 120 706 146 IN
730 119 838 146 EPIST.
858 120 902 146 AD
919 119 1001 147 ιιοιι.
1021 119 1084 146 LIB.
1105 119 1136 145 ll.

1576 122 1632 147 ωδ

5 183 138 210 ῖιιΙιηΙὶίηΩ
157 181 237 216 relegi
251 182 376 209 videnlur
389 190 396 215 ;
411 182 458 209 sed
474 182 535 216 quia
553 182 618 209 nihil
632 182 657 208 in
671 182 712 208 his
728 188 790 208 seu-
805 182 827 209 Α
845 189 853 205 ι
868 180 1000 206 Λιιὶιιιιιὶε
1011 180 1091 206 homo
1101 186 1153 205 non
1167 177 1283 212 percipit
1294 184 1353 212 qua:
1361 177 1554 212 suntSpiritus
1565 177 1626 207 Dei;

7 230 67 254 ittut
83 228 219 262 spiritale.
244 227 309 254 nihil
328 228 381 255 Deo
404 229 525 263 dignum,
548 230 633 255 solatn
651 228 722 261 apud
740 234 787 254 eos

5 282 85 300 neum
106 281 171 307 quae
194 274 295 300 occidit
324 274 423 300 habere
450 274 568 300 litteram
585 273 641 310 (68)
660 274 785 300 dixerim.

5 320 98 345 terum
115 319 138 345 si
157 319 224 346 forte
240 318 324 346 Judzri
342 320 427 346 nolim
451 320 573 353 recipere
593 320 713 354 Apostoli
739 327 787 346 tto-

5 364 43 390 ιῖοτί
59 364 238 397 sententiam,
251 371 309 398 quze
324 365 389 391 dicit
403 365 464 399 quia
477 365 586 392 «littera
601 375 609 391 ι
620 365 705 400 legis:
717 365 788 392 occi-

7 410 35 435 Iit
49 408 72 424 ⁵⁸
90 418 97 435 :
121 418 130 434 ι
145 413 173 435 et
187 409 313 444 injuriam
331 415 424 444 putent
440 410 490 444 legi
511 410 581 443 ﬁeri,
601 411 624 437 si
639 411 786 437 secundum

8 454 119 481 itteram
144 454 235 488 sperni
263 454 388 482 videatur
413 464 421 483 :
447 460 616 483 revertamur
641 456 674 482 ad
701 457 787 491 ipsum

5 497 125 533 lloysett,
138 503 166 525 et
183 498 323 526 videamus
338 500 394 534 ipse
410 507 492 534 quam
508 501 597 534 magni
619 501 715 528 fecerit
731 501 787 537 (69)

9 546 119 571 itteram
139 544 227 579 legis;
244 545 289 579 qui
305 553 366 572 cum
380 547 532 581 accepisset
550 547 656 574 tabulas
668 547 788 581 lapideas

11 592 145 625 uscriptas
162 591 248 626 digito
265 592 323 624 Dei,
336 597 439 619 tantum
454 593 566 620 honoris
584 593 678 620 detulit
691 594 789 621 litterae

9 638 63 673 μείς
80 658 87 670 ,
104 642 136 665 ιιι
152 638 301 673 projiceret
323 639 355 665 de
381 639 506 667 manibus
531 640 588 667 suis
617 641 734 674 tabulas,
762 646 790 669 et

9 684 198 711 'omminueret
214 684 324 718 quidem
343 685 427 718 digito
442 685 488 712 Dei
504 686 619 720 scriptas
630 686 663 720 πθ,
679 693 729 714 nec
746 691 788 714 ta-

9 737 57 756 ueu
73 737 124 763 pro
151 730 204 757 hoc
231 730 378 764 impietatis
403 731 482 766 culpa
507 736 615 759 notatus
643 733 689 761 sit.
708 733 789 760 Vides

5 782 62 809 :rgu
83 776 148 809 quia
178 784 231 802 non
246 777 319 803 solus
335 776 435 804 Paulus
448 778 552 812 spernit
575 778 693 805 litteram
711 778 788 812 legis,

5 821 43 846 seti
62 821 149 847 multo
171 826 235 847 ante
253 830 314 848 eum
338 822 444 858 Moyses
460 827 489 850 et
509 824 621 858 sprevit,
640 829 665 852 et
679 824 787 858 abiecit.

5 871 22 891 ct
39 867 166 893 contrivit
185 867 289 894 litteras
305 868 385 903 legis,
412 868 463 896 hoc
479 869 539 896 sine
551 869 633 896 dubio
649 869 705 903 jam
724 874 787 897 tttnc

5 912 151 946 lesiguaus,
173 913 244 947 quod
262 914 358 947 honor,
377 919 404 942 et
419 915 504 942 virtus
520 915 589 950 legis
606 923 659 943 non
674 922 744 943 esset
759 916 785 943 in

5 958 105 990 litteris,
120 959 168 985 sed
186 959 212 985 in
228 960 335 994 spiritu.
350 960 404 988 Sed
417 966 443 988 et
460 962 588 988 Dominus
606 962 631 988 itt
659 961 784 997 Evange-

5 1005 33 1030 lio
46 1012 106 1031 cum
121 1006 190 1033 dicit
202 1006 236 1038 ⁸ο,
254 1006 286 1032 ad
300 1005 407 1034 Iudaeos
423 1007 555 1042 loquens:
578 1017 587 1034 I
605 1008 754 1035 Attl‘erctur
771 1017 786 1036 a

5 1052 72 1078 vobis
100 1059 215 1087 regnum
242 1052 286 1079 Dei
300 1074 308 1086 ,
335 1058 361 1081 et
379 1054 489 1081 dabitur
510 1056 581 1089 genti
598 1055 707 1083 facienti
729 1056 786 1083 l’ru-

5 1102 68 1122 clum
94 1095 152 1130 ejus
179 1106 185 1122 :
215 1106 224 1123 ι
254 1102 317 1132 puto
341 1098 412 1133 quod
441 1107 549 1127 sensum
578 1100 644 1135 legis
671 1108 783 1135 regnum

5 1141 44 1169 Dei
63 1142 116 1178 (70)
133 1143 247 1176 dixerit,
266 1145 310 1178 qtti
330 1145 437 1173 ablatus
454 1151 495 1173 est
516 1154 529 1172 a
545 1145 654 1179 Judaais,
672 1155 784 1175 manen-

5 1189 68 1216 tibus
85 1191 153 1225 apud
170 1190 229 1217 illos
244 1190 309 1217 solis
322 1190 419 1219 litteris
435 1192 514 1226 legis,
532 1198 559 1220 et
575 1195 654 1220 datus
667 1199 706 1221 est
718 1202 787 1229 gett-

5 1236 68 1262 tibus
82 1243 141 1271 qua:
156 1237 263 1270 possint
276 1246 322 1272 per
333 1239 410 1265 ﬁderit
427 1239 543 1266 fructum
559 1240 671 1275 Spiritus
684 1241 784 1270 facere.

5 1281 63 1312 Quae
79 1288 138 1308 cum
156 1282 192 1308 ita
209 1282 271 1314 sint,
285 1291 332 1309 cur
347 1288 400 1310 tam
418 1285 506 1319 ignavi
521 1291 547 1312 et
561 1287 667 1314 desides
682 1295 784 1320 sumus,

5 1331 29 1351 ut
46 1334 96 1353 non
110 1328 220 1355 tandem
235 1328 337 1361 objecta
354 1330 427 1357 omni
450 1331 563 1364 malitia,
581 1340 641 1359 cum
655 1333 786 1368 simplici-

5 1376 54 1398 tate
74 1378 99 1399 et
118 1374 240 1407 puritate
257 1375 347 1401 cordis
365 1375 397 1402 ad
424 1377 600 1411 suscipienda
617 1377 663 1406 Dei
678 1379 785 1414 eloquia

5 1424 185 1452 properemus,
203 1424 231 1446 et
243 1420 275 1447 ad
290 1421 450 1456 capiendum
475 1424 507 1450 de
523 1425 562 1450 eis
585 1432 693 1452 sensum
709 1426 787 1452 Citri-

5 1464 44 1496 sti,
56 1465 150 1499 quippe
167 1473 229 1492 cum
246 1467 389 1495 audiamus
407 1468 433 1495 in
453 1469 499 1496 his
515 1476 575 1497 esse
590 1478 700 1505 regnum
714 1472 758 1498 Dei
774 1472 786 1499 ‘l

5 1510 76 1538 Cvrte
95 1513 284 1548 unusquisque
301 1521 349 1548 pro
364 1515 467 1542 viribus
492 1517 583 1550 capiat
607 1517 715 1552 eloquia
735 1517 782 1546 Dei
797 1523 817 1551 C

5 1564 57 1588 qtae
72 1563 170 1592 potest,
187 1565 214 1586 et
240 1560 262 1586 si
289 1559 402 1588 idoneus
425 1566 467 1588 est
483 1563 515 1588 ad
532 1561 647 1589 solidum
670 1563 759 1591 cibum
776 1586 783 1598 ,

6 1602 44 1628 illa
71 1605 203 1639 suscipiat
221 1605 327 1640 eloquia
346 1607 391 1633 Dei
417 1606 473 1642 (71)
498 1615 557 1642 qum
572 1612 635 1635 sunt
650 1609 783 1644 sapientia

5 1656 77 1681 quam
103 1650 249 1684 Apostolus
273 1651 394 1686 loquitur
409 1653 482 1679 inter
510 1653 645 1688 perfectos
670 1655 704 1682 ⁶¹.
733 1656 784 1689 Qtti

5 1703 62 1722 vt-ro
76 1696 106 1723 ad
122 1697 191 1724 hanc
209 1697 322 1724 idoneus
337 1698 453 1725 nondum
470 1704 520 1730 est,
537 1700 783 1736 suscipiateloquia

6 1740 46 1768 Dei
65 1743 90 1769 in
106 1744 205 1777 quibus
219 1750 348 1779 agnoscat
369 1745 436 1772 nihil
466 1746 582 1780 amplius
605 1755 686 1781 quam
702 1749 784 1776 Chri-

6 1792 70 1813 rtum
97 1788 188 1816 Jesnm
202 1811 209 1822 ,
228 1794 254 1816 et
279 1791 349 1817 luntc
375 1790 537 1818 cruxilixum
551 1792 584 1818 °’.
600 1792 649 1825 Qui
667 1800 716 1819 nec.
734 1793 784 1820 hoc

6 1836 93 1866 potest,
113 1834 138 1861 in
157 1842 189 1861 eo
209 1836 338 1869 suscipiat
352 1836 458 1871 eloqttia
475 1836 532 1869 Dei,
553 1842 582 1864 ut
598 1837 669 1865 lacte
683 1843 783 1872 utatur,

5 1883 28 1904 et
48 1887 96 1906 non
121 1881 183 1908 cibo
210 1881 272 1909 forti
289 1883 321 1909 “.
340 1884 367 1910 Si
385 1891 447 1911 vero
463 1885 551 1913 adhuc
577 1886 731 1913 inﬁrmatur
755 1887 782 1914 in

7 1923 61 1955 lltle,
75 1925 180 1960 eloquia
200 1927 246 1954 Dci
264 1928 289 1954 in
307 1929 426 1956 oleribus
449 1930 582 1957 sumat“.
608 1931 723 1958 Tantum
743 1937 785 1960 est

7 1975 31 1996 ut
54 1978 144 2000 omnes
169 1975 353 2002 communiter
377 1976 534 2003 noverimus
551 1986 560 2002 ι
587 1977 692 2012 eloquia
708 1977 755 2005 Dei
770 1987 780 2004 ι

6 2022 57 2042 esse
69 2026 78 2043 ι
94 2018 200 2052 eloquia
216 2026 302 2052 casta,
323 2029 332 2046 ι
348 2025 375 2047 et
390 2030 399 2046 ι
417 2027 555 2056 argentum
569 2023 629 2058 igne
642 2023 783 2050 examina-

7 2065 66 2094 tum,
79 2066 218 2097 probatnttt
235 2066 290 2102 (72)
305 2071 392 2099 terrm,
407 2073 551 2101 purgatum
564 2069 718 2103 septuplum
730 2070 780 2096 δἐι

7 2107 27 2132 Μ
42 2113 89 2141 est,
106 2115 132 2136 ut
151 2111 177 2137 in
191 2112 328 2145 castitate,
354 2116 380 2140 et
404 2115 552 2142 sanctitate
574 2116 666 2143 cordis
680 2121 706 2142 et
723 2123 783 2143 ror-

7 2154 72 2186 poris
93 2156 182 2183 divina
199 2164 340 2185 servemus
363 2158 482 2193 eloquia.
508 2160 617 2187 Credita
640 2166 703 2188 sunt
718 2169 782 2196 ergo

839 225 952 252 stultitia
961 229 1001 252 est
1014 225 1084 251 enim
1095 224 1132 250 illi
1142 224 1175 250 ‘7.
1184 233 1193 249 ι
1205 223 1257 250 Sed
1274 223 1369 249 horum
1381 223 1558 250 incredulitas
1573 231 1625 250 non

838 271 921 306 5,99
930 277 1041 297 evacuat
1052 270 1131 298 ﬁdent
1145 270 1190 297 Dei
1200 270 1233 297 ⁵⁸,
1244 269 1337 296 Fidem
1349 269 1395 296 Dei
1406 269 1445 296 vel
1457 276 1515 296 eam
1527 269 1628 297 intelli-

838 319 938 352 gimus.
951 325 1030 351 quam
1041 317 1119 343 ﬁdem
1134 315 1214 342 habet
1229 313 1299 341 Deus
1315 314 1357 341 his
1367 315 1464 348 quibus
1474 314 1561 341 credit
1573 314 1628 341 elo-

839 363 901 397 quia
919 371 978 396 sua,
994 362 1035 390 vel
1056 369 1115 389 eam
1130 360 1209 387 ﬁdem
1225 367 1279 394 qua
1295 360 1409 387 credunt
1426 359 1482 387 Deo
1502 360 1519 386 ii
1533 360 1578 394 qui
1594 361 1628 386 ab

839 416 872 436 eo
894 408 1002 443 eloquia
1026 408 1116 434 divina
1146 408 1309 442 Suscipiunt.
1330 406 1542 433 Commouetuur
1561 413 1629 439 ergo

841 459 870 481 ut
886 454 1030 482 inﬁdelitas
1045 453 1102 490 (75)
1124 461 1217 480 eorum
1241 453 1286 488 qui
1304 452 1345 480 vel
1367 460 1420 479 non
1440 451 1573 479 accedunt
1595 451 1629 478 ad

841 501 932 533 ﬁdem,
958 501 999 528 vel
1027 501 1154 528 decidunt
1178 508 1210 528 ex
1231 508 1273 532 ea,
1295 499 1317 526 si
1342 498 1411 526 forte
1434 498 1564 526 irrideant
1578 505 1630 525 nos

840 554 923 580 opera
942 547 1003 573 ﬁdei
1022 551 1149 581 agentes,
1174 546 1213 572 vel
1234 553 1294 572 curn
1314 545 1479 578 jejunamus,
1506 545 1545 571 vel
1568 552 1630 571 cum

842 593 1047 620 misericordias
1065 592 1190 625 facimus,
1207 592 1249 619 vel
1262 599 1322 619 cum
1339 591 1440 619 studiis
1457 591 1524 625 (74),
1540 595 1565 617 ct
1578 589 1630 625 legi

842 639 888 666 Dei
905 647 1015 674 operam
1037 639 1143 672 damus,
1173 639 1214 666 vel
1236 639 1318 666 etiam
1343 645 1403 665 cum
1427 645 1476 671 pro
1498 638 1631 672 martyrio

840 684 941 711 Christi
956 688 1091 711 tormenta
1108 683 1282 717 suﬁ'erimus,
1302 683 1507 710 meminerimus
1524 689 1631 716 semper

841 729 905 763 quia
923 729 1067 756 inﬁdelitas
1086 737 1180 758 eorum
1199 729 1278 756 ﬁdem
1300 729 1346 756 Dei
1366 735 1426 763 quae
1447 729 1473 755 in
1494 728 1572 755 nobis
1589 733 1631 755 est

841 783 894 802 non
906 780 1031 802 evacuat.
1052 775 1116 802 Post
1137 776 1196 802 haec
1210 775 1281 810 quod
1305 775 1438 810 sequitur.
1459 774 1549 800 minus
1569 774 1632 808 qui-

841 822 900 848 dem
927 822 1076 856 composite
1102 822 1208 849 videtur
1235 821 1411 855 adjunctum;
1441 820 1505 847 dicit
1533 820 1630 847 enim:

804 855 825 882 Β
842 878 851 894 ι
870 867 930 894 Fiat
944 872 1034 895 autern
1053 867 1122 895 Deus
1140 875 1232 900 verax,
1251 867 1340 895 omnis
1355 869 1444 893 autem
1459 866 1539 892 homo
1555 873 1631 892 men-

838 914 901 943 dax,
918 913 988 940 sicut
1007 913 1136 947 scriptum
1151 917 1195 940 est
1214 921 1220 939 :
1237 911 1272 939 Ut
1288 911 1445 945 justiﬁceris
1458 913 1484 938 in
1500 911 1632 938 seruient-

839 960 889 986 bus
908 960 976 993 tuis,
996 965 1022 986 ct
1037 960 1130 987 vincas
1150 968 1210 987 cum
1234 959 1366 993 judicaris
1382 958 1414 984 ⁵⁸³.
1431 967 1440 983 ι
1453 957 1554 984 Tamen
1585 956 1630 983 tali

837 1005 955 1040 quatiant
970 1005 1190 1032 circttmﬁexione
1203 1004 1392 1039 superioribus
1408 1004 1433 1030 id
1457 1008 1550 1038 aptare
1572 1007 1631 1029 len-

840 1052 967 1078 tabimus.
983 1051 1067 1082 Licetl
1085 1051 1183 1085 inquit,
1202 1058 1255 1078 non
1275 1051 1441 1078 crediderint
1456 1050 1565 1083 quidatu
1580 1048 1630 1076 Ju—

838 1098 969 1129 dteorum.
989 1097 1022 1124 de
1038 1097 1198 1124 inﬁdelitate
1212 1101 1302 1123 tamen
1313 1103 1407 1123 eorum
1422 1096 1564 1122 dicendum
1577 1099 1628 1126 est.

839 1146 910 1181 quod
941 1146 1011 1173 Deus
1032 1145 1140 1179 quidem
1161 1145 1235 1172 solus
1254 1145 1290 1172 sit
1315 1152 1409 1176 verax,
1432 1144 1522 1170 omnis
1537 1148 1628 1170 autem

839 1193 921 1220 homo
932 1192 967 1218 sit
984 1192 1098 1218 mendax
1114 1199 1120 1218 :
1134 1190 1196 1224 quia
1212 1191 1293 1217 etiam
1306 1190 1328 1216 si
1338 1190 1399 1224 quis
1409 1189 1499 1222 justus
1511 1193 1550 1215 est
1561 1188 1628 1223 (75),

839 1246 952 1266 necesse
963 1242 1005 1265 est
1021 1242 1110 1264 tamen
1128 1241 1157 1263 ut
1172 1236 1198 1263 in
1220 1236 1312 1271 aliquo
1333 1243 1348 1262 ιι
1366 1235 1481 1262 veritate
1508 1235 1628 1265 decidat,

839 1292 919 1319 quam
934 1284 960 1311 in
972 1284 1099 1312 omnibus
1118 1290 1229 1311 servare
1245 1283 1370 1309 humana:
1385 1287 1487 1309 naturae
1499 1282 1628 1316 peucim-

839 1331 966 1367 possibile
988 1335 1041 1358 est.
1062 1331 1130 1364 Quia
1151 1337 1217 1365 ergo
1231 1329 1320 1357 omnis
1337 1329 1417 1356 homo
1439 1329 1553 1355 mendax
1574 1332 1627 1360 est,

838 1383 979 1413 propterea
991 1377 1148 1405 Judatorum
1163 1377 1272 1412 quidam
1287 1382 1317 1404 ut
1339 1376 1462 1404 homines
1484 1375 1629 1402 mendaces

839 1431 890 1451 non
918 1424 1100 1451 crediderunt.
1118 1423 1186 1449 Nam
1206 1422 1270 1457 quia
1291 1422 1380 1449 omnis
1404 1421 1485 1449 homo
1513 1419 1629 1447 mendax

838 1475 889 1503 est,
904 1471 1058 1498 necessario
1072 1471 1100 1498 in
1115 1471 1159 1498 die
1175 1471 1231 1501 illa,
1249 1477 1309 1496 cum
1324 1469 1356 1495 ad
1373 1468 1506 1503 judiciqu
1522 1467 1629 1493 venerit

839 1515 967 1542 Dominus
982 1523 1043 1543 cutn
1062 1515 1226 1545 hominibus.
1240 1513 1313 1541 solus
1327 1513 1386 1548 ipse
1397 1511 1628 1547 jus1iﬁeabiturin

839 1562 928 1588 verbis
951 1561 1020 1590 suis.
1038 1561 1124 1595 Ipsius
1150 1561 1222 1588 enim
1247 1560 1329 1587 verba
1355 1559 1381 1586 in
1399 1558 1524 1585 outnibus
1548 1565 1628 1589 vera,

838 1608 902 1642 quia
915 1608 995 1634 verba
1011 1612 1074 1634 sunt
1093 1607 1229 1633 veritatis.
1248 1606 1326 1639 Quod
1339 1609 1428 1632 autem
1446 1604 1575 1631 Dominus
1594 1605 1628 1630 ad

835 1653 966 1687 judicium
995 1653 1086 1680 veniat
1109 1660 1169 1679 cum
1195 1653 1366 1685 hominibus,
1387 1651 1516 1686 propheta
1541 1650 1627 1677 dicit:

840 1710 849 1726 ι
863 1700 966 1733 Venite,
979 1699 1274 1734 etdijudicemur,dieit
1284 1698 1413 1725 Dominus
1425 1697 1480 1729 ⁷⁰;ι
1492 1701 1534 1723 et:
1550 1706 1558 1722 ι
1571 1696 1630 1730 Ipse

837 1747 967 1774 Dominus
982 1746 1015 1772 ad
1035 1745 1167 1780 judicium
1195 1745 1284 1771 veniet
1311 1751 1372 1770 cum
1401 1743 1553 1770 senioribus
1580 1749 1629 1776 po—

836 1793 890 1827 puli
900 1793 933 1825 ";
948 1801 958 1818 ι
969 1794 1099 1820 etiterum
1115 1801 1121 1818 :
1135 1801 1143 1817 t
1155 1790 1289 1818 Memento
1301 1794 1337 1820 tu,
1347 1789 1545 1823 eljudicemur,
1562 1789 1630 1816 dicit

838 1839 967 1868 Dominus
981 1839 1013 1866 τ’.
1031 1848 1041 1865 ι
1062 1838 1123 1865 Haec
1144 1842 1234 1864 autem
1252 1836 1401 1863 introduxit
1414 1835 1559 1870 Apostolus
1576 1835 1626 1861 ob~

836 1893 948 1914 servans
966 1884 1037 1912 illam
1061 1883 1240 1918 objectionem
1263 1889 1345 1918 quam
1362 1882 1412 1909 sibi
1433 1882 1458 1909 iu
1485 1883 1538 1908 alio
1565 1880 1624 1908 loco

835 1932 971 1967 proponit,
991 1930 1035 1958 ubi
1058 1930 1114 1966 ('76)
1131 1930 1197 1957 dicit
1214 1937 1221 1956 :
1241 1938 1249 1955 ι
1274 1929 1303 1956 Si
1318 1934 1406 1956 autem
1424 1928 1554 1963 iniustitia
1575 1935 1624 1954 no-

836 1982 891 2006 stra
909 1977 1043 2012 justitiam
1071 1975 1117 2003 Dei
1139 1974 1311 2002 commendat
1335 1974 1368 2001 ⁷³.
1389 1983 1397 2000 ι
1416 1973 1454 2001 De
1476 1980 1545 2008 qua,
1562 1981 1624 2000 cum

835 2024 868 2051 ad
897 2024 985 2049 locum
1006 2022 1065 2057 ejus
1092 2026 1202 2048 ventqu
1221 2019 1313 2052 fuerit,
1343 2020 1522 2054 requiremus.
1548 2018 1625 2046 Nunc

834 2077 900 2104 ergo
914 2069 1054 2096 videamus
1068 2067 1133 2102 qttid
1155 2071 1197 2094 est
1218 2066 1288 2100 quod
1310 2066 1377 2092 dicit
1393 2073 1400 2091 :
1419 2074 1429 2091 ι
1455 2064 1515 2091 Fiat
1534 2070 1625 2091 autem

835 2116 906 2143 Dens
931 2121 1023 2145 verax,
1046 2105 1134 2140 omnis
1157 2117 1246 2139 autem
1267 2111 1348 2138 homo
1377 2111 1492 2138 mendax
1510 2111 1542 2137 ⁷³.
1558 2120 1567 2137 ι
1587 2109 1627 2137 Ita

835 2162 906 2188 enim
930 2162 955 2187 in
970 2159 1072 2187 Graecis
1087 2159 1288 2192 exemplaribus
1304 2158 1429 2185 habetur.
1452 2157 1518 2184 Nam
1535 2157 1626 2185 Latini

7 2199 90 2230 Primis
105 2201 155 2229 illis
173 2203 205 2230 de
214 2203 312 2237 quibus
324 2212 403 2238 supra
433 2206 550 2233 diximus
584 2207 689 2242 eloquia
715 2208 782 2242 Dei;
801 2205 822 2234 ι)
837 2206 869 2233 sit
890 2214 941 2241 pro
964 2206 1011 2239 [int
1037 2206 1138 2239 legunt.
1154 2204 1244 2230 Primo
1264 2211 1329 2238 ergo
1346 2204 1396 2230 hoc
1410 2203 1549 2231 scicndutu
1571 2209 1624 2236 est,

6 2247 47 2272 sel
61 2249 179 2282 quidam,
197 2255 226 2276 ut
247 2251 312 2277 dicit
327 2251 359 2283 κ,
377 2259 429 2278 ηοιι
448 2253 622 2280 crediderunt
643 2256 700 2282 sive
715 2255 778 2287 Deo,

6 2292 57 2319 sive
71 2294 182 2330 eloquiis
201 2297 259 2323 Dt'i.
279 2297 359 2324 Vides
376 2299 439 2332 quia
457 2299 502 2332 qui
520 2307 572 2326 nott
591 2301 716 2332 credunt.
729 2301 779 2336 ipsi

7 2343 62 2365 sunt
86 2343 236 2369 secundum
264 2351 386 2376 carnem,
409 2345 442 2371 de
461 2345 558 2380 quibus
572 2351 599 2373 et
614 2347 677 2374 alibi
694 2348 778 2376 dicit:

36 2427 56 2444 ⁸⁸
72 2430 90 2456 ll
108 2429 168 2457 Cor.
191 2440 218 2457 ιιι
232 2452 238 2461 ,
258 2431 284 2460 6.

36 2432 56 2444 ⁸⁵
72 2432 90 2456 ll
108 2432 168 2457 Cor.
191 2440 218 2457 nt
232 2452 238 2461 .
258 2432 284 2460 6.
333 2432 357 2448 ⁸⁸
371 2432 454 2459 Exod.
474 2441 549 2463 xxxt.
567 2435 616 2468 l8;
643 2444 728 2466 xxxtl.
749 2440 793 2467 i9.

7 2461 139 2498 ξηρὴν-ν,
154 2467 197 2493 Η.
236 2467 258 2483 οδ
274 2467 350 2493 Rotu.
364 2476 418 2498 xtv.
435 2469 461 2495 2.
495 2469 517 2485 ⁸⁸
533 2470 602 2498 Psal.
623 2479 660 2498 xi.
682 2467 725 2498 7..
747 2475 768 2491 ⁸⁸
787 2475 793 2498 |

236 2467 258 2483 οδ
274 2467 350 2493 Rotu.
364 2476 418 2498 xtv.
435 2469 461 2495 2.
495 2469 517 2485 “
533 2467 660 2502 Psal.'xt.
682 2474 708 2500 7.

16 2611 20 2615 ε
38 2577 88 2614 (68)
102 2579 183 2613 Editi,
203 2591 213 2607 ‹
230 2582 314 2610 solam
339 2584 408 2618 apud
423 2591 469 2611 eos
484 2593 544 2620 qua:
566 2587 666 2614 οειτὶᾱίι
684 2589 775 2616 haberi

7 2609 111 2635 litteram
142 2625 151 2635 ι
166 2622 207 2635 ριι-

17 2616 122 2646 ιιιεηιιη,
142 2625 151 2642 ι
166 2622 219 2646 εις.

9 2647 198 2713 Ιιὴξθῗᾎιιὲιιίιί,
228 2663 236 2679 ι
262 2658 289 2680 et
313 2653 454 2682 videamus
482 2663 562 2690 quam
585 2659 776 2692 tmtguilicavc-

38 2706 217 2757 (Ζβίῇέθηιιηῑ
236 2724 292 2751 Dei.
307 2725 334 2751 ln
348 2724 429 2752 editis
444 2726 591 2754 omittitttr.

38 2752 87 2797 ini
171 2765 253 2797 potest
263 2760 332 2797 ,elsj
345 2760 454 2797 idoneus
463 2752 669 2790 estindrso'lidttm
679 2764 775 2797 cibum,

7 2784 181 2850 astixet‘piatr
191 2784 369 2830 ὲιόἧιίιιῖῠέιζ

7 2472 139 2523 ;t\teur.v,
154 2472 197 2493 1‘2.
236 2472 258 2483 νυ
274 2472 350 2509 Imm.
364 2476 418 2498 xtv.
435 2472 461 2495 2.
495 2472 517 2485 "
533 2472 602 2498 Psal.
623 2479 660 2502 xi.
682 2474 708 2500 7.
747 2475 768 2491 ⁸⁸

37 2499 112 2525 .itch.
129 2509 165 2525 VI.
179 2503 204 2525 ﬁ.
244 2503 265 2518 ⁷¹
286 2504 346 2525 lsnt.
364 2511 403 2525 Ill,
420 2504 460 2525 ιι,
500 2505 522 2520 ⁷³
540 2505 589 2525 leni
622 2515 687 2525 un.
716 2509 751 2525 cm

877 2480 916 2505 Ill,
933 2472 959 2499 5.
999 2472 1020 2487 ⁶⁷
1037 2472 1120 2498 lCor.

866 2516 904 2525 mn
932 2514 960 2525 ιιι
990 2506 1005 2525 Κ
1054 2505 1127 2525 ΊῖίΙιί

37 2501 112 2527 .ilich.
129 2509 166 2534 vr,
179 2503 205 2529 Ξ.
244 2503 265 2518 ⁷¹
285 2503 346 2530 lsai.
363 2511 404 2535 Ill,
420 2504 461 2530 14.
500 2505 522 2520 ⁷³
539 2505 602 2533 lsai.
621 2501 700 2542 xntn,
716 2509 761 2536 Q6.

866 2501 916 2535 om:
932 2514 972 2537 Ill,
989 2506 1016 2533 5.
1054 2505 1077 2523 ⁷θ
1093 2505 1158 2532 ibid.
1174 2504 1201 2531 4.

835 2254 897 2288 qttia
915 2253 986 2288 quod
1005 2252 1083 2285 dixit,
1108 2251 1166 2285 ﬁni,
1192 2259 1243 2277 non
1263 2251 1422 2285 imperativo
1447 2253 1526 2277 modo
1547 2250 1623 2277 dicit.

835 2299 953 2327 Stultum
970 2303 1012 2326 est
1029 2297 1101 2324 cnim
1116 2297 1137 2324 si
1157 2301 1265 2331 putetur
1282 2297 1467 2331 itnperamluut
1489 2303 1549 2323 esse
1571 2296 1624 2323 Deo

835 2351 863 2374 ut
878 2353 959 2373 verax
981 2346 1038 2372 liat.
1055 2344 1107 2371 Sed
1125 2348 1152 2370 ut
1167 2343 1283 2371 dicimus
1299 2352 1306 2370 :
1326 2352 1334 2367 ι
1352 2342 1413 2369 Fiat
1428 2342 1549 2369 voluntas
1567 2348 1622 2373 tua,

1469 2433 1491 2448 ⁵³
1505 2434 1569 2459 ibid.
1593 2435 1621 2461 2.

1519 2470 1541 2485 ⁸9
1556 2469 1622 2496 ίῖὶίιί.

844 2439 865 2454 ⁸⁸
881 2437 975 2464 Matth.
1001 2443 1044 2462 χχι
1058 2456 1065 2467 ,
1085 2434 1131 2461 45.
1180 2434 1199 2450 ⁶¹
1217 2433 1223 2459 Ι
1241 2433 1304 2460 Cor.
1332 2441 1365 2464 I',
1389 2434 1416 2459 6.

844 2482 864 2497 ι,
877 2480 916 2497 ιιι.
933 2472 959 2497 5.
999 2471 1020 2487 ⁶⁷
1037 2470 1120 2497 lCor.
1137 2477 1164 2497 ιι.
1183 2469 1226 2496 li.
1265 2468 1286 2484 ⁸⁸
1305 2468 1383 2495 Rern.
1399 2476 1436 2497 ut.
1453 2469 1470 2495 5

1099 2479 1120 2498 I'.
1137 2478 1164 2502 ll,
1183 2478 1226 2496 14>.
1265 2478 1286 2484 "
1305 2478 1383 2495 ΙὶυΙΙΙ.
1399 2478 1436 2502 Ill,
1453 2478 1480 2495 ο.

869 2586 925 2619 (79)
943 2585 1088 2612 Probalum
1105 2585 1240 2612 omittitur
1255 2584 1281 2610 in
1296 2584 1389 2612 editis.

868 2622 924 2657 (75)
947 2621 1026 2657 Etliti,
1044 2630 1052 2645 (
1073 2620 1257 2657 incredulitas.
1276 2630 1284 2657 ι

867 2655 923 2692 (τι)
939 2655 1150 2692 Geuebrardus,_
1164 2665 1172 2680 ι
1191 2655 1332 2692 custodiis.
1356 2665 1364 2682 ι
1383 2656 1464 2683 male.

866 2690 921 2726 ('75)
940 2691 1020 2722 Editi,
1035 2700 1043 2715 t
1062 2690 1198 2724 quietiam
1208 2691 1230 2717 si
1242 2691 1305 2724 qttid
1317 2692 1419 2725 justum
1434 2695 1484 2717 est.
1503 2699 1511 2715 ι
1528 2690 1619 2717 Codex

830 2726 1013 2759 Ebroicensis,
1033 2735 1042 2751 ι
1065 2726 1110 2759 qui
1132 2726 1213 2751 etiam
1235 2728 1256 2752 si
1274 2727 1337 2759 quid
1362 2726 1433 2760 quod
1449 2726 1551 2759 justqu
1576 2731 1619 2751 est

830 2763 895 2797 agit.
922 2771 931 2787 ι
949 2761 1002 2797 Sed
1025 2761 1121 2797 melior
1136 2761 1341 2797 videt_ur_lcctio
1360 2767 1519 2788 cauerat-um
1544 2761 1619 2787 codi-

831 2794 903 2827 cum.
928 2805 937 2822 ι
960 2796 1021 2830 quia
1036 2796 1119 2822 etiam
1131 2795 1152 2822 si
1169 2795 1229 2830 quis
1242 2794 1331 2830 justus
1343 2800 1393 2822 est.
1413 2805 1423 2820 ι

866 2831 923 2868 (⁵16)
941 2831 996 2864 AL,
1016 2840 1025 2858 ι
1042 2831 1151 2858 ibidem.
1172 2840 1181 2857 ι
