1833 3049
232 116 286 143 919

233 176 304 203 sicut
321 175 347 202 in
361 175 439 208 malo,
454 175 518 202 etin
536 178 607 202 terra
625 175 669 206 ";
690 185 699 201 ι
722 175 773 207 vel,
793 181 822 202 ut
845 176 941 202 iterum
957 175 1023 202 dici-

233 230 294 248 mns
310 231 316 248 :
331 231 340 247 ι
355 221 412 248 Fiat
423 229 475 255 pax
490 222 514 247 in
531 221 629 248 virtute
642 226 686 248 tua
697 221 731 253 τε,
750 231 759 246 ι
776 229 827 248 non
843 221 1018 255 imperantes,

232 269 279 294 sed
297 271 431 300 optantes,
448 267 501 293 imo
521 267 609 301 potius
632 268 848 302 pronuntiantes,
870 273 939 300 etc.,
956 267 1018 302 quia

232 320 284 338 non
301 316 388 346 potest
408 319 459 345 pax
484 311 542 339 fieri
558 312 608 338 nisi
634 312 659 338 in
675 311 773 338 virtute
791 312 836 339 Dei
854 321 861 339 :
879 313 913 338 ita
932 317 958 339 et
976 313 1020 338 hic

231 357 302 384 velut
324 357 524 391 pronuntiantis
543 365 632 384 sermo
648 358 823 393 accipiendus
849 363 888 384 est
905 367 912 385 :
930 366 938 382 ι
959 357 1018 384 Fiat

229 408 319 430 autent
338 403 394 438 (77)
416 404 485 431 Deus
507 411 599 437 verax,
622 404 712 431 munis
731 409 822 431 autern
837 404 920 430 homo
940 411 1018 430 men-

229 449 293 474 dax.
311 457 321 474 ι
347 448 400 474 Sed
423 452 450 475 et
474 450 524 476 hoc
540 449 680 476 sciendum
694 453 747 480 est,
766 450 837 483 quod
853 456 942 476 sermo
956 449 1017 482 iste,

229 494 256 520 id
270 500 321 525 est,
340 503 349 520 ι
363 494 456 522 Omnis
472 496 553 523 ltomo
570 496 702 528 mendax,
727 505 736 521 ι
756 495 788 522 de
806 495 910 529 psalmo
925 499 1018 522 cente-

228 539 298 565 simo
309 539 413 566 deciuto
421 540 545 575 quinto"
558 545 712 575 assumptus
726 546 778 574 est,
793 541 927 568 ubidicit:
941 550 949 565 ι
963 541 1019 575 Ego

228 585 283 611 dixi
305 585 332 611 itt
355 593 469 613 excessu
489 594 570 614 meo:
585 586 681 614 Omnis
698 587 778 614 ltomo
798 587 924 614 mettdax.
944 597 953 613 ι
970 587 1019 614 llic

227 638 292 657 vero
313 631 346 658 ad
366 632 518 660 evidentius
540 632 747 661 illuminandum
762 633 885 668 Apostoli
907 641 1017 660 sensum

228 684 280 703 non
306 678 430 704 videatur
451 678 507 714 (78)
532 679 684 714 legentibus
709 687 855 707 onerosam
880 679 902 706 si
921 679 1016 714 psalmi

227 722 312 755 ipsius
340 724 553 758 continentiam,
584 725 654 752 unde
679 726 794 752 assumit
820 725 1016 757 testimonium,

233 769 353 795 breviter
364 776 540 804 exponamus.
556 769 669 797 Videtur
677 778 741 805 ergo
754 771 819 798 mihi
833 771 912 798 talem
924 779 1018 805 quenti-

228 815 289 840 dam
316 814 450 849 Propheta
474 816 599 843 nuntiare
617 823 736 843 sensum.
758 817 823 844 Cum
848 817 930 844 multa
952 817 1017 850 sint,

229 860 328 894 inquit,
342 860 411 895 :tpttd
426 862 549 889 homines
577 863 713 897 dogmata,
730 867 759 889 et
772 863 847 889 multi
869 862 902 890 de
919 863 1019 889 verita-

229 906 264 932 tis
285 906 460 940 inquisitione
479 908 715 942 philosophentur,
725 917 841 944 cumque
855 914 979 943 oporteat
991 909 1018 935 in

230 951 272 978 Itis
289 953 418 980 omnibus
439 954 634 988 quaestionibus
649 955 802 989 praecedere
827 955 925 981 Filium
949 955 993 981 Dei
1011 964 1017 982 :

230 997 274 1023 alii
288 997 394 1031 quidem
410 1000 456 1033 qui
467 1007 519 1026 non
530 1000 605 1034 prius
620 1001 762 1028 credentes
775 1001 952 1035 quaesierunt,
965 1009 1017 1028 non

229 1044 391 1071 invenerunt
418 1054 425 1072 :
447 1052 497 1080 ego
530 1051 619 1073 autem
644 1047 708 1081 quia
735 1047 837 1074 credidi
873 1052 1018 1082 antequam

227 1097 393 1124 quzercrent,
414 1091 518 1119 idcirco
537 1092 608 1126 quod
629 1093 783 1127 quaerebam
806 1093 907 1125 inveni,
924 1098 949 1120 et
965 1101 1017 1120 non

227 1135 314 1162 solum
333 1136 436 1168 inveni,
453 1137 500 1164 sed
511 1142 537 1165 et
553 1137 659 1165 locutus
673 1146 743 1171 sum,
757 1143 784 1165 et
797 1139 954 1165 annuutiavi
970 1145 1019 1172 po-

227 1182 296 1216 pulis
307 1190 388 1217 quam
403 1183 561 1212 inveneram
573 1185 726 1212 veritatem.
740 1185 794 1212 Nec
805 1190 894 1211 tamen
909 1185 1016 1212 inventa

228 1228 341 1255 veritate
359 1229 446 1258 elatus
463 1238 523 1258 sum
544 1231 570 1257 in
587 1231 718 1265 sapientia
730 1251 737 1264 ,
755 1238 842 1265 neque
862 1230 970 1258 inﬂatus
991 1231 1016 1258 in

227 1273 342 1301 scientia
365 1283 441 1308 mea;
462 1277 508 1303 scd
532 1285 565 1304 eo
587 1277 672 1311 magis
690 1277 850 1305 humiliatus
864 1286 935 1312 sum,
955 1286 1016 1305 cunt

227 1320 324 1353 agnovi
343 1325 370 1347 et
384 1322 503 1349 intellexi
523 1323 665 1350 Dominum
681 1331 741 1350 esse
757 1324 804 1358 qtti
820 1324 898 1352 docet
908 1332 1016 1352 omnem

227 1366 370 1393 scientiam
393 1367 426 1395 ⁷⁸.
446 1369 545 1396 Deinde
563 1370 740 1397 considerans
760 1378 821 1404 qua:
846 1371 970 1399 homines
989 1376 1017 1399 et

228 1417 330 1444 quanta
346 1413 387 1440 vel
404 1414 475 1440 inter
489 1415 673 1450 philosophos.
692 1417 731 1444 vel
744 1417 815 1444 ittter
826 1422 939 1444 caeteros
954 1418 1017 1444 bar-

228 1457 310 1483 baros
333 1458 366 1484 de
381 1459 497 1486 veritate
514 1460 596 1487 locuti
622 1466 695 1494 sunt,
717 1467 746 1489 et
764 1462 827 1496 quia
850 1469 912 1489 cum
933 1463 1017 1490 ntulto

227 1501 323 1529 labore
348 1503 429 1530 ntulta
451 1505 585 1537 dicentes,
608 1507 674 1532 nihil
693 1507 865 1540 invenerunt,
882 1507 945 1542 quia
962 1515 1015 1535 non

229 1548 405 1576 crediderunt
418 1555 564 1584 antequam
577 1557 728 1586 qnmrercnt
746 1561 752 1580 :
770 1553 946 1581 considerans
959 1561 1018 1581 om-

230 1593 273 1619 nia
290 1602 384 1621 eorum
397 1596 438 1623 vel
453 1596 535 1630 dicta,
552 1597 593 1624 vel
607 1598 719 1632 scripta,
733 1603 760 1625 et
773 1599 798 1626 in
817 1607 929 1628 excessu
941 1608 1018 1627 men—

230 1639 264 1666 tis
286 1640 410 1673 cll‘ectus,
432 1642 457 1669 id
477 1647 528 1674 est,
547 1649 656 1678 stupore
677 1645 768 1672 cordis
785 1646 927 1677 attonitus,
947 1646 1019 1680 quod

230 1686 321 1712 omnia
341 1686 383 1713 illa
399 1688 620 1723 philosophorum
634 1690 782 1724 volumina,
803 1698 862 1725 qua:
877 1691 1018 1726 splendida

229 1736 257 1758 et
270 1732 428 1768 prmiulgida
449 1733 613 1762 videbantur
627 1736 750 1763 oratione
773 1737 939 1770 composita,
957 1743 1019 1770 pro-

230 1779 272 1805 cul
286 1786 299 1805 a
319 1779 436 1806 veritate
449 1780 643 1814 consisterent,
657 1781 682 1808 in
698 1789 810 1808 excessu
827 1782 892 1809 etin
909 1787 1019 1816 stupore

229 1824 328 1851 mentis
343 1824 454 1852 eil‘cctus
467 1825 521 1852 dixi
536 1835 543 1852 :
562 1835 570 1851 ι
585 1825 679 1854 Ontttis
691 1825 945 1855 homomendax’h
962 1825 1019 1861 Ego

228 1878 294 1898 vero
309 1871 350 1897 cui
367 1872 423 1898 lucc
438 1871 596 1899 ostenderat
609 1871 689 1905 Deus,
705 1872 827 1907 ingratus
838 1879 891 1899 non
906 1871 955 1903 fui,
971 1871 1018 1898 sed

228 1915 344 1949 cogitari
366 1921 393 1942 et
405 1917 516 1950 (praesivi
529 1917 600 1951 apud
616 1918 816 1952 memetipsum,
827 1917 892 1952 quid
907 1925 955 1952 pro
968 1917 1019 1944 hoc

228 1961 302 1994 quod
325 1962 390 1989 tnilti
419 1962 551 1990 Dominus
575 1964 700 1998 pra-stitit
724 1964 864 1991 scietttiant
882 1963 1017 1993 veritatis.

229 2007 343 2035 Dontino
356 2008 533 2041 rependerem
550 2009 670 2036 numeris
686 2018 691 2036 :
707 2009 826 2036 intellexi
843 2013 931 2035 tamen
947 2010 1019 2043 quod

229 2058 324 2080 natura
344 2054 389 2081 illa
401 2059 514 2086 aeterna,
526 2059 552 2081 et
567 2055 685 2082 ontniunt
699 2056 820 2090 domina,
836 2055 935 2083 nullius
950 2055 1019 2082 iudi-

227 2103 283 2132 get.
302 2097 389 2126 Uttum
408 2106 472 2134 ergo
487 2099 577 2127 inveni
590 2101 675 2127 solunt
693 2102 765 2135 quod
781 2109 823 2129 me
832 2101 929 2129 otTerre
942 2108 1019 2135 opor-

229 2149 299 2171 teret
314 2145 380 2177 Deo,
393 2145 420 2172 id
434 2151 476 2172 est
491 2150 520 2172 ut
535 2146 675 2173 crederem
696 2146 730 2173 de
745 2153 776 2173 eo
797 2146 867 2181 quod
881 2154 1019 2180 nunquam

228 2191 314 2224 possit
341 2191 376 2218 ab
403 2191 514 2218 homine
540 2191 640 2225 aliquid
673 2192 808 2226 accipere,
840 2192 887 2219 sed
913 2200 1021 2226 semper

228 2236 310 2269 dare;
324 2241 351 2263 et
363 2237 423 2263 ideo
432 2237 487 2264 dixi
502 2246 508 2263 :
521 2247 531 2263 ι
549 2236 667 2264 Calicem
676 2237 803 2264 salutaris
815 2237 947 2271 accipiam
955 2240 993 2270 8°;
1008 2247 1018 2263 ›

227 2283 303 2309 velut
320 2283 342 2310 si
356 2283 549 2318 responderem
568 2283 624 2319 (79)
645 2283 744 2310 dicenti
759 2293 765 2310 :
778 2283 860 2310 Potes
875 2293 884 2309 ‹
906 2284 1018 2311 calicem

228 2327 331 2361 bibere,
357 2337 436 2363 quem
466 2337 516 2364 ego
536 2330 672 2357 bibitttrtts
704 2338 772 2357 sutn-
788 2328 864 2356 “ii
892 2334 919 2356 ct
944 2331 1018 2357 dicc-

229 2382 286 2400 rcm
301 2374 354 2409 (80)
370 2385 376 2402 :
390 2375 513 2408 Possunt,
532 2376 655 2403 Domine.
674 2375 720 2403 Sic
734 2383 799 2411 ergo
816 2375 858 2402 aio
873 2385 880 2402 :
900 2375 1017 2403 Calicem

231 2421 364 2454 passionis
377 2427 428 2449 tum
444 2423 572 2454 libenter,
589 2429 615 2449 et
630 2428 683 2450 tota
697 2423 835 2450 voluntate
855 2423 1019 2456 suscipiam;

229 2472 257 2494 et
270 2472 298 2494 ut.
317 2469 410 2496 calicis
429 2471 478 2502 tui,
494 2471 519 2498 id
535 2476 577 2497 est
593 2471 741 2505 passionis,
756 2471 872 2505 gratiam
890 2471 923 2497 ad
938 2470 1018 2497 finem

230 2521 317 2549 usque
340 2522 511 2549 conservetn,
535 2525 588 2544 non
611 2517 692 2551 500
713 2517 781 2544 meis
801 2517 907 2544 viribus
929 2524 1019 2552 agam.

283 2585 306 2600 "
322 2583 415 2610 Matth.
428 2591 466 2613 vt,
481 2583 523 2610 10.
573 2583 596 2598 ⁷⁸
610 2582 680 2609 Psal.
696 2590 766 2615 cxxt,
783 2581 810 2608 7.
862 2581 884 2596 '"
897 2587 968 2607 vers.
985 2580 1028 2606 il.

235 2621 256 2636 "
275 2619 368 2647 Matth.
383 2626 426 2650 xx,
441 2618 484 2644 ἓξ.
523 2617 545 2632 ³³
560 2617 629 2644 Psal.
645 2625 705 2649 cxv,
723 2617 765 2644 i3.
803 2616 826 2635 ⁸³
840 2615 919 2643 Rom.
936 2624 975 2647 ιιι,
992 2616 1018 2642 Ii.

266 2675 326 2738 ‘97)
342 2675 395 2708 AL,
414 2684 423 2701 ι
444 2676 508 2703 Erat
519 2679 622 2707 autent,
640 2684 650 2702 ι
665 2676 712 2703 sed
728 2682 794 2703 mss.
810 2675 896 2702 nostri
913 2673 1022 2708 ubique,

290 2716 337 2738 tat.
358 2721 367 2737 ι

241 2721 250 2737 ‹
268 2716 337 2738 Fiat.
358 2721 367 2737 ι

267 2746 323 2781 ('18)
345 2745 426 2777 Editi,
438 2755 447 2771 ‹
466 2744 565 2771 Verum
577 2744 621 2771 ‘ad
647 2745 798 2773 evidentius
816 2745 1023 2772 illuminandth

236 2781 356 2814 Apostoli
375 2789 496 2811 sensum,
517 2789 550 2806 ne
563 2781 696 2806 videatur.
718 2789 728 2806 ›

273 2816 328 2851 (19)
345 2816 424 2850 Ειίιιί,
444 2826 452 2842 ι
471 2816 657 2850 responderet,
673 2825 682 2841 ι
705 2815 784 2844 male.

953 112 1115 141 ORIGENIS

1801 105 1820 132 id

1037 177 1060 204 Α
1078 173 1125 200 sed
1144 183 1153 198 ι
1173 178 1270 199 nomen
1282 171 1386 198 Domini
1398 169 1528 196 invocabo
1542 167 1576 194 ⁸³.
1591 165 1734 194 »Ριριὶοει
1743 170 1820 192 estrei

1071 219 1140 253 apud
1157 223 1183 245 te
1198 225 1282 249 mors,
1295 224 1356 252 qua:
1369 223 1418 250 pro
1431 215 1531 249 pietate
1544 214 1601 248 (8i)
1615 218 1642 240 et
1652 213 1767 239 veritate
1775 214 1820 238 snsi

1071 265 1154 299 pitur.
1170 263 1323 291 Secundum
1343 263 1394 289 hoc
1408 261 1490 296 igitur
1505 261 1589 288 etiattt
1609 260 1635 285 in
1649 258 1820 292 apostolicisa‘

1070 311 1120 337 ctis
1131 309 1314 343 accipiendum
1331 313 1372 335 est
1386 316 1395 333 ι
1408 307 1502 335 Omnis
1533 305 1616 332 homo
1636 305 1765 334 mendax,
1781 305 1820 330 irit

1071 357 1093 383 is
1109 356 1154 390 qui
1167 356 1192 382 in
1205 355 1271 389 legis
1285 355 1375 381 littera
1392 354 1450 380 sine
1463 353 1515 379 lide
1530 351 1655 381 conﬁdit.
1668 350 1730 377 sive
1742 351 1763 376 is
1776 351 1820 383 ῳιζι

1070 402 1235 436 quibuslibet
1247 400 1417 434 dogmatibus
1425 403 1451 426 et
1464 398 1564 425 litteris
1573 396 1721 431 gloriatur.
1730 395 1777 422 Sed
1786 394 1820 428 otii

1071 448 1142 474 citur
1155 447 1233 473 nobis
1251 454 1258 472 :
1277 445 1305 472 Si
1319 444 1408 472 omnis
1423 444 1504 470 homo
1522 443 1640 469 mendax
1652 445 1707 472 est,
1722 440 1774 474 ipse
1785 439 1820 464 Pan

1072 492 1170 524 lus,“,
1185 491 1248 526 quia
1263 490 1406 522 homoest,
1431 489 1482 515 erit
1507 495 1574 522 ergo
1605 486 1735 513 mendax.
1759 484 1820 511 Sele

1071 536 1155 564 David
1165 536 1213 570 ‘qui
1234 536 1291 562 hanc
1305 535 1382 567 dixit,
1401 535 1465 569 quia
1478 534 1561 560 houto
1571 532 1634 563 fuit,
1651 531 1768 558 siomuis
1778 532 1820 557 lic-iu

1071 583 1188 612 mendax
1202 588 1255 615 est,
1266 583 1318 609 erit
1329 587 1356 609 et
1376 582 1434 616 ipse
1452 580 1582 611 mendax,
1603 584 1631 605 et
1647 579 1700 606 hoc
1713 578 1789 612 ipsum
1801 576 1820 602 iit

1070 639 1130 658 sum
1156 630 1226 664 quod
1249 629 1335 656 dicit:
1355 637 1364 653 ι
1380 627 1474 655 Omnis
1504 626 1585 653 ltomo
1608 625 1743 656 mendax.
1760 634 1768 649 ›
1786 631 1820 657 qui

1072 677 1229 704 mendacem
1251 682 1282 703 se
1305 673 1460 702 necessario
1486 680 1548 700 cum
1572 672 1680 698 caeteris
1707 671 1820 698 hominum

1071 723 1128 758 ipse
1146 722 1321 757 pronuntiat;
1341 725 1369 748 et
1387 720 1410 747 si
1425 718 1543 746 mendax
1558 723 1613 749 est,
1631 718 1726 751 utique
1739 726 1784 743 non
1797 716 1820 742 en‘

1071 776 1163 795 verum
1182 767 1253 802 quod
1271 774 1285 793 a
1300 764 1551 796 mendacedicitur,
1567 763 1634 796 quia
1651 772 1660 788 ι
1678 763 1765 788 omnis
1777 762 1820 787 ima

1071 814 1106 841 sit
1118 813 1246 840 mendax.
1266 821 1276 838 ι
1292 810 1404 838 Videtur
1417 816 1482 845 ergo
1492 816 1585 836 sermo
1598 808 1657 842 ejus
1674 808 1820 834 incurrisset

1070 859 1256 894 syllogismum
1273 857 1320 892 qui
1337 857 1435 884 dicitur
1450 863 1568 890 aporus,
1587 855 1614 882 id
1633 859 1687 887 est,
1705 854 1820 881 insubstaa

1071 905 1144 932 tivus
1159 905 1228 939 (82),
1241 904 1285 937 qui
1298 907 1326 930 et
1338 902 1422 929 falsus
1439 901 1602 936 appellatur.
1619 900 1673 927 Sed
1685 900 1708 926 si
1720 899 1820 926 reJeams

1071 951 1102 978 ad
1127 950 1285 978 interiorem
1309 948 1462 982 Scriptura:
1492 946 1673 976 intellectum,
1694 945 1820 972 inuenient

1069 997 1140 1031 quod
1159 1003 1254 1023 omnes
1276 994 1416 1029 prophetae
1434 992 1478 1020 vel
1501 991 1617 1027 apostoli
1634 999 1669 1018 ex
1688 990 1741 1017 illis
1754 984 1798 1017 sint
1810 998 1820 1016 ιι

1069 1051 1137 1078 quos
1155 1049 1245 1070 sermo
1266 1041 1313 1068 Dei
1330 1039 1386 1076 (B5)
1403 1039 1443 1072 tit,
1463 1039 1534 1066 sicut
1552 1038 1687 1072 scriptum
1710 1042 1749 1063 est
1768 1045 1772 1061 :
1790 1034 1820 1062 ili

1070 1090 1170 1116 factum
1193 1093 1235 1117 est
1257 1088 1371 1115 verbum
1391 1085 1499 1113 Domini
1522 1093 1532 1111 ι
1561 1084 1597 1110 ad
1618 1083 1705 1114 illum,
1726 1082 1765 1109 vel
1778 1082 1820 1114 illud

1073 1136 1248 1171 prophetam.
1261 1134 1316 1162 llos
1331 1140 1398 1168 ergo
1416 1133 1450 1159 ad
1461 1138 1530 1166 quos
1545 1137 1638 1158 sermo
1651 1129 1698 1157 Dei
1714 1129 1751 1161 tit,
1767 1126 1820 1156 boui

1070 1191 1120 1210 ntts
1141 1182 1166 1210 in
1187 1180 1334 1215 Evangelia
1348 1187 1402 1207 non
1418 1178 1544 1206 homines
1554 1177 1718 1211 pronuntiat
1731 1179 1820 1207 essese

1069 1230 1146 1257 deos.
1165 1228 1211 1255 Sic
1227 1227 1301 1255 enim
1317 1226 1383 1252 dicit
1399 1234 1406 1251 :
1427 1234 1436 1250 ι
1451 1223 1530 1256 Quod
1544 1223 1568 1250 si
1587 1223 1650 1250 illos
1667 1222 1732 1249 dicit
1745 1222 1797 1247 deos
1808 1228 1820 1245 ll

1067 1282 1135 1310 quos
1146 1280 1237 1302 sermo
1251 1271 1298 1299 Dei
1309 1272 1385 1303 tit,et
1400 1277 1452 1297 non
1462 1273 1551 1303 potest
1560 1267 1631 1295 solvi
1647 1266 1820 1300 Scriptura“.:

1068 1321 1135 1354 Quia
1145 1326 1210 1353 ergo
1221 1323 1247 1345 et
1255 1316 1381 1352 ad_Da\'id
1394 1320 1522 1348 tanquam
1532 1312 1704 1348 prophetam,
1716 1316 1742 1338 et
1749 1312 1777 1337 ad
1786 1310 1820 1337 Pal

1067 1366 1123 1394 lum
1135 1370 1262 1399 tauquam
1273 1361 1424 1397 apostolum
1431 1358 1579 1396 sermoDei
1592 1357 1681 1384 factus
1688 1362 1738 1388 est,
1745 1356 1792 1382 sine
1800 1356 1820 1382 dt

1067 1413 1112 1441 bio
1121 1420 1173 1440 non
1181 1415 1259 1438 erant
1268 1409 1402 1442 homines,
1413 1406 1518 1440 seddii,
1529 1406 1562 1432 ad
1571 1411 1642 1439 quos
1650 1412 1738 1431 sermo
1745 1403 1783 1428 Dei
1805 1403 1820 1426 il

1063 1464 1124 1487 ctus
1131 1456 1267 1490 est.lgitur
1276 1454 1340 1490 quia
1347 1461 1399 1482 non
1410 1456 1490 1481 erant
1504 1451 1643 1482 homines,
1654 1450 1700 1476 sed
1710 1450 1752 1480 dii,
1763 1453 1820 1474 rem:

1032 1521 1055 1552 ρ
1070 1510 1112 1534 cst
1128 1504 1200 1538 quod
1219 1504 1252 1530 de
1266 1501 1422 1530 hominibus
1435 1498 1543 1550 cmteris
1558 1496 1735 1552 pronuntiant
1746 1495 1820 1552 atlqu

1070 1558 1160 1579 sermo
1168 1549 1216 1576 Dei
1223 1556 1278 1576 nott
1286 1547 1373 1574 factus
1380 1551 1432 1578 est,
1440 1544 1502 1580 quia
1512 1552 1521 1570 ι
1533 1543 1625 1570 omnis
1633 1543 1713 1570 homo
1722 1541 1820 1568 mendam

1069 1597 1115 1624 sit.
1124 1597 1177 1623 Sed
1188 1600 1215 1623 et
1226 1594 1296 1630 quod
1304 1593 1427 1628 sequitur
1442 1591 1622 1619 nihilominus
1631 1590 1664 1616 de
1673 1588 1767 1624 psalmo
1773 1586 1820 1620 quil

1069 1642 1406 1678 quagesimoassumptum
1417 1643 1470 1671 est,
1481 1638 1506 1664 id
1522 1642 1582 1664 est:
1596 1645 1606 1661 ι
1618 1631 1820 1669 Utjustiiicerisit

1069 1688 1243 1717 sermonibus
1254 1686 1318 1718 tuis,
1326 1689 1352 1712 et
1361 1684 1454 1711 vincas
1465 1681 1678 1717 cumjudicarts.
1691 1690 1699 1706 ι
1710 1679 1752 1706 Est
1764 1681 1820 1704 auten

1071 1734 1096 1762 in
1106 1733 1210 1768 psalmo
1220 1732 1326 1766 integer
1332 1737 1429 1757 sensus
1438 1729 1489 1756 hoc
1496 1728 1578 1754 modo
1586 1727 1706 1760 positus:
1717 1734 1726 1750 ι
1737 1723 1787 1750 Tibi
1795 1718 1820 1748 sd

1071 1779 1194 1815 peccavi,
1211 1783 1239 1805 et
1253 1777 1352 1804 malum
1367 1782 1460 1803 coram
1475 1779 1500 1801 te
1520 1773 1572 1800 feci
1582 1793 1590 1804 ,
1609 1776 1638 1799 ut
1652 1769 1794 1806 iustiﬁceris
1809 1769 1820 1793 it

1070 1824 1243 1854 sermonibus
1259 1823 1322 1853 tuis,
1338 1827 1365 1850 et
1376 1822 1470 1848 vincas
1486 1827 1546 1847 eum
1557 1818 1701 1854 jndicaris.
1720 1826 1729 1842 I
1743 1816 1771 1843 Et
1783 1822 1820 1848 qm

1071 1872 1143 1899 niam
1161 1871 1271 1905 grandis
1286 1876 1416 1896 excessus
1431 1871 1472 1894 est
1487 1871 1517 1893 ut
1531 1866 1566 1893 ab
1578 1866 1658 1892 initio
1672 1863 1761 1898 psalmi
1775 1868 1820 1894 rqtcV

1072 1923 1171 1947 tamus,
1189 1915 1332 1943 brevitatis
1351 1921 1434 1941 causa
1453 1913 1527 1939 hunc
1553 1911 1757 1941 tantummodo,
1772 1911 1820 1942 qui!

1072 1963 1098 1990 in
1115 1961 1203 1989 ntedio
1218 1960 1368 1995 posuimus,
1383 1958 1562 1985 discutiamus
1577 1963 1747 1986 sermonem;
1762 1954 1820 1985 inqut

1071 2005 1165 2032 statim
1179 2006 1204 2031 itt
1219 1994 1307 2038 primo
1321 2004 1378 2030 hanc
1395 2001 1511 2029 diIIicilis
1523 2002 1635 2028 videtur
1653 1994 1820 2034 explanandi

1072 2051 1143 2079 enim
1163 2050 1305 2078 historiam
1334 2056 1482 2083 sequamur
1506 2054 1567 2082 qua:
1595 2047 1622 2073 in
1655 2043 1820 2081 praetitulationt

1073 2097 1166 2132 psalmi
1183 2097 1283 2131 scripta
1300 2101 1352 2127 est,
1368 2096 1403 2122 ibi
1415 2095 1532 2121 refertur
1546 2098 1691 2127 perempto
1703 2091 1760 2118 Uria
1769 2089 1820 2116 Ethct

1074 2151 1187 2170 uxorem
1203 2142 1261 2175 eius
1274 2141 1411 2176 accepisse
1425 2140 1509 2166 David
1529 2139 1565 2165 ⁸³.
1586 2138 1729 2171 Quomodo
1741 2134 1820 2170 ergot‘m1

1037 2191 1059 2219 D
1074 2189 1129 2216 cit:
1154 2199 1162 2214 ι
1183 2188 1242 2216 Tibi
1252 2188 1301 2215 soli
1319 2186 1446 2221 peccavi;
1466 2195 1475 2211 ι
1495 2193 1556 2212 cum
1577 2185 1672 2218 utique
1693 2183 1755 2210 etin
1769 2183 1820 2215 ἱρδυη

1075 2235 1169 2262 Uriam
1186 2233 1356 2266 peccaverit,
1377 2237 1404 2259 et
1426 2232 1452 2258 in
1477 2230 1647 2266 propinques
1673 2230 1744 2264 ejus,
1760 2227 1792 2254 sed
1807 2227 1820 2250 Cl

1075 2283 1101 2309 itt
1120 2283 1204 2316 ipsam
1226 2280 1362 2307 Bersabee
1380 2286 1461 2314 atque
1482 2285 1592 2305 outuem
1612 2277 1720 2303 dontuttt
1735 2276 1788 2310 ejus.
1799 2270 1820 2298 Lai

1075 2328 1199 2355 intulisse
1214 2327 1347 2354 maculam
1368 2326 1476 2352 videtur
1493 2323 1636 2351 adulterii.
1658 2323 1710 2349 Sed
1723 2320 1820 2349 sciendum

1073 2375 1144 2410 quod
1162 2382 1215 2401 tton
1232 2380 1341 2405 semper
1360 2369 1582 2406 przrtitulationis
1604 2370 1743 2396 historiam
1762 2361 1820 2410 pillei

1073 2421 1240 2450 continentia
1265 2419 1400 2452 sequitur,
1427 2422 1457 2443 ut
1482 2417 1509 2443 in
1532 2416 1662 2451 plurimis
1684 2414 1780 2449 psalmis
1796 2407 1820 2443 qui

1072 2467 1229 2495 obs-errabit
1252 2465 1382 2492 inveniet.
1407 2464 1481 2490 Etut
1494 2462 1614 2497 exempli
1635 2470 1714 2489 causa
1728 2458 1820 2490 dixerim

1073 2514 1168 2549 psalmi
1184 2512 1281 2541 decimi
1293 2511 1399 2546 septimi
1413 2509 1590 2544 prrctitulatio
1609 2514 1652 2536 est
1672 2518 1679 2535 :
1696 2518 1704 2533 ι
1723 2507 1747 2534 1η
1762 2506 1820 2533 tinum

1077 2580 1099 2595 ⁷⁸
1114 2579 1184 2606 Psal.
1201 2585 1264 2605 xcru
1275 2599 1281 2610 ,
1302 2577 1344 2604 lt).
1392 2576 1414 2591 ⁷³
1431 2575 1500 2602 Psal.
1517 2582 1585 2610 cxv.
1598 2573 1647 2610 ill.
1696 2572 1716 2588 ε’
1729 2570 1779 2599 ibid.
1794 2568 1816 2594 il

1055 2614 1079 2630 ""
1094 2614 1171 2642 Joan.
1185 2622 1212 2645 x,
1227 2609 1279 2640 55.7
1309 2613 1331 2628 ³⁵
1348 2611 1369 2638 ll
1388 2611 1452 2645 Reg.
1468 2618 1503 2642 χι,
1516 2609 1561 2640 9.6,
1578 2609 1626 2636 ‘27.

1116 2670 1171 2705 (80)
1181 2668 1235 2700 AL,
1245 2677 1254 2693 ‹
1266 2668 1382 2705 diceret;
1399 2676 1409 2692 ι
1426 2665 1524 2692 deinde
1539 2674 1547 2690 ι
1559 2665 1598 2691 ait
1607 2674 1618 2691 ι
1630 2673 1678 2700 pro
1688 2673 1697 2690 ι
1707 2661 1820 2695 εἰομίιιτᾷτκ

1116 2703 1171 2739 (81)
1190 2705 1245 2736 ΑΙ.,
1263 2713 1272 2728 ‹
1289 2703 1402 2729 deitate.
1421 2711 1430 2727 ι

1188 2730 1411 2766 Insitbstnntwus.
1440 2736 1494 2763 Sic.
1519 2744 1588 2764 mss.
1612 2736 1680 2763 liditi
1696 2743 1759 2766 vero,
1775 2730 1820 2756 HL“

1080 2779 1179 2845 [mag-5).
1191 2809 1258 2845 Dci.‘
1275 2808 1302 2835 lu
1317 2807 1398 2836 editis
1414 2807 1542 2834 omnibus
1558 2807 1702 2834 omittitur.

1035 847 1055 873 B
