1833 3049
13 104 45 131 iii
459 99 636 127 CUMMENT.
656 99 688 126 IN
709 97 817 126 EI’IST.
836 98 881 125 AD
903 98 984 126 ROM.
1004 98 1068 126 LIB.
1091 97 1124 125 ιιι

1567 101 1623 128 92'!

13 162 91 197 uquit,
108 167 192 196 puero
207 159 312 187 Domini
328 159 429 193 David,
448 160 493 194 qui
514 161 619 187 loculus
636 164 679 187 est
695 160 776 187 verba
794 163 815 190 Α
830 159 886 193 qui.
909 158 974 185 Illud
1003 163 1094 185 tamen
1117 157 1188 193 quod
1215 157 1248 184 ad
1275 165 1331 185 rem
1348 158 1482 192 pertinet,
1499 159 1620 187 breviter

13 208 93 234 ’.ιιιιὶρί
112 207 191 240 hujus
203 207 229 233 in
251 206 294 233 die
309 213 362 240 qua
380 206 506 232 liberavit
523 214 583 232 eum
599 206 728 233 Dominus
744 205 778 233 de

13 262 74 280 naun
102 253 222 280 omnium
247 252 419 279 inimicorum
444 259 565 284 suorum,
589 257 617 278 et
640 253 672 279 de
698 259 778 277 manu

13 300 71 331 iaul,
87 303 113 326 et
128 299 207 326 dixit.
224 307 232 324 ι
250 297 423 325 Continentia
439 304 504 323 vero
515 298 608 330 psalmi
621 297 778 332 longealiud

13 352 74 378 quam
91 343 265 378 prmtitulatio
286 343 416 370 continet.
434 342 499 374 Qua:
516 342 587 369 enim
601 342 777 369 fundamenta

13 390 123 416 ιιοιιιῖυιιι
137 394 274 416 commota
291 389 434 416 suntiaut
453 389 588 423 quontodo
603 388 658 423 (84)
676 394 778 415 treme-

13 440 63 461 tcta
74 439 114 462 est
131 440 215 466 terra,
237 442 298 462 cum
315 440 447 470 pugnaret
460 434 543 461 David
561 435 705 461 adversum
720 435 777 461 iiii-

16 480 76 507 lICOS
101 480 247 507 suosiAut
271 480 316 507 ubi
338 480 457 507 refertur
480 479 566 514 caligo
590 480 640 507 sub
665 479 776 514 pedibus

13 526 95 552 tomini
118 526 226 554 fuisse?
239 526 279 553 vel
297 526 341 553 ubi
365 526 501 553 indicatur
521 526 677 553 ascendisse
697 534 778 560 super

14 571 139 603 hcruhim,
157 577 185 598 et
198 571 315 603 volasse,
330 570 371 598 vel
384 578 466 605 super
478 577 579 604 pennas
591 575 778 602 ventorum,et

13 623 85 645 aatera
105 625 174 653 pene
196 618 287 645 omnia
311 625 371 652 quae
391 626 406 645 a
428 617 646 652 prmtitulatiouis
664 617 777 644 historia

14 664 143 690 muimode
158 663 400 699 discrepantﬂloc
425 671 490 699 ergo
510 664 587 690 modo
605 669 630 690 et
651 663 678 690 in
699 663 778 696 quiti-

15 710 145 744 nagesiuto
156 710 261 745 psalmo
273 718 332 746 quae
344 710 400 746 (85)
411 711 558 737 secundum
570 710 710 737 historiam
723 717 775 736 non

13 754 163 781 mn‘euiunt.
177 754 328 781 Videndum
341 760 381 782 est
393 762 425 782 ne
439 754 510 782 forte
529 754 651 782 mulieris
670 755 696 781 in
708 762 777 788 pr:e~

17 798 142 826 tulatione
156 807 204 833 per
218 799 332 833 ﬁguram
356 800 460 827 idcirco
478 799 548 827 facta
567 800 602 827 sit
617 800 728 832 mentio,
748 804 777 827 ut

13 843 38 870 ib
53 845 103 870 hac
116 844 298 879 appellatione
313 846 480 880 intelligatur
490 845 579 880 aliqua
593 846 654 873 talis
668 846 776 878 mulier,

13 887 31 914 el
46 888 133 922 qualis
147 889 312 917 describitur
328 890 373 916 illa
392 890 473 918 fortis
488 899 548 925 qua:
563 891 683 925 duplices
698 891 777 918 chla-

13 934 83 968 tydes
98 934 229 962 fecitviro
240 943 289 962 suo
303 935 337 969 ⁸⁸,
353 936 478 964 velcerte
493 937 555 963 huic
567 937 706 964 contraria
721 937 776 974 (86)

13 979 138 1006 tfnerunt
157 980 210 1007 illa:
221 988 281 1015 qua:
292 981 421 1008 dicuntur
431 981 581 1009 declinasse
595 989 643 1008 cor
657 981 778 1010 Salomo-

13 1024 30 1050 is
43 1024 78 1056 ⁸⁷,
95 1028 125 1051 ιιι
141 1025 294 1058 ,mdilicaret
311 1033 374 1053 aras
393 1028 516 1061 gentium
528 1047 534 1059 ,
557 1030 584 1054 et.
609 1027 691 1054 idola.
713 1028 778 1061 Qua:

13 1069 80 1104 tique
96 1070 122 1097 in
144 1070 303 1105 allegoriam
325 1076 453 1106 sumptre,
482 1080 534 1099 non
552 1077 615 1100 sunt
632 1079 664 1099 ex
687 1073 777 1100 divina

13 1116 131 1150 Ipientia,
147 1117 194 1144 sed
206 1125 239 1144 ex
256 1117 307 1145 illis
324 1125 384 1152 quae
398 1119 495 1146 suntei
514 1120 667 1151 contrariae,
688 1119 712 1146 id
724 1124 775 1150 cst,

13 1161 81 1198 licita:
105 1169 119 1188 a
141 1161 194 1190 Deo
213 1168 306 1190 sectae.
324 1163 398 1191 Talis
417 1171 482 1198 ergo
503 1169 530 1192 ct
547 1165 604 1192 hinc
621 1165 692 1192 Uria:
709 1173 777 1192 uxor

14 1206 63 1233 thei
82 1207 132 1234 viri
146 1208 228 1235 alieni
242 1209 276 1235 ab
292 1208 373 1236 Israel
388 1209 502 1244 intelligi
519 1215 618 1244 potest,
632 1218 714 1245 quam
728 1219 776 1245 po-

16 1260 54 1282 tus
70 1255 98 1281 in
114 1256 301 1290 superioribus
316 1256 400 1283 David
413 1257 563 1291 inspexerit
577 1258 713 1285 lavantem
726 1259 778 1285 im—

13 1300 135 1327 tunditias
156 1308 220 1328 suas
244 1301 270 1328 in
289 1302 367 1335 aquis
383 1302 416 1334 ³³,
434 1306 460 1329 et
470 1303 566 1329 sordes
588 1311 652 1330 suas
673 1304 777 1331 diluere

13 1344 133 1379 alentem,
160 1354 276 1381 eamque
295 1348 490 1375 desideraverit
506 1353 533 1375 et
556 1350 701 1383 acceperit.
723 1349 775 1377 Sed

13 1392 48 1420 uia
63 1400 116 1420 non
131 1393 181 1420 fuit
193 1394 318 1422 voluntas
334 1395 439 1422 Domini
457 1395 560 1422 alienas
572 1403 586 1422 a
600 1397 714 1423 veritate
729 1396 776 1424 Dei

13 1442 72 1465 :ctas
86 1439 224 1466 introduci
242 1439 298 1475 (87)
320 1440 346 1466 in
369 1441 478 1467 domum
494 1440 578 1467 David
591 1462 598 1474 ,
616 1442 701 1476 prima
719 1441 777 1475 ejus

13 1485 124 1518 ativitas,
141 1486 282 1519 etprimus
292 1485 397 1513 fruetus
408 1487 600 1521 exstinguitur,
616 1487 774 1514 utsecunda

13 1532 115 1566 rogenie
138 1540 186 1559 rex
209 1531 242 1559 de
265 1532 417 1567 alienigena
435 1533 544 1568 sapiens
567 1539 725 1560 nasceretur
739 1534 776 1560 ".

13 1577 40 1603 ed
50 1577 159 1612 longum
171 1581 213 1604 est
227 1577 324 1604 horum
344 1578 445 1613 liguras
455 1598 462 1611 ,
479 1583 506 1605 et
520 1579 663 1614 aenigmata
679 1586 773 1613 perse—

830 211 1035 239 prosequemur.
1057 204 1142 237 Cum,
1169 204 1268 238 inquit,
1285 203 1369 230 multa
1386 204 1525 232 subtilitas
1537 205 1575 238 sit
1592 206 1618 232 in

829 251 960 278 varietate
977 256 1131 282 sectarum,
1145 255 1172 277 et
1187 250 1232 284 qui
1247 257 1345 277 sensus
1366 249 1514 277 secundum
1534 252 1618 278 Deum

829 297 872 330 sit,
890 297 934 330 qui
956 304 1020 324 vero
1033 296 1138 323 alienus
1152 303 1166 323 a
1189 296 1242 323 Deo
1254 296 1280 322 iu
1299 296 1507 324 tractationibus
1520 302 1545 324 et
1562 298 1619 324 dis-

829 343 1015 378 putationibus
1039 342 1216 376 sapientinm,
1233 342 1332 369 nullius
1345 342 1381 368 sit
1393 342 1476 374 seire,
1490 342 1532 369 vel
1545 342 1618 376 judi-

829 396 902 421 care,
913 389 964 416 nisi
981 389 1067 416 solius
1080 388 1138 421 Dei,
1151 388 1195 423 qui
1208 388 1280 415 solus
1295 388 1618 423 potestcomprehendere

829 435 963 468 Sapientes
977 434 1002 461 in
1016 435 1115 461 astutia
1127 442 1175 461 sua
1191 435 1215 451 ὀ
1230 441 1236 460 :
1253 434 1312 461 ideo
1329 443 1339 459 (
1359 434 1408 461 tibi
1429 434 1477 461 soli
1494 435 1616 468 peccavi.

828 484 855 507 ct
870 480 970 507 malum
995 488 1086 507 coram
1112 485 1138 507 te
1161 480 1260 512 feci“,
1282 490 1291 506 ι
1313 481 1376 514 quia
1395 481 1486 507 czeteri
1510 487 1616 512 omnes,

829 530 921 560 utpote
940 526 1075 553 animales
1098 526 1233 558 homines,
1257 533 1309 558 me,
1331 526 1377 561 qui
1396 526 1525 561 spiritalis
1545 534 1616 557 sum,

829 572 935 599 etiamsi
952 572 1051 604 erravi,
1067 572 1216 607 dijudicare
1235 579 1287 598 non
1303 578 1418 606 possunt
1432 581 1438 599 :
1452 572 1515 606 quia
1529 581 1539 597 ‹
1560 572 1617 606 spi-

829 618 917 645 ritalis
935 618 1040 652 judicat
1061 617 1164 651 omnia,
1187 618 1245 652 ipse
1266 624 1331 644 vero
1350 625 1365 644 a
1388 618 1496 644 nemine
1513 617 1617 652 iudica—

829 665 913 690 tur”.
931 674 940 689 )
956 664 1008 691 Sed
1021 665 1084 698 quia
1098 663 1279 691 additl’anlus
1294 673 1302 689 ι
1319 664 1458 698 spiritalis,
1472 673 1481 688 ι
1497 669 1523 690 et
1535 664 1617 690 dicit:

831 718 840 734 ι
863 709 914 742 Qui
940 716 1029 736 autem
1047 709 1150 744 judicat
1173 717 1225 742 me,
1250 710 1380 736 Dominus
1402 713 1443 736 est
1466 709 1513 735 ":
1536 718 1546 734 ι
1569 710 1620 736 hoc

828 756 918 783 sciens
942 761 969 782 et
995 755 1079 782 David
1103 756 1174 789 quod
1196 756 1271 782 solus
1294 755 1424 782 Dominus
1441 759 1484 782 est
1501 755 1545 789 qui
1565 755 1621 789 spi—

829 802 933 828 ritalem
962 802 1107 836 dijudicat,
1141 802 1183 828 vel
1214 801 1376 835 prophetam
1405 800 1483 836 (88),
1514 800 1618 831 idcirco

791 847 813 876 Β
830 847 907 882 50],
930 848 1015 874 dicit:
1033 857 1042 873 ι
1061 847 1121 874 Tibi
1139 847 1322 881 solipeecavi,
1341 856 1351 873 ι
1370 854 1385 873 a
1399 854 1453 881 quo
1474 847 1533 874 solo
1552 854 1618 881 pus-

829 899 888 919 sum
906 892 1060 927 dijudicari.
1085 893 1153 919 Nam
1181 891 1298 920 intimaret
1318 894 1375 920 dies
1397 894 1547 928 diiudicare
1563 901 1618 920 non

830 942 918 971 potest
937 937 1088 972 spiritalem
1106 938 1139 964 ".
1160 938 1212 964 Sed
1231 943 1256 965 et
1271 939 1342 972 quod
1358 939 1480 973 sequitur
1495 939 1527 965 ad
1546 939 1619 965 hunc

828 983 940 1016 respicit
967 991 1104 1011 sensum:
1129 993 1138 1010 ι
1155 983 1190 1011 Ut
1217 984 1378 1019 justiﬁceris
1394 985 1421 1011 in
1445 984 1619 1012 sermonibus

830 1028 892 1062 tuis,
902 1033 928 1055 et
940 1028 1034 1056 vincas
1047 1037 1108 1056 eum
1119 1029 1253 1063 iudicaris
1268 1030 1302 1056 ".
1317 1039 1327 1055 ι
1347 1028 1619 1064 Jndicaturnamque

829 1073 899 1101 Deus
915 1075 942 1101 in
962 1075 1192 1107 disputationibus
1211 1075 1373 1110 sapientium
1387 1097 1394 1108 ,
1415 1075 1479 1102 dum
1505 1075 1548 1102 alii
1566 1075 1617 1103 hoc

829 1120 921 1152 modo,
942 1119 988 1146 alii
1005 1120 1068 1153 alio,
1089 1125 1117 1147 ct
1136 1121 1242 1148 diverse
1254 1121 1352 1156 singuli
1368 1121 1401 1148 de
1417 1121 1470 1148 Deo
1481 1121 1615 1148 sentiunt.

829 1166 887 1200 Ipse
901 1174 965 1194 vero
979 1167 1066 1194 vincit
1079 1174 1126 1194 eos
1138 1167 1185 1202 qui
1202 1168 1234 1194 dc
1248 1174 1279 1194 se
1290 1167 1427 1200 judicant,
1444 1175 1506 1194 cum
1522 1174 1618 1194 erran-

828 1212 900 1239 tibus
914 1213 1018 1240 cnnctis
1033 1221 1110 1240 suam
1128 1214 1160 1240 de
1172 1221 1201 1240 se
1216 1213 1353 1248 quomodo
1371 1213 1413 1240 vel
1427 1213 1548 1247 qualiter
1558 1220 1620 1240 cre-

828 1259 931 1285 dendus
942 1266 974 1285 ac
999 1259 1172 1286 venerandus
1190 1261 1226 1285 sit
1242 1259 1346 1286 revelat
1367 1259 1424 1293 ipse
1440 1258 1616 1286 sententiam.

828 1305 881 1333 Sed
894 1305 1008 1333 sulﬁeiat
1017 1306 1157 1340 hucusque
1168 1306 1255 1339 spatia
1267 1306 1379 1333 secundi
1393 1305 1539 1332 voluminis
1555 1311 1617 1331 esse

828 1352 970 1385 producta.
990 1350 1087 1378 Nescio
1116 1359 1171 1385 quo
1201 1352 1301 1378 etenim
1327 1356 1406 1385 pacto
1423 1370 1431 1383 ,
1451 1351 1513 1378 dttnt
1543 1351 1617 1384 piget

828 1398 955 1424 omittere
973 1397 994 1424 si
1014 1405 1067 1432 qua
1086 1397 1273 1432 cxplanationi
1291 1397 1443 1424 necessaria
1464 1403 1617 1430 suggerun-

834 1449 887 1476 tur,
902 1443 1050 1471 evolvimur
1065 1451 1080 1469 a
1093 1444 1228 1470 brevitate
1241 1453 1247 1470 :
1264 1451 1355 1477 quam,
1371 1444 1393 1469 si
1409 1450 1452 1469 res
1468 1445 1616 1477 pateretur,

828 1489 940 1516 lectoris
957 1489 1066 1517 fastidio
1093 1490 1288 1522 consulentes,
1314 1496 1479 1524 magnopere
1505 1495 1618 1515 servare

828 1541 1000 1569 cuperemns.

554 1740 731 1783 LIBER
769 1737 1050 1783 TERTIUS.

774 1838 812 1846 .—

20 1920 40 1946 ι.
58 1930 66 1944 ι
83 1916 109 1946 5i
126 1923 219 1946 autem
237 1917 364 1952 iniquitas
379 1921 470 1944 nostra
483 1906 531 1942 Dci
545 1913 675 1949 justitiam
691 1921 766 1940 com-
790 1917 811 1946 (ζ
828 1913 909 1941 etiam
924 1919 972 1946 pro
986 1910 1086 1939 Iudaeis
1105 1911 1214 1946 punitur
1230 1919 1237 1937 :
1254 1916 1280 1937 et
1299 1918 1330 1937 ex
1346 1911 1411 1945 ipsis
1424 1909 1491 1938 alios
1506 1911 1615 1946 quidem

13 1964 88 1990 cndat
99 1985 107 1996 ,
122 1963 187 1998 quid
204 1962 344 1990 dicemus?
357 1960 482 1995 Nunquid
504 1959 612 1994 iniquus
635 1959 706 1985 Deus
721 1957 766 1992 qni

13 2009 60 2036 fert
76 2009 163 2037 iram?
176 2008 334 2036 Secundum
355 2006 491 2034 hominem
505 2005 574 2033 dico.
588 2004 674 2033 Absit.
693 2004 768 2031 Alio-

13 2050 45 2076 lin
64 2051 203 2085 quomodo
228 2050 363 2086 iudicabit
387 2050 458 2076 Deus
485 2050 555 2076 hunc
571 2049 724 2076 mundum?
742 2047 773 2076 Si

13 2095 52 2122 ιὶιιι
69 2096 174 2124 veritas
198 2096 245 2123 Dei
261 2096 288 2123 in
318 2103 378 2123 meo
400 2095 541 2122 mendacio
568 2094 718 2122 abundavit
746 2094 773 2121 in

13 2141 92 2168 ariam
108 2141 179 2175 ejus,
193 2141 259 2177 quid
277 2141 366 2169 adhuc
382 2145 409 2168 et
422 2149 472 2174 ego
495 2145 623 2175 tanquam
643 2144 774 2175 peccator

13 2186 98 2219 dicor,
111 2192 141 2214 et
158 2195 213 2214 non
235 2188 560 2223 (sicutblasphemantur,
588 2192 615 2214 et
643 2188 713 2214 sicut
731 2187 772 2214 di<

19 2237 46 2257 ut
65 2240 118 2260 nos
140 2233 252 2266 quidam
269 2233 371 2269 dicere)
389 2233 521 2260 faciamus
538 2233 606 2260 mala
621 2238 648 2259 ut
663 2233 773 2260 veniant

13 2278 66 2303 tua?
77 2285 199 2312 qnortun
215 2277 434 2312 damnatiojusta
456 2283 497 2306 cst
510 2279 543 2306 9‘.
567 2288 576 2304 ι
594 2278 706 2306 Multum
720 2279 775 2307 for-

13 2322 59 2349 ssis
99 2323 305 2358 inconsequens
335 2324 471 2351 videbitur
494 2325 560 2352 ordo
590 2324 696 2352 dicendi
726 2333 772 2360 per

13 2375 85 2395 anem
110 2377 182 2404 pene
210 2374 313 2397 textum
338 2369 420 2404 hujus
437 2370 564 2404 Epistola:
590 2371 624 2397 ab
649 2370 773 2405 apostolo

13 2414 62 2440 lulo
79 2415 205 2449 digestus
221 2434 228 2447 ,
258 2415 320 2442 dum
345 2423 435 2442 sermo
453 2415 511 2450 e'jns
530 2424 603 2442 nunc
629 2416 772 2442 adversum

14 2465 72 2486 ntes
90 2460 232 2495 dirigitur,
247 2468 319 2487 utine
340 2469 388 2495 pro
407 2461 534 2495 gentibus
554 2466 731 2495 temperatur,
745 2466 773 2488 et

15 2514 85 2532 rsum
106 2506 256 2533 adversum
272 2505 391 2539 Judrcos,
408 2512 433 2533 et
448 2507 545 2534 iterum
561 2508 593 2534 de
606 2506 715 2539 .ludaeis,
726 2512 772 2534 aut

13 2552 33 2567 ⁸⁸
45 2553 127 2581 Prov.
140 2562 219 2585 xxxx,
231 2554 276 2581 29..
313 2554 336 2570 "'
350 2554 381 2581 IlI
396 2554 462 2588 Reg.
483 2563 520 2586 xi,
537 2555 554 2582 5
567 2562 626 2589 seq.

14 2609 19 2618 .
40 2589 84 2616 19.
125 2589 148 2604 ⁹¹
165 2589 239 2616 Psal.
255 2597 281 2620 ι,
302 2589 330 2618 ϐ.
368 2590 390 2606 θ’
407 2590 413 2615 |
430 2590 492 2616 Cor.
511 2598 541 2622 ll,
564 2590 672 2622 14,15.

13 2644 16 2653 ν
31 2624 90 2652 5-8.
132 2625 156 2640 ⁸⁷
176 2624 256 2652 Rom.
275 2633 315 2657 ιιι,
332 2625 359 2652 4.
397 2625 421 2641 ’³
441 2625 463 2651 ll
478 2626 540 2652 Cor.
556 2633 598 2659 ιιι,
615 2625 642 2653 6.

13 2671 66 2704 (84)
85 2673 174 2705 Alias,
194 2682 203 2698 ε
224 2673 345 2707 quando.
361 2682 370 2699 I

13 2708 67 2739 (85)
83 2708 170 2740 Editi,
186 2717 196 2733 ί
212 2709 294 2740 quod.
315 2717 324 2734 ι

13 2743 66 2773 I86)
84 2743 174 2775 Alias,
190 2752 199 2768 ι
220 2743 262 2770 his
274 2743 422 2775 contraria,
435 2752 445 2769 ι
464 2744 544 2771 male.

13 2778 67 2811 [87)
83 2778 140 2808 AL.
157 2788 166 2802 ι
187 2778 373 2806 introducere.
392 2789 400 2804 ι

13 2813 67 2846 (88)
94 2812 142 2841 Vel
153 2813 317 2847 prop/ictam.
337 2814 418 2841 Deest
433 2815 460 2842 in
476 2819 556 2841 antea
569 2814 659 2842 editis.

677 2554 735 2581 “"II
761 2555 827 2588 Reg.
854 2554 947 2587 xt,2I.

723 2590 746 2606 "
765 2589 851 2618 ICor.
865 2599 902 2624 iv,
920 2591 947 2617 4.

827 1958 905 1985 laude
920 1958 985 1985 dicit
1001 1957 1097 1990 dignos
1111 1977 1118 1989 ,
1151 1955 1219 1983 alios
1250 1957 1394 1990 vituperat.
1412 1956 1478 1989 Qua:
1508 1965 1616 1984 rursum

825 2011 953 2031 sensuum
969 2003 1085 2029 varietas
1101 2006 1178 2029 extra
1197 2002 1280 2028 lineas
1297 2010 1358 2029 eum
1372 2002 1517 2037 proposita:
1532 2001 1617 2028 actio-

825 2051 868 2078 nis
886 2049 943 2085 (89)
959 2049 1099 2084 putabitur
1114 2048 1261 2075 abduxisse
1273 2069 1280 2079 ,
1297 2048 1382 2075 veluti
1398 2056 1458 2074 eum
1476 2048 1615 2075 exrlatna—

826 2096 901 2123 tione
920 2096 1006 2122 utitur
1022 2095 1067 2122 illa
1084 2102 1137 2129 qua
1161 2094 1222 2120 ait:
1242 2103 1251 2119 ι
1268 2093 1329 2121 Fiat
1355 2099 1446 2120 autem
1472 2092 1529 2129 (90)
1546 2092 1617 2120 Deus

827 2150 922 2175 verax,
938 2142 1027 2168 omnis
1038 2145 1129 2168 autem
1145 2141 1224 2167 homo
1238 2140 1410 2172 mendax”;i
1435 2139 1476 2166 vel
1492 2140 1574 2165 etiam
1584 2147 1616 2166 ea

828 2195 908 2222 quam
922 2191 1122 2221 consequenter
1136 2185 1256 2220 adiungit
1271 2191 1331 2210 cum
1352 2184 1434 2210 dicit:
1451 2192 1460 2208 ι
1477 2182 1504 2210 Si
1524 2189 1616 2209 autem

828 2233 957 2267 iniquitas
974 2237 1065 2260 nostra
1083 2231 1131 2258 Dei
1145 2230 1279 2266 justitiam
1295 2229 1479 2260 conuuendat,
1499 2237 1509 2254 ι
1530 2232 1558 2254 ιιι
1573 2235 1616 2254 re-

829 2277 914 2312 liqua,
933 2282 961 2304 ut
977 2284 1023 2312 per
1039 2277 1091 2304 hoc
1107 2277 1140 2304 de
1154 2283 1268 2303 excessu
1287 2275 1313 2300 in
1331 2280 1473 2300 excessum
1495 2272 1618 2299 videatur

826 2323 946 2358 elapsus.
963 2322 1015 2350 Sed
1033 2322 1080 2357 qui
1100 2322 1240 2349 credimus
1265 2321 1290 2347 ei
1315 2319 1436 2351 dicenti,
1453 2319 1514 2354 quia
1533 2327 1542 2343 ι
1560 2318 1618 2344 ido-

827 2377 891 2396 neos
906 2375 954 2395 nos
971 2368 1036 2395 fecit
1053 2367 1193 2395 ministros
1211 2365 1279 2393 Novi
1295 2365 1474 2397 Testamenti,
1502 2371 1555 2391 non
1573 2363 1618 2390 lit-

829 2419 897 2446 tera,
914 2414 962 2441 sed
978 2415 1075 2449 spiritu
1095 2414 1128 2445 ³⁸,
1146 2423 1155 2439 ι
1172 2421 1281 2440 sensum
1297 2413 1356 2447 ejus
1373 2411 1458 2438 multo
1474 2411 1616 2438 celsiorem

825 2469 907 2497 quam
930 2461 1053 2487 humanm
1067 2460 1133 2486 artis
1151 2460 1222 2486 ratio
1241 2459 1343 2486 habere
1356 2458 1494 2491 creditur,
1512 2457 1618 2484 inverti-

826 2515 895 2535 mus.
913 2507 964 2534 Per
976 2514 1085 2534 omnem
1100 2514 1215 2541 namque
1226 2506 1306 2540 hujus
1318 2505 1443 2541 Epistula:
1453 2510 1554 2532 textum
1569 2504 1618 2530 do-

986 2554 1008 2570 “
1022 2555 1040 2582 ll
1051 2555 1117 2590 Reg.
1128 2562 1176 2588 xtl,
1189 2554 1235 2587 I9,
1245 2554 1289 2580 24.
1302 2589 1309 2590 7
1329 2554 1352 2570 9°
1366 2554 1415 2581 Job
1428 2562 1456 2585 v,
1471 2553 1542 2590 13:],
1553 2552 1616 2580 Cor.

998 2590 1020 2605 “
1032 2591 1041 2617 l
1055 2590 1117 2617 Cor.
1131 2597 1170 2623 IV,
1183 2590 1211 2616 5.
1263 2590 1286 2605 ⁸⁵
1300 2589 1373 2617 Psal.
1393 2597 1420 2622 ι,
1433 2590 1460 2616 6.
1498 2589 1522 2606 ³⁸
1535 2589 1616 2616 ltom.

861 2672 917 2709 (89)
929 2672 975 2700 Sic
994 2676 1068 2709 recte
1083 2680 1149 2709 mss.
1166 2672 1262 2709 nostri.
1280 2672 1351 2698 Editi
1365 2679 1428 2698 vero
1440 2675 1468 2697 et
1481 2677 1544 2697 mss.
1557 2668 1617 2703 qui-

827 2707 888 2735 dain
905 2715 1046 2743 perperam
1062 2707 1163 2734 habent
1181 2716 1186 2734 :
1206 2716 1215 2732 ι
1235 2707 1284 2740 Qui
1304 2713 1550 2743 rursumsensnum
1567 2711 1615 2732 va-

829 2744 940 2771 rietates
957 2742 1042 2770 rextra
1061 2743 1146 2770 lineas
1164 2743 1308 2778 proposin
1322 2742 1447 2775 actionis,
1463 2750 1472 2767 ι
1491 2744 1544 2767 etc.

864 2779 920 2815 (9U)
934 2778 974 2805 Al.
988 2798 995 2811 ,
1019 2787 1027 2804 ι
1048 2785 1109 2806 cuin
1129 2778 1189 2806 ait:
1206 2778 1247 2805 Sit
1262 2783 1364 2805 autem.
1383 2785 1393 2802 ι
