1833 3049
235 93 289 120 99.5

235 160 302 180 cere
316 152 373 180 vult
385 159 445 186 qua:
461 150 543 177 fuerit
555 149 594 176 rel
614 153 676 176 ante
695 150 841 176 adventum
866 148 966 176 Christi
978 156 1024 175 sa-
1040 150 1060 177 A

236 197 278 225 lus
307 197 453 224 secundum
470 195 555 228 legem
574 194 729 221 viventibus
747 214 754 226 ,
769 194 809 221 vel
827 194 962 228 quomodo
979 201 1026 228 per

240 242 390 269 Salvatoris
403 241 559 272 adventum,
571 247 678 266 rursum
693 247 725 266 ex
741 239 933 266 incredulitate
945 238 1025 265 lsrael

237 288 313 315 salus
330 287 455 322 gentibus
470 286 649 318 conferatur;
669 290 697 312 et
720 293 828 313 rursum
849 285 920 320 quod
940 292 1027 319 neque

236 341 270 359 cx
290 332 397 367 integro
413 336 518 366 gentes,
536 331 586 358 ttisi
604 337 665 365 quae
673 331 851 363 crediderint,
864 331 977 357 veniant
993 331 1026 357 ad

235 379 370 410 salutent;
387 385 475 412 neque
486 385 518 405 ex
534 378 641 413 integro
668 378 816 413 abjiciatur
845 376 927 404 Israel
946 398 952 409 ,
979 377 1026 404 sed

238 434 247 449 ‹
265 424 386 458 reliquiae
402 433 410 449 t
426 424 596 451 credentium
629 433 637 449 ι
658 424 739 451 salva:
758 433 767 449 ι
784 423 851 450 ﬁant
863 423 897 449 ”.
914 422 948 449 Et
965 423 1026 449 ideo

235 469 377 501 confusus,
395 475 425 497 ut
440 470 508 502 dixi,
524 470 631 497 videtur
643 471 710 497 ordo
727 470 844 502 dicendi,
863 470 925 496 dum
938 470 1026 496 diver-

235 514 332 542 sitates
349 515 516 542 credentium
529 521 557 543 et
571 523 624 542 non
640 515 811 542 credentium
829 515 915 549 partis
927 515 1026 542 utrius-

235 570 289 595 que
301 563 487 596 prosequitur.
513 562 541 590 In
566 563 666 594 quibus
686 563 843 590 necessario
869 569 1024 589 sermonem

236 608 373 634 convertit
384 613 413 635 et
423 609 455 637 ad
466 608 550 636 Dcum
562 608 629 636 utin
643 608 685 635 his
711 609 838 635 omnibus
860 608 1027 642 assumptio-

237 661 300 680 num
324 653 564 687 repulsionumqne
587 653 759 686 differentiis,
788 662 852 682 vera
869 655 979 689 quidem
998 659 1025 682 et

233 697 307 730 jnsta
323 698 368 724 Dei
385 698 482 725 doceat
494 697 678 732 essejudicia,
697 699 812 726 multutn
827 705 916 726 autem
935 700 960 726 in
977 700 1027 726 bo-

237 739 358 767 tninibus
369 741 509 768 abundare
524 742 656 769 mendacii
673 736 726 775 ξεί
747 744 808 771 ideo
829 744 894 771 dicit
909 753 915 770 :
941 753 950 769 ι
966 744 1026 771 Fiat

236 789 326 812 autem
340 787 409 813 Deus
427 793 510 814 verax
524 807 532 820 ,
564 787 654 814 omnis
671 793 761 816 autem
784 789 864 816 homo
880 790 993 817 mendax
1014 798 1022 822 ;

234 833 306 858 s'cut
335 832 466 866 scriptum
485 837 548 860 est:
567 832 602 860 Ut
623 833 784 867 justiticeris
801 835 827 862 iu
852 836 1024 863 sermonibus

236 878 300 909 tuis,
315 882 342 904 et
359 878 452 906 vincas
470 886 530 906 curn
552 879 684 913 judicaris
697 881 717 913 ',
736 889 745 906 ι
772 881 806 908 de
820 882 920 915 quibus
944 887 1025 916 prout

234 922 373 956 potuimus
390 923 417 950 in
438 925 624 959 superioribus
652 926 782 954 diximus.
807 927 847 954 Ad
875 928 933 955 haec
958 936 1024 963 ergo

236 975 307 995 nunc
324 969 417 996 videns
433 977 512 1004 posse
526 971 577 998 sibi
594 979 609 999 e
632 973 770 1000 contrario
782 974 929 1001 verisimile
942 974 1023 1009 objici

234 1014 298 1046 quia
313 1014 334 1040 si
349 1019 377 1041 ut
394 1015 464 1043 Deus
491 1024 573 1044 verax
587 1018 633 1048 sit,
651 1019 808 1046 mendacem
831 1027 893 1047 esse
913 1027 1023 1047 omnem

234 1058 370 1087 hominem
386 1068 497 1089 necesse
510 1067 564 1095 est,
590 1068 617 1090 et
634 1063 657 1090 si
680 1064 787 1099 justitia
803 1065 851 1092 Dei
871 1074 918 1100 per
935 1066 1023 1093 homi-

235 1111 299 1131 num
318 1105 477 1139 injustitiam
490 1109 716 1143 commendatur,
746 1110 863 1144 injustas
890 1111 1024 1139 videbitur

235 1149 316 1183 Deus,
334 1151 380 1185 qui
393 1151 461 1179 iram
477 1153 635 1181 hominibus
651 1154 760 1187 inferat,
776 1163 836 1182 cum
865 1164 913 1191 per
939 1157 1025 1184 ltomi~

234 1203 298 1222 num
317 1196 475 1231 injustitiam
493 1206 569 1226 suam
582 1199 718 1234 justitiam
744 1201 833 1228 videat
853 1204 1022 1237 approbari:

233 1240 257 1266 si
278 1241 350 1268 enim
366 1247 469 1275 nostra,
487 1245 537 1271 hoc
551 1249 604 1277 est,
622 1245 759 1273 hominum
775 1247 904 1282 injustitia
923 1249 968 1276 Dei
980 1249 1024 1283 ju-

232 1286 334 1314 stitiam
353 1290 535 1323 commendat,
554 1298 605 1317 non
622 1292 716 1326 utique
732 1299 810 1326 poena
837 1294 909 1328 digni
935 1295 1024 1322 homi-

232 1341 282 1360 nes
295 1334 459 1363 videbuntur
475 1345 522 1371 per
536 1345 604 1372 quos
614 1338 721 1373 justitia
738 1339 784 1367 Dei
795 1340 962 1374 probabilior
972 1343 1023 1369 ha-

234 1378 312 1404 betur
325 1383 352 1405 et
368 1379 468 1407 clarior
483 1389 489 1407 :
506 1383 559 1409 Sed
576 1383 657 1415 absit,
678 1384 775 1418 inquit,
791 1389 820 1411 ut
834 1385 883 1412 hoc
900 1386 936 1412 ita
954 1387 1022 1414 reci-

233 1423 349 1457 piamus,
366 1425 487 1460 iniquum
503 1427 588 1454 videri
607 1429 690 1456 Deum
704 1430 749 1463 qui
766 1430 877 1457 inducat
892 1431 961 1458 irant
976 1433 1024 1459 ad-

234 1474 342 1494 versum
359 1468 495 1498 homines.
506 1471 648 1504 Quomodo
660 1473 733 1500 enim
750 1474 868 1509 injustus
885 1476 1024 1510 ptttabitur

234 1512 279 1547 qui
292 1512 397 1547 judicat
413 1516 554 1551 mundum,
572 1525 632 1545 cum
653 1518 711 1553 ipso
728 1520 838 1547 nomine
850 1521 950 1555 judicis
967 1523 1022 1558 (91)

233 1559 394 1585 ostendatur
408 1559 474 1587 ttiltil
491 1562 550 1589 sine
563 1562 665 1596 judicio
677 1564 787 1592 facere?
815 1565 865 1593 Ubi
879 1573 967 1594 autem
983 1568 1024 1603 ju-

233 1603 333 1630 dicium
350 1609 402 1637 est,
416 1611 523 1634 constat
539 1615 599 1635 esse
616 1609 763 1643 justitiam.
784 1611 805 1638 A
820 1612 925 1646 justitia
941 1621 1021 1640 nam-

233 1656 286 1682 que
299 1653 326 1676 et
338 1649 420 1683 jndex
440 1653 605 1687 etjttdicium
623 1655 792 1684 nominatur.
806 1656 835 1684 Si
850 1664 924 1692 ergo,
941 1663 968 1685 ut
982 1659 1023 1686 in-

230 1693 296 1728 justi
309 1694 375 1731 (92),
397 1697 494 1731 inquit,
513 1697 592 1734 502
613 1707 664 1727 nos
677 1700 817 1729 allirmare
842 1704 999 1739 contingunt
1014 1725 1021 1737 ,

234 1749 243 1764 ι
261 1741 361 1769 veritas
378 1742 426 1770 Dei
443 1743 469 1770 itt
483 1751 543 1772 meo
563 1745 705 1774 mendacio
721 1747 879 1781 abundavit,
900 1759 909 1775 ι
925 1757 1021 1784 super-

231 1785 285 1812 tluo
308 1795 318 1812 σ
339 1794 388 1822 ego
414 1794 542 1824 tanquam
573 1793 839 1828 peccatorjudicor.
854 1805 862 1820 ι
886 1795 938 1823 Sed
957 1797 1022 1824 illud

232 1832 318 1866 magis
333 1833 468 1862 videbitur
483 1836 508 1862 in
525 1844 579 1871 quo
595 1837 784 1873 blasplremant
811 1848 859 1867 nos
874 1861 881 1873 ,
913 1841 1020 1876 inquit,

229 1877 309 1909 quasi
325 1878 376 1905 ltoc
391 1879 533 1908 videamur
548 1882 639 1910 dicere
653 1904 660 1917 ,
677 1887 739 1911 utst
754 1884 854 1913 veritas
872 1886 918 1912 Dei
934 1887 959 1914 iu
978 1887 1023 1914 lto-

233 1923 337 1950 tninum
355 1926 498 1953 mendacio
513 1929 598 1962 magis
624 1930 792 1962 ostenditur,
806 1936 830 1958 et
844 1931 950 1966 justitia
964 1933 1022 1966 ejus

231 1976 278 2000 per
290 1970 429 1997 hominum
455 1971 614 2006 injusutiam
623 1977 827 2009 comprobatur,
839 1986 848 2002 ι
861 1977 1019 2007 FaciamuSt

232 2022 297 2048 ergo
311 2023 359 2043 nos
377 2025 386 2041 ‹
403 2017 484 2050 tuala,
500 2023 528 2045 ut
548 2028 557 2044 ι
574 2027 606 2047 ex
630 2021 709 2048 malis
729 2031 738 2048 ι
760 2023 887 2049 eveniant
902 2023 992 2057 bona;
1010 2034 1019 2050 ι

231 2066 258 2087 et
271 2061 435 2088 mentiamur
447 2070 506 2095 nos,
524 2069 553 2090 ut
565 2071 597 2091 ex
613 2071 708 2092 nostro
723 2067 864 2094 utendacio
881 2068 928 2095 Dei
952 2070 1022 2096 veri-

230 2111 272 2133 tas
289 2107 431 2135 clarescat.
446 2108 498 2136 Sed
520 2109 577 2137 inec
593 2111 701 2145 quidem
719 2113 752 2139 de
770 2112 847 2140 nobis
864 2114 1022 2149 contingunt

230 2153 451 2187 blasphetttatttes
467 2163 525 2188 nos,
540 2157 610 2190 quod
623 2158 700 2192 quasi
713 2166 746 2185 ex
762 2158 846 2193 ipsius
858 2161 1019 2189 assertionis
1036 2172 1057 2199 ι)

229 2203 331 2226 nostra:
350 2199 409 2235 (95)
427 2203 621 2236 consequentia
636 2206 692 2230 lucc
711 2204 763 2231 dici
781 2204 822 2231 vel
838 2207 966 2240 consequi
981 2208 1019 2234 vi-

229 2243 355 2272 dcantur.
378 2245 453 2279 Quod
476 2248 545 2275 ratio
570 2248 708 2283 dogmatis
734 2250 819 2277 nostri
833 2251 946 2279 omnino
963 2261 1016 2279 non

228 2289 335 2324 recipit,
350 2291 395 2325 qui
414 2291 519 2325 justum
533 2297 558 2319 et
583 2301 677 2320 verum
698 2293 873 2328 intelligimus
895 2295 1016 2329 judicetn

227 2333 324 2361 Deum.
346 2336 493 2364 Sciendum
519 2345 585 2365 sane
606 2344 672 2369 est.
702 2340 773 2373 qttod
800 2340 826 2366 itt
852 2341 1016 2374 quibusdam

224 2379 309 2406 etiam
324 2379 427 2408 Graecis
442 2383 645 2417 exemplaribus
657 2384 696 2411 sic
711 2385 848 2412 invenitur
864 2394 870 2412 :
901 2396 910 2411 ι
943 2385 1017 2413 Nun-

226 2425 290 2458 quid
308 2425 415 2460 iuiquus
433 2429 512 2461 Deus,
527 2429 570 2463 qui
589 2429 670 2456 infert
687 2430 753 2456 iram
777 2431 919 2458 adversum
933 2432 1019 2458 humi-

227 2478 276 2497 nes
287 2471 313 2497 ?t
331 2472 364 2499 Et
380 2475 466 2509 magis
476 2475 717 2511 secundumdtune
732 2485 840 2504 seusutu
859 2477 1019 2504 videbutttttr

262 2551 285 2570 ”
300 2552 381 2581 Rom.
400 2561 439 2587 ιιι,
454 2555 501 2582 ‘27.
540 2556 548 2571 '
561 2557 640 2584 Rom.
652 2564 693 2587 nt.
712 2557 746 2587 ιιι
760 2557 832 2585 Psal.
848 2565 875 2587 ι..
895 2557 921 2585 6.
960 2558 970 2573 ³
984 2557 1055 2586 Psal.

540 2556 548 2571 '
561 2557 640 2584 Rom.
652 2564 693 2589 nt,
712 2557 746 2588 ιιι
760 2557 832 2585 Psal.
848 2565 875 2591 1.,
895 2557 921 2585 6.

389 2644 396 2655 .
413 2633 423 2650 t
442 2633 502 2663 c_u_m
521 2626 546 2653 in
564 2627 621 2661 ipso
638 2628 747 2655 nomine
759 2628 863 2663 judicii.
886 2640 894 2655 ι

332 2659 398 2699 Mss.
413 2661 521 2699 quidam
534 2659 637 2699 crediti
654 2659 794 2697 perperam
811 2665 1013 2698 ltabcnt,tisti.t

264 2695 320 2729 (95)
338 2695 454 2722 Nostrw.
471 2696 549 2723 Deest
566 2697 592 2723 itt
605 2695 686 2724 antea
703 2695 792 2726 editis.

264 2730 319 2765 (9i)
333 2730 376 2756 Al.
388 2751 396 2764 ,
415 2739 424 2756 ι
442 2731 478 2757 Ita
495 2736 522 2758 et
535 2732 558 2760 si
580 2732 714 2767 justitiam
730 2735 801 2761 scire
816 2734 950 2768 volumus,
969 2743 1016 2764 tte-

225 2773 304 2794 ορδερ
320 2770 372 2797 est,
390 2776 399 2791 ι
422 2773 475 2793 etc.

261 2800 320 2838 (95)
336 2800 423 2829 Etlitt:
446 2811 452 2828 t
474 2803 550 2831 nobis
567 2802 608 2831 vel
634 2803 773 2832 inaccessa
787 2809 839 2840 est,
853 2805 894 2834 vel
911 2806 1014 2834 incom-

957 87 1117 116 ORIGENIS
1791 86 1816 112 ἓξ)

1077 154 1135 181 quat
1152 145 1269 173 diximus
1285 144 1439 172 convenire.
1456 143 1612 171 Secundum
1632 143 1681 171 hoc
1708 151 1763 170 vero
1777 148 1822 178 quu‘

1079 192 1105 218 in
1125 191 1229 218 Latinis
1255 189 1468 223 exemplaribus,
1490 195 1517 216 ct
1545 189 1684 216 nonnullis
1708 189 1822 216 Graecam

1078 237 1250 264 invenimus:
1272 244 1281 262 ι
1298 235 1425 270 Nunquid
1455 235 1563 269 iniquus
1594 235 1684 267 Deus,
1707 235 1749 269 qui
1772 236 1819 261 inim

1077 283 1162 310 iram?
1181 282 1336 309 Secundum
1353 281 1490 308 hominem
1503 281 1556 308 dic.
1589 281 1683 313 Absit;
1707 290 1716 306 ι
1731 281 1762 307 ita
1774 281 1821 306 itter

1077 328 1214 363 ligendqu
1236 327 1353 354 videtur.
1368 326 1424 353 lloe
1441 326 1513 360 quod
1530 326 1630 352 dicitur
1646 335 1656 350 ι
1675 325 1771 360 iniquus
1781 325 1822 351 Dm

1076 375 1121 409 qui
1137 374 1221 401 infert
1248 374 1326 406 iram,
1353 383 1361 399 ι
1389 381 1438 408 pro
1453 380 1486 400 eo
1502 373 1574 407 quod
1589 382 1598 398 ι
1619 373 1749 407 injustitia
1764 379 1822 398 nostri

1073 419 1206 453 justitiam
1221 420 1268 447 Dei
1288 420 1474 450 commendat,
1495 428 1504 445 )
1523 426 1575 445 non
1595 419 1742 446 secundum
1754 418 1820 447 Deum.

1077 472 1164 499 neque
1180 464 1330 491 secundum
1353 464 1517 499 sapientiam
1536 463 1582 490 Dei
1600 464 1714 496 dicitur,
1728 464 1768 490 sed
1781 473 1787 488 t
1798 472 1822 490 se

1076 510 1192 537 cundum
1208 510 1357 543 hominem,
1369 519 1378 535 ι
1394 514 1421 537 et
1433 509 1585 537 secundum
1606 509 1658 536 hoc
1682 509 1748 544 quod
1761 510 1822 535 dlElLill

1079 556 1191 583 «omnis
1215 556 1297 583 homo
1323 555 1441 582 mendax
1462 556 1484 581 ¹.
1501 565 1510 581 ι
1541 554 1606 582 Haec
1631 559 1721 582 autem
1747 555 1822 581 diximus

1076 601 1163 636 ipsuut
1185 602 1274 628 adhuc
1286 601 1410 628 ordinent
1429 608 1586 628 sermonum
1605 606 1633 628 et
1648 601 1773 628 dictorum
1786 608 1822 627 ωιμ

1076 648 1247 682 sequentiam
1263 651 1479 682 pertractantes,
1493 651 1522 674 nt
1539 647 1640 675 divisio
1654 647 1708 681 ipsa
1722 646 1822 673 verberant

1076 693 1237 726 apertiorem
1257 694 1336 721 nobis
1363 693 1464 719 faceret
1498 693 1671 727 intelligendi
1693 693 1764 719 viam.
1778 692 1822 718 Nunt

1075 746 1142 765 vero
1159 739 1214 773 jam
1228 739 1317 773 qualis
1340 740 1365 766 in
1378 739 1421 766 his
1442 738 1616 766 sermonibus
1629 738 1822 765 habeatursensu

1076 785 1226 811 secundum
1258 785 1443 819 dignationem
1476 785 1658 819 apostolicam
1687 786 1822 819 requiramus

1043 828 1061 855 Β
1078 829 1174 857 Omnis
1189 830 1331 865 disciplina
1355 838 1388 857 ex
1414 831 1564 865 prosperis,
1580 835 1607 856 et
1631 837 1665 856 ex
1681 831 1792 859 adrersis.
1804 836 1822 857 ut

1077 876 1222 902 contrariis
1231 880 1349 902 constat.
1361 875 1440 902 Verbi
1456 876 1559 910 gratia:
1581 876 1716 903 medicina
1725 875 1822 902 scierunt:

1077 928 1129 947 non
1146 921 1233 947 solum
1263 921 1401 953 sanitatis,
1426 922 1473 948 sed
1488 926 1514 948 et
1544 921 1686 956 languoris
1705 921 1822 956 proﬁtetur:

1075 971 1101 993 et
1116 967 1239 1000 quamvis
1257 967 1384 993 sanitatis
1404 967 1523 993 studium
1539 972 1616 1001 gerat
1631 988 1639 999 ,
1663 975 1714 993 nou
1732 973 1822 1002 potest;

1078 1020 1137 1038 men
1157 1014 1262 1039 nescire
1279 1020 1338 1046 quae
1359 1013 1497 1047 languoris
1510 1018 1585 1041 sunt.
1614 1013 1744 1040 Similiter
1757 1020 1778 1040 ct
1790 1021 1822 1046 pm

1076 1058 1165 1085 dentia
1183 1065 1230 1093 per
1243 1058 1307 1085 boni
1326 1063 1353 1085 et
1366 1058 1430 1084 ntali
1443 1058 1586 1085 scientiam
1606 1065 1715 1086 constat
1731 1070 1736 1087 :
1751 1066 1774 1087 et
1786 1065 1822 1087 ιη

1076 1104 1200 1138 perantia
1214 1111 1275 1139 quae
1292 1104 1415 1139 eligenda
1432 1108 1459 1130 ct
1473 1111 1533 1137 qua:
1547 1106 1672 1131 carenda
1691 1108 1750 1137 sint,
1765 1111 1822 1131 nom

1075 1154 1102 1176 et
1121 1149 1254 1177 fortitudo
1268 1158 1321 1177 non
1339 1151 1446 1184 ignorat
1468 1158 1528 1184 quae
1558 1149 1593 1177 ad
1610 1150 1773 1178 formidinem
1795 1158 1822 1183 tr:

1076 1197 1162 1221 ctant.
1174 1192 1211 1221 ita
1222 1195 1367 1229 etjustitia.
1381 1194 1409 1221 Si
1422 1194 1493 1221 scire
1511 1194 1640 1222 volumus
1657 1197 1720 1230 quid
1735 1202 1769 1222 est
1781 1196 1822 1228 justi

1077 1239 1122 1273 tia,
1136 1247 1246 1267 necesse
1259 1245 1299 1266 est
1312 1238 1367 1275 (94)
1378 1247 1426 1266 nos
1438 1240 1507 1267 scire
1514 1241 1580 1275 quid
1593 1247 1635 1267 est
1647 1242 1769 1275 ittjustitia
1779 1251 1782 1266 :
1794 1249 1822 1267 (at

1075 1289 1163 1312 autem
1182 1285 1288 1319 plenam
1304 1285 1445 1312 scientiam
1471 1285 1613 1319 injustitia:
1635 1289 1789 1322 ceperimus,
1812 1294 1822 1313 ε

1076 1330 1132 1364 ipsa
1150 1338 1210 1365 qua:
1221 1331 1258 1357 sit
1271 1331 1353 1357 etiam
1367 1329 1472 1364 justitia
1488 1339 1709 1366 cognoscemus:
1723 1341 1774 1359 cum
1786 1332 1822 1358 eiIu

1075 1377 1203 1404 claruerit
1235 1377 1299 1411 quid
1330 1378 1365 1404 sit
1389 1379 1542 1413 iujustum.
1574 1386 1772 1412 consequenter
1794 1386 1822 1416 qu;

1075 1423 1156 1449 etiam
1171 1422 1275 1456 justum
1292 1424 1326 1451 sit
1346 1425 1496 1459 apparebit.
1514 1425 1546 1451 Et
1569 1426 1704 1459 quoniam
1718 1423 1822 1458 justidzi

1077 1469 1130 1496 Deo
1146 1475 1197 1501 est,
1216 1469 1294 1504 cujtts
1306 1475 1402 1497 natura
1420 1471 1540 1498 humano
1550 1472 1645 1498 sensui
1661 1471 1788 1498 inaectsa
1799 1474 1822 1497 et

1075 1515 1209 1549 iniustitia
1225 1523 1290 1543 vero
1315 1517 1341 1543 iu
1369 1517 1448 1544 nobis
1464 1517 1625 1544 hominibus
1640 1537 1648 1549 ,
1673 1516 1716 1544 vel
1731 1518 1799 1543 etiam
1818 1516 1822 1543 i

1074 1567 1236 1594 unaquaque
1252 1561 1406 1588 rationabili
1419 1566 1545 1589 creatura
1558 1561 1694 1593 habetur;
1710 1569 1742 1588 ex
1757 1563 1822 1590 hacta

1075 1610 1132 1633 slra
1155 1605 1287 1641 injustitia
1301 1614 1361 1641 qua:
1381 1607 1460 1634 nobis
1486 1611 1549 1634 nota
1577 1612 1630 1639 est,
1651 1607 1696 1634 illa
1717 1615 1771 1642 quae
1786 1606 1822 1632 nub

1075 1651 1147 1679 velut
1163 1652 1302 1679 inaccessa
1321 1657 1372 1684 est,
1390 1657 1417 1679 et
1431 1652 1721 1687 incomprehensibilis
1734 1673 1741 1685 ,
1763 1652 1822 1684 Dviijl

1074 1698 1148 1725 stitia
1162 1697 1218 1732 (95)
1234 1698 1417 1733 cognoscitur,
1435 1704 1462 1726 et
1473 1699 1697 1731 commendatur,
1712 1704 1738 1726 et
1753 1699 1822 1725 velu-t

1074 1744 1214 1770 contrario
1228 1744 1397 1771 contrarium
1421 1744 1555 1778 proditur.
1586 1743 1671 1772 Notat
1688 1744 1770 1780 igitur
1795 1750 1822 1777 ap

1074 1789 1161 1816 stolus
1179 1789 1278 1817 Paulus
1290 1789 1454 1824 itnperitiam
1471 1789 1527 1823 (96)
1545 1797 1658 1823 eorum,
1676 1790 1725 1825 qui
1743 1791 1822 1817 incursi

1073 1840 1201 1870 qneutem
1217 1834 1348 1869 objiciunt
1373 1835 1552 1870 quastionem
1567 1855 1576 1867 ,
1599 1840 1731 1870 putantes
1746 1836 1822 1869 inique

1073 1887 1132 1908 esse
1151 1881 1232 1907 Deum
1251 1882 1296 1915 qui
1312 1881 1379 1907 iram
1394 1881 1420 1907 in
1441 1881 1598 1908 hominibus
1612 1882 1747 1913 inducat,
1763 1888 1802 1915 pro
1818 1885 1822 1905 t

1073 1927 1144 1962 quod
1158 1926 1264 1962 justitia
1280 1926 1339 1961 ejus
1351 1934 1385 1953 ex
1406 1931 1501 1953 nostra
1513 1927 1622 1961 justitia
1639 1928 1822 1954 commendent

1074 1973 1230 2007 ignorantes
1245 1977 1336 1999 autem
1352 1980 1404 1999 non
1416 1978 1591 2007 peccatorum
1610 1978 1768 2000 nostrorum
1784 1975 1822 1998 lucu

1074 2019 1146 2051 licio,
1161 2020 1208 2046 sed
1225 2019 1307 2052 ipsius
1325 2018 1438 2044 rationis
1457 2018 1515 2045 fieri
1531 2019 1749 2053 consequentia,
1760 2023 1783 2044 ut
1795 2023 1822 2043 cal

1073 2064 1159 2092 traria
1176 2072 1208 2091 ex
1229 2063 1373 2092 contrariis
1393 2063 1592 2098 approbentur.
1612 2063 1677 2091 Ideo
1695 2072 1759 2098 ergo
1773 2062 1822 2089 sica

1073 2111 1110 2137 cit
1123 2109 1267 2145 Apostolus
1284 2119 1290 2136 :
1305 2118 1314 2136 ι
1333 2109 1361 2136 Si
1376 2115 1466 2137 autern
1491 2109 1625 2144 ittjustitia
1641 2115 1737 2137 nostra
1761 2110 1796 2136 De
1809 2115 1822 2141 μ

1075 2155 1179 2183 stitiam
1198 2155 1371 2183 commendat
1385 2175 1391 2187 ,
1415 2156 1479 2189 quid
1504 2156 1650 2183 dicemus?
1671 2155 1791 2190 Nunquid
1807 2155 1822 2179 in

1073 2210 1142 2237 quus
1162 2201 1241 2234 Deus,
1259 2202 1306 2236 qui
1332 2201 1415 2228 infert
1441 2201 1528 2228 iram?
1551 2202 1713 2228 Secundum
1732 2202 1822 2228 bonum

1072 2248 1142 2276 dico.
1159 2248 1247 2275 Absit.
1264 2248 1391 2282 Alioquin
1403 2247 1539 2282 quomodo
1551 2248 1691 2282 iudicabit
1706 2249 1772 2275 Deus
1784 2253 1822 2272 ltiti

1071 2294 1134 2320 (lunt
1147 2294 1156 2309 ³
1168 2294 1179 2321 ?
1192 2303 1201 2320 ι
1218 2293 1277 2321 Νοιι
1294 2294 1391 2329 ειεοῇιι
1408 2293 1458 2320 hoc
1468 2293 1578 2328 iniquus
1590 2295 1761 2329 approbatur
1773 2293 1822 2319 thtt

1070 2340 1092 2367 si
1111 2339 1260 2374 disciplina:
1278 2340 1345 2367 ratio
1360 2339 1415 2375 (97)
1430 2339 1570 2367 contraria
1595 2347 1630 2367 ex
1647 2340 1791 2367 contrariis
1810 2344 1822 2370 at

1070 2386 1177 2420 probat,
1192 2390 1219 2412 et
1235 2394 1265 2412 ex
1282 2385 1414 2420 injustitia
1437 2385 1574 2420 justitiam
1603 2386 1777 2413 commendat
1790 2394 1795 2409 :
1810 2389 1822 2408 et

1071 2439 1131 2458 cum
1157 2431 1230 2458 otnni
1261 2431 1456 2466 consequentia
1487 2432 1568 2465 digne
1586 2434 1742 2466 meritoque
1759 2432 1822 2457 inim

1071 2483 1153 2505 estet
1171 2477 1333 2505 adversatur
1349 2477 1406 2514 (98)
1422 2477 1564 2513 iujustitize
1577 2478 1701 2513 justitia,
1722 2478 1789 2506 sicut
1808 2476 1822 2501 iu

1069 2566 1131 2590 cxv,
1149 2558 1192 2586 il.
1231 2559 1241 2574 '
1259 2559 1336 2586 liora.
1354 2566 1396 2593 nt,
1415 2558 1443 2592 5,
1457 2558 1482 2586 ϐ.

1068 2631 1264 2665 prebensibilis
1278 2631 1324 2658 Dei
1341 2631 1459 2666 justitia,
1474 2642 1485 2658 ›
1500 2637 1556 2660 etc.

1117 2666 1164 2701 96)
1178 2667 1220 2693 Al.
1235 2686 1243 2698 ,
1261 2676 1269 2691 ι
1285 2667 1423 2701 injuriam.
1441 2676 1450 2693 ι

1115 2702 1158 2734 97)
1173 2702 1259 2733 Alias,
1273 2711 1282 2727 ι
1302 2703 1416 2730 ratione.
1437 2711 1447 2728 ι

1104 2737 1160 2772 (98)
1179 2736 1249 2764 Editi
1263 2756 1270 2769 ,
1291 2745 1300 2761 ι
1315 2737 1395 2773 digne
1409 2737 1518 2773 merito,
1535 2739 1602 2774 quia
1622 2738 1738 2767 inimica
1750 2742 1787 2765 est
1802 2738 1822 2765 gl

1069 2772 1237 2806 adversatur,
1255 2781 1264 2799 t
1283 2776 1336 2800 etc.
