1831 3049
3 134 28 160 £3
456 136 633 165 COMMENT.
656 138 689 165 IN
710 135 818 164 El‘iST.
841 139 885 165 Al)
906 139 988 167 ltOM.
1011 139 1073 167 LIB.
1097 139 1140 166 lll.

1556 142 1609 172 9‘26

7 195 47 222 ica
64 199 91 222 et
110 193 226 222 adversa
241 199 282 222 est
298 194 350 221 vita
367 196 458 229 morti,
479 201 506 223 et
524 196 569 223 lux
588 197 719 224 tenebris.
738 197 768 224 Et
784 197 806 224 Α
822 204 881 232 post
901 199 958 225 hzrc
975 198 1064 224 facere
1079 206 1139 225 cum
1166 198 1244 224 delun
1263 201 1325 225 tunc
1347 207 1407 225 cum
1434 200 1485 226 erit
1503 209 1512 226 ι
1537 201 1607 229 flens

6 250 36 267 ιἰ)
56 241 157 268 dicitur
175 241 245 267 Detts
271 241 297 267 in
323 249 378 276 qtto
394 245 436 268 est
450 241 566 276 jttstitia,
580 242 680 269 inferre
697 243 764 269 iram

3 286 132 313 )miuibus
146 286 172 312 itt
193 286 292 320 quibus
318 287 423 314 habitat
448 287 593 322 injuslitia.
611 288 670 316 Ista:
691 290 763 316 ettitn

3 334 26 360 lvi
44 333 208 360 naturaliter
222 334 412 361 adversantur.
429 334 461 361 Et
480 336 617 368 quomodo
633 336 715 362 etiam
731 344 764 363 ett

5 388 26 406 te
39 379 229 414 ipsoiujustus
243 379 377 407 videbitur
394 380 534 415 Deusrqui
552 381 710 409 adversatur
722 382 764 409 itt-

5 426 83 452 stitite
94 426 107 451 ἲ
122 425 156 452 Ει
173 425 274 452 idcirco
294 425 420 453 fortassis
437 434 488 452 non
504 426 573 453 dixit
597 427 741 460 Apostolus
756 447 763 459 ,

3 473 35 499 tia
52 479 100 499 nos
113 471 238 498 homines
270 471 362 506 iujusti
392 473 615 500 commendamus
627 474 763 508 justitiam

3 518 21 545 ei
37 527 44 550 ;
60 518 106 544 sed
132 517 189 544 ait:
207 526 215 543 t
236 517 265 544 Si
295 517 429 551 injttstitia
446 523 538 545 nostra
563 518 611 546 Dei
626 519 762 552 justitiam

3 562 165 590 unmendat:
182 571 191 588 ι
212 567 240 589 ιιι
253 563 409 590 ostenderet
427 570 480 590 tton
493 563 575 590 Deum
595 565 761 598 hominibus,

3 608 22 635 id
38 608 168 642 justitiam
189 608 330 642 injustitiae
342 615 401 635 esse
414 609 596 636 contrariam:
615 610 704 637 induci
719 619 764 638 att-

6 662 27 679 tn
47 653 205 681 hominibus
225 654 294 681 iratn
310 662 358 688 pro
374 661 405 681 eo
420 655 492 688 quod
509 655 535 681 in
552 657 706 691 semetipsis
723 657 761 684 lo-

3 708 33 725 tm
47 699 186 734 injustitia:
199 700 331 728 dederint.
347 700 405 728 Non
421 709 483 736 ergo
499 702 614 736 injustus
628 704 763 730 videbitur

3 753 42 772 aus
56 745 100 779 qui
118 750 159 772 est
172 745 291 779 justitia,
306 753 367 773 eum
391 746 520 773 irascitur
540 747 672 775 adversus
690 749 761 783 inju-

5 789 76 816 itiam
95 809 103 822 ,
125 790 168 817 cui
197 798 259 817 eum
278 798 331 817 non
350 791 428 818 decet
443 798 501 818 esse
512 792 659 826 propitium
678 802 684 820 :
714 794 762 821 sed

3 837 94 864 :rvenit
111 839 150 864 ira
178 837 237 864 haec
252 838 334 864 etiam
357 838 383 864 in
402 839 537 871 homines,
563 840 608 874 qui
626 847 656 866 se
679 840 759 866 llllltl-

3 891 41 909 ros
71 882 226 917 injustiliae,
242 883 286 910 cui
311 883 383 910 Deus
411 884 557 918 irascitur,
574 886 757 919 praebuerunt.

3 936 62 963 aque
84 929 156 955 enim
176 929 203 956 in
222 929 276 956 ullo
294 933 382 964 potest
398 931 548 958 subsistere
572 931 703 966 injustitia
719 932 760 959 vel

4 975 27 1010 9)
46 975 149 1010 justitia
168 985 175 1003 :
205 976 253 1003 sed
270 977 340 1004 sicut
361 977 468 1012 justitia
492 977 604 1005 effectus
630 984 670 1005 est
692 979 759 1014 justi

3 1022 89 1054 letique
105 1022 209 1056 operis,
226 1022 270 1056 qui
285 1023 373 1058 primo
389 1024 415 1050 in
432 1023 497 1057 Deo,
509 1028 564 1051 tum
579 1025 661 1052 etiatn
678 1027 704 1053 itt
717 1027 760 1054 his

3 1067 19 1093 ti
34 1067 172 1095 imitantur
188 1075 263 1100 eum,
279 1068 416 1096 invenitur
432 1078 438 1096 :
466 1070 503 1096 ita
521 1075 548 1097 et
563 1071 695 1105 injustitia
716 1072 759 1098 ef-

3 1118 55 1140 ctus
67 1119 112 1153 est.
129 1114 197 1149 justi
215 1115 348 1149 pravique
372 1116 473 1150 operis,
492 1116 536 1150 qui
553 1117 642 1150 primo
658 1118 683 1144 in
698 1118 757 1144 dia-

3 1159 43 1191 )lo,
58 1164 111 1187 tum
128 1161 214 1187 etiam
242 1161 268 1188 in
286 1161 328 1188 Itis
338 1162 384 1196 qui
401 1169 462 1188 eum
476 1161 567 1189 volunt
586 1163 698 1196 itnitari,
713 1165 760 1191 de-

3 1205 154 1233 'eheuditur.
177 1206 213 1233 Et
228 1206 288 1233 ideo
310 1206 391 1240 digne
412 1207 453 1233 eis
470 1206 509 1233 ira
538 1213 705 1235 memoratur
720 1208 760 1234 in-

5 1252 48 1283 rri,
68 1252 192 1286 quamvis
206 1260 239 1280 ex
253 1252 386 1287 iujustitia
401 1260 494 1280 eorum
518 1255 589 1280 velut
605 1261 636 1280 ex
651 1259 760 1281 contra-

3 1305 15 1324 ο
25 1297 143 1324 videatur
154 1297 202 1325 Dei
221 1297 354 1326 claruisse
369 1298 486 1332 justitia.
500 1297 629 1325 Poterant
642 1306 759 1333 namque

3 1348 39 1371 tut
55 1348 214 1378 receperunt
235 1344 262 1371 in
289 1352 318 1372 se
346 1344 472 1371 attentum
491 1345 530 1379 (Ι)
555 1345 647 1380 injusti
671 1345 760 1380 pravi-

3 1397 25 1416 te
48 1391 134 1424 operis
151 1411 158 1421 ,
182 1390 268 1417 multo
295 1390 382 1424 magis
403 1390 469 1425 justi
485 1391 608 1425 rectique
626 1391 757 1426 recipere.

3 1440 48 1462 Iste
75 1436 156 1470 igitur
185 1443 202 1463 a
242 1436 297 1463 Deo
327 1436 366 1462 ira
403 1443 485 1469 super
512 1444 607 1463 omnes
635 1437 759 1465 homines

5 1480 60 1508 duci
73 1482 180 1509 dicitur.
208 1481 248 1509 llli
280 1481 353 1508 enim
380 1482 406 1508 in
429 1483 527 1516 quibus
556 1482 596 1509 ira
628 1490 680 1509 non
710 1483 759 1509 ha-

817 245 907 271 omnia
933 244 959 270 in
980 244 1106 270 omnibus
1132 244 1153 269 ’.
1177 253 1186 269 ι
1214 243 1252 270 Ad
1279 245 1352 271 hunc
1376 251 1466 272 autem
1495 254 1606 274 sensum

817 291 898 318 etiam
917 290 981 316 illud
996 289 1127 323 applicari
1141 293 1240 323 potest,
1254 290 1362 323 quodin
1376 289 1474 317 Genesi
1490 291 1605 318 dicitur:

820 345 828 361 ι
840 336 1052 369 'l‘empttsomnis
1065 335 1182 362 hominis
1193 335 1266 361 vertit
1277 336 1301 361 iu
1313 341 1458 370 conspectu
1470 338 1577 363 meo":
1593 348 1602 363 ι

817 387 846 409 ιιι
868 390 919 409 ιιοιι
935 382 1020 408 solum
1045 382 1077 409 de
1094 381 1139 408 illo
1158 385 1220 407 tunc
1239 381 1332 408 diluvii
1355 387 1476 416 tempore
1500 382 1602 410 dicttttn

815 433 934 462 putetur,
952 429 1000 454 sed
1020 433 1046 454 et
1066 428 1099 454 de
1118 428 1248 462 mysterio
1266 427 1411 462 baptismi;
1427 430 1604 462 quemadmo-

816 475 879 501 dum
899 474 963 500 dicit
980 473 1119 508 apostolus
1136 473 1232 500 l’ctrus
1257 474 1288 505 ”,
1309 473 1371 507 quia
1390 474 1459 500 sicut
1481 479 1543 502 tunc
1571 483 1604 502 ex

816 520 919 546 diluvio
943 519 1034 545 salvus
1061 519 1148 545 factus
1166 524 1205 545 est
1227 519 1292 551 Noe,
1319 520 1355 545 ita
1375 525 1402 546 et
1425 527 1495 547 nunc
1522 520 1604 547 simili

816 564 902 590 forma
924 563 1152 598 perbaptismum
1167 563 1233 589 salvi
1250 563 1317 589 ﬁant
1331 565 1485 591 credentes.
1511 565 1543 591 Et
1567 566 1602 592 ita

814 614 904 644 potest
928 610 981 636 hoc
997 609 1067 643 quod
1086 609 1165 639 dicit,
1190 619 1199 634 ι
1221 613 1328 644 tempus
1348 610 1438 637 omnis
1459 611 1576 638 hominis
1593 622 1601 636 ι

815 657 970 688 advenisse,
986 657 1100 691 intelligi
1121 657 1153 683 ad
1169 657 1297 689 salutem,
1320 663 1347 684 ut
1360 665 1408 693 per
1425 658 1539 692 gratiam
1554 658 1602 684 ba-

815 701 907 736 ptismi
923 703 1068 730 credentes
1086 703 1272 738 intelligantur
1291 711 1324 730 ex
1343 704 1502 731 hominibus
1519 703 1545 730 iu
1559 712 1605 730 su-

814 749 949 783 periorem
976 749 1100 776 ordinem
1123 750 1318 783 commutandi,
1345 758 1405 777 cum
1427 750 1485 777 dies
1511 758 1604 777 resur-

815 795 945 821 rectionis
965 795 1116 828 advenerit,
1139 796 1182 823 tibi
1199 797 1285 823 sancti
1303 797 1402 830 quique
1420 805 1429 822 ι
1448 801 1529 823 erunt
1549 797 1603 823 sic-

814 844 843 866 ut
868 841 954 874 angeli
979 841 1026 867 Dei
1049 841 1079 868 ".
1097 850 1106 866 )
1123 841 1184 868 ll.ec
1194 843 1225 868 de
1248 850 1280 869 co
1296 843 1367 876 quod
1386 842 1486 869 dictum
1505 847 1547 869 est
1561 842 1602 868 u:

815 896 824 912 ι
842 886 968 921 Nunquid
984 887 1092 921 iniquus
1108 887 1179 914 Deus
1195 887 1240 921 qui
1257 887 1339 914 infert
1353 887 1432 918 iram,
1448 897 1458 912 ι
1475 888 1514 914 vel
1529 897 1538 912 ι
1553 889 1601 914 atl—

811 940 918 959 versum
937 933 1071 964 homines,
1089 942 1098 958 ι
1121 937 1148 959 ιιι
1173 933 1198 959 iu
1220 933 1381 968 quibusdam
1401 934 1603 967 exemplaribus

811 978 863 1010 legi
887 979 1015 1011 diximus,
1044 979 1098 1011 vel,
1127 984 1155 1006 ut
1182 987 1232 1006 nos
1258 979 1399 1010 trahemus,
1420 989 1428 1003 ι
1453 979 1600 1006 secundum

811 1023 951 1050 hominem
976 1024 1045 1050 dico.
1068 1023 1160 1056 Absit,
1178 1034 1187 1050 ι
1211 1029 1290 1059 prout
1306 1032 1452 1051 occurrere
1467 1024 1602 1058 nobiSpO-

813 1068 874 1101 luit,
898 1068 970 1095 dicta
995 1068 1059 1095 sint.
1088 1068 1166 1101 Quod
1183 1074 1273 1095 autent
1291 1069 1328 1095 ait
1343 1080 1348 1095 ι
1366 1077 1375 1093 ι
1391 1069 1517 1102 Alioquin
1531 1076 1600 1102 quo-

811 1115 891 1142 modo
913 1115 1046 1148 jutlicahit
1072 1115 1143 1142 Deus
1168 1115 1299 1142 tnunduut
1324 1115 1355 1148 η,
1384 1124 1393 1140 ι
1417 1115 1443 1141 ia
1466 1115 1516 1142 hoc
1542 1115 1602 1142 loco

814 1171 822 1188 ι
839 1161 966 1188 mundum
982 1171 990 1187 ι
1005 1162 1131 1188 homines
1149 1161 1194 1196 qtti
1223 1161 1248 1187 in
1270 1163 1320 1188 hoc
1336 1161 1434 1187 mttndo
1447 1166 1509 1187 sunt
1524 1161 1601 1194 dicit,

811 1207 881 1234 sicut
899 1211 927 1233 et
946 1206 1009 1233 alibi
1027 1207 1152 1240 legimus,
1178 1215 1187 1231 ι
1203 1205 1265 1240 quia
1280 1206 1367 1232 omnis
1383 1205 1602 1232 mundusinma-

811 1252 884 1286 ligno
901 1252 1005 1286 positus
1018 1257 1060 1278 est
1072 1251 1092 1266 ¹⁸
1107 1260 1114 1284 ;
1131 1261 1139 1277 ι
1155 1252 1226 1286 quod
1251 1251 1344 1286 utique
1361 1251 1486 1277 homines
1507 1251 1552 1284 qui
1572 1251 1599 1277 in

811 1298 862 1325 hoc
879 1296 978 1324 mundo
1000 1297 1136 1329 habitant,
1153 1297 1179 1323 in
1193 1297 1297 1323 malitia
1314 1303 1374 1323 esse
1390 1296 1493 1330 positos
1505 1300 1601 1323 osten-

811 1343 859 1370 dit.
876 1343 942 1370 Post
960 1343 1075 1378 hocjam
1093 1343 1235 1370 videamus
1258 1341 1394 1376 quomodo
1423 1341 1526 1368 dictum
1543 1341 1598 1369 sit:

813 1399 822 1415 ‹
840 1389 868 1418 Si
887 1391 959 1416 enim
975 1389 1077 1416 veritas
1094 1389 1140 1416 Dei
1157 1389 1182 1415 in
1202 1396 1261 1415 meo
1285 1388 1428 1415 mendacio
1452 1387 1600 1414 abundavit

811 1434 837 1460 in
853 1433 968 1467 gloriam
985 1433 1080 1467 ipsius.
1099 1442 1108 1458 ι
1125 1431 1214 1459 Multa:
1230 1437 1295 1459 sunt
1315 1433 1342 1459 itt
1359 1433 1411 1459 hoc
1426 1433 1526 1458 mttndo
1539 1432 1602 1459 reli-

810 1479 919 1513 gionum
933 1480 1049 1513 species,
1064 1479 1156 1506 multze
1170 1479 1394 1514 philosophorum
1409 1483 1501 1511 sectte,
1516 1479 1599 1505 multa

3 1531 19 1553 ει
42 1527 146 1559 locum,
172 1528 231 1563 jam
261 1536 314 1555 non
342 1528 467 1556 homines
483 1548 490 1560 ,
527 1529 574 1556 sed
606 1537 688 1563 supra
714 1529 793 1563 lto-C
811 1526 937 1560 dogmata
959 1525 1035 1552 falsis
1051 1525 1251 1552 assortionibus
1271 1525 1379 1557 tradita,
1393 1531 1419 1551 et
1432 1525 1601 1559 argumentis

8 1574 58 1601 ines
73 1575 151 1610 503
167 1574 322 1609 appeilandi
339 1579 413 1602 sunt.
427 1574 459 1600 Et
475 1580 618 1610 propterea
631 1574 756 1602 fortassis

3 1621 43 1646 lem
58 1621 190 1655 apostolus
208 1620 308 1647 Paulus
330 1620 362 1647 de
379 1620 505 1648 omnibus
523 1620 678 1648 hominibus
695 1629 757 1656 pro:

3 1666 74 1692 autiat
93 1667 196 1698 dicens,
212 1667 275 1701 quia
293 1675 302 1692 ι
319 1673 430 1694 eramus
453 1671 549 1692 natura
567 1666 613 1692 lilii
627 1666 685 1699 irae,
704 1667 757 1694 sic-

3 1715 48 1738 tet
67 1713 153 1739 caeleri
173 1712 195 1738 ⁸.
213 1721 223 1738 ι
241 1711 302 1739 Non
328 1712 401 1738 enim
425 1711 504 1743 dixit,
532 1720 540 1737 s
572 1711 687 1738 Eramus
710 1712 755 1739 ﬁlii

3 1765 54 1787 πη
74 1759 118 1785 sed
131 1759 254 1785 addidit:
272 1768 281 1783 ι
299 1758 414 1786 Eramus
432 1763 528 1784 natura
547 1757 592 1784 filii
612 1758 670 1789 iraa,
686 1758 757 1785 sicut

17 1804 109 1830 caueri.
126 1814 135 1830 ι
150 1804 252 1832 Omnes
275 1804 347 1831 enim
370 1804 497 1831 homines
517 1808 613 1830 natura
639 1805 685 1831 lilii
711 1805 757 1831 ita:

3 1847 60 1876 lecti
77 1855 149 1882 sunt,
171 1858 205 1877 ex
231 1857 264 1877 eo
286 1850 356 1884 quod
380 1850 509 1877 erantdii
528 1854 555 1876 et
577 1850 624 1876 ﬁlii
639 1850 755 1884 Excelsi,

3 1902 61 1927 iper
76 1896 124 1923 hoc
142 1896 268 1923 homines
294 1895 422 1929 appellati
446 1900 518 1922 sunt.
547 1896 663 1922 Attende
684 1897 756 1922 (‘tllttt

3 1939 121 1974 ligentius
134 1942 271 1976 quomodo
280 1942 345 1969 dicit
356 1942 366 1957 ³
379 1951 384 1969 :
401 1950 409 1966 ι
425 1941 481 1977 Ego
493 1942 547 1968 dixi
561 1951 568 1970 :
586 1941 625 1968 Dii
639 1943 715 1973 estis.
730 1948 757 1969 et

3 1985 21 2011 lii
43 1986 158 2021 Excelsi;
181 1997 190 2013 ι
213 1992 240 2015 et
273 1988 387 2020 addidit,
415 1996 424 2013 ι
449 1995 544 2014 omnes
574 1996 630 2014 vos.
657 1997 665 2014 ι
693 1988 758 2022 Quae

6 2031 85 2064 ljectio
100 2042 180 2062 omne
195 2034 276 2061 simul
299 2034 350 2061 sub
373 2034 423 2061 hoc
443 2035 521 2062 titulo
547 2036 697 2062 humanmu
721 2035 757 2062 si-

3 2078 80 2105 uiticat
103 2088 188 2115 genus
213 2088 366 2108 connexum
393 2081 442 2117 ('2).
469 2081 591 2116 Denique
611 2082 637 2108 itt
661 2089 757 2108 consc-

3 2124 113 2152 ucntibus
127 2127 214 2154 dicit:
234 2135 243 2152 ι
272 2127 323 2155 Vos
342 2134 431 2155 autem
457 2134 485 2154 ιιι
512 2127 637 2154 horuincs
656 2127 756 2153 morie-

3 2168 38 2196 .ini
51 2171 70 2197 ⁸.
83 2181 92 2198 ι
106 2172 179 2201 Unde
192 2178 217 2201 et
235 2173 300 2201 illud
313 2175 385 2208 quod
398 2175 529 2208 scriptum
544 2178 586 2201 est
598 2174 607 2188 ⁷
622 2182 628 2200 :
641 2182 650 2198 ι
667 2173 697 2199 lit
713 2180 756 2200 rc-

11 2217 97 2250 gitavit
117 2219 189 2248 Deus
206 2221 269 2255 quia
293 2220 356 2248 fecit
378 2220 514 2247 hominem
530 2227 611 2253 super
630 2224 729 2246 terram
745 2226 753 2250 -,

19 2265 134 2295 paenituit
151 2267 177 2293 in
196 2267 276 2294 corde
296 2274 355 2300 suo,
379 2272 406 2294 et
434 2266 502 2294 dixit
528 2266 601 2293 Deus
623 2274 629 2291 :
654 2264 754 2292 Delebo

3 2304 102 2337 nminem
124 2320 202 2346 quem
227 2313 277 2340 feci
300 2321 315 2340 a
341 2313 410 2340 facie
439 2317 538 2340 terrm:
560 2321 568 2337 ι
598 2319 649 2338 ιιοιι
668 2310 753 2338 solum

3 2361 25 2380 ιο
38 2356 137 2385 excidio
152 2359 245 2386 diluvii
259 2359 364 2386 dictum
384 2365 460 2393 puto,
475 2359 522 2386 sed
537 2358 638 2392 aliquid
655 2365 687 2384 ex
703 2357 754 2384 hoe

3 2400 52 2427 iam
69 2404 116 2431 sub
139 2405 269 2440 mysterio
293 2406 326 2433 de
345 2405 446 2433 futuris
473 2405 655 2440 prazdictum:
677 2408 706 2430 ut
722 2411 753 2431 eo

3 2447 52 2474 Iodo
71 2450 201 2478 sentiatur
225 2453 297 2486 quod
322 2452 425 2479 dictum
443 2457 493 2484 est,
512 2460 521 2477 ι
548 2451 646 2478 Delebo
666 2451 753 2481 homi-

3 2500 46 2526 ειη,
61 2504 70 2520 ι
85 2504 136 2531 quo
152 2504 179 2526 et
202 2507 250 2533 per
263 2500 423 2534 prophetam
445 2499 512 2526 dicit
533 2499 603 2526 Deus
625 2508 631 2526 :
656 2508 665 2525 ι
684 2498 754 2526 Ecce

3 2539 46 2566 uiui
62 2541 134 2570 deleo
145 2545 214 2572 sicut
230 2546 328 2572 nubem
342 2545 498 2580 iniquitates
515 2549 573 2571 tuas
585 2545 595 2560 ⁸
609 2553 616 2576 ;
633 2554 642 2569 ι
664 2549 693 2571 ιιι
712 2544 753 2571 via

3 2591 66 2613 ι’ίιιιιι·
79 2589 168 2618 deleas
188 2599 248 2619 eum
264 2593 414 2619 secundum
442 2592 493 2619 hoc
515 2591 587 2626 qttod
605 2591 685 2618 homo
700 2596 752 2623 est,

15 2642 22 2656 ⁵
32 2643 124 2679 Ephes.
137 2655 165 2678 tt.
175 2649 201 2675 3.
240 2649 250 2664 ⁵
263 2649 332 2676 Psal.
348 2658 437 2679 Luttt.
453 2650 479 2677 6.

3 2718 48 2745 lt".
57 2714 98 2742 Ἡ.

8 2760 122 2825 ιξὲδὲίδέξ
144 2773 220 2825 mss,
250 2766 380 2793 [tabanus
406 2771 432 2794 et
459 2767 630 2795 Salodiauus.
649 2768 748 2798 C:chri

3 2810 4 2817 ¹
46 2815 51 2826 t
121 2819 127 2826 ι

17 2831 50 2868 il)
64 2831 98 2872 ita
117 2843 191 2865 mss.,
212 2835 340 2864 Rabanus
354 2859 362 2870 ,
390 2837 551 2866 Salodiauus
565 2843 589 2864 et
611 2837 753 2866 )lt-rilhus.

8 2865 30 2890 lit
42 2867 109 2902 mliti,
127 2879 134 2896 ι
152 2871 285 2900 rll'ectnnt.
302 2881 311 2898 ι

44 2647 124 2686 aphes.
134 2649 201 2686 ιιὶῗ).
240 2649 250 2664 ⁵
263 2649 332 2686 Psal.
348 2658 437 2686 nutu.
453 2650 502 2686 6.”
519 2651 528 2666 ⁸
541 2651 605 2678 ibid.
618 2652 644 2678 7.
669 2652 679 2667 ⁷
691 2652 757 2680 Gem

856 2650 883 2681 6,
896 2647 921 2674 7.
948 2648 972 2686 η’
985 2647 1080 2686 ls:_t_i.__ttt

3 2684 17 2719 ι,
29 2677 86 2719 ιῑλ,
102 2681 120 2696 ιι
133 2681 141 2708 1
154 2677 225 2712 Petr.
239 2692 279 2718 ιιι,
291 2685 336 2718 eo,
348 2685 392 2712 ει.
433 2677 454 2701 'u
480 2677 574 2713 Matth.
593 2677 660 2719 mi,
676 2677 757 2715 56C"

848 2677 927 2714 ιιίιιι,
946 2680 973 2708 6.
1013 2681 1035 2696 ¹⁵
1048 2681 1112 2707 ibid.

808 1570 963 1604 conscripta
981 1570 1167 1602 mendacibus,
1189 1578 1304 1605 quoruut
1320 1575 1445 1596 auctores
1460 1569 1526 1595 falso
1538 1569 1601 1596 licet

808 1616 949 1650 sapientiae
964 1616 1081 1648 nomine,
1104 1623 1157 1642 non
1179 1620 1269 1643 tamen
1285 1615 1390 1650 exigua:
1410 1622 1457 1642 aut
1479 1620 1598 1642 eontem<

809 1667 861 1695 pta:
878 1661 1051 1688 auctoritatis
1062 1661 1113 1687 viri
1129 1661 1279 1688 habentur:
1294 1668 1325 1686 ex
1340 1668 1452 1694 quorum
1463 1668 1599 1695 praeroga<

810 1707 862 1734 tiva
879 1707 946 1734 falsa
961 1714 1010 1742 pro
1022 1707 1093 1734 reris
1106 1711 1216 1741 recepta
1229 1710 1303 1737 sunt,
1318 1711 1348 1732 ιιι
1362 1707 1517 1733 universum
1531 1713 1600 1740 pene

809 1753 939 1779 mundum
958 1752 1134 1779 memlacibus
1148 1759 1212 1785 erga
1228 1750 1266 1787 (5)
1282 1751 1441 1785 religionem
1459 1752 1599 1785 opinioni-

809 1799 859 1826 bus
874 1798 1046 1832 occuparint,
1064 1798 1100 1824 ita
1120 1802 1148 1823 ut
1165 1797 1190 1824 in
1207 1803 1328 1824 errorem
1348 1797 1552 1829 inducerentur,
1576 1799 1597 1824 si

809 1844 860 1870 dici
879 1848 976 1877 potest,
993 1843 1073 1869 etiam
1088 1843 1168 1870 electi
1184 1842 1216 1868 ιθ.
1233 1842 1301 1875 Quia
1324 1849 1389 1876 ergo
1415 1843 1516 1869 veritas
1533 1843 1592 1875 Dei,

810 1894 837 1915 et
855 1887 987 1922 sapientia
1004 1886 1072 1921 ejus,
1089 1891 1118 1913 et
1137 1885 1253 1913 Verbum
1269 1886 1329 1919 ejus
1346 1886 1494 1913 adveniens
1509 1887 1599 1920 arguit

809 1939 835 1961 ct
855 1933 1007 1961 confutavit
1018 1939 1099 1960 omne
1118 1931 1301 1965 mendacium,
1315 1937 1398 1966 atque
1411 1939 1506 1959 omnes
1518 1931 1599 1958 falso-

811 1989 869 2008 rum
886 1981 1043 2015 dogmatum
1057 1978 1224 2006 assertiones
1246 1978 1300 2006 ﬁde
1321 1978 1442 2005 veritatis
1465 1978 1598 2010 exsecuit,

810 2035 857 2061 per
870 2026 1082 2061 unumquodque
1097 2025 1280 2057 mendacium,
1315 2025 1390 2060 quod
1404 2025 1480 2060 prius
1499 2025 1532 2051 ab
1548 2025 1598 2051 ho-

810 2073 930 2100 tninibus
960 2073 1050 2099 fuerat
1079 2076 1225 2104 assertum,
1248 2071 1393 2098 abundavit
1422 2071 1520 2098 veritas
1550 2070 1598 2097 Dei

809 2120 989 2154 subreptitias
1005 2119 1260 2147 verisimilitudiues
1276 2118 1426 2154 arguendo,
1446 2123 1473 2145 et
1493 2118 1519 2144 in
1539 2118 1598 2145 sin-

809 2167 879 2201 gulis
908 2167 1060 2201 quibusque
1085 2167 1258 2202 dogmatibus
1294 2165 1425 2193 tradendo
1447 2164 1596 2199 simplicem

771 2202 793 2229 D
809 2212 870 2238 fidei
887 2212 1052 2239 veritatem:
1066 2213 1154 2239 ethoc
1168 2213 1250 2238 modo
1265 2211 1408 2246 Apostolus
1421 2211 1485 2236 dicit
1502 2210 1598 2236 verita-

809 2262 861 2285 tem
882 2257 928 2284 Dei
947 2258 972 2284 in
989 2258 1129 2285 hominum
1148 2257 1290 2284 mendacio
1303 2257 1466 2284 abundasse.
1487 2257 1596 2287 Verum,

809 2308 837 2331 ιιι
868 2304 956 2330 adhuc
984 2303 1156 2330 manifestius
1179 2304 1226 2329 fiat
1254 2303 1325 2336 quod
1351 2303 1476 2334 dicimus,
1507 2301 1596 2334 aliqua

808 2351 924 2384 exempli
940 2358 1022 2377 causa
1044 2350 1225 2384 proferamus.
1243 2349 1307 2375 Erat
1330 2349 1356 2376 in
1379 2349 1531 2375 hominibus
1551 2349 1597 2390 do-

807 2406 880 2433 gma,
900 2400 970 2433 qttod
986 2404 1122 2423 summum
1141 2397 1240 2422 bonum
1258 2397 1450 2429 pronuntiaret
1467 2403 1527 2421 esse
1551 2402 1598 2422 vo-

806 2445 955 2478 lupzatcm;
970 2445 996 2470 itt
1016 2452 1069 2478 qtto
1089 2449 1115 2470 et
1142 2443 1206 2469 illud
1229 2447 1427 2476 consequenter
1453 2442 1595 2474 asseritur,

809 2501 863 2520 non
885 2500 945 2519 esse
964 2490 1180 2521 Providentiam,
1201 2489 1299 2523 quippe
1315 2489 1336 2515 si
1357 2497 1407 2515 uou
1430 2497 1462 2515 ex
1479 2488 1596 2523 legibus,

808 2542 855 2568 sed
871 2547 903 2566 ex
924 2538 1064 2571 voluptate
1082 2537 1225 2564 vivendum
1241 2545 1247 2562 :
1263 2541 1290 2561 et
1308 2537 1364 2562 lure
1380 2535 1453 2561 lauto
1468 2535 1506 2570 (μί)
1527 2535 1597 2562 satis

808 2591 961 2620 ornatoque
976 2592 1113 2616 sermone,
1131 2587 1158 2610 et
1173 2582 1341 2617 atgttmentis
1356 2582 1534 2609 validissimis
1549 2589 1597 2616 per

962 2648 972 2662 "
985 2645 1046 2672 lsai.
1059 2653 1131 2678 κων,
1143 2645 1189 2671 ‘22.
1228 2645 1237 2660 ⁹
1252 2644 1261 2670 l
1278 2644 1338 2671 Cor.
1351 2651 1395 2674 xv,
1409 2642 1454 2672 ‘28.
1477 2642 1595 2678 7'°7Gt:n.

1163 2680 1183 2695 "
1203 2680 1211 2707 l
1229 2679 1307 2707 .loau.
1325 2687 1351 2712 v,
1368 2679 1412 2706 l9.
1462 2677 1483 2693 ¹θ
1497 2677 1595 2704 Matth.

844 2766 882 2799 (‘2)
900 2765 963 2793 Mss.
979 2764 1088 2798 quidam
1109 2763 1209 2791 habent
1227 2771 1234 2792 :
1257 2772 1265 2788 ι
1288 2763 1434 2790 humantnn
1455 2761 1597 2789 contexuit

809 2803 846 2835 (ul
875 2800 1031 2834 eoi-nexuit)
1046 2806 1141 2832 genus.
1158 2808 1167 2824 ι

845 2837 885 2869 (5)
900 2835 955 2866 Al.,
973 2843 982 2860 ι
1003 2839 1108 2860 contra.
1125 2842 1135 2859 ι

844 2872 880 2908 (ι)
899 2871 952 2904 AL,
970 2879 978 2895 ι
997 2871 1060 2897 lato.
1074 2877 1083 2895 ι
