1831 3049
241 109 294 137 927
756 114 758 119 ν
986 101 1146 131 curamus
1811 103 1824 130 tl

241 172 384 199 innumera
407 171 544 199 volumina
570 169 742 204 digeruntur,
758 169 810 196 Sed
829 169 935 196 intuere
955 174 1026 195 nitnc
1045 168 1068 198 Α
1084 163 1260 195 inleilexel‘il,
1276 170 1328 189 non
1344 162 1438 198 Illique
1455 163 1520 190 dicit
1536 161 1602 188 illud
1623 163 1693 196 quod
1722 162 1750 188 in
1774 170 1824 191 cm

241 217 376 250 quomodo
389 217 411 243 is
425 216 470 250 qui
485 215 627 242 veritatem
648 214 693 241 Dei
714 215 846 246 defendit,
869 218 896 242 et
917 213 964 248 qui
983 221 1028 240 se-
1080 209 1227 243 quentibus
1238 209 1319 236 stulta
1335 209 1489 242 obiectione
1504 209 1644 243 profertur
1658 219 1665 236 :
1680 218 1689 235 ‹
1701 209 1771 243 Quid
1781 214 1824 239 aut:

239 263 357 288 cundum
374 261 525 294 Christum,
547 261 594 295 qui
614 265 656 288 est
678 260 724 287 Dci
749 261 852 288 veritas
871 265 898 287 et
920 260 966 287 Dei
985 267 1028 287 sa-
1079 259 1106 282 et
1120 261 1170 288 ego
1187 259 1314 288 tanqu-1m
1333 259 1462 288 Ρθεεειοτ
1474 254 1583 288 imm“
1595 255 1618 269 ²²
1632 254 1645 281 Ὺ
1660 263 1669 280 ³
1691 255 1738 282 se"
1755 256 1824 282 34'5"

240 307 345 341 pientia
363 307 396 340 ”,
418 306 599 340 philosophus
622 311 674 338 est,
701 307 780 333 docet
805 306 928 333 homines
951 314 963 333 ε

1100 300 1177 326 ierito
1192 307 1222 326 se
1238 299 1428 332 iudicandum,
1452 299 1473 326 si
1498 303 1661 332 permaneat
1682 299 1708 326 in
1728 302 1820 326 ments.

239 360 312 378 untm
329 352 430 378 bonum
445 359 506 379 esse
519 352 602 378 vitam
616 356 762 379 mternam:
775 352 845 378 hanc
860 356 951 377 autem
966 357 1028 377 esse
1079 345 1218 372 hominum
1232 354 1239 371 :
1253 350 1279 372 et
1296 345 1343 380 qui
1357 345 1503 372 secundum
1519 352 1551 371 ea
1569 352 1631 380 qua:
1646 352 1729 379 supra
1743 353 1824 378 expw

237 401 367 424 mtcrnatn
386 398 481 431 vitam,
502 404 531 424 ut
546 403 713 432 cognoscant
729 398 854 424 homines
875 404 958 423 unum
980 405 1027 424 so--
1079 397 1138 417 "'"S
1153 398 1184 417 ει
1203 391 1247 417 θεῖ
1264 390 1378 417 "crime
1393 390 1535 416 εοηνίθιυ⁵
1551 397 1663 417 errasse
1681 398 1711 417 5°
1722 392 1804 419 ⁵ε¹¹¹ῖ¹ι
1818 399 1824 416 ³

237 442 292 468 ltnn
303 451 396 470 verum
407 443 541 476 Deum,'et
550 443 649 470 Filium
661 443 719 477 ejus
730 442 820 470 Jesum
838 442 960 470 Christut

1100 443 1171 463 rrore
1184 443 1334 463 conversus
1348 435 1432 462 Deum
1449 443 1542 463 verum
1560 436 1654 470 agnita
1673 437 1783 464 veritate

236 492 264 513 et
280 489 416 522 quomodo
431 496 492 515 cum
508 488 581 515 omni
600 488 700 515 fiducia
717 488 913 522 providentiam
929 487 959 514 De

1105 481 1177 514 licet,
1195 488 1245 507 nec
1259 481 1430 515 blasphemat
1445 481 1516 507 ultra
1535 487 1584 508 eos
1601 481 1647 515 qui
1668 482 1823 515 Priediciltlt"

236 538 320 567 serat,
338 542 399 567 qua:
417 534 503 561 dicit:
529 543 539 559 ι
555 534 651 560 Nonne
673 533 725 560 duo
751 540 875 567 passeres
901 540 962 560 asse
979 540 1026 559 ve.
1078 527 1230 559 veritatem,
1246 531 1373 561 tanquam
1388 528 1510 554 dicentes
1526 536 1532 554 :
1551 536 1560 553 ι
1584 526 1732 554 Faciamus
1748 528 1803 554 maia
1821 535 1824 553 ι

235 585 331 611 neunt,
352 583 379 605 et
392 586 461 606 unus
485 586 519 605 ex
543 579 609 613 ipsis
636 585 690 605 non
714 578 786 605 cadit
803 578 830 604 in
848 582 947 604 terram
968 577 1026 604 sine
1078 574 1190 600 veniali!-
1209 573 1280 600 Ιιοηίι
1293 572 1326 605 ’³,
1346 583 1354 598 ³
1377 573 1466 600 SCiCIIS
1480 574 1507 600 in
1522 573 1575 600 hoc
1593 574 1678 600 verbo
1692 574 1824 607 instillth

235 623 325 650 Patris
338 625 479 651 voluntate
499 624 543 651 "1’
566 634 576 650 ι
602 629 629 651 et
649 623 713 658 quia
736 623 793 657 ipse
809 632 819 648 ‹
837 623 923 650 solem
946 630 1024 650 suum
1077 619 1291 653 blasphemantis
1309 618 1522 646 damnationem.
1541 618 1749 647 Observandum
1762 626 1824 653 quoet

234 669 301 696 oriri
315 668 392 701 jubet
409 676 492 704 super
506 670 591 696 honos
607 673 634 696 ct
649 668 744 700 malos,
758 673 784 695 et
799 668 865 703 pluit
881 675 962 701 super
981 668 1025 702 iu-
1076 669 1129 695 est,
1152 663 1224 698 quod
1254 672 1301 692 eos
1325 665 1370 699 qui
1395 664 1538 692 veritatem
1563 665 1727 699 pracdieanl,
1744 673 1790 691 non
1805 670 1824 690 ta

235 720 293 741 stos
310 719 336 741 ct
351 715 466 749 iniustos
489 715 521 742 ¹⁰.
544 724 553 739 ι
573 714 624 741 Per
644 715 700 740 lucc
723 719 813 740 autem
834 714 939 746 singula

1100 708 1213 740 ialedici,
1226 710 1297 743 quod
1314 709 1346 735 ad
1365 709 1504 743 homines,
1523 711 1570 737 sed
1585 710 1779 744 blasphemari,
1792 719 1823 744 qu;

236 760 281 786 illa
302 760 376 787 falsa;
389 761 510 787 scientiae
529 760 656 794 dogmata
681 761 870 791 confutantur,
893 760 917 785 in
937 759 1024 786 honti-
1075 754 1108 780 ad
1126 754 1207 780 Deum
1224 755 1352 788 pertinet,
1370 755 1472 789 posuit.

235 813 299 832 num
318 806 457 832 mendacio
473 806 593 832 abundat
608 805 712 833 veritas
727 805 784 832 Dei.
804 805 874 831 Sunt
890 805 953 831 item
978 805 1022 831 alii
1110 800 1138 826 2.
1155 810 1162 825 ι
1179 800 1248 833 Quid
1261 807 1326 835 ergo
1336 806 1460 827 tenemus
1471 800 1589 835 amplius
1600 801 1777 835 (8)?Causati
1788 805 1820 827 ει(

233 851 279 884 qtti
295 851 387 878 dicant
403 856 457 878 tres
472 858 535 877 esse
550 851 654 885 species
669 851 731 877 boni
749 860 755 877 :
779 859 859 877 uuam
877 858 942 885 erga
963 850 1023 876 ani-
1040 835 1062 864 Β
1075 854 1170 873 sumus
1185 845 1291 873 Judacos
1306 851 1333 873 et
1348 845 1459 874 Graecos
1473 853 1570 873 omnes
1595 847 1647 873 sub
1669 853 1776 881 peccatu
1790 854 1824 875 tiél

234 904 317 930 tuam,
344 896 426 922 aliam
456 903 520 931 erga
545 904 672 930 corpora,
701 897 811 923 tertiam
841 897 1023 923 extrinsecus.
1076 892 1147 919 sicut
1163 892 1294 925 scriptum
1310 897 1352 919 est
1368 900 1376 918 :
1391 891 1458 925 Quia
1474 899 1527 918 non
1542 899 1585 918 est
1601 892 1693 925 justus
1707 895 1824 928 quisqus:

233 943 299 975 Qum
311 942 419 976 singula
438 950 498 969 cutn
518 942 728 969 conducibiliter
746 942 783 977 (5)
805 942 956 968 habeantur

1100 945 1131 964 on
1152 942 1194 964 est
1214 936 1379 970 intelligens,
1395 944 1449 964 non
1466 941 1508 964 est
1524 938 1669 970 requirens
1690 939 1781 966 Deum.
1793 939 1823 966 0s

234 987 302 1020 ipsis
325 995 462 1014 smumum
495 987 593 1014 bonum
619 991 748 1014 constare
779 987 951 1015 confirmant.
976 987 1023 1014 Isti
1076 991 1123 1010 nes
1137 983 1353 1016 declinaverunt,
1380 984 1461 1011 simul
1486 983 1599 1011 inutiles
1624 984 1688 1011 facti
1716 990 1785 1017 sunt,
1804 993 1824 1011 εκ

229 1033 314 1060 etiam
336 1033 384 1060 Dei
401 1033 598 1068 providentiam
616 1038 783 1065 resecantes,
801 1041 885 1067 usque
901 1033 934 1060 ad
953 1033 1024 1061 luna:
1075 1034 1115 1056 est
1130 1030 1175 1063 qui
1192 1029 1274 1056 faciat
1290 1029 1450 1061 bonitatem,
1470 1036 1523 1056 non
1547 1034 1591 1056 est
1613 1037 1701 1064 usque
1723 1032 1757 1057 ad
1770 1038 1824 1057 una:

231 1084 292 1104 eam
309 1078 417 1112 globum
436 1078 614 1112 supervenire
632 1079 801 1106 contendunt
821 1087 828 1105 :
853 1078 923 1105 infra
944 1086 1022 1111 vero,
1075 1074 1236 1108 Sepulcrum
1258 1080 1356 1109 patens
1376 1080 1417 1102 est
1438 1080 1532 1110 guttur
1552 1083 1649 1103 eorum
1662 1097 1670 1109 ,
1694 1078 1788 1112 linguis
1801 1086 1824 1104 εισι

232 1122 284 1149 hoc
320 1128 361 1149 est
392 1124 425 1149 ad
451 1123 584 1155 homines,
607 1132 667 1150 cam
701 1124 813 1150 minime
840 1124 1019 1151 descendere.
1074 1121 1303 1156 doloseagebanl,
1316 1128 1447 1149 venenum
1462 1122 1590 1157 aspidum
1602 1123 1654 1150 sub
1667 1123 1746 1151 labiis
1759 1131 1824 1150 curua

231 1170 301 1196 Sunt
318 1170 381 1197 item
397 1171 442 1197 alii
461 1171 506 1204 qui
527 1171 596 1197 invis
610 1171 663 1198 bile
689 1175 716 1197 et
738 1171 928 1204 ittcorporctttn

1100 1174 1194 1194 uorum
1221 1175 1252 1194 os
1276 1168 1467 1196 maledictione
1490 1174 1518 1196 et
1541 1170 1729 1197 amaritudine
1756 1172 1823 1205 [licam

230 1215 322 1241 dicant
339 1222 408 1246 esse,
425 1215 472 1242 sed
490 1216 580 1242 omnia
597 1223 657 1250 quae
678 1220 742 1242 sunt
762 1216 924 1250 corporibus
950 1217 1021 1243 assi-
1072 1217 1113 1240 est
1134 1221 1141 1239 :
1162 1213 1267 1241 veloces
1285 1215 1368 1248 pedes
1386 1223 1481 1242 eorttm
1495 1216 1529 1243 ad
1550 1216 1744 1244 effundendum
1758 1224 1824 1251 ungui

229 1265 324 1293 guunt,
341 1261 411 1287 unde
425 1265 451 1288 et
467 1260 575 1288 Patrem
590 1262 713 1288 omnium
729 1263 812 1289 Deum
831 1269 931 1296 corpus
956 1269 1019 1289 esse
1072 1267 1144 1286 nem.
1159 1259 1294 1286 Contrilio
1311 1265 1338 1287 et
1351 1260 1495 1288 infelicitas
1511 1262 1540 1289 in
1553 1262 1606 1290 \‘ils
1621 1271 1729 1296 eorum,
1749 1270 1773 1290 et
1787 1265 1824 1289 nu

229 1305 370 1332 dixerunt.
400 1306 498 1334 Verum
521 1308 584 1342 quia
609 1309 724 1342 urgebat
750 1316 797 1335 eos
818 1308 934 1336 rationis
963 1316 1019 1336 sua
1071 1305 1145 1340 pacis
1165 1313 1216 1332 non
1234 1311 1419 1340 cogitaverunt
1444 1316 1450 1334 :
1474 1315 1526 1334 non
1555 1312 1596 1334 cst
1625 1309 1708 1335 timor
1731 1309 1774 1337 Dei
1794 1310 1824 1335 aut

228 1351 434 1386 consequentia,
452 1359 504 1386 qua
520 1358 627 1380 constat
642 1360 722 1380 omne
737 1361 835 1387 corpus
849 1362 910 1381 csse
926 1362 1019 1381 corru.
1071 1351 1166 1379 oculos
1181 1359 1275 1379 eorum
1298 1352 1332 1379 ".
1353 1362 1361 1378 ι
1387 1352 1566 1381 Prardixitnus
1590 1354 1648 1388 jam
1668 1355 1740 1389 quod
1758 1355 1781 1381 in
1799 1355 1824 1380 in

231 1396 337 1429 ptibile,
355 1401 382 1423 ut
398 1398 419 1424 si
436 1398 518 1424 etiam
534 1398 616 1425 Deum
632 1406 731 1432 corpus
740 1406 800 1426 esse
809 1404 942 1433 asserunt,
959 1400 1018 1428 sine
1071 1397 1193 1432 EpiSIOla
1212 1397 1321 1430 ΡηιιΙιιε,
1336 1397 1411 1425 velut
1425 1398 1529 1425 arbiter
1541 1400 1654 1434 quidam
1669 1401 1741 1428 inter
1756 1408 1795 1427 eos
1809 1406 1824 1433 at

227 1441 311 1467 dubio
326 1447 352 1468 ct
375 1443 581 1477 corruptibiletn
605 1443 752 1476 fateantur,
774 1444 856 1480 505I
875 1449 1018 1473 verterunt
1072 1450 1104 1470 ex
1127 1443 1335 1470 circutncisione
1353 1443 1541 1476 crediderunt,
1557 1451 1585 1472 et
1598 1453 1647 1473 eos
1667 1447 1758 1481 quies
1773 1446 1824 1481 genti

228 1486 369 1520 atropltam
385 1488 471 1520 verbi,
488 1492 515 1515 ct
539 1488 666 1514 dixerunt
696 1495 802 1516 natura:
825 1490 934 1524 quidem
954 1498 1015 1518 eum
1032 1508 1053 1536 ε
1069 1489 1131 1521 bus,
1152 1493 1285 1522 temperet
1298 1497 1452 1517 sermonem
1469 1498 1580 1524 semper
1596 1497 1624 1518 et
1638 1492 1733 1523 libret,
1748 1499 1774 1519 ut
1788 1501 1824 1518 mm

227 1539 289 1558 esse
301 1532 499 1566 corruptibilis,
515 1540 564 1560 nec
579 1537 667 1560 tamen
682 1535 830 1567 corrumpi.
840 1542 888 1568 pro
901 1543 932 1562 eo
945 1537 1017 1570 quod
1035 1532 1053 1536 ’
1070 1534 1130 1567 ltus,
1148 1542 1220 1561 nunc
1234 1535 1295 1561 illos
1317 1536 1343 1561 in
1361 1535 1525 1570 quibusdam
1541 1538 1671 1564 videatur
1691 1545 1804 1573 arguere,
1819 1543 1824 1563 ε

227 1585 281 1604 non
302 1579 340 1605 sit
353 1578 455 1612 aliquid
474 1579 532 1612 ipso
546 1580 682 1613 superius,
699 1588 713 1607 a
730 1589 784 1615 quo
799 1582 938 1616 corrumpi
954 1589 1016 1617 ρος.
1069 1588 1178 1607 rursum
1193 1580 1314 1614 singulas
1328 1589 1421 1615 partes
1436 1587 1509 1609 certa
1523 1590 1572 1617 spe
1587 1585 1779 1617 promissionis
1794 1585 1824 1609 an}

227 1624 263 1650 sit
291 1628 338 1651 aut
366 1625 445 1652 solvi.
481 1625 550 1653 Sunt
575 1631 601 1653 et
623 1627 676 1654 alia
702 1627 844 1655 innumera
875 1629 1015 1657 hominum
1071 1633 1146 1653 mare
1160 1626 1209 1662 (9).
1226 1626 1295 1660 Quia
1315 1635 1380 1662 ergo
1404 1628 1478 1656 Visus
1502 1628 1593 1656 fuerat
1620 1630 1648 1656 in
1677 1631 1824 1664 superionls!

225 1669 353 1704 ﬁgmenta
366 1669 514 1699 dialecticis
530 1673 643 1707 argutiis
657 1678 685 1699 et
699 1674 895 1708 sophismatum
923 1674 1018 1703 fraude
1069 1672 1171 1704 dicere.
1191 1674 1320 1708 quoniam
1337 1673 1360 1701 si
1376 1675 1535 1708 Prmplllium
1549 1674 1680 1708 justitias
1695 1677 1759 1711 legis
1771 1682 1824 1703 custt

225 1717 386 1751 composita.
404 1717 469 1750 Qua:
488 1726 549 1746 cum
569 1719 673 1755 singula
690 1728 738 1755 per
755 1721 957 1749 ecclesiasticos
978 1723 1017 1749 vi-
1069 1719 1136 1752 dial,
1152 1719 1288 1754 judicabit
1304 1727 1364 1748 eum
1383 1722 1428 1756 qui
1449 1721 1475 1748 in
1494 1723 1710 1750 circumcisione
1734 1722 1824 1757 prs-vati

225 1767 271 1788 ros
289 1767 316 1789 et
331 1763 420 1790 divina
441 1764 572 1799 sapientia
591 1766 712 1793 eruditos
726 1767 826 1794 veritas
840 1767 885 1794 Dei
904 1769 1017 1795 conviu-
1068 1771 1145 1792 cator
1159 1771 1201 1793 est
1213 1765 1280 1800 legis
1291 1766 1331 1794 πε
1347 1774 1453 1794 rursum
1468 1773 1498 1794 ut
1514 1775 1562 1795 eos
1581 1776 1653 1803 quos
1672 1769 1824 1795 bumilimrt

224 1807 274 1840 cit,
286 1812 314 1835 et
329 1815 551 1843 argumentorum
567 1811 706 1846 deeipulas
723 1813 870 1848 redarguit,
886 1814 912 1840 in
926 1814 1015 1841 honii-
1068 1812 1209 1846 allevaret,
1229 1813 1350 1841 addidit;
1367 1823 1376 1839 ι
1392 1813 1461 1846 Quid
1475 1821 1541 1849 ergo
1557 1815 1678 1848 amplius
1695 1821 1735 1842 est
1748 1811 1821 1842 Juter

225 1860 290 1880 Itum
316 1855 459 1883 mendacio
480 1857 527 1884 Dei
550 1857 653 1885 veritas
682 1858 783 1885 dicitur
811 1859 960 1891 abundare,
987 1864 1014 1886 et
1068 1863 1115 1886 aut
1134 1867 1194 1894 qua:
1211 1860 1312 1886 utilitas
1331 1860 1706 1888 circumcisionis?Multum
1729 1871 1775 1896 per
1793 1869 1824 1887 ea

225 1908 279 1928 non
301 1902 389 1929 solum
418 1903 571 1937 abundare,
601 1906 649 1932 sed
674 1906 813 1933 abundare
841 1907 874 1934 ad
900 1907 1014 1941 gloriam
1068 1912 1129 1932 nem
1146 1904 1264 1932 modum.
1283 1905 1375 1932 Primo
1388 1905 1511 1940 quidem,
1527 1906 1590 1940 quia
1608 1905 1715 1933 credita
1731 1906 1824 1933 δυῐιιιίζι

222 1945 284 1980 eius
299 1948 331 1975 ³¹.
349 1948 425 1981 Quod
442 1950 493 1977 hoc
510 1951 590 1978 modo
605 1951 813 1986 iutelligemlum
832 1957 911 1986 puto:
927 1953 948 1979 si
966 1953 1013 1979 do-
1067 1950 1174 1984 cloquia
1190 1950 1237 1978 Dei
1257 1950 1290 1977 ".
1315 1960 1324 1977 ι
1352 1951 1415 1978 Post
1431 1951 1498 1983 hac,
1515 1959 1577 1978 cum
1595 1952 1640 1978 bis
1661 1958 1824 1987 l‘onst‘qttt'n"l

223 1997 285 2020 ctor
297 1993 426 2022 Ecclesia:
443 1995 581 2030 simplices
596 2003 719 2030 quosque
741 1996 881 2024 auditores
905 1997 1012 2030 doceat,
1065 1996 1142 2030 quasi
1159 1996 1283 2030 qutcdam
1309 1996 1405 2024 fuisset
1431 2003 1606 2032 prosecutus,
1632 1998 1709 2024 addit
1733 2003 1824 2027 numne

223 2043 251 2065 et
265 2039 384 2066 nondum
401 2040 476 2068 falsis
490 2041 664 2075 dogmatibus
681 2048 841 2075 occupatos,
866 2048 949 2076 atque
971 2043 1013 2070 bis
1065 2041 1154 2068 dicit:
1172 2051 1180 2066 ι
1193 2041 1263 2074 Quid
1281 2049 1346 2076 ergo
1364 2047 1488 2069 tenemus
1503 2042 1646 2076 amplius?
1660 2043 1769 2070 Causati
1781 2043 1824 2069 ezizt

224 2084 259 2111 de
271 2084 385 2119 singulis
396 2086 551 2121 quibusque
562 2088 694 2114 rationem
707 2087 804 2114 divinzu
814 2087 940 2115 veritatis
954 2095 1014 2122 ape-
1066 2094 1160 2114 sumus
1168 2085 1275 2114 Iuda-os
1285 2093 1311 2114 ct
1319 2087 1428 2115 Graacos
1437 2095 1531 2115 omnes
1544 2089 1595 2115 sub
1605 2094 1723 2123 peccato
1734 2090 1824 2116 esse".l

222 2130 287 2162 riat,
300 2131 327 2158 in
345 2131 534 2165 huiuscemodi
554 2133 677 2160 doctrina
692 2133 737 2160 Dei
756 2133 858 2161 veritas
875 2134 1013 2161 videbitur
1064 2131 1142 2165 Quod
1162 2132 1185 2159 si
1201 2140 1296 2160 omnes
1311 2133 1361 2159 sub
1378 2138 1489 2167 peccato
1504 2138 1580 2166 sunt,
1595 2142 1663 2168 ergo
1678 2143 1731 2162 non
1746 2134 1824 2162 eritda

221 2175 371 2202 abundare.
393 2175 421 2203 Si
442 2184 507 2204 vero
524 2178 556 2204 ad
569 2185 616 2204 eos
641 2185 732 2205 sermo
750 2179 786 2206 sit
807 2179 852 2214 qui
875 2179 1011 2205 obsistunt
1028 2175 1049 2202 D
1066 2177 1147 2205 tionis
1165 2184 1247 2204 causa
1262 2177 1306 2204 uni
1322 2177 1466 2204 adversum
1483 2178 1578 2211 alium,
1596 2187 1658 2206 cum
1676 2183 1824 2214 uterquest-1

221 2222 343 2254 veritati,
359 2222 403 2257 qui
427 2231 500 2250 sana:
523 2223 654 2251 doctrinae
679 2225 853 2252 sermonibus
871 2225 1009 2252 contradi-
1063 2231 1096 2251 ex
1120 2231 1167 2251 sua
1184 2223 1303 2258 iustitia,
1318 2224 1365 2251 sed
1377 2231 1409 2251 ex
1432 2224 1479 2251 Dei
1497 2225 1691 2254 misericordia
1715 2229 1795 2254 veniat
1808 2224 1824 2252 si

220 2272 285 2294 cant
299 2267 350 2303 (li),
366 2273 393 2295 et
408 2270 628 2297 contradicentes
649 2272 827 2299 confutantur
851 2277 878 2299 et
897 2280 943 2299 con

1100 2269 1191 2296 lutem.
1206 2268 1334 2296 Probavit
1349 2277 1416 2304 ergo
1427 2270 1539 2297 Grzccos
1553 2272 1678 2305 quidem,
1695 2274 1722 2300 id
1737 2280 1774 2300 est
1787 2280 1823 2306 [tm

220 2318 330 2345 cantur,
347 2315 384 2342 ita
399 2320 428 2342 ut
440 2323 565 2344 errorutn
580 2319 698 2346 tenebris
716 2319 856 2347 derelictis
870 2319 903 2346 ad
920 2319 1007 2346 lucem
1065 2315 1136 2347 tiles.
1151 2322 1211 2342 esse
1225 2315 1274 2342 διώ
1290 2320 1413 2350 peccato.
1429 2323 1491 2341 cum
1506 2316 1545 2342 uit
1557 2316 1599 2344 "z
1618 2326 1627 2342 ι
1641 2317 1766 2346 Dicentes
1778 2319 1824 2345 etii!

221 2360 346 2388 veritatis
359 2362 490 2389 accedant
503 2371 511 2396 ;
525 2367 590 2391 tttnc
603 2372 656 2391 non
672 2364 760 2392 solum
775 2365 923 2392 abundabit
936 2365 1007 2392 veri-
1062 2368 1092 2388 se
1110 2368 1170 2388 esse
1180 2361 1328 2395 sapientes,
1346 2361 1421 2388 stulti
1443 2361 1507 2389 facti
1523 2367 1587 2390 sunt
1605 2372 1611 2390 :
1635 2369 1663 2390 et.
1682 2365 1824 2391 mutaverat!

220 2407 263 2431 tas
280 2405 337 2438 Dei,
352 2407 398 2434 sed
414 2412 442 2434 et
462 2409 495 2435 ad
510 2409 624 2443 gloriam
640 2411 699 2445 ejus
718 2411 881 2438 abundabit.
897 2410 1006 2438 Glorifi~
1062 2407 1176 2442 gloriam
1193 2407 1407 2441 incorruptibilis
1424 2407 1472 2434 Dei
1494 2408 1520 2435 in
1548 2409 1756 2437 similitudinem
1775 2410 1824 2436 intr

220 2455 299 2476 catur
314 2452 385 2478 enim
402 2453 473 2482 Deus
489 2463 539 2490 per
555 2464 616 2483 eum
632 2457 678 2491 qui
700 2458 733 2484 de
753 2464 849 2484 errore
873 2456 1007 2483 tnendacii
1063 2453 1135 2487 ginis
1150 2452 1339 2487 corruptibilis
1363 2452 1491 2485 immittis.
1517 2458 1546 2481 el-
1569 2454 1727 2486 νυΙυετυωι
1742 2459 1766 2481 ει
1779 2461 1824 2487 ιιωλ

220 2501 331 2531 ereptus
354 2497 445 2527 iumen
462 2501 584 2529 veritatis
607 2503 725 2538 aspexit.
742 2503 803 2530 Πωε
819 2511 883 2538 ergo
901 2503 946 2538 qui
969 2502 1006 2529 ita
1061 2499 1223 2534 drupedum,
1245 2503 1273 2525 et
1288 2499 1454 2533 serpentium
1480 2507 1488 2526 :
1509 2504 1622 2534 propter
1642 2500 1715 2534 quod
1739 2500 1824 2526 tradidit

259 2565 372 2604 '_’_I_Cor.
385 2575 404 2600 ι,
416 2569 462 2596 24.
500 2571 522 2586 ¹⁸
532 2570 610 2599 Joan.
628 2573 732 2602 xvtl.5.
771 2573 792 2589 "
807 2572 899 2599 illattb.
914 2580 940 2604 κ,
951 2572 982 2600 ‘29

1100 2570 1164 2596 attb.
1179 2577 1204 2601 v,
1222 2568 1267 2595 45.
1305 2569 1325 2583 ἰ
1339 2567 1417 2594 Rcui.
1438 2566 1518 2604 un}.
1556 2567 1579 2583 ¹¹
1593 2566 1660 2594 ibid.
1703 2567 1727 2583 “
1744 2566 1799 2595 ibid.
1808 2565 1822 2592 ε.

219 2600 417 2638 ἰίὺίιι.9ιεο‹ι.
459 2605 480 2620 ιι
496 2605 574 2633 Rom.
590 2615 621 2640 ιι,
639 2600 745 2640 26,27.
784 2607 899 2635 ¹⁶Ιὶοιιι.
919 2600 1037 2641 ιιι,1,2.
1074 2605 1096 2622 ιτ
1112 2604 1178 2632 ibid.
1198 2604 1224 2631 9.
1262 2604 1283 2619 ιε
1304 2604 1383 2630 nom.
1401 2602 1532 2636 1,2’2-24.

257 2657 294 2693 (5)
314 2658 370 2692 AL,
386 2669 395 2685 ι
411 2667 471 2687 cum
487 2661 659 2696 docibiliter;
676 2673 685 2688 ι
703 2664 777 2696 editi,
804 2673 813 2690 ι
839 2664 860 2691 si
875 2663 1006 2691 conduci-
1060 2659 1220 2696 prm'iit‘jllll-
1239 2669 1248 2685 ι
1513 2693 1528 2696 ,Α
1569 2694 1576 2696 Α
1606 2694 1629 2696 _,
1809 2692 1812 2695 .

217 2691 317 2722 bilitcr.
333 2704 341 2720 ι
440 2728 445 2729 γ
654 2691 659 2696 ’
772 2691 777 2696 ’

1097 2695 1135 2729 (8)
1153 2695 1223 2726 Quid
1238 2702 1298 2728 ergo
1317 2699 1432 2720 tenentia;
1447 2693 1577 2727 amplius?
1603 2694 1647 2722 Sic
1666 2702 1729 2721 mss.
1748 2692 1817 2720 nostri.

235 2763 240 2768 l
256 2729 293 2763 (υ)
311 2729 393 2761 Editi,
411 2739 419 2754 ι
436 2728 463 2755 Si
481 2737 546 2769 ve_r_o
570 2732 602 2757 ad
627 2740 721 2760 omnes
742 2741 832 2761 sermo
850 2733 884 2761 sit
898 2735 943 2769 qui
957 2734 1005 2761 ob~
1059 2729 1130 2757 Edili
1147 2737 1220 2762 vero,
1241 2738 1250 2755 ι
1271 2729 1339 2762 Quid
1353 2729 1436 2764 ergo?
1452 2729 1636 2756 l'rzeccltintus
1652 2730 1718 2758 eos?
1735 2729 1817 2763 Nequi-

218 2765 391 2791 sistuut......
405 2765 607 2796 contradicunt,
629 2776 638 2792 ι
654 2772 707 2794 ctc.
907 2765 914 2769 ’

449 2765 607 2796 tlradicunl,
629 2776 638 2792 ι
654 2772 707 2794 etc.
907 2765 914 2769 ’
1058 2773 1150 2799 quam.
1165 2774 1172 2790 ι

252 2799 292 2833 (7)
307 2798 390 2832 Alias,
422 2808 431 2825 ι
457 2807 506 2828 nec
531 2800 701 2836 blaspbcmat
722 2803 791 2830 ultra
819 2813 864 2832 cos
886 2803 931 2836 qui
950 2811 975 2830 ιι(

783 2812 791 2830 ι
819 2813 864 2832 cos
886 2803 931 2836 qui
950 2811 1001 2831 non
1067 2798 1073 2799 ί
1094 2799 1131 2833 (ει)
1150 2800 1229 2831 lidi:i,
1249 2808 1258 2825 ‹
1277 2799 1409 2831 anituct,»
1427 2798 1506 2825 male.
