1831 3049
179 117 234 145 935

181 219 293 250 diaboli,
311 218 409 245 nonde
426 219 521 248 corde,
536 217 584 244 sed
598 217 631 242 de
655 216 790 249 sepulcro.
809 216 836 242 Si
862 217 971 250 quando

182 273 247 301 ergo
261 265 361 292 videris
387 264 524 291 hominem
542 263 644 290 lascivo
662 270 709 289 ore
735 263 870 296 impudica
890 264 970 290 verba

178 312 340 345 iactantem,
354 316 401 337 aut
423 310 528 336 lttntido
547 314 573 336 et
590 309 738 336 furibundo
751 309 931 336 contumelias
945 314 972 336 et

182 357 326 385 maledicta
349 355 544 390 proferentem,
564 363 617 381 non
633 355 740 381 dubites
755 356 788 382 de
805 355 856 381 hoc
869 355 970 385 dicere,

181 404 243 438 quia
261 413 270 429 ι
300 402 455 437 sepulcrum
486 406 580 436 patens
596 407 638 428 est
660 405 752 435 guttur
768 410 777 426 ι
806 401 873 435 ejus.
905 410 914 426 ι
936 402 972 428 De

180 449 345 476 abundantia
357 447 430 475 enim
443 447 534 475 cordis
547 455 578 474 os
592 447 752 481 loquitur“.
771 456 780 472 ι
797 446 835 472 Ad
854 446 911 473 hare
924 447 971 473 τιά-

179 496 253 522 ditur
268 504 275 522 :
294 505 303 521 ι
330 494 442 529 Linguis
457 495 516 521 suis
534 493 627 520 dolose
644 494 771 527 agebant.
787 503 795 518 ι
819 492 900 519 Dolus
919 497 970 525 est,

179 551 241 570 cum
258 542 330 569 aliud
347 542 408 576 quis
431 541 520 576 lingua
545 541 677 574 loquitur,
692 544 719 566 et
741 539 812 566 aliud
828 539 930 566 volutat
945 540 970 566 in

180 589 272 615 corde.
294 588 370 620 Quod
392 587 495 614 crimen
514 587 604 613 nescio
622 586 645 613 si
670 585 711 612 vel
735 586 823 618 justos
849 593 972 619 quosque

179 638 208 660 et
223 633 324 660 electos
340 632 475 665 relinquat
491 632 643 663 immunes;
660 631 706 658 sed
727 636 792 664 pulo
815 631 887 665 quod
903 631 971 658 alius

180 680 249 712 plus,
267 677 337 704 alius
352 684 442 705 autem
460 678 560 708 minus,
577 684 656 703 neruo
670 682 758 703 tamen
772 677 807 703 sit
825 677 858 704 ab
871 677 923 704 ltoc
936 677 971 704 ad

179 723 328 758 perfectum
357 731 451 758 purus,
474 723 526 750 nisi
547 723 593 750 ille
616 722 691 749 solus
713 722 746 749 de
763 729 816 756 quo
839 723 970 756 scriptmn

179 775 221 796 est
236 778 242 795 :
261 778 270 794 ι
285 769 335 802 Qui
353 773 494 803 peccatum
511 776 564 795 non
588 768 663 800 fecit,
677 775 726 795 nec
740 768 818 794 dolus
841 768 971 795 inventus

179 820 221 842 est
239 815 265 842 in
280 823 328 843 ore
343 816 400 851 ejus
413 816 445 842 ⁷⁸.
461 825 470 842 ›
495 815 562 842 Nam
575 819 601 842 et
618 815 640 841 si
657 815 814 842 inveniatur
827 815 888 849 quis
906 815 969 842 dili-

179 868 246 896 gens
261 867 288 888 et
303 868 411 894 cautus,
438 866 526 898 potest
548 862 673 890 fortassis
696 862 722 889 in
745 862 917 896 gravioribus
941 870 970 890 se

179 906 328 933 observare
345 916 352 933 :
370 915 449 941 quem
470 913 560 934 autent
584 907 717 938 invenias,
737 907 782 941 qui
804 908 830 934 iu
853 908 910 935 hate
928 908 970 935 vel

179 959 235 986 prae
254 953 428 986 verecundia,
445 953 485 980 vel
500 960 554 987 pra:
571 952 735 988 negligentia
753 961 806 980 non
823 953 971 980 incurrat?

180 997 318 1025 lnterdurn
343 1003 371 1026 et
399 1006 447 1033 per
471 998 635 1026 oblivionem
662 999 824 1026 omitttmtnr
847 1007 908 1034 quae
923 1008 971 1027 cu-

179 1046 264 1072 randa
291 1045 410 1078 fuerant,
429 1050 455 1072 et
476 1053 512 1072 ne
537 1048 668 1079 appareat
688 1045 779 1079 culpa,
804 1050 971 1072 excusantur

180 1092 257 1119 aliter
273 1099 353 1126 quam
371 1087 427 1127 (2'9)
443 1096 518 1126 gesta
531 1096 605 1120 sunt.
619 1091 697 1118 Unde
712 1096 739 1118 et
755 1091 863 1124 Petrus,
881 1092 970 1120 sciens

179 1138 247 1165 istas
273 1145 334 1166 esse
358 1137 532 1165 diversitates
558 1138 622 1169 doli,
642 1137 724 1172 508
738 1137 764 1164 in
785 1137 906 1172 Epistula
922 1146 970 1165 sua

179 1184 273 1211 scribit
299 1184 394 1211 dicens
410 1192 417 1210 :
437 1193 446 1209 ι
474 1184 643 1218 Deponenles
661 1191 725 1218 ergo
744 1191 851 1210 onmem
867 1183 968 1218 dolum,

179 1235 206 1257 et
232 1231 443 1261 simulationem,
467 1235 494 1257 et
516 1231 659 1262 invidiam,
677 1235 704 1258 et
732 1231 968 1263 obtrectationem,

179 1276 256 1310 quasi
275 1277 355 1303 modo
380 1276 463 1310 geniti
491 1276 619 1309 infantes,
648 1276 839 1308 rationabiles,
860 1281 886 1303 et
911 1277 970 1304 sine

179 1321 251 1352 dolo,
274 1321 315 1348 lac
338 1321 536 1356 concupiscite,
553 1321 620 1348 utin
642 1329 675 1349 eo
696 1322 828 1349 erescatis
849 1322 875 1348 in
895 1323 965 1349 salu-

180 1371 233 1394 tezn
243 1367 277 1393 τ’.
295 1377 305 1393 ο

215 1412 242 1439 ι.
278 1422 287 1438 ι
302 1412 442 1439 Venenum
472 1413 595 1447 aspitlnm
623 1413 674 1440 sub
699 1413 778 1440 labiis
797 1421 892 1440 eorum
905 1414 940 1440 ‘9.
958 1423 967 1440 ι

180 1456 286 1484 Mersus
314 1458 446 1490 serpentis
472 1465 577 1484 veneno
604 1465 703 1492 corpus
733 1457 790 1494 ('30)
814 1459 968 1486 interimit:

920 109 1083 138 OlllGENlS
1798 111 1831 134 9"

182 182 228 204 tur
243 182 333 207 suum,
349 179 375 201 et
397 173 537 208 proferant
559 172 672 198 verbum
691 176 841 202 mortuum,
859 171 971 198 verbum
989 175 1010 202 Α
1025 171 1088 202 cite,
1105 174 1133 198 et
1151 170 1234 198 nolite
1254 171 1439 202 maledicere;
1457 180 1468 197 ι
1486 175 1513 198 et
1532 170 1601 198 alibi
1615 171 1642 186 "
1662 179 1671 196 :

1695 181 1708 196 ε
1732 170 1778 197 Nc
1798 180 1831 205 qr:

1026 217 1102 243 radix
1123 216 1313 244 amaritudinis
1336 224 1444 244 sursum
1467 217 1637 252 germinans
1658 217 1815 252 impediat.

1023 262 1139 289 Additur
1152 263 1177 289 in
1187 262 1418 296 consequentibus
1428 263 1451 278 δι
1466 273 1472 289 :
1486 272 1495 288 ι
1509 263 1631 290 Veloces
1642 264 1741 297 pedes
1753 271 1831 290 ωτι-η

1023 307 1057 334 ad
1073 307 1266 335 etfuudcndutn
1282 308 1454 343 sanguinem.
1470 317 1478 333 I
1497 308 1579 342 Quod
1610 314 1720 336 tamen
1739 311 1831 337 crime:

1024 361 1078 380 non
1096 353 1221 381 fortassis
1233 354 1357 388 pluribus
1374 355 1461 389 aptari
1474 362 1555 390 posse
1570 354 1732 382 videbitur
1751 363 1827 383 eoru-

1024 400 1056 427 de
1074 401 1173 434 quibus
1194 401 1283 428 dixit:
1304 409 1313 427 ι
1330 400 1440 428 Causati
1458 401 1532 428 enim
1553 409 1665 428 sumus
1683 402 1803 430 ,Ιυιιςιεοε
1817 413 1831 429 κ,

1023 447 1132 474 (ἔπειθε
1148 455 1244 475 omnes
1262 448 1312 475 sub
1326 453 1439 482 peccato
1454 456 1516 475 esse
1528 447 1574 480 8';
1597 457 1607 474 ι
1635 449 1699 476 nisi
1719 449 1795 476 forte
1807 451 1831 476 in

1024 486 1218 528 intelligamus,
1234 493 1298 528 quia
1315 501 1368 520 non
1385 495 1569 529 corporaliter
1592 499 1715 521 tantum
1733 503 1831 529 sangu-

1023 538 1172 565 ctfunditur
1187 546 1282 566 corum
1298 546 1415 572 quorum
1438 546 1554 573 corpora
1572 541 1785 569 trucidantur,

1023 589 1050 612 et
1063 585 1089 612 hi
1106 587 1151 620 qui
1166 585 1289 619 quolibet
1304 585 1432 612 seandalo
1444 585 1565 612 animam
1583 594 1598 612 a
1617 587 1684 614 Deo
1698 595 1831 621 separant.

1022 631 1073 658 viri
1091 632 1254 666 sanguinum
1279 631 1467 658 nominantur.
1492 630 1573 658 Sicut
1589 633 1676 659 enim
1698 633 1830 659 homin-ie:

1023 677 1124 704 dicitur
1136 677 1182 705 ille
1193 678 1239 712 qui
1255 684 1356 713 corpus
1367 678 1401 705 ah
1417 679 1508 706 anima
1527 682 1665 712 separat,
1691 687 1746 713 per
1760 687 1831 714 qua:

1023 723 1197 752 vivificatur:
1215 724 1252 751 ita
1277 724 1362 751 multo
1385 725 1468 751 etiam
1494 725 1592 752 verius
1618 725 1676 752 ille
1698 725 1831 752 homiciii

1022 768 1155 797 dicendus
1169 775 1221 803 est,
1238 770 1282 804 qui
1300 769 1421 796 animam
1435 778 1450 796 a
1466 777 1530 796 vera
1547 771 1609 797 vita
1628 776 1770 805 separat,
1784 780 1831 804 qu:

1024 814 1079 850 (55)
1091 819 1133 842 est
1152 815 1232 843 Deus.
1254 815 1342 842 Pedes
1361 820 1452 842 autem
1472 815 1565 842 hocin
1591 816 1661 843 loco
1683 817 1820 843 illosintel

1024 860 1075 895 lige
1093 861 1127 888 de
1153 861 1250 896 quibus
1268 860 1335 888 dicit
1356 860 1492 895 Propheta
1510 870 1517 887 :
1540 870 1549 886 ι
1565 861 1621 887 Mei
1645 867 1751 889 autem
1776 870 1831 896 pere

1024 908 1088 935 moti
1100 912 1164 935 sunt
1179 907 1261 942 pedes
1275 907 1315 939 3°;
1331 917 1341 934 ›
1360 907 1412 934 hoc
1422 912 1474 941 est,
1487 908 1643 935 consilium
1658 916 1722 944 quo
1736 910 1829 943 agilih

1022 955 1074 981 iter
1090 954 1162 981 vine.

1056 1001 1084 1027 5.
1097 1000 1295 1032 «Contritio,et
1307 1000 1451 1027 infelicitas
1464 1000 1490 1026 in
1507 1000 1559 1027 viis
1575 1008 1686 1027 eorum
1703 1010 1712 1027 :
1729 1007 1758 1027 ct
1771 1002 1829 1026 vim

1021 1046 1096 1080 pacis
1115 1054 1167 1073 non
1189 1045 1419 1080 cognoverunt“.
1433 1054 1443 1071 ι
1462 1045 1683 1073 Contritionem
1703 1047 1752 1074 hic
1766 1047 1829 1074 didL

1022 1099 1075 1119 non
1091 1091 1163 1118 illam
1190 1099 1243 1126 qua
1271 1091 1383 1125 spiritus
1399 1091 1519 1126 peccatis
1539 1091 1769 1119 eontribulatur
1791 1101 1830 1127 pro

1021 1138 1193 1172 paenitentia,
1206 1138 1276 1164 unde
1292 1137 1391 1164 dicitur
1415 1138 1442 1164 in
1463 1137 1584 1165 Psalmis
1596 1138 1621 1154 ⁸⁵
1641 1147 1652 1165 :
1676 1148 1688 1164 ι
1708 1139 1767 1166 Cor
1778 1147 1829 1166 cca

1023 1184 1114 1210 tritum
1133 1188 1160 1210 et
1182 1183 1356 1210 bumilialum
1382 1183 1453 1210 Deus
1470 1190 1526 1210 non
1542 1185 1668 1218 spernit
1686 1194 1694 1212 :
1717 1195 1728 1211 ι
1745 1186 1791 1212 δα]
1806 1187 1827 1211 ir

1022 1227 1074 1254 lam
1098 1229 1167 1255 dicit
1193 1231 1387 1257 contritionem
1414 1237 1468 1264 qua
1493 1236 1677 1265 peccatores
1713 1232 1827 1259 dicuntur

1020 1276 1272 1310 Contererejngum
1290 1276 1395 1303 Domini
1421 1282 1448 1303 et
1464 1277 1605 1311 projicere
1633 1286 1652 1304 ιι
1682 1280 1828 1306 cervicit.~.~

1022 1320 1078 1347 suis
1091 1319 1125 1346 ".
1143 1320 1275 1348 Similiter
1298 1326 1326 1348 et
1353 1331 1361 1346 ι
1381 1321 1543 1354 infelicitas,
1559 1331 1569 1348 ι
1592 1323 1655 1356 vel,
1679 1324 1760 1350 sicut
1777 1324 1828 1350 alita:

1021 1365 1131 1400 legitur.
1151 1375 1160 1391 ι
1173 1366 1282 1393 miseria
1295 1375 1305 1392 ι
1325 1367 1484 1400 accipienda
1501 1372 1554 1400 est,
1569 1375 1628 1401 qua
1661 1371 1755 1397 miser
1777 1369 1829 1395 aﬁc-

1022 1416 1081 1439 ctus
1095 1417 1138 1439 est
1155 1412 1236 1439 homo
1248 1418 1274 1440 et
1293 1413 1396 1445 infelix,
1409 1414 1453 1448 qui
1470 1423 1479 1439 ι
1493 1421 1554 1441 cum
1574 1415 1603 1441 in
1620 1415 1745 1443 honore
1760 1423 1828 1444 εδει.

1023 1467 1075 1486 ιιοιι
1088 1458 1229 1489 intellexit.
1244 1468 1253 1484 ι
1271 1459 1319 1486 sed
1339 1469 1348 1484 ι
1360 1465 1536 1493 comparatus
1547 1465 1594 1486 est.
1604 1459 1761 1494 jttmcntis
1776 1463 1827 1488 ins-

182 1511 290 1530 morsus
302 1502 377 1530 verbi
393 1503 517 1528 venenati
533 1501 629 1529 fraude
641 1503 760 1528 animam
775 1508 864 1530 necat.
879 1503 969 1531 Potest
984 1521 1006 1549 C
1023 1503 1169 1538 pientibus.
1185 1509 1212 1530 et
1227 1504 1324 1530 similis
1342 1505 1432 1531 factus
1449 1509 1490 1531 est
1502 1505 1543 1532 eis
1554 1505 1593 1532 ⁸⁸.
1612 1505 1652 1532 Ει
1666 1507 1750 1534 viam
1766 1510 1826 1543 patri

181 1549 265 1576 accidi
285 1549 338 1575 hoc
357 1553 385 1575 et
402 1548 435 1575 de
457 1547 498 1575 bis
517 1548 564 1582 qui
585 1548 782 1576 calumniarum
811 1551 972 1577 commentis

180 1594 401 1621 circumveniunt
419 1594 544 1621 homines
560 1604 566 1621 :
587 1599 675 1629 potest
691 1600 717 1622 et
742 1596 775 1622 de
791 1596 842 1628 his,
863 1597 908 1631 qui
924 1605 972 1632 per

181 1639 341 1667 lunreticam
357 1639 509 1666 doctrinam
528 1647 631 1666 veneno
643 1640 740 1667 diaboli
760 1642 898 1675 infectam,
916 1643 973 1669 ani-

181 1693 241 1713 mas
270 1685 409 1720 decipiunt
432 1686 609 1721 simplicium.
631 1696 639 1712 I
663 1687 783 1720 Quorunt
804 1695 834 1714 os
858 1688 968 1716 maledi-

181 1731 282 1764 ctione,
299 1735 326 1758 et
343 1731 523 1758 amaritudine
548 1731 656 1766 plenum
673 1738 713 1759 est
723 1732 756 1761 ⁸⁸.
781 1742 789 1759 ι
811 1733 847 1760 De
868 1742 971 1761 \‘encuo

182 1777 290 1812 quidem
309 1777 432 1811 aspidum
449 1785 502 1804 non
526 1777 594 1804 dixit
608 1778 688 1812 plena
709 1786 769 1805 esse
783 1779 864 1806 labia.
880 1779 907 1806 in
926 1780 971 1806 illo

181 1823 253 1850 enim
270 1823 335 1850 vitio
349 1822 440 1857 plures
458 1823 584 1851 fortassis
601 1824 785 1857 inveniantur,
808 1833 860 1852 non
880 1830 971 1852 tamen

181 1869 272 1902 plures
286 1869 330 1902 qui
344 1869 431 1902 plene,
447 1874 474 1896 et
491 1870 525 1896 ad
547 1870 682 1903 integrum
695 1870 794 1897 veneni
812 1871 884 1897 illius
897 1871 972 1898 virus

180 1917 294 1940 exerant
319 1913 386 1948 (3|).
413 1913 602 1940 Malcdictione
629 1919 721 1941 autem
740 1920 767 1941 et
791 1915 972 1942 amaritudine

182 1959 278 1993 repleri
294 1966 335 1992 os,
351 1960 428 1986 valde
442 1959 587 1986 multorum
601 1965 653 1987 est.
663 1959 729 1993 Quis
739 1961 812 1987 enim
827 1961 863 1988 ita
880 1969 972 1988 emen-

183 2003 236 2032 dati
253 2005 312 2032 oris
327 2009 371 2032 est
393 2004 461 2041 (52),
478 2013 558 2039 quem
577 2013 630 2032 non
657 2006 838 2034 maledicendi
853 2015 970 2034 consue-

181 2051 247 2078 tudo
259 2050 397 2084 sollicitet,
413 2059 466 2078 non
488 2051 577 2078 dicant
591 2051 736 2079 adversum
749 2059 798 2079 eos
821 2053 866 2086 qui
886 2053 970 2080 ntale-

181 2097 300 2124 dielione
315 2097 387 2132 digiti
405 2101 479 2129 sunt,
496 2097 542 2123 sed
559 2097 704 2124 adversum
724 2105 771 2125 eos
788 2106 856 2132 quos
877 2099 971 2125 Domi—

181 2150 232 2168 nus
243 2150 295 2168 nou
316 2141 465 2173 maledixit,
484 2142 509 2168 id
533 2146 584 2175 est,
601 2142 689 2175 justus
703 2147 729 2169 ct
751 2145 911 2171 innocentes
927 2144 968 2170 vi-

1025 1556 1077 1576 n0n
1093 1555 1279 1584 cognoverunt
1290 1551 1324 1578 οι.
1340 1559 1349 1575 ι
1365 1549 1419 1576 Pax
1435 1555 1526 1576 nostra
1543 1550 1693 1579 Christus
1709 1559 1765 1579 est.
1790 1552 1825 1578 ιω

1023 1603 1087 1630 ergo
1110 1596 1196 1630 pacis,
1216 1596 1260 1622 via
1285 1595 1386 1622 Christi
1405 1600 1457 1622 εει.
1474 1595 1527 1622 Sed
1550 1600 1582 1622 et
1610 1597 1638 1623 si
1661 1599 1826 1632 accipiam.

1023 1639 1095 1673 quod
1110 1644 1269 1674 peccatores
1283 1641 1345 1667 dum
1358 1640 1487 1667 vitiorutn
1499 1640 1581 1668 bellis
1599 1649 1727 1676 semper
1740 1651 1827 1677 urgea-

1024 1690 1077 1716 tur,
1092 1686 1163 1712 viam
1192 1686 1268 1720 pacis
1285 1687 1422 1722 ignorant,
1438 1690 1511 1712 recte
1534 1686 1752 1722 intelligimus.
1770 1689 1827 1715 [ιῑιει

1022 1731 1094 1757 enim
1110 1732 1242 1766 propheta
1256 1733 1289 1759 ad
1309 1732 1453 1760 Dominum
1469 1740 1477 1759 :
1495 1741 1503 1757 ι
1520 1731 1580 1758 Pax
1606 1733 1709 1760 multa
1726 1736 1827 1768 diligen-

1024 1776 1097 1804 tibus
1116 1785 1213 1804 nomen
1235 1783 1321 1810 tutnn,
1338 1783 1366 1805 et
1385 1785 1438 1805 non
1453 1783 1494 1803 est
1513 1777 1569 1804 illis
1585 1780 1767 1806 scandalum
1780 1780 1824 1806 ".t

1024 1820 1076 1846 Sed
1095 1825 1122 1847 et
1139 1821 1183 1848 ille
1198 1822 1313 1856 populus
1328 1823 1373 1856 qui
1387 1822 1420 1848 de
1435 1822 1553 1857 {Egypto
1574 1824 1710 1851 eductus
1723 1830 1776 1857 est,
1788 1833 1824 1858 pc:

1023 1865 1094 1892 viam
1114 1867 1189 1900 pacis
1215 1867 1339 1899 incessit,
1355 1872 1384 1894 ιιι
1409 1868 1442 1894 ad
1468 1873 1573 1894 terram
1597 1872 1823 1902 repromissiom:

1023 1912 1141 1945 veniret,
1159 1917 1186 1939 et
1199 1913 1334 1939 habitaret
1353 1913 1378 1939 iu
1393 1912 1554 1946 Jerusalem,
1580 1922 1650 1949 qua:
1670 1917 1824 1950 interprch

1024 1962 1067 1985 tur
1085 1959 1150 1985 visio
1177 1960 1261 1993 pacis,
1283 1960 1353 1987 sicut
1377 1965 1404 1986 et
1426 1960 1562 1994 Propheta
1580 1962 1656 1990 dicit
1677 1973 1685 1990 :
1708 1973 1717 1989 ι
1738 1964 1824 1990 Factus

1021 2010 1064 2031 est
1079 2004 1104 2031 in
1118 2013 1183 2040 pace
1198 2005 1273 2033 locus
1289 2006 1394 2040 cjus,et
1408 2007 1542 2033 habitatio
1556 2007 1623 2041 eius
1642 2010 1674 2035 in
1695 2010 1764 2037 Sion
1780 2011 1822 2037 ’¹.›

1022 2049 1131 2077 Plenius
1151 2056 1240 2078 autem
1259 2053 1329 2078 viam
1345 2052 1418 2086 pacis
1442 2053 1568 2086 agnoscit
1584 2055 1636 2088 qui
1655 2056 1694 2082 ad
1713 2056 1822 2083 caelestis

1022 2095 1171 2122 Jerusalem
1187 2097 1371 2124 habitaculum
1389 2098 1485 2129 tendit,
1507 2103 1537 2125 ιιι
1557 2099 1594 2125 ad
1612 2108 1754 2129 sanctam
1769 2103 1822 2128 tin-

1025 2146 1106 2169 talem
1117 2142 1162 2169 Dei
1174 2143 1287 2170 viventis
1302 2145 1440 2171 ascendat.
1455 2145 1519 2172 Post
1529 2146 1589 2172 lucc
1601 2148 1741 2175 additur:
1756 2149 1819 2175 «Ma

183 2187 245 2214 ros?
259 2187 415 2220 Promptum
429 2187 480 2214 hoc
498 2188 655 2223 etproclive
672 2188 766 2214 vitium
781 2193 823 2215 est
834 2188 966 2224 fragilita-
984 2191 1009 2220 Ι)
1022 2192 1064 2214 cst
1082 2187 1162 2214 timor
1178 2189 1223 2215 Dei
1248 2195 1311 2216 ante
1335 2189 1429 2217 oculos
1448 2197 1545 2216 eorum
1563 2190 1600 2217 ".
1617 2201 1628 2217 ι
1654 2194 1686 2221 Si
1714 2196 1776 2229 quis
1792 2200 1819 2219 ει

182 2231 217 2258 ιὶε
236 2231 361 2258 humana:
373 2239 438 2265 erga
452 2232 589 2267 subjectos
609 2233 745 2268 praecipue
764 2238 791 2260 et
804 2233 969 2262 inferiores:

181 2277 218 2305 ita
241 2277 334 2312 ntjarn
349 2278 556 2313 appellationem
580 2280 651 2306 hanc
679 2287 731 2306 non
751 2280 969 2308 maledictionem

181 2329 287 2358 putent.
303 2323 336 2351 Et
351 2324 412 2352 ideo
428 2325 539 2360 plentun
554 2333 615 2352 esse
629 2333 661 2352 os
676 2333 782 2359 corum,
800 2331 826 2353 et
841 2331 969 2360 tanquam

181 2368 216 2396 de
243 2369 321 2403 pleno
346 2370 402 2398 oris
429 2370 539 2398 vasculo
565 2371 752 2399 indesinenter
773 2371 874 2399 dicitur
887 2371 971 2400 littere

182 2415 349 2443 maledictio.
363 2416 432 2444 Iluie
459 2422 548 2444 tamen
563 2421 590 2444 et
609 2417 763 2444 amaritudo
783 2418 967 2453 conjungitur,

181 2461 244 2495 quia
261 2469 293 2488 ex
309 2462 455 2490 iracundiae
470 2463 531 2490 felle
549 2463 728 2498 depromitur.
737 2463 789 2491 Per
800 2465 967 2491 iracundiam

182 2506 256 2533 enim
275 2514 308 2534 ac
323 2506 440 2535 furorem
462 2509 495 2535 ad
513 2509 727 2536 maledicendum
745 2509 836 2544 lingua
851 2510 969 2544 compcl-

183 2551 258 2580 litur.
276 2552 309 2579 Et
335 2553 395 2580 ideo
411 2554 477 2581 dicit
505 2555 575 2582 idern
602 2555 746 2590 Apostolus
759 2556 781 2571 ἠ
799 2565 804 2583 ;
828 2565 836 2581 ι
856 2556 968 2582 Benedi-

219 2600 242 2636 ΪΪ
257 2599 352 2628 Matth.
371 2609 420 2632 xtl,
441 2603 487 2629 5L
537 2603 560 2618 ⁷⁸
575 2603 582 2630 l
597 2603 671 2630 Petr.
688 2612 718 2636 ιι,
733 2604 777 2630 i2.

181 2634 205 2670 ξ’
217 2635 298 2662 llebr.
314 2644 361 2668 xu,
377 2637 419 2664 15.
458 2637 481 2652 ⁵⁵
499 2637 577 2664 Rom.
592 2646 630 2670 ιιι,
648 2639 690 2665 15.
711 2634 751 2655 Vl”
765 2640 832 2666 ibid.
847 2639 873 2666 9.

183 2669 285 2707 flerent.
301 2679 329 2702 ιι,
344 2672 395 2707 2ος
414 2679 440 2703 v,
455 2672 492 2707 Ei._
527 2673 549 2688 "
566 2672 637 2700 Psal.
656 2681 750 2707 xu'tn,
767 2675 809 2707 15,
831 2674 876 2701 2|.

181 2704 204 2719 ’δ
217 2704 294 2732 llom.
307 2714 347 2737 nt,
364 2706 407 2733 18.
443 2706 465 2721 ⁵⁵
478 2705 550 2733 Psal.
566 2714 626 2740 χιιι,
641 2708 667 2734 5.

216 2750 272 2783 (‘29)
291 2751 347 2782 AL,
365 2759 374 2775 ι
393 2758 485 2784 qum.)

217 2785 273 2823 (itu)
290 2786 344 2823 ltl_.,
360 2794 369 2810 ι
383 2786 470 2812 Morsu
483 2787 618 2821 serpentis
632 2795 762 2816 venenum
776 2793 967 2823 corpus,tetc.

217 2820 273 2855 (at)
294 2819 348 2850 AL.
366 2829 375 2845 ι
387 2819 563 2849 exerceant.)

832 2605 854 2620 τ’
881 2604 946 2631 ibid.
980 2604 1004 2634 1.
1021 2604 1047 2630 2.
1101 2604 1170 2630 “lli

847 2639 873 2666 9.
911 2639 935 2655 “
949 2639 1019 2666 Psal.
1042 2646 1126 2668 uxtl.
1141 2639 1170 2665 2.

915 2674 937 2690 ⁹¹
961 2674 1038 2701 llom.
1064 2682 1104 2707 ιιι,
1125 2674 1168 2700 17.

1022 2233 1067 2267 qui
1083 2240 1190 2267 semper
1213 2234 1246 2261 de
1266 2234 1363 2261 timore
1391 2235 1437 2261 Dei
1454 2234 1566 2268 cogitet,
1583 2237 1656 2271 quid
1672 2240 1700 2266 ei
1725 2240 1819 2273 platcir

1024 2279 1154 2312 requirat,
1167 2279 1266 2313 quidve
1281 2280 1504 2314 displiceat,huic
1519 2283 1606 2309 timor
1623 2283 1677 2311 Dei
1691 2292 1757 2313 esse
1768 2290 1820 2311 ante

1022 2324 1116 2351 oculos
1136 2324 1245 2352 dicitur.
1264 2325 1316 2352 Sed
1344 2327 1448 2361 peritus
1473 2326 1557 2355 debet
1573 2335 1652 2362 esse,
1666 2336 1696 2357 et
1719 2339 1754 2357 ex
1772 2331 1819 2363 leg:

1023 2368 1129 2396 Domini
1153 2364 1296 2405 diligenter
1316 2372 1441 2399 eruditus
1454 2373 1490 2405 ",
1508 2381 1543 2400 ne
1559 2374 1636 2402 forte
1652 2376 1714 2403 illic
1736 2382 1819 2402 nch

1024 2415 1129 2448 timore,
1145 2417 1190 2445 ubi
1208 2418 1381 2452 necessarius
1403 2425 1457 2445 non
1477 2419 1532 2445 erit
1558 2421 1658 2447 timor.
1677 2421 1818 2448 Ponetth

1023 2466 1065 2487 est
1087 2469 1151 2495 ergo
1173 2470 1282 2498 semper
1296 2464 1377 2491 timor
1397 2463 1442 2490 Dei
1461 2470 1525 2491 ante
1539 2465 1639 2492 oculos
1656 2475 1663 2492 :
1685 2475 1744 2494 non
1762 2468 1817 2493 lstdi

1021 2508 1114 2535 oculos
1129 2509 1220 2536 carnis
1234 2509 1333 2544 (neque
1350 2511 1420 2537 enim
1433 2510 1542 2538 visibile
1554 2511 1677 2546 aliquid,
1702 2519 1751 2540 aut
1765 2521 1816 2539 ςιιι-

1022 2562 1133 2589 porenm
1148 2555 1301 2591 qumritur),
1315 2557 1361 2584 sed
1377 2562 1440 2584 ante
1454 2558 1549 2584 oculos
1560 2559 1666 2585 mentis
1679 2559 1752 2593 (δικ
1766 2567 1813 2592 ψιιτ

1101 2603 1123 2619 ⁸⁸
1139 2604 1216 2630 florn.
1231 2612 1272 2635 ιιι,
1291 2605 1333 2631 15.
1371 2605 1392 2620 ⁸¹
1410 2605 1474 2632 ibid.
1494 2606 1537 2631 Η.
1576 2605 1600 2621 ⁸⁸
1615 2605 1701 2633 Rom.
1716 2615 1764 2636 ut,
1780 2606 1815 2631 11.

1207 2639 1232 2681 ξζ
1244 2639 1322 2681 lion).
1337 2647 1376 2671 tu,
1392 2640 1435 2672 16,
1447 2640 1496 2681 ⁵1]..
1534 2640 1697 2681 5‘__l':al._t.,
1720 2644 1763 2668 19.
1793 2641 1814 2681 _"

1209 2675 1232 2690 ⁹²
1244 2674 1314 2701 Psal.
1332 2682 1426 2707 cxvrn,
1444 2675 1507 2702 165.
1555 2676 1580 2691 ’³
1595 2675 1672 2703 Psal.
1701 2685 1780 2704 un.
1792 2677 1811 2698 ἲ.

1059 2754 1114 2787 (5'2)
1135 2755 1188 2786 AL,
1208 2764 1217 2780 ι
1234 2756 1426 2783 cmendatioris
1440 2760 1483 2783 est
1498 2757 1570 2784 vine.
1588 2767 1598 2784 ι

1060 2790 1116 2824 (53)
1138 2789 1220 2822 Erilli,
1242 2791 1322 2824 «qui.
1341 2800 1349 2816 ι

1061 2823 1118 2859 (Si)
1136 2825 1219 2856 Alias.
1238 2835 1247 2851 ι
1266 2823 1312 2853 scd
1327 2826 1426 2854 dicitur
1441 2827 1474 2854 de
1493 2828 1580 2854 oculis
1597 2829 1712 2856 mentis.
1729 2838 1740 2855 ι
