1833 3049
197 106 255 135 Ἑιὶιῦ

933 105 1098 135 ORIGENIS
1154 116 1157 126 ι
1799 111 1830 138 9+3

204 168 345 195 invenitur
360 168 417 202 ipse
430 166 548 194 del‘uisse
560 165 594 193 iis
610 173 670 201 quae
683 173 697 193 a
712 166 770 194 Deo
783 167 844 194 data
858 172 921 195 sunt
937 167 1000 195 sibi.
1016 171 1038 199 Α
1055 168 1185 195 mundum
1200 168 1237 195 ita
1253 173 1381 196 terrenus
1397 169 1445 196 hic
1461 170 1565 198 debere
1575 169 1698 206 intelligi
1716 170 1800 201 Iocus.
1813 180 1830 199 ut

205 214 302 242 Merito
323 221 390 249 ergo
411 213 510 241 dieitur
536 213 562 240 in
579 213 624 239 tali
640 212 746 246 judicio
762 213 832 240 Deus
846 213 956 241 vincere
967 218 996 241 et

200 260 347 296 jnstillcari
367 260 393 287 in
418 258 509 286 verbis
520 260 587 287 suis.
615 259 678 286 llmc
704 267 768 293 ergo
792 259 836 286 lex
863 259 997 287 naturalis

200 307 328 342 quuitul‘
342 305 470 333 omnibus
494 305 540 340 qui
565 305 591 332 in
608 304 666 339 lege
684 309 744 331 sunt
761 313 767 330 :
787 313 820 332 ex
837 305 913 340 cujus
925 312 995 339 prai-

199 354 292 388 eeptis
315 353 365 380 soli
389 353 456 380 mibi
475 353 611 380 immunes
629 350 687 377 lieri
712 351 837 378 videntur
863 351 994 383 infantes.

201 399 302 434 quibus
317 399 438 427 nondunt
453 399 525 426 inest
539 398 616 433 pravi
633 397 756 431 rectique
772 398 917 432 judicium.
941 398 996 425 Sed

203 445 247 473 his
270 445 292 472 si
316 445 399 472 etiam
426 444 462 472 illi
479 444 600 472 sociandi
626 443 682 469 sint
702 442 748 476 qui
776 450 937 477 quacunque
962 449 996 470 ex

203 499 285 519 causa
302 492 419 526 impotes
434 495 500 518 sunt
518 490 575 526 (45)
601 491 712 523 mentis,
739 490 840 517 videto.
868 489 997 523 Exceptis

202 545 268 566 vero
294 538 338 565 his
366 537 454 565 nullus
477 538 620 565 hominum
652 538 717 565 ntibi
747 535 866 571 cﬂ'ugere
888 536 996 563 videtur

203 585 273 612 bane
296 585 394 620 legent.
415 584 650 612 Considerandum
671 588 714 612 est
741 588 832 611 autem
861 590 896 610 ne
926 582 996 610 forte

203 638 257 657 non
283 630 372 658 solum
400 629 536 661 homines,
564 629 611 656 sed
638 634 666 656 et
685 628 804 664 angelos,
825 632 852 654 et
874 634 995 659 onmem,

201 682 371 710 quaecunque
403 675 448 701 illa
475 679 532 703 cst.
556 674 747 701 rationabilem
775 676 932 700 creaturam
954 671 996 698 lex

204 722 254 748 ista
270 721 450 756 constringat.
465 720 493 748 Si
509 721 581 748 enim
600 725 672 748 recte
688 729 702 746 a
719 719 886 754 sapientibus
898 718 997 745 delini~

204 775 260 795 tum
273 773 327 800 est,
340 767 426 803 legent
441 775 501 795 esse
515 775 575 802 quze
583 766 642 802 (44)
653 767 736 794 dictet
750 766 820 800 quod
831 765 872 801 agi
887 765 995 797 debeat,

201 821 229 843 et
237 815 308 850 quod
320 815 361 850 agi
374 821 425 841 neu
435 814 531 841 debeat
541 818 622 845 vetet,
632 812 768 847 quomodo
778 820 830 840 non
840 811 994 846 huiusmodi

202 863 246 890 le'x
267 863 350 889 etiam
370 861 497 896 supernis
515 865 542 887 et
564 858 722 888 caelestibus
736 858 877 886 ordinibus
890 858 991 885 inserta
1009 850 1028 878 Β

202 909 358 941 videbitur;
376 908 476 941 quibus
500 907 596 940 utique
617 910 645 932 ct
665 904 830 932 observandi
853 903 994 939 quiddam,

202 954 285 990 510
305 958 334 980 et
348 953 477 988 quiddam
497 951 612 979 cavendi
638 950 781 985 disciplina
798 949 865 976 est?
885 949 918 976 Et
943 948 993 976 nisi

203 1003 254 1028 hac
270 1002 326 1035 lege
351 1004 520 1030 tenerentur,
538 1005 677 1032 nunquam
695 997 729 1024 de
742 996 783 1023 eis
798 996 904 1023 diceret
921 995 996 1022 Scri-

203 1052 284 1082 ptura
303 1046 415 1073 divina:
433 1054 442 1070 α
455 1044 573 1079 Angelos
592 1051 712 1078 quoque,
733 1043 779 1077 qui
797 1049 850 1070 non
868 1049 996 1069 servave—

203 1098 265 1120 runt
277 1093 458 1128 principatum
467 1098 560 1123 suum,
574 1089 620 1117 sed
635 1089 841 1124 dereliquerunt
854 1087 995 1122 proprium

203 1139 392 1171 domicilium,
409 1138 480 1165 Deus
496 1136 672 1170 adjudicium
690 1135 781 1169 magni
806 1133 860 1161 diei
886 1133 996 1160 zetcrnis

203 1185 321 1213 vinculis
351 1185 377 1211 in
408 1189 514 1210 tartaro
533 1181 590 1218 (45)
612 1182 777 1209 constrictos
805 1179 856 1207 sub
880 1179 997 1214 caligine

203 1231 356 1259 reservavit
392 1231 425 1258 ¹¹.
443 1239 452 1255 ι
479 1228 556 1256 Unde
582 1231 691 1255 constat
717 1226 805 1253 inesse
829 1225 869 1252 eis
891 1224 996 1259 legem;

202 1285 256 1312 qua
273 1284 324 1304 non
344 1275 489 1303 observata
512 1273 584 1308 passi
607 1277 672 1300 sunt
697 1271 754 1298 haec
784 1277 845 1305 qua:
870 1269 997 1305 superius

203 1323 344 1358 Scriptura
363 1326 463 1350 testata
484 1326 535 1348 est.
567 1319 621 1347 Sed
647 1323 675 1346 et
696 1317 797 1345 Paulus
814 1323 880 1344 cum
906 1316 996 1343 dicit:

204 1380 215 1396 ι
233 1371 272 1396 An
296 1368 353 1404 (46)
368 1368 478 1396 nescitis
505 1367 569 1402 quia
593 1363 903 1400 angelosjudicabim‘us
930 1362 995 1389 ³³1»

202 1417 268 1453 quid
286 1417 358 1443 aliud
376 1415 426 1442 nisi
447 1414 497 1441 sub
519 1413 579 1447 lege
595 1413 716 1439 scitesse
732 1409 837 1445 positos
860 1416 908 1438 eos
929 1415 998 1443 quos

204 1463 362 1499 pronuntiat
385 1462 418 1488 ad
437 1459 569 1494 judicium
592 1457 783 1486 deducendos?
808 1456 863 1483 Sed
891 1455 914 1482 si
937 1455 998 1490 quis

203 1509 284 1538 nobis
306 1512 435 1535 Occurrat
462 1513 494 1533 ex
513 1513 546 1532 eo
561 1504 633 1539 quod
653 1511 737 1538 supra
767 1502 886 1530 diximus
913 1501 997 1528 Deum

203 1563 265 1583 esse
278 1562 339 1582 cunt
352 1551 510 1581 hominibus
521 1550 711 1585 iudicandum,
722 1547 800 1583 quasi
813 1547 894 1575 etiam
907 1547 996 1582 ipsum

205 1602 297 1629 dicere
312 1600 453 1627 videamur
465 1605 526 1625 esse
539 1597 589 1624 sub
609 1595 678 1631 lege,
695 1594 757 1622 audi
777 1598 879 1628 quanta
895 1593 929 1620 de
946 1593 997 1620 hoc

205 1646 311 1676 cautela
331 1646 357 1673 in
377 1643 498 1679 Apostoli
512 1642 624 1670 Litteris
638 1640 786 1673 invenitur,
801 1640 846 1674 qui
857 1639 996 1666 Christum

206 1701 259 1720 non
276 1693 303 1719 in
322 1692 379 1725 lege
392 1698 464 1724 esse,
481 1690 528 1717 sed
544 1687 741 1723 plenitudinem
759 1693 819 1714 esse
841 1685 908 1720 legis
921 1692 997 1712 com-

206 1741 342 1766 memorat
360 1743 406 1764 :et
427 1736 497 1763 sicut
515 1735 574 1768 ipse
590 1738 630 1761 est
644 1732 750 1766 justitia
776 1739 809 1760 ex
829 1738 881 1766 qua
900 1737 997 1758 omnes

202 1783 268 1819 justi
286 1783 366 1813 ﬁunt,
379 1788 406 1809 et
422 1782 479 1816 ipse
491 1785 531 1808 est
542 1780 644 1807 veritas
663 1786 696 1805 ex
711 1786 764 1812 qua
779 1785 874 1805 omnes
889 1777 916 1804 in
928 1776 998 1804 veri-

207 1835 261 1857 tate
281 1830 430 1856 consistunt
438 1848 444 1858 ,
454 1833 481 1855 et
493 1828 549 1859 ipse
561 1831 603 1854 est
613 1826 667 1853 vita
681 1833 714 1851 ex
725 1832 778 1859 qua
786 1831 882 1851 omnes
892 1823 997 1855 vivunt,

206 1877 242 1904 ita
258 1881 284 1903 et
299 1876 356 1910 ipse
370 1879 412 1902 est
429 1874 483 1906 lex,
500 1881 532 1900 ex
549 1880 602 1907 qua
617 1879 713 1899 omnes
729 1871 755 1897 in
771 1870 829 1905 lege
845 1873 919 1896 sunt.
946 1868 998 1896 Ve-

207 1923 246 1948 nit
260 1928 324 1955 crgo
344 1921 376 1947 ad
391 1920 535 1955 judicium,
554 1926 605 1945 non
625 1922 754 1952 tanquam
771 1916 816 1950 qui
834 1916 861 1942 in
875 1915 934 1949 lege
950 1914 998 1947 sit,

206 1969 253 1996 sed
268 1973 401 2001 tanquam
415 1966 459 2000 qui
476 1965 517 1991 lex
537 1965 581 1991 sit.
602 1963 658 1998 Ego
678 1966 768 1989 autem
785 1965 850 1996 puto
874 1961 947 1995 quod
968 1960 997 1987 bi

206 2015 324 2049 qui'iam
342 2013 453 2048 perfecti
474 2016 550 2043 sunt,
573 2015 600 2037 ct
626 2009 738 2036 Domino
760 2006 899 2041 conjuncti
928 2013 997 2033 unus

205 2060 319 2094 spiritus
333 2067 393 2086 cum
408 2059 467 2092 ipso
483 2057 569 2084 ell'ecti
592 2060 656 2083 sunt
678 2054 711 2086 ",
738 2061 786 2081 nec
814 2053 863 2088 ipsi
887 2052 913 2079 in
939 2051 998 2086 lege

205 2109 278 2136 sunt,
299 2104 346 2131 sed
364 2103 449 2137 magis
465 2102 515 2136 ips:
532 2105 596 2128 sunt
610 2099 662 2130 lex.
693 2100 764 2126 sicut
784 2102 813 2125 et
838 2097 902 2124 alibi
924 2096 996 2123 ident

207 2151 355 2185 Apostolus
371 2149 437 2176 dicit
453 2157 460 2175 :
478 2147 644 2180 «Quiajusto
658 2146 700 2172 lex
715 2153 768 2171 non
786 2149 828 2171 est
839 2143 926 2179 posita
939 2143 970 2170 “'.
983 2152 992 2168 ι

206 2197 243 2223 lta
261 2204 268 2222 :
285 2205 293 2221 ι
307 2195 482 2228 Quaecunque
497 2193 538 2220 lex
559 2192 679 2226 loquitur
695 2190 728 2217 iis
744 2189 790 2224 qui
813 2189 839 2216 in
860 2188 918 2224 lege
935 2193 997 2215 sunt

206 2243 343 2276 loquitur,
362 2245 391 2267 ut
405 2240 486 2266 orline
514 2246 545 2265 os
573 2238 744 2266 obstruatur,
760 2243 769 2258 ι
793 2234 940 2261 secundum
963 2239 995 2259 ea

205 2298 267 2324 qua:
285 2297 367 2323 supra
385 2288 515 2318 diximus,
546 2295 555 2311 ι
573 2291 602 2313 ut
632 2285 758 2312 subditus
787 2284 843 2313 liat,
865 2291 873 2307 ι
899 2281 950 2312 vel,
969 2287 997 2308 ut

207 2335 270 2360 alibi
286 2334 412 2369 legimus,
426 2332 577 2360 «obnoxius
593 2331 640 2358 liat
652 2331 740 2358 omnis
752 2329 868 2356 mundus
881 2329 934 2354 Deo
946 2327 995 2358 ’“,›

206 2380 279 2414 quod
295 2385 322 2406 et.
340 2380 426 2415 magis
441 2386 504 2406 cum
519 2378 623 2406 Graecis
636 2376 838 2410 exemplaribus
859 2373 998 2401 convenit.

206 2426 260 2453 Sed
290 2418 461 2460 requiramus
489 2433 599 2453 onmem
630 2423 761 2451 mundum
791 2421 848 2457 (47)
870 2422 913 2448 hic
931 2421 997 2455 quid

206 2471 396 2507 appellaverit.
425 2471 618 2506 Nunquldnam-
640 2470 780 2505 potabitur
811 2476 859 2502 per
885 2474 994 2495 omnem

245 2541 266 2556 "
280 2539 341 2567 luti.
355 2540 382 2567 6.
422 2539 442 2554 ’³
452 2539 460 2565 l
470 2539 532 2566 Cor.
546 2547 581 2570 Vl,
593 2539 619 2566 3.
660 2538 681 2553 η
697 2537 761 2565 ibid.
819 2534 862 2562 l7.

207 2582 248 2607 nl,
265 2576 308 2603 l9.
348 2575 368 2591 ¹⁹
381 2575 446 2602 ibid.
462 2574 507 2601 20.
563 2575 585 2589 ¹⁰
597 2574 675 2600 Hom.
692 2580 749 2604 Vm,
763 2572 790 2598 8.
829 2571 849 2585 “

243 2631 299 2666 (45)
316 2631 370 2662 ΛΙ.,
391 2640 399 2656 α
415 2631 554 2657 dementes
568 2629 644 2656 llum.
667 2638 676 2654 ι

243 2667 299 2703 (Η)
316 2666 370 2703 AL,
387 2675 396 2691 ι
411 2666 494 2703 dicat.
510 2674 519 2690 ι

244 2702 299 2736 (ιό)
316 2702 372 2732 AL,
387 2711 395 2723 ι
417 2702 442 2727 in
454 2704 596 2726 tartarum.
611 2708 619 2724 ι

243 2740 300 2771 (lli)
319 2737 374 2768 Al.,
390 2746 399 2761 ι
412 2737 496 2762 Ant.)

243 2766 300 2807 (47)
316 2766 517 2807 Getiebrardus,
532 2779 541 2795 ι
560 2768 648 2795 onmis
665 2768 780 2807 mundus
793 2776 817 2800 t;
833 2766 996 2807 Salodianus

207 2803 274 2834 vero
290 2803 317 2832 et
328 2805 474 2833 Met-linus:
496 2815 505 2830 ι
522 2811 629 2831 omnem
647 2805 784 2835 mundum,
800 2812 808 2828 ι
826 2807 852 2830 ct
868 2803 997 2829 omittunt

211 2852 220 2868 l
236 2849 293 2871 per.
311 2851 320 2867 Ι

876 2570 938 2596 ibid.
965 2569 991 2596 7.

903 2535 923 2550 ι’
941 2533 948 2560 l
968 2533 1037 2561 Tim.
1055 2534 1112 2567 1,9.
1151 2534 1174 2549 ¹⁶
1188 2533 1265 2561 Rom.
1284 2542 1327 2566 in,
1344 2533 1387 2560 l9.

1031 2569 1052 2584 ⁹²
1079 2569 1138 2596 lsai.
1157 2576 1201 2601 XL,
1228 2570 1254 2597 6.

1051 220 1079 241 et
1094 214 1217 248 arbores,
1234 220 1262 241 et
1283 214 1397 250 lapides,
1423 220 1451 243 et
1478 216 1590 248 herbae,
1614 224 1648 243 ae
1678 217 1797 247 semina.
1815 225 1829 244 α

1051 260 1134 294 palea:
1158 268 1218 295 quae
1239 261 1265 287 in
1290 261 1349 294 ipso
1371 265 1448 295 sunt,
1465 261 1574 295 pariter
1602 262 1762 288 nominata
1782 264 1828 289 sini!

1047 305 1146 333 Partes
1166 307 1238 334 enim
1251 307 1344 333 mundi
1360 307 1421 334 hate
1435 316 1496 335 esse
1510 307 1619 343 singuia
1631 308 1778 334 videntur.
1793 309 1828 335 Sea

1050 354 1170 381 arbitror
1192 354 1227 380 ita
1251 354 1407 389 quempiam
1430 355 1552 389 ineptum
1572 355 1697 382 inveniri
1716 374 1727 386 ,
1753 360 1778 381 ut
1794 355 1830 381 hac

1048 399 1135 434 possit
1154 407 1290 427 asserere.
1306 400 1405 427 Restat
1421 400 1504 435 igitur
1527 405 1557 427 ut
1581 408 1698 428 onlnem
1726 402 1828 427 mutttibt;

1043 452 1131 471 omne
1153 444 1288 472 rationale
1301 445 1405 472 animal
1421 445 1494 472 dicat
1513 455 1521 472 :
1536 450 1563 472 et
1580 446 1656 472 sicut
1685 454 1772 473 omne
1783 448 1830 479 quia

1052 490 1209 517 irrationale
1226 495 1281 521 est.
1299 490 1439 525 excipitur
1467 492 1501 518 ab
1518 492 1570 518 hec
1590 499 1678 519 sensu
1690 512 1701 524 ,
1726 492 1763 518 ita
1782 492 1828 517 null:

1051 536 1117 563 mihi
1135 535 1241 563 videtur
1260 537 1294 563 ab
1311 536 1363 562 hac
1376 537 1535 564 conditione
1549 537 1704 564 rationalis
1728 542 1827 563 creatur:

1051 583 1169 610 secerni.
1189 582 1286 610 Omnis
1309 590 1377 617 ergo
1393 583 1510 610 mundus
1528 583 1669 610 obnoxius
1692 583 1724 609 fit
1741 583 1829 616 Deolxr

1050 629 1102 656 hoc
1119 629 1191 664 quod
1214 629 1300 664 legem
1324 629 1481 656 naturalem
1504 630 1627 657 inseruit
1646 629 1833 657 ontnibus;dc

1050 676 1148 710 quibus
1161 680 1187 703 et
1203 675 1230 702 in
1249 676 1303 702 alio
1318 676 1378 703 loco
1395 676 1473 708 dicit,
1497 677 1561 711 quia
1581 677 1631 703 r-in
1654 677 1770 704 nomine
1787 676 1833 704 less

1049 732 1131 753 omne
1148 732 1218 760 genu
1234 724 1362 752 ﬂectetur
1377 724 1433 759 (48)
1449 724 1621 753 ecelestium.
1638 726 1833 752 Ierteslriumtl

1050 770 1220 798 infernorum
1233 771 1265 798 ¹⁷.
1283 779 1292 796 ›
1314 770 1392 804 Quod
1405 771 1499 805 utique
1521 771 1543 797 si
1568 770 1654 798 faciat
1667 791 1676 802 ,
1703 771 1833 804 complesse

1049 815 1186 843 videbitur
1198 815 1303 850 legem;
1320 815 1342 842 si
1361 822 1415 842 non
1431 815 1526 848 faciat,
1547 823 1610 843 esse
1627 815 1769 842 obnoxius
1779 816 1833 851 legi:

1049 870 1096 898 per
1110 862 1198 896 legem
1212 866 1304 888 autem
1319 866 1518 896 consequenter
1534 867 1561 890 et
1577 862 1647 892 Deo.
1673 862 1706 892 Si
1729 866 1771 891 cui
1785 873 1833 890 rem

1047 908 1081 935 de
1092 907 1159 935 solis
1175 907 1334 935 hominibus
1349 908 1400 935 hoc
1425 908 1566 935 videbitur
1583 909 1690 936 dictum
1703 930 1713 941 ,
1737 912 1801 945 quod
1814 918 1833 937 ut

1047 953 1136 988 legent
1167 952 1323 980 naturalem
1344 953 1411 988 ipsis
1429 954 1518 981 inesse
1534 955 1652 988 dixerit,
1675 961 1707 983 et
1733 958 1764 984 de
1785 958 1833 982 satis

1047 999 1113 1034 ipsis
1129 1000 1262 1034 scriptum
1277 999 1395 1034 accipiat
1411 1000 1468 1035 (49)
1486 1010 1500 1027 ιη
1514 1000 1566 1028 «Ut
1578 1009 1663 1029 omne
1679 1010 1714 1030 os
1727 1004 1833 1030 obsim-

1047 1051 1104 1079 tur,
1118 1051 1148 1074 et
1165 1045 1304 1073 obnoxius
1319 1045 1366 1073 (lat
1388 1047 1478 1073 omnis
1495 1048 1613 1075 mundus
1631 1047 1689 1076 Deo
1709 1050 1742 1079 ".
1756 1060 1764 1074 ι
1790 1056 1833 1075 ute-

1047 1094 1093 1117 tur
1108 1089 1164 1124 (50)
1178 1089 1323 1117 occasione
1336 1090 1527 1124 subsequentis
1537 1092 1686 1124 sermonis,
1701 1101 1758 1128 quo
1767 1094 1833 1120 tlitil:

1050 1135 1135 1168 tQuia
1157 1143 1191 1162 ex
1205 1135 1336 1170 operibus
1360 1135 1428 1171 legis
1455 1144 1511 1164 non
1534 1137 1739 1170 justilieabitur
1763 1140 1833 1166 omnis

1047 1189 1113 1210 caro
1136 1182 1170 1209 ".
1187 1192 1197 1208 ι
1226 1182 1304 1216 Quod
1329 1183 1426 1218 utique
1451 1185 1554 1211 dictum
1584 1184 1727 1212 videbitur
1750 1187 1781 1212 de
1804 1187 1833 1212 bis

1049 1232 1155 1256 tantum
1167 1229 1212 1263 qui
1236 1228 1263 1256 in
1276 1235 1360 1256 carne
1377 1233 1438 1256 sunt
1454 1229 1546 1264 positi.
1564 1229 1619 1257 Sed
1654 1231 1705 1264 qui
1728 1232 1833 1265 priore»

1049 1281 1161 1303 sensum
1178 1276 1266 1309 magis
1285 1279 1379 1302 tenere
1393 1275 1500 1307 volunt,
1524 1275 1716 1302 observabant
1732 1276 1833 1310 diligen-

1050 1321 1104 1349 tius
1127 1320 1267 1356 quomodo
1293 1321 1439 1356 Apostolus
1453 1320 1557 1349 dixerit
1577 1329 1611 1349 ex
1631 1322 1767 1356 operibus
1781 1323 1833 1356 ὶςεᾱε

1049 1374 1103 1394 non
1119 1366 1266 1401 justiﬁcari
1280 1374 1390 1395 omnem
1413 1367 1471 1402 (5i)
1495 1375 1607 1394 carnem
1624 1377 1632 1394 :
1647 1369 1718 1401 quia
1743 1370 1775 1395 ad
1799 1375 1833 1394 rus

1049 1412 1096 1447 qui
1114 1414 1140 1439 in
1156 1420 1240 1440 carne
1253 1417 1317 1440 sunt
1331 1420 1413 1447 opera
1427 1413 1495 1447 legis
1510 1418 1655 1448 spectant;
1671 1414 1710 1440 ad
1726 1421 1833 1440 eosvcrst

1049 1459 1136 1494 quiin
1154 1459 1253 1494 spiritu
1269 1464 1348 1492 sunt,
1360 1459 1385 1486 id
1414 1463 1456 1486 est
1475 1460 1634 1493 superiores
1654 1460 1775 1486 ordines
1791 1467 1833 1485 ra-

1050 1504 1158 1532 lestium
1177 1505 1403 1537 ministeriorum,
1420 1512 1517 1532 sensus
1533 1506 1648 1540 pertinet
1662 1504 1747 1540 legis.
1778 1515 1787 1530 ι
1805 1505 1833 1531 Ls

1049 1551 1180 1586 operibus
1194 1560 1203 1577 ›
1224 1551 1309 1586 igitur
1324 1560 1333 1577 ι
1356 1551 1422 1586 legis
1438 1561 1447 1577 ι
1469 1551 1539 1586 quod
1556 1559 1564 1577 ι
1581 1559 1633 1578 non
1646 1552 1833 1586 justil‘tcabitci

1048 1600 1137 1626 omnis
1151 1605 1216 1625 caro
1230 1598 1257 1625 in
1279 1603 1425 1633 conspectu
1439 1597 1509 1631 ejus,
1528 1607 1538 1623 ι
1556 1598 1607 1624 hoc
1631 1598 1717 1624 modo
1742 1598 1833 1624 intelli—

1049 1645 1166 1680 gendum
1184 1651 1249 1679 puto
1264 1653 1273 1671 :
1287 1645 1355 1680 quia
1365 1644 1454 1671 omnis
1470 1644 1514 1678 qui
1532 1651 1597 1671 caro
1614 1648 1673 1676 est,
1702 1650 1731 1671 et
1746 1651 1833 1671 seum-

1049 1691 1113 1718 dum
1140 1698 1252 1718 carnem
1266 1691 1345 1723 vivit,
1369 1697 1422 1717 non
1442 1695 1534 1725 potest
1554 1690 1704 1725 iustiﬁcari
1733 1698 1768 1716 ex
1788 1690 1833 1722 lege

1049 1736 1109 1770 Dei,
1125 1736 1197 1764 sicut
1209 1741 1238 1764 et
1250 1736 1315 1764 alibi
1338 1735 1406 1763 dicit
1426 1736 1496 1763 idem
1511 1736 1670 1771 Apostolus,
1688 1737 1756 1770 quia
1776 1746 1783 1761 ο
1800 1735 1833 1770 qui

1051 1782 1078 1810 in
1093 1789 1177 1809 carne
1195 1787 1259 1809 sunt
1274 1802 1281 1814 ,
1299 1782 1356 1809 Deo
1368 1783 1478 1817 placere
1493 1790 1547 1809 non
1565 1787 1681 1816 possunt
1693 1782 1720 1796 “
1730 1791 1741 1815 ;
1752 1791 1762 1807 ι
1782 1782 1833 1807 item

1050 1828 1114 1855 alibi
1128 1838 1134 1855 :
1158 1837 1167 1854 ι
1184 1828 1253 1861 Quia
1268 1828 1404 1862 sapientia
1418 1829 1512 1856 carnis
1525 1828 1635 1855 inimica
1650 1833 1695 1855 est
1710 1829 1778 1860 Deo,
1793 1826 1833 1860 legi

1050 1874 1123 1903 enim
1144 1874 1190 1902 Dei
1208 1883 1260 1901 non
1284 1880 1326 1902 est
1347 1875 1471 1909 subici-ta
1488 1882 1560 1902 :nec
1578 1875 1648 1901 enim
1669 1879 1765 1908 potest
1775 1875 1810 1904 ἐς
1825 1882 1833 1897 ι

1050 1925 1077 1947 et
1092 1921 1222 1954 propheta
1237 1920 1302 1947 dicit
1318 1928 1325 1948 :
1341 1929 1353 1946 ε
1366 1920 1462 1948 Omnis
1481 1927 1548 1947 caro
1562 1920 1652 1947 (enim)
1668 1920 1717 1952 ”;
1735 1929 1746 1944 ι
1772 1922 1798 1946 ct
1815 1919 1833 1944 il

1049 1965 1200 2000 Evangelio
1213 1966 1344 2000 scriptum
1361 1971 1419 1993 est:
1439 1976 1448 1992 ι
1462 1966 1585 2000 Spiritus
1596 1971 1637 1993 est
1647 1967 1693 2001 qui
1704 1966 1833 1992 viviﬁcat:

1049 2019 1114 2039 caro
1137 2017 1227 2039 autem
1246 2011 1304 2047 (ἕξ)
1323 2019 1374 2039 non
1400 2012 1512 2047 prodest
1538 2012 1689 2046 quidquam
1717 2011 1755 2037 ".
1774 2021 1783 2037 ι
1805 2011 1833 2037 De

1050 2058 1094 2085 lllS
1110 2065 1177 2093 ergo
1191 2058 1269 2090 dicit,
1283 2058 1346 2093 quia
1360 2065 1394 2085 ex
1412 2058 1472 2091 lege
1489 2058 1537 2084 Dei
1558 2067 1568 2083 ε
1584 2065 1637 2084 non
1649 2057 1833 2091 iustitia-bitur

1049 2104 1138 2131 omnis
1151 2111 1215 2131 caro
1229 2111 1320 2132 coram
1343 2104 1410 2138 ipso.
1429 2113 1438 2130 ι
1462 2103 1514 2130 Sed
1530 2108 1558 2131 et
1575 2104 1625 2130 hoc
1642 2104 1714 2138 quod
1734 2103 1830 2130 addidit

1053 2157 1159 2177 «coram
1187 2150 1274 2184 ipso,»
1306 2157 1359 2177 non
1385 2150 1475 2176 otiose
1500 2153 1656 2184 praetereat,
1691 2150 1766 2176 sicut
1788 2150 1833 2183 jac:

1013 2208 1035 2236 υ
1051 2195 1224 2230 frequentius
1244 2195 1446 2227 admonuimus,
1462 2195 1527 2230 quia
1539 2195 1612 2221 aliud
1627 2200 1667 2222 cst
1681 2202 1777 2221 ceram
1791 2195 1833 2220 [ιω

1047 2240 1215 2276 iustiﬁcari,
1241 2241 1315 2268 aliud
1339 2249 1429 2268 coram
1452 2241 1635 2268 hominibus:
1664 2241 1715 2266 hoc
1743 2245 1797 2270 est,
1810 2239 1833 2264 sil

1048 2286 1281 2321 comparationem
1293 2285 1407 2312 aliorum
1420 2285 1560 2311 hominum
1575 2289 1661 2319 potest
1676 2284 1753 2310 alius
1766 2285 1833 2309 lim-mi

1049 2331 1096 2365 qui
1113 2331 1284 2358 emendatius
1299 2330 1408 2362 vixerit,
1421 2330 1514 2365 justus
1530 2330 1616 2356 videri
1633 2338 1641 2362 ;
1655 2329 1688 2355 ad
1702 2336 1833 2362 compara

1052 2377 1152 2404 tionem
1168 2382 1258 2404 alitem
1274 2377 1320 2404 Dei
1336 2397 1343 2410 ,
1361 2384 1413 2404 non
1429 2376 1517 2403 solum
1535 2376 1616 2403 homo
1634 2383 1685 2402 non
1703 2375 1833 2408 justétua‘

1051 2422 1136 2456 hitur,
1155 2423 1201 2450 sed
1224 2428 1252 2450 et
1267 2423 1335 2450 sicut
1354 2422 1404 2450 Job
1427 2422 1493 2449 dicit
1509 2431 1516 2448 :
1532 2431 1542 2447 ι
1561 2421 1651 2448 Stella
1672 2425 1768 2447 autem
1790 2421 1833 2454 (ὦ)

1051 2475 1104 2496 non
1120 2472 1184 2495 sunt
1198 2469 1306 2496 mundat
1320 2475 1413 2495 coram
1425 2468 1483 2503 ipso
1498 2468 1550 2494 υς»
1566 2474 1624 2502 qua:
1636 2467 1732 2500 otique
1751 2475 1833 2493 corsa:

1428 2533 1448 2549 ιτ
1463 2532 1561 2567 Philip.
1580 2539 1608 2562 ιι,
1627 2531 1678 2567 Δη).
1718 2532 1744 2546 ι·
1767 2533 1833 2558 ιιι.

1293 2570 1317 2584 ’³
1339 2569 1417 2596 Joan.
1440 2576 1477 2600 vt,
1504 2565 1548 2595 64'.
1585 2569 1607 2582 “
1621 2565 1670 2593 Job
1687 2574 1757 2598 xxv,
1775 2568 1800 2593 ὁ.

1082 2625 1138 2661 (id)
1155 2626 1184 2652 Al
1202 2646 1209 2657 ,
1233 2636 1241 2651 ε
1256 2626 1390 2653 flectatur.
1407 2635 1417 2650 ›

1084 2661 1141 2696 (49)
1158 2662 1211 2691 AL.
1231 2671 1239 2686 1
1257 2663 1418 2695 accipiatur.
1438 2670 1448 2685 ι

1082 2696 1138 2730 (50)
1152 2697 1208 2728 AL,
1224 2705 1233 2721 ι
1250 2697 1342 2723 utitur.
1360 2705 1369 2722 ι

1083 2731 1139 2766 (Μ)
1157 2731 1277 2758 Omnem.
1294 2731 1374 2758 Deest
1389 2731 1415 2757 in
1432 2735 1513 2757 antea
1531 2729 1619 2757 editis.

1083 2767 1139 2800 (ἐμὲ)
1157 2767 1262 2793 Antam.
1274 2766 1301 2792 ln
1312 2767 1392 2793 editis
1407 2766 1552 2793 omittitur.

1083 2802 1139 2837 (55)
1156 2803 1260 2829 Autem.
1277 2802 1454 2828 Desideratur
1472 2801 1498 2827 in
1513 2800 1604 2828 editis.
