1833 3049
49 138 95 164 9η

524 141 700 169 (IOMMENT.
723 142 755 169 IN
773 141 881 169 EPIST.
904 141 949 167 AD
963 140 1045 168 ROM.
1066 140 1129 168 LIB.
1149 140 1190 168 Ill.

1611 147 1664 176 ΜΩ

48 195 126 224 nobis
148 197 254 223 munda:
282 202 343 224 sunt
354 218 361 226 .
394 197 443 225 hoc
475 203 526 230 est,
545 200 576 225 ad
603 201 833 235 comparationem
849 199 871 226 Α
886 198 977 225 venire
989 206 1068 233 posse
1081 206 1133 232 quo
1148 205 1299 226 astruamus
1317 200 1373 227 lucc
1393 209 1444 228 uon
1460 202 1492 229 de
1504 203 1600 239 Moysi,
1616 207 1663 232 sed

49 243 186 269 hominum
215 244 321 270 mundae
348 244 482 271 habentur
507 251 533 272 et
557 251 659 273 sancta:
695 247 772 282 (51);
797 248 829 274 ad

49 289 277 323 comparationem
293 296 358 315 vero
373 290 417 316 Dei
439 291 545 316 quudrr.
561 299 619 318 esse
636 300 687 318 nou
705 299 827 326 possunt.

48 345 56 360 ι
67 335 119 362 Per
129 335 214 370 legem
229 336 299 362 enim
316 336 417 370 agnitio
430 337 530 369 pet-cati
544 337 592 363 ³³.»
607 339 752 366 Videamus
764 348 829 374 quo-

45 381 124 408 modo
138 389 186 415 per
200 382 283 415 legem
299 381 327 408 tit
341 382 444 415 agnitio
461 383 575 417 peccati.
593 384 657 410 Dum
682 392 729 419 per
743 385 827 419 legem

45 427 174 454 discimus
184 428 247 461 quid
262 428 394 462 agendum
405 428 451 459 sit,
466 429 529 463 quid
539 431 698 460 cavendum,
708 431 786 457 simul
801 437 828 459 et

42 473 104 506 quid
122 478 260 507 peccatum
278 474 324 503 sil.
337 478 362 500 et
375 474 439 508 qttid
455 482 506 501 non
525 475 557 502 sit
570 477 752 510 agnoscimus.
768 476 826 504 Non

42 526 119 552 ergo,
134 522 163 544 ut
179 518 298 545 hmretici
315 517 397 545 Deum
411 519 478 553 legis
502 526 642 552 accusant,
664 521 731 547 mala
750 523 824 548 radix

42 569 82 590 est
91 564 145 595 lex,
155 569 183 590 et
191 564 260 591 mala
274 564 355 590 arbor
364 573 411 599 per
423 573 501 599 quam
511 567 614 601 peccati
625 568 823 602 venitagnitio:

43 610 103 645 quia
118 617 170 637 non
184 610 251 637 dixit
262 620 269 638 :
281 611 320 637 Ex
330 610 389 646 lege
407 621 415 637 ι
427 612 527 647 agnitio
541 613 669 646 peccati,»
686 615 742 645 sed,
758 624 767 640 ι
777 622 826 648 per

45 656 155 689 legem,»
179 660 207 682 ut
221 656 292 683 scias
302 664 354 683 non
371 664 403 683 ex
414 657 471 691 ipsa
486 662 586 690 ortum,
611 658 656 686 sed
674 667 724 693 per
738 660 823 694 ipsam

39 702 160 735 agnitum
172 708 231 729 esse
244 706 394 736 peccatum.
409 702 454 734 Ut,
470 703 544 730 verbi
561 704 646 738 gratia
658 726 665 737 ,
687 705 708 731 si
723 705 825 732 dicere-

39 754 97 774 mus
114 755 120 773 :
138 746 216 781 511
229 747 281 774 Per
302 751 387 774 artem
411 748 553 776 medicina:
576 750 655 776 datur
686 749 823 784 languoris

43 792 167 824 agnitio,
184 794 366 828 nunquidnaui
384 795 520 821 videretur
541 796 586 822 tibi
602 804 684 822 causa
706 796 817 830 languo-

39 838 74 864 ris
88 845 149 864 esse
167 840 312 871 medicina,
322 841 383 874 quia
398 849 445 874 per
458 841 541 875 ipsam
553 843 668 876 qualitas
684 842 818 876 languoris

39 880 196 915 agnoscitur
209 880 295 914 ?Sed,
307 881 376 908 sicut
390 886 496 908 constat
510 882 607 909 bonam
624 891 685 911 esse
706 886 819 913 medici-

40 933 100 951 nam
125 933 187 959 qum
210 926 376 960 :egritudinis
397 927 601 961 intelligentiam
623 935 749 963 praestat,
768 939 820 966 qua

38 971 122 1004 possit
138 971 219 997 vitari
237 971 293 1005 (55)
307 971 462 1005 inﬁrmitas,
485 973 519 999 ita
534 978 561 1001 et
576 974 618 1001 lex
637 975 705 1002 bona
720 982 760 1003 est
774 985 821 1011 per

37 1024 116 1049 quam
137 1017 350 1051 deprehenditur
366 1023 392 1044 et
406 1020 564 1053 agnoscitur
580 1027 731 1055 peccaturo.
756 1023 821 1050 Ser-

38 1068 79 1088 vat
93 1067 197 1093 autem,
214 1069 243 1089 ut
258 1068 322 1097 puto
333 1084 340 1095 ,
356 1065 513 1100 huiusmodi
529 1066 663 1099 expositio
682 1068 764 1094 etiam
788 1070 820 1095 il-

37 1108 86 1134 lius
102 1108 304 1142 explanationis
317 1112 548 1146 consequentiam.
563 1120 644 1148 quant
668 1122 747 1150 supra
764 1116 820 1142 edi-

37 1154 125 1181 dimus
151 1154 185 1180 de
207 1162 240 1182 eo
265 1156 336 1190 quod
363 1157 491 1192 scriptum
512 1163 573 1185 est:
591 1168 600 1184 ι
618 1159 725 1187 Causati
749 1161 820 1188 enim

37 1208 130 1227 sumus
145 1200 253 1227 Judtcos
268 1206 295 1228 et
319 1201 428 1229 Graecos
444 1211 539 1230 omnes
556 1203 606 1231 sub
619 1211 731 1238 peccato
749 1207 843 1238 esse,2

37 1245 105 1272 sicut
118 1246 250 1280 scriptum
266 1250 308 1273 est
326 1255 333 1272 :
349 1247 416 1280 Quia
433 1255 485 1274 non
499 1252 540 1275 est
557 1248 647 1282 justus
661 1250 818 1284 quisquam.

37 1298 87 1317 non
104 1295 147 1318 est
161 1291 324 1326 intelligens,
344 1300 396 1319 non
409 1297 450 1320 est
469 1294 610 1328 requirens
626 1294 708 1322 Deum
722 1297 755 1323 ³⁸.
772 1305 781 1322 ι

69 1336 94 1362 7.
110 1345 119 1361 ι
134 1336 211 1364 Nunc
226 1342 315 1364 autem
327 1338 386 1364 sine
399 1338 456 1372 lege
466 1339 569 1372 justitia
586 1340 632 1367 Dei
650 1341 819 1369 manifestata

36 1387 84 1412 est,
102 1382 247 1409 testiﬁcata
269 1390 283 1409 ιι
302 1383 360 1418 lege
382 1388 409 1411 ct
433 1385 580 1420 prophetis.
594 1385 703 1414 Justitia
730 1393 818 1415 autem

36 1425 78 1451 Dei
89 1434 139 1460 per
154 1425 235 1454 ﬁdem
252 1427 312 1455 Iesu
330 1430 428 1457 Christi
441 1431 466 1457 iu
479 1439 573 1460 omnes
585 1438 612 1459 et
625 1441 705 1468 super
715 1442 809 1462 omnes

37 1472 80 1504 qui
94 1473 210 1499 credunt
222 1473 247 1500 in
260 1481 332 1502 eum.
344 1474 401 1502 Non
417 1477 488 1504 enim
500 1483 541 1505 est
552 1479 698 1507 distinctio.
709 1480 809 1507 Omnes

883 245 914 270 de
930 250 1032 271 natura:
1050 245 1105 278 lege
1123 246 1273 279 conscripta
1288 255 1295 272 :
1316 247 1351 272 ita
1376 255 1424 274 nec
1442 249 1479 275 illi
1491 250 1598 283 quidem
1620 252 1663 278 iu-

881 290 972 316 venire
989 291 1089 324 aliquid
1105 296 1231 323 poterunt
1247 293 1382 325 quomodo
1405 301 1464 326 qure
1480 297 1605 328 superius
1626 297 1663 323 di-

880 339 920 360 cta
939 340 1013 365 situt,
1029 335 1062 361 ad
1077 335 1158 370 Moysi
1176 336 1275 368 potius,
1294 344 1373 370 quam
1390 338 1423 364 ad
1449 343 1551 366 natura:
1576 341 1661 373 legem

880 381 1016 413 respicere
1035 380 1177 407 videantur
1193 391 1199 407 :
1216 386 1241 406 et
1261 382 1321 408 ideo
1333 383 1404 409 sicut
1420 383 1471 411 illis
1486 392 1538 412 non
1559 386 1662 414 ideirco

879 426 966 460 priora
988 426 1108 456 stabunt.
1123 427 1184 459 quia
1207 427 1332 454 videntur
1353 431 1501 462 posteriora
1522 437 1660 465 constare,

878 470 913 495 ita
928 477 975 496 nec
991 471 1067 496 nobis
1080 471 1188 504 quidem
1206 476 1331 504 poterunt
1350 473 1434 506 prima
1453 476 1565 508 turbari,
1581 477 1603 503 si
1619 485 1662 505 se-

877 516 963 541 cunda
983 524 1034 542 non
1054 517 1149 543 eodem
1171 524 1281 544 cut-rere
1294 521 1402 545 tramite
1419 521 1571 549 videantur.
1589 523 1659 556 Quid

877 559 957 592 igitur
968 561 1127 587 ?Contraria
1145 561 1195 587 sibi
1209 563 1329 590 scribere
1346 564 1467 592 dicemus
1485 567 1661 600 Apostolum?

876 605 909 641 Et
922 605 979 633 huic
991 606 1042 632 erit
1055 607 1155 641 egregii
1171 607 1355 641 explauatoris
1366 611 1482 637 assertio
1498 613 1504 638 3
1524 612 1600 646 Quod
1615 621 1662 640 ac.—

875 653 965 679 cidere
981 652 1033 678 illis
1062 652 1130 678 solet
1155 653 1200 686 qui
1228 653 1254 679 in
1277 654 1398 681 diversos
1410 661 1543 684 sectarum
1562 665 1659 687 scnSus

876 698 958 720 unum
979 693 1038 720 ﬁdei
1059 695 1153 729 dogma
1174 695 1364 731 disrumpunt,
1380 705 1407 725 et
1423 699 1466 726 illa
1488 704 1590 727 tantum
1613 703 1646 729 de

878 738 1029 773 Scripturis
1043 741 1142 768 divinis
1155 742 1307 770 testimonia
1318 744 1469 778 explorant,
1483 747 1579 780 quibus
1589 755 1652 781 pro-
1667 768 1674 771 .

874 785 963 819 prium
979 786 1073 820 dogma
1088 787 1264 820 constituant,
1281 796 1373 816 earum
1388 797 1452 817 vero
1465 798 1524 825 qua:
1539 799 1554 818 e
1567 793 1656 819 direr-

876 837 908 857 so
928 831 1038 858 veniunt
1058 833 1204 867 Scriptura:
1223 835 1320 862 divime
1332 837 1526 864 sententiarum
1541 838 1651 864 absolu-

837 862 858 888 Β
878 875 966 904 tiones
978 884 1011 904 ne
1025 882 1145 905 extremo
1159 878 1192 911 ³ο,
1206 880 1282 907 utait
1295 880 1439 914 Dominus,
1453 882 1535 916 digito
1550 884 1655 910 contin-

872 928 947 958 gunt.
963 923 1016 950 Sed
1031 923 1076 956 qui
1094 922 1210 949 ﬁdeliter
1222 927 1249 950 et
1268 923 1371 958 integre
1382 931 1521 952 sacrorqu
1537 924 1657 954 Volumi-

873 975 937 995 num
954 967 1056 1003 colligit
1077 975 1197 1001 sensum,
1219 968 1301 996 debet
1322 970 1465 997 ostendere
1477 973 1611 1006 quomodo
1623 979 1655 1000 ea

871 1020 931 1047 qua:
944 1014 1069 1040 videntur
1081 1021 1142 1041 esse
1159 1015 1306 1046 contraria,
1320 1023 1372 1042 nou
1389 1021 1450 1043 sunt
1467 1025 1529 1044 vere
1549 1024 1656 1046 contra-

872 1059 920 1085 ria.
933 1057 1108 1085 Tentabimus
1123 1066 1188 1093 ergo
1198 1059 1280 1086 etiam
1295 1059 1322 1086 in
1336 1062 1464 1094 praesenti
1490 1062 1549 1090 loco
1563 1069 1656 1091 osten-

871 1102 934 1129 dere
945 1103 1080 1137 quomodo
1096 1103 1176 1137 priori
1197 1104 1357 1138 expositioni
1373 1110 1472 1132 nostra:
1488 1107 1545 1134 haec
1561 1109 1657 1136 subse-

871 1155 956 1182 quens
969 1155 1020 1175 uon
1033 1153 1172 1183 repugnet.
1187 1148 1264 1183 Sazpe
1278 1149 1404 1182 diximus,
1417 1155 1445 1178 et
1461 1152 1612 1180 evidentius
1627 1154 1654 1181 iu

870 1193 1027 1228 praefatione
1045 1194 1161 1234 diximus
1176 1194 1243 1229 (58),
1258 1196 1329 1229 quod
1346 1196 1382 1222 ita
1399 1197 1546 1230 Apostolus
1558 1199 1583 1225 iu
1600 1199 1650 1226 hac

871 1238 988 1273 Epistola
1000 1239 1143 1266 multarum
1159 1240 1247 1275 legum
1264 1240 1344 1268 l'aciat
1363 1243 1537 1275 mentionem,
1553 1249 1582 1270 ut
1593 1252 1654 1271 cum

872 1286 904 1312 de
921 1292 972 1311 uua
996 1286 1030 1312 ad
1054 1285 1168 1312 alteram
1193 1286 1301 1319 transit,
1317 1288 1481 1321 deprehendi
1501 1289 1551 1315 nisi
1566 1290 1600 1315 al;
1614 1290 1654 1316 in-

871 1334 945 1358 tcnto
961 1331 1027 1358 satis
1050 1331 1149 1359 lectore
1162 1332 1207 1359 vix
1221 1332 1316 1367 possit.
1331 1332 1437 1360 Dixerat
1456 1333 1482 1361 iu
1508 1335 1654 1369 superiori-

870 1376 931 1408 bus,
947 1378 1009 1411 quia
1028 1386 1037 1403 I
1058 1384 1106 1412 per
1119 1377 1204 1412 legem
1220 1378 1323 1413 agnitio
1339 1379 1440 1413 peccati
1452 1385 1531 1414 est;i
1548 1386 1575 1408 et
1589 1382 1652 1416 quia

870 1424 954 1451 sensit
965 1430 1043 1458 posse
1059 1423 1163 1451 scilicet
1177 1424 1332 1458 responderi
1344 1433 1351 1451 :
1364 1425 1434 1460 Ergo
1446 1426 1468 1452 si
1485 1433 1520 1453 ex
1535 1426 1592 1461 lege
1604 1435 1654 1454 na-

870 1469 949 1496 turali
964 1469 1067 1503 agnitio
1084 1469 1185 1503 peccati
1209 1474 1262 1500 est,
1278 1474 1368 1503 potest
1381 1477 1415 1497 ex
1435 1471 1490 1504 ipsa
1508 1475 1534 1497 et
1551 1472 1653 1506 agnitio

35 1519 104 1544 enim
126 1524 317 1552 peccaverunt,
339 1524 366 1546 et
385 1525 464 1554 egent
487 1521 572 1556 gloria
597 1522 657 1555 Dei,
681 1524 816 1556 insunan
831 1524 853 1552 (ι
869 1522 930 1542 esse
953 1515 1075 1549 justitiaz,
1088 1515 1233 1542 secundum
1250 1514 1323 1542 illam
1350 1515 1453 1543 scilicet
1466 1524 1546 1551 quam
1571 1524 1653 1551 supra

35 1564 116 1598 gratis
132 1571 182 1598 per
203 1564 315 1599 gratiam
343 1565 437 1599 ipsius,
464 1573 512 1600 per
529 1567 737 1601 redemptionem
757 1576 817 1603 qua:

35 1614 73 1635 est
86 1609 111 1635 in
127 1609 236 1636 Christo
250 1608 313 1636 Jesn
327 1610 359 1636 ’⁷.
382 1619 391 1635 ι
406 1610 482 1643 Quod
500 1612 666 1639 astruxinms
683 1614 708 1640 iu
735 1621 815 1649 supe-

35 1655 162 1688 rioribus,
177 1655 297 1682 dicentes
311 1662 363 1682 non
377 1656 409 1683 de
427 1656 484 1691 lege
500 1657 584 1692 Moysi
597 1659 708 1691 dictmu,
725 1669 733 1685 ι
748 1660 816 1693 Quia

34 1708 202 1734 qurccunque
217 1701 260 1727 lex
273 1701 404 1736 loquitur,
420 1702 462 1729 his
482 1703 527 1737 qui
545 1703 569 1729 iu
586 1704 643 1736 lege
656 1711 718 1731 sunt
732 1705 817 1739 laqui-

34 1750 74 1771 tur
86 1745 120 1778 ",
141 1755 150 1771 ι
167 1746 271 1780 putabit
285 1746 382 1781 aliquis
397 1755 449 1774 non
464 1752 517 1775 tam
535 1756 606 1780 rere,
618 1757 697 1783 quant
713 1751 816 1777 violen-

35 1795 73 1816 ter
91 1796 241 1821 asserttlm,
258 1798 318 1817 cum
333 1791 423 1819 videat
439 1800 510 1819 nunc
528 1801 623 1829 nomen
640 1794 706 1828 legis
718 1803 769 1822 non
783 1797 816 1822 ad

34 1841 147 1865 natura},
163 1835 209 1862 sed
231 1836 264 1863 ad
283 1836 366 1871 Moysi
382 1837 466 1872 legem
485 1836 577 1864 referri
591 1846 597 1864 ε
619 1843 645 1865 et
660 1839 730 1866 dicet
745 1840 815 1874 quod

33 1880 57 1906 in
73 1880 198 1913 prmscnti
215 1881 273 1907 loco
283 1881 389 1914 justil'la
414 1881 460 1908 Dei
481 1883 671 1916 pronuntietur
690 1884 723 1910 ab
744 1886 816 1920 Apo-

33 1925 99 1952 stolo
112 1925 280 1952 manifestari
299 1934 347 1961 per
368 1927 467 1961 legem,
480 1932 507 1954 et
522 1935 574 1955 non
600 1929 685 1955 solmn
703 1937 750 1964 per
777 1930 816 1957 le-

32 1979 99 2004 gem,
115 1973 164 1999 sed
180 1976 207 1998 et
221 1979 268 2005 per
289 1973 444 2006 prophetas,
462 1978 489 2000 ut
501 1974 559 2001 siue
573 1974 625 2001 ulla
639 1975 816 2011 ambiguitate

34 2017 63 2043 de
79 2017 138 2050 lege
162 2017 247 2052 Moysi
268 2017 454 2052 intelligantur
476 2019 545 2046 dicta
561 2027 622 2046 esse
639 2027 698 2053 qua:
713 2021 813 2054 scripta

31 2069 110 2090 sunt:
125 2071 159 2090 ex
175 2071 227 2098 qua
247 2063 304 2097 lege
316 2064 418 2098 justitia
435 2063 480 2090 Dei
500 2072 548 2099 per
566 2065 642 2092 Iidem
655 2066 754 2094 Christi
767 2066 814 2095 Ιο-

30 2116 58 2134 su
77 2109 270 2136 manilestetur
286 2110 311 2135 in
335 2116 430 2136 omnes
443 2110 487 2143 qui
507 2111 637 2144 credunt,
651 2111 708 2139 sive
719 2120 752 2139 ex
768 2112 814 2140 Ju-

29 2154 102 2185 διεὶς,
116 2155 176 2180 sive
190 2162 222 2180 ex
239 2154 362 2188 gentibus
377 2155 526 2186 venientes,
541 2156 586 2189 qui
603 2160 691 2183 tamen
712 2164 764 2184 nou
778 2166 811 2185 ex

29 2200 158 2233 operibus
169 2199 358 2233 justiticeutur,
368 2200 422 2228 ‘scd
440 2208 473 2228 ex
486 2200 570 2236 gratia
589 2201 646 2233 Dei,
660 2203 811 2238 redempto-

30 2252 57 2271 re
71 2245 127 2280 (56)
143 2245 184 2272 eis
195 2245 290 2272 ellecto
303 2246 361 2279 ipso
375 2245 438 2272 Jesu
454 2245 560 2272 Christo
577 2246 609 2273 ²⁹.
629 2247 688 2274 Ιιειτε
701 2249 809 2282 quidem

30 2290 96 2318 dicet
113 2291 136 2318 is
154 2290 200 2324 qui
214 2298 321 2317 sensum
344 2291 463 2326 Apostoli
488 2291 513 2318 in
535 2292 575 2318 his
595 2300 654 2326 quae
669 2301 747 2326 supra
763 2301 811 2320 ex-

30 2336 178 2368 posuimus,
195 2335 327 2362 violenter
338 2342 354 2361 ει
369 2335 447 2362 nobis
462 2336 597 2362 accusabit
610 2336 745 2363 inﬂexum.
756 2337 809 2364 Sed

28 2380 89 2407 illud
103 2386 147 2408 est
165 2380 234 2415 quod
247 2385 403 2407 constanter
416 2387 560 2415 possumus
576 2380 709 2408 allirmare
724 2388 731 2407 ε
746 2382 807 2416 quia

28 2425 94 2453 sicut
110 2434 163 2454 nos
172 2426 218 2461 qui
234 2426 289 2454 haec
307 2430 429 2453 asserunt
445 2425 500 2461 (57)
516 2430 612 2460 putant
635 2426 663 2452 in
679 2426 729 2453 hoc
750 2434 808 2453 ser-

28 2478 104 2499 mone
116 2471 252 2506 Apostoli,
268 2479 345 2508 quem
369 2479 441 2499 nunc
457 2471 654 2506 proposuimus,
676 2472 741 2498 nihil
765 2473 808 2499 in-

62 2552 84 2567 “
101 2551 181 2578 Rom.
200 2558 241 2584 tu,
253 2549 299 2577 20.

26 2586 44 2600 ³⁸
64 2586 138 2614 Psal.
159 2593 240 2618 xxxv,
255 2585 282 2612 7.

62 2646 118 2683 (54)
149 2645 266 2683 Mumla:_
282 2649 364 2683 sunt.
389 2645 437 2671 hac
458 2649 494 2671 est
523 2644 557 2671 ad
585 2644 806 2683 comparationem

29 2679 172 2711 Ιιοιὸιὶιιιηη,
185 2681 290 2706 munda:
306 2681 435 2707 habentur
449 2685 472 2706 et
493 2685 600 2705 mutue.
626 2679 680 2705 Sic.
701 2686 764 2704 mss.
780 2684 808 2704 et

29 2716 165 2742 ltahauus.
188 2714 255 2741 Editi
271 2722 345 2746 vero,
372 2723 380 2739 ι
395 2715 501 2741 munda:
518 2714 651 2741 habentur
670 2721 735 2740 sane
747 2733 754 2745 ,
775 2713 808 2739 ad

28 2749 257 2788 comparationem
271 2756 336 2776 vero
352 2749 442 2788 Dei,_»_
457 2754 511 2775 etc.
538 2763 550 2774 ο
579 2787 584 2788 7
692 2782 698 2788 ἱ

61 2784 116 2818 (55)
134 2783 173 2810 lla
200 2790 250 2810 ms.
276 2792 355 2810 Imus.
375 2783 443 2811 Editi
470 2791 533 2810 vero
560 2787 587 2809 et
610 2783 699 2810 caeteri
726 2789 809 2813 mss.,

31 2827 39 2843 ι
56 2819 142 2845 vitare
159 2825 217 2852 qua:
232 2818 305 2845 velit.
324 2829 333 2844 ι

320 2585 342 2601 ³²
355 2586 431 2612 Rom.
448 2594 485 2618 χι,
500 2586 545 2612 55.

337 2551 359 2566 ’⁸
371 2550 448 2577 Rom.
464 2559 505 2581 nt,
524 2550 601 2577 9-H.
631 2550 652 2565 ’⁷
671 2551 734 2578 ibid.
746 2552 776 2578 21
791 2559 848 2586 seq.

869 1560 1009 1587 medicinae
1022 1560 1089 1586 artis
1105 1560 1249 1593 imaginem
1274 1561 1417 1588 dedimus:
1434 1566 1462 1588 ut
1478 1563 1653 1596 quemadmo-

868 1605 931 1631 dum
943 1613 993 1639 per
1007 1605 1079 1631 illam
1104 1605 1219 1639 languor
1240 1606 1396 1639 agnoscitur
1411 1611 1439 1634 ut
1460 1608 1563 1635 sanitas
1578 1608 1653 1634 iuve-

869 1651 966 1681 niatur,
984 1650 1018 1677 ita
1029 1651 1110 1677 etiam
1124 1657 1172 1684 per
1189 1651 1273 1684 legem
1291 1656 1395 1678 natura:
1411 1652 1434 1678 si
1449 1657 1535 1685 potest
1552 1653 1653 1687 agnitio

868 1695 926 1722 ﬂeri
952 1696 1065 1729 peccati,
1079 1696 1205 1722 similiter
1226 1697 1312 1731 possit
1336 1698 1490 1731 etjustititc
1505 1699 1574 1725 ﬁeri.
1597 1699 1653 1726 lloc

867 1748 933 1775 ergo
944 1749 1004 1768 cum
1016 1741 1128 1768 vidisset
1142 1749 1222 1775 posse
1235 1743 1287 1769 sibi
1300 1743 1391 1776 objici,
1412 1749 1554 1778 postquam
1567 1745 1651 1772 dixit:

869 1796 878 1811 ι
900 1786 952 1813 Per
973 1786 1057 1822 legem
1085 1787 1157 1814 cutim
1182 1788 1283 1822 agnitio
1309 1789 1434 1822 peccati,
1454 1799 1462 1815 ι
1491 1790 1650 1825 subiungit:

868 1841 879 1857 ε
903 1832 978 1859 Nunc
991 1833 1156 1865 autem,sine
1168 1833 1225 1867 lege
1237 1833 1408 1869 (59)justitia
1424 1835 1468 1861 Dei
1482 1837 1652 1864 manifestata

866 1882 917 1905 est.
941 1887 951 1904 ι
967 1877 1031 1904 Tale
1047 1883 1088 1905 est
1101 1885 1167 1912 ergo
1186 1880 1256 1913 quod
1273 1879 1339 1906 dicit
1355 1888 1361 1905 :
1378 1879 1435 1906 Non
1449 1880 1505 1916 (60)
1518 1883 1588 1908 sicut
1605 1890 1652 1916 per

869 1919 954 1955 legem
965 1922 1064 1956 agnitio
1074 1924 1186 1957 peccati,
1198 1925 1234 1951 ita
1246 1929 1273 1951 et
1286 1926 1465 1954 manifestatio
1474 1927 1584 1960 justitite
1595 1928 1642 1956 Dei

869 1973 918 2000 per
929 1966 1014 2001 legem
1027 1968 1070 2000 tit;
1082 1968 1128 1996 sed
1139 1969 1197 1996 sine
1207 1969 1266 2004 lege
1278 1971 1576 2005 manifestatorjustitia
1590 1974 1647 2002 Dei.

869 2011 978 2040 Poterat
991 2014 1062 2040 enim
1080 2018 1181 2042 natura
1201 2015 1241 2042 lex
1255 2023 1367 2051 arguere
1379 2019 1481 2051 peccati
1502 2023 1624 2047 naturam
1636 2040 1645 2052 .

867 2058 1024 2085 etuotitiam
1035 2058 1093 2093 ejus
1105 2062 1246 2097 ostendere
1262 2071 1268 2089 :
1284 2062 1386 2096 justitia
1398 2068 1487 2090 autem
1500 2065 1647 2100 Deisnper-

867 2103 988 2138 greditur
1002 2108 1030 2131 et
1040 2107 1222 2139 supereminet
1241 2107 1292 2134 hoc
1306 2109 1484 2143 quodcunque
1502 2119 1577 2138 meus
1598 2112 1640 2138 ius

866 2156 945 2176 mana
961 2149 1026 2177 solis
1041 2151 1207 2179 naturalibus
1227 2153 1352 2181 sensibus
1374 2159 1461 2188 potest
1479 2156 1582 2184 rimari.
1595 2157 1645 2184 Net

865 2204 917 2232 que
929 2197 1000 2225 enim
1012 2196 1109 2224 sullicit
1122 2196 1155 2223 ad
1171 2196 1371 2231 intelligendam
1383 2201 1410 2223 et
1423 2197 1646 2224 censiderandaut

864 2250 917 2269 non
927 2249 1114 2276 quamcunque
1127 2242 1282 2273 humanam,
1292 2241 1338 2268 sed
1350 2241 1433 2276 ipsam
1446 2241 1490 2268 Dei
1501 2242 1646 2278 justitiam,

863 2287 1003 2321 etjudicia
1022 2295 1082 2322 quas
1094 2295 1125 2314 ex
1140 2287 1197 2322 ipsa
1215 2287 1391 2319 descendunt,
1407 2286 1439 2313 de
1460 2287 1558 2321 quibus
1579 2286 1647 2313 dici-

864 2338 907 2360 tur
920 2334 982 2367 quia
994 2338 1057 2361 sunt
1071 2342 1081 2359 ‹
1099 2333 1212 2368 abyssus
1228 2331 1310 2359 multa
1326 2331 1360 2362 ",
1375 2340 1384 2356 ι
1402 2336 1429 2358 et
1440 2332 1502 2366 quia
1515 2335 1568 2357 tam
1585 2338 1647 2364 pro-

864 2380 947 2406 l'unda
959 2379 1109 2413 sitjustitia
1126 2378 1171 2405 Dei
1189 2377 1339 2412 etjudicia,
1354 2381 1383 2403 ut
1397 2375 1543 2411 Apostolus
1552 2376 1624 2402 dicat
1637 2384 1644 2402 :

866 2435 875 2451 ι
896 2426 982 2458 Quam
1008 2424 1195 2452 inscrutabilia
1217 2427 1280 2450 sunt
1292 2422 1392 2456 judicia
1409 2422 1455 2449 Dei
1468 2422 1490 2437 ³·
1505 2422 1512 2448 !
1528 2430 1538 2447 ι
1551 2420 1603 2448 Sed
1619 2427 1647 2448 et

865 2469 1001 2504 Sapientia
1018 2470 1054 2497 ita
1069 2470 1101 2496 ad
1116 2469 1241 2496 homines
1256 2469 1386 2502 loquitur,
1400 2467 1478 2502 quasi
1492 2475 1545 2494 non
1559 2468 1647 2502 possit

1377 2547 1399 2562 '°
1415 2546 1508 2573 Matth.
1525 2553 1602 2578 xxut,
1615 2546 1643 2573 6.

886 2550 909 2565 ’⁸
921 2549 984 2576 ibid.
1002 2547 1046 2575 l9.
1097 2548 1118 2562 “
1136 2547 1190 2574 Tit.
1206 2555 1246 2579 ιιι,
1263 2547 1322 2575 5-7.

894 2640 950 2674 (36)
968 2640 1023 2670 AL,
1042 2647 1051 2664 ι
1071 2639 1097 2664 in
1117 2639 1338 2672 redemptionem.
1351 2648 1368 2674 γι

893 2676 949 2709 (57)
968 2674 1048 2704 Editi,
1065 2682 1075 2698 ι
1098 2674 1255 2709 asserimns,
1275 2683 1284 2699 ι
1305 2673 1385 2709 male.

895 2710 950 2744 t58)
970 2709 1036 2736 Vide
1053 2708 1238 2744 przcl‘atiouem
1269 2708 1404 2744 Origenis.

895 2742 950 2779 {3.9)
967 2745 994 2770 In
1011 2743 1185 2779 auteareditis
1198 2743 1292 2779 (leestt
1305 2742 1477 2777 subjttttgit,t
1493 2747 1520 2769 et
1535 2743 1642 2778 legitur,

863 2791 871 2806 ι
892 2780 958 2806 Num
975 2784 1064 2805 autem
1078 2778 1115 2804 ait
1131 2786 1138 2804 :
1156 2778 1221 2804 Siue
1235 2778 1300 2812 lege.
1316 2787 1325 2802 ›

896 2814 951 2850 (60)
969 2813 1050 2845 Editi,
1068 2822 1076 2839 ι
1096 2820 1170 2844 nam,
1187 2821 1196 2837 ι
1212 2813 1290 2839 male.
