1833 3049
182 96 235 123 945

919 97 1079 126 ORICENIS
1189 128 1192 130 ν
1498 124 1501 125 ,
1746 107 1786 133 gu

176 159 282 195 iustitia
297 157 344 185 Dei
361 159 464 183 natura:
476 154 691 183 solius'motibus
706 156 780 188 sciri,
797 156 842 184 sed
859 164 906 191 per
917 157 969 184 do—
983 160 1005 188 Α
1021 159 1093 185 nium
1106 158 1188 193 legis;
1207 158 1228 186 si
1243 162 1331 186 autem
1349 165 1380 185 cx
1400 159 1459 195 lege
1485 161 1588 196 accipit
1610 163 1786 191 testimonium.

178 207 275 233 ctrina-
298 203 416 232 studium
441 201 525 235 quazri
542 209 549 233 ;
563 205 592 228 et
607 202 667 228 ideo
684 201 771 230 dicit:
785 211 794 228 ι
812 201 913 229 Discite
926 202 968 237 ju-

178 251 281 279 stitiam
298 251 344 285 qui
368 248 495 284 judicatis
516 252 615 275 terram
633 248 664 275 ³³.
695 257 704 273 ι
725 247 906 281 Quamobrem
932 248 966 275 ad

179 298 224 325 Dei
237 296 370 330 justitiam
395 294 591 329 agnoscendum
617 294 683 321 nihil
698 302 808 328 prorsus
824 294 966 328 opitulabi-

179 349 222 370 ιιιι·
239 343 280 370 lex
298 347 413 374 naturae,
430 341 537 368 etiamsi
559 340 684 368 videatur
696 340 798 368 sentire
817 340 917 374 aliquid
933 341 965 368 de

175 389 294 415 humana
305 387 423 421 justitia.
447 386 493 413 Illa
510 386 583 413 enim
599 385 642 412 lex
667 389 752 419 potest
772 386 873 413 sentire
891 387 964 421 quod

177 435 246 461 inter
258 433 383 460 homines
393 432 495 467 justum
513 432 548 458 sit
559 435 585 457 ut
599 432 670 466 quod
685 431 710 457 in
724 439 754 458 se
769 431 829 465 quis
843 432 896 466 pati
911 440 963 459 non

175 479 242 512 vult,
258 478 307 505 hoc
325 477 405 513 512
418 485 451 504 ne
465 476 589 511 proximo
607 475 688 502 faciat
701 475 733 502 ³⁸.
746 476 872 510 Nunquid
888 481 965 503 natu-

174 525 267 552 raliter
282 529 371 559 potest
383 523 485 551 sentire
498 521 555 557 (6i)
575 522 609 549 de
623 521 667 548 illa
680 520 784 555 iustitia
798 529 858 556 qua:
873 522 937 548 dicit
954 530 961 548 :

175 580 185 597 ι
209 570 302 598 Videte
318 577 353 597 ne
369 569 477 597 faciatis
486 568 621 602 justitiam
638 573 756 595 vestram
772 575 864 595 coram
880 568 965 596 homi-

173 617 253 644 nibus
267 616 308 648 ";
327 625 337 642 ι
354 620 392 646 et,
415 624 424 640 ι
442 618 471 641 ιιι
483 614 587 642 nesciat
604 613 717 641 sinistra
740 618 784 640 tua
801 613 865 648 quid
881 613 963 641 faciat

172 664 267 690 dextra
297 666 341 688 tua
352 661 398 687 ’°?
417 671 426 687 ι
444 661 506 688 llaec
531 664 558 687 et
584 660 736 694 hujusmodi
758 659 830 693 justa
852 659 962 695 (62)ᾱί-

171 714 246 736 ctare
262 715 314 735 non
329 712 416 743 potest
439 707 481 734 lex
504 711 607 734 naturae
621 715 628 739 ;
647 711 675 734 et
688 706 749 734 ideo
765 706 831 734 dicit
845 707 960 741 Aposto-

171 754 216 782 lus
230 762 237 780 ε
250 764 259 779 ι
277 753 353 781 Nunc
364 758 452 780 autem
467 753 526 780 sine
543 752 613 787 lege.
628 761 638 778 ι
656 757 760 779 natura:
774 751 888 784 scilicet,
898 751 961 784 «ju-

171 801 246 827 stitia
266 800 311 827 Dei
329 799 500 826 manifestata
516 802 558 825 est
572 798 606 830 ⁸⁷,
624 807 634 824 ι
652 798 838 825 testimonium
858 797 960 825 habens

1020 211 1072 231 non
1091 212 1155 239 ergo
1170 205 1229 231 sine
1239 205 1298 240 lege
1315 207 1485 234 manifestata
1501 211 1553 234 est.
1565 208 1644 241 Quod
1656 217 1711 236 cum
1728 211 1786 237 inso—

1019 249 1100 276 lubile
1112 251 1158 281 sit,
1176 258 1227 278 nec
1242 251 1331 286 aliqua
1349 253 1433 287 possit
1450 253 1554 280 ratione
1571 254 1695 286 convelli,
1709 255 1786 283 dicen-

1018 295 1080 322 dum
1098 296 1281 331 estjustitiam
1303 299 1410 332 quidem
1423 298 1469 325 Dei
1485 300 1654 327 manifestari
1668 308 1681 326 a
1696 301 1788 328 Christo

1016 339 1092 372 .lesu,
1107 342 1243 376 praebente
1265 343 1289 370 ei
1309 344 1492 371 testimonium
1519 352 1574 371 non
1604 344 1662 380 lege
1688 352 1787 377 natum,

1017 394 1077 421 qua:
1101 388 1189 415 adhuc
1215 393 1256 416 est
1281 390 1374 424 utique
1397 390 1491 425 exigua
1504 395 1532 417 et
1557 398 1655 425 parva;
1672 393 1716 418 sed
1743 393 1787 427 lego:

1016 431 1100 467 Moysi
1119 441 1193 465 ;non
1213 441 1244 460 ea
1265 441 1325 468 qua:
1352 435 1499 462 secundum
1520 434 1654 466 litteram,
1676 436 1719 461 sed
1741 444 1787 470 qua

1015 480 1162 506 secundum
1178 479 1301 513 spiritum
1317 485 1367 513 est,
1383 480 1416 507 de
1442 487 1494 514 qua
1514 481 1584 507 idem
1605 481 1671 507 dicit
1693 482 1788 514 Aposto-

1014 525 1076 551 lus:
1098 534 1107 550 ι
1125 525 1192 557 Quia
1209 525 1251 552 lex
1273 526 1402 560 spirit-alis
1423 531 1464 554 est
1481 527 1514 553 “.
1535 536 1544 553 ι
1562 526 1698 553 Similiter
1711 532 1785 553 autem

1014 576 1041 599 et
1058 572 1195 606 propheta:
1213 579 1259 606 per
1275 580 1336 599 eum
1348 573 1393 607 qui
1410 574 1436 599 in
1453 573 1517 607 ipsis
1533 573 1642 600 locutus
1660 578 1701 600 est
1723 574 1788 608 spiri-

1014 621 1069 644 tum
1087 617 1144 644 Dei.
1154 617 1200 644 Esl
1211 623 1341 652 praeterea
1359 624 1386 645 et
1400 618 1443 645 Illa
1454 619 1524 653 apud
1539 619 1699 653 Apostolum
1711 619 1788 646 dehoc

1013 670 1148 694 sermone,
1164 664 1187 690 si
1211 663 1270 697 quis
1291 663 1446 698 diligentius
1465 664 1605 697 observet,
1623 665 1691 691 mira
1708 666 1788 692 distiu-

1012 708 1077 735 ctio.
1092 708 1173 736 Moris
1185 714 1227 736 est
1246 710 1317 744 apud
1332 709 1441 737 Graecos
1460 710 1618 738 nominibus
1629 710 1717 748 ἄρθρα
1730 719 1787 745 pra-

1012 754 1087 789 poni,
1105 761 1164 789 quae
1178 755 1248 789 apud
1266 762 1315 782 nos
1337 759 1450 790 possunt
1471 756 1580 783 articuli
1610 758 1751 785 nominari.
1765 759 1787 783 si

1012 799 1120 833 quando
1133 799 1215 835 igitur
1225 799 1310 836 Moysi
1326 800 1410 836 legem
1427 802 1559 833 nominat,
1574 803 1687 830 solitum
1702 805 1788 831 nomini

171 846 237 881 legis
262 845 346 880 Moysi
355 850 382 872 et
392 843 595 880 prophetarum.
605 844 632 871 in
643 843 742 878 quibus
754 849 863 871 sanctus
875 843 961 878 Spirl-
975 833 998 863 Β
1012 833 1307 878 praemittltarticulum
1320 833 1364 877 ;si
1374 846 1482 879 quando
1498 854 1562 874 vero
1578 849 1732 875 naturalem
1742 851 1786 875 vult

172 897 216 919 tus
243 891 324 918 multa
347 898 395 925 per
410 890 511 925 ﬁguras
525 894 553 916 et
569 891 715 924 aenigmata
739 889 773 916 de
788 888 894 922 justilia
910 888 959 916 Dei

171 938 328 972 scripserat.
350 937 382 963 Et
397 936 458 963 nolo
477 935 585 963 mireris
600 936 670 970 quod
693 943 776 962 unum
796 935 957 963 vocabulum

171 983 237 1018 legis
253 982 373 1010 secundo
389 983 415 1009 in
432 982 525 1009 eodem
537 981 596 1009 loco
608 981 724 1016 positum
739 981 843 1009 diversa
855 981 959 1016 signiti-

170 1035 222 1056 cet.
240 1029 394 1056 lnvenimus
410 1028 481 1055 hanc
496 1035 556 1055 esse
571 1028 722 1062 Scripturae
732 1028 956 1055 consuetudinem

168 1075 235 1102 etin
255 1075 315 1102 aliis
331 1074 396 1102 locis
413 1082 419 1101 :
436 1078 464 1101 ut
475 1073 511 1101 ibi
530 1074 552 1090 ³⁸
566 1082 573 1100 :
588 1083 597 1100 ι
612 1073 707 1101 Nonne
724 1081 773 1101 vos
786 1074 956 1108 dicitis,quia

168 1122 256 1148 adhuc
274 1126 390 1155 quatuor
402 1127 509 1148 menses
529 1125 593 1148 sunt
611 1124 641 1148 ut
654 1120 744 1148 veniat
759 1120 855 1147 messis
872 1119 957 1147 ?Ele-

169 1171 229 1196 vate
246 1167 339 1196 oculos
364 1172 484 1200 vestros,
499 1172 527 1195 et
542 1167 630 1194 videte
647 1166 782 1207 regiones,
804 1167 866 1201 quia
889 1166 957 1194 albae

168 1219 230 1241 sunt
241 1214 274 1241 ad
287 1221 412 1241 messem.
421 1223 430 1239 ι
440 1214 535 1241 Nonne
551 1217 579 1240 et
592 1213 645 1240 hoc
657 1212 717 1240 loco
729 1213 827 1241 messis
837 1213 956 1240 secundo

168 1259 317 1291 nominata,
333 1259 419 1293 primo
439 1258 472 1285 ad
499 1257 668 1292 corporalem
687 1265 804 1285 messem
825 1257 954 1290 refertur,

167 1307 286 1332 secundo
302 1305 335 1331 ad
350 1303 498 1338 spiritalem
512 1303 523 1330 ?
537 1303 567 1330 Et
583 1303 680 1330 iterum
692 1303 717 1330 in
734 1303 879 1338 Evangelio
893 1311 954 1330 curn

167 1351 232 1378 dicit
255 1351 289 1377 ad
317 1350 516 1377 Samaritanam
547 1348 690 1376 mulierem
715 1348 858 1381 Salvator,
886 1358 895 1375 ι
917 1349 954 1376 Da

166 1397 233 1423 mihi
260 1395 354 1423 bibere
370 1396 401 1427 “,
422 1405 431 1421 ι
455 1400 482 1422 et
498 1399 558 1429 post
588 1402 747 1430 responsum
768 1394 826 1429 ejus
855 1396 954 1423 iterum

165 1443 230 1470 dicit
247 1442 279 1469 ad
294 1449 353 1469 eam
371 1449 378 1468 :
400 1451 408 1467 ι
431 1441 458 1468 Si
477 1441 562 1468 scires
585 1442 646 1476 quis
673 1447 715 1469 est
734 1442 780 1476 qui
800 1442 866 1469 dicit
882 1442 928 1469 tibi
944 1451 952 1470 :

170 1488 205 1513 lla
244 1488 308 1514 mihi
325 1488 440 1520 bibere;
455 1493 483 1514 tu
504 1489 596 1521 utique
611 1487 726 1521 petisses
737 1495 811 1520 eum,
823 1493 851 1516 et
862 1489 954 1516 dedis-
966 1502 988 1531 ο

165 1538 206 1559 set
224 1531 271 1558 tibi
287 1539 383 1566 aquam
400 1531 497 1557 vivam.
510 1540 521 1556 ι
542 1531 574 1557 Et
589 1531 685 1557 iterum
702 1532 803 1558 addidit
816 1533 849 1559 ad
866 1540 925 1559 eam
944 1541 951 1559 :

167 1586 178 1603 ‹
199 1577 291 1605 Omnis
305 1577 352 1612 qui
378 1577 446 1604 bibit
460 1584 492 1604 ex
517 1584 586 1611 aqua
612 1578 672 1609 hac,
687 1577 760 1604 sitiet
772 1577 887 1610 iterum;
905 1577 952 1613 qui

164 1629 255 1651 autem
272 1623 371 1651 biberit
382 1630 415 1650 ex
436 1631 506 1658 aqua
519 1631 599 1657 quam
614 1631 663 1657 ego
677 1623 711 1650 do
723 1623 760 1655 ei,
776 1631 827 1650 non
840 1623 913 1652 sitiet
925 1625 951 1651 in

164 1675 295 1696 aeternum
309 1666 342 1694 ⁸⁸.
359 1676 368 1694 ι
386 1668 467 1695 Vides
492 1668 626 1701 quomodo
639 1673 666 1695 et
691 1668 783 1695 bibere
796 1689 804 1701 ,
819 1673 847 1696 et
871 1677 949 1704 aqua,

165 1722 237 1742 nunc
249 1715 356 1749 quidem
371 1713 428 1750 (63)
446 1713 626 1747 corporaliter
637 1733 644 1746 ,
661 1721 732 1740 nunc
761 1720 850 1741 autem
874 1715 951 1749 spiri~

164 1761 257 1788 taliter
278 1761 304 1787 in
320 1768 372 1787 uno
391 1759 540 1793 eodemque
554 1759 688 1792 accipitur
706 1759 788 1786 loco?
812 1760 860 1787 Est
879 1764 906 1787 et
919 1760 951 1787 il-

162 1808 198 1835 lic
213 1807 340 1834 similiter
362 1806 496 1841 positum,
511 1805 555 1833 ubi
578 1813 666 1833 caecus
683 1812 698 1832 a
718 1806 860 1834 nativitatc
872 1814 950 1833 cura-

161 1859 206 1881 tur
221 1853 255 1880 “.
272 1853 336 1881 Post
357 1853 407 1880 hoc
425 1853 491 1880 dicit
507 1852 633 1879 Salvator
650 1861 657 1879 :
677 1861 686 1878 I
703 1851 731 1879 ln
752 1852 882 1886 judicium
900 1859 950 1888 ego

159 1900 222 1927 veni
238 1899 264 1926 in
279 1899 351 1926 hunc
364 1899 502 1930 mundum,
513 1902 540 1925 ut
553 1898 598 1932 qui
615 1905 667 1925 non
683 1898 776 1925 vident
790 1899 910 1930 videant,
921 1902 949 1925 et

159 1945 204 1980 qui
217 1945 308 1972 vident
319 1945 382 1971 caeci
396 1944 516 1971 liant“.r
535 1943 628 1971 Nonne
642 1944 724 1971 etiam
743 1944 786 1971 hic
797 1949 827 1972 et
836 1944 929 1971 videre
940 1964 947 1977 ,

159 1997 249 2019 etnon
263 1991 353 2018 videre
371 1997 443 2017 nunc
467 1990 662 2025 corporaliter,
696 1998 769 2018 nunc
786 1990 948 2026 spiritaliter

158 2037 381 2072 intelligiturﬂta
393 2044 456 2072 ergo
469 2038 549 2064 etiam
559 2037 585 2064 in
599 2037 649 2064 hoc
662 2037 721 2064 loco
732 2037 876 2071 ApOstolus
884 2044 946 2064 cum

158 2085 217 2112 sine
233 2085 290 2120 lege
301 2084 365 2111 dicit
377 2083 510 2118 justitiam
528 2083 575 2110 Dei
594 2083 773 2117 manifestari,
784 2088 888 2110 natura:
903 2083 944 2110 lex

159 2130 335 2164 intelligitur;
352 2137 412 2157 cum
438 2136 504 2156 vero
521 2129 588 2156 dicit
606 2138 613 2156 :
639 2138 648 2154 ι
668 2129 823 2156 Testificata
841 2136 856 2156 a
886 2128 944 2163 lege

1010 887 1136 924 intelligi,
1152 889 1211 917 sine
1235 890 1352 918 articulo
1367 892 1487 918 nominat
1501 891 1599 928 legem.
1618 893 1651 920 Et
1666 893 1715 920 hoc
1736 902 1789 929 ergo

1009 933 1036 960 in
1054 933 1114 962 loco
1130 935 1174 962 ubi
1190 936 1266 969 dicit,
1282 946 1293 962 ι
1310 937 1387 964 Nunc
1399 937 1458 964 sine
1476 937 1534 972 lege
1548 938 1656 972 justilia
1681 939 1726 966 Dei
1743 948 1788 965 ma-

1009 979 1138 1007 nifestata
1154 987 1205 1012 est,
1224 990 1233 1007 ι
1257 982 1400 1010 articulum
1425 990 1478 1009 non
1506 983 1609 1015 habet;
1627 984 1655 1010 in
1678 986 1788 1019 sequemi

1007 1033 1074 1053 vero
1089 1026 1132 1053 ubi
1147 1027 1222 1060 dicit,
1240 1037 1250 1053 ι
1274 1028 1427 1055 Testificata
1447 1036 1462 1055 a
1483 1028 1540 1063 lege
1564 1033 1592 1056 et
1621 1031 1786 1064 prophetis”

1008 1072 1127 1099 secundo
1141 1072 1167 1099 in
1179 1072 1239 1100 loco
1253 1073 1339 1108 legem
1354 1081 1415 1100 cum
1432 1074 1546 1100 articulo
1565 1076 1668 1108 posuit.
1687 1075 1714 1102 Si
1733 1084 1790 1110 ergo

1008 1119 1174 1146 suﬂicienter
1190 1119 1279 1153 patuit
1295 1119 1328 1147 de
1353 1119 1420 1154 legis
1440 1120 1622 1154 appellatione
1643 1122 1789 1155 diversitas,

1007 1164 1147 1192 videamus
1164 1172 1236 1192 nunc
1255 1172 1314 1199 quae
1325 1165 1430 1199 justitia
1451 1166 1511 1192 sine
1532 1167 1652 1194 naturali
1669 1168 1726 1203 lege
1742 1177 1789 1194 ma-

1006 1210 1159 1238 nifestatur.
1171 1210 1243 1239 Idem
1263 1211 1401 1246 apostolus
1417 1211 1514 1239 Paulus
1533 1212 1602 1239 dicit
1616 1213 1654 1240 de
1668 1214 1771 1241 Christo
1781 1235 1787 1244 ,

1006 1254 1070 1290 quia
1088 1264 1096 1281 ι
1112 1255 1201 1293 factus,
1214 1259 1256 1282 est
1276 1256 1354 1283 nobis
1378 1257 1509 1290 sapientia
1525 1265 1540 1284 a
1563 1257 1628 1290 Deo,
1644 1258 1788 1292 eljustitia,

1006 1304 1032 1327 et
1044 1300 1234 1332 sanctiﬁcatio,
1246 1305 1273 1327 et
1289 1301 1477 1335 redemptio“.
1499 1312 1508 1328 ι
1534 1302 1598 1329 l-lzec
1614 1310 1683 1339 ergo
1693 1304 1787 1337 justiti:

1006 1347 1063 1380 Dei,
1079 1354 1138 1381 quae
1153 1351 1195 1374 est
1209 1346 1354 1379 Christus,
1370 1347 1559 1374 manifestatur
1573 1349 1635 1375 sine
1661 1349 1721 1383 lege
1737 1350 1789 1384 qui-

1005 1393 1064 1420 dem
1083 1393 1210 1424 naturali,
1228 1400 1280 1420 non
1298 1397 1387 1420 tamen
1411 1393 1469 1421 sine
1500 1393 1558 1428 lege
1573 1393 1663 1429 Moysi
1680 1395 1721 1422 vel
1736 1403 1791 1429 pro-

1004 1438 1093 1473 phetis
1110 1438 1177 1474 (66).
1195 1439 1244 1465 Dat
1267 1439 1338 1466 enim
1355 1439 1378 1465 ei
1406 1440 1592 1467 testimonium
1625 1440 1670 1467 lex
1688 1441 1757 1468 sicut
1768 1446 1789 1467 et

1005 1485 1062 1520 ipse
1078 1485 1141 1512 dicit
1161 1493 1168 1511 :
1187 1494 1195 1510 ι
1211 1484 1375 1512 Scrutamini
1392 1485 1562 1519 St-ripturas;
1581 1487 1648 1520 ipsa:
1661 1493 1726 1514 sunt
1738 1495 1790 1521 qua:

1007 1531 1190 1558 testimonium
1214 1531 1329 1558 reddunt
1345 1531 1378 1558 de
1392 1539 1436 1558 me
1451 1531 1485 1557 ⁸³.
1509 1541 1518 1558 ι
1536 1531 1604 1558 Nam
1624 1532 1669 1559 lex
1690 1534 1789 1567 quidem

1006 1577 1136 1605 naturalis
1153 1581 1241 1612 potest
1254 1578 1414 1605 occasiones
1429 1577 1562 1612 prtebere.
1575 1583 1602 1604 et
1624 1579 1788 1606 intellectura

1004 1623 1078 1655 dare,
1092 1628 1119 1650 ιιι
1137 1623 1267 1654 diximus,
1285 1623 1329 1650 vel
1343 1623 1375 1650 ad
1392 1631 1423 1650 ea
1438 1631 1497 1657 qum
1522 1624 1592 1651 inter
1611 1624 1741 1652 homines
1752 1625 1788 1658 agi

1002 1669 1117 1703 aequitas
1134 1669 1231 1704 poscit.
1245 1669 1284 1696 vel
1307 1669 1341 1696 ad
1367 1669 1419 1696 hoc
1441 1669 1542 1704 ipsum,
1560 1675 1590 1696 ut
1607 1677 1672 1697 esse
1695 1671 1791 1698 sentiat

1002 1715 1097 1741 Deum.
1116 1714 1153 1740 De
1169 1713 1278 1741 Christo
1292 1719 1381 1740 autem
1399 1714 1473 1748 quod
1496 1714 1530 1740 sit
1551 1714 1639 1742 Filius
1657 1715 1717 1747 Dei,
1734 1723 1790 1742 sen-

1001 1760 1052 1787 tire
1065 1760 1224 1787 naturaliter
1234 1760 1296 1795 quis
1309 1765 1400 1794 potest
1413 1761 1424 1786 ‘l
1441 1760 1503 1787 Ideo
1516 1768 1582 1795 ergo
1593 1761 1656 1787 sine
1671 1762 1723 1788 hac
1740 1762 1789 1796 (67)

1000 1806 1070 1841 lege,
1085 1806 1189 1840 justitia
1206 1806 1261 1838 Dei,
1271 1813 1331 1840 quae
1344 1812 1385 1833 est
1399 1805 1537 1838 Christus,
1548 1806 1728 1834 manifestata
1744 1811 1789 1838 est,

1000 1853 1145 1880 testiﬁcata
1157 1861 1190 1881 ex
1207 1853 1265 1887 lege
1287 1853 1370 1888 Moysi
1382 1858 1408 1879 et
1422 1853 1572 1887 prophetis.
1582 1852 1688 1881 Verum
1707 1854 1790 1888 prius-

999 1906 1080 1934 quam
1095 1899 1129 1925 ad
1145 1899 1340 1933 consequentia
1367 1905 1554 1933 properemus,
1565 1898 1725 1926 omittenda
1742 1905 1789 1925 non

997 1945 1105 1972 videtur
1119 1953 1152 1972 ne
1161 1945 1218 1972 haec
1232 1945 1339 1979 quidem
1362 1944 1527 1974 observatio.
1545 1944 1619 1977 quod
1637 1944 1666 1971 in
1684 1949 1789 1978 peccato

998 1991 1104 2025 quidem
1128 1991 1290 2026 agnitionem
1307 1990 1407 2026 posuit,
1426 1989 1451 2016 in
1470 1989 1577 2023 justitia
1592 1997 1661 2017 vero
1683 1990 1789 2017 manife-

997 2037 1152 2064 stalionem.
1173 2046 1182 2062 ι
1202 2037 1288 2065 Omne
1315 2037 1387 2064 enim
1413 2036 1484 2070 quod
1510 2035 1728 2070 manifestatur,
1750 2035 1789 2062 lux

995 2082 1089 2116 est“;
1113 2093 1122 2109 ι
1141 2087 1168 2110 el
1183 2084 1204 2110 si
1219 2083 1292 2118 quod
1309 2082 1498 2109 manifestatur
1511 2081 1558 2108 lux
1579 2086 1635 2114 est,
1651 2087 1788 2116 peccatum

996 2127 1067 2161 quod
1083 2127 1129 2155 lux
1144 2136 1196 2155 non
1211 2133 1253 2155 est
1270 2136 1322 2155 non
1338 2127 1537 2159 manifestatur,
1552 2127 1602 2153 sed
1620 2127 1787 2162 agnoscitur.

157 2182 184 2204 et
206 2177 354 2213 prophetis,
367 2186 376 2203 ι
387 2176 470 2212 Moysi
487 2177 569 2212 legem
587 2176 718 2210 designat.
731 2175 807 2208 Quod
823 2176 845 2202 si
859 2175 948 2202 adhuc
962 2173 984 2201 D
1000 2173 1056 2209 Ego
1068 2173 1107 2202 sic
1121 2174 1224 2208 accipio
1242 2179 1270 2202 et
1285 2174 1362 2202 illud:
1378 2173 1466 2200 «Nihl
1482 2173 1621 2200 occultum
1641 2173 1719 2208 quod
1742 2180 1787 2198 non

158 2224 205 2251 tibi
218 2225 305 2251 minus
317 2223 426 2258 planum
441 2227 549 2258 putatur
563 2229 621 2249 esse
635 2222 707 2256 quod
723 2221 943 2252 diximus,adde-

154 2277 217 2296 mus
230 2269 313 2296 etiam
338 2268 394 2295 haec
409 2276 416 2294 :
432 2268 460 2294 Si
482 2268 553 2294 enim
569 2267 675 2294 videtur
691 2266 762 2300 quod
775 2265 831 2302 (64)
848 2266 942 2293 eadem

151 2315 194 2342 lex
210 2314 246 2340 sit
259 2314 292 2340 de
305 2321 357 2348 qua
369 2313 487 2340 dicitur:
500 2321 509 2337 ι
521 2312 598 2340 Nunc
613 2317 702 2340 autem
718 2311 776 2339 sine
791 2311 848 2346 lege
863 2311 943 2345 justi-

152 2359 188 2385 tia
218 2357 265 2385 Dei
289 2357 461 2385 manifestata
484 2362 536 2389 est,
556 2367 566 2382 ν
583 2365 643 2391 qua:
666 2362 707 2384 est
728 2362 755 2384 et
780 2357 823 2384 illa
841 2357 873 2384 de
890 2364 943 2391 qua

150 2403 189 2430 ait
209 2409 218 2430 :
233 2411 242 2428 ι
263 2403 416 2431 Testilicala
430 2411 445 2429 a
463 2402 519 2436 lege
532 2406 559 2429 et
582 2402 720 2436 prophetis
737 2410 744 2435 ;
766 2411 775 2428 ν
795 2401 816 2428 si
831 2401 942 2436 quidem

150 2449 210 2476 sine
230 2447 288 2483 lege
304 2448 359 2484 (65)
380 2449 552 2476 manifestata
568 2453 621 2481 est,
640 2455 693 2474 non
707 2447 806 2481 accipit
822 2446 944 2474 testimo-

190 2530 213 2546 "
228 2530 293 2565 Sap.
308 2539 327 2564 I,
345 2530 354 2557 l
371 2539 379 2563 ς
394 2530 463 2558 Psal.
485 2541 514 2565 ιι,
531 2532 574 2559 l0.
613 2529 636 2545 ³³⁸
648 2529 714 2556 Tob.
741 2536 777 2559 tv,
793 2527 821 2554 6.
860 2528 882 2543 ³⁸
894 2527 916 2554 Μ

238 2566 260 2578 κ
276 2566 330 2578 ιιιιΑ
349 2565 366 2578 η
394 2566 426 2578 ιη
490 2567 512 2578 ια
533 2566 587 2578 :|.:.I
615 2565 647 2578 l1
714 2562 816 2578 ιι1,.....
846 2570 871 2578 ιν
897 2563 908 2578 Α

1042 2548 1050 2560 ,
1076 2529 1100 2556 Ι.
1138 2529 1160 2544 ³⁸
1180 2529 1244 2556 ibid.
1259 2529 1286 2556 5.

1046 2564 1068 2578 In
1085 2564 1138 2578 ιλιι
1166 2564 1200 2578 ἰη
1260 2564 1283 2578 u

714 2563 735 2578 “
749 2562 827 2590 Joan.
846 2563 909 2594 Ix,l
933 2570 991 2597 seq.

713 2598 735 2614 ’⁸⁷
748 2597 813 2626 Luc.
833 2605 893 2630 vnt,
907 2597 950 2625 l7.

154 2565 200 2594 55.
238 2566 260 2585 ⁸⁹
276 2565 379 2597 ibid.7,
393 2566 436 2593 10.
490 2567 512 2582 ⁵ο
533 2566 599 2594 ibid.
614 2565 659 2591 l3.

153 2598 268 2628 “Joan.
280 2607 307 2633 ν,
329 2599 375 2628 39.
413 2600 435 2616 “
451 2600 550 2635 Ephes.
565 2609 591 2632 v.
614 2600 656 2627 l3.

189 2657 246 2689 (6|)
262 2657 306 2686 Al.
322 2666 332 2683 ι
347 2657 451 2686 sentiri.
467 2666 476 2683 ι

190 2686 245 2726 ζϋὲδ
262 2692 326 2728 licet:
343 2697 367 2720 et
378 2692 628 2728 hujusmodijusta.
645 2691 782 2728 Sicrms‘s.
802 2695 829 2717 el.
850 2690 939 2718 [laba-

154 2735 215 2753 nus.
232 2729 265 2753 At
282 2727 358 2759 editi,
374 2736 384 2753 ι
402 2726 471 2755 lianc
486 2731 512 2754 et
528 2727 681 2761 huiusmodi
695 2726 839 2761 justitiam.
862 2735 871 2752 ι

191 2763 246 2823 (ἥδ)
259 2762 305 2790 Sic
317 2770 382 2823 mlas.
398 2763 468 2791 Editi
479 2769 552 2795 vero,
564 2770 573 2787 ι
590 2761 622 2789 Et
632 2762 723 2789 bibere
733 2769 765 2788 cx
774 2768 854 2795 aqua,
868 2767 940 2788 nunc

193 2804 274 2823 ltelll.
293 2807 303 2823 Ι
320 2804 334 2823 ε
349 2805 374 2823 C.

154 2802 274 2831 quldem,
293 2807 303 2824 ι
320 2802 374 2825 etc.

998 2219 1197 2251 manifestelur,
1213 2227 1263 2246 nec
1282 2224 1406 2254 opertum
1421 2219 1493 2253 quod
1511 2225 1564 2245 non
1582 2219 1729 2246 reveletur
1744 2218 1786 2243 ".i

997 2264 1050 2292 Sed
1071 2267 1105 2292 ad
1123 2264 1290 2299 propositum
1309 2270 1490 2291 revertamur.
1510 2263 1567 2291 Lex
1587 2271 1657 2299 ergo
1682 2268 1710 2291 et
1730 2270 1788 2298 pro—

997 2308 1083 2342 phetae
1095 2313 1177 2336 testes
1195 2313 1258 2335 sunt
1275 2309 1386 2344 jnstitia:
1411 2309 1473 2341 Dei;
1491 2316 1551 2342 qua:
1564 2307 1679 2342 justilia
1702 2316 1750 2343 per
1763 2307 1789 2333 ﬁ-

995 2354 1054 2381 dem
1066 2353 1130 2381 .lesu
1145 2354 1247 2382 Christi
1263 2353 1455 2381 manifestatur
1471 2353 1498 2380 in
1519 2361 1618 2381 omnes
1635 2354 1787 2382 credente;

994 2400 1021 2426 in
1033 2400 1131 2434 quibus
1152 2400 1222 2426 nulla
1249 2403 1291 2426 est
1310 2399 1460 2432 distinctio,
1487 2403 1579 2425 utrum
1608 2406 1645 2425 ex
1670 2398 1788 2429 Judaeus,

995 2454 1029 2473 an
1047 2455 1080 2474 ex
1101 2447 1227 2481 gentibus
1251 2446 1373 2474 credant.
1396 2445 1462 2473 Vide
1481 2449 1573 2472 autem
1588 2445 1657 2479 quia
1676 2443 1789 2472 manife-

1326 2529 1347 2544 ³⁷
1361 2529 1439 2556 Rom.
1457 2535 1498 2559 III,
1515 2527 1561 2554 2|.
1601 2527 1625 2543 ⁸³
1641 2526 1727 2554 Joan.
1755 2533 1788 2552 Ir.

1046 2564 1068 2580 "'
1083 2564 1149 2592 ibid.
1166 2564 1212 2592 39.
1260 2564 1283 2580 ”
1294 2564 1373 2591 Rom.
1395 2571 1445 2596 VII,
1459 2563 1502 2590 Η.
1555 2562 1580 2578 ⁸⁵
1594 2563 1603 2589 l
1615 2563 1683 2590 Cor.
1706 2570 1726 2593 ι,
1745 2561 1787 2586 30.

1029 2654 1085 2688 (61s)
1101 2653 1181 2684 Editi,
1198 2652 1247 2688 {isi
1262 2652 1308 2678 tibi
1324 2650 1439 2688 videtur,
1456 2651 1540 2688 quod,
1562 2658 1572 2675 ι
1588 2653 1644 2688 etc.

1029 2684 1085 2724 (65)
1103 2689 1179 2720 Al.,t
1201 2687 1262 2714 Haec
1288 2687 1397 2720 quidem
1419 2693 1480 2720 qua:
1501 2684 1562 2712 sine
1588 2685 1665 2720 lege,
1681 2692 1692 2709 ι
1714 2687 1785 2710 etc”,

994 2725 1085 2794 ηπὶξέ)
1102 2758 1156 2794 At,
1177 2749 1256 2794 evel.
1264 2756 1468 2794 prophetarum.
1482 2763 1499 2794 π»

1031 2791 1086 2830 (67)
1106 2793 1173 2821 Hac.
1191 2793 1271 2820 Deest
1287 2792 1313 2818 in
1327 2796 1407 2818 atttea
1421 2791 1513 2824 editis.
