  <div class='ocr_page' id='page_1' title='image "/cluster/home/n/w/nwhite01/storage/ocr_20150623/14/njp.32101077772448/483.png"; bbox 0 0 1833 3049; ppageno 0'>
   <div class='ocr_carea' id='block_1_1' title="bbox 166 96 217 124">
    <p class='ocr_par' dir='ltr' id='par_1_1' title="bbox 166 96 217 124">
     <span class='ocr_line' id='line_1_1' title="bbox 166 96 217 124; baseline -0.039 0"><span class='ocrx_word' id='word_1_1' title='bbox 166 96 217 124; x_wconf 75' lang='grc'>967</span> 
     </span>
    </p>
   </div>
   <div class='ocr_carea' id='block_1_2' title="bbox 888 93 1046 122">
    <p class='ocr_par' dir='ltr' id='par_1_2' title="bbox 888 93 1046 122">
     <span class='ocr_line' id='line_1_2' title="bbox 888 93 1046 122; baseline -0.013 0"><span class='ocrx_word' id='word_1_2' title='bbox 888 93 1046 122; x_wconf 74' lang='lat' dir='ltr'><strong>ORIGE‘NIS</strong></span> 
     </span>
    </p>
   </div>
   <div class='ocr_carea' id='block_1_3' title="bbox 1726 97 1769 127">
    <p class='ocr_par' dir='ltr' id='par_1_3' title="bbox 1726 97 1769 127">
     <span class='ocr_line' id='line_1_3' title="bbox 1726 97 1769 127; baseline 0.093 -4"><span class='ocrx_word' id='word_1_3' title='bbox 1726 97 1769 127; x_wconf 62' lang='lat'><strong>948</strong></span> 
     </span>
    </p>
   </div>
   <div class='ocr_carea' id='block_1_4' title="bbox 166 144 1766 189">
    <p class='ocr_par' dir='ltr' id='par_1_4' title="bbox 166 144 1766 189">
     <span class='ocr_line' id='line_1_4' title="bbox 166 144 1766 189; baseline 0.001 -8"><span class='ocrx_word' id='word_1_4' title='bbox 166 159 193 181; x_wconf 76' lang='lat' dir='ltr'><strong>at</strong></span> <span class='ocrx_word' id='word_1_5' title='bbox 206 161 373 189; x_wconf 71' lang='lat' dir='ltr'><strong>super-pones</strong></span> <span class='ocrx_word' id='word_1_6' title='bbox 386 161 416 181; x_wconf 86' lang='lat' dir='ltr'><strong>ea</strong></span> <span class='ocrx_word' id='word_1_7' title='bbox 426 161 473 188; x_wconf 89' lang='lat' dir='ltr'><strong>per</strong></span> <span class='ocrx_word' id='word_1_8' title='bbox 482 153 586 188; x_wconf 78' lang='lat' dir='ltr'><strong>singula</strong></span> <span class='ocrx_word' id='word_1_9' title='bbox 595 153 679 181; x_wconf 87' lang='lat' dir='ltr'><strong>latera</strong></span> <span class='ocrx_word' id='word_1_10' title='bbox 688 148 867 189; x_wconf 78' lang='lat' dir='ltr'><strong>propitiatorii</strong></span> <span class='ocrx_word' id='word_1_11' title='bbox 879 151 947 186; x_wconf 85' lang='lat'><strong>(76):</strong></span> <span class='ocrx_word' id='word_1_12' title='bbox 964 153 985 181; x_wconf 78' lang='grc' dir='ltr'>Α</span> <span class='ocrx_word' id='word_1_13' title='bbox 1002 157 1081 184; x_wconf 79' lang='lat' dir='ltr'><strong>supra</strong></span> <span class='ocrx_word' id='word_1_14' title='bbox 1096 151 1163 178; x_wconf 89' lang='lat' dir='ltr'><strong>duos</strong></span> <span class='ocrx_word' id='word_1_15' title='bbox 1178 151 1283 178; x_wconf 90' lang='lat' dir='ltr'><strong>cubitos</strong></span> <span class='ocrx_word' id='word_1_16' title='bbox 1299 151 1400 179; x_wconf 88' lang='lat' dir='ltr'><strong>habere</strong></span> <span class='ocrx_word' id='word_1_17' title='bbox 1415 144 1522 185; x_wconf 75' lang='lat' dir='ltr'><strong>aliquid</strong></span> <span class='ocrx_word' id='word_1_18' title='bbox 1537 152 1703 187; x_wconf 76' lang='lat' dir='ltr'><strong>designatur,</strong></span> <span class='ocrx_word' id='word_1_19' title='bbox 1716 154 1766 182; x_wconf 87' lang='lat' dir='ltr'><strong>licet</strong></span> 
     </span>
    </p>
   </div>
   <div class='ocr_carea' id='block_1_5' title="bbox 165 197 945 231">
    <p class='ocr_par' dir='ltr' id='par_1_5' title="bbox 165 197 945 231">
     <span class='ocr_line' id='line_1_5' title="bbox 165 197 945 231; baseline -0.003 -5"><span class='ocrx_word' id='word_1_20' title='bbox 165 206 249 226; x_wconf 76' lang='lat' dir='ltr'><strong>unum</strong></span> <span class='ocrx_word' id='word_1_21' title='bbox 264 198 394 226; x_wconf 90' lang='lat' dir='ltr'><strong>cherubin</strong></span> <span class='ocrx_word' id='word_1_22' title='bbox 405 205 436 224; x_wconf 82' lang='lat' dir='ltr'><strong>ex</strong></span> <span class='ocrx_word' id='word_1_23' title='bbox 453 197 538 225; x_wconf 89' lang='lat' dir='ltr'><strong>latere</strong></span> <span class='ocrx_word' id='word_1_24' title='bbox 554 199 621 231; x_wconf 87' lang='lat' dir='ltr'><strong>hoc;</strong></span> <span class='ocrx_word' id='word_1_25' title='bbox 638 203 665 225; x_wconf 88' lang='lat' dir='ltr'><strong>et</strong></span> <span class='ocrx_word' id='word_1_26' title='bbox 680 197 753 224; x_wconf 89' lang='lat' dir='ltr'><strong>aliud</strong></span> <span class='ocrx_word' id='word_1_27' title='bbox 765 197 895 224; x_wconf 84' lang='lat' dir='ltr'><strong>cherubin</strong></span> <span class='ocrx_word' id='word_1_28' title='bbox 914 205 945 224; x_wconf 81' lang='lat' dir='ltr'><strong>ex</strong></span> 
     </span>
    </p>
   </div>
   <div class='ocr_carea' id='block_1_6' title="bbox 165 242 945 278">
    <p class='ocr_par' dir='ltr' id='par_1_6' title="bbox 165 242 945 278">
     <span class='ocr_line' id='line_1_6' title="bbox 165 242 945 278; baseline -0.003 -7"><span class='ocrx_word' id='word_1_29' title='bbox 165 245 251 271; x_wconf 90' lang='lat' dir='ltr'><strong>latere</strong></span> <span class='ocrx_word' id='word_1_30' title='bbox 278 243 363 271; x_wconf 91' lang='lat' dir='ltr'><strong>altero</strong></span> <span class='ocrx_word' id='word_1_31' title='bbox 382 243 588 278; x_wconf 86' lang='lat' dir='ltr'><strong>propitiatorii:</strong></span> <span class='ocrx_word' id='word_1_32' title='bbox 609 248 637 270; x_wconf 90' lang='lat' dir='ltr'><strong>et</strong></span> <span class='ocrx_word' id='word_1_33' title='bbox 660 243 744 270; x_wconf 89' lang='lat' dir='ltr'><strong>facies</strong></span> <span class='ocrx_word' id='word_1_34' title='bbox 762 248 791 269; x_wconf 93' lang='lat' dir='ltr'><strong>ut</strong></span> <span class='ocrx_word' id='word_1_35' title='bbox 815 242 945 270; x_wconf 82' lang='lat' dir='ltr'><strong>cherubin</strong></span> 
     </span>
    </p>
   </div>
   <div class='ocr_carea' id='block_1_7' title="bbox 164 287 945 322">
    <p class='ocr_par' dir='ltr' id='par_1_7' title="bbox 164 287 945 322">
     <span class='ocr_line' id='line_1_7' title="bbox 164 287 945 322; baseline -0.003 -7"><span class='ocrx_word' id='word_1_36' title='bbox 164 289 218 316; x_wconf 91' lang='lat' dir='ltr'><strong>duo</strong></span> <span class='ocrx_word' id='word_1_37' title='bbox 231 289 284 315; x_wconf 87' lang='lat' dir='ltr'><strong>sint</strong></span> <span class='ocrx_word' id='word_1_38' title='bbox 296 296 330 315; x_wconf 82' lang='lat' dir='ltr'><strong>ex</strong></span> <span class='ocrx_word' id='word_1_39' title='bbox 346 287 449 314; x_wconf 88' lang='lat' dir='ltr'><strong>duobus</strong></span> <span class='ocrx_word' id='word_1_40' title='bbox 473 287 604 315; x_wconf 89' lang='lat' dir='ltr'><strong>lateribus</strong></span> <span class='ocrx_word' id='word_1_41' title='bbox 626 288 684 322; x_wconf 87' lang='lat' dir='ltr'><strong>ejus</strong></span> <span class='ocrx_word' id='word_1_42' title='bbox 696 287 869 314; x_wconf 82' lang='lat' dir='ltr'><strong>extendentia</strong></span> <span class='ocrx_word' id='word_1_43' title='bbox 887 288 945 314; x_wconf 88' lang='lat' dir='ltr'><strong>alas</strong></span> 
     </span>
    </p>
   </div>
   <div class='ocr_carea' id='block_1_8' title="bbox 164 332 945 368">
    <p class='ocr_par' dir='ltr' id='par_1_8' title="bbox 164 332 945 368">
     <span class='ocr_line' id='line_1_8' title="bbox 164 332 945 368; baseline 0 -8"><span class='ocrx_word' id='word_1_44' title='bbox 164 341 238 366; x_wconf 84' lang='lat' dir='ltr'><strong>suas,</strong></span> <span class='ocrx_word' id='word_1_45' title='bbox 250 338 275 361; x_wconf 89' lang='lat' dir='ltr'><strong>et</strong></span> <span class='ocrx_word' id='word_1_46' title='bbox 286 333 476 360; x_wconf 89' lang='lat' dir='ltr'><strong>obumbrantia</strong></span> <span class='ocrx_word' id='word_1_47' title='bbox 491 341 572 368; x_wconf 87' lang='lat' dir='ltr'><strong>super</strong></span> <span class='ocrx_word' id='word_1_48' title='bbox 584 333 800 368; x_wconf 87' lang='lat' dir='ltr'><strong>propitiatoriutn</strong></span> <span class='ocrx_word' id='word_1_49' title='bbox 809 341 815 358; x_wconf 90' lang='lat'><strong>:</strong></span> <span class='ocrx_word' id='word_1_50' title='bbox 824 337 850 359; x_wconf 89' lang='lat' dir='ltr'><strong>et</strong></span> <span class='ocrx_word' id='word_1_51' title='bbox 863 332 945 360; x_wconf 81' lang='lat' dir='ltr'><strong>facies</strong></span> 
     </span>
    </p>
   </div>
   <div class='ocr_carea' id='block_1_9' title="bbox 163 378 944 414">
    <p class='ocr_par' dir='ltr' id='par_1_9' title="bbox 163 378 944 414">
     <span class='ocr_line' id='line_1_9' title="bbox 163 378 944 414; baseline 0 -8"><span class='ocrx_word' id='word_1_52' title='bbox 163 387 217 406; x_wconf 70' lang='lat' dir='ltr'><strong>suae</strong></span> <span class='ocrx_word' id='word_1_53' title='bbox 234 383 328 406; x_wconf 89' lang='lat' dir='ltr'><strong>contra</strong></span> <span class='ocrx_word' id='word_1_54' title='bbox 344 385 372 406; x_wconf 85' lang='lat' dir='ltr'><strong>se</strong></span> <span class='ocrx_word' id='word_1_55' title='bbox 385 387 466 414; x_wconf 84' lang='lat' dir='ltr'><strong>super</strong></span> <span class='ocrx_word' id='word_1_56' title='bbox 481 379 700 413; x_wconf 91' lang='lat' dir='ltr'><strong>propitiatoriurn</strong></span> <span class='ocrx_word' id='word_1_57' title='bbox 714 383 803 406; x_wconf 90' lang='lat' dir='ltr'><strong>erunt.</strong></span> <span class='ocrx_word' id='word_1_58' title='bbox 815 378 850 405; x_wconf 86' lang='lat' dir='ltr'><strong>Et</strong></span> <span class='ocrx_word' id='word_1_59' title='bbox 860 379 944 406; x_wconf 91' lang='lat' dir='ltr'><strong>facies</strong></span> 
     </span>
    </p>
   </div>
   <div class='ocr_carea' id='block_1_10' title="bbox 161 424 942 460">
    <p class='ocr_par' dir='ltr' id='par_1_10' title="bbox 161 424 942 460">
     <span class='ocr_line' id='line_1_10' title="bbox 161 424 942 460; baseline 0.001 -9"><span class='ocrx_word' id='word_1_60' title='bbox 161 424 303 458; x_wconf 84' lang='lat' dir='ltr'><strong>cherubin,</strong></span> <span class='ocrx_word' id='word_1_61' title='bbox 321 429 349 452; x_wconf 89' lang='lat' dir='ltr'><strong>et</strong></span> <span class='ocrx_word' id='word_1_62' title='bbox 362 425 484 460; x_wconf 86' lang='lat' dir='ltr'><strong>impones</strong></span> <span class='ocrx_word' id='word_1_63' title='bbox 498 425 713 459; x_wconf 88' lang='lat' dir='ltr'><strong>propitiatoriurn</strong></span> <span class='ocrx_word' id='word_1_64' title='bbox 737 433 818 459; x_wconf 85' lang='lat' dir='ltr'><strong>super</strong></span> <span class='ocrx_word' id='word_1_65' title='bbox 840 433 942 458; x_wconf 84' lang='lat' dir='ltr'><strong>aream,</strong></span> 
     </span>
    </p>
   </div>
   <div class='ocr_carea' id='block_1_11' title="bbox 159 471 942 506">
    <p class='ocr_par' dir='ltr' id='par_1_11' title="bbox 159 471 942 506">
     <span class='ocr_line' id='line_1_11' title="bbox 159 471 942 506; baseline 0.003 -9"><span class='ocrx_word' id='word_1_66' title='bbox 159 471 228 497; x_wconf 88' lang='lat' dir='ltr'><strong>etin</strong></span> <span class='ocrx_word' id='word_1_67' title='bbox 244 478 336 498; x_wconf 87' lang='lat' dir='ltr'><strong>arcam</strong></span> <span class='ocrx_word' id='word_1_68' title='bbox 357 471 448 498; x_wconf 90' lang='lat' dir='ltr'><strong>mittes</strong></span> <span class='ocrx_word' id='word_1_69' title='bbox 475 471 629 498; x_wconf 87' lang='lat' dir='ltr'><strong>testimonia</strong></span> <span class='ocrx_word' id='word_1_70' title='bbox 653 480 713 506; x_wconf 79' lang='lat' dir='ltr'><strong>qua:</strong></span> <span class='ocrx_word' id='word_1_71' title='bbox 736 472 806 499; x_wconf 89' lang='lat' dir='ltr'><strong>dabo</strong></span> <span class='ocrx_word' id='word_1_72' title='bbox 827 473 874 499; x_wconf 91' lang='lat' dir='ltr'><strong>tibi</strong></span> <span class='ocrx_word' id='word_1_73' title='bbox 892 480 900 499; x_wconf 88' lang='lat'><strong>:</strong></span> <span class='ocrx_word' id='word_1_74' title='bbox 915 478 942 500; x_wconf 88' lang='lat' dir='ltr'><strong>et</strong></span> 
     </span>
    </p>
   </div>
   <div class='ocr_carea' id='block_1_12' title="bbox 159 517 940 552">
    <p class='ocr_par' dir='ltr' id='par_1_12' title="bbox 159 517 940 552">
     <span class='ocr_line' id='line_1_12' title="bbox 159 517 940 552; baseline 0 -9"><span class='ocrx_word' id='word_1_75' title='bbox 159 517 329 544; x_wconf 86' lang='lat' dir='ltr'><strong>innotescam</strong></span> <span class='ocrx_word' id='word_1_76' title='bbox 347 517 404 552; x_wconf 92' lang='lat'><strong>(77)</strong></span> <span class='ocrx_word' id='word_1_77' title='bbox 422 517 469 544; x_wconf 89' lang='lat' dir='ltr'><strong>tibi</strong></span> <span class='ocrx_word' id='word_1_78' title='bbox 485 518 556 551; x_wconf 89' lang='lat' dir='ltr'><strong>inde,</strong></span> <span class='ocrx_word' id='word_1_79' title='bbox 566 522 593 545; x_wconf 89' lang='lat' dir='ltr'><strong>et</strong></span> <span class='ocrx_word' id='word_1_80' title='bbox 606 517 703 552; x_wconf 86' lang='lat' dir='ltr'><strong>loquar</strong></span> <span class='ocrx_word' id='word_1_81' title='bbox 720 519 752 545; x_wconf 88' lang='lat' dir='ltr'><strong>ad</strong></span> <span class='ocrx_word' id='word_1_82' title='bbox 765 523 790 545; x_wconf 92' lang='lat' dir='ltr'><strong>te</strong></span> <span class='ocrx_word' id='word_1_83' title='bbox 801 518 940 545; x_wconf 73' lang='lat' dir='ltr'><strong>desursum</strong></span> 
     </span>
    </p>
   </div>
   <div class='ocr_carea' id='block_1_13' title="bbox 158 563 941 598">
    <p class='ocr_par' dir='ltr' id='par_1_13' title="bbox 158 563 941 598">
     <span class='ocr_line' id='line_1_13' title="bbox 158 563 941 598; baseline 0.001 -9"><span class='ocrx_word' id='word_1_84' title='bbox 158 570 240 597; x_wconf 91' lang='lat' dir='ltr'><strong>super</strong></span> <span class='ocrx_word' id='word_1_85' title='bbox 252 563 471 598; x_wconf 78' lang='lat' dir='ltr'><strong>propitiatorio-nt</strong></span> <span class='ocrx_word' id='word_1_86' title='bbox 490 563 561 590; x_wconf 88' lang='lat' dir='ltr'><strong>inter</strong></span> <span class='ocrx_word' id='word_1_87' title='bbox 579 564 697 590; x_wconf 90' lang='lat' dir='ltr'><strong>medium</strong></span> <span class='ocrx_word' id='word_1_88' title='bbox 714 564 827 590; x_wconf 91' lang='lat' dir='ltr'><strong>duorum</strong></span> <span class='ocrx_word' id='word_1_89' title='bbox 844 564 941 590; x_wconf 90' lang='lat' dir='ltr'><strong>cheru—</strong></span> 
     </span>
    </p>
   </div>
   <div class='ocr_carea' id='block_1_14' title="bbox 157 609 938 644">
    <p class='ocr_par' dir='ltr' id='par_1_14' title="bbox 157 609 938 644">
     <span class='ocr_line' id='line_1_14' title="bbox 157 609 938 644; baseline 0.001 -9"><span class='ocrx_word' id='word_1_90' title='bbox 157 609 202 636; x_wconf 94' lang='lat' dir='ltr'><strong>bin</strong></span> <span class='ocrx_word' id='word_1_91' title='bbox 219 617 280 644; x_wconf 60' lang='lat' dir='ltr'><strong>quae</strong></span> <span class='ocrx_word' id='word_1_92' title='bbox 295 615 358 637; x_wconf 90' lang='lat' dir='ltr'><strong>sunt</strong></span> <span class='ocrx_word' id='word_1_93' title='bbox 376 617 458 644; x_wconf 78' lang='lat' dir='ltr'><strong>Super</strong></span> <span class='ocrx_word' id='word_1_94' title='bbox 475 617 567 637; x_wconf 87' lang='lat' dir='ltr'><strong>arcam</strong></span> <span class='ocrx_word' id='word_1_95' title='bbox 594 611 763 640; x_wconf 75' lang='lat' dir='ltr'><strong>testamenti.</strong></span> <span class='ocrx_word' id='word_1_96' title='bbox 791 612 938 637; x_wconf 84' lang='lat' dir='ltr'><strong>secundum</strong></span> 
     </span>
    </p>
   </div>
   <div class='ocr_carea' id='block_1_15' title="bbox 157 654 936 689">
    <p class='ocr_par' dir='ltr' id='par_1_15' title="bbox 157 654 936 689">
     <span class='ocr_line' id='line_1_15' title="bbox 157 654 936 689; baseline 0 -9"><span class='ocrx_word' id='word_1_97' title='bbox 157 654 248 680; x_wconf 80' lang='lat' dir='ltr'><strong>omnia</strong></span> <span class='ocrx_word' id='word_1_98' title='bbox 268 654 322 689; x_wconf 83' lang='lat'><strong>(78)</strong></span> <span class='ocrx_word' id='word_1_99' title='bbox 337 662 397 689; x_wconf 72' lang='lat' dir='ltr'><strong>qua:</strong></span> <span class='ocrx_word' id='word_1_100' title='bbox 417 655 573 689; x_wconf 66' lang='lat' dir='ltr'><strong>praecipiam</strong></span> <span class='ocrx_word' id='word_1_101' title='bbox 588 655 634 682; x_wconf 91' lang='lat' dir='ltr'><strong>tibi</strong></span> <span class='ocrx_word' id='word_1_102' title='bbox 647 655 679 681; x_wconf 89' lang='lat' dir='ltr'><strong>ad</strong></span> <span class='ocrx_word' id='word_1_103' title='bbox 696 654 763 681; x_wconf 82' lang='lat' dir='ltr'><strong>ﬁlios</strong></span> <span class='ocrx_word' id='word_1_104' title='bbox 779 655 859 683; x_wconf 86' lang='lat' dir='ltr'><strong>Israel</strong></span> <span class='ocrx_word' id='word_1_105' title='bbox 876 655 909 681; x_wconf 74' lang='lat'><strong>&#39;“.</strong></span> <span class='ocrx_word' id='word_1_106' title='bbox 927 664 936 680; x_wconf 75' lang='grc' dir='ltr'><strong>ι</strong></span> 
     </span>
    </p>
   </div>
   <div class='ocr_carea' id='block_1_16' title="bbox 159 699 939 735">
    <p class='ocr_par' dir='ltr' id='par_1_16' title="bbox 159 699 939 735">
     <span class='ocr_line' id='line_1_16' title="bbox 159 699 939 735; baseline 0 -9"><span class='ocrx_word' id='word_1_107' title='bbox 159 699 305 726; x_wconf 78' lang='lat' dir='ltr'><strong>Evidenter</strong></span> <span class='ocrx_word' id='word_1_108' title='bbox 318 706 430 735; x_wconf 79' lang='lat' dir='ltr'><strong>apparet</strong></span> <span class='ocrx_word' id='word_1_109' title='bbox 448 701 519 735; x_wconf 90' lang='lat' dir='ltr'><strong>quod</strong></span> <span class='ocrx_word' id='word_1_110' title='bbox 537 708 635 727; x_wconf 85' lang='lat' dir='ltr'><strong>nomen</strong></span> <span class='ocrx_word' id='word_1_111' title='bbox 663 702 841 735; x_wconf 81' lang='lat' dir='ltr'><strong>propitiatorii</strong></span> <span class='ocrx_word' id='word_1_112' title='bbox 867 702 939 735; x_wconf 78' lang='lat' dir='ltr'><strong>Apo-</strong></span> 
     </span>
    </p>
   </div>
   <div class='ocr_carea' id='block_1_17' title="bbox 157 743 937 778">
    <p class='ocr_par' dir='ltr' id='par_1_17' title="bbox 157 743 937 778">
     <span class='ocr_line' id='line_1_17' title="bbox 157 743 937 778; baseline 0.001 -7"><span class='ocrx_word' id='word_1_113' title='bbox 157 743 243 772; x_wconf 75' lang='lat' dir='ltr'><strong>stolus</strong></span> <span class='ocrx_word' id='word_1_114' title='bbox 256 744 283 771; x_wconf 94' lang='lat' dir='ltr'><strong>in</strong></span> <span class='ocrx_word' id='word_1_115' title='bbox 300 744 342 772; x_wconf 89' lang='lat' dir='ltr'><strong>his</strong></span> <span class='ocrx_word' id='word_1_116' title='bbox 365 745 432 772; x_wconf 91' lang='lat' dir='ltr'><strong>locis</strong></span> <span class='ocrx_word' id='word_1_117' title='bbox 447 746 596 778; x_wconf 89' lang='lat' dir='ltr'><strong>inventum,</strong></span> <span class='ocrx_word' id='word_1_118' title='bbox 620 746 645 772; x_wconf 91' lang='lat' dir='ltr'><strong>in</strong></span> <span class='ocrx_word' id='word_1_119' title='bbox 659 746 716 773; x_wconf 85' lang='lat' dir='ltr'><strong>suis</strong></span> <span class='ocrx_word' id='word_1_120' title='bbox 739 754 810 773; x_wconf 92' lang='lat' dir='ltr'><strong>nunc</strong></span> <span class='ocrx_word' id='word_1_121' title='bbox 825 746 937 773; x_wconf 84' lang='lat' dir='ltr'><strong>Litteris</strong></span> 
     </span>
    </p>
   </div>
   <div class='ocr_carea' id='block_1_18' title="bbox 155 789 936 826">
    <p class='ocr_par' dir='ltr' id='par_1_18' title="bbox 155 789 936 826">
     <span class='ocr_line' id='line_1_18' title="bbox 155 789 936 826; baseline 0.004 -11"><span class='ocrx_word' id='word_1_122' title='bbox 155 789 244 822; x_wconf 82' lang='lat' dir='ltr'><strong>posuit</strong></span> <span class='ocrx_word' id='word_1_123' title='bbox 255 789 288 817; x_wconf 90' lang='lat' dir='ltr'><strong>de</strong></span> <span class='ocrx_word' id='word_1_124' title='bbox 307 797 361 824; x_wconf 92' lang='lat' dir='ltr'><strong>quo</strong></span> <span class='ocrx_word' id='word_1_125' title='bbox 373 791 451 817; x_wconf 90' lang='lat' dir='ltr'><strong>nobis</strong></span> <span class='ocrx_word' id='word_1_126' title='bbox 465 798 555 818; x_wconf 88' lang='lat' dir='ltr'><strong>sermo</strong></span> <span class='ocrx_word' id='word_1_127' title='bbox 573 796 625 818; x_wconf 85' lang='lat' dir='ltr'><strong>est.</strong></span> <span class='ocrx_word' id='word_1_128' title='bbox 640 791 673 817; x_wconf 89' lang='lat' dir='ltr'><strong>Et</strong></span> <span class='ocrx_word' id='word_1_129' title='bbox 685 791 793 818; x_wconf 88' lang='lat' dir='ltr'><strong>videtur</strong></span> <span class='ocrx_word' id='word_1_130' title='bbox 807 792 936 826; x_wconf 84' lang='lat' dir='ltr'><strong>propitia-</strong></span> 
     </span>
    </p>
   </div>
   <div class='ocr_carea' id='block_1_19' title="bbox 156 835 935 870">
    <p class='ocr_par' dir='ltr' id='par_1_19' title="bbox 156 835 935 870">
     <span class='ocr_line' id='line_1_19' title="bbox 156 835 935 870; baseline 0.004 -9"><span class='ocrx_word' id='word_1_131' title='bbox 156 835 252 862; x_wconf 86' lang='lat' dir='ltr'><strong>torium</strong></span> <span class='ocrx_word' id='word_1_132' title='bbox 268 836 330 869; x_wconf 87' lang='lat' dir='ltr'><strong>hoc,</strong></span> <span class='ocrx_word' id='word_1_133' title='bbox 347 836 379 863; x_wconf 83' lang='lat' dir='ltr'><strong>de</strong></span> <span class='ocrx_word' id='word_1_134' title='bbox 395 844 449 870; x_wconf 81' lang='lat' dir='ltr'><strong>quo</strong></span> <span class='ocrx_word' id='word_1_135' title='bbox 462 836 595 870; x_wconf 88' lang='lat' dir='ltr'><strong>scriptum</strong></span> <span class='ocrx_word' id='word_1_136' title='bbox 609 841 651 863; x_wconf 90' lang='lat' dir='ltr'><strong>est</strong></span> <span class='ocrx_word' id='word_1_137' title='bbox 666 837 691 864; x_wconf 91' lang='lat' dir='ltr'><strong>in</strong></span> <span class='ocrx_word' id='word_1_138' title='bbox 709 836 811 870; x_wconf 77' lang='lat' dir='ltr'><strong>Exodo,</strong></span> <span class='ocrx_word' id='word_1_139' title='bbox 826 838 858 864; x_wconf 84' lang='lat' dir='ltr'><strong>ad</strong></span> <span class='ocrx_word' id='word_1_140' title='bbox 878 839 935 864; x_wconf 92' lang='lat' dir='ltr'><strong>nul-</strong></span> 
     </span>
    </p>
   </div>
   <div class='ocr_carea' id='block_1_20' title="bbox 158 881 934 912">
    <p class='ocr_par' dir='ltr' id='par_1_20' title="bbox 158 881 934 912">
     <span class='ocr_line' id='line_1_20' title="bbox 158 881 934 912; baseline 0.006 -5"><span class='ocrx_word' id='word_1_141' title='bbox 158 882 210 908; x_wconf 85' lang='lat' dir='ltr'><strong>lum</strong></span> <span class='ocrx_word' id='word_1_142' title='bbox 231 881 282 909; x_wconf 89' lang='lat' dir='ltr'><strong>nisi</strong></span> <span class='ocrx_word' id='word_1_143' title='bbox 307 882 340 909; x_wconf 87' lang='lat' dir='ltr'><strong>ad</strong></span> <span class='ocrx_word' id='word_1_144' title='bbox 369 883 539 910; x_wconf 89' lang='lat' dir='ltr'><strong>Salvatorem</strong></span> <span class='ocrx_word' id='word_1_145' title='bbox 564 884 706 910; x_wconf 88' lang='lat' dir='ltr'><strong>Dornirnnn</strong></span> <span class='ocrx_word' id='word_1_146' title='bbox 733 885 856 912; x_wconf 81' lang='lat' dir='ltr'><strong>retulisse</strong></span> <span class='ocrx_word' id='word_1_147' title='bbox 873 894 934 912; x_wconf 89' lang='lat' dir='ltr'><strong>etttn</strong></span> 
     </span>
    </p>
   </div>
   <div class='ocr_carea' id='block_1_21' title="bbox 154 925 935 964">
    <p class='ocr_par' dir='ltr' id='par_1_21' title="bbox 154 925 935 964">
     <span class='ocr_line' id='line_1_21' title="bbox 154 925 935 964; baseline 0.008 -14"><span class='ocrx_word' id='word_1_148' title='bbox 154 925 230 958; x_wconf 80' lang='lat' dir='ltr'><strong>dicit,</strong></span> <span class='ocrx_word' id='word_1_149' title='bbox 255 925 318 959; x_wconf 90' lang='lat' dir='ltr'><strong>quia</strong></span> <span class='ocrx_word' id='word_1_150' title='bbox 335 925 406 953; x_wconf 94' lang='lat' dir='ltr'><strong>hunc</strong></span> <span class='ocrx_word' id='word_1_151' title='bbox 423 927 513 961; x_wconf 86' lang='lat' dir='ltr'><strong>posuit</strong></span> <span class='ocrx_word' id='word_1_152' title='bbox 530 936 539 952; x_wconf 86' lang='grc'><strong>‹</strong></span> <span class='ocrx_word' id='word_1_153' title='bbox 556 927 627 954; x_wconf 90' lang='lat' dir='ltr'><strong>Deus</strong></span> <span class='ocrx_word' id='word_1_154' title='bbox 647 929 864 962; x_wconf 87' lang='lat' dir='ltr'><strong>propitiatorium</strong></span> <span class='ocrx_word' id='word_1_155' title='bbox 886 937 935 964; x_wconf 89' lang='lat' dir='ltr'><strong>per</strong></span> 
     </span>
    </p>
   </div>
   <div class='ocr_carea' id='block_1_22' title="bbox 152 970 934 1009">
    <p class='ocr_par' dir='ltr' id='par_1_22' title="bbox 152 970 934 1009">
     <span class='ocr_line' id='line_1_22' title="bbox 152 970 934 1009; baseline 0.008 -13"><span class='ocrx_word' id='word_1_156' title='bbox 152 970 232 997; x_wconf 83' lang='lat' dir='ltr'><strong>fidem</strong></span> <span class='ocrx_word' id='word_1_157' title='bbox 248 970 283 996; x_wconf 86' lang='grc'><strong>⁸⁹.</strong></span> <span class='ocrx_word' id='word_1_158' title='bbox 301 980 311 996; x_wconf 72' lang='grc' dir='ltr'><strong>ι</strong></span> <span class='ocrx_word' id='word_1_159' title='bbox 329 971 467 1005; x_wconf 85' lang='lat' dir='ltr'><strong>Quomodo</strong></span> <span class='ocrx_word' id='word_1_160' title='bbox 486 980 551 1000; x_wconf 88' lang='lat' dir='ltr'><strong>sane</strong></span> <span class='ocrx_word' id='word_1_161' title='bbox 580 974 658 1009; x_wconf 84' lang='lat' dir='ltr'><strong>hujus</strong></span> <span class='ocrx_word' id='word_1_162' title='bbox 676 974 731 1001; x_wconf 91' lang='lat' dir='ltr'><strong>veri</strong></span> <span class='ocrx_word' id='word_1_163' title='bbox 756 975 934 1009; x_wconf 86' lang='lat' dir='ltr'><strong>propitiatorii</strong></span> 
     </span>
    </p>
   </div>
   <div class='ocr_carea' id='block_1_23' title="bbox 151 1014 932 1052">
    <p class='ocr_par' dir='ltr' id='par_1_23' title="bbox 151 1014 932 1052">
     <span class='ocr_line' id='line_1_23' title="bbox 151 1014 932 1052; baseline 0.009 -12"><span class='ocrx_word' id='word_1_164' title='bbox 151 1014 237 1041; x_wconf 92' lang='lat' dir='ltr'><strong>forma</strong></span> <span class='ocrx_word' id='word_1_165' title='bbox 254 1020 282 1042; x_wconf 91' lang='lat' dir='ltr'><strong>et</strong></span> <span class='ocrx_word' id='word_1_166' title='bbox 293 1015 376 1050; x_wconf 81' lang='lat' dir='ltr'><strong>figura</strong></span> <span class='ocrx_word' id='word_1_167' title='bbox 389 1015 470 1043; x_wconf 90' lang='lat' dir='ltr'><strong>fuerit</strong></span> <span class='ocrx_word' id='word_1_168' title='bbox 487 1017 549 1043; x_wconf 88' lang='lat' dir='ltr'><strong>illttd</strong></span> <span class='ocrx_word' id='word_1_169' title='bbox 561 1019 633 1052; x_wconf 90' lang='lat' dir='ltr'><strong>quod</strong></span> <span class='ocrx_word' id='word_1_170' title='bbox 648 1019 674 1046; x_wconf 92' lang='lat' dir='ltr'><strong>in</strong></span> <span class='ocrx_word' id='word_1_171' title='bbox 690 1019 784 1046; x_wconf 67' lang='lat' dir='ltr'><strong>Exodo</strong></span> <span class='ocrx_word' id='word_1_172' title='bbox 799 1020 932 1047; x_wconf 84' lang='lat' dir='ltr'><strong>describi-</strong></span> 
     </span>
    </p>
   </div>
   <div class='ocr_carea' id='block_1_24' title="bbox 151 1061 934 1100">
    <p class='ocr_par' dir='ltr' id='par_1_24' title="bbox 151 1061 934 1100">
     <span class='ocr_line' id='line_1_24' title="bbox 151 1061 934 1100; baseline 0.011 -15"><span class='ocrx_word' id='word_1_173' title='bbox 151 1064 195 1086; x_wconf 92' lang='lat' dir='ltr'><strong>tur</strong></span> <span class='ocrx_word' id='word_1_174' title='bbox 211 1061 233 1076; x_wconf 85' lang='lat'><strong>‘°</strong></span> <span class='ocrx_word' id='word_1_175' title='bbox 245 1068 277 1087; x_wconf 80' lang='lat' dir='ltr'><strong>ex</strong></span> <span class='ocrx_word' id='word_1_176' title='bbox 291 1068 357 1088; x_wconf 92' lang='lat' dir='ltr'><strong>auro</strong></span> <span class='ocrx_word' id='word_1_177' title='bbox 370 1063 514 1096; x_wconf 81' lang='lat' dir='ltr'><strong>purissimo</strong></span> <span class='ocrx_word' id='word_1_178' title='bbox 536 1064 646 1098; x_wconf 86' lang='lat' dir='ltr'><strong>factum,</strong></span> <span class='ocrx_word' id='word_1_179' title='bbox 661 1073 747 1099; x_wconf 68' lang='lat' dir='ltr'><strong>opera:</strong></span> <span class='ocrx_word' id='word_1_180' title='bbox 759 1066 873 1100; x_wconf 78' lang='lat' dir='ltr'><strong>pretium</strong></span> <span class='ocrx_word' id='word_1_181' title='bbox 892 1071 934 1094; x_wconf 87' lang='lat' dir='ltr'><strong>est</strong></span> 
     </span>
    </p>
   </div>
   <div class='ocr_carea' id='block_1_25' title="bbox 150 1106 931 1146">
    <p class='ocr_par' dir='ltr' id='par_1_25' title="bbox 150 1106 931 1146">
     <span class='ocr_line' id='line_1_25' title="bbox 150 1106 931 1146; baseline 0.009 -14"><span class='ocrx_word' id='word_1_182' title='bbox 150 1106 323 1142; x_wconf 78' lang='lat' dir='ltr'><strong>investigare.</strong></span> <span class='ocrx_word' id='word_1_183' title='bbox 344 1107 378 1134; x_wconf 85' lang='lat' dir='ltr'><strong>Et</strong></span> <span class='ocrx_word' id='word_1_184' title='bbox 402 1108 489 1142; x_wconf 88' lang='lat' dir='ltr'><strong>primo</strong></span> <span class='ocrx_word' id='word_1_185' title='bbox 505 1109 612 1144; x_wconf 82' lang='lat' dir='ltr'><strong>quidem</strong></span> <span class='ocrx_word' id='word_1_186' title='bbox 632 1111 855 1138; x_wconf 83' lang='lat' dir='ltr'><strong>considerandum</strong></span> <span class='ocrx_word' id='word_1_187' title='bbox 879 1117 931 1146; x_wconf 88' lang='lat' dir='ltr'><strong>est,</strong></span> 
     </span>
    </p>
   </div>
   <div class='ocr_carea' id='block_1_26' title="bbox 148 1151 931 1191">
    <p class='ocr_par' dir='ltr' id='par_1_26' title="bbox 148 1151 931 1191">
     <span class='ocr_line' id='line_1_26' title="bbox 148 1151 931 1191; baseline 0.008 -13"><span class='ocrx_word' id='word_1_188' title='bbox 148 1151 247 1186; x_wconf 87' lang='lat' dir='ltr'><strong>quibus</strong></span> <span class='ocrx_word' id='word_1_189' title='bbox 271 1153 297 1179; x_wconf 94' lang='lat' dir='ltr'><strong>in</strong></span> <span class='ocrx_word' id='word_1_190' title='bbox 314 1152 382 1181; x_wconf 85' lang='lat' dir='ltr'><strong>locis</strong></span> <span class='ocrx_word' id='word_1_191' title='bbox 402 1161 498 1181; x_wconf 90' lang='lat' dir='ltr'><strong>aurum</strong></span> <span class='ocrx_word' id='word_1_192' title='bbox 514 1156 584 1189; x_wconf 91' lang='lat' dir='ltr'><strong>quod</strong></span> <span class='ocrx_word' id='word_1_193' title='bbox 614 1156 640 1182; x_wconf 93' lang='lat' dir='ltr'><strong>in</strong></span> <span class='ocrx_word' id='word_1_194' title='bbox 667 1164 749 1190; x_wconf 88' lang='lat' dir='ltr'><strong>opere</strong></span> <span class='ocrx_word' id='word_1_195' title='bbox 775 1158 931 1191; x_wconf 85' lang='lat' dir='ltr'><strong>assumitur,</strong></span> 
     </span>
    </p>
   </div>
   <div class='ocr_carea' id='block_1_27' title="bbox 149 1199 930 1234">
    <p class='ocr_par' dir='ltr' id='par_1_27' title="bbox 149 1199 930 1234">
     <span class='ocr_line' id='line_1_27' title="bbox 149 1199 930 1234; baseline 0.009 -11"><span class='ocrx_word' id='word_1_196' title='bbox 149 1205 245 1224; x_wconf 87' lang='lat' dir='ltr'><strong>aurttm</strong></span> <span class='ocrx_word' id='word_1_197' title='bbox 258 1206 354 1233; x_wconf 90' lang='lat' dir='ltr'><strong>purum</strong></span> <span class='ocrx_word' id='word_1_198' title='bbox 372 1199 477 1227; x_wconf 90' lang='lat' dir='ltr'><strong>dicatur</strong></span> <span class='ocrx_word' id='word_1_199' title='bbox 492 1210 498 1227; x_wconf 91' lang='lat'><strong>:</strong></span> <span class='ocrx_word' id='word_1_200' title='bbox 518 1201 617 1234; x_wconf 89' lang='lat' dir='ltr'><strong>quibus</strong></span> <span class='ocrx_word' id='word_1_201' title='bbox 634 1209 698 1228; x_wconf 88' lang='lat' dir='ltr'><strong>vero</strong></span> <span class='ocrx_word' id='word_1_202' title='bbox 713 1203 738 1228; x_wconf 95' lang='lat' dir='ltr'><strong>in</strong></span> <span class='ocrx_word' id='word_1_203' title='bbox 757 1202 823 1230; x_wconf 88' lang='lat' dir='ltr'><strong>locis</strong></span> <span class='ocrx_word' id='word_1_204' title='bbox 835 1211 930 1230; x_wconf 92' lang='lat' dir='ltr'><strong>aurum</strong></span> 
     </span>
    </p>
   </div>
   <div class='ocr_carea' id='block_1_28' title="bbox 146 1244 931 1284">
    <p class='ocr_par' dir='ltr' id='par_1_28' title="bbox 146 1244 931 1284">
     <span class='ocr_line' id='line_1_28' title="bbox 146 1244 931 1284; baseline 0.008 -15"><span class='ocrx_word' id='word_1_205' title='bbox 146 1244 336 1271; x_wconf 83' lang='lat' dir='ltr'><strong>tantummodo</strong></span> <span class='ocrx_word' id='word_1_206' title='bbox 347 1244 407 1272; x_wconf 89' lang='lat' dir='ltr'><strong>sine</strong></span> <span class='ocrx_word' id='word_1_207' title='bbox 417 1245 468 1272; x_wconf 89' lang='lat' dir='ltr'><strong>ulla</strong></span> <span class='ocrx_word' id='word_1_208' title='bbox 480 1246 631 1282; x_wconf 87' lang='lat' dir='ltr'><strong>adjectiorte</strong></span> <span class='ocrx_word' id='word_1_209' title='bbox 641 1252 765 1281; x_wconf 84' lang='lat' dir='ltr'><strong>ponatur.</strong></span> <span class='ocrx_word' id='word_1_210' title='bbox 777 1248 852 1280; x_wconf 86' lang='lat' dir='ltr'><strong>Quod</strong></span> <span class='ocrx_word' id='word_1_211' title='bbox 881 1257 931 1284; x_wconf 83' lang='lat' dir='ltr'><strong>ego</strong></span> 
     </span>
    </p>
   </div>
   <div class='ocr_carea' id='block_1_29' title="bbox 149 1288 930 1327">
    <p class='ocr_par' dir='ltr' id='par_1_29' title="bbox 149 1288 930 1327">
     <span class='ocr_line' id='line_1_29' title="bbox 149 1288 930 1327; baseline 0.009 -13"><span class='ocrx_word' id='word_1_212' title='bbox 149 1288 175 1314; x_wconf 95' lang='lat' dir='ltr'><strong>in</strong></span> <span class='ocrx_word' id='word_1_213' title='bbox 191 1288 313 1322; x_wconf 84' lang='lat' dir='ltr'><strong>pluribus</strong></span> <span class='ocrx_word' id='word_1_214' title='bbox 331 1290 491 1325; x_wconf 84' lang='lat' dir='ltr'><strong>observans,</strong></span> <span class='ocrx_word' id='word_1_215' title='bbox 513 1292 722 1327; x_wconf 85' lang='lat' dir='ltr'><strong>deprehendisse</strong></span> <span class='ocrx_word' id='word_1_216' title='bbox 744 1294 809 1321; x_wconf 91' lang='lat' dir='ltr'><strong>mihi</strong></span> <span class='ocrx_word' id='word_1_217' title='bbox 827 1295 930 1326; x_wconf 84' lang='lat' dir='ltr'><strong>videor,</strong></span> 
     </span>
    </p>
   </div>
   <div class='ocr_carea' id='block_1_30' title="bbox 148 1335 929 1373">
    <p class='ocr_par' dir='ltr' id='par_1_30' title="bbox 148 1335 929 1373">
     <span class='ocr_line' id='line_1_30' title="bbox 148 1335 929 1373; baseline 0.006 -12"><span class='ocrx_word' id='word_1_218' title='bbox 148 1335 222 1368; x_wconf 87' lang='lat' dir='ltr'><strong>quod</strong></span> <span class='ocrx_word' id='word_1_219' title='bbox 237 1335 322 1363; x_wconf 86' lang='lat' dir='ltr'><strong>sicubi</strong></span> <span class='ocrx_word' id='word_1_220' title='bbox 337 1343 397 1363; x_wconf 92' lang='lat' dir='ltr'><strong>eum</strong></span> <span class='ocrx_word' id='word_1_221' title='bbox 414 1337 568 1372; x_wconf 87' lang='lat' dir='ltr'><strong>adjectiorte</strong></span> <span class='ocrx_word' id='word_1_222' title='bbox 584 1346 680 1365; x_wconf 87' lang='lat' dir='ltr'><strong>aurum</strong></span> <span class='ocrx_word' id='word_1_223' title='bbox 701 1346 798 1373; x_wconf 88' lang='lat' dir='ltr'><strong>purum</strong></span> <span class='ocrx_word' id='word_1_224' title='bbox 814 1340 929 1372; x_wconf 89' lang='lat' dir='ltr'><strong>dicitur,</strong></span> 
     </span>
    </p>
   </div>
   <div class='ocr_carea' id='block_1_31' title="bbox 147 1379 929 1419">
    <p class='ocr_par' dir='ltr' id='par_1_31' title="bbox 147 1379 929 1419">
     <span class='ocr_line' id='line_1_31' title="bbox 147 1379 929 1419; baseline 0.008 -13"><span class='ocrx_word' id='word_1_225' title='bbox 147 1379 251 1407; x_wconf 82' lang='lat' dir='ltr'><strong>indicet</strong></span> <span class='ocrx_word' id='word_1_226' title='bbox 261 1386 383 1409; x_wconf 86' lang='lat' dir='ltr'><strong>sanctam</strong></span> <span class='ocrx_word' id='word_1_227' title='bbox 405 1382 478 1409; x_wconf 91' lang='lat' dir='ltr'><strong>illam</strong></span> <span class='ocrx_word' id='word_1_228' title='bbox 494 1386 522 1410; x_wconf 89' lang='lat' dir='ltr'><strong>et</strong></span> <span class='ocrx_word' id='word_1_229' title='bbox 534 1390 629 1418; x_wconf 88' lang='lat' dir='ltr'><strong>puram</strong></span> <span class='ocrx_word' id='word_1_230' title='bbox 642 1382 705 1412; x_wconf 86' lang='lat' dir='ltr'><strong>Jesu</strong></span> <span class='ocrx_word' id='word_1_231' title='bbox 723 1386 852 1416; x_wconf 87' lang='lat' dir='ltr'><strong>animam,</strong></span> <span class='ocrx_word' id='word_1_232' title='bbox 869 1393 929 1419; x_wconf 66' lang='lat' dir='ltr'><strong>qua:</strong></span> 
     </span>
    </p>
   </div>
   <div class='ocr_carea' id='block_1_32' title="bbox 150 1427 929 1461">
    <p class='ocr_par' dir='ltr' id='par_1_32' title="bbox 150 1427 929 1461">
     <span class='ocr_line' id='line_1_32' title="bbox 150 1427 929 1461; baseline 0.006 -10"><span class='ocrx_word' id='word_1_233' title='bbox 150 1433 161 1450; x_wconf 73' lang='grc' dir='ltr'><strong>ι</strong></span> <span class='ocrx_word' id='word_1_234' title='bbox 179 1431 319 1459; x_wconf 87' lang='lat' dir='ltr'><strong>peccatum</strong></span> <span class='ocrx_word' id='word_1_235' title='bbox 333 1435 387 1454; x_wconf 90' lang='lat' dir='ltr'><strong>non</strong></span> <span class='ocrx_word' id='word_1_236' title='bbox 405 1427 479 1461; x_wconf 88' lang='lat' dir='ltr'><strong>fecit,</strong></span> <span class='ocrx_word' id='word_1_237' title='bbox 497 1435 545 1455; x_wconf 88' lang='lat' dir='ltr'><strong>nec</strong></span> <span class='ocrx_word' id='word_1_238' title='bbox 557 1429 682 1456; x_wconf 89' lang='lat' dir='ltr'><strong>inventus</strong></span> <span class='ocrx_word' id='word_1_239' title='bbox 693 1434 735 1456; x_wconf 89' lang='lat' dir='ltr'><strong>est</strong></span> <span class='ocrx_word' id='word_1_240' title='bbox 748 1430 824 1457; x_wconf 87' lang='lat' dir='ltr'><strong>dolus</strong></span> <span class='ocrx_word' id='word_1_241' title='bbox 841 1430 866 1456; x_wconf 93' lang='lat' dir='ltr'><strong>in</strong></span> <span class='ocrx_word' id='word_1_242' title='bbox 879 1438 929 1456; x_wconf 87' lang='lat' dir='ltr'><strong>ore</strong></span> 
     </span>
    </p>
   </div>
   <div class='ocr_carea' id='block_1_33' title="bbox 998 196 1768 233">
    <p class='ocr_par' dir='ltr' id='par_1_33' title="bbox 998 196 1768 233">
     <span class='ocr_line' id='line_1_33' title="bbox 998 196 1768 233; baseline 0.008 -10"><span class='ocrx_word' id='word_1_243' title='bbox 998 197 1085 224; x_wconf 78' lang='lat' dir='ltr'><strong>minus</strong></span> <span class='ocrx_word' id='word_1_244' title='bbox 1103 198 1200 226; x_wconf 90' lang='lat' dir='ltr'><strong>tribus.</strong></span> <span class='ocrx_word' id='word_1_245' title='bbox 1223 196 1276 224; x_wconf 86' lang='lat' dir='ltr'><strong>Sed</strong></span> <span class='ocrx_word' id='word_1_246' title='bbox 1299 202 1326 225; x_wconf 86' lang='lat' dir='ltr'><strong>et</strong></span> <span class='ocrx_word' id='word_1_247' title='bbox 1342 198 1412 232; x_wconf 92' lang='lat' dir='ltr'><strong>quod</strong></span> <span class='ocrx_word' id='word_1_248' title='bbox 1437 197 1549 224; x_wconf 86' lang='lat' dir='ltr'><strong>latitudo</strong></span> <span class='ocrx_word' id='word_1_249' title='bbox 1570 198 1630 233; x_wconf 84' lang='lat' dir='ltr'><strong>ejus</strong></span> <span class='ocrx_word' id='word_1_250' title='bbox 1654 208 1730 227; x_wconf 85' lang='lat' dir='ltr'><strong>unum</strong></span> <span class='ocrx_word' id='word_1_251' title='bbox 1745 207 1768 229; x_wconf 88' lang='lat' dir='ltr'><strong>et</strong></span> 
     </span>
    </p>
   </div>
   <div class='ocr_carea' id='block_1_34' title="bbox 996 243 1767 280">
    <p class='ocr_par' dir='ltr' id='par_1_34' title="bbox 996 243 1767 280">
     <span class='ocr_line' id='line_1_34' title="bbox 996 243 1767 280; baseline 0.004 -10"><span class='ocrx_word' id='word_1_252' title='bbox 996 243 1138 270; x_wconf 84' lang='lat' dir='ltr'><strong>dimidium</strong></span> <span class='ocrx_word' id='word_1_253' title='bbox 1160 248 1327 270; x_wconf 87' lang='lat' dir='ltr'><strong>memoratur</strong></span> <span class='ocrx_word' id='word_1_254' title='bbox 1345 243 1467 270; x_wconf 92' lang='lat' dir='ltr'><strong>cubitum</strong></span> <span class='ocrx_word' id='word_1_255' title='bbox 1487 244 1609 277; x_wconf 86' lang='lat' dir='ltr'><strong>habere,</strong></span> <span class='ocrx_word' id='word_1_256' title='bbox 1637 251 1767 280; x_wconf 82' lang='lat' dir='ltr'><strong>propterea</strong></span> 
     </span>
    </p>
   </div>
   <div class='ocr_carea' id='block_1_35' title="bbox 996 288 1768 324">
    <p class='ocr_par' dir='ltr' id='par_1_35' title="bbox 996 288 1768 324">
     <span class='ocr_line' id='line_1_35' title="bbox 996 288 1768 324; baseline 0.005 -10"><span class='ocrx_word' id='word_1_257' title='bbox 996 288 1105 322; x_wconf 87' lang='lat' dir='ltr'><strong>quidem</strong></span> <span class='ocrx_word' id='word_1_258' title='bbox 1119 289 1151 316; x_wconf 90' lang='lat' dir='ltr'><strong>de</strong></span> <span class='ocrx_word' id='word_1_259' title='bbox 1166 289 1322 316; x_wconf 85' lang='lat' dir='ltr'><strong>monadeac</strong></span> <span class='ocrx_word' id='word_1_260' title='bbox 1337 289 1467 324; x_wconf 79' lang='lat' dir='ltr'><strong>singulari</strong></span> <span class='ocrx_word' id='word_1_261' title='bbox 1487 297 1534 316; x_wconf 81' lang='lat' dir='ltr'><strong>sua</strong></span> <span class='ocrx_word' id='word_1_262' title='bbox 1546 290 1668 317; x_wconf 79' lang='lat' dir='ltr'><strong>statione</strong></span> <span class='ocrx_word' id='word_1_263' title='bbox 1682 292 1768 318; x_wconf 84' lang='lat' dir='ltr'><strong>descri-</strong></span> 
     </span>
    </p>
   </div>
   <div class='ocr_carea' id='block_1_36' title="bbox 994 333 1766 371">
    <p class='ocr_par' dir='ltr' id='par_1_36' title="bbox 994 333 1766 371">
     <span class='ocr_line' id='line_1_36' title="bbox 994 333 1766 371; baseline 0.004 -11"><span class='ocrx_word' id='word_1_264' title='bbox 994 333 1079 366; x_wconf 81' lang='lat' dir='ltr'><strong>bitur,</strong></span> <span class='ocrx_word' id='word_1_265' title='bbox 1095 341 1147 360; x_wconf 91' lang='lat' dir='ltr'><strong>non</strong></span> <span class='ocrx_word' id='word_1_266' title='bbox 1167 338 1255 360; x_wconf 88' lang='lat' dir='ltr'><strong>tamen</strong></span> <span class='ocrx_word' id='word_1_267' title='bbox 1274 341 1308 360; x_wconf 82' lang='lat' dir='ltr'><strong>ex</strong></span> <span class='ocrx_word' id='word_1_268' title='bbox 1323 338 1379 360; x_wconf 91' lang='lat' dir='ltr'><strong>toto</strong></span> <span class='ocrx_word' id='word_1_269' title='bbox 1400 334 1426 360; x_wconf 92' lang='lat' dir='ltr'><strong>in</strong></span> <span class='ocrx_word' id='word_1_270' title='bbox 1442 334 1546 361; x_wconf 91' lang='lat' dir='ltr'><strong>dualem</strong></span> <span class='ocrx_word' id='word_1_271' title='bbox 1563 343 1713 368; x_wconf 87' lang='lat' dir='ltr'><strong>numerum,</strong></span> <span class='ocrx_word' id='word_1_272' title='bbox 1729 338 1766 371; x_wconf 85' lang='lat' dir='ltr'><strong>qui</strong></span> 
     </span>
    </p>
   </div>
   <div class='ocr_carea' id='block_1_37' title="bbox 995 378 1765 418">
    <p class='ocr_par' dir='ltr' id='par_1_37' title="bbox 995 378 1765 418">
     <span class='ocr_line' id='line_1_37' title="bbox 995 378 1765 418; baseline 0.006 -14"><span class='ocrx_word' id='word_1_273' title='bbox 995 378 1129 405; x_wconf 89' lang='lat' dir='ltr'><strong>interdutn</strong></span> <span class='ocrx_word' id='word_1_274' title='bbox 1141 379 1222 406; x_wconf 90' lang='lat' dir='ltr'><strong>etiam</strong></span> <span class='ocrx_word' id='word_1_275' title='bbox 1239 387 1287 414; x_wconf 91' lang='lat' dir='ltr'><strong>pro</strong></span> <span class='ocrx_word' id='word_1_276' title='bbox 1300 380 1444 406; x_wconf 89' lang='lat' dir='ltr'><strong>imnmndis</strong></span> <span class='ocrx_word' id='word_1_277' title='bbox 1452 381 1572 414; x_wconf 91' lang='lat' dir='ltr'><strong>ponitur,</strong></span> <span class='ocrx_word' id='word_1_278' title='bbox 1583 382 1765 418; x_wconf 69' lang='lat' dir='ltr'><strong>crevisse(80).</strong></span> 
     </span>
    </p>
   </div>
   <div class='ocr_carea' id='block_1_38' title="bbox 993 423 1765 463">
    <p class='ocr_par' dir='ltr' id='par_1_38' title="bbox 993 423 1765 463">
     <span class='ocr_line' id='line_1_38' title="bbox 993 423 1765 463; baseline 0.005 -12"><span class='ocrx_word' id='word_1_279' title='bbox 993 423 1122 457; x_wconf 84' lang='lat' dir='ltr'><strong>Quamvis</strong></span> <span class='ocrx_word' id='word_1_280' title='bbox 1139 426 1211 452; x_wconf 91' lang='lat' dir='ltr'><strong>enim</strong></span> <span class='ocrx_word' id='word_1_281' title='bbox 1231 433 1339 453; x_wconf 91' lang='lat' dir='ltr'><strong>carnern</strong></span> <span class='ocrx_word' id='word_1_282' title='bbox 1366 431 1468 452; x_wconf 66' lang='lat' dir='ltr'><strong>natura:</strong></span> <span class='ocrx_word' id='word_1_283' title='bbox 1491 432 1593 454; x_wconf 72' lang='lat' dir='ltr'><strong>nostra:</strong></span> <span class='ocrx_word' id='word_1_284' title='bbox 1613 430 1765 463; x_wconf 80' lang='lat' dir='ltr'><strong>susceperit,</strong></span> 
     </span>
    </p>
   </div>
   <div class='ocr_carea' id='block_1_39' title="bbox 992 470 1764 506">
    <p class='ocr_par' dir='ltr' id='par_1_39' title="bbox 992 470 1764 506">
     <span class='ocr_line' id='line_1_39' title="bbox 992 470 1764 506; baseline 0.005 -10"><span class='ocrx_word' id='word_1_285' title='bbox 992 477 1024 496; x_wconf 81' lang='lat' dir='ltr'><strong>ex</strong></span> <span class='ocrx_word' id='word_1_286' title='bbox 1041 470 1250 497; x_wconf 85' lang='lat' dir='ltr'><strong>ineontaminata</strong></span> <span class='ocrx_word' id='word_1_287' title='bbox 1268 476 1356 498; x_wconf 86' lang='lat' dir='ltr'><strong>tamen</strong></span> <span class='ocrx_word' id='word_1_288' title='bbox 1376 470 1484 506; x_wconf 80' lang='lat' dir='ltr'><strong>Virgine</strong></span> <span class='ocrx_word' id='word_1_289' title='bbox 1499 477 1654 506; x_wconf 87' lang='lat' dir='ltr'><strong>assumpta.</strong></span> <span class='ocrx_word' id='word_1_290' title='bbox 1665 478 1691 500; x_wconf 89' lang='lat' dir='ltr'><strong>et</strong></span> <span class='ocrx_word' id='word_1_291' title='bbox 1703 480 1764 500; x_wconf 77' lang='lat' dir='ltr'><strong>casta</strong></span> 
     </span>
    </p>
   </div>
   <div class='ocr_carea' id='block_1_40' title="bbox 992 515 1765 552">
    <p class='ocr_par' dir='ltr' id='par_1_40' title="bbox 992 515 1765 552">
     <span class='ocr_line' id='line_1_40' title="bbox 992 515 1765 552; baseline 0.005 -10"><span class='ocrx_word' id='word_1_292' title='bbox 992 516 1077 542; x_wconf 85' lang='lat' dir='ltr'><strong>sancti</strong></span> <span class='ocrx_word' id='word_1_293' title='bbox 1104 515 1222 549; x_wconf 88' lang='lat' dir='ltr'><strong>Spiritus</strong></span> <span class='ocrx_word' id='word_1_294' title='bbox 1244 517 1399 550; x_wconf 87' lang='lat' dir='ltr'><strong>operatione</strong></span> <span class='ocrx_word' id='word_1_295' title='bbox 1422 517 1538 543; x_wconf 83' lang='lat' dir='ltr'><strong>formata</strong></span> <span class='ocrx_word' id='word_1_296' title='bbox 1559 523 1612 544; x_wconf 86' lang='lat' dir='ltr'><strong>est.</strong></span> <span class='ocrx_word' id='word_1_297' title='bbox 1630 518 1765 552; x_wconf 75' lang='lat' dir='ltr'><strong>Propterea</strong></span> 
     </span>
    </p>
   </div>
   <div class='ocr_carea' id='block_1_41' title="bbox 991 560 1764 595">
    <p class='ocr_par' dir='ltr' id='par_1_41' title="bbox 991 560 1764 595">
     <span class='ocr_line' id='line_1_41' title="bbox 991 560 1764 595; baseline 0.006 -9"><span class='ocrx_word' id='word_1_298' title='bbox 991 567 1054 595; x_wconf 79' lang='lat' dir='ltr'><strong>ergo</strong></span> <span class='ocrx_word' id='word_1_299' title='bbox 1071 565 1097 587; x_wconf 90' lang='lat' dir='ltr'><strong>et</strong></span> <span class='ocrx_word' id='word_1_300' title='bbox 1118 560 1262 595; x_wconf 84' lang='lat' dir='ltr'><strong>Apostolus</strong></span> <span class='ocrx_word' id='word_1_301' title='bbox 1283 562 1316 588; x_wconf 91' lang='lat' dir='ltr'><strong>de</strong></span> <span class='ocrx_word' id='word_1_302' title='bbox 1339 561 1485 588; x_wconf 81' lang='lat' dir='ltr'><strong>Mediatnre</strong></span> <span class='ocrx_word' id='word_1_303' title='bbox 1497 562 1650 595; x_wconf 84' lang='lat' dir='ltr'><strong>disserens,</strong></span> <span class='ocrx_word' id='word_1_304' title='bbox 1666 565 1764 591; x_wconf 86' lang='lat' dir='ltr'><strong>eviden-</strong></span> 
     </span>
    </p>
   </div>
   <div class='ocr_carea' id='block_1_42' title="bbox 992 606 1766 641">
    <p class='ocr_par' dir='ltr' id='par_1_42' title="bbox 992 606 1766 641">
     <span class='ocr_line' id='line_1_42' title="bbox 992 606 1766 641; baseline 0.006 -10"><span class='ocrx_word' id='word_1_305' title='bbox 992 610 1044 632; x_wconf 89' lang='lat' dir='ltr'><strong>tem</strong></span> <span class='ocrx_word' id='word_1_306' title='bbox 1054 606 1252 633; x_wconf 79' lang='lat' dir='ltr'><strong>distinctionem</strong></span> <span class='ocrx_word' id='word_1_307' title='bbox 1268 607 1397 641; x_wconf 76' lang='lat' dir='ltr'><strong>signavit,</strong></span> <span class='ocrx_word' id='word_1_308' title='bbox 1409 607 1516 635; x_wconf 88' lang='lat' dir='ltr'><strong>dicens:</strong></span> <span class='ocrx_word' id='word_1_309' title='bbox 1529 617 1538 632; x_wconf 77' lang='grc' dir='ltr'><strong>ι</strong></span> <span class='ocrx_word' id='word_1_310' title='bbox 1553 607 1686 635; x_wconf 82' lang='lat' dir='ltr'><strong>Mediator</strong></span> <span class='ocrx_word' id='word_1_311' title='bbox 1695 609 1735 636; x_wconf 88' lang='lat' dir='ltr'><strong>Dei</strong></span> <span class='ocrx_word' id='word_1_312' title='bbox 1744 616 1766 636; x_wconf 83' lang='lat' dir='ltr'><strong>et</strong></span> 
     </span>
    </p>
   </div>
   <div class='ocr_carea' id='block_1_43' title="bbox 990 651 1765 687">
    <p class='ocr_par' dir='ltr' id='par_1_43' title="bbox 990 651 1765 687">
     <span class='ocr_line' id='line_1_43' title="bbox 990 651 1765 687; baseline 0.006 -10"><span class='ocrx_word' id='word_1_313' title='bbox 990 651 1128 678; x_wconf 88' lang='lat' dir='ltr'><strong>hominum</strong></span> <span class='ocrx_word' id='word_1_314' title='bbox 1137 652 1216 678; x_wconf 93' lang='lat' dir='ltr'><strong>homo</strong></span> <span class='ocrx_word' id='word_1_315' title='bbox 1223 651 1431 679; x_wconf 85' lang='lat' dir='ltr'><strong>ChristusJesus</strong></span> <span class='ocrx_word' id='word_1_316' title='bbox 1439 661 1446 685; x_wconf 88' lang='lat'>;</span> <span class='ocrx_word' id='word_1_317' title='bbox 1453 663 1461 678; x_wconf 84' lang='grc' dir='ltr'><strong>ι</strong></span> <span class='ocrx_word' id='word_1_318' title='bbox 1475 661 1528 687; x_wconf 88' lang='lat' dir='ltr'><strong>quo</strong></span> <span class='ocrx_word' id='word_1_319' title='bbox 1537 653 1644 681; x_wconf 85' lang='lat' dir='ltr'><strong>scilicet</strong></span> <span class='ocrx_word' id='word_1_320' title='bbox 1653 655 1765 682; x_wconf 73' lang='lat' dir='ltr'><strong>mediato-</strong></span> 
     </span>
    </p>
   </div>
   <div class='ocr_carea' id='block_1_44' title="bbox 989 697 1763 733">
    <p class='ocr_par' dir='ltr' id='par_1_44' title="bbox 989 697 1763 733">
     <span class='ocr_line' id='line_1_44' title="bbox 989 697 1763 733; baseline 0.005 -10"><span class='ocrx_word' id='word_1_321' title='bbox 989 705 1044 723; x_wconf 87' lang='lat' dir='ltr'><strong>rem</strong></span> <span class='ocrx_word' id='word_1_322' title='bbox 1054 705 1105 723; x_wconf 87' lang='lat' dir='ltr'><strong>nort</strong></span> <span class='ocrx_word' id='word_1_323' title='bbox 1115 697 1147 724; x_wconf 89' lang='lat' dir='ltr'><strong>ad</strong></span> <span class='ocrx_word' id='word_1_324' title='bbox 1156 697 1280 724; x_wconf 83' lang='lat' dir='ltr'><strong>deitatem</strong></span> <span class='ocrx_word' id='word_1_325' title='bbox 1287 698 1398 732; x_wconf 74' lang='lat' dir='ltr'><strong>Christi,</strong></span> <span class='ocrx_word' id='word_1_326' title='bbox 1405 699 1451 726; x_wconf 88' lang='lat' dir='ltr'><strong>sed</strong></span> <span class='ocrx_word' id='word_1_327' title='bbox 1460 699 1492 725; x_wconf 89' lang='lat' dir='ltr'><strong>ad</strong></span> <span class='ocrx_word' id='word_1_328' title='bbox 1500 700 1706 732; x_wconf 84' lang='lat' dir='ltr'><strong>humanitatem,</strong></span> <span class='ocrx_word' id='word_1_329' title='bbox 1713 708 1763 733; x_wconf 62' lang='lat' dir='ltr'><strong>quae</strong></span> 
     </span>
    </p>
   </div>
   <div class='ocr_carea' id='block_1_45' title="bbox 987 741 1761 777">
    <p class='ocr_par' dir='ltr' id='par_1_45' title="bbox 987 741 1761 777">
     <span class='ocr_line' id='line_1_45' title="bbox 987 741 1761 777; baseline 0.003 -10"><span class='ocrx_word' id='word_1_330' title='bbox 987 746 1028 768; x_wconf 76' lang='lat' dir='ltr'><strong>est</strong></span> <span class='ocrx_word' id='word_1_331' title='bbox 1041 741 1098 775; x_wconf 83' lang='lat' dir='ltr'><strong>ejus</strong></span> <span class='ocrx_word' id='word_1_332' title='bbox 1115 741 1215 772; x_wconf 86' lang='lat' dir='ltr'><strong>anima,</strong></span> <span class='ocrx_word' id='word_1_333' title='bbox 1231 741 1400 768; x_wconf 85' lang='lat' dir='ltr'><strong>referendum</strong></span> <span class='ocrx_word' id='word_1_334' title='bbox 1415 742 1532 769; x_wconf 87' lang='lat' dir='ltr'><strong>doceret.</strong></span> <span class='ocrx_word' id='word_1_335' title='bbox 1543 742 1695 776; x_wconf 76' lang='lat' dir='ltr'><strong>Longitudo</strong></span> <span class='ocrx_word' id='word_1_336' title='bbox 1707 751 1761 777; x_wconf 78' lang='lat' dir='ltr'><strong>ergo</strong></span> 
     </span>
    </p>
   </div>
   <div class='ocr_carea' id='block_1_46' title="bbox 987 787 1762 823">
    <p class='ocr_par' dir='ltr' id='par_1_46' title="bbox 987 787 1762 823">
     <span class='ocr_line' id='line_1_46' title="bbox 987 787 1762 823; baseline 0.004 -10"><span class='ocrx_word' id='word_1_337' title='bbox 987 787 1158 821; x_wconf 87' lang='lat' dir='ltr'><strong>ponitnrejus</strong></span> <span class='ocrx_word' id='word_1_338' title='bbox 1165 787 1320 814; x_wconf 88' lang='lat' dir='ltr'><strong>etlatitudo.</strong></span> <span class='ocrx_word' id='word_1_339' title='bbox 1329 787 1551 823; x_wconf 82' lang='lat' dir='ltr'><strong>Longitudoillud</strong></span> <span class='ocrx_word' id='word_1_340' title='bbox 1559 789 1694 823; x_wconf 82' lang='lat' dir='ltr'><strong>significat</strong></span> <span class='ocrx_word' id='word_1_341' title='bbox 1701 790 1762 822; x_wconf 89' lang='lat' dir='ltr'><strong>quod</strong></span> 
     </span>
    </p>
   </div>
   <div class='ocr_carea' id='block_1_47' title="bbox 989 832 1762 868">
    <p class='ocr_par' dir='ltr' id='par_1_47' title="bbox 989 832 1762 868">
     <span class='ocr_line' id='line_1_47' title="bbox 989 832 1762 868; baseline 0.001 -9"><span class='ocrx_word' id='word_1_342' title='bbox 989 833 1074 859; x_wconf 85' lang='lat' dir='ltr'><strong>tendit</strong></span> <span class='ocrx_word' id='word_1_343' title='bbox 1084 834 1118 860; x_wconf 91' lang='lat' dir='ltr'><strong>ad</strong></span> <span class='ocrx_word' id='word_1_344' title='bbox 1129 833 1211 860; x_wconf 87' lang='lat' dir='ltr'><strong>Deutn</strong></span> <span class='ocrx_word' id='word_1_345' title='bbox 1222 832 1402 868; x_wconf 88' lang='lat' dir='ltr'><strong>Trinitatique</strong></span> <span class='ocrx_word' id='word_1_346' title='bbox 1415 834 1551 866; x_wconf 87' lang='lat' dir='ltr'><strong>sociatur;</strong></span> <span class='ocrx_word' id='word_1_347' title='bbox 1572 834 1694 866; x_wconf 83' lang='lat' dir='ltr'><strong>latitudo,</strong></span> <span class='ocrx_word' id='word_1_348' title='bbox 1703 836 1762 868; x_wconf 86' lang='lat' dir='ltr'><strong>quod</strong></span> 
     </span>
    </p>
   </div>
   <div class='ocr_carea' id='block_1_48' title="bbox 986 879 1765 914">
    <p class='ocr_par' dir='ltr' id='par_1_48' title="bbox 986 879 1765 914">
     <span class='ocr_line' id='line_1_48' title="bbox 986 879 1765 914; baseline 0 -8"><span class='ocrx_word' id='word_1_349' title='bbox 986 880 1057 906; x_wconf 90' lang='lat' dir='ltr'><strong>inter</strong></span> <span class='ocrx_word' id='word_1_350' title='bbox 1067 880 1189 907; x_wconf 87' lang='lat' dir='ltr'><strong>homines</strong></span> <span class='ocrx_word' id='word_1_351' title='bbox 1199 880 1245 914; x_wconf 92' lang='lat' dir='ltr'><strong>qui</strong></span> <span class='ocrx_word' id='word_1_352' title='bbox 1257 880 1339 906; x_wconf 89' lang='lat' dir='ltr'><strong>latatn</strong></span> <span class='ocrx_word' id='word_1_353' title='bbox 1349 879 1548 914; x_wconf 86' lang='lat' dir='ltr'><strong>spatiosamque</strong></span> <span class='ocrx_word' id='word_1_354' title='bbox 1561 879 1634 905; x_wconf 84' lang='lat' dir='ltr'><strong>viain</strong></span> <span class='ocrx_word' id='word_1_355' title='bbox 1650 879 1765 906; x_wconf 84' lang='lat' dir='ltr'><strong>incedere</strong></span> 
     </span>
    </p>
   </div>
   <div class='ocr_carea' id='block_1_49' title="bbox 988 925 1764 965">
    <p class='ocr_par' dir='ltr' id='par_1_49' title="bbox 988 925 1764 965">
     <span class='ocr_line' id='line_1_49' title="bbox 988 925 1764 965; baseline 0 -13"><span class='ocrx_word' id='word_1_356' title='bbox 988 926 1087 959; x_wconf 85' lang='lat' dir='ltr'><strong>solent,</strong></span> <span class='ocrx_word' id='word_1_357' title='bbox 1097 931 1292 953; x_wconf 87' lang='lat' dir='ltr'><strong>conversatur:</strong></span> <span class='ocrx_word' id='word_1_358' title='bbox 1304 932 1331 954; x_wconf 89' lang='lat' dir='ltr'><strong>et</strong></span> <span class='ocrx_word' id='word_1_359' title='bbox 1343 927 1403 953; x_wconf 90' lang='lat' dir='ltr'><strong>ideo</strong></span> <span class='ocrx_word' id='word_1_360' title='bbox 1414 925 1572 952; x_wconf 83' lang='lat' dir='ltr'><strong>Mediatoris</strong></span> <span class='ocrx_word' id='word_1_361' title='bbox 1583 930 1657 952; x_wconf 81' lang='lat' dir='ltr'><strong>recte</strong></span> <span class='ocrx_word' id='word_1_362' title='bbox 1666 926 1764 965; x_wconf 79' lang='lat' dir='ltr'><strong>nomine</strong></span> 
     </span>
    </p>
   </div>
   <div class='ocr_carea' id='block_1_50' title="bbox 985 972 1763 1007">
    <p class='ocr_par' dir='ltr' id='par_1_50' title="bbox 985 972 1763 1007">
     <span class='ocr_line' id='line_1_50' title="bbox 985 972 1763 1007; baseline 0.001 -9"><span class='ocrx_word' id='word_1_363' title='bbox 985 977 1171 1006; x_wconf 86' lang='lat' dir='ltr'><strong>nuncupatur,</strong></span> <span class='ocrx_word' id='word_1_364' title='bbox 1193 973 1268 1007; x_wconf 85' lang='lat' dir='ltr'><strong>quia,</strong></span> <span class='ocrx_word' id='word_1_365' title='bbox 1294 977 1324 999; x_wconf 93' lang='lat' dir='ltr'><strong>ut</strong></span> <span class='ocrx_word' id='word_1_366' title='bbox 1339 972 1472 1004; x_wconf 79' lang='lat' dir='ltr'><strong>diximus,</strong></span> <span class='ocrx_word' id='word_1_367' title='bbox 1499 972 1589 999; x_wconf 84' lang='lat' dir='ltr'><strong>anima</strong></span> <span class='ocrx_word' id='word_1_368' title='bbox 1607 972 1665 998; x_wconf 60' lang='lat' dir='ltr'><strong>haec</strong></span> <span class='ocrx_word' id='word_1_369' title='bbox 1680 977 1763 999; x_wconf 69' lang='lat' dir='ltr'><strong>sancta</strong></span> 
     </span>
    </p>
   </div>
   <div class='ocr_carea' id='block_1_51' title="bbox 987 1017 1764 1052">
    <p class='ocr_par' dir='ltr' id='par_1_51' title="bbox 987 1017 1764 1052">
     <span class='ocr_line' id='line_1_51' title="bbox 987 1017 1764 1052; baseline 0 -9"><span class='ocrx_word' id='word_1_370' title='bbox 987 1017 1076 1044; x_wconf 86' lang='lat' dir='ltr'><strong>media</strong></span> <span class='ocrx_word' id='word_1_371' title='bbox 1093 1018 1203 1052; x_wconf 90' lang='lat' dir='ltr'><strong>quidem</strong></span> <span class='ocrx_word' id='word_1_372' title='bbox 1219 1017 1269 1044; x_wconf 82' lang='lat' dir='ltr'><strong>fuit</strong></span> <span class='ocrx_word' id='word_1_373' title='bbox 1284 1017 1354 1044; x_wconf 91' lang='lat' dir='ltr'><strong>inter</strong></span> <span class='ocrx_word' id='word_1_374' title='bbox 1373 1017 1544 1044; x_wconf 86' lang='lat' dir='ltr'><strong>divinitatem</strong></span> <span class='ocrx_word' id='word_1_375' title='bbox 1566 1017 1721 1047; x_wconf 85' lang='lat' dir='ltr'><strong>Trinitatis,</strong></span> <span class='ocrx_word' id='word_1_376' title='bbox 1739 1022 1764 1043; x_wconf 82' lang='lat' dir='ltr'><strong>et</strong></span> 
     </span>
    </p>
   </div>
   <div class='ocr_carea' id='block_1_52' title="bbox 983 1062 1764 1098">
    <p class='ocr_par' dir='ltr' id='par_1_52' title="bbox 983 1062 1764 1098">
     <span class='ocr_line' id='line_1_52' title="bbox 983 1062 1764 1098; baseline 0 -10"><span class='ocrx_word' id='word_1_377' title='bbox 983 1062 1159 1098; x_wconf 76' lang='lat' dir='ltr'><strong>fragilitatem</strong></span> <span class='ocrx_word' id='word_1_378' title='bbox 1186 1063 1371 1090; x_wconf 87' lang='lat' dir='ltr'><strong>humanitatis.</strong></span> <span class='ocrx_word' id='word_1_379' title='bbox 1389 1062 1453 1089; x_wconf 65' lang='lat' dir='ltr'><strong>Huic</strong></span> <span class='ocrx_word' id='word_1_380' title='bbox 1469 1070 1534 1096; x_wconf 78' lang='lat' dir='ltr'><strong>ergo</strong></span> <span class='ocrx_word' id='word_1_381' title='bbox 1549 1062 1666 1096; x_wconf 82' lang='lat' dir='ltr'><strong>intelligi</strong></span> <span class='ocrx_word' id='word_1_382' title='bbox 1685 1067 1764 1096; x_wconf 73' lang='lat' dir='ltr'><strong>potest</strong></span> 
     </span>
    </p>
   </div>
   <div class='ocr_carea' id='block_1_53' title="bbox 983 1107 1762 1142">
    <p class='ocr_par' dir='ltr' id='par_1_53' title="bbox 983 1107 1762 1142">
     <span class='ocr_line' id='line_1_53' title="bbox 983 1107 1762 1142; baseline 0.001 -9"><span class='ocrx_word' id='word_1_383' title='bbox 983 1108 1211 1142; x_wconf 89' lang='lat' dir='ltr'><strong>propitiatorium,</strong></span> <span class='ocrx_word' id='word_1_384' title='bbox 1234 1108 1384 1135; x_wconf 89' lang='lat' dir='ltr'><strong>secundum</strong></span> <span class='ocrx_word' id='word_1_385' title='bbox 1408 1116 1437 1135; x_wconf 90' lang='lat' dir='ltr'><strong>ea</strong></span> <span class='ocrx_word' id='word_1_386' title='bbox 1460 1116 1521 1142; x_wconf 72' lang='lat' dir='ltr'><strong>qua:</strong></span> <span class='ocrx_word' id='word_1_387' title='bbox 1541 1115 1626 1142; x_wconf 81' lang='lat' dir='ltr'><strong>supra</strong></span> <span class='ocrx_word' id='word_1_388' title='bbox 1642 1107 1762 1139; x_wconf 78' lang='lat' dir='ltr'><strong>diximus,</strong></span> 
     </span>
    </p>
   </div>
   <div class='ocr_carea' id='block_1_54' title="bbox 983 1152 1762 1187">
    <p class='ocr_par' dir='ltr' id='par_1_54' title="bbox 983 1152 1762 1187">
     <span class='ocr_line' id='line_1_54' title="bbox 983 1152 1762 1187; baseline -0.001 -8"><span class='ocrx_word' id='word_1_389' title='bbox 983 1153 1025 1179; x_wconf 91' lang='lat' dir='ltr'><strong>cui</strong></span> <span class='ocrx_word' id='word_1_390' title='bbox 1037 1153 1181 1187; x_wconf 84' lang='lat' dir='ltr'><strong>superponi</strong></span> <span class='ocrx_word' id='word_1_391' title='bbox 1194 1154 1320 1180; x_wconf 90' lang='lat' dir='ltr'><strong>dicuntur</strong></span> <span class='ocrx_word' id='word_1_392' title='bbox 1331 1153 1382 1179; x_wconf 91' lang='lat' dir='ltr'><strong>duo</strong></span> <span class='ocrx_word' id='word_1_393' title='bbox 1392 1152 1534 1185; x_wconf 85' lang='lat' dir='ltr'><strong>cherubin,</strong></span> <span class='ocrx_word' id='word_1_394' title='bbox 1546 1161 1631 1179; x_wconf 91' lang='lat' dir='ltr'><strong>unum</strong></span> <span class='ocrx_word' id='word_1_395' title='bbox 1643 1161 1676 1179; x_wconf 80' lang='lat' dir='ltr'><strong>ex</strong></span> <span class='ocrx_word' id='word_1_396' title='bbox 1688 1153 1762 1178; x_wconf 66' lang='lat' dir='ltr'><strong>latere</strong></span> 
     </span>
    </p>
   </div>
   <div class='ocr_carea' id='block_1_55' title="bbox 984 1197 1762 1233">
    <p class='ocr_par' dir='ltr' id='par_1_55' title="bbox 984 1197 1762 1233">
     <span class='ocr_line' id='line_1_55' title="bbox 984 1197 1762 1233; baseline -0.004 -8"><span class='ocrx_word' id='word_1_397' title='bbox 984 1199 1035 1225; x_wconf 87' lang='lat' dir='ltr'><strong>hoc</strong></span> <span class='ocrx_word' id='word_1_398' title='bbox 1055 1197 1125 1233; x_wconf 78' lang='lat' dir='ltr'><strong>(Si),</strong></span> <span class='ocrx_word' id='word_1_399' title='bbox 1143 1204 1171 1225; x_wconf 83' lang='lat' dir='ltr'><strong>et</strong></span> <span class='ocrx_word' id='word_1_400' title='bbox 1191 1205 1272 1224; x_wconf 91' lang='lat' dir='ltr'><strong>unum</strong></span> <span class='ocrx_word' id='word_1_401' title='bbox 1294 1206 1326 1225; x_wconf 84' lang='lat' dir='ltr'><strong>ex</strong></span> <span class='ocrx_word' id='word_1_402' title='bbox 1342 1198 1426 1225; x_wconf 89' lang='lat' dir='ltr'><strong>latere</strong></span> <span class='ocrx_word' id='word_1_403' title='bbox 1449 1198 1535 1225; x_wconf 86' lang='lat' dir='ltr'><strong>altero</strong></span> <span class='ocrx_word' id='word_1_404' title='bbox 1549 1198 1584 1224; x_wconf 79' lang='lat'><strong>&quot;.</strong></span> <span class='ocrx_word' id='word_1_405' title='bbox 1602 1198 1687 1232; x_wconf 85' lang='lat' dir='ltr'><strong>Cujus</strong></span> <span class='ocrx_word' id='word_1_406' title='bbox 1704 1205 1762 1232; x_wconf 81' lang='lat' dir='ltr'><strong>ergo</strong></span> 
     </span>
    </p>
   </div>
   <div class='ocr_carea' id='block_1_56' title="bbox 982 1243 1761 1272">
    <p class='ocr_par' dir='ltr' id='par_1_56' title="bbox 982 1243 1761 1272">
     <span class='ocr_line' id='line_1_56' title="bbox 982 1243 1761 1272; baseline -0.004 -1"><span class='ocrx_word' id='word_1_407' title='bbox 982 1245 1156 1272; x_wconf 85' lang='lat' dir='ltr'><strong>f&#39;orruamduo</strong></span> <span class='ocrx_word' id='word_1_408' title='bbox 1168 1244 1218 1271; x_wconf 89' lang='lat' dir='ltr'><strong>ista</strong></span> <span class='ocrx_word' id='word_1_409' title='bbox 1233 1245 1362 1271; x_wconf 80' lang='lat' dir='ltr'><strong>cherubin</strong></span> <span class='ocrx_word' id='word_1_410' title='bbox 1374 1244 1475 1272; x_wconf 87' lang='lat' dir='ltr'><strong>habere</strong></span> <span class='ocrx_word' id='word_1_411' title='bbox 1488 1245 1673 1272; x_wconf 79' lang='lat' dir='ltr'><strong>existimanda</strong></span> <span class='ocrx_word' id='word_1_412' title='bbox 1686 1243 1761 1271; x_wconf 76' lang='lat' dir='ltr'><strong>smn?</strong></span> 
     </span>
    </p>
   </div>
   <div class='ocr_carea' id='block_1_57' title="bbox 981 1290 1760 1325">
    <p class='ocr_par' dir='ltr' id='par_1_57' title="bbox 981 1290 1760 1325">
     <span class='ocr_line' id='line_1_57' title="bbox 981 1290 1760 1325; baseline -0.003 -8"><span class='ocrx_word' id='word_1_413' title='bbox 981 1290 1117 1317; x_wconf 88' lang='lat' dir='ltr'><strong>Cherubin</strong></span> <span class='ocrx_word' id='word_1_414' title='bbox 1137 1290 1208 1317; x_wconf 89' lang='lat' dir='ltr'><strong>enim</strong></span> <span class='ocrx_word' id='word_1_415' title='bbox 1227 1290 1254 1316; x_wconf 91' lang='lat' dir='ltr'><strong>in</strong></span> <span class='ocrx_word' id='word_1_416' title='bbox 1272 1295 1392 1317; x_wconf 89' lang='lat' dir='ltr'><strong>nostram</strong></span> <span class='ocrx_word' id='word_1_417' title='bbox 1412 1290 1532 1325; x_wconf 77' lang='lat' dir='ltr'><strong>linguam</strong></span> <span class='ocrx_word' id='word_1_418' title='bbox 1557 1291 1760 1324; x_wconf 85' lang='lat' dir='ltr'><strong>interpretatum</strong></span> 
     </span>
    </p>
   </div>
   <div class='ocr_carea' id='block_1_58' title="bbox 981 1335 1761 1371">
    <p class='ocr_par' dir='ltr' id='par_1_58' title="bbox 981 1335 1761 1371">
     <span class='ocr_line' id='line_1_58' title="bbox 981 1335 1761 1371; baseline -0.003 -9"><span class='ocrx_word' id='word_1_419' title='bbox 981 1337 1170 1371; x_wconf 78' lang='lat' dir='ltr'><strong>plenitudinem</strong></span> <span class='ocrx_word' id='word_1_420' title='bbox 1186 1337 1355 1363; x_wconf 78' lang='lat' dir='ltr'><strong>scientiarum</strong></span> <span class='ocrx_word' id='word_1_421' title='bbox 1379 1336 1525 1370; x_wconf 72' lang='lat' dir='ltr'><strong>signiﬁcat.</strong></span> <span class='ocrx_word' id='word_1_422' title='bbox 1550 1336 1601 1364; x_wconf 90' lang='lat' dir='ltr'><strong>Ubi</strong></span> <span class='ocrx_word' id='word_1_423' title='bbox 1621 1343 1688 1370; x_wconf 77' lang='lat' dir='ltr'><strong>ergo</strong></span> <span class='ocrx_word' id='word_1_424' title='bbox 1700 1335 1761 1361; x_wconf 85' lang='lat' dir='ltr'><strong>dici-</strong></span> 
     </span>
    </p>
   </div>
   <div class='ocr_carea' id='block_1_59' title="bbox 981 1381 1758 1416">
    <p class='ocr_par' dir='ltr' id='par_1_59' title="bbox 981 1381 1758 1416">
     <span class='ocr_line' id='line_1_59' title="bbox 981 1381 1758 1416; baseline -0.003 -7"><span class='ocrx_word' id='word_1_425' title='bbox 981 1390 1040 1409; x_wconf 88' lang='lat' dir='ltr'><strong>ttms</strong></span> <span class='ocrx_word' id='word_1_426' title='bbox 1055 1381 1248 1416; x_wconf 88' lang='lat' dir='ltr'><strong>plenitudinetn</strong></span> <span class='ocrx_word' id='word_1_427' title='bbox 1270 1381 1459 1414; x_wconf 85' lang='lat' dir='ltr'><strong>scientiarum,</strong></span> <span class='ocrx_word' id='word_1_428' title='bbox 1480 1381 1530 1408; x_wconf 90' lang='lat' dir='ltr'><strong>nisi</strong></span> <span class='ocrx_word' id='word_1_429' title='bbox 1550 1382 1576 1408; x_wconf 92' lang='lat' dir='ltr'><strong>in</strong></span> <span class='ocrx_word' id='word_1_430' title='bbox 1599 1389 1633 1408; x_wconf 88' lang='lat' dir='ltr'><strong>eo</strong></span> <span class='ocrx_word' id='word_1_431' title='bbox 1654 1382 1688 1408; x_wconf 86' lang='lat' dir='ltr'><strong>de</strong></span> <span class='ocrx_word' id='word_1_432' title='bbox 1709 1389 1758 1414; x_wconf 86' lang='lat' dir='ltr'><strong>quo</strong></span> 
     </span>
    </p>
   </div>
   <div class='ocr_carea' id='block_1_60' title="bbox 980 1427 1759 1462">
    <p class='ocr_par' dir='ltr' id='par_1_60' title="bbox 980 1427 1759 1462">
     <span class='ocr_line' id='line_1_60' title="bbox 980 1427 1759 1462; baseline -0.003 -8"><span class='ocrx_word' id='word_1_433' title='bbox 980 1428 1046 1454; x_wconf 89' lang='lat' dir='ltr'><strong>dicit</strong></span> <span class='ocrx_word' id='word_1_434' title='bbox 1064 1427 1228 1462; x_wconf 78' lang='lat' dir='ltr'><strong>Apostolus:</strong></span> <span class='ocrx_word' id='word_1_435' title='bbox 1246 1436 1255 1452; x_wconf 83' lang='grc' dir='ltr'><strong>ι</strong></span> <span class='ocrx_word' id='word_1_436' title='bbox 1276 1427 1303 1454; x_wconf 94' lang='lat' dir='ltr'><strong>In</strong></span> <span class='ocrx_word' id='word_1_437' title='bbox 1326 1435 1379 1462; x_wconf 91' lang='lat' dir='ltr'><strong>quo</strong></span> <span class='ocrx_word' id='word_1_438' title='bbox 1395 1431 1458 1454; x_wconf 87' lang='lat' dir='ltr'><strong>sunt</strong></span> <span class='ocrx_word' id='word_1_439' title='bbox 1473 1435 1569 1454; x_wconf 90' lang='lat' dir='ltr'><strong>omnes</strong></span> <span class='ocrx_word' id='word_1_440' title='bbox 1585 1427 1706 1454; x_wconf 89' lang='lat' dir='ltr'><strong>thesauri</strong></span> <span class='ocrx_word' id='word_1_441' title='bbox 1723 1434 1759 1452; x_wconf 85' lang='lat' dir='ltr'><strong>sa-</strong></span> 
     </span>
    </p>
   </div>
   <div class='ocr_carea' id='block_1_61' title="bbox 145 1471 1758 1513">
    <p class='ocr_par' dir='ltr' id='par_1_61' title="bbox 145 1471 1758 1513">
     <span class='ocr_line' id='line_1_61' title="bbox 145 1471 1758 1513; baseline 0 -16"><span class='ocrx_word' id='word_1_442' title='bbox 145 1471 204 1504; x_wconf 82' lang='lat' dir='ltr'><strong>ejus</strong></span> <span class='ocrx_word' id='word_1_443' title='bbox 217 1472 238 1487; x_wconf 80' lang='grc' dir='ltr'><strong>θ’</strong></span> <span class='ocrx_word' id='word_1_444' title='bbox 258 1480 265 1498; x_wconf 90' lang='lat'><strong>:</strong></span> <span class='ocrx_word' id='word_1_445' title='bbox 285 1481 295 1498; x_wconf 75' lang='grc' dir='ltr'><strong>ι</strong></span> <span class='ocrx_word' id='word_1_446' title='bbox 311 1477 338 1500; x_wconf 90' lang='lat' dir='ltr'><strong>et</strong></span> <span class='ocrx_word' id='word_1_447' title='bbox 355 1473 405 1506; x_wconf 90' lang='lat' dir='ltr'><strong>ipsi</strong></span> <span class='ocrx_word' id='word_1_448' title='bbox 429 1474 592 1500; x_wconf 76' lang='lat' dir='ltr'><strong>conveniant</strong></span> <span class='ocrx_word' id='word_1_449' title='bbox 609 1482 741 1502; x_wconf 71' lang='lat' dir='ltr'><strong>mensura:</strong></span> <span class='ocrx_word' id='word_1_450' title='bbox 759 1476 818 1502; x_wconf 67' lang='lat' dir='ltr'><strong>istae</strong></span> <span class='ocrx_word' id='word_1_451' title='bbox 840 1476 926 1511; x_wconf 79' lang='lat' dir='ltr'><strong>longi-</strong></span> <span class='ocrx_word' id='word_1_452' title='bbox 941 1485 962 1513; x_wconf 70' lang='grc' dir='ltr'><em>ς</em></span> <span class='ocrx_word' id='word_1_453' title='bbox 980 1473 1089 1506; x_wconf 73' lang='lat' dir='ltr'><strong>[tientim</strong></span> <span class='ocrx_word' id='word_1_454' title='bbox 1100 1479 1125 1499; x_wconf 89' lang='lat' dir='ltr'><strong>et</strong></span> <span class='ocrx_word' id='word_1_455' title='bbox 1134 1473 1254 1499; x_wconf 75' lang='lat' dir='ltr'><strong>scientiae</strong></span> <span class='ocrx_word' id='word_1_456' title='bbox 1265 1472 1464 1499; x_wconf 79' lang='lat' dir='ltr'><strong>absconditi“?</strong></span> <span class='ocrx_word' id='word_1_457' title='bbox 1483 1481 1492 1497; x_wconf 79' lang='grc' dir='ltr'><strong>ι</strong></span> <span class='ocrx_word' id='word_1_458' title='bbox 1513 1472 1550 1498; x_wconf 89' lang='lat' dir='ltr'><strong>De</strong></span> <span class='ocrx_word' id='word_1_459' title='bbox 1564 1472 1656 1499; x_wconf 75' lang='lat' dir='ltr'><strong>Verbo</strong></span> <span class='ocrx_word' id='word_1_460' title='bbox 1670 1473 1758 1506; x_wconf 83' lang='lat' dir='ltr'><strong>utique</strong></span> 
     </span>
    </p>
   </div>
   <div class='ocr_carea' id='block_1_62' title="bbox 147 1517 928 1554">
    <p class='ocr_par' dir='ltr' id='par_1_62' title="bbox 147 1517 928 1554">
     <span class='ocr_line' id='line_1_62' title="bbox 147 1517 928 1554; baseline 0.009 -12"><span class='ocrx_word' id='word_1_461' title='bbox 147 1517 250 1544; x_wconf 89' lang='lat' dir='ltr'><strong>tudinis</strong></span> <span class='ocrx_word' id='word_1_462' title='bbox 266 1524 297 1545; x_wconf 95' lang='lat' dir='ltr'><strong>ac</strong></span> <span class='ocrx_word' id='word_1_463' title='bbox 322 1518 474 1546; x_wconf 87' lang='lat' dir='ltr'><strong>latitudinis</strong></span> <span class='ocrx_word' id='word_1_464' title='bbox 502 1519 684 1554; x_wconf 89' lang='lat' dir='ltr'><strong>propitiatorii</strong></span> <span class='ocrx_word' id='word_1_465' title='bbox 700 1530 707 1547; x_wconf 84' lang='lat'><strong>:</strong></span> <span class='ocrx_word' id='word_1_466' title='bbox 722 1522 845 1554; x_wconf 86' lang='lat' dir='ltr'><strong>quamvis</strong></span> <span class='ocrx_word' id='word_1_467' title='bbox 871 1523 928 1549; x_wconf 63' lang='lat' dir='ltr'><strong>ha&#39;e</strong></span> 
     </span>
    </p>
   </div>
   <div class='ocr_carea' id='block_1_63' title="bbox 146 1561 927 1597">
    <p class='ocr_par' dir='ltr' id='par_1_63' title="bbox 146 1561 927 1597">
     <span class='ocr_line' id='line_1_63' title="bbox 146 1561 927 1597; baseline 0.008 -10"><span class='ocrx_word' id='word_1_468' title='bbox 146 1561 291 1596; x_wconf 82' lang='lat' dir='ltr'><strong>explanare</strong></span> <span class='ocrx_word' id='word_1_469' title='bbox 307 1563 343 1590; x_wconf 89' lang='lat' dir='ltr'><strong>sit</strong></span> <span class='ocrx_word' id='word_1_470' title='bbox 356 1563 481 1596; x_wconf 88' lang='lat' dir='ltr'><strong>arduum,</strong></span> <span class='ocrx_word' id='word_1_471' title='bbox 507 1568 534 1591; x_wconf 92' lang='lat' dir='ltr'><strong>et</strong></span> <span class='ocrx_word' id='word_1_472' title='bbox 552 1568 644 1597; x_wconf 87' lang='lat' dir='ltr'><strong>aptare</strong></span> <span class='ocrx_word' id='word_1_473' title='bbox 665 1565 761 1592; x_wconf 79' lang='lat' dir='ltr'><strong>anima:</strong></span> <span class='ocrx_word' id='word_1_474' title='bbox 777 1566 813 1592; x_wconf 92' lang='lat' dir='ltr'><strong>illi</strong></span> <span class='ocrx_word' id='word_1_475' title='bbox 827 1573 927 1594; x_wconf 68' lang='lat' dir='ltr'><strong>sancta:</strong></span> 
     </span>
    </p>
   </div>
   <div class='ocr_carea' id='block_1_64' title="bbox 146 1605 924 1644">
    <p class='ocr_par' dir='ltr' id='par_1_64' title="bbox 146 1605 924 1644">
     <span class='ocr_line' id='line_1_64' title="bbox 146 1605 924 1644; baseline 0.008 -13"><span class='ocrx_word' id='word_1_476' title='bbox 146 1605 253 1640; x_wconf 78' lang='lat' dir='ltr'><strong>singula</strong></span> <span class='ocrx_word' id='word_1_477' title='bbox 275 1614 388 1641; x_wconf 69' lang='lat' dir='ltr'><strong>qumque</strong></span> <span class='ocrx_word' id='word_1_478' title='bbox 410 1616 470 1642; x_wconf 70' lang='lat' dir='ltr'><strong>quae</strong></span> <span class='ocrx_word' id='word_1_479' title='bbox 486 1609 520 1635; x_wconf 89' lang='lat' dir='ltr'><strong>de</strong></span> <span class='ocrx_word' id='word_1_480' title='bbox 543 1610 734 1644; x_wconf 86' lang='lat' dir='ltr'><strong>propitiatorio</strong></span> <span class='ocrx_word' id='word_1_481' title='bbox 758 1612 924 1639; x_wconf 85' lang='lat' dir='ltr'><strong>referuntur.</strong></span> 
     </span>
    </p>
   </div>
   <div class='ocr_carea' id='block_1_65' title="bbox 147 1652 926 1694">
    <p class='ocr_par' dir='ltr' id='par_1_65' title="bbox 147 1652 926 1694">
     <span class='ocr_line' id='line_1_65' title="bbox 147 1652 926 1694; baseline 0.009 -16"><span class='ocrx_word' id='word_1_482' title='bbox 147 1652 238 1679; x_wconf 80' lang='lat' dir='ltr'><strong>Primo</strong></span> <span class='ocrx_word' id='word_1_483' title='bbox 254 1660 320 1688; x_wconf 82' lang='lat' dir='ltr'><strong>ergo</strong></span> <span class='ocrx_word' id='word_1_484' title='bbox 334 1654 473 1682; x_wconf 84' lang='lat' dir='ltr'><strong>videamus</strong></span> <span class='ocrx_word' id='word_1_485' title='bbox 488 1657 559 1690; x_wconf 91' lang='lat' dir='ltr'><strong>quod</strong></span> <span class='ocrx_word' id='word_1_486' title='bbox 569 1657 644 1690; x_wconf 81' lang='lat' dir='ltr'><strong>dicit,</strong></span> <span class='ocrx_word' id='word_1_487' title='bbox 658 1657 850 1692; x_wconf 77' lang='lat' dir='ltr'><strong>longitudinem</strong></span> <span class='ocrx_word' id='word_1_488' title='bbox 864 1667 926 1694; x_wconf 92' lang='lat' dir='ltr'><strong>pro-</strong></span> 
     </span>
    </p>
   </div>
   <div class='ocr_carea' id='block_1_66' title="bbox 145 1698 924 1739">
    <p class='ocr_par' dir='ltr' id='par_1_66' title="bbox 145 1698 924 1739">
     <span class='ocr_line' id='line_1_66' title="bbox 145 1698 924 1739; baseline 0.009 -15"><span class='ocrx_word' id='word_1_489' title='bbox 145 1698 276 1732; x_wconf 89' lang='lat' dir='ltr'><strong>pitiatorii</strong></span> <span class='ocrx_word' id='word_1_490' title='bbox 301 1707 388 1735; x_wconf 89' lang='lat' dir='ltr'><strong>neque</strong></span> <span class='ocrx_word' id='word_1_491' title='bbox 406 1701 473 1728; x_wconf 79' lang='lat' dir='ltr'><strong>duos</strong></span> <span class='ocrx_word' id='word_1_492' title='bbox 490 1703 577 1729; x_wconf 87' lang='lat' dir='ltr'><strong>solum</strong></span> <span class='ocrx_word' id='word_1_493' title='bbox 598 1703 702 1730; x_wconf 87' lang='lat' dir='ltr'><strong>cubitos</strong></span> <span class='ocrx_word' id='word_1_494' title='bbox 718 1704 854 1738; x_wconf 80' lang='lat' dir='ltr'><strong>habuisse,</strong></span> <span class='ocrx_word' id='word_1_495' title='bbox 879 1706 924 1739; x_wconf 90' lang='lat' dir='ltr'><strong>qui</strong></span> 
     </span>
    </p>
   </div>
   <div class='ocr_carea' id='block_1_67' title="bbox 145 1746 925 1784">
    <p class='ocr_par' dir='ltr' id='par_1_67' title="bbox 145 1746 925 1784">
     <span class='ocr_line' id='line_1_67' title="bbox 145 1746 925 1784; baseline 0.009 -14"><span class='ocrx_word' id='word_1_496' title='bbox 145 1752 273 1772; x_wconf 89' lang='lat' dir='ltr'><strong>unrnerus</strong></span> <span class='ocrx_word' id='word_1_497' title='bbox 288 1746 424 1774; x_wconf 89' lang='lat' dir='ltr'><strong>sociandis</strong></span> <span class='ocrx_word' id='word_1_498' title='bbox 436 1748 650 1782; x_wconf 79' lang='lat' dir='ltr'><strong>generandisque</strong></span> <span class='ocrx_word' id='word_1_499' title='bbox 663 1750 751 1783; x_wconf 89' lang='lat' dir='ltr'><strong>aptari</strong></span> <span class='ocrx_word' id='word_1_500' title='bbox 767 1751 925 1784; x_wconf 86' lang='lat' dir='ltr'><strong>corporibus</strong></span> 
     </span>
    </p>
   </div>
   <div class='ocr_carea' id='block_1_68' title="bbox 144 1790 925 1828">
    <p class='ocr_par' dir='ltr' id='par_1_68' title="bbox 144 1790 925 1828">
     <span class='ocr_line' id='line_1_68' title="bbox 144 1790 925 1828; baseline 0.008 -12"><span class='ocrx_word' id='word_1_501' title='bbox 144 1790 212 1817; x_wconf 81' lang='lat' dir='ltr'><strong>solet</strong></span> <span class='ocrx_word' id='word_1_502' title='bbox 231 1798 339 1825; x_wconf 87' lang='lat' dir='ltr'><strong>:neque</strong></span> <span class='ocrx_word' id='word_1_503' title='bbox 357 1795 413 1819; x_wconf 90' lang='lat' dir='ltr'><strong>tres</strong></span> <span class='ocrx_word' id='word_1_504' title='bbox 433 1792 564 1828; x_wconf 77' lang='lat' dir='ltr'><strong>integros,</strong></span> <span class='ocrx_word' id='word_1_505' title='bbox 583 1794 628 1828; x_wconf 92' lang='lat' dir='ltr'><strong>qui</strong></span> <span class='ocrx_word' id='word_1_506' title='bbox 644 1802 772 1822; x_wconf 88' lang='lat' dir='ltr'><strong>numerus</strong></span> <span class='ocrx_word' id='word_1_507' title='bbox 792 1797 925 1823; x_wconf 81' lang='lat' dir='ltr'><strong>excedere</strong></span> 
     </span>
    </p>
   </div>
   <div class='ocr_carea' id='block_1_69' title="bbox 143 1835 925 1871">
    <p class='ocr_par' dir='ltr' id='par_1_69' title="bbox 143 1835 925 1871">
     <span class='ocr_line' id='line_1_69' title="bbox 143 1835 925 1871; baseline 0.009 -10"><span class='ocrx_word' id='word_1_508' title='bbox 143 1835 351 1870; x_wconf 89' lang='lat' dir='ltr'><strong>appellationetn</strong></span> <span class='ocrx_word' id='word_1_509' title='bbox 376 1842 510 1865; x_wconf 67' lang='lat' dir='ltr'><strong>creaturae</strong></span> <span class='ocrx_word' id='word_1_510' title='bbox 529 1839 682 1871; x_wconf 87' lang='lat' dir='ltr'><strong>consuevit,</strong></span> <span class='ocrx_word' id='word_1_511' title='bbox 702 1844 730 1866; x_wconf 89' lang='lat' dir='ltr'><strong>et</strong></span> <span class='ocrx_word' id='word_1_512' title='bbox 756 1845 861 1867; x_wconf 67' lang='lat' dir='ltr'><strong>natura:</strong></span> <span class='ocrx_word' id='word_1_513' title='bbox 884 1842 925 1868; x_wconf 86' lang='lat' dir='ltr'><strong>in-</strong></span> 
     </span>
    </p>
   </div>
   <div class='ocr_carea' id='block_1_70' title="bbox 141 1883 924 1919">
    <p class='ocr_par' dir='ltr' id='par_1_70' title="bbox 141 1883 924 1919">
     <span class='ocr_line' id='line_1_70' title="bbox 141 1883 924 1919; baseline 0.008 -12"><span class='ocrx_word' id='word_1_514' title='bbox 141 1888 280 1916; x_wconf 81' lang='lat' dir='ltr'><strong>corporea:</strong></span> <span class='ocrx_word' id='word_1_515' title='bbox 293 1883 459 1910; x_wconf 81' lang='lat' dir='ltr'><strong>consecrari.</strong></span> <span class='ocrx_word' id='word_1_516' title='bbox 469 1883 539 1911; x_wconf 91' lang='lat' dir='ltr'><strong>Duos</strong></span> <span class='ocrx_word' id='word_1_517' title='bbox 550 1891 615 1919; x_wconf 86' lang='lat' dir='ltr'><strong>ergo</strong></span> <span class='ocrx_word' id='word_1_518' title='bbox 624 1884 732 1912; x_wconf 88' lang='lat' dir='ltr'><strong>cubitos</strong></span> <span class='ocrx_word' id='word_1_519' title='bbox 745 1889 771 1912; x_wconf 88' lang='lat' dir='ltr'><strong>et</strong></span> <span class='ocrx_word' id='word_1_520' title='bbox 783 1886 924 1913; x_wconf 86' lang='lat' dir='ltr'><strong>dimidium</strong></span> 
     </span>
    </p>
   </div>
   <div class='ocr_carea' id='block_1_71' title="bbox 143 1927 926 1964">
    <p class='ocr_par' dir='ltr' id='par_1_71' title="bbox 143 1927 926 1964">
     <span class='ocr_line' id='line_1_71' title="bbox 143 1927 926 1964; baseline 0.006 -11"><span class='ocrx_word' id='word_1_521' title='bbox 143 1927 340 1962; x_wconf 84' lang='lat' dir='ltr'><strong>longitudinem</strong></span> <span class='ocrx_word' id='word_1_522' title='bbox 355 1928 420 1956; x_wconf 89' lang='lat' dir='ltr'><strong>dicit</strong></span> <span class='ocrx_word' id='word_1_523' title='bbox 439 1929 634 1964; x_wconf 84' lang='lat' dir='ltr'><strong>propitiatorii.</strong></span> <span class='ocrx_word' id='word_1_524' title='bbox 650 1935 678 1958; x_wconf 88' lang='lat' dir='ltr'><strong>et</strong></span> <span class='ocrx_word' id='word_1_525' title='bbox 699 1939 781 1957; x_wconf 93' lang='lat' dir='ltr'><strong>unum</strong></span> <span class='ocrx_word' id='word_1_526' title='bbox 800 1939 831 1958; x_wconf 90' lang='lat' dir='ltr'><strong>ac</strong></span> <span class='ocrx_word' id='word_1_527' title='bbox 846 1932 926 1959; x_wconf 90' lang='lat' dir='ltr'><strong>dirui-</strong></span> 
     </span>
    </p>
   </div>
   <div class='ocr_carea' id='block_1_72' title="bbox 141 1973 923 2008">
    <p class='ocr_par' dir='ltr' id='par_1_72' title="bbox 141 1973 923 2008">
     <span class='ocr_line' id='line_1_72' title="bbox 141 1973 923 2008; baseline 0.006 -9"><span class='ocrx_word' id='word_1_528' title='bbox 141 1973 215 2000; x_wconf 90' lang='lat' dir='ltr'><strong>diutn</strong></span> <span class='ocrx_word' id='word_1_529' title='bbox 231 1973 414 2001; x_wconf 85' lang='lat' dir='ltr'><strong>latitudinem.</strong></span> <span class='ocrx_word' id='word_1_530' title='bbox 430 1975 505 2007; x_wconf 80' lang='lat' dir='ltr'><strong>Quod</strong></span> <span class='ocrx_word' id='word_1_531' title='bbox 523 1976 545 2002; x_wconf 88' lang='lat' dir='ltr'><strong>si</strong></span> <span class='ocrx_word' id='word_1_532' title='bbox 554 1976 654 2002; x_wconf 87' lang='lat' dir='ltr'><strong>audere</strong></span> <span class='ocrx_word' id='word_1_533' title='bbox 671 1976 697 2002; x_wconf 95' lang='lat' dir='ltr'><strong>in</strong></span> <span class='ocrx_word' id='word_1_534' title='bbox 713 1976 812 2004; x_wconf 85' lang='lat' dir='ltr'><strong>talibus</strong></span> <span class='ocrx_word' id='word_1_535' title='bbox 823 1977 863 2004; x_wconf 86' lang='lat' dir='ltr'><strong>fas</strong></span> <span class='ocrx_word' id='word_1_536' title='bbox 873 1981 923 2008; x_wconf 85' lang='lat' dir='ltr'><strong>est.</strong></span> 
     </span>
    </p>
   </div>
   <div class='ocr_carea' id='block_1_73' title="bbox 141 2019 924 2057">
    <p class='ocr_par' dir='ltr' id='par_1_73' title="bbox 141 2019 924 2057">
     <span class='ocr_line' id='line_1_73' title="bbox 141 2019 924 2057; baseline 0.004 -11"><span class='ocrx_word' id='word_1_537' title='bbox 141 2019 270 2054; x_wconf 92' lang='lat' dir='ltr'><strong>quoniam</strong></span> <span class='ocrx_word' id='word_1_538' title='bbox 288 2019 355 2047; x_wconf 91' lang='lat' dir='ltr'><strong>dicit</strong></span> <span class='ocrx_word' id='word_1_539' title='bbox 380 2020 450 2048; x_wconf 89' lang='lat' dir='ltr'><strong>idem</strong></span> <span class='ocrx_word' id='word_1_540' title='bbox 474 2020 620 2055; x_wconf 87' lang='lat' dir='ltr'><strong>Apostolus</strong></span> <span class='ocrx_word' id='word_1_541' title='bbox 643 2022 676 2049; x_wconf 91' lang='lat' dir='ltr'><strong>de</strong></span> <span class='ocrx_word' id='word_1_542' title='bbox 705 2022 830 2054; x_wconf 85' lang='lat' dir='ltr'><strong>Christo,</strong></span> <span class='ocrx_word' id='word_1_543' title='bbox 853 2023 924 2057; x_wconf 89' lang='lat' dir='ltr'><strong>quod</strong></span> 
     </span>
    </p>
   </div>
   <div class='ocr_carea' id='block_1_74' title="bbox 143 2065 922 2098">
    <p class='ocr_par' dir='ltr' id='par_1_74' title="bbox 143 2065 922 2098">
     <span class='ocr_line' id='line_1_74' title="bbox 143 2065 922 2098; baseline 0.005 -7"><span class='ocrx_word' id='word_1_544' title='bbox 143 2074 152 2090; x_wconf 68' lang='grc' dir='ltr'><strong>ι</strong></span> <span class='ocrx_word' id='word_1_545' title='bbox 175 2065 222 2092; x_wconf 93' lang='lat' dir='ltr'><strong>Dei</strong></span> <span class='ocrx_word' id='word_1_546' title='bbox 237 2069 264 2093; x_wconf 86' lang='lat' dir='ltr'><strong>et</strong></span> <span class='ocrx_word' id='word_1_547' title='bbox 282 2065 423 2092; x_wconf 92' lang='lat' dir='ltr'><strong>hominum</strong></span> <span class='ocrx_word' id='word_1_548' title='bbox 450 2066 585 2093; x_wconf 88' lang='lat' dir='ltr'><strong>tnediator</strong></span> <span class='ocrx_word' id='word_1_549' title='bbox 602 2072 644 2094; x_wconf 72' lang='lat' dir='ltr'><strong>est</strong></span> <span class='ocrx_word' id='word_1_550' title='bbox 657 2068 689 2098; x_wconf 87' lang='grc'><strong>⁶¹.</strong></span> <span class='ocrx_word' id='word_1_551' title='bbox 707 2078 715 2093; x_wconf 80' lang='grc' dir='ltr'><strong>ι</strong></span> <span class='ocrx_word' id='word_1_552' title='bbox 733 2069 840 2095; x_wconf 86' lang='lat' dir='ltr'><strong>videtur</strong></span> <span class='ocrx_word' id='word_1_553' title='bbox 858 2069 922 2095; x_wconf 90' lang='lat' dir='ltr'><strong>mihi</strong></span> 
     </span>
    </p>
   </div>
   <div class='ocr_carea' id='block_1_75' title="bbox 140 2111 921 2146">
    <p class='ocr_par' dir='ltr' id='par_1_75' title="bbox 140 2111 921 2146">
     <span class='ocr_line' id='line_1_75' title="bbox 140 2111 921 2146; baseline 0.004 -9"><span class='ocrx_word' id='word_1_554' title='bbox 140 2112 214 2138; x_wconf 91' lang='lat' dir='ltr'><strong>inter</strong></span> <span class='ocrx_word' id='word_1_555' title='bbox 234 2112 316 2139; x_wconf 91' lang='lat' dir='ltr'><strong>Deum</strong></span> <span class='ocrx_word' id='word_1_556' title='bbox 336 2115 363 2138; x_wconf 88' lang='lat' dir='ltr'><strong>et</strong></span> <span class='ocrx_word' id='word_1_557' title='bbox 385 2111 523 2138; x_wconf 82' lang='lat' dir='ltr'><strong>hominem</strong></span> <span class='ocrx_word' id='word_1_558' title='bbox 545 2113 633 2139; x_wconf 89' lang='lat' dir='ltr'><strong>media</strong></span> <span class='ocrx_word' id='word_1_559' title='bbox 658 2113 714 2140; x_wconf 66' lang='lat' dir='ltr'><strong>haec</strong></span> <span class='ocrx_word' id='word_1_560' title='bbox 733 2121 793 2141; x_wconf 69' lang='lat' dir='ltr'><strong>esse</strong></span> <span class='ocrx_word' id='word_1_561' title='bbox 816 2115 921 2146; x_wconf 86' lang='lat' dir='ltr'><strong>anima,</strong></span> 
     </span>
    </p>
   </div>
   <div class='ocr_carea' id='block_1_76' title="bbox 139 2156 923 2191">
    <p class='ocr_par' dir='ltr' id='par_1_76' title="bbox 139 2156 923 2191">
     <span class='ocr_line' id='line_1_76' title="bbox 139 2156 923 2191; baseline 0.004 -8"><span class='ocrx_word' id='word_1_562' title='bbox 139 2163 199 2191; x_wconf 68' lang='lat' dir='ltr'><strong>qua:</strong></span> <span class='ocrx_word' id='word_1_563' title='bbox 212 2156 323 2184; x_wconf 84' lang='lat' dir='ltr'><strong>inferior</strong></span> <span class='ocrx_word' id='word_1_564' title='bbox 347 2156 455 2191; x_wconf 85' lang='lat' dir='ltr'><strong>quidem</strong></span> <span class='ocrx_word' id='word_1_565' title='bbox 468 2156 504 2183; x_wconf 83' lang='lat' dir='ltr'><strong>sit</strong></span> <span class='ocrx_word' id='word_1_566' title='bbox 519 2165 533 2183; x_wconf 90' lang='lat' dir='ltr'><strong>a</strong></span> <span class='ocrx_word' id='word_1_567' title='bbox 547 2157 688 2184; x_wconf 85' lang='lat' dir='ltr'><strong>Trinitatis</strong></span> <span class='ocrx_word' id='word_1_568' title='bbox 703 2164 797 2185; x_wconf 87' lang='lat' dir='ltr'><strong>natura</strong></span> <span class='ocrx_word' id='word_1_569' title='bbox 811 2179 818 2191; x_wconf 93' lang='lat'><strong>,</strong></span> <span class='ocrx_word' id='word_1_570' title='bbox 835 2160 923 2187; x_wconf 92' lang='lat' dir='ltr'><strong>minus</strong></span> 
     </span>
    </p>
   </div>
   <div class='ocr_carea' id='block_1_77' title="bbox 139 2202 922 2238">
    <p class='ocr_par' dir='ltr' id='par_1_77' title="bbox 139 2202 922 2238">
     <span class='ocr_line' id='line_1_77' title="bbox 139 2202 922 2238; baseline 0.004 -9"><span class='ocrx_word' id='word_1_571' title='bbox 139 2203 241 2237; x_wconf 78' lang='lat' dir='ltr'><strong>aliquid</strong></span> <span class='ocrx_word' id='word_1_572' title='bbox 253 2202 365 2235; x_wconf 87' lang='lat' dir='ltr'><strong>habens,</strong></span> <span class='ocrx_word' id='word_1_573' title='bbox 381 2209 431 2230; x_wconf 91' lang='lat' dir='ltr'><strong>nec</strong></span> <span class='ocrx_word' id='word_1_574' title='bbox 447 2208 535 2230; x_wconf 88' lang='lat' dir='ltr'><strong>tamen</strong></span> <span class='ocrx_word' id='word_1_575' title='bbox 552 2210 612 2230; x_wconf 93' lang='lat' dir='ltr'><strong>cum</strong></span> <span class='ocrx_word' id='word_1_576' title='bbox 627 2203 688 2230; x_wconf 89' lang='lat' dir='ltr'><strong>inde</strong></span> <span class='ocrx_word' id='word_1_577' title='bbox 702 2204 772 2230; x_wconf 85' lang='lat' dir='ltr'><strong>infra</strong></span> <span class='ocrx_word' id='word_1_578' title='bbox 790 2205 835 2238; x_wconf 90' lang='lat' dir='ltr'><strong>sit,</strong></span> <span class='ocrx_word' id='word_1_579' title='bbox 852 2206 922 2233; x_wconf 93' lang='lat' dir='ltr'><strong>duali</strong></span> 
     </span>
    </p>
   </div>
   <div class='ocr_carea' id='block_1_78' title="bbox 138 2248 923 2287">
    <p class='ocr_par' dir='ltr' id='par_1_78' title="bbox 138 2248 923 2287">
     <span class='ocr_line' id='line_1_78' title="bbox 138 2248 923 2287; baseline 0.005 -12"><span class='ocrx_word' id='word_1_580' title='bbox 138 2256 252 2276; x_wconf 86' lang='lat' dir='ltr'><strong>numero</strong></span> <span class='ocrx_word' id='word_1_581' title='bbox 260 2249 303 2284; x_wconf 87' lang='lat' dir='ltr'><strong>qtti</strong></span> <span class='ocrx_word' id='word_1_582' title='bbox 312 2248 339 2276; x_wconf 91' lang='lat' dir='ltr'><strong>in</strong></span> <span class='ocrx_word' id='word_1_583' title='bbox 353 2256 467 2284; x_wconf 92' lang='lat' dir='ltr'><strong>corpore</strong></span> <span class='ocrx_word' id='word_1_584' title='bbox 478 2249 573 2283; x_wconf 84' lang='lat' dir='ltr'><strong>positis</strong></span> <span class='ocrx_word' id='word_1_585' title='bbox 586 2249 731 2284; x_wconf 86' lang='lat' dir='ltr'><strong>deputatur</strong></span> <span class='ocrx_word' id='word_1_586' title='bbox 744 2251 812 2285; x_wconf 86' lang='lat'><strong>(79),</strong></span> <span class='ocrx_word' id='word_1_587' title='bbox 822 2251 923 2287; x_wconf 88' lang='lat' dir='ltr'><strong>absque</strong></span> 
     </span>
    </p>
   </div>
   <div class='ocr_carea' id='block_1_79' title="bbox 138 2296 920 2331">
    <p class='ocr_par' dir='ltr' id='par_1_79' title="bbox 138 2296 920 2331">
     <span class='ocr_line' id='line_1_79' title="bbox 138 2296 920 2331; baseline 0.005 -9"><span class='ocrx_word' id='word_1_588' title='bbox 138 2296 238 2322; x_wconf 76' lang='lat' dir='ltr'><strong>eximia</strong></span> <span class='ocrx_word' id='word_1_589' title='bbox 256 2301 283 2323; x_wconf 91' lang='lat' dir='ltr'><strong>et</strong></span> <span class='ocrx_word' id='word_1_590' title='bbox 299 2296 463 2331; x_wconf 70' lang='lat' dir='ltr'><strong>prarcellenti</strong></span> <span class='ocrx_word' id='word_1_591' title='bbox 490 2297 620 2324; x_wconf 86' lang='lat' dir='ltr'><strong>virtutum</strong></span> <span class='ocrx_word' id='word_1_592' title='bbox 641 2305 752 2326; x_wconf 84' lang='lat' dir='ltr'><strong>suarum</strong></span> <span class='ocrx_word' id='word_1_593' title='bbox 771 2298 920 2326; x_wconf 90' lang='lat' dir='ltr'><strong>etnitrentia</strong></span> 
     </span>
    </p>
   </div>
   <div class='ocr_carea' id='block_1_80' title="bbox 139 2341 921 2378">
    <p class='ocr_par' dir='ltr' id='par_1_80' title="bbox 139 2341 921 2378">
     <span class='ocr_line' id='line_1_80' title="bbox 139 2341 921 2378; baseline 0.004 -10"><span class='ocrx_word' id='word_1_594' title='bbox 139 2341 294 2369; x_wconf 78' lang='lat' dir='ltr'><strong>misceatur.</strong></span> <span class='ocrx_word' id='word_1_595' title='bbox 305 2341 362 2369; x_wconf 85' lang='lat' dir='ltr'><strong>Hoc</strong></span> <span class='ocrx_word' id='word_1_596' title='bbox 376 2341 448 2369; x_wconf 90' lang='lat' dir='ltr'><strong>enim</strong></span> <span class='ocrx_word' id='word_1_597' title='bbox 468 2343 621 2370; x_wconf 90' lang='lat' dir='ltr'><strong>ostenditur</strong></span> <span class='ocrx_word' id='word_1_598' title='bbox 639 2344 709 2377; x_wconf 89' lang='lat' dir='ltr'><strong>quod</strong></span> <span class='ocrx_word' id='word_1_599' title='bbox 724 2351 848 2370; x_wconf 91' lang='lat' dir='ltr'><strong>mensura</strong></span> <span class='ocrx_word' id='word_1_600' title='bbox 863 2343 921 2378; x_wconf 85' lang='lat' dir='ltr'><strong>ejus</strong></span> 
     </span>
    </p>
   </div>
   <div class='ocr_carea' id='block_1_81' title="bbox 525 2424 762 2456">
    <p class='ocr_par' dir='ltr' id='par_1_81' title="bbox 525 2424 762 2456">
     <span class='ocr_line' id='line_1_81' title="bbox 525 2424 762 2456; baseline 0.004 -5"><span class='ocrx_word' id='word_1_601' title='bbox 525 2425 547 2442; x_wconf 82' lang='grc'><strong>³³</strong></span> <span class='ocrx_word' id='word_1_602' title='bbox 563 2424 640 2452; x_wconf 81' lang='lat' dir='ltr'><strong>Rom.</strong></span> <span class='ocrx_word' id='word_1_603' title='bbox 660 2433 701 2456; x_wconf 83' lang='lat' dir='ltr'><strong>nt.</strong></span> <span class='ocrx_word' id='word_1_604' title='bbox 716 2425 762 2453; x_wconf 73' lang='grc'><strong>25.</strong></span> 
     </span>
    </p>
   </div>
   <div class='ocr_carea' id='block_1_82' title="bbox 174 2423 840 2493">
    <p class='ocr_par' dir='ltr' id='par_1_82' title="bbox 174 2423 840 2493">
     <span class='ocr_line' id='line_1_82' title="bbox 174 2423 840 2459; baseline 0.002 -9"><span class='ocrx_word' id='word_1_605' title='bbox 174 2424 196 2440; x_wconf 83' lang='grc'><strong>’⁸</strong></span> <span class='ocrx_word' id='word_1_606' title='bbox 205 2423 289 2450; x_wconf 86' lang='lat' dir='ltr'><strong>Exod.</strong></span> <span class='ocrx_word' id='word_1_607' title='bbox 303 2432 367 2454; x_wconf 77' lang='lat' dir='ltr'><strong>xxv,</strong></span> <span class='ocrx_word' id='word_1_608' title='bbox 384 2424 416 2451; x_wconf 84' lang='lat' dir='ltr'><strong>l7</strong></span> <span class='ocrx_word' id='word_1_609' title='bbox 430 2432 487 2459; x_wconf 87' lang='lat' dir='ltr'><strong>seq.</strong></span> <span class='ocrx_word' id='word_1_610' title='bbox 525 2425 547 2442; x_wconf 82' lang='grc'><strong>³³</strong></span> <span class='ocrx_word' id='word_1_611' title='bbox 563 2424 640 2452; x_wconf 81' lang='lat' dir='ltr'><strong>Rom.</strong></span> <span class='ocrx_word' id='word_1_612' title='bbox 660 2433 701 2456; x_wconf 83' lang='lat' dir='ltr'><strong>nt.</strong></span> <span class='ocrx_word' id='word_1_613' title='bbox 716 2425 762 2453; x_wconf 73' lang='grc'><strong>25.</strong></span> <span class='ocrx_word' id='word_1_614' title='bbox 801 2427 823 2442; x_wconf 74' lang='grc' dir='ltr'><strong>⁸ο</strong></span> <span class='ocrx_word' id='word_1_615' title='bbox 839 2427 840 2451; x_wconf 76' lang='lat' dir='ltr'><strong>i</strong></span> 
     </span>
     <span class='ocr_line' id='line_1_83' title="bbox 178 2459 840 2493; baseline 0.006 -9"><span class='ocrx_word' id='word_1_616' title='bbox 178 2467 200 2492; x_wconf 87' lang='grc' dir='ltr'><strong>ν⁷</strong></span> <span class='ocrx_word' id='word_1_617' title='bbox 218 2459 319 2491; x_wconf 75' lang='lat'><strong>18,19.</strong></span> <span class='ocrx_word' id='word_1_618' title='bbox 359 2460 381 2474; x_wconf 82' lang='lat'><strong>“</strong></span> <span class='ocrx_word' id='word_1_619' title='bbox 394 2459 498 2487; x_wconf 79' lang='lat' dir='ltr'><strong>Coloss.</strong></span> <span class='ocrx_word' id='word_1_620' title='bbox 512 2467 542 2492; x_wconf 89' lang='grc' dir='ltr'>ιι,</span> <span class='ocrx_word' id='word_1_621' title='bbox 555 2460 582 2487; x_wconf 79' lang='lat'><strong>3.</strong></span> <span class='ocrx_word' id='word_1_622' title='bbox 620 2460 662 2487; x_wconf 78' lang='lat' dir='ltr'><strong>“l</strong></span> <span class='ocrx_word' id='word_1_623' title='bbox 676 2460 740 2490; x_wconf 87' lang='lat' dir='ltr'><strong>Cor.</strong></span> <span class='ocrx_word' id='word_1_624' title='bbox 759 2462 840 2493; x_wconf 76' lang='lat'><strong>&quot;.10.</strong></span> 
     </span>
    </p>
   </div>
   <div class='ocr_carea' id='block_1_83' title="bbox 138 2459 582 2492">
    <p class='ocr_par' dir='ltr' id='par_1_83' title="bbox 138 2459 582 2492">
     <span class='ocr_line' id='line_1_84' title="bbox 138 2459 582 2492; baseline 0.002 -6"><span class='ocrx_word' id='word_1_625' title='bbox 138 2467 200 2492; x_wconf 73' lang='lat' dir='ltr'><strong>xxv,</strong></span> <span class='ocrx_word' id='word_1_626' title='bbox 218 2459 319 2491; x_wconf 75' lang='lat'><strong>18,19.</strong></span> <span class='ocrx_word' id='word_1_627' title='bbox 359 2460 381 2474; x_wconf 82' lang='lat'><strong>“</strong></span> <span class='ocrx_word' id='word_1_628' title='bbox 394 2459 498 2487; x_wconf 79' lang='lat' dir='ltr'><strong>Coloss.</strong></span> <span class='ocrx_word' id='word_1_629' title='bbox 512 2467 542 2492; x_wconf 89' lang='grc' dir='ltr'>ιι,</span> <span class='ocrx_word' id='word_1_630' title='bbox 555 2460 582 2487; x_wconf 79' lang='lat'><strong>3.</strong></span> 
     </span>
    </p>
   </div>
   <div class='ocr_carea' id='block_1_84' title="bbox 173 2539 916 2575">
    <p class='ocr_par' dir='ltr' id='par_1_84' title="bbox 173 2539 916 2575">
     <span class='ocr_line' id='line_1_85' title="bbox 173 2539 916 2575; baseline 0.003 -9"><span class='ocrx_word' id='word_1_631' title='bbox 173 2541 230 2575; x_wconf 82' lang='lat'><strong>(76)</strong></span> <span class='ocrx_word' id='word_1_632' title='bbox 250 2540 308 2575; x_wconf 66' lang='lat' dir='ltr'><strong>AL,</strong></span> <span class='ocrx_word' id='word_1_633' title='bbox 323 2549 331 2565; x_wconf 83' lang='lat'><strong><em>|</em></strong></span> <span class='ocrx_word' id='word_1_634' title='bbox 353 2539 441 2567; x_wconf 91' lang='lat' dir='ltr'><strong>Unntn</strong></span> <span class='ocrx_word' id='word_1_635' title='bbox 459 2541 562 2568; x_wconf 87' lang='lat' dir='ltr'><strong>eherub</strong></span> <span class='ocrx_word' id='word_1_636' title='bbox 578 2549 609 2568; x_wconf 76' lang='lat' dir='ltr'><strong>ex</strong></span> <span class='ocrx_word' id='word_1_637' title='bbox 626 2541 710 2569; x_wconf 86' lang='lat' dir='ltr'><strong>latere</strong></span> <span class='ocrx_word' id='word_1_638' title='bbox 721 2542 784 2573; x_wconf 82' lang='lat' dir='ltr'><strong>huc,</strong></span> <span class='ocrx_word' id='word_1_639' title='bbox 802 2546 828 2569; x_wconf 92' lang='lat' dir='ltr'><strong>et</strong></span> <span class='ocrx_word' id='word_1_640' title='bbox 844 2542 916 2568; x_wconf 86' lang='lat' dir='ltr'><strong>aliud</strong></span> 
     </span>
    </p>
   </div>
   <div class='ocr_carea' id='block_1_85' title="bbox 137 2574 916 2610">
    <p class='ocr_par' dir='ltr' id='par_1_85' title="bbox 137 2574 916 2610">
     <span class='ocr_line' id='line_1_86' title="bbox 137 2574 916 2610; baseline 0.001 -8"><span class='ocrx_word' id='word_1_641' title='bbox 137 2574 240 2603; x_wconf 79' lang='lat' dir='ltr'><strong>cltcrub</strong></span> <span class='ocrx_word' id='word_1_642' title='bbox 253 2583 285 2601; x_wconf 86' lang='lat' dir='ltr'><strong>ex</strong></span> <span class='ocrx_word' id='word_1_643' title='bbox 304 2574 389 2601; x_wconf 87' lang='lat' dir='ltr'><strong>latere</strong></span> <span class='ocrx_word' id='word_1_644' title='bbox 404 2576 489 2603; x_wconf 79' lang='lat' dir='ltr'><strong>altero</strong></span> <span class='ocrx_word' id='word_1_645' title='bbox 503 2577 696 2610; x_wconf 77' lang='lat' dir='ltr'><strong>propitiatorit.</strong></span> <span class='ocrx_word' id='word_1_646' title='bbox 714 2586 723 2602; x_wconf 78' lang='grc' dir='ltr'><strong>ι</strong></span> <span class='ocrx_word' id='word_1_647' title='bbox 738 2577 790 2604; x_wconf 78' lang='lat' dir='ltr'><strong>Sed</strong></span> <span class='ocrx_word' id='word_1_648' title='bbox 801 2578 857 2603; x_wconf 81' lang='lat' dir='ltr'><strong>inec</strong></span> <span class='ocrx_word' id='word_1_649' title='bbox 871 2579 916 2604; x_wconf 82' lang='lat' dir='ltr'><strong>de-</strong></span> 
     </span>
    </p>
   </div>
   <div class='ocr_carea' id='block_1_86' title="bbox 137 2610 531 2638">
    <p class='ocr_par' dir='ltr' id='par_1_86' title="bbox 137 2610 531 2638">
     <span class='ocr_line' id='line_1_87' title="bbox 137 2610 531 2638; baseline -0.003 0"><span class='ocrx_word' id='word_1_650' title='bbox 137 2617 200 2638; x_wconf 80' lang='lat' dir='ltr'><strong>sunt</strong></span> <span class='ocrx_word' id='word_1_651' title='bbox 215 2612 241 2637; x_wconf 93' lang='lat' dir='ltr'><strong>in</strong></span> <span class='ocrx_word' id='word_1_652' title='bbox 257 2610 332 2637; x_wconf 88' lang='lat' dir='ltr'><strong>libris</strong></span> <span class='ocrx_word' id='word_1_653' title='bbox 350 2615 427 2636; x_wconf 83' lang='lat' dir='ltr'><strong>antea</strong></span> <span class='ocrx_word' id='word_1_654' title='bbox 440 2611 531 2638; x_wconf 83' lang='lat' dir='ltr'><strong>editis.</strong></span> 
     </span>
    </p>
   </div>
   <div class='ocr_carea' id='block_1_87' title="bbox 170 2645 688 2680">
    <p class='ocr_par' dir='ltr' id='par_1_87' title="bbox 170 2645 688 2680">
     <span class='ocr_line' id='line_1_88' title="bbox 170 2645 688 2680; baseline 0.004 -9"><span class='ocrx_word' id='word_1_655' title='bbox 170 2646 227 2680; x_wconf 85' lang='lat'><strong>(77)</strong></span> <span class='ocrx_word' id='word_1_656' title='bbox 247 2645 330 2680; x_wconf 77' lang='lat' dir='ltr'><strong>Alias,</strong></span> <span class='ocrx_word' id='word_1_657' title='bbox 353 2653 361 2669; x_wconf 78' lang='grc' dir='ltr'><strong>ι</strong></span> <span class='ocrx_word' id='word_1_658' title='bbox 384 2645 563 2676; x_wconf 82' lang='lat' dir='ltr'><strong>innotescant,</strong></span> <span class='ocrx_word' id='word_1_659' title='bbox 581 2655 590 2671; x_wconf 80' lang='grc' dir='ltr'><strong>ι</strong></span> <span class='ocrx_word' id='word_1_660' title='bbox 609 2646 688 2673; x_wconf 79' lang='lat' dir='ltr'><strong>male.</strong></span> 
     </span>
    </p>
   </div>
   <div class='ocr_carea' id='block_1_88' title="bbox 170 2681 724 2715">
    <p class='ocr_par' dir='ltr' id='par_1_88' title="bbox 170 2681 724 2715">
     <span class='ocr_line' id='line_1_89' title="bbox 170 2681 724 2715; baseline -0.002 -8"><span class='ocrx_word' id='word_1_661' title='bbox 170 2681 227 2715; x_wconf 83' lang='lat'><strong>(78)</strong></span> <span class='ocrx_word' id='word_1_662' title='bbox 247 2681 332 2713; x_wconf 80' lang='lat' dir='ltr'><strong>Alias,</strong></span> <span class='ocrx_word' id='word_1_663' title='bbox 351 2688 360 2704; x_wconf 74' lang='grc' dir='ltr'><strong>ι</strong></span> <span class='ocrx_word' id='word_1_664' title='bbox 377 2687 460 2714; x_wconf 86' lang='lat' dir='ltr'><strong>opera</strong></span> <span class='ocrx_word' id='word_1_665' title='bbox 476 2689 485 2704; x_wconf 77' lang='grc' dir='ltr'><strong>ι</strong></span> <span class='ocrx_word' id='word_1_666' title='bbox 504 2687 573 2715; x_wconf 79' lang='lat' dir='ltr'><strong>prot</strong></span> <span class='ocrx_word' id='word_1_667' title='bbox 593 2681 695 2708; x_wconf 85' lang='lat' dir='ltr'><strong>omnia.</strong></span> <span class='ocrx_word' id='word_1_668' title='bbox 715 2691 724 2706; x_wconf 83' lang='grc'><strong>›</strong></span> 
     </span>
    </p>
   </div>
   <div class='ocr_carea' id='block_1_89' title="bbox 169 2714 916 2751">
    <p class='ocr_par' dir='ltr' id='par_1_89' title="bbox 169 2714 916 2751">
     <span class='ocr_line' id='line_1_90' title="bbox 169 2714 916 2751; baseline 0.001 -9"><span class='ocrx_word' id='word_1_669' title='bbox 169 2716 227 2751; x_wconf 75' lang='grc'>(79)</span> <span class='ocrx_word' id='word_1_670' title='bbox 249 2716 295 2742; x_wconf 76' lang='lat' dir='ltr'><strong>Sic</strong></span> <span class='ocrx_word' id='word_1_671' title='bbox 310 2717 439 2744; x_wconf 82' lang='lat' dir='ltr'><strong>Erasmus</strong></span> <span class='ocrx_word' id='word_1_672' title='bbox 451 2719 479 2751; x_wconf 80' lang='lat' dir='ltr'><strong>et</strong></span> <span class='ocrx_word' id='word_1_673' title='bbox 502 2714 706 2748; x_wconf 85' lang='lat' dir='ltr'><strong>Genebrardus,</strong></span> <span class='ocrx_word' id='word_1_674' title='bbox 723 2722 749 2743; x_wconf 86' lang='lat' dir='ltr'><strong>et.</strong></span> <span class='ocrx_word' id='word_1_675' title='bbox 766 2722 841 2745; x_wconf 80' lang='lat' dir='ltr'><strong>necte</strong></span> <span class='ocrx_word' id='word_1_676' title='bbox 855 2717 916 2751; x_wconf 90' lang='lat' dir='ltr'><strong>qui-</strong></span> 
     </span>
    </p>
   </div>
   <div class='ocr_carea' id='block_1_90' title="bbox 137 2750 915 2785">
    <p class='ocr_par' dir='ltr' id='par_1_90' title="bbox 137 2750 915 2785">
     <span class='ocr_line' id='line_1_91' title="bbox 137 2750 915 2785; baseline 0.001 -8"><span class='ocrx_word' id='word_1_677' title='bbox 137 2750 319 2778; x_wconf 39' lang='lat' dir='ltr'><strong>dern.&#39;Catteri</strong></span> <span class='ocrx_word' id='word_1_678' title='bbox 337 2759 401 2778; x_wconf 89' lang='lat' dir='ltr'><strong>vero</strong></span> <span class='ocrx_word' id='word_1_679' title='bbox 413 2750 476 2777; x_wconf 81' lang='lat' dir='ltr'><strong>editi</strong></span> <span class='ocrx_word' id='word_1_680' title='bbox 489 2755 516 2777; x_wconf 86' lang='lat' dir='ltr'><strong>et</strong></span> <span class='ocrx_word' id='word_1_681' title='bbox 535 2757 600 2776; x_wconf 89' lang='lat' dir='ltr'><strong>mss.</strong></span> <span class='ocrx_word' id='word_1_682' title='bbox 617 2751 704 2777; x_wconf 87' lang='lat' dir='ltr'><strong>nostri</strong></span> <span class='ocrx_word' id='word_1_683' title='bbox 717 2759 822 2783; x_wconf 81' lang='lat' dir='ltr'><strong>omnes,</strong></span> <span class='ocrx_word' id='word_1_684' title='bbox 841 2761 851 2778; x_wconf 75' lang='grc' dir='ltr'>ί</span> <span class='ocrx_word' id='word_1_685' title='bbox 869 2752 915 2785; x_wconf 85' lang='lat' dir='ltr'><strong>qui</strong></span> 
     </span>
    </p>
   </div>
   <div class='ocr_carea' id='block_1_91' title="bbox 135 2785 916 2823">
    <p class='ocr_par' dir='ltr' id='par_1_91' title="bbox 135 2785 916 2823">
     <span class='ocr_line' id='line_1_92' title="bbox 135 2785 916 2823; baseline 0 -10"><span class='ocrx_word' id='word_1_686' title='bbox 135 2787 162 2813; x_wconf 85' lang='lat' dir='ltr'><strong>in</strong></span> <span class='ocrx_word' id='word_1_687' title='bbox 178 2793 291 2821; x_wconf 89' lang='lat' dir='ltr'><strong>corpore</strong></span> <span class='ocrx_word' id='word_1_688' title='bbox 306 2786 409 2821; x_wconf 77' lang='lat' dir='ltr'><strong>positus</strong></span> <span class='ocrx_word' id='word_1_689' title='bbox 425 2786 579 2823; x_wconf 79' lang='lat' dir='ltr'><strong>deputatur.</strong></span> <span class='ocrx_word' id='word_1_690' title='bbox 599 2793 608 2810; x_wconf 88' lang='grc'><strong>›</strong></span> <span class='ocrx_word' id='word_1_691' title='bbox 630 2785 733 2813; x_wconf 85' lang='lat' dir='ltr'><strong>Deinde</strong></span> <span class='ocrx_word' id='word_1_692' title='bbox 752 2794 801 2813; x_wconf 81' lang='lat' dir='ltr'><strong>ms.</strong></span> <span class='ocrx_word' id='word_1_693' title='bbox 827 2795 896 2814; x_wconf 81' lang='lat' dir='ltr'><strong>unus</strong></span> <span class='ocrx_word' id='word_1_694' title='bbox 908 2807 916 2819; x_wconf 93' lang='lat'><strong>,</strong></span> 
     </span>
    </p>
   </div>
   <div class='ocr_carea' id='block_1_92' title="bbox 801 2425 1058 2457">
    <p class='ocr_par' dir='ltr' id='par_1_92' title="bbox 801 2425 1058 2457">
     <span class='ocr_line' id='line_1_93' title="bbox 801 2425 1058 2457; baseline -0.004 -5"><span class='ocrx_word' id='word_1_695' title='bbox 801 2427 823 2442; x_wconf 85' lang='lat'><strong>‘°</strong></span> <span class='ocrx_word' id='word_1_696' title='bbox 839 2426 921 2453; x_wconf 81' lang='lat' dir='ltr'><strong>Exod.</strong></span> <span class='ocrx_word' id='word_1_697' title='bbox 940 2435 1002 2457; x_wconf 74' lang='lat' dir='ltr'><strong>xxv,</strong></span> <span class='ocrx_word' id='word_1_698' title='bbox 1018 2425 1058 2452; x_wconf 80' lang='grc'><strong>17.</strong></span> 
     </span>
    </p>
   </div>
   <div class='ocr_carea' id='block_1_93' title="bbox 896 2461 1086 2492">
    <p class='ocr_par' dir='ltr' id='par_1_93' title="bbox 896 2461 1086 2492">
     <span class='ocr_line' id='line_1_94' title="bbox 896 2461 1086 2492; baseline -0.011 -3"><span class='ocrx_word' id='word_1_699' title='bbox 896 2462 918 2477; x_wconf 87' lang='lat'>&quot;</span> <span class='ocrx_word' id='word_1_700' title='bbox 931 2461 1011 2489; x_wconf 75' lang='lat' dir='ltr'><strong>Josue</strong></span> <span class='ocrx_word' id='word_1_701' title='bbox 1026 2469 1044 2492; x_wconf 82' lang='lat' dir='ltr'><strong>t,</strong></span> <span class='ocrx_word' id='word_1_702' title='bbox 1061 2462 1086 2487; x_wconf 82' lang='lat'><strong>5.</strong></span> 
     </span>
    </p>
   </div>
   <div class='ocr_carea' id='block_1_94' title="bbox 984 1517 1758 1552">
    <p class='ocr_par' dir='ltr' id='par_1_94' title="bbox 984 1517 1758 1552">
     <span class='ocr_line' id='line_1_95' title="bbox 984 1517 1758 1552; baseline -0.004 -7"><span class='ocrx_word' id='word_1_703' title='bbox 984 1518 1029 1545; x_wconf 89' lang='lat' dir='ltr'><strong>Dei</strong></span> <span class='ocrx_word' id='word_1_704' title='bbox 1043 1519 1100 1545; x_wconf 60' lang='lat' dir='ltr'><strong>haec</strong></span> <span class='ocrx_word' id='word_1_705' title='bbox 1115 1518 1179 1544; x_wconf 88' lang='lat' dir='ltr'><strong>dicit</strong></span> <span class='ocrx_word' id='word_1_706' title='bbox 1194 1518 1349 1552; x_wconf 84' lang='lat' dir='ltr'><strong>Apostolus.</strong></span> <span class='ocrx_word' id='word_1_707' title='bbox 1368 1518 1422 1545; x_wconf 85' lang='lat' dir='ltr'><strong>Sed</strong></span> <span class='ocrx_word' id='word_1_708' title='bbox 1443 1522 1469 1544; x_wconf 89' lang='lat' dir='ltr'><strong>et</strong></span> <span class='ocrx_word' id='word_1_709' title='bbox 1490 1518 1523 1544; x_wconf 86' lang='lat' dir='ltr'><strong>de</strong></span> <span class='ocrx_word' id='word_1_710' title='bbox 1549 1517 1653 1552; x_wconf 90' lang='lat' dir='ltr'><strong>Spiritu</strong></span> <span class='ocrx_word' id='word_1_711' title='bbox 1671 1523 1758 1545; x_wconf 80' lang='lat' dir='ltr'><strong>sancto</strong></span> 
     </span>
    </p>
   </div>
   <div class='ocr_carea' id='block_1_95' title="bbox 980 1562 1759 1591">
    <p class='ocr_par' dir='ltr' id='par_1_95' title="bbox 980 1562 1759 1591">
     <span class='ocr_line' id='line_1_96' title="bbox 980 1562 1759 1591; baseline -0.001 -1"><span class='ocrx_word' id='word_1_712' title='bbox 980 1564 1079 1590; x_wconf 83' lang='lat' dir='ltr'><strong>similia</strong></span> <span class='ocrx_word' id='word_1_713' title='bbox 1098 1564 1192 1590; x_wconf 88' lang='lat' dir='ltr'><strong>scribit</strong></span> <span class='ocrx_word' id='word_1_714' title='bbox 1211 1571 1272 1591; x_wconf 88' lang='lat' dir='ltr'><strong>curn</strong></span> <span class='ocrx_word' id='word_1_715' title='bbox 1294 1564 1378 1590; x_wconf 78' lang='lat' dir='ltr'><strong>dicit:</strong></span> <span class='ocrx_word' id='word_1_716' title='bbox 1400 1571 1409 1588; x_wconf 76' lang='grc' dir='ltr'><strong>ι</strong></span> <span class='ocrx_word' id='word_1_717' title='bbox 1424 1562 1507 1590; x_wconf 83' lang='lat' dir='ltr'><strong>Nobis</strong></span> <span class='ocrx_word' id='word_1_718' title='bbox 1523 1568 1615 1590; x_wconf 87' lang='lat' dir='ltr'><strong>autem</strong></span> <span class='ocrx_word' id='word_1_719' title='bbox 1636 1564 1759 1590; x_wconf 71' lang='lat' dir='ltr'><strong>revelavit</strong></span> 
     </span>
    </p>
   </div>
   <div class='ocr_carea' id='block_1_96' title="bbox 981 1609 1758 1644">
    <p class='ocr_par' dir='ltr' id='par_1_96' title="bbox 981 1609 1758 1644">
     <span class='ocr_line' id='line_1_97' title="bbox 981 1609 1758 1644; baseline -0.003 -8"><span class='ocrx_word' id='word_1_720' title='bbox 981 1610 1051 1637; x_wconf 85' lang='lat' dir='ltr'><strong>Deus</strong></span> <span class='ocrx_word' id='word_1_721' title='bbox 1059 1618 1106 1644; x_wconf 89' lang='lat' dir='ltr'><strong>per</strong></span> <span class='ocrx_word' id='word_1_722' title='bbox 1115 1609 1246 1644; x_wconf 91' lang='lat' dir='ltr'><strong>Spiritunt</strong></span> <span class='ocrx_word' id='word_1_723' title='bbox 1261 1617 1339 1637; x_wconf 81' lang='lat' dir='ltr'><strong>suum</strong></span> <span class='ocrx_word' id='word_1_724' title='bbox 1353 1617 1359 1636; x_wconf 93' lang='lat'><strong>:</strong></span> <span class='ocrx_word' id='word_1_725' title='bbox 1374 1609 1490 1644; x_wconf 86' lang='lat' dir='ltr'><strong>Spiritus</strong></span> <span class='ocrx_word' id='word_1_726' title='bbox 1500 1610 1572 1636; x_wconf 88' lang='lat' dir='ltr'><strong>enim</strong></span> <span class='ocrx_word' id='word_1_727' title='bbox 1584 1609 1678 1636; x_wconf 83' lang='lat' dir='ltr'><strong>omnia</strong></span> <span class='ocrx_word' id='word_1_728' title='bbox 1688 1615 1758 1636; x_wconf 85' lang='lat' dir='ltr'><strong>scru—</strong></span> 
     </span>
    </p>
   </div>
   <div class='ocr_carea' id='block_1_97' title="bbox 980 1654 1760 1689">
    <p class='ocr_par' dir='ltr' id='par_1_97' title="bbox 980 1654 1760 1689">
     <span class='ocr_line' id='line_1_98' title="bbox 980 1654 1760 1689; baseline -0.004 -6"><span class='ocrx_word' id='word_1_729' title='bbox 980 1662 1063 1689; x_wconf 91' lang='lat' dir='ltr'><strong>tatur,</strong></span> <span class='ocrx_word' id='word_1_730' title='bbox 1090 1657 1171 1683; x_wconf 77' lang='lat' dir='ltr'><strong>etiam</strong></span> <span class='ocrx_word' id='word_1_731' title='bbox 1192 1656 1245 1682; x_wconf 87' lang='lat' dir='ltr'><strong>alta</strong></span> <span class='ocrx_word' id='word_1_732' title='bbox 1267 1656 1313 1682; x_wconf 91' lang='lat' dir='ltr'><strong>Dei</strong></span> <span class='ocrx_word' id='word_1_733' title='bbox 1328 1656 1361 1682; x_wconf 76' lang='grc'><strong>⁵⁵.</strong></span> <span class='ocrx_word' id='word_1_734' title='bbox 1382 1665 1392 1681; x_wconf 76' lang='grc' dir='ltr'><strong>ι</strong></span> <span class='ocrx_word' id='word_1_735' title='bbox 1410 1655 1588 1689; x_wconf 83' lang='lat' dir='ltr'><strong>Significatur</strong></span> <span class='ocrx_word' id='word_1_736' title='bbox 1616 1654 1711 1689; x_wconf 77' lang='lat' dir='ltr'><strong>igitur,</strong></span> <span class='ocrx_word' id='word_1_737' title='bbox 1733 1659 1760 1680; x_wconf 88' lang='lat' dir='ltr'><strong>ut</strong></span> 
     </span>
    </p>
   </div>
   <div class='ocr_carea' id='block_1_98' title="bbox 979 1700 1758 1736">
    <p class='ocr_par' dir='ltr' id='par_1_98' title="bbox 979 1700 1758 1736">
     <span class='ocr_line' id='line_1_99' title="bbox 979 1700 1758 1736; baseline -0.004 -8"><span class='ocrx_word' id='word_1_738' title='bbox 979 1709 1030 1736; x_wconf 80' lang='lat' dir='ltr'><strong>ego</strong></span> <span class='ocrx_word' id='word_1_739' title='bbox 1047 1701 1174 1733; x_wconf 91' lang='lat' dir='ltr'><strong>arbitror,</strong></span> <span class='ocrx_word' id='word_1_740' title='bbox 1189 1701 1215 1728; x_wconf 91' lang='lat' dir='ltr'><strong>in</strong></span> <span class='ocrx_word' id='word_1_741' title='bbox 1230 1701 1490 1736; x_wconf 89' lang='lat' dir='ltr'><strong>istopropitiatorio,</strong></span> <span class='ocrx_word' id='word_1_742' title='bbox 1506 1701 1562 1729; x_wconf 83' lang='lat' dir='ltr'><strong>hoc,</strong></span> <span class='ocrx_word' id='word_1_743' title='bbox 1570 1705 1613 1727; x_wconf 87' lang='lat' dir='ltr'><strong>est</strong></span> <span class='ocrx_word' id='word_1_744' title='bbox 1632 1701 1660 1726; x_wconf 89' lang='lat' dir='ltr'><strong>in</strong></span> <span class='ocrx_word' id='word_1_745' title='bbox 1673 1700 1758 1726; x_wconf 82' lang='lat' dir='ltr'><strong>anima</strong></span> 
     </span>
    </p>
   </div>
   <div class='ocr_carea' id='block_1_99' title="bbox 978 1746 1759 1782">
    <p class='ocr_par' dir='ltr' id='par_1_99' title="bbox 978 1746 1759 1782">
     <span class='ocr_line' id='line_1_100' title="bbox 978 1746 1759 1782; baseline -0.003 -8"><span class='ocrx_word' id='word_1_746' title='bbox 978 1747 1052 1779; x_wconf 85' lang='lat' dir='ltr'><strong>Jesu,</strong></span> <span class='ocrx_word' id='word_1_747' title='bbox 1066 1747 1181 1774; x_wconf 84' lang='lat' dir='ltr'><strong>Verbum</strong></span> <span class='ocrx_word' id='word_1_748' title='bbox 1198 1747 1255 1777; x_wconf 81' lang='lat' dir='ltr'><strong>Dei,</strong></span> <span class='ocrx_word' id='word_1_749' title='bbox 1268 1747 1312 1781; x_wconf 91' lang='lat' dir='ltr'><strong>qui</strong></span> <span class='ocrx_word' id='word_1_750' title='bbox 1329 1747 1533 1782; x_wconf 86' lang='lat' dir='ltr'><strong>estnnigenitus</strong></span> <span class='ocrx_word' id='word_1_751' title='bbox 1548 1746 1646 1778; x_wconf 85' lang='lat' dir='ltr'><strong>Filius,</strong></span> <span class='ocrx_word' id='word_1_752' title='bbox 1658 1751 1686 1773; x_wconf 89' lang='lat' dir='ltr'><strong>et</strong></span> <span class='ocrx_word' id='word_1_753' title='bbox 1700 1746 1759 1780; x_wconf 83' lang='lat' dir='ltr'><strong>Spi-</strong></span> 
     </span>
    </p>
   </div>
   <div class='ocr_carea' id='block_1_100' title="bbox 979 1793 1759 1827">
    <p class='ocr_par' dir='ltr' id='par_1_100' title="bbox 979 1793 1759 1827">
     <span class='ocr_line' id='line_1_101' title="bbox 979 1793 1759 1827; baseline -0.001 -8"><span class='ocrx_word' id='word_1_754' title='bbox 979 1793 1059 1819; x_wconf 92' lang='lat' dir='ltr'><strong>ritum</strong></span> <span class='ocrx_word' id='word_1_755' title='bbox 1079 1793 1137 1827; x_wconf 87' lang='lat' dir='ltr'><strong>ejus</strong></span> <span class='ocrx_word' id='word_1_756' title='bbox 1160 1797 1282 1819; x_wconf 84' lang='lat' dir='ltr'><strong>sanctum</strong></span> <span class='ocrx_word' id='word_1_757' title='bbox 1302 1800 1409 1827; x_wconf 79' lang='lat' dir='ltr'><strong>seraper</strong></span> <span class='ocrx_word' id='word_1_758' title='bbox 1434 1793 1580 1819; x_wconf 89' lang='lat' dir='ltr'><strong>habitare:</strong></span> <span class='ocrx_word' id='word_1_759' title='bbox 1601 1797 1629 1819; x_wconf 91' lang='lat' dir='ltr'><strong>et</strong></span> <span class='ocrx_word' id='word_1_760' title='bbox 1648 1793 1700 1819; x_wconf 91' lang='lat' dir='ltr'><strong>hoc</strong></span> <span class='ocrx_word' id='word_1_761' title='bbox 1720 1797 1759 1819; x_wconf 89' lang='lat' dir='ltr'><strong>est</strong></span> 
     </span>
    </p>
   </div>
   <div class='ocr_carea' id='block_1_101' title="bbox 977 1838 1758 1872">
    <p class='ocr_par' dir='ltr' id='par_1_101' title="bbox 977 1838 1758 1872">
     <span class='ocr_line' id='line_1_102' title="bbox 977 1838 1758 1872; baseline 0 -8"><span class='ocrx_word' id='word_1_762' title='bbox 977 1838 1049 1872; x_wconf 85' lang='lat' dir='ltr'><strong>quod</strong></span> <span class='ocrx_word' id='word_1_763' title='bbox 1062 1838 1185 1864; x_wconf 87' lang='lat' dir='ltr'><strong>indicant</strong></span> <span class='ocrx_word' id='word_1_764' title='bbox 1201 1839 1254 1866; x_wconf 87' lang='lat' dir='ltr'><strong>duo</strong></span> <span class='ocrx_word' id='word_1_765' title='bbox 1270 1838 1402 1865; x_wconf 87' lang='lat' dir='ltr'><strong>cherubin</strong></span> <span class='ocrx_word' id='word_1_766' title='bbox 1419 1838 1611 1872; x_wconf 87' lang='lat' dir='ltr'><strong>propitiatorio</strong></span> <span class='ocrx_word' id='word_1_767' title='bbox 1627 1845 1758 1872; x_wconf 77' lang='lat' dir='ltr'><strong>superpo-</strong></span> 
     </span>
    </p>
   </div>
   <div class='ocr_carea' id='block_1_102' title="bbox 976 1883 1760 1918">
    <p class='ocr_par' dir='ltr' id='par_1_102' title="bbox 976 1883 1760 1918">
     <span class='ocr_line' id='line_1_103' title="bbox 976 1883 1760 1918; baseline 0 -8"><span class='ocrx_word' id='word_1_768' title='bbox 976 1884 1040 1911; x_wconf 88' lang='lat' dir='ltr'><strong>sita.</strong></span> <span class='ocrx_word' id='word_1_769' title='bbox 1058 1884 1111 1910; x_wconf 86' lang='lat' dir='ltr'><strong>Sed</strong></span> <span class='ocrx_word' id='word_1_770' title='bbox 1126 1889 1154 1910; x_wconf 87' lang='lat' dir='ltr'><strong>et</strong></span> <span class='ocrx_word' id='word_1_771' title='bbox 1175 1884 1240 1910; x_wconf 92' lang='lat' dir='ltr'><strong>illud</strong></span> <span class='ocrx_word' id='word_1_772' title='bbox 1257 1883 1387 1915; x_wconf 88' lang='lat' dir='ltr'><strong>observa,</strong></span> <span class='ocrx_word' id='word_1_773' title='bbox 1411 1884 1483 1918; x_wconf 86' lang='lat' dir='ltr'><strong>quod</strong></span> <span class='ocrx_word' id='word_1_774' title='bbox 1503 1891 1555 1910; x_wconf 92' lang='lat' dir='ltr'><strong>non</strong></span> <span class='ocrx_word' id='word_1_775' title='bbox 1575 1883 1646 1910; x_wconf 74' lang='lat' dir='ltr'><strong>dixit</strong></span> <span class='ocrx_word' id='word_1_776' title='bbox 1663 1892 1672 1910; x_wconf 83' lang='lat'><strong>:</strong></span> <span class='ocrx_word' id='word_1_777' title='bbox 1693 1884 1760 1910; x_wconf 82' lang='lat' dir='ltr'><strong>Che-</strong></span> 
     </span>
    </p>
   </div>
   <div class='ocr_carea' id='block_1_103' title="bbox 977 1928 1759 1960">
    <p class='ocr_par' dir='ltr' id='par_1_103' title="bbox 977 1928 1759 1960">
     <span class='ocr_line' id='line_1_104' title="bbox 977 1928 1759 1960; baseline 0 -5"><span class='ocrx_word' id='word_1_778' title='bbox 977 1929 1054 1956; x_wconf 91' lang='lat' dir='ltr'><strong>rubin</strong></span> <span class='ocrx_word' id='word_1_779' title='bbox 1072 1937 1154 1956; x_wconf 92' lang='lat' dir='ltr'><strong>unum</strong></span> <span class='ocrx_word' id='word_1_780' title='bbox 1169 1937 1201 1956; x_wconf 80' lang='lat' dir='ltr'><strong>ex</strong></span> <span class='ocrx_word' id='word_1_781' title='bbox 1219 1929 1303 1960; x_wconf 85' lang='lat' dir='ltr'><strong>latere</strong></span> <span class='ocrx_word' id='word_1_782' title='bbox 1316 1929 1423 1960; x_wconf 76' lang='lat' dir='ltr'><strong>dextro,</strong></span> <span class='ocrx_word' id='word_1_783' title='bbox 1440 1934 1467 1955; x_wconf 86' lang='lat' dir='ltr'><strong>et</strong></span> <span class='ocrx_word' id='word_1_784' title='bbox 1483 1928 1616 1955; x_wconf 86' lang='lat' dir='ltr'><strong>cherubin</strong></span> <span class='ocrx_word' id='word_1_785' title='bbox 1632 1928 1708 1956; x_wconf 78' lang='lat' dir='ltr'><strong>aliud</strong></span> <span class='ocrx_word' id='word_1_786' title='bbox 1727 1936 1759 1955; x_wconf 66' lang='grc' dir='ltr'>ει</span> 
     </span>
    </p>
   </div>
   <div class='ocr_carea' id='block_1_104' title="bbox 976 1974 1758 2007">
    <p class='ocr_par' dir='ltr' id='par_1_104' title="bbox 976 1974 1758 2007">
     <span class='ocr_line' id='line_1_105' title="bbox 976 1974 1758 2007; baseline 0.001 -7"><span class='ocrx_word' id='word_1_787' title='bbox 976 1974 1063 2001; x_wconf 84' lang='lat' dir='ltr'><strong>latere</strong></span> <span class='ocrx_word' id='word_1_788' title='bbox 1082 1975 1212 2007; x_wconf 88' lang='lat' dir='ltr'><strong>sinistro;</strong></span> <span class='ocrx_word' id='word_1_789' title='bbox 1229 1976 1276 2002; x_wconf 86' lang='lat' dir='ltr'><strong>sed</strong></span> <span class='ocrx_word' id='word_1_790' title='bbox 1295 1975 1332 2001; x_wconf 90' lang='lat' dir='ltr'><strong>ait</strong></span> <span class='ocrx_word' id='word_1_791' title='bbox 1348 1983 1355 2001; x_wconf 87' lang='lat'><strong>:</strong></span> <span class='ocrx_word' id='word_1_792' title='bbox 1374 1984 1383 1999; x_wconf 78' lang='lat' dir='ltr'><strong>t</strong></span> <span class='ocrx_word' id='word_1_793' title='bbox 1399 1974 1535 2002; x_wconf 88' lang='lat' dir='ltr'><strong>Cherubin</strong></span> <span class='ocrx_word' id='word_1_794' title='bbox 1560 1981 1643 2001; x_wconf 91' lang='lat' dir='ltr'><strong>unum</strong></span> <span class='ocrx_word' id='word_1_795' title='bbox 1660 1982 1694 2002; x_wconf 75' lang='lat' dir='ltr'><strong>ex</strong></span> <span class='ocrx_word' id='word_1_796' title='bbox 1719 1974 1758 2001; x_wconf 81' lang='lat' dir='ltr'><strong>la-</strong></span> 
     </span>
    </p>
   </div>
   <div class='ocr_carea' id='block_1_105' title="bbox 977 2019 1762 2050">
    <p class='ocr_par' dir='ltr' id='par_1_105' title="bbox 977 2019 1762 2050">
     <span class='ocr_line' id='line_1_106' title="bbox 977 2019 1762 2050; baseline -0.003 -4"><span class='ocrx_word' id='word_1_797' title='bbox 977 2024 1033 2047; x_wconf 86' lang='lat' dir='ltr'><strong>tere</strong></span> <span class='ocrx_word' id='word_1_798' title='bbox 1058 2020 1124 2050; x_wconf 83' lang='lat' dir='ltr'><strong>hoe.</strong></span> <span class='ocrx_word' id='word_1_799' title='bbox 1143 2024 1170 2046; x_wconf 91' lang='lat' dir='ltr'><strong>et</strong></span> <span class='ocrx_word' id='word_1_800' title='bbox 1189 2020 1321 2047; x_wconf 90' lang='lat' dir='ltr'><strong>cherubin</strong></span> <span class='ocrx_word' id='word_1_801' title='bbox 1348 2020 1420 2046; x_wconf 90' lang='lat' dir='ltr'><strong>aliud</strong></span> <span class='ocrx_word' id='word_1_802' title='bbox 1441 2028 1473 2047; x_wconf 79' lang='lat' dir='ltr'><strong>ex</strong></span> <span class='ocrx_word' id='word_1_803' title='bbox 1498 2020 1582 2047; x_wconf 87' lang='lat' dir='ltr'><strong>latere</strong></span> <span class='ocrx_word' id='word_1_804' title='bbox 1606 2019 1724 2047; x_wconf 72' lang='lat' dir='ltr'><strong>alteron</strong></span> <span class='ocrx_word' id='word_1_805' title='bbox 1735 2023 1762 2045; x_wconf 93' lang='lat' dir='ltr'><strong>ut</strong></span> 
     </span>
    </p>
   </div>
   <div class='ocr_carea' id='block_1_106' title="bbox 974 2065 1759 2100">
    <p class='ocr_par' dir='ltr' id='par_1_106' title="bbox 974 2065 1759 2100">
     <span class='ocr_line' id='line_1_107' title="bbox 974 2065 1759 2100; baseline -0.001 -7"><span class='ocrx_word' id='word_1_806' title='bbox 974 2065 1131 2093; x_wconf 75' lang='lat' dir='ltr'><strong>estertderet</strong></span> <span class='ocrx_word' id='word_1_807' title='bbox 1147 2066 1175 2092; x_wconf 90' lang='lat' dir='ltr'><strong>in</strong></span> <span class='ocrx_word' id='word_1_808' title='bbox 1196 2066 1240 2093; x_wconf 88' lang='lat' dir='ltr'><strong>illo</strong></span> <span class='ocrx_word' id='word_1_809' title='bbox 1256 2066 1462 2100; x_wconf 85' lang='lat' dir='ltr'><strong>propitiatorio,</strong></span> <span class='ocrx_word' id='word_1_810' title='bbox 1489 2066 1541 2092; x_wconf 88' lang='lat' dir='ltr'><strong>hoc</strong></span> <span class='ocrx_word' id='word_1_811' title='bbox 1556 2071 1600 2093; x_wconf 92' lang='lat' dir='ltr'><strong>est</strong></span> <span class='ocrx_word' id='word_1_812' title='bbox 1620 2067 1648 2092; x_wconf 93' lang='lat' dir='ltr'><strong>in</strong></span> <span class='ocrx_word' id='word_1_813' title='bbox 1669 2066 1759 2093; x_wconf 81' lang='lat' dir='ltr'><strong>anima</strong></span> 
     </span>
    </p>
   </div>
   <div class='ocr_carea' id='block_1_107' title="bbox 974 2111 1760 2147">
    <p class='ocr_par' dir='ltr' id='par_1_107' title="bbox 974 2111 1760 2147">
     <span class='ocr_line' id='line_1_108' title="bbox 974 2111 1760 2147; baseline -0.001 -8"><span class='ocrx_word' id='word_1_814' title='bbox 974 2112 1086 2145; x_wconf 78' lang='lat' dir='ltr'><strong>Christi,</strong></span> <span class='ocrx_word' id='word_1_815' title='bbox 1102 2113 1242 2139; x_wconf 86' lang='lat' dir='ltr'><strong>sinistrum</strong></span> <span class='ocrx_word' id='word_1_816' title='bbox 1262 2112 1328 2139; x_wconf 94' lang='lat' dir='ltr'><strong>nihil</strong></span> <span class='ocrx_word' id='word_1_817' title='bbox 1347 2111 1440 2139; x_wconf 89' lang='lat' dir='ltr'><strong>fuisse.</strong></span> <span class='ocrx_word' id='word_1_818' title='bbox 1456 2111 1524 2138; x_wconf 87' lang='lat' dir='ltr'><strong>Sunt</strong></span> <span class='ocrx_word' id='word_1_819' title='bbox 1535 2117 1628 2138; x_wconf 88' lang='lat' dir='ltr'><strong>autetn</strong></span> <span class='ocrx_word' id='word_1_820' title='bbox 1646 2117 1675 2139; x_wconf 89' lang='lat' dir='ltr'><strong>et</strong></span> <span class='ocrx_word' id='word_1_821' title='bbox 1695 2120 1760 2147; x_wconf 85' lang='lat' dir='ltr'><strong>pen-</strong></span> 
     </span>
    </p>
   </div>
   <div class='ocr_carea' id='block_1_108' title="bbox 940 2152 1758 2191">
    <p class='ocr_par' dir='ltr' id='par_1_108' title="bbox 940 2152 1758 2191">
     <span class='ocr_line' id='line_1_109' title="bbox 940 2152 1758 2191; baseline -0.004 -6"><span class='ocrx_word' id='word_1_822' title='bbox 940 2152 960 2179; x_wconf 81' lang='lat' dir='ltr'><strong>D</strong></span> <span class='ocrx_word' id='word_1_823' title='bbox 979 2163 1042 2185; x_wconf 86' lang='lat' dir='ltr'><strong>nata</strong></span> <span class='ocrx_word' id='word_1_824' title='bbox 1063 2159 1115 2185; x_wconf 90' lang='lat' dir='ltr'><strong>duo</strong></span> <span class='ocrx_word' id='word_1_825' title='bbox 1140 2158 1196 2184; x_wconf 69' lang='lat' dir='ltr'><strong>hare</strong></span> <span class='ocrx_word' id='word_1_826' title='bbox 1216 2157 1363 2189; x_wconf 89' lang='lat' dir='ltr'><strong>cherubin;</strong></span> <span class='ocrx_word' id='word_1_827' title='bbox 1384 2162 1412 2183; x_wconf 85' lang='lat' dir='ltr'><strong>et</strong></span> <span class='ocrx_word' id='word_1_828' title='bbox 1434 2164 1486 2183; x_wconf 94' lang='lat' dir='ltr'><strong>non</strong></span> <span class='ocrx_word' id='word_1_829' title='bbox 1509 2157 1598 2183; x_wconf 88' lang='lat' dir='ltr'><strong>solutn</strong></span> <span class='ocrx_word' id='word_1_830' title='bbox 1619 2161 1737 2191; x_wconf 81' lang='lat' dir='ltr'><strong>pennata</strong></span> <span class='ocrx_word' id='word_1_831' title='bbox 1751 2175 1758 2186; x_wconf 92' lang='lat'>.</span> 
     </span>
    </p>
   </div>
   <div class='ocr_carea' id='block_1_109' title="bbox 977 2201 1759 2238">
    <p class='ocr_par' dir='ltr' id='par_1_109' title="bbox 977 2201 1759 2238">
     <span class='ocr_line' id='line_1_110' title="bbox 977 2201 1759 2238; baseline -0.005 -8"><span class='ocrx_word' id='word_1_832' title='bbox 977 2204 1024 2230; x_wconf 88' lang='lat' dir='ltr'><strong>sed</strong></span> <span class='ocrx_word' id='word_1_833' title='bbox 1036 2208 1064 2230; x_wconf 90' lang='lat' dir='ltr'><strong>et</strong></span> <span class='ocrx_word' id='word_1_834' title='bbox 1075 2203 1131 2229; x_wconf 88' lang='lat' dir='ltr'><strong>alas</strong></span> <span class='ocrx_word' id='word_1_835' title='bbox 1141 2211 1204 2230; x_wconf 81' lang='lat' dir='ltr'><strong>snas</strong></span> <span class='ocrx_word' id='word_1_836' title='bbox 1215 2203 1371 2238; x_wconf 84' lang='lat' dir='ltr'><strong>pandentia.</strong></span> <span class='ocrx_word' id='word_1_837' title='bbox 1389 2202 1420 2229; x_wconf 80' lang='lat' dir='ltr'><strong>Si</strong></span> <span class='ocrx_word' id='word_1_838' title='bbox 1437 2201 1496 2236; x_wconf 87' lang='lat' dir='ltr'><strong>quis</strong></span> <span class='ocrx_word' id='word_1_839' title='bbox 1511 2207 1672 2229; x_wconf 86' lang='lat' dir='ltr'><strong>sanctorum</strong></span> <span class='ocrx_word' id='word_1_840' title='bbox 1686 2210 1759 2229; x_wconf 75' lang='lat' dir='ltr'><strong>sum-</strong></span> 
     </span>
    </p>
   </div>
   <div class='ocr_carea' id='block_1_110' title="bbox 976 2247 1760 2283">
    <p class='ocr_par' dir='ltr' id='par_1_110' title="bbox 976 2247 1760 2283">
     <span class='ocr_line' id='line_1_111' title="bbox 976 2247 1760 2283; baseline 0.001 -9"><span class='ocrx_word' id='word_1_841' title='bbox 976 2256 1047 2275; x_wconf 89' lang='lat' dir='ltr'><strong>murn</strong></span> <span class='ocrx_word' id='word_1_842' title='bbox 1064 2247 1144 2283; x_wconf 82' lang='lat'><strong>515</strong></span> <span class='ocrx_word' id='word_1_843' title='bbox 1161 2248 1260 2276; x_wconf 89' lang='lat' dir='ltr'><strong>habere</strong></span> <span class='ocrx_word' id='word_1_844' title='bbox 1273 2256 1288 2275; x_wconf 89' lang='lat' dir='ltr'><strong>a</strong></span> <span class='ocrx_word' id='word_1_845' title='bbox 1305 2248 1358 2275; x_wconf 88' lang='lat' dir='ltr'><strong>Deo</strong></span> <span class='ocrx_word' id='word_1_846' title='bbox 1376 2247 1559 2274; x_wconf 84' lang='lat' dir='ltr'><strong>testiinonium</strong></span> <span class='ocrx_word' id='word_1_847' title='bbox 1585 2249 1704 2280; x_wconf 83' lang='lat' dir='ltr'><strong>meruit,</strong></span> <span class='ocrx_word' id='word_1_848' title='bbox 1721 2249 1760 2275; x_wconf 89' lang='lat' dir='ltr'><strong>di-</strong></span> 
     </span>
    </p>
   </div>
   <div class='ocr_carea' id='block_1_111' title="bbox 974 2293 1758 2328">
    <p class='ocr_par' dir='ltr' id='par_1_111' title="bbox 974 2293 1758 2328">
     <span class='ocr_line' id='line_1_112' title="bbox 974 2293 1758 2328; baseline -0.003 -6"><span class='ocrx_word' id='word_1_849' title='bbox 974 2301 1046 2322; x_wconf 90' lang='lat' dir='ltr'><strong>ctmn</strong></span> <span class='ocrx_word' id='word_1_850' title='bbox 1064 2295 1189 2328; x_wconf 74' lang='lat' dir='ltr'><strong>estquod</strong></span> <span class='ocrx_word' id='word_1_851' title='bbox 1207 2293 1277 2322; x_wconf 86' lang='lat' dir='ltr'><strong>Deus</strong></span> <span class='ocrx_word' id='word_1_852' title='bbox 1292 2300 1364 2322; x_wconf 85' lang='lat' dir='ltr'><strong>esset</strong></span> <span class='ocrx_word' id='word_1_853' title='bbox 1385 2301 1446 2321; x_wconf 92' lang='lat' dir='ltr'><strong>cum</strong></span> <span class='ocrx_word' id='word_1_854' title='bbox 1469 2302 1518 2327; x_wconf 87' lang='lat' dir='ltr'><strong>eo,</strong></span> <span class='ocrx_word' id='word_1_855' title='bbox 1543 2295 1614 2322; x_wconf 89' lang='lat' dir='ltr'><strong>sicut</strong></span> <span class='ocrx_word' id='word_1_856' title='bbox 1637 2295 1672 2322; x_wconf 87' lang='lat' dir='ltr'><strong>de</strong></span> <span class='ocrx_word' id='word_1_857' title='bbox 1695 2293 1758 2321; x_wconf 74' lang='lat' dir='ltr'><strong>Jesu</strong></span> 
     </span>
    </p>
   </div>
   <div class='ocr_carea' id='block_1_112' title="bbox 974 2341 1758 2377">
    <p class='ocr_par' dir='ltr' id='par_1_112' title="bbox 974 2341 1758 2377">
     <span class='ocr_line' id='line_1_113' title="bbox 974 2341 1758 2377; baseline 0 -9"><span class='ocrx_word' id='word_1_858' title='bbox 974 2341 1047 2369; x_wconf 81' lang='lat' dir='ltr'><strong>Nave</strong></span> <span class='ocrx_word' id='word_1_859' title='bbox 1059 2342 1157 2368; x_wconf 89' lang='lat' dir='ltr'><strong>dicitur</strong></span> <span class='ocrx_word' id='word_1_860' title='bbox 1172 2342 1194 2357; x_wconf 78' lang='lat'><strong>“</strong></span> <span class='ocrx_word' id='word_1_861' title='bbox 1211 2350 1217 2368; x_wconf 90' lang='lat'><strong>:</strong></span> <span class='ocrx_word' id='word_1_862' title='bbox 1236 2351 1245 2366; x_wconf 84' lang='grc' dir='ltr'><strong>ι</strong></span> <span class='ocrx_word' id='word_1_863' title='bbox 1265 2341 1297 2367; x_wconf 88' lang='lat' dir='ltr'><strong>Et</strong></span> <span class='ocrx_word' id='word_1_864' title='bbox 1308 2341 1377 2368; x_wconf 83' lang='lat' dir='ltr'><strong>Deus</strong></span> <span class='ocrx_word' id='word_1_865' title='bbox 1389 2347 1448 2369; x_wconf 89' lang='lat' dir='ltr'><strong>erat</strong></span> <span class='ocrx_word' id='word_1_866' title='bbox 1461 2350 1521 2368; x_wconf 89' lang='lat' dir='ltr'><strong>ctttn</strong></span> <span class='ocrx_word' id='word_1_867' title='bbox 1538 2343 1608 2377; x_wconf 87' lang='lat' dir='ltr'><strong>ipso,</strong></span> <span class='ocrx_word' id='word_1_868' title='bbox 1624 2344 1696 2370; x_wconf 88' lang='lat' dir='ltr'><strong>sicut</strong></span> <span class='ocrx_word' id='word_1_869' title='bbox 1712 2343 1758 2370; x_wconf 89' lang='lat' dir='ltr'><strong>fuit</strong></span> 
     </span>
    </p>
   </div>
   <div class='ocr_carea' id='block_1_113' title="bbox 1100 2422 1752 2455">
    <p class='ocr_par' dir='ltr' id='par_1_113' title="bbox 1100 2422 1752 2455">
     <span class='ocr_line' id='line_1_114' title="bbox 1100 2422 1752 2455; baseline -0.005 -4"><span class='ocrx_word' id='word_1_870' title='bbox 1100 2425 1120 2440; x_wconf 83' lang='lat'>“</span> <span class='ocrx_word' id='word_1_871' title='bbox 1133 2425 1140 2451; x_wconf 95' lang='grc'><strong>1</strong></span> <span class='ocrx_word' id='word_1_872' title='bbox 1154 2424 1225 2451; x_wconf 82' lang='lat' dir='ltr'><strong>l&#39;etr.</strong></span> <span class='ocrx_word' id='word_1_873' title='bbox 1241 2431 1271 2455; x_wconf 89' lang='lat' dir='ltr'><strong>rt,</strong></span> <span class='ocrx_word' id='word_1_874' title='bbox 1285 2422 1330 2449; x_wconf 71' lang='lat'><strong>22.</strong></span> <span class='ocrx_word' id='word_1_875' title='bbox 1369 2422 1412 2449; x_wconf 78' lang='lat' dir='ltr'><strong>&quot;l</strong></span> <span class='ocrx_word' id='word_1_876' title='bbox 1429 2422 1498 2450; x_wconf 77' lang='lat' dir='ltr'><strong>&#39;l&#39;im.</strong></span> <span class='ocrx_word' id='word_1_877' title='bbox 1519 2431 1548 2454; x_wconf 87' lang='lat' dir='ltr'><strong>Il,</strong></span> <span class='ocrx_word' id='word_1_878' title='bbox 1568 2422 1596 2448; x_wconf 85' lang='lat'><strong>5.</strong></span> <span class='ocrx_word' id='word_1_879' title='bbox 1636 2424 1660 2439; x_wconf 79' lang='lat'><strong><em>&quot;</em></strong></span> <span class='ocrx_word' id='word_1_880' title='bbox 1676 2424 1752 2450; x_wconf 64' lang='lat' dir='ltr'><strong>iiwL‘.</strong></span> 
     </span>
    </p>
   </div>
   <div class='ocr_carea' id='block_1_114' title="bbox 973 2541 1275 2576">
    <p class='ocr_par' dir='ltr' id='par_1_114' title="bbox 973 2541 1275 2576">
     <span class='ocr_line' id='line_1_115' title="bbox 973 2541 1275 2576; baseline -0.003 -9"><span class='ocrx_word' id='word_1_881' title='bbox 973 2551 982 2567; x_wconf 84' lang='lat'><strong>(</strong></span> <span class='ocrx_word' id='word_1_882' title='bbox 999 2550 1046 2576; x_wconf 81' lang='lat' dir='ltr'><strong>pro</strong></span> <span class='ocrx_word' id='word_1_883' title='bbox 1062 2541 1173 2572; x_wconf 74' lang='lat' dir='ltr'><strong>eximia,</strong></span> <span class='ocrx_word' id='word_1_884' title='bbox 1191 2550 1200 2565; x_wconf 73' lang='grc' dir='ltr'><strong>ι</strong></span> <span class='ocrx_word' id='word_1_885' title='bbox 1223 2544 1275 2576; x_wconf 76' lang='lat' dir='ltr'><strong>etc.</strong></span> 
     </span>
    </p>
   </div>
   <div class='ocr_carea' id='block_1_115' title="bbox 1005 2573 1750 2608">
    <p class='ocr_par' dir='ltr' id='par_1_115' title="bbox 1005 2573 1750 2608">
     <span class='ocr_line' id='line_1_116' title="bbox 1005 2573 1750 2608; baseline -0.004 -7"><span class='ocrx_word' id='word_1_886' title='bbox 1005 2577 1060 2608; x_wconf 79' lang='lat' dir='ltr'><strong>tSO)</strong></span> <span class='ocrx_word' id='word_1_887' title='bbox 1081 2576 1134 2606; x_wconf 77' lang='lat' dir='ltr'><strong>AL,</strong></span> <span class='ocrx_word' id='word_1_888' title='bbox 1150 2585 1157 2599; x_wconf 80' lang='grc' dir='ltr'><strong>ι</strong></span> <span class='ocrx_word' id='word_1_889' title='bbox 1175 2575 1293 2602; x_wconf 88' lang='lat' dir='ltr'><strong>cubitum</strong></span> <span class='ocrx_word' id='word_1_890' title='bbox 1307 2573 1406 2601; x_wconf 88' lang='lat' dir='ltr'><strong>habere</strong></span> <span class='ocrx_word' id='word_1_891' title='bbox 1419 2581 1433 2600; x_wconf 76' lang='grc' dir='ltr'>ει</span> <span class='ocrx_word' id='word_1_892' title='bbox 1446 2573 1591 2607; x_wconf 82' lang='lat' dir='ltr'><strong>propheta,</strong></span> <span class='ocrx_word' id='word_1_893' title='bbox 1611 2580 1750 2607; x_wconf 73' lang='lat' dir='ltr'><strong>propterea</strong></span> 
     </span>
    </p>
   </div>
   <div class='ocr_carea' id='block_1_116' title="bbox 960 2610 1751 2644">
    <p class='ocr_par' dir='ltr' id='par_1_116' title="bbox 960 2610 1751 2644">
     <span class='ocr_line' id='line_1_117' title="bbox 960 2610 1751 2644; baseline -0.001 -8"><span class='ocrx_word' id='word_1_894' title='bbox 960 2610 1067 2644; x_wconf 81' lang='lat' dir='ltr'><strong>quidem</strong></span> <span class='ocrx_word' id='word_1_895' title='bbox 1084 2610 1140 2644; x_wconf 76' lang='lat' dir='ltr'><strong>[al.,</strong></span> <span class='ocrx_word' id='word_1_896' title='bbox 1159 2620 1167 2635; x_wconf 90' lang='grc'><em>‹</em></span> <span class='ocrx_word' id='word_1_897' title='bbox 1183 2610 1303 2637; x_wconf 90' lang='lat' dir='ltr'><strong>cubitum</strong></span> <span class='ocrx_word' id='word_1_898' title='bbox 1321 2610 1429 2641; x_wconf 80' lang='lat' dir='ltr'><strong>habere,</strong></span> <span class='ocrx_word' id='word_1_899' title='bbox 1443 2612 1586 2644; x_wconf 70' lang='lat' dir='ltr'><strong>prophetia</strong></span> <span class='ocrx_word' id='word_1_900' title='bbox 1604 2612 1714 2644; x_wconf 74' lang='lat' dir='ltr'><strong>qttttlr&#39;m</strong></span> <span class='ocrx_word' id='word_1_901' title='bbox 1732 2626 1751 2632; x_wconf 55' lang='grc' dir='ltr'>ιν</span> 
     </span>
    </p>
   </div>
   <div class='ocr_carea' id='block_1_117' title="bbox 961 2644 1748 2680">
    <p class='ocr_par' dir='ltr' id='par_1_117' title="bbox 961 2644 1748 2680">
     <span class='ocr_line' id='line_1_118' title="bbox 961 2644 1748 2680; baseline 0 -9"><span class='ocrx_word' id='word_1_902' title='bbox 961 2646 994 2671; x_wconf 87' lang='lat' dir='ltr'><strong>de</strong></span> <span class='ocrx_word' id='word_1_903' title='bbox 1009 2645 1134 2677; x_wconf 80' lang='lat' dir='ltr'><strong>monade,</strong></span> <span class='ocrx_word' id='word_1_904' title='bbox 1150 2653 1182 2671; x_wconf 86' lang='lat' dir='ltr'><strong>ac</strong></span> <span class='ocrx_word' id='word_1_905' title='bbox 1196 2645 1323 2680; x_wconf 82' lang='lat' dir='ltr'><strong>singulari</strong></span> <span class='ocrx_word' id='word_1_906' title='bbox 1347 2652 1396 2672; x_wconf 88' lang='lat' dir='ltr'><strong>sua</strong></span> <span class='ocrx_word' id='word_1_907' title='bbox 1418 2645 1535 2672; x_wconf 87' lang='lat' dir='ltr'><strong>statione</strong></span> <span class='ocrx_word' id='word_1_908' title='bbox 1555 2644 1590 2680; x_wconf 81' lang='lat' dir='ltr'><strong>[al</strong></span> <span class='ocrx_word' id='word_1_909' title='bbox 1607 2665 1614 2676; x_wconf 82' lang='lat'><strong>,</strong></span> <span class='ocrx_word' id='word_1_910' title='bbox 1634 2657 1642 2671; x_wconf 76' lang='grc' dir='ltr'><strong>ι</strong></span> <span class='ocrx_word' id='word_1_911' title='bbox 1661 2647 1748 2680; x_wconf 78' lang='lat' dir='ltr'><strong>singu—</strong></span> 
     </span>
    </p>
   </div>
   <div class='ocr_carea' id='block_1_118' title="bbox 960 2680 1750 2715">
    <p class='ocr_par' dir='ltr' id='par_1_118' title="bbox 960 2680 1750 2715">
     <span class='ocr_line' id='line_1_119' title="bbox 960 2680 1750 2715; baseline -0.001 -9"><span class='ocrx_word' id='word_1_912' title='bbox 960 2680 1023 2706; x_wconf 87' lang='lat' dir='ltr'><strong>laris</strong></span> <span class='ocrx_word' id='word_1_913' title='bbox 1046 2680 1211 2713; x_wconf 69' lang='lat' dir='ltr'><strong>vastatione,</strong></span> <span class='ocrx_word' id='word_1_914' title='bbox 1233 2690 1242 2705; x_wconf 76' lang='grc' dir='ltr'><strong>ι</strong></span> <span class='ocrx_word' id='word_1_915' title='bbox 1262 2681 1312 2712; x_wconf 86' lang='lat' dir='ltr'><strong>aL,</strong></span> <span class='ocrx_word' id='word_1_916' title='bbox 1330 2690 1339 2706; x_wconf 86' lang='grc'><strong><em>‹</em></strong></span> <span class='ocrx_word' id='word_1_917' title='bbox 1363 2680 1491 2715; x_wconf 83' lang='lat' dir='ltr'><strong>singulari</strong></span> <span class='ocrx_word' id='word_1_918' title='bbox 1512 2681 1578 2715; x_wconf 88' lang='lat' dir='ltr'><strong>qttid</strong></span> <span class='ocrx_word' id='word_1_919' title='bbox 1601 2681 1703 2708; x_wconf 75' lang='lat' dir='ltr'><strong>vastius</strong></span> <span class='ocrx_word' id='word_1_920' title='bbox 1729 2680 1750 2715; x_wconf 76' lang='grc' dir='ltr'>ι]</span> 
     </span>
    </p>
   </div>
   <div class='ocr_carea' id='block_1_119' title="bbox 960 2715 1749 2751">
    <p class='ocr_par' dir='ltr' id='par_1_119' title="bbox 960 2715 1749 2751">
     <span class='ocr_line' id='line_1_120' title="bbox 960 2715 1749 2751; baseline 0.003 -10"><span class='ocrx_word' id='word_1_921' title='bbox 960 2715 1138 2747; x_wconf 85' lang='lat' dir='ltr'><strong>describitur,</strong></span> <span class='ocrx_word' id='word_1_922' title='bbox 1158 2725 1167 2740; x_wconf 80' lang='grc' dir='ltr'><strong>ι</strong></span> <span class='ocrx_word' id='word_1_923' title='bbox 1184 2721 1235 2742; x_wconf 82' lang='lat' dir='ltr'><strong>etc.</strong></span> <span class='ocrx_word' id='word_1_924' title='bbox 1253 2715 1353 2742; x_wconf 86' lang='lat' dir='ltr'><strong>Deinde</strong></span> <span class='ocrx_word' id='word_1_925' title='bbox 1377 2723 1442 2742; x_wconf 84' lang='lat' dir='ltr'><strong>mss.</strong></span> <span class='ocrx_word' id='word_1_926' title='bbox 1466 2717 1555 2742; x_wconf 86' lang='lat' dir='ltr'><strong>nostri</strong></span> <span class='ocrx_word' id='word_1_927' title='bbox 1578 2724 1674 2743; x_wconf 79' lang='lat' dir='ltr'><strong>omnes</strong></span> <span class='ocrx_word' id='word_1_928' title='bbox 1690 2724 1749 2751; x_wconf 79' lang='lat' dir='ltr'><strong>per-</strong></span> 
     </span>
    </p>
   </div>
   <div class='ocr_carea' id='block_1_120' title="bbox 960 2751 1536 2785">
    <p class='ocr_par' dir='ltr' id='par_1_120' title="bbox 960 2751 1536 2785">
     <span class='ocr_line' id='line_1_121' title="bbox 960 2751 1536 2785; baseline -0.002 -9"><span class='ocrx_word' id='word_1_929' title='bbox 960 2757 1063 2785; x_wconf 84' lang='lat' dir='ltr'><strong>peram.</strong></span> <span class='ocrx_word' id='word_1_930' title='bbox 1081 2761 1089 2774; x_wconf 78' lang='grc' dir='ltr'><strong>ι</strong></span> <span class='ocrx_word' id='word_1_931' title='bbox 1109 2751 1243 2778; x_wconf 82' lang='lat' dir='ltr'><strong>corruisse</strong></span> <span class='ocrx_word' id='word_1_932' title='bbox 1262 2760 1270 2775; x_wconf 81' lang='grc' dir='ltr'><strong>ι</strong></span> <span class='ocrx_word' id='word_1_933' title='bbox 1288 2759 1336 2785; x_wconf 89' lang='lat' dir='ltr'><strong>pro</strong></span> <span class='ocrx_word' id='word_1_934' title='bbox 1353 2760 1362 2775; x_wconf 84' lang='grc'><strong>‹</strong></span> <span class='ocrx_word' id='word_1_935' title='bbox 1379 2751 1509 2777; x_wconf 75' lang='lat' dir='ltr'><strong>crevisse.</strong></span> <span class='ocrx_word' id='word_1_936' title='bbox 1529 2761 1536 2775; x_wconf 76' lang='grc' dir='ltr'><strong>ι</strong></span> 
     </span>
    </p>
   </div>
   <div class='ocr_carea' id='block_1_121' title="bbox 997 2785 1648 2820">
    <p class='ocr_par' dir='ltr' id='par_1_121' title="bbox 997 2785 1648 2820">
     <span class='ocr_line' id='line_1_122' title="bbox 997 2785 1648 2820; baseline 0 -8"><span class='ocrx_word' id='word_1_937' title='bbox 997 2785 1051 2820; x_wconf 76' lang='grc'>(81)</span> <span class='ocrx_word' id='word_1_938' title='bbox 1066 2785 1145 2818; x_wconf 83' lang='lat' dir='ltr'><strong>Alias,</strong></span> <span class='ocrx_word' id='word_1_939' title='bbox 1165 2796 1174 2812; x_wconf 77' lang='grc' dir='ltr'><strong>ι</strong></span> <span class='ocrx_word' id='word_1_940' title='bbox 1192 2794 1262 2813; x_wconf 80' lang='lat' dir='ltr'><strong>trtius</strong></span> <span class='ocrx_word' id='word_1_941' title='bbox 1275 2794 1306 2813; x_wconf 78' lang='lat' dir='ltr'><strong>ex</strong></span> <span class='ocrx_word' id='word_1_942' title='bbox 1321 2786 1403 2813; x_wconf 84' lang='lat' dir='ltr'><strong>latere</strong></span> <span class='ocrx_word' id='word_1_943' title='bbox 1419 2787 1480 2817; x_wconf 84' lang='lat' dir='ltr'><strong>hoc,</strong></span> <span class='ocrx_word' id='word_1_944' title='bbox 1495 2791 1521 2813; x_wconf 86' lang='lat' dir='ltr'><strong>et</strong></span> <span class='ocrx_word' id='word_1_945' title='bbox 1537 2795 1618 2814; x_wconf 82' lang='lat' dir='ltr'><strong>unus.</strong></span> <span class='ocrx_word' id='word_1_946' title='bbox 1640 2797 1648 2812; x_wconf 69' lang='grc' dir='ltr'><strong>ι</strong></span> 
     </span>
    </p>
   </div>
  </div>
