  <div class='ocr_page' id='page_1' title='image "/cluster/home/n/w/nwhite01/storage/ocr_20150623/14/njp.32101077772448/484.png"; bbox 0 0 1831 3049; ppageno 0'>
   <div class='ocr_carea' id='block_1_1' title="bbox 19 73 1682 131">
    <p class='ocr_par' dir='ltr' id='par_1_1' title="bbox 19 73 1682 131">
     <span class='ocr_line' id='line_1_1' title="bbox 19 73 1682 131; baseline -0.007 0"><span class='ocrx_word' id='word_1_1' title='bbox 19 103 95 131; x_wconf 65' lang='grc' dir='ltr'><strong>ω</strong></span> <span class='ocrx_word' id='word_1_2' title='bbox 533 97 711 126; x_wconf 74' lang='lat' dir='ltr'><strong>COMMENT.</strong></span> <span class='ocrx_word' id='word_1_3' title='bbox 730 97 761 123; x_wconf 57' lang='grc' dir='ltr'><strong>[ᾗ</strong></span> <span class='ocrx_word' id='word_1_4' title='bbox 776 73 888 124; x_wconf 22' lang='lat' dir='ltr'><strong>‘EPIST.</strong></span> <span class='ocrx_word' id='word_1_5' title='bbox 907 97 958 123; x_wconf 42' lang='lat' dir='ltr'><strong>Al).</strong></span> <span class='ocrx_word' id='word_1_6' title='bbox 973 95 1054 122; x_wconf 66' lang='grc' dir='ltr'>ΝΟΜ.</span> <span class='ocrx_word' id='word_1_7' title='bbox 1075 94 1138 122; x_wconf 82' lang='lat' dir='ltr'><strong>LIB.</strong></span> <span class='ocrx_word' id='word_1_8' title='bbox 1154 94 1197 121; x_wconf 84' lang='lat' dir='ltr'><strong>Ill.</strong></span> <span class='ocrx_word' id='word_1_9' title='bbox 1627 92 1682 120; x_wconf 70' lang='lat'><strong>950</strong></span> 
     </span>
    </p>
   </div>
   <div class='ocr_carea' id='block_1_2' title="bbox 20 150 1753 195">
    <p class='ocr_par' dir='ltr' id='par_1_2' title="bbox 20 150 1753 195">
     <span class='ocr_line' id='line_1_2' title="bbox 20 150 1753 195; baseline -0.007 -7"><span class='ocrx_word' id='word_1_10' title='bbox 20 168 110 188; x_wconf 59' lang='lat' dir='ltr'><strong>cum</strong></span> <span class='ocrx_word' id='word_1_11' title='bbox 129 158 228 195; x_wconf 76' lang='lat' dir='ltr'><strong>Moyse</strong></span> <span class='ocrx_word' id='word_1_12' title='bbox 243 158 344 186; x_wconf 77' lang='lat' dir='ltr'><strong>famulo</strong></span> <span class='ocrx_word' id='word_1_13' title='bbox 359 156 428 191; x_wconf 80' lang='lat' dir='ltr'><strong>ejus.</strong></span> <span class='ocrx_word' id='word_1_14' title='bbox 447 165 459 183; x_wconf 72' lang='grc' dir='ltr'><strong>ι</strong></span> <span class='ocrx_word' id='word_1_15' title='bbox 479 155 572 184; x_wconf 86' lang='lat' dir='ltr'><strong>Sicubi</strong></span> <span class='ocrx_word' id='word_1_16' title='bbox 602 164 665 184; x_wconf 87' lang='lat' dir='ltr'><strong>vero</strong></span> <span class='ocrx_word' id='word_1_17' title='bbox 686 155 846 191; x_wconf 73' lang='lat' dir='ltr'><strong>pollicitatio</strong></span> <span class='ocrx_word' id='word_1_18' title='bbox 860 162 882 191; x_wconf 70' lang='grc' dir='ltr'>Α</span> <span class='ocrx_word' id='word_1_19' title='bbox 897 160 938 182; x_wconf 84' lang='lat' dir='ltr'><strong>est</strong></span> <span class='ocrx_word' id='word_1_20' title='bbox 952 163 958 182; x_wconf 95' lang='lat'>:</span> <span class='ocrx_word' id='word_1_21' title='bbox 975 154 1021 181; x_wconf 88' lang='lat' dir='ltr'><strong>sed</strong></span> <span class='ocrx_word' id='word_1_22' title='bbox 1035 153 1067 180; x_wconf 87' lang='lat' dir='ltr'><strong>de</strong></span> <span class='ocrx_word' id='word_1_23' title='bbox 1083 153 1171 180; x_wconf 81' lang='lat' dir='ltr'><strong>anima</strong></span> <span class='ocrx_word' id='word_1_24' title='bbox 1187 151 1261 187; x_wconf 86' lang='lat' dir='ltr'><strong>ejus,</strong></span> <span class='ocrx_word' id='word_1_25' title='bbox 1276 158 1334 187; x_wconf 84' lang='lat' dir='ltr'><strong>quae</strong></span> <span class='ocrx_word' id='word_1_26' title='bbox 1348 151 1412 178; x_wconf 87' lang='lat' dir='ltr'><strong>licet</strong></span> <span class='ocrx_word' id='word_1_27' title='bbox 1436 150 1683 185; x_wconf 26' lang='lat' dir='ltr'><strong>inseparabilis‘siti</strong></span> 
     </span>
    </p>
   </div>
   <div class='ocr_carea' id='block_1_3' title="bbox 26 196 1684 241">
    <p class='ocr_par' dir='ltr' id='par_1_3' title="bbox 26 196 1684 241">
     <span class='ocr_line' id='line_1_3' title="bbox 26 196 1684 241; baseline -0.007 -8"><span class='ocrx_word' id='word_1_28' title='bbox 26 205 170 241; x_wconf 69' lang='lat' dir='ltr'><strong>Inajoris</strong></span> <span class='ocrx_word' id='word_1_29' title='bbox 192 213 208 231; x_wconf 84' lang='lat' dir='ltr'><strong>a</strong></span> <span class='ocrx_word' id='word_1_30' title='bbox 232 205 288 232; x_wconf 77' lang='lat' dir='ltr'><strong>Deo</strong></span> <span class='ocrx_word' id='word_1_31' title='bbox 308 204 428 231; x_wconf 81' lang='lat' dir='ltr'><strong>muneris</strong></span> <span class='ocrx_word' id='word_1_32' title='bbox 448 204 546 237; x_wconf 88' lang='lat' dir='ltr'><strong>datur,</strong></span> <span class='ocrx_word' id='word_1_33' title='bbox 563 203 633 230; x_wconf 87' lang='lat' dir='ltr'><strong>.dicit</strong></span> <span class='ocrx_word' id='word_1_34' title='bbox 659 203 753 230; x_wconf 83' lang='lat' dir='ltr'><strong>Deus:</strong></span> <span class='ocrx_word' id='word_1_35' title='bbox 782 211 791 228; x_wconf 73' lang='grc' dir='ltr'><strong>ι</strong></span> <span class='ocrx_word' id='word_1_36' title='bbox 811 202 844 229; x_wconf 84' lang='grc' dir='ltr'><strong>Ει.</strong></span> <span class='ocrx_word' id='word_1_37' title='bbox 896 208 911 227; x_wconf 91' lang='lat' dir='ltr'><strong>a</strong></span> <span class='ocrx_word' id='word_1_38' title='bbox 927 199 1015 227; x_wconf 82' lang='lat' dir='ltr'><strong>Verbo</strong></span> <span class='ocrx_word' id='word_1_39' title='bbox 1031 199 1089 232; x_wconf 95' lang='lat' dir='ltr'><strong>Dei,</strong></span> <span class='ocrx_word' id='word_1_40' title='bbox 1111 202 1200 225; x_wconf 86' lang='lat' dir='ltr'><strong>creata</strong></span> <span class='ocrx_word' id='word_1_41' title='bbox 1219 201 1411 228; x_wconf 84' lang='lat' dir='ltr'><strong>tameuest,et</strong></span> <span class='ocrx_word' id='word_1_42' title='bbox 1429 196 1568 231; x_wconf 74' lang='lat' dir='ltr'><strong>Unigeniti</strong></span> <span class='ocrx_word' id='word_1_43' title='bbox 1579 196 1684 233; x_wconf 70' lang='lat' dir='ltr'><strong>deitate</strong></span> 
     </span>
    </p>
   </div>
   <div class='ocr_carea' id='block_1_4' title="bbox 32 248 843 285">
    <p class='ocr_par' dir='ltr' id='par_1_4' title="bbox 32 248 843 285">
     <span class='ocr_line' id='line_1_4' title="bbox 32 248 843 285; baseline -0.006 -6"><span class='ocrx_word' id='word_1_44' title='bbox 32 261 94 280; x_wconf 85' lang='lat' dir='ltr'><strong>ero</strong></span> <span class='ocrx_word' id='word_1_45' title='bbox 116 252 146 278; x_wconf 84' lang='lat' dir='ltr'><strong>in</strong></span> <span class='ocrx_word' id='word_1_46' title='bbox 165 252 217 285; x_wconf 87' lang='lat' dir='ltr'><strong>eis,</strong></span> <span class='ocrx_word' id='word_1_47' title='bbox 234 256 260 278; x_wconf 89' lang='lat' dir='ltr'><strong>et</strong></span> <span class='ocrx_word' id='word_1_48' title='bbox 271 250 415 277; x_wconf 87' lang='lat' dir='ltr'><strong>ambulabo</strong></span> <span class='ocrx_word' id='word_1_49' title='bbox 431 250 502 277; x_wconf 80' lang='lat' dir='ltr'><strong>inter</strong></span> <span class='ocrx_word' id='word_1_50' title='bbox 517 257 563 276; x_wconf 90' lang='lat' dir='ltr'><strong>eos</strong></span> <span class='ocrx_word' id='word_1_51' title='bbox 577 249 610 277; x_wconf 70' lang='grc'><strong>⁸7.</strong></span> <span class='ocrx_word' id='word_1_52' title='bbox 628 258 638 274; x_wconf 69' lang='grc' dir='ltr'><strong>ι</strong></span> <span class='ocrx_word' id='word_1_53' title='bbox 656 248 761 275; x_wconf 75' lang='lat' dir='ltr'><strong>Nullam</strong></span> <span class='ocrx_word' id='word_1_54' title='bbox 779 255 843 275; x_wconf 78' lang='lat' dir='ltr'><strong>vero</strong></span> 
     </span>
    </p>
   </div>
   <div class='ocr_carea' id='block_1_5' title="bbox 35 294 843 327">
    <p class='ocr_par' dir='ltr' id='par_1_5' title="bbox 35 294 843 327">
     <span class='ocr_line' id='line_1_5' title="bbox 35 294 843 327; baseline -0.007 -1"><span class='ocrx_word' id='word_1_55' title='bbox 35 298 124 326; x_wconf 75' lang='lat' dir='ltr'><strong>inter</strong></span> <span class='ocrx_word' id='word_1_56' title='bbox 145 297 271 325; x_wconf 77' lang='lat' dir='ltr'><strong>honiines</strong></span> <span class='ocrx_word' id='word_1_57' title='bbox 292 295 331 323; x_wconf 85' lang='lat' dir='ltr'><strong>ita</strong></span> <span class='ocrx_word' id='word_1_58' title='bbox 346 296 452 323; x_wconf 78' lang='lat' dir='ltr'><strong>beatam</strong></span> <span class='ocrx_word' id='word_1_59' title='bbox 473 299 500 322; x_wconf 76' lang='lat' dir='ltr'><strong>ct</strong></span> <span class='ocrx_word' id='word_1_60' title='bbox 524 295 559 322; x_wconf 91' lang='lat' dir='ltr'><strong>ita</strong></span> <span class='ocrx_word' id='word_1_61' title='bbox 575 295 709 322; x_wconf 77' lang='lat' dir='ltr'><strong>execlsam</strong></span> <span class='ocrx_word' id='word_1_62' title='bbox 724 294 843 327; x_wconf 81' lang='lat' dir='ltr'><strong>reperies</strong></span> 
     </span>
    </p>
   </div>
   <div class='ocr_carea' id='block_1_6' title="bbox 37 339 842 375">
    <p class='ocr_par' dir='ltr' id='par_1_6' title="bbox 37 339 842 375">
     <span class='ocr_line' id='line_1_6' title="bbox 37 339 842 375; baseline -0.005 -6"><span class='ocrx_word' id='word_1_63' title='bbox 37 344 190 373; x_wconf 66' lang='lat' dir='ltr'><strong>auinam,</strong></span> <span class='ocrx_word' id='word_1_64' title='bbox 204 341 256 368; x_wconf 90' lang='lat' dir='ltr'><strong>nisi</strong></span> <span class='ocrx_word' id='word_1_65' title='bbox 273 342 342 368; x_wconf 74' lang='lat' dir='ltr'><strong>hanc</strong></span> <span class='ocrx_word' id='word_1_66' title='bbox 356 341 450 373; x_wconf 86' lang='lat' dir='ltr'><strong>solam,</strong></span> <span class='ocrx_word' id='word_1_67' title='bbox 467 341 492 366; x_wconf 97' lang='lat' dir='ltr'><strong>in</strong></span> <span class='ocrx_word' id='word_1_68' title='bbox 503 348 555 375; x_wconf 91' lang='lat' dir='ltr'><strong>qua</strong></span> <span class='ocrx_word' id='word_1_69' title='bbox 570 344 672 367; x_wconf 88' lang='lat' dir='ltr'><strong>tantttm</strong></span> <span class='ocrx_word' id='word_1_70' title='bbox 683 339 842 370; x_wconf 87' lang='lat' dir='ltr'><strong>latitudinis,</strong></span> 
     </span>
    </p>
   </div>
   <div class='ocr_carea' id='block_1_7' title="bbox 41 384 844 422">
    <p class='ocr_par' dir='ltr' id='par_1_7' title="bbox 41 384 844 422">
     <span class='ocr_line' id='line_1_7' title="bbox 41 384 844 422; baseline -0.006 -7"><span class='ocrx_word' id='word_1_71' title='bbox 41 394 165 416; x_wconf 82' lang='lat' dir='ltr'><strong>tantum</strong></span> <span class='ocrx_word' id='word_1_72' title='bbox 184 387 345 422; x_wconf 75' lang='lat' dir='ltr'><strong>capacitatis</strong></span> <span class='ocrx_word' id='word_1_73' title='bbox 361 386 463 413; x_wconf 84' lang='lat' dir='ltr'><strong>invenit</strong></span> <span class='ocrx_word' id='word_1_74' title='bbox 478 385 594 413; x_wconf 84' lang='lat' dir='ltr'><strong>Verbum</strong></span> <span class='ocrx_word' id='word_1_75' title='bbox 609 385 672 417; x_wconf 91' lang='lat' dir='ltr'><strong>Dei,</strong></span> <span class='ocrx_word' id='word_1_76' title='bbox 687 390 713 412; x_wconf 86' lang='lat' dir='ltr'><strong>et</strong></span> <span class='ocrx_word' id='word_1_77' title='bbox 726 384 844 418; x_wconf 90' lang='lat' dir='ltr'><strong>Spiritus</strong></span> 
     </span>
    </p>
   </div>
   <div class='ocr_carea' id='block_1_8' title="bbox 42 431 842 465">
    <p class='ocr_par' dir='ltr' id='par_1_8' title="bbox 42 431 842 465">
     <span class='ocr_line' id='line_1_8' title="bbox 42 431 842 465; baseline -0.006 -4"><span class='ocrx_word' id='word_1_78' title='bbox 42 439 182 465; x_wconf 76' lang='lat' dir='ltr'><strong>smctus,</strong></span> <span class='ocrx_word' id='word_1_79' title='bbox 192 438 222 460; x_wconf 89' lang='lat' dir='ltr'><strong>ut</strong></span> <span class='ocrx_word' id='word_1_80' title='bbox 235 441 288 460; x_wconf 89' lang='lat' dir='ltr'><strong>non</strong></span> <span class='ocrx_word' id='word_1_81' title='bbox 300 432 386 459; x_wconf 87' lang='lat' dir='ltr'><strong>solum</strong></span> <span class='ocrx_word' id='word_1_82' title='bbox 400 432 531 463; x_wconf 80' lang='lat' dir='ltr'><strong>habitare,</strong></span> <span class='ocrx_word' id='word_1_83' title='bbox 544 432 591 458; x_wconf 87' lang='lat' dir='ltr'><strong>sed</strong></span> <span class='ocrx_word' id='word_1_84' title='bbox 604 436 630 458; x_wconf 90' lang='lat' dir='ltr'><strong>et</strong></span> <span class='ocrx_word' id='word_1_85' title='bbox 644 431 700 457; x_wconf 85' lang='lat' dir='ltr'><strong>alas</strong></span> <span class='ocrx_word' id='word_1_86' title='bbox 714 431 842 464; x_wconf 83' lang='lat' dir='ltr'><strong>pandere,</strong></span> 
     </span>
    </p>
   </div>
   <div class='ocr_carea' id='block_1_9' title="bbox 41 476 844 511">
    <p class='ocr_par' dir='ltr' id='par_1_9' title="bbox 41 476 844 511">
     <span class='ocr_line' id='line_1_9' title="bbox 41 476 844 511; baseline -0.006 -4"><span class='ocrx_word' id='word_1_87' title='bbox 41 486 77 507; x_wconf 85' lang='lat' dir='ltr'><strong>et</strong></span> <span class='ocrx_word' id='word_1_88' title='bbox 95 487 171 506; x_wconf 85' lang='lat' dir='ltr'><strong>novo</strong></span> <span class='ocrx_word' id='word_1_89' title='bbox 184 477 348 506; x_wconf 80' lang='lat' dir='ltr'><strong>sacramenti</strong></span> <span class='ocrx_word' id='word_1_90' title='bbox 382 477 434 504; x_wconf 89' lang='lat' dir='ltr'><strong>ritu</strong></span> <span class='ocrx_word' id='word_1_91' title='bbox 451 477 599 511; x_wconf 79' lang='lat' dir='ltr'><strong>aliquando</strong></span> <span class='ocrx_word' id='word_1_92' title='bbox 623 477 705 503; x_wconf 86' lang='lat' dir='ltr'><strong>etiam</strong></span> <span class='ocrx_word' id='word_1_93' title='bbox 732 476 844 502; x_wconf 78' lang='lat' dir='ltr'><strong>volitare</strong></span> 
     </span>
    </p>
   </div>
   <div class='ocr_carea' id='block_1_10' title="bbox 46 523 845 558">
    <p class='ocr_par' dir='ltr' id='par_1_10' title="bbox 46 523 845 558">
     <span class='ocr_line' id='line_1_10' title="bbox 46 523 845 558; baseline -0.005 -6"><span class='ocrx_word' id='word_1_94' title='bbox 46 527 178 552; x_wconf 79' lang='lat' dir='ltr'><strong>dicatur.</strong></span> <span class='ocrx_word' id='word_1_95' title='bbox 210 524 319 551; x_wconf 85' lang='lat' dir='ltr'><strong>Faciem</strong></span> <span class='ocrx_word' id='word_1_96' title='bbox 344 530 452 558; x_wconf 82' lang='lat' dir='ltr'><strong>quoque</strong></span> <span class='ocrx_word' id='word_1_97' title='bbox 476 527 571 550; x_wconf 89' lang='lat' dir='ltr'><strong>contra</strong></span> <span class='ocrx_word' id='word_1_98' title='bbox 589 530 619 549; x_wconf 89' lang='lat' dir='ltr'><strong>se</strong></span> <span class='ocrx_word' id='word_1_99' title='bbox 635 523 748 549; x_wconf 91' lang='lat' dir='ltr'><strong>invicem</strong></span> <span class='ocrx_word' id='word_1_100' title='bbox 765 529 845 556; x_wconf 82' lang='lat' dir='ltr'><strong>super</strong></span> 
     </span>
    </p>
   </div>
   <div class='ocr_carea' id='block_1_11' title="bbox 49 569 845 603">
    <p class='ocr_par' dir='ltr' id='par_1_11' title="bbox 49 569 845 603">
     <span class='ocr_line' id='line_1_11' title="bbox 49 569 845 603; baseline -0.006 -4"><span class='ocrx_word' id='word_1_101' title='bbox 49 573 130 600; x_wconf 86' lang='lat' dir='ltr'><strong>hanc</strong></span> <span class='ocrx_word' id='word_1_102' title='bbox 146 573 254 599; x_wconf 80' lang='lat' dir='ltr'><strong>beatam</strong></span> <span class='ocrx_word' id='word_1_103' title='bbox 268 570 387 597; x_wconf 81' lang='lat' dir='ltr'><strong>animam</strong></span> <span class='ocrx_word' id='word_1_104' title='bbox 401 569 533 596; x_wconf 86' lang='lat' dir='ltr'><strong>cherubin</strong></span> <span class='ocrx_word' id='word_1_105' title='bbox 551 573 664 603; x_wconf 85' lang='lat' dir='ltr'><strong>utraque</strong></span> <span class='ocrx_word' id='word_1_106' title='bbox 688 569 786 595; x_wconf 82' lang='lat' dir='ltr'><strong>habere</strong></span> <span class='ocrx_word' id='word_1_107' title='bbox 805 569 845 594; x_wconf 88' lang='lat' dir='ltr'><strong>di-</strong></span> 
     </span>
    </p>
   </div>
   <div class='ocr_carea' id='block_1_12' title="bbox 44 614 843 652">
    <p class='ocr_par' dir='ltr' id='par_1_12' title="bbox 44 614 843 652">
     <span class='ocr_line' id='line_1_12' title="bbox 44 614 843 652; baseline -0.006 -7"><span class='ocrx_word' id='word_1_108' title='bbox 44 625 174 650; x_wconf 80' lang='lat' dir='ltr'><strong>cuntur,</strong></span> <span class='ocrx_word' id='word_1_109' title='bbox 188 625 236 652; x_wconf 87' lang='lat' dir='ltr'><strong>per</strong></span> <span class='ocrx_word' id='word_1_110' title='bbox 251 617 323 651; x_wconf 87' lang='lat' dir='ltr'><strong>quod</strong></span> <span class='ocrx_word' id='word_1_111' title='bbox 334 623 447 643; x_wconf 82' lang='lat' dir='ltr'><strong>concors</strong></span> <span class='ocrx_word' id='word_1_112' title='bbox 462 615 486 643; x_wconf 83' lang='lat' dir='ltr'><strong>ei</strong></span> <span class='ocrx_word' id='word_1_113' title='bbox 502 620 670 642; x_wconf 89' lang='lat' dir='ltr'><strong>elconsouus</strong></span> <span class='ocrx_word' id='word_1_114' title='bbox 685 614 774 641; x_wconf 83' lang='lat' dir='ltr'><strong>aFilio</strong></span> <span class='ocrx_word' id='word_1_115' title='bbox 787 615 843 646; x_wconf 95' lang='lat' dir='ltr'><strong>Dei,</strong></span> 
     </span>
    </p>
   </div>
   <div class='ocr_carea' id='block_1_13' title="bbox 44 659 846 697">
    <p class='ocr_par' dir='ltr' id='par_1_13' title="bbox 44 659 846 697">
     <span class='ocr_line' id='line_1_13' title="bbox 44 659 846 697; baseline -0.007 -6"><span class='ocrx_word' id='word_1_116' title='bbox 44 669 82 691; x_wconf 75' lang='lat' dir='ltr'><strong>et</strong></span> <span class='ocrx_word' id='word_1_117' title='bbox 99 672 115 690; x_wconf 69' lang='grc' dir='ltr'><strong>ει</strong></span> <span class='ocrx_word' id='word_1_118' title='bbox 134 663 239 697; x_wconf 91' lang='lat' dir='ltr'><strong>Spiritu</strong></span> <span class='ocrx_word' id='word_1_119' title='bbox 260 666 356 689; x_wconf 78' lang='lat' dir='ltr'><strong>sancto</strong></span> <span class='ocrx_word' id='word_1_120' title='bbox 378 660 526 688; x_wconf 78' lang='lat' dir='ltr'><strong>divinitatis</strong></span> <span class='ocrx_word' id='word_1_121' title='bbox 542 667 637 687; x_wconf 81' lang='lat' dir='ltr'><strong>sensus</strong></span> <span class='ocrx_word' id='word_1_122' title='bbox 652 659 708 696; x_wconf 73' lang='lat'><strong>(8:2)</strong></span> <span class='ocrx_word' id='word_1_123' title='bbox 727 660 846 686; x_wconf 80' lang='lat' dir='ltr'><strong>infundi-</strong></span> 
     </span>
    </p>
   </div>
   <div class='ocr_carea' id='block_1_14' title="bbox 52 703 844 741">
    <p class='ocr_par' dir='ltr' id='par_1_14' title="bbox 52 703 844 741">
     <span class='ocr_line' id='line_1_14' title="bbox 52 703 844 741; baseline -0.009 -5"><span class='ocrx_word' id='word_1_124' title='bbox 52 714 113 736; x_wconf 86' lang='lat' dir='ltr'><strong>tur.</strong></span> <span class='ocrx_word' id='word_1_125' title='bbox 139 708 190 736; x_wconf 82' lang='lat' dir='ltr'><strong>l‘bi</strong></span> <span class='ocrx_word' id='word_1_126' title='bbox 210 712 300 734; x_wconf 83' lang='lat' dir='ltr'><strong>autem</strong></span> <span class='ocrx_word' id='word_1_127' title='bbox 314 705 504 741; x_wconf 82' lang='lat' dir='ltr'><strong>superponitur</strong></span> <span class='ocrx_word' id='word_1_128' title='bbox 516 705 572 731; x_wconf 71' lang='lat' dir='ltr'><strong>haec</strong></span> <span class='ocrx_word' id='word_1_129' title='bbox 587 704 675 730; x_wconf 89' lang='lat' dir='ltr'><strong>anima</strong></span> <span class='ocrx_word' id='word_1_130' title='bbox 686 704 743 730; x_wconf 35' lang='lat' dir='ltr'><strong>Deo.</strong></span> <span class='ocrx_word' id='word_1_131' title='bbox 757 703 844 738; x_wconf 83' lang='lat' dir='ltr'><strong>plena,</strong></span> 
     </span>
    </p>
   </div>
   <div class='ocr_carea' id='block_1_15' title="bbox 53 749 844 787">
    <p class='ocr_par' dir='ltr' id='par_1_15' title="bbox 53 749 844 787">
     <span class='ocr_line' id='line_1_15' title="bbox 53 749 844 787; baseline -0.008 -6"><span class='ocrx_word' id='word_1_132' title='bbox 53 754 85 781; x_wconf 87' lang='lat' dir='ltr'><strong>in</strong></span> <span class='ocrx_word' id='word_1_133' title='bbox 114 761 170 787; x_wconf 87' lang='lat' dir='ltr'><strong>qua</strong></span> <span class='ocrx_word' id='word_1_134' title='bbox 185 751 349 786; x_wconf 80' lang='lat' dir='ltr'><strong>complacuit</strong></span> <span class='ocrx_word' id='word_1_135' title='bbox 370 751 494 778; x_wconf 84' lang='lat' dir='ltr'><strong>habitare</strong></span> <span class='ocrx_word' id='word_1_136' title='bbox 517 757 624 776; x_wconf 89' lang='lat' dir='ltr'><strong>otnnem</strong></span> <span class='ocrx_word' id='word_1_137' title='bbox 651 749 844 784; x_wconf 89' lang='lat' dir='ltr'><strong>plenitudinem</strong></span> 
     </span>
    </p>
   </div>
   <div class='ocr_carea' id='block_1_16' title="bbox 51 795 842 832">
    <p class='ocr_par' dir='ltr' id='par_1_16' title="bbox 51 795 842 832">
     <span class='ocr_line' id='line_1_16' title="bbox 51 795 842 832; baseline -0.008 -6"><span class='ocrx_word' id='word_1_138' title='bbox 51 798 228 826; x_wconf 79' lang='lat' dir='ltr'><strong>Deitatis“?</strong></span> <span class='ocrx_word' id='word_1_139' title='bbox 244 807 254 823; x_wconf 73' lang='grc' dir='ltr'>ί</span> <span class='ocrx_word' id='word_1_140' title='bbox 266 797 352 832; x_wconf 86' lang='lat' dir='ltr'><strong>Super</strong></span> <span class='ocrx_word' id='word_1_141' title='bbox 374 804 476 829; x_wconf 84' lang='lat' dir='ltr'><strong>arcam,</strong></span> <span class='ocrx_word' id='word_1_142' title='bbox 495 796 581 829; x_wconf 77' lang='lat' dir='ltr'><strong>inquit</strong></span> <span class='ocrx_word' id='word_1_143' title='bbox 592 815 599 827; x_wconf 91' lang='lat'><strong>,</strong></span> <span class='ocrx_word' id='word_1_144' title='bbox 621 795 775 822; x_wconf 86' lang='lat' dir='ltr'><strong>testamenti</strong></span> <span class='ocrx_word' id='word_1_145' title='bbox 785 795 818 822; x_wconf 69' lang='grc'><strong>⁸³.</strong></span> <span class='ocrx_word' id='word_1_146' title='bbox 833 804 842 820; x_wconf 76' lang='grc' dir='ltr'><strong>ι</strong></span> 
     </span>
    </p>
   </div>
   <div class='ocr_carea' id='block_1_17' title="bbox 897 243 1684 281">
    <p class='ocr_par' dir='ltr' id='par_1_17' title="bbox 897 243 1684 281">
     <span class='ocr_line' id='line_1_17' title="bbox 897 243 1684 281; baseline -0.005 -10"><span class='ocrx_word' id='word_1_147' title='bbox 897 246 1031 281; x_wconf 85' lang='lat' dir='ltr'><strong>posterior</strong></span> <span class='ocrx_word' id='word_1_148' title='bbox 1057 253 1063 271; x_wconf 91' lang='lat'>:</span> <span class='ocrx_word' id='word_1_149' title='bbox 1098 252 1147 272; x_wconf 89' lang='lat' dir='ltr'><strong>nec</strong></span> <span class='ocrx_word' id='word_1_150' title='bbox 1173 244 1394 272; x_wconf 84' lang='lat' dir='ltr'><strong>inconvenienter</strong></span> <span class='ocrx_word' id='word_1_151' title='bbox 1423 243 1559 270; x_wconf 79' lang='lat' dir='ltr'><strong>videbitur</strong></span> <span class='ocrx_word' id='word_1_152' title='bbox 1588 243 1620 270; x_wconf 87' lang='lat' dir='ltr'><strong>de</strong></span> <span class='ocrx_word' id='word_1_153' title='bbox 1647 250 1684 268; x_wconf 86' lang='lat' dir='ltr'><strong>ea.</strong></span> 
     </span>
    </p>
   </div>
   <div class='ocr_carea' id='block_1_18' title="bbox 896 289 1682 325">
    <p class='ocr_par' dir='ltr' id='par_1_18' title="bbox 896 289 1682 325">
     <span class='ocr_line' id='line_1_18' title="bbox 896 289 1682 325; baseline -0.004 -7"><span class='ocrx_word' id='word_1_154' title='bbox 896 292 1010 323; x_wconf 84' lang='lat' dir='ltr'><strong>dictum,</strong></span> <span class='ocrx_word' id='word_1_155' title='bbox 1026 292 1097 325; x_wconf 90' lang='lat' dir='ltr'><strong>quod</strong></span> <span class='ocrx_word' id='word_1_156' title='bbox 1113 295 1259 325; x_wconf 76' lang='lat' dir='ltr'><strong>antequam</strong></span> <span class='ocrx_word' id='word_1_157' title='bbox 1274 294 1349 316; x_wconf 81' lang='lat' dir='ltr'><strong>esset</strong></span> <span class='ocrx_word' id='word_1_158' title='bbox 1366 289 1503 323; x_wconf 88' lang='lat' dir='ltr'><strong>proposita</strong></span> <span class='ocrx_word' id='word_1_159' title='bbox 1515 294 1557 316; x_wconf 77' lang='lat' dir='ltr'><strong>est</strong></span> <span class='ocrx_word' id='word_1_160' title='bbox 1571 293 1597 315; x_wconf 90' lang='lat' dir='ltr'><strong>et</strong></span> <span class='ocrx_word' id='word_1_161' title='bbox 1611 297 1682 323; x_wconf 49' lang='lat' dir='ltr'><strong>pra»</strong></span> 
     </span>
    </p>
   </div>
   <div class='ocr_carea' id='block_1_19' title="bbox 896 334 1680 370">
    <p class='ocr_par' dir='ltr' id='par_1_19' title="bbox 896 334 1680 370">
     <span class='ocr_line' id='line_1_19' title="bbox 896 334 1680 370; baseline -0.005 -6"><span class='ocrx_word' id='word_1_162' title='bbox 896 338 1020 364; x_wconf 88' lang='lat' dir='ltr'><strong>ordinata</strong></span> <span class='ocrx_word' id='word_1_163' title='bbox 1036 341 1064 364; x_wconf 91' lang='lat' dir='ltr'><strong>ut</strong></span> <span class='ocrx_word' id='word_1_164' title='bbox 1077 341 1148 363; x_wconf 84' lang='lat' dir='ltr'><strong>esset</strong></span> <span class='ocrx_word' id='word_1_165' title='bbox 1160 335 1388 370; x_wconf 89' lang='lat' dir='ltr'><strong>propitiatorium.</strong></span> <span class='ocrx_word' id='word_1_166' title='bbox 1405 334 1473 368; x_wconf 84' lang='lat' dir='ltr'><strong>Quia</strong></span> <span class='ocrx_word' id='word_1_167' title='bbox 1488 341 1562 369; x_wconf 78' lang='lat' dir='ltr'><strong>ergo,</strong></span> <span class='ocrx_word' id='word_1_168' title='bbox 1583 342 1680 361; x_wconf 86' lang='lat' dir='ltr'><strong>secun-</strong></span> 
     </span>
    </p>
   </div>
   <div class='ocr_carea' id='block_1_20' title="bbox 897 379 1687 416">
    <p class='ocr_par' dir='ltr' id='par_1_20' title="bbox 897 379 1687 416">
     <span class='ocr_line' id='line_1_20' title="bbox 897 379 1687 416; baseline -0.008 -6"><span class='ocrx_word' id='word_1_169' title='bbox 897 384 959 411; x_wconf 88' lang='lat' dir='ltr'><strong>dum</strong></span> <span class='ocrx_word' id='word_1_170' title='bbox 986 391 1017 409; x_wconf 89' lang='lat' dir='ltr'><strong>ea</strong></span> <span class='ocrx_word' id='word_1_171' title='bbox 1045 391 1104 416; x_wconf 73' lang='lat' dir='ltr'><strong>qua:</strong></span> <span class='ocrx_word' id='word_1_172' title='bbox 1123 390 1204 416; x_wconf 84' lang='lat' dir='ltr'><strong>supra</strong></span> <span class='ocrx_word' id='word_1_173' title='bbox 1219 381 1408 416; x_wconf 82' lang='lat' dir='ltr'><strong>exposuimus,</strong></span> <span class='ocrx_word' id='word_1_174' title='bbox 1430 379 1521 408; x_wconf 70' lang='lat' dir='ltr'><strong>Iesum</strong></span> <span class='ocrx_word' id='word_1_175' title='bbox 1541 379 1687 406; x_wconf 68' lang='lat' dir='ltr'><strong>Christum</strong></span> 
     </span>
    </p>
   </div>
   <div class='ocr_carea' id='block_1_21' title="bbox 900 426 1690 462">
    <p class='ocr_par' dir='ltr' id='par_1_21' title="bbox 900 426 1690 462">
     <span class='ocr_line' id='line_1_21' title="bbox 900 426 1690 462; baseline -0.004 -9"><span class='ocrx_word' id='word_1_176' title='bbox 900 437 909 453; x_wconf 74' lang='grc' dir='ltr'><strong>ι</strong></span> <span class='ocrx_word' id='word_1_177' title='bbox 933 428 1072 462; x_wconf 84' lang='lat' dir='ltr'><strong>proposuit</strong></span> <span class='ocrx_word' id='word_1_178' title='bbox 1090 428 1158 454; x_wconf 84' lang='lat' dir='ltr'><strong>Dens</strong></span> <span class='ocrx_word' id='word_1_179' title='bbox 1175 426 1392 461; x_wconf 89' lang='lat' dir='ltr'><strong>propitiatorimn</strong></span> <span class='ocrx_word' id='word_1_180' title='bbox 1408 433 1454 460; x_wconf 89' lang='lat' dir='ltr'><strong>per</strong></span> <span class='ocrx_word' id='word_1_181' title='bbox 1471 426 1548 452; x_wconf 86' lang='lat' dir='ltr'><strong>ﬁdem</strong></span> <span class='ocrx_word' id='word_1_182' title='bbox 1566 426 1592 451; x_wconf 93' lang='lat' dir='ltr'><strong>in</strong></span> <span class='ocrx_word' id='word_1_183' title='bbox 1618 432 1690 451; x_wconf 76' lang='lat' dir='ltr'><strong>sau—</strong></span> 
     </span>
    </p>
   </div>
   <div class='ocr_carea' id='block_1_22' title="bbox 897 469 1691 507">
    <p class='ocr_par' dir='ltr' id='par_1_22' title="bbox 897 469 1691 507">
     <span class='ocr_line' id='line_1_22' title="bbox 897 469 1691 507; baseline -0.004 -9"><span class='ocrx_word' id='word_1_184' title='bbox 897 473 976 507; x_wconf 74' lang='lat' dir='ltr'><strong>guine</strong></span> <span class='ocrx_word' id='word_1_185' title='bbox 992 473 1050 506; x_wconf 83' lang='lat' dir='ltr'><strong>ejus</strong></span> <span class='ocrx_word' id='word_1_186' title='bbox 1063 473 1097 503; x_wconf 78' lang='lat'><strong>&quot;&#39;,</strong></span> <span class='ocrx_word' id='word_1_187' title='bbox 1120 482 1129 498; x_wconf 76' lang='grc' dir='ltr'><strong>ι</strong></span> <span class='ocrx_word' id='word_1_188' title='bbox 1149 471 1332 498; x_wconf 82' lang='lat' dir='ltr'><strong>necessarium</strong></span> <span class='ocrx_word' id='word_1_189' title='bbox 1356 471 1461 497; x_wconf 88' lang='lat' dir='ltr'><strong>videtur</strong></span> <span class='ocrx_word' id='word_1_190' title='bbox 1485 471 1624 505; x_wconf 85' lang='lat' dir='ltr'><strong>requirere</strong></span> <span class='ocrx_word' id='word_1_191' title='bbox 1647 469 1691 495; x_wconf 76' lang='lat' dir='ltr'><strong>de-</strong></span> 
     </span>
    </p>
   </div>
   <div class='ocr_carea' id='block_1_23' title="bbox 898 516 1682 551">
    <p class='ocr_par' dir='ltr' id='par_1_23' title="bbox 898 516 1682 551">
     <span class='ocr_line' id='line_1_23' title="bbox 898 516 1682 551; baseline -0.004 -8"><span class='ocrx_word' id='word_1_192' title='bbox 898 517 997 544; x_wconf 83' lang='lat' dir='ltr'><strong>divinis</strong></span> <span class='ocrx_word' id='word_1_193' title='bbox 1024 517 1127 551; x_wconf 78' lang='lat' dir='ltr'><strong>legibus</strong></span> <span class='ocrx_word' id='word_1_194' title='bbox 1151 524 1211 551; x_wconf 57' lang='lat' dir='ltr'><strong>qua</strong></span> <span class='ocrx_word' id='word_1_195' title='bbox 1239 516 1276 543; x_wconf 87' lang='lat' dir='ltr'><strong>sit</strong></span> <span class='ocrx_word' id='word_1_196' title='bbox 1303 516 1458 550; x_wconf 86' lang='lat' dir='ltr'><strong>propitiatio</strong></span> <span class='ocrx_word' id='word_1_197' title='bbox 1474 523 1532 550; x_wconf 77' lang='lat' dir='ltr'><strong>qua:</strong></span> <span class='ocrx_word' id='word_1_198' title='bbox 1555 522 1602 550; x_wconf 91' lang='lat' dir='ltr'><strong>per</strong></span> <span class='ocrx_word' id='word_1_199' title='bbox 1619 522 1682 541; x_wconf 85' lang='lat' dir='ltr'><strong>san-</strong></span> 
     </span>
    </p>
   </div>
   <div class='ocr_carea' id='block_1_24' title="bbox 898 561 1690 597">
    <p class='ocr_par' dir='ltr' id='par_1_24' title="bbox 898 561 1690 597">
     <span class='ocr_line' id='line_1_24' title="bbox 898 561 1690 597; baseline -0.004 -8"><span class='ocrx_word' id='word_1_200' title='bbox 898 563 1005 597; x_wconf 80' lang='lat' dir='ltr'><strong>guinem</strong></span> <span class='ocrx_word' id='word_1_201' title='bbox 1023 562 1085 595; x_wconf 89' lang='lat' dir='ltr'><strong>ﬁat,</strong></span> <span class='ocrx_word' id='word_1_202' title='bbox 1101 567 1130 589; x_wconf 89' lang='lat' dir='ltr'><strong>ut</strong></span> <span class='ocrx_word' id='word_1_203' title='bbox 1145 570 1178 589; x_wconf 84' lang='lat' dir='ltr'><strong>ex</strong></span> <span class='ocrx_word' id='word_1_204' title='bbox 1197 562 1238 589; x_wconf 88' lang='lat' dir='ltr'><strong>his</strong></span> <span class='ocrx_word' id='word_1_205' title='bbox 1253 562 1379 596; x_wconf 78' lang='lat' dir='ltr'><strong>colligere</strong></span> <span class='ocrx_word' id='word_1_206' title='bbox 1401 561 1533 596; x_wconf 81' lang='lat' dir='ltr'><strong>possimus</strong></span> <span class='ocrx_word' id='word_1_207' title='bbox 1547 561 1690 595; x_wconf 65' lang='lat' dir='ltr'><strong>quomodo</strong></span> 
     </span>
    </p>
   </div>
   <div class='ocr_carea' id='block_1_25' title="bbox 898 605 1680 642">
    <p class='ocr_par' dir='ltr' id='par_1_25' title="bbox 898 605 1680 642">
     <span class='ocr_line' id='line_1_25' title="bbox 898 605 1680 642; baseline -0.003 -9"><span class='ocrx_word' id='word_1_208' title='bbox 898 608 978 634; x_wconf 85' lang='lat' dir='ltr'><strong>etiam</strong></span> <span class='ocrx_word' id='word_1_209' title='bbox 1003 615 1049 642; x_wconf 89' lang='lat' dir='ltr'><strong>per</strong></span> <span class='ocrx_word' id='word_1_210' title='bbox 1081 607 1239 642; x_wconf 76' lang='lat' dir='ltr'><strong>sanguinem</strong></span> <span class='ocrx_word' id='word_1_211' title='bbox 1266 606 1329 633; x_wconf 79' lang='lat' dir='ltr'><strong>Jesu</strong></span> <span class='ocrx_word' id='word_1_212' title='bbox 1356 606 1511 641; x_wconf 89' lang='lat' dir='ltr'><strong>propitiatio</strong></span> <span class='ocrx_word' id='word_1_213' title='bbox 1534 605 1603 632; x_wconf 79' lang='lat' dir='ltr'><strong>facta</strong></span> <span class='ocrx_word' id='word_1_214' title='bbox 1635 605 1680 639; x_wconf 81' lang='lat' dir='ltr'><strong>sit.</strong></span> 
     </span>
    </p>
   </div>
   <div class='ocr_carea' id='block_1_26' title="bbox 899 649 1682 686">
    <p class='ocr_par' dir='ltr' id='par_1_26' title="bbox 899 649 1682 686">
     <span class='ocr_line' id='line_1_26' title="bbox 899 649 1682 686; baseline -0.004 -8"><span class='ocrx_word' id='word_1_215' title='bbox 899 652 1035 686; x_wconf 78' lang='lat' dir='ltr'><strong>Scriptum</strong></span> <span class='ocrx_word' id='word_1_216' title='bbox 1051 656 1094 678; x_wconf 87' lang='lat' dir='ltr'><strong>est</strong></span> <span class='ocrx_word' id='word_1_217' title='bbox 1110 652 1135 678; x_wconf 93' lang='lat' dir='ltr'><strong>in</strong></span> <span class='ocrx_word' id='word_1_218' title='bbox 1154 651 1276 678; x_wconf 84' lang='lat' dir='ltr'><strong>Levitieo</strong></span> <span class='ocrx_word' id='word_1_219' title='bbox 1298 656 1357 684; x_wconf 90' lang='lat' dir='ltr'><strong>post</strong></span> <span class='ocrx_word' id='word_1_220' title='bbox 1378 649 1512 684; x_wconf 84' lang='lat' dir='ltr'><strong>pontiﬁcis</strong></span> <span class='ocrx_word' id='word_1_221' title='bbox 1537 649 1654 677; x_wconf 88' lang='lat' dir='ltr'><strong>hostiam</strong></span> <span class='ocrx_word' id='word_1_222' title='bbox 1673 656 1682 676; x_wconf 89' lang='lat'><strong>:</strong></span> 
     </span>
    </p>
   </div>
   <div class='ocr_carea' id='block_1_27' title="bbox 902 695 1686 732">
    <p class='ocr_par' dir='ltr' id='par_1_27' title="bbox 902 695 1686 732">
     <span class='ocr_line' id='line_1_27' title="bbox 902 695 1686 732; baseline -0.004 -8"><span class='ocrx_word' id='word_1_223' title='bbox 902 707 911 724; x_wconf 75' lang='grc' dir='ltr'><strong>ι</strong></span> <span class='ocrx_word' id='word_1_224' title='bbox 931 697 1007 729; x_wconf 83' lang='lat' dir='ltr'><strong>Quod</strong></span> <span class='ocrx_word' id='word_1_225' title='bbox 1022 697 1043 724; x_wconf 93' lang='lat' dir='ltr'><strong>si</strong></span> <span class='ocrx_word' id='word_1_226' title='bbox 1057 697 1145 724; x_wconf 88' lang='lat' dir='ltr'><strong>omnis</strong></span> <span class='ocrx_word' id='word_1_227' title='bbox 1159 696 1300 732; x_wconf 75' lang='lat' dir='ltr'><strong>Synagoga</strong></span> <span class='ocrx_word' id='word_1_228' title='bbox 1316 695 1396 723; x_wconf 91' lang='lat' dir='ltr'><strong>Israel</strong></span> <span class='ocrx_word' id='word_1_229' title='bbox 1414 695 1595 729; x_wconf 75' lang='lat' dir='ltr'><strong>ignoraverit,</strong></span> <span class='ocrx_word' id='word_1_230' title='bbox 1608 700 1632 721; x_wconf 89' lang='lat' dir='ltr'><strong>et</strong></span> <span class='ocrx_word' id='word_1_231' title='bbox 1649 695 1686 721; x_wconf 71' lang='lat' dir='ltr'><strong>la-</strong></span> 
     </span>
    </p>
   </div>
   <div class='ocr_carea' id='block_1_28' title="bbox 901 742 1684 778">
    <p class='ocr_par' dir='ltr' id='par_1_28' title="bbox 901 742 1684 778">
     <span class='ocr_line' id='line_1_28' title="bbox 901 742 1684 778; baseline -0.003 -9"><span class='ocrx_word' id='word_1_232' title='bbox 901 744 982 770; x_wconf 87' lang='lat' dir='ltr'><strong>tuerit</strong></span> <span class='ocrx_word' id='word_1_233' title='bbox 994 751 1082 770; x_wconf 86' lang='lat' dir='ltr'><strong>sermo</strong></span> <span class='ocrx_word' id='word_1_234' title='bbox 1093 744 1126 771; x_wconf 91' lang='lat' dir='ltr'><strong>ab</strong></span> <span class='ocrx_word' id='word_1_235' title='bbox 1138 743 1225 771; x_wconf 90' lang='lat' dir='ltr'><strong>oculis</strong></span> <span class='ocrx_word' id='word_1_236' title='bbox 1237 743 1307 778; x_wconf 75' lang='lat' dir='ltr'><strong>ejus,</strong></span> <span class='ocrx_word' id='word_1_237' title='bbox 1321 749 1347 770; x_wconf 90' lang='lat' dir='ltr'><strong>et</strong></span> <span class='ocrx_word' id='word_1_238' title='bbox 1360 743 1454 770; x_wconf 85' lang='lat' dir='ltr'><strong>fecerit</strong></span> <span class='ocrx_word' id='word_1_239' title='bbox 1470 750 1551 769; x_wconf 91' lang='lat' dir='ltr'><strong>unum</strong></span> <span class='ocrx_word' id='word_1_240' title='bbox 1563 742 1596 768; x_wconf 87' lang='lat' dir='ltr'><strong>de</strong></span> <span class='ocrx_word' id='word_1_241' title='bbox 1608 749 1684 768; x_wconf 77' lang='lat' dir='ltr'><strong>man-</strong></span> 
     </span>
    </p>
   </div>
   <div class='ocr_carea' id='block_1_29' title="bbox 900 787 1686 824">
    <p class='ocr_par' dir='ltr' id='par_1_29' title="bbox 900 787 1686 824">
     <span class='ocr_line' id='line_1_29' title="bbox 900 787 1686 824; baseline -0.004 -8"><span class='ocrx_word' id='word_1_242' title='bbox 900 789 971 816; x_wconf 93' lang='lat' dir='ltr'><strong>datis</strong></span> <span class='ocrx_word' id='word_1_243' title='bbox 988 789 1092 816; x_wconf 88' lang='lat' dir='ltr'><strong>Domini</strong></span> <span class='ocrx_word' id='word_1_244' title='bbox 1108 789 1180 824; x_wconf 85' lang='lat' dir='ltr'><strong>quod</strong></span> <span class='ocrx_word' id='word_1_245' title='bbox 1197 797 1250 816; x_wconf 88' lang='lat' dir='ltr'><strong>non</strong></span> <span class='ocrx_word' id='word_1_246' title='bbox 1269 789 1330 821; x_wconf 89' lang='lat' dir='ltr'><strong>ﬁet,</strong></span> <span class='ocrx_word' id='word_1_247' title='bbox 1346 793 1373 816; x_wconf 91' lang='lat' dir='ltr'><strong>et</strong></span> <span class='ocrx_word' id='word_1_248' title='bbox 1388 788 1548 824; x_wconf 82' lang='lat' dir='ltr'><strong>deliquerit,</strong></span> <span class='ocrx_word' id='word_1_249' title='bbox 1565 791 1592 814; x_wconf 91' lang='lat' dir='ltr'><strong>et</strong></span> <span class='ocrx_word' id='word_1_250' title='bbox 1607 787 1686 814; x_wconf 81' lang='lat' dir='ltr'><strong>inno-</strong></span> 
     </span>
    </p>
   </div>
   <div class='ocr_carea' id='block_1_30' title="bbox 52 831 845 875">
    <p class='ocr_par' dir='ltr' id='par_1_30' title="bbox 52 831 845 875">
     <span class='ocr_line' id='line_1_30' title="bbox 52 831 845 875; baseline -0.006 -3"><span class='ocrx_word' id='word_1_251' title='bbox 52 844 156 872; x_wconf 76' lang='lat' dir='ltr'><strong>Potest</strong></span> <span class='ocrx_word' id='word_1_252' title='bbox 185 851 247 871; x_wconf 88' lang='lat' dir='ltr'><strong>arca</strong></span> <span class='ocrx_word' id='word_1_253' title='bbox 273 831 429 870; x_wconf 78' lang='lat' dir='ltr'><strong>testamenti</strong></span> <span class='ocrx_word' id='word_1_254' title='bbox 453 846 545 870; x_wconf 86' lang='lat' dir='ltr'><strong>sancta</strong></span> <span class='ocrx_word' id='word_1_255' title='bbox 573 841 630 875; x_wconf 85' lang='lat' dir='ltr'><strong>ejus</strong></span> <span class='ocrx_word' id='word_1_256' title='bbox 655 848 737 872; x_wconf 85' lang='lat' dir='ltr'><strong>caro,</strong></span> <span class='ocrx_word' id='word_1_257' title='bbox 754 840 779 867; x_wconf 90' lang='lat' dir='ltr'><strong>in</strong></span> <span class='ocrx_word' id='word_1_258' title='bbox 794 848 845 875; x_wconf 88' lang='lat' dir='ltr'><strong>qua</strong></span> 
     </span>
    </p>
   </div>
   <div class='ocr_carea' id='block_1_31' title="bbox 995 831 1687 875">
    <p class='ocr_par' dir='ltr' id='par_1_31' title="bbox 995 831 1687 868">
     <span class='ocr_line' id='line_1_31' title="bbox 995 831 1687 868; baseline -0.004 -7"><span class='ocrx_word' id='word_1_259' title='bbox 995 834 1033 861; x_wconf 88' lang='lat' dir='ltr'><strong>eis</strong></span> <span class='ocrx_word' id='word_1_260' title='bbox 1048 839 1186 868; x_wconf 80' lang='lat' dir='ltr'><strong>peccaturo</strong></span> <span class='ocrx_word' id='word_1_261' title='bbox 1202 835 1272 868; x_wconf 88' lang='lat' dir='ltr'><strong>quod</strong></span> <span class='ocrx_word' id='word_1_262' title='bbox 1289 838 1486 867; x_wconf 83' lang='lat' dir='ltr'><strong>peccaverunt,</strong></span> <span class='ocrx_word' id='word_1_263' title='bbox 1504 833 1620 860; x_wconf 84' lang='lat' dir='ltr'><strong>adducet</strong></span> <span class='ocrx_word' id='word_1_264' title='bbox 1636 831 1687 866; x_wconf 57' lang='lat' dir='ltr'><strong>Syc</strong></span> 
     </span>
    </p>
   </div>
   <div class='ocr_carea' id='block_1_32' title="bbox 54 886 844 921">
    <p class='ocr_par' dir='ltr' id='par_1_32' title="bbox 54 886 844 921">
     <span class='ocr_line' id='line_1_32' title="bbox 54 886 844 921; baseline -0.008 -3"><span class='ocrx_word' id='word_1_265' title='bbox 54 892 141 918; x_wconf 79' lang='lat' dir='ltr'><strong>beata</strong></span> <span class='ocrx_word' id='word_1_266' title='bbox 166 891 223 918; x_wconf 66' lang='lat' dir='ltr'><strong>hxc</strong></span> <span class='ocrx_word' id='word_1_267' title='bbox 247 890 337 916; x_wconf 83' lang='lat' dir='ltr'><strong>anima</strong></span> <span class='ocrx_word' id='word_1_268' title='bbox 357 888 524 918; x_wconf 83' lang='lat' dir='ltr'><strong>collocatur,</strong></span> <span class='ocrx_word' id='word_1_269' title='bbox 540 887 667 921; x_wconf 83' lang='lat' dir='ltr'><strong>intelligi,</strong></span> <span class='ocrx_word' id='word_1_270' title='bbox 686 886 789 913; x_wconf 85' lang='lat' dir='ltr'><strong>habens</strong></span> <span class='ocrx_word' id='word_1_271' title='bbox 817 886 844 913; x_wconf 90' lang='lat' dir='ltr'><strong>in</strong></span> 
     </span>
    </p>
   </div>
   <div class='ocr_carea' id='block_1_33' title="bbox 46 934 850 970">
    <p class='ocr_par' dir='ltr' id='par_1_33' title="bbox 46 934 850 970">
     <span class='ocr_line' id='line_1_33' title="bbox 46 934 850 970; baseline 0 -8"><span class='ocrx_word' id='word_1_272' title='bbox 46 943 83 962; x_wconf 82' lang='lat' dir='ltr'><strong>se</strong></span> <span class='ocrx_word' id='word_1_273' title='bbox 102 936 258 963; x_wconf 84' lang='lat' dir='ltr'><strong>testimonia</strong></span> <span class='ocrx_word' id='word_1_274' title='bbox 275 934 332 967; x_wconf 85' lang='lat' dir='ltr'><strong>Dei,</strong></span> <span class='ocrx_word' id='word_1_275' title='bbox 346 942 406 970; x_wconf 73' lang='lat' dir='ltr'><strong>quas</strong></span> <span class='ocrx_word' id='word_1_276' title='bbox 428 935 614 970; x_wconf 82' lang='lat' dir='ltr'><strong>intelliguntur</strong></span> <span class='ocrx_word' id='word_1_277' title='bbox 626 934 726 962; x_wconf 86' lang='lat' dir='ltr'><strong>Christi</strong></span> <span class='ocrx_word' id='word_1_278' title='bbox 741 943 808 970; x_wconf 84' lang='lat' dir='ltr'><strong>quas</strong></span> <span class='ocrx_word' id='word_1_279' title='bbox 821 935 850 962; x_wconf 94' lang='lat' dir='ltr'><strong>in</strong></span> 
     </span>
    </p>
   </div>
   <div class='ocr_carea' id='block_1_34' title="bbox 47 980 849 1017">
    <p class='ocr_par' dir='ltr' id='par_1_34' title="bbox 47 980 849 1017">
     <span class='ocr_line' id='line_1_34' title="bbox 47 980 849 1017; baseline 0.001 -9"><span class='ocrx_word' id='word_1_280' title='bbox 47 989 142 1008; x_wconf 84' lang='lat' dir='ltr'><strong>carne</strong></span> <span class='ocrx_word' id='word_1_281' title='bbox 158 982 268 1016; x_wconf 88' lang='lat' dir='ltr'><strong>pertulit</strong></span> <span class='ocrx_word' id='word_1_282' title='bbox 284 982 424 1016; x_wconf 80' lang='lat' dir='ltr'><strong>passiones</strong></span> <span class='ocrx_word' id='word_1_283' title='bbox 440 981 539 1011; x_wconf 84' lang='lat' dir='ltr'><strong>divinis</strong></span> <span class='ocrx_word' id='word_1_284' title='bbox 556 981 618 1009; x_wconf 91' lang='lat' dir='ltr'><strong>olim</strong></span> <span class='ocrx_word' id='word_1_285' title='bbox 635 981 770 1016; x_wconf 68' lang='lat' dir='ltr'><strong>prtedictre</strong></span> <span class='ocrx_word' id='word_1_286' title='bbox 793 980 849 1017; x_wconf 79' lang='lat'><strong>(85)</strong></span> 
     </span>
    </p>
   </div>
   <div class='ocr_carea' id='block_1_35' title="bbox 51 1027 852 1054">
    <p class='ocr_par' dir='ltr' id='par_1_35' title="bbox 51 1027 852 1054">
     <span class='ocr_line' id='line_1_35' title="bbox 51 1027 852 1054; baseline 0 -1"><span class='ocrx_word' id='word_1_287' title='bbox 51 1027 236 1054; x_wconf 76' lang='lat' dir='ltr'><strong>testimoniis.</strong></span> <span class='ocrx_word' id='word_1_288' title='bbox 252 1027 368 1054; x_wconf 84' lang='lat' dir='ltr'><strong>Possunt</strong></span> <span class='ocrx_word' id='word_1_289' title='bbox 388 1027 468 1054; x_wconf 87' lang='lat' dir='ltr'><strong>etiam</strong></span> <span class='ocrx_word' id='word_1_290' title='bbox 491 1027 605 1054; x_wconf 74' lang='lat' dir='ltr'><strong>virtutes</strong></span> <span class='ocrx_word' id='word_1_291' title='bbox 627 1027 751 1054; x_wconf 69' lang='lat' dir='ltr'><strong>caelestes</strong></span> <span class='ocrx_word' id='word_1_292' title='bbox 770 1027 852 1054; x_wconf 89' lang='lat' dir='ltr'><strong>intel-</strong></span> 
     </span>
    </p>
   </div>
   <div class='ocr_carea' id='block_1_36' title="bbox 53 1064 847 1102">
    <p class='ocr_par' dir='ltr' id='par_1_36' title="bbox 53 1064 847 1102">
     <span class='ocr_line' id='line_1_36' title="bbox 53 1064 847 1102; baseline -0.003 -8"><span class='ocrx_word' id='word_1_293' title='bbox 53 1067 107 1102; x_wconf 77' lang='lat' dir='ltr'><strong>ligi</strong></span> <span class='ocrx_word' id='word_1_294' title='bbox 129 1075 194 1095; x_wconf 84' lang='lat' dir='ltr'><strong>arca</strong></span> <span class='ocrx_word' id='word_1_295' title='bbox 213 1067 279 1100; x_wconf 81' lang='lat' dir='ltr'><strong>Dei,</strong></span> <span class='ocrx_word' id='word_1_296' title='bbox 297 1074 357 1101; x_wconf 61' lang='lat' dir='ltr'><strong>qtae</strong></span> <span class='ocrx_word' id='word_1_297' title='bbox 383 1071 410 1093; x_wconf 87' lang='lat' dir='ltr'><strong>et</strong></span> <span class='ocrx_word' id='word_1_298' title='bbox 435 1067 499 1100; x_wconf 67' lang='lat' dir='ltr'><strong>ipsre</strong></span> <span class='ocrx_word' id='word_1_299' title='bbox 520 1072 635 1099; x_wconf 84' lang='lat' dir='ltr'><strong>capaces</strong></span> <span class='ocrx_word' id='word_1_300' title='bbox 652 1064 759 1098; x_wconf 84' lang='lat' dir='ltr'><strong>quidem</strong></span> <span class='ocrx_word' id='word_1_301' title='bbox 784 1069 847 1092; x_wconf 90' lang='lat' dir='ltr'><strong>sunt</strong></span> 
     </span>
    </p>
   </div>
   <div class='ocr_carea' id='block_1_37' title="bbox 57 1110 857 1146">
    <p class='ocr_par' dir='ltr' id='par_1_37' title="bbox 57 1110 857 1146">
     <span class='ocr_line' id='line_1_37' title="bbox 57 1110 857 1146; baseline -0.004 -6"><span class='ocrx_word' id='word_1_302' title='bbox 57 1113 145 1140; x_wconf 81' lang='lat' dir='ltr'><strong>Verbi</strong></span> <span class='ocrx_word' id='word_1_303' title='bbox 163 1113 220 1143; x_wconf 80' lang='lat' dir='ltr'><strong>Dei.</strong></span> <span class='ocrx_word' id='word_1_304' title='bbox 234 1118 261 1139; x_wconf 89' lang='lat' dir='ltr'><strong>et</strong></span> <span class='ocrx_word' id='word_1_305' title='bbox 278 1112 396 1146; x_wconf 89' lang='lat' dir='ltr'><strong>Spiritus</strong></span> <span class='ocrx_word' id='word_1_306' title='bbox 418 1111 521 1142; x_wconf 86' lang='lat' dir='ltr'><strong>sancti,</strong></span> <span class='ocrx_word' id='word_1_307' title='bbox 546 1111 592 1138; x_wconf 89' lang='lat' dir='ltr'><strong>sed</strong></span> <span class='ocrx_word' id='word_1_308' title='bbox 616 1111 782 1145; x_wconf 73' lang='lat' dir='ltr'><strong>praeponitur</strong></span> <span class='ocrx_word' id='word_1_309' title='bbox 808 1110 857 1138; x_wconf 90' lang='lat' dir='ltr'><strong>eis-</strong></span> 
     </span>
    </p>
   </div>
   <div class='ocr_carea' id='block_1_38' title="bbox 59 1157 847 1192">
    <p class='ocr_par' dir='ltr' id='par_1_38' title="bbox 59 1157 847 1192">
     <span class='ocr_line' id='line_1_38' title="bbox 59 1157 847 1192; baseline -0.005 -5"><span class='ocrx_word' id='word_1_310' title='bbox 59 1160 157 1187; x_wconf 83' lang='lat' dir='ltr'><strong>anima</strong></span> <span class='ocrx_word' id='word_1_311' title='bbox 177 1158 257 1191; x_wconf 86' lang='lat' dir='ltr'><strong>Jesu,</strong></span> <span class='ocrx_word' id='word_1_312' title='bbox 278 1163 305 1186; x_wconf 91' lang='lat' dir='ltr'><strong>et</strong></span> <span class='ocrx_word' id='word_1_313' title='bbox 330 1159 385 1192; x_wconf 88' lang='lat' dir='ltr'><strong>ipsa</strong></span> <span class='ocrx_word' id='word_1_314' title='bbox 401 1157 598 1192; x_wconf 86' lang='lat' dir='ltr'><strong>quodammodo</strong></span> <span class='ocrx_word' id='word_1_315' title='bbox 612 1157 769 1183; x_wconf 67' lang='lat' dir='ltr'><strong>mediatriee</strong></span> <span class='ocrx_word' id='word_1_316' title='bbox 785 1164 847 1191; x_wconf 74' lang='lat' dir='ltr'><strong>gra-</strong></span> 
     </span>
    </p>
   </div>
   <div class='ocr_carea' id='block_1_39' title="bbox 57 1202 847 1239">
    <p class='ocr_par' dir='ltr' id='par_1_39' title="bbox 57 1202 847 1239">
     <span class='ocr_line' id='line_1_39' title="bbox 57 1202 847 1239; baseline -0.005 -7"><span class='ocrx_word' id='word_1_317' title='bbox 57 1206 131 1232; x_wconf 76' lang='lat' dir='ltr'><strong>tiam</strong></span> <span class='ocrx_word' id='word_1_318' title='bbox 144 1205 241 1232; x_wconf 76' lang='lat' dir='ltr'><strong>diviuze</strong></span> <span class='ocrx_word' id='word_1_319' title='bbox 258 1204 409 1239; x_wconf 80' lang='lat' dir='ltr'><strong>largitionis</strong></span> <span class='ocrx_word' id='word_1_320' title='bbox 425 1203 570 1237; x_wconf 89' lang='lat' dir='ltr'><strong>accipiunt.</strong></span> <span class='ocrx_word' id='word_1_321' title='bbox 596 1202 660 1229; x_wconf 82' lang='lat' dir='ltr'><strong>Post</strong></span> <span class='ocrx_word' id='word_1_322' title='bbox 681 1202 738 1229; x_wconf 63' lang='lat' dir='ltr'><strong>haec</strong></span> <span class='ocrx_word' id='word_1_323' title='bbox 757 1211 764 1228; x_wconf 90' lang='lat'><strong>:</strong></span> <span class='ocrx_word' id='word_1_324' title='bbox 783 1211 792 1228; x_wconf 74' lang='grc' dir='ltr'><strong>ε</strong></span> <span class='ocrx_word' id='word_1_325' title='bbox 815 1202 847 1229; x_wconf 88' lang='lat' dir='ltr'><strong>Et</strong></span> 
     </span>
    </p>
   </div>
   <div class='ocr_carea' id='block_1_40' title="bbox 56 1246 848 1281">
    <p class='ocr_par' dir='ltr' id='par_1_40' title="bbox 56 1246 848 1281">
     <span class='ocr_line' id='line_1_40' title="bbox 56 1246 848 1281; baseline -0.003 -5"><span class='ocrx_word' id='word_1_326' title='bbox 56 1248 230 1276; x_wconf 82' lang='lat' dir='ltr'><strong>innotescam</strong></span> <span class='ocrx_word' id='word_1_327' title='bbox 261 1248 325 1280; x_wconf 88' lang='lat' dir='ltr'><strong>tibi,</strong></span> <span class='ocrx_word' id='word_1_328' title='bbox 350 1248 455 1281; x_wconf 85' lang='lat' dir='ltr'><strong>inquit,</strong></span> <span class='ocrx_word' id='word_1_329' title='bbox 481 1247 561 1279; x_wconf 84' lang='lat' dir='ltr'><strong>inde,</strong></span> <span class='ocrx_word' id='word_1_330' title='bbox 591 1250 618 1273; x_wconf 91' lang='lat' dir='ltr'><strong>et</strong></span> <span class='ocrx_word' id='word_1_331' title='bbox 642 1246 736 1281; x_wconf 89' lang='lat' dir='ltr'><strong>loquar</strong></span> <span class='ocrx_word' id='word_1_332' title='bbox 762 1247 795 1274; x_wconf 89' lang='lat' dir='ltr'><strong>ad</strong></span> <span class='ocrx_word' id='word_1_333' title='bbox 822 1251 848 1274; x_wconf 79' lang='lat' dir='ltr'><strong>te</strong></span> 
     </span>
    </p>
   </div>
   <div class='ocr_carea' id='block_1_41' title="bbox 61 1291 847 1329">
    <p class='ocr_par' dir='ltr' id='par_1_41' title="bbox 61 1291 847 1329">
     <span class='ocr_line' id='line_1_41' title="bbox 61 1291 847 1329; baseline 0.001 -9"><span class='ocrx_word' id='word_1_334' title='bbox 61 1293 183 1328; x_wconf 89' lang='lat' dir='ltr'><strong>desuper</strong></span> <span class='ocrx_word' id='word_1_335' title='bbox 208 1293 395 1327; x_wconf 90' lang='lat' dir='ltr'><strong>propitiatorio</strong></span> <span class='ocrx_word' id='word_1_336' title='bbox 407 1293 442 1318; x_wconf 80' lang='grc' dir='ltr'><strong>⁷ο.</strong></span> <span class='ocrx_word' id='word_1_337' title='bbox 464 1301 473 1317; x_wconf 73' lang='grc' dir='ltr'><strong>ι</strong></span> <span class='ocrx_word' id='word_1_338' title='bbox 498 1291 556 1318; x_wconf 83' lang='grc' dir='ltr'><strong>Νοιι</strong></span> <span class='ocrx_word' id='word_1_339' title='bbox 579 1293 664 1320; x_wconf 89' lang='lat' dir='ltr'><strong>solum</strong></span> <span class='ocrx_word' id='word_1_340' title='bbox 681 1292 782 1329; x_wconf 76' lang='lat' dir='ltr'><strong>Moysi,</strong></span> <span class='ocrx_word' id='word_1_341' title='bbox 800 1294 847 1321; x_wconf 83' lang='lat' dir='ltr'><strong>sed</strong></span> 
     </span>
    </p>
   </div>
   <div class='ocr_carea' id='block_1_42' title="bbox 57 1337 846 1373">
    <p class='ocr_par' dir='ltr' id='par_1_42' title="bbox 57 1337 846 1373">
     <span class='ocr_line' id='line_1_42' title="bbox 57 1337 846 1373; baseline 0.001 -8"><span class='ocrx_word' id='word_1_342' title='bbox 57 1344 91 1365; x_wconf 81' lang='lat' dir='ltr'><strong>et</strong></span> <span class='ocrx_word' id='word_1_343' title='bbox 109 1339 254 1373; x_wconf 85' lang='lat' dir='ltr'><strong>unicuique</strong></span> <span class='ocrx_word' id='word_1_344' title='bbox 275 1343 432 1366; x_wconf 81' lang='lat' dir='ltr'><strong>sanctorum</strong></span> <span class='ocrx_word' id='word_1_345' title='bbox 458 1338 503 1372; x_wconf 90' lang='lat' dir='ltr'><strong>qui</strong></span> <span class='ocrx_word' id='word_1_346' title='bbox 519 1337 635 1365; x_wconf 76' lang='lat' dir='ltr'><strong>famulus</strong></span> <span class='ocrx_word' id='word_1_347' title='bbox 650 1339 694 1366; x_wconf 87' lang='lat' dir='ltr'><strong>Dei</strong></span> <span class='ocrx_word' id='word_1_348' title='bbox 719 1345 776 1373; x_wconf 88' lang='lat' dir='ltr'><strong>est,</strong></span> <span class='ocrx_word' id='word_1_349' title='bbox 794 1347 846 1367; x_wconf 93' lang='lat' dir='ltr'><strong>non</strong></span> 
     </span>
    </p>
   </div>
   <div class='ocr_carea' id='block_1_43' title="bbox 57 1384 847 1422">
    <p class='ocr_par' dir='ltr' id='par_1_43' title="bbox 57 1384 847 1422">
     <span class='ocr_line' id='line_1_43' title="bbox 57 1384 847 1422; baseline 0 -11"><span class='ocrx_word' id='word_1_350' title='bbox 57 1384 174 1411; x_wconf 80' lang='lat' dir='ltr'><strong>aliunde</strong></span> <span class='ocrx_word' id='word_1_351' title='bbox 187 1385 330 1412; x_wconf 79' lang='lat' dir='ltr'><strong>innotes‘rit</strong></span> <span class='ocrx_word' id='word_1_352' title='bbox 356 1385 444 1417; x_wconf 81' lang='lat' dir='ltr'><strong>Deus,</strong></span> <span class='ocrx_word' id='word_1_353' title='bbox 472 1384 647 1422; x_wconf 76' lang='lat' dir='ltr'><strong>nec,aliunde</strong></span> <span class='ocrx_word' id='word_1_354' title='bbox 662 1385 847 1419; x_wconf 75' lang='lat' dir='ltr'><strong>cognoscitur,</strong></span> 
     </span>
    </p>
   </div>
   <div class='ocr_carea' id='block_1_44' title="bbox 62 1429 846 1464">
    <p class='ocr_par' dir='ltr' id='par_1_44' title="bbox 62 1429 846 1464">
     <span class='ocr_line' id='line_1_44' title="bbox 62 1429 846 1464; baseline 0 -8"><span class='ocrx_word' id='word_1_355' title='bbox 62 1430 118 1456; x_wconf 87' lang='lat' dir='ltr'><strong>nisi</strong></span> <span class='ocrx_word' id='word_1_356' title='bbox 136 1429 169 1456; x_wconf 89' lang='lat' dir='ltr'><strong>de</strong></span> <span class='ocrx_word' id='word_1_357' title='bbox 183 1429 368 1464; x_wconf 87' lang='lat' dir='ltr'><strong>propitiatorio</strong></span> <span class='ocrx_word' id='word_1_358' title='bbox 392 1429 442 1456; x_wconf 90' lang='lat' dir='ltr'><strong>isto</strong></span> <span class='ocrx_word' id='word_1_359' title='bbox 465 1430 537 1463; x_wconf 89' lang='lat' dir='ltr'><strong>quod</strong></span> <span class='ocrx_word' id='word_1_360' title='bbox 558 1437 639 1464; x_wconf 80' lang='lat' dir='ltr'><strong>Supra</strong></span> <span class='ocrx_word' id='word_1_361' title='bbox 661 1430 846 1464; x_wconf 80' lang='lat' dir='ltr'><strong>exposuimus,</strong></span> 
     </span>
    </p>
   </div>
   <div class='ocr_carea' id='block_1_45' title="bbox 58 1473 846 1509">
    <p class='ocr_par' dir='ltr' id='par_1_45' title="bbox 58 1473 846 1509">
     <span class='ocr_line' id='line_1_45' title="bbox 58 1473 846 1509; baseline 0.001 -8"><span class='ocrx_word' id='word_1_362' title='bbox 58 1479 94 1502; x_wconf 77' lang='lat' dir='ltr'><strong>et</strong></span> <span class='ocrx_word' id='word_1_363' title='bbox 106 1474 140 1501; x_wconf 85' lang='lat' dir='ltr'><strong>de</strong></span> <span class='ocrx_word' id='word_1_364' title='bbox 162 1474 249 1501; x_wconf 88' lang='lat' dir='ltr'><strong>medio</strong></span> <span class='ocrx_word' id='word_1_365' title='bbox 269 1473 411 1501; x_wconf 81' lang='lat' dir='ltr'><strong>cherubin.</strong></span> <span class='ocrx_word' id='word_1_366' title='bbox 436 1474 491 1501; x_wconf 89' lang='lat' dir='ltr'><strong>Hoc</strong></span> <span class='ocrx_word' id='word_1_367' title='bbox 514 1479 541 1501; x_wconf 89' lang='lat' dir='ltr'><strong>et</strong></span> <span class='ocrx_word' id='word_1_368' title='bbox 562 1474 688 1502; x_wconf 84' lang='lat' dir='ltr'><strong>llabacuc</strong></span> <span class='ocrx_word' id='word_1_369' title='bbox 718 1475 846 1509; x_wconf 84' lang='lat' dir='ltr'><strong>propheta</strong></span> 
     </span>
    </p>
   </div>
   <div class='ocr_carea' id='block_1_46' title="bbox 60 1517 883 1554">
    <p class='ocr_par' dir='ltr' id='par_1_46' title="bbox 60 1517 883 1554">
     <span class='ocr_line' id='line_1_46' title="bbox 60 1517 883 1554; baseline 0 -8"><span class='ocrx_word' id='word_1_370' title='bbox 60 1520 201 1554; x_wconf 75' lang='lat' dir='ltr'><strong>signiﬁcat</strong></span> <span class='ocrx_word' id='word_1_371' title='bbox 217 1520 260 1546; x_wconf 91' lang='lat' dir='ltr'><strong>ubi</strong></span> <span class='ocrx_word' id='word_1_372' title='bbox 279 1520 343 1546; x_wconf 85' lang='lat' dir='ltr'><strong>dicit</strong></span> <span class='ocrx_word' id='word_1_373' title='bbox 359 1527 366 1546; x_wconf 89' lang='lat'><strong>:</strong></span> <span class='ocrx_word' id='word_1_374' title='bbox 386 1529 395 1545; x_wconf 74' lang='grc' dir='ltr'><strong>ε</strong></span> <span class='ocrx_word' id='word_1_375' title='bbox 411 1519 438 1546; x_wconf 89' lang='grc' dir='ltr'><strong>ιιι</strong></span> <span class='ocrx_word' id='word_1_376' title='bbox 457 1519 545 1546; x_wconf 84' lang='lat' dir='ltr'><strong>medio</strong></span> <span class='ocrx_word' id='word_1_377' title='bbox 565 1520 677 1546; x_wconf 89' lang='lat' dir='ltr'><strong>duorum</strong></span> <span class='ocrx_word' id='word_1_378' title='bbox 692 1521 847 1546; x_wconf 85' lang='lat' dir='ltr'><strong>animalium</strong></span> <span class='ocrx_word' id='word_1_379' title='bbox 862 1517 883 1546; x_wconf 81' lang='lat' dir='ltr'><strong><em>C</em></strong></span> 
     </span>
    </p>
   </div>
   <div class='ocr_carea' id='block_1_47' title="bbox 58 1565 849 1600">
    <p class='ocr_par' dir='ltr' id='par_1_47' title="bbox 58 1565 849 1600">
     <span class='ocr_line' id='line_1_47' title="bbox 58 1565 849 1600; baseline 0 -7"><span class='ocrx_word' id='word_1_380' title='bbox 58 1566 257 1600; x_wconf 73' lang='lat' dir='ltr'><strong>cognosceris:</strong></span> <span class='ocrx_word' id='word_1_381' title='bbox 273 1565 335 1591; x_wconf 89' lang='lat' dir='ltr'><strong>dum</strong></span> <span class='ocrx_word' id='word_1_382' title='bbox 348 1565 620 1600; x_wconf 78' lang='lat' dir='ltr'><strong>appropinquaterint</strong></span> <span class='ocrx_word' id='word_1_383' title='bbox 631 1566 694 1592; x_wconf 82' lang='lat' dir='ltr'><strong>anni</strong></span> <span class='ocrx_word' id='word_1_384' title='bbox 704 1573 849 1600; x_wconf 76' lang='lat' dir='ltr'><strong>cognosce-</strong></span> 
     </span>
    </p>
   </div>
   <div class='ocr_carea' id='block_1_48' title="bbox 65 1611 849 1648">
    <p class='ocr_par' dir='ltr' id='par_1_48' title="bbox 65 1611 849 1648">
     <span class='ocr_line' id='line_1_48' title="bbox 65 1611 849 1648; baseline 0 -10"><span class='ocrx_word' id='word_1_385' title='bbox 65 1612 122 1644; x_wconf 87' lang='lat' dir='ltr'><strong>ris,</strong></span> <span class='ocrx_word' id='word_1_386' title='bbox 147 1617 173 1639; x_wconf 90' lang='lat' dir='ltr'><strong>et</strong></span> <span class='ocrx_word' id='word_1_387' title='bbox 193 1620 254 1638; x_wconf 82' lang='lat' dir='ltr'><strong>cum</strong></span> <span class='ocrx_word' id='word_1_388' title='bbox 274 1611 391 1638; x_wconf 74' lang='lat' dir='ltr'><strong>adfuerit</strong></span> <span class='ocrx_word' id='word_1_389' title='bbox 412 1616 517 1648; x_wconf 78' lang='lat' dir='ltr'><strong>tempus</strong></span> <span class='ocrx_word' id='word_1_390' title='bbox 541 1612 691 1638; x_wconf 82' lang='lat' dir='ltr'><strong>ostenderis</strong></span> <span class='ocrx_word' id='word_1_391' title='bbox 704 1612 738 1638; x_wconf 88' lang='lat'><strong>&#39;“.</strong></span> <span class='ocrx_word' id='word_1_392' title='bbox 765 1611 849 1639; x_wconf 80' lang='lat' dir='ltr'><strong>Nemo</strong></span> 
     </span>
    </p>
   </div>
   <div class='ocr_carea' id='block_1_49' title="bbox 59 1656 848 1687">
    <p class='ocr_par' dir='ltr' id='par_1_49' title="bbox 59 1656 848 1687">
     <span class='ocr_line' id='line_1_49' title="bbox 59 1656 848 1687; baseline 0 -4"><span class='ocrx_word' id='word_1_393' title='bbox 59 1657 139 1684; x_wconf 82' lang='lat' dir='ltr'><strong>enim</strong></span> <span class='ocrx_word' id='word_1_394' title='bbox 164 1656 216 1684; x_wconf 88' lang='lat' dir='ltr'><strong>scit</strong></span> <span class='ocrx_word' id='word_1_395' title='bbox 234 1656 338 1683; x_wconf 81' lang='lat' dir='ltr'><strong>Patrem</strong></span> <span class='ocrx_word' id='word_1_396' title='bbox 360 1656 411 1682; x_wconf 90' lang='lat' dir='ltr'><strong>nisi</strong></span> <span class='ocrx_word' id='word_1_397' title='bbox 435 1656 535 1687; x_wconf 77' lang='lat' dir='ltr'><strong>Filius,</strong></span> <span class='ocrx_word' id='word_1_398' title='bbox 550 1660 577 1682; x_wconf 86' lang='lat' dir='ltr'><strong>et</strong></span> <span class='ocrx_word' id='word_1_399' title='bbox 599 1656 640 1682; x_wconf 90' lang='lat' dir='ltr'><strong>cui</strong></span> <span class='ocrx_word' id='word_1_400' title='bbox 665 1656 780 1683; x_wconf 91' lang='lat' dir='ltr'><strong>voluerit</strong></span> <span class='ocrx_word' id='word_1_401' title='bbox 802 1656 848 1683; x_wconf 84' lang='lat' dir='ltr'><strong>Fi-</strong></span> 
     </span>
    </p>
   </div>
   <div class='ocr_carea' id='block_1_50' title="bbox 62 1701 848 1736">
    <p class='ocr_par' dir='ltr' id='par_1_50' title="bbox 62 1701 848 1736">
     <span class='ocr_line' id='line_1_50' title="bbox 62 1701 848 1736; baseline -0.001 -6"><span class='ocrx_word' id='word_1_402' title='bbox 62 1703 120 1730; x_wconf 77' lang='lat' dir='ltr'><strong>lius</strong></span> <span class='ocrx_word' id='word_1_403' title='bbox 136 1702 253 1729; x_wconf 87' lang='lat' dir='ltr'><strong>revelare</strong></span> <span class='ocrx_word' id='word_1_404' title='bbox 265 1702 299 1728; x_wconf 79' lang='grc'><strong>⁷².</strong></span> <span class='ocrx_word' id='word_1_405' title='bbox 318 1710 327 1727; x_wconf 76' lang='grc' dir='ltr'><strong>ι</strong></span> <span class='ocrx_word' id='word_1_406' title='bbox 347 1701 398 1728; x_wconf 87' lang='lat' dir='ltr'><strong>Sed</strong></span> <span class='ocrx_word' id='word_1_407' title='bbox 414 1706 439 1728; x_wconf 90' lang='lat' dir='ltr'><strong>et</strong></span> <span class='ocrx_word' id='word_1_408' title='bbox 454 1701 554 1728; x_wconf 85' lang='lat' dir='ltr'><strong>Paulus</strong></span> <span class='ocrx_word' id='word_1_409' title='bbox 569 1701 644 1732; x_wconf 79' lang='lat' dir='ltr'><strong>dicit,</strong></span> <span class='ocrx_word' id='word_1_410' title='bbox 662 1702 725 1736; x_wconf 83' lang='lat' dir='ltr'><strong>quia</strong></span> <span class='ocrx_word' id='word_1_411' title='bbox 742 1711 758 1727; x_wconf 80' lang='grc' dir='ltr'><strong>ι-</strong></span> <span class='ocrx_word' id='word_1_412' title='bbox 773 1703 848 1729; x_wconf 88' lang='lat' dir='ltr'><strong>nobis</strong></span> 
     </span>
    </p>
   </div>
   <div class='ocr_carea' id='block_1_51' title="bbox 62 1748 848 1783">
    <p class='ocr_par' dir='ltr' id='par_1_51' title="bbox 62 1748 848 1783">
     <span class='ocr_line' id='line_1_51' title="bbox 62 1748 848 1783; baseline 0 -7"><span class='ocrx_word' id='word_1_413' title='bbox 62 1748 197 1776; x_wconf 81' lang='lat' dir='ltr'><strong>revelavit</strong></span> <span class='ocrx_word' id='word_1_414' title='bbox 214 1748 283 1775; x_wconf 85' lang='lat' dir='ltr'><strong>Deus</strong></span> <span class='ocrx_word' id='word_1_415' title='bbox 306 1755 354 1783; x_wconf 90' lang='lat' dir='ltr'><strong>per</strong></span> <span class='ocrx_word' id='word_1_416' title='bbox 372 1748 504 1783; x_wconf 88' lang='lat' dir='ltr'><strong>Spiritum</strong></span> <span class='ocrx_word' id='word_1_417' title='bbox 526 1755 604 1775; x_wconf 86' lang='lat' dir='ltr'><strong>suum</strong></span> <span class='ocrx_word' id='word_1_418' title='bbox 617 1748 650 1775; x_wconf 80' lang='grc'><strong>⁷³.</strong></span> <span class='ocrx_word' id='word_1_419' title='bbox 676 1758 685 1774; x_wconf 84' lang='grc'><strong>›</strong></span> <span class='ocrx_word' id='word_1_420' title='bbox 705 1748 848 1783; x_wconf 79' lang='lat' dir='ltr'><strong>Propterea</strong></span> 
     </span>
    </p>
   </div>
   <div class='ocr_carea' id='block_1_52' title="bbox 62 1794 849 1831">
    <p class='ocr_par' dir='ltr' id='par_1_52' title="bbox 62 1794 849 1831">
     <span class='ocr_line' id='line_1_52' title="bbox 62 1794 849 1831; baseline -0.003 -8"><span class='ocrx_word' id='word_1_421' title='bbox 62 1803 131 1831; x_wconf 74' lang='lat' dir='ltr'><strong>ergo</strong></span> <span class='ocrx_word' id='word_1_422' title='bbox 143 1795 207 1822; x_wconf 86' lang='lat' dir='ltr'><strong>dicit</strong></span> <span class='ocrx_word' id='word_1_423' title='bbox 222 1794 293 1829; x_wconf 87' lang='lat' dir='ltr'><strong>quod</strong></span> <span class='ocrx_word' id='word_1_424' title='bbox 311 1803 320 1819; x_wconf 80' lang='grc' dir='ltr'><strong>ι</strong></span> <span class='ocrx_word' id='word_1_425' title='bbox 338 1795 504 1821; x_wconf 88' lang='lat' dir='ltr'><strong>innotescam</strong></span> <span class='ocrx_word' id='word_1_426' title='bbox 529 1794 577 1821; x_wconf 89' lang='lat' dir='ltr'><strong>tibi</strong></span> <span class='ocrx_word' id='word_1_427' title='bbox 597 1794 675 1825; x_wconf 88' lang='lat' dir='ltr'><strong>imle,</strong></span> <span class='ocrx_word' id='word_1_428' title='bbox 699 1800 725 1821; x_wconf 93' lang='lat' dir='ltr'><strong>et</strong></span> <span class='ocrx_word' id='word_1_429' title='bbox 753 1795 849 1830; x_wconf 87' lang='lat' dir='ltr'><strong>loquar</strong></span> 
     </span>
    </p>
   </div>
   <div class='ocr_carea' id='block_1_53' title="bbox 62 1841 849 1876">
    <p class='ocr_par' dir='ltr' id='par_1_53' title="bbox 62 1841 849 1876">
     <span class='ocr_line' id='line_1_53' title="bbox 62 1841 849 1876; baseline -0.003 -6"><span class='ocrx_word' id='word_1_430' title='bbox 62 1843 116 1870; x_wconf 71' lang='lat' dir='ltr'><strong>tibi</strong></span> <span class='ocrx_word' id='word_1_431' title='bbox 141 1842 253 1876; x_wconf 88' lang='lat' dir='ltr'><strong>desuper</strong></span> <span class='ocrx_word' id='word_1_432' title='bbox 265 1841 452 1875; x_wconf 86' lang='lat' dir='ltr'><strong>propitiatorio</strong></span> <span class='ocrx_word' id='word_1_433' title='bbox 474 1841 544 1868; x_wconf 89' lang='lat' dir='ltr'><strong>inter</strong></span> <span class='ocrx_word' id='word_1_434' title='bbox 562 1841 615 1868; x_wconf 92' lang='lat' dir='ltr'><strong>duo</strong></span> <span class='ocrx_word' id='word_1_435' title='bbox 638 1841 768 1868; x_wconf 83' lang='lat' dir='ltr'><strong>cherubin</strong></span> <span class='ocrx_word' id='word_1_436' title='bbox 790 1849 849 1876; x_wconf 79' lang='lat' dir='ltr'><strong>qua:</strong></span> 
     </span>
    </p>
   </div>
   <div class='ocr_carea' id='block_1_54' title="bbox 64 1886 848 1921">
    <p class='ocr_par' dir='ltr' id='par_1_54' title="bbox 64 1886 848 1921">
     <span class='ocr_line' id='line_1_54' title="bbox 64 1886 848 1921; baseline -0.003 -6"><span class='ocrx_word' id='word_1_437' title='bbox 64 1891 132 1915; x_wconf 86' lang='lat' dir='ltr'><strong>sunt</strong></span> <span class='ocrx_word' id='word_1_438' title='bbox 147 1894 226 1921; x_wconf 82' lang='lat' dir='ltr'><strong>super</strong></span> <span class='ocrx_word' id='word_1_439' title='bbox 239 1893 332 1913; x_wconf 88' lang='lat' dir='ltr'><strong>arcam</strong></span> <span class='ocrx_word' id='word_1_440' title='bbox 345 1887 498 1913; x_wconf 83' lang='lat' dir='ltr'><strong>testamenti</strong></span> <span class='ocrx_word' id='word_1_441' title='bbox 511 1887 543 1914; x_wconf 78' lang='grc'><strong>⁷⁸.</strong></span> <span class='ocrx_word' id='word_1_442' title='bbox 564 1895 573 1912; x_wconf 72' lang='grc' dir='ltr'><strong>ι</strong></span> <span class='ocrx_word' id='word_1_443' title='bbox 590 1886 658 1914; x_wconf 84' lang='lat' dir='ltr'><strong>Puto</strong></span> <span class='ocrx_word' id='word_1_444' title='bbox 673 1891 763 1914; x_wconf 80' lang='lat' dir='ltr'><strong>autern</strong></span> <span class='ocrx_word' id='word_1_445' title='bbox 777 1887 848 1921; x_wconf 84' lang='lat' dir='ltr'><strong>quod</strong></span> 
     </span>
    </p>
   </div>
   <div class='ocr_carea' id='block_1_55' title="bbox 64 1931 849 1966">
    <p class='ocr_par' dir='ltr' id='par_1_55' title="bbox 64 1931 849 1966">
     <span class='ocr_line' id='line_1_55' title="bbox 64 1931 849 1966; baseline -0.003 -7"><span class='ocrx_word' id='word_1_446' title='bbox 64 1940 121 1959; x_wconf 89' lang='lat' dir='ltr'><strong>non</strong></span> <span class='ocrx_word' id='word_1_447' title='bbox 141 1931 291 1966; x_wconf 89' lang='lat' dir='ltr'><strong>importune</strong></span> <span class='ocrx_word' id='word_1_448' title='bbox 303 1938 334 1958; x_wconf 88' lang='lat' dir='ltr'><strong>ea</strong></span> <span class='ocrx_word' id='word_1_449' title='bbox 349 1938 409 1966; x_wconf 68' lang='lat' dir='ltr'><strong>quae</strong></span> <span class='ocrx_word' id='word_1_450' title='bbox 426 1931 458 1957; x_wconf 90' lang='lat' dir='ltr'><strong>de</strong></span> <span class='ocrx_word' id='word_1_451' title='bbox 481 1931 571 1958; x_wconf 80' lang='lat' dir='ltr'><strong>Exodo</strong></span> <span class='ocrx_word' id='word_1_452' title='bbox 591 1931 786 1965; x_wconf 82' lang='lat' dir='ltr'><strong>assumpsimus</strong></span> <span class='ocrx_word' id='word_1_453' title='bbox 800 1939 849 1957; x_wconf 83' lang='lat' dir='ltr'><strong>ex-</strong></span> 
     </span>
    </p>
   </div>
   <div class='ocr_carea' id='block_1_56' title="bbox 62 1974 848 2011">
    <p class='ocr_par' dir='ltr' id='par_1_56' title="bbox 62 1974 848 2011">
     <span class='ocr_line' id='line_1_56' title="bbox 62 1974 848 2011; baseline 0 -9"><span class='ocrx_word' id='word_1_454' title='bbox 62 1975 175 2011; x_wconf 82' lang='lat' dir='ltr'><strong>planata</strong></span> <span class='ocrx_word' id='word_1_455' title='bbox 190 1976 255 2009; x_wconf 84' lang='lat' dir='ltr'><strong>sint,</strong></span> <span class='ocrx_word' id='word_1_456' title='bbox 269 1979 298 2002; x_wconf 91' lang='lat' dir='ltr'><strong>ut</strong></span> <span class='ocrx_word' id='word_1_457' title='bbox 308 1975 419 2002; x_wconf 88' lang='lat' dir='ltr'><strong>evidens</strong></span> <span class='ocrx_word' id='word_1_458' title='bbox 434 1974 510 2002; x_wconf 86' lang='lat' dir='ltr'><strong>ﬁeret</strong></span> <span class='ocrx_word' id='word_1_459' title='bbox 522 1983 618 2003; x_wconf 84' lang='lat' dir='ltr'><strong>sensus</strong></span> <span class='ocrx_word' id='word_1_460' title='bbox 631 1977 766 2010; x_wconf 87' lang='lat' dir='ltr'><strong>quomodo</strong></span> <span class='ocrx_word' id='word_1_461' title='bbox 778 1976 848 2010; x_wconf 85' lang='lat' dir='ltr'><strong>Apo-</strong></span> 
     </span>
    </p>
   </div>
   <div class='ocr_carea' id='block_1_57' title="bbox 64 2019 849 2055">
    <p class='ocr_par' dir='ltr' id='par_1_57' title="bbox 64 2019 849 2055">
     <span class='ocr_line' id='line_1_57' title="bbox 64 2019 849 2055; baseline -0.005 -5"><span class='ocrx_word' id='word_1_462' title='bbox 64 2021 151 2050; x_wconf 84' lang='lat' dir='ltr'><strong>stolus</strong></span> <span class='ocrx_word' id='word_1_463' title='bbox 161 2021 186 2048; x_wconf 90' lang='lat' dir='ltr'><strong>in</strong></span> <span class='ocrx_word' id='word_1_464' title='bbox 197 2020 322 2055; x_wconf 58' lang='lat' dir='ltr'><strong>praesenti</strong></span> <span class='ocrx_word' id='word_1_465' title='bbox 331 2019 391 2047; x_wconf 89' lang='lat' dir='ltr'><strong>loco</strong></span> <span class='ocrx_word' id='word_1_466' title='bbox 403 2020 581 2054; x_wconf 87' lang='lat' dir='ltr'><strong>propitiatorii</strong></span> <span class='ocrx_word' id='word_1_467' title='bbox 590 2027 685 2047; x_wconf 91' lang='lat' dir='ltr'><strong>nomen</strong></span> <span class='ocrx_word' id='word_1_468' title='bbox 696 2027 849 2054; x_wconf 86' lang='lat' dir='ltr'><strong>assumpse-</strong></span> 
     </span>
    </p>
   </div>
   <div class='ocr_carea' id='block_1_58' title="bbox 63 2065 847 2100">
    <p class='ocr_par' dir='ltr' id='par_1_58' title="bbox 63 2065 847 2100">
     <span class='ocr_line' id='line_1_58' title="bbox 63 2065 847 2100; baseline -0.004 -5"><span class='ocrx_word' id='word_1_469' title='bbox 63 2068 103 2095; x_wconf 79' lang='lat' dir='ltr'><strong>rit</strong></span> <span class='ocrx_word' id='word_1_470' title='bbox 113 2074 172 2094; x_wconf 91' lang='lat' dir='ltr'><strong>cum</strong></span> <span class='ocrx_word' id='word_1_471' title='bbox 183 2066 267 2094; x_wconf 89' lang='lat' dir='ltr'><strong>dicit:</strong></span> <span class='ocrx_word' id='word_1_472' title='bbox 283 2074 292 2090; x_wconf 73' lang='grc' dir='ltr'><strong>ι</strong></span> <span class='ocrx_word' id='word_1_473' title='bbox 306 2065 391 2098; x_wconf 85' lang='lat' dir='ltr'><strong>Quem</strong></span> <span class='ocrx_word' id='word_1_474' title='bbox 404 2065 619 2100; x_wconf 87' lang='lat' dir='ltr'><strong>proposuitDeus</strong></span> <span class='ocrx_word' id='word_1_475' title='bbox 632 2065 847 2100; x_wconf 88' lang='lat' dir='ltr'><strong>propitiatorium</strong></span> 
     </span>
    </p>
   </div>
   <div class='ocr_carea' id='block_1_59' title="bbox 65 2114 847 2150">
    <p class='ocr_par' dir='ltr' id='par_1_59' title="bbox 65 2114 847 2150">
     <span class='ocr_line' id='line_1_59' title="bbox 65 2114 847 2150; baseline -0.001 -8"><span class='ocrx_word' id='word_1_476' title='bbox 65 2122 115 2150; x_wconf 80' lang='lat' dir='ltr'><strong>per</strong></span> <span class='ocrx_word' id='word_1_477' title='bbox 128 2114 217 2142; x_wconf 87' lang='lat' dir='ltr'><strong>ﬁdem.</strong></span> <span class='ocrx_word' id='word_1_478' title='bbox 231 2124 240 2141; x_wconf 78' lang='grc' dir='ltr'><strong>ι</strong></span> <span class='ocrx_word' id='word_1_479' title='bbox 261 2114 314 2142; x_wconf 88' lang='lat' dir='ltr'><strong>Sed</strong></span> <span class='ocrx_word' id='word_1_480' title='bbox 327 2120 353 2142; x_wconf 91' lang='lat' dir='ltr'><strong>et</strong></span> <span class='ocrx_word' id='word_1_481' title='bbox 366 2115 416 2142; x_wconf 86' lang='lat' dir='ltr'><strong>hoc</strong></span> <span class='ocrx_word' id='word_1_482' title='bbox 427 2114 514 2150; x_wconf 85' lang='lat' dir='ltr'><strong>ipsum</strong></span> <span class='ocrx_word' id='word_1_483' title='bbox 527 2115 598 2150; x_wconf 87' lang='lat' dir='ltr'><strong>qttod</strong></span> <span class='ocrx_word' id='word_1_484' title='bbox 614 2115 683 2142; x_wconf 83' lang='lat' dir='ltr'><strong>dixit</strong></span> <span class='ocrx_word' id='word_1_485' title='bbox 696 2134 703 2146; x_wconf 93' lang='lat'><strong>,</strong></span> <span class='ocrx_word' id='word_1_486' title='bbox 724 2123 735 2139; x_wconf 76' lang='grc' dir='ltr'><strong>ι</strong></span> <span class='ocrx_word' id='word_1_487' title='bbox 751 2122 847 2149; x_wconf 89' lang='lat' dir='ltr'><strong>propo-</strong></span> 
     </span>
    </p>
   </div>
   <div class='ocr_carea' id='block_1_60' title="bbox 64 2160 847 2196">
    <p class='ocr_par' dir='ltr' id='par_1_60' title="bbox 64 2160 847 2196">
     <span class='ocr_line' id='line_1_60' title="bbox 64 2160 847 2196; baseline 0 -9"><span class='ocrx_word' id='word_1_488' title='bbox 64 2162 139 2193; x_wconf 84' lang='lat' dir='ltr'><strong>suit,</strong></span> <span class='ocrx_word' id='word_1_489' title='bbox 156 2170 166 2187; x_wconf 72' lang='grc' dir='ltr'><strong>ι</strong></span> <span class='ocrx_word' id='word_1_490' title='bbox 185 2161 269 2196; x_wconf 75' lang='lat' dir='ltr'><strong>magis</strong></span> <span class='ocrx_word' id='word_1_491' title='bbox 295 2161 328 2188; x_wconf 89' lang='lat' dir='ltr'><strong>de</strong></span> <span class='ocrx_word' id='word_1_492' title='bbox 355 2161 443 2188; x_wconf 87' lang='lat' dir='ltr'><strong>anima</strong></span> <span class='ocrx_word' id='word_1_493' title='bbox 476 2160 558 2194; x_wconf 75' lang='lat' dir='ltr'><strong>Jesu,</strong></span> <span class='ocrx_word' id='word_1_494' title='bbox 584 2168 664 2195; x_wconf 92' lang='lat' dir='ltr'><strong>quam</strong></span> <span class='ocrx_word' id='word_1_495' title='bbox 693 2161 727 2187; x_wconf 92' lang='lat' dir='ltr'><strong>de</strong></span> <span class='ocrx_word' id='word_1_496' title='bbox 747 2160 847 2188; x_wconf 80' lang='lat' dir='ltr'><strong>tleitate</strong></span> 
     </span>
    </p>
   </div>
   <div class='ocr_carea' id='block_1_61' title="bbox 63 2205 845 2242">
    <p class='ocr_par' dir='ltr' id='par_1_61' title="bbox 63 2205 845 2242">
     <span class='ocr_line' id='line_1_61' title="bbox 63 2205 845 2242; baseline -0.003 -9"><span class='ocrx_word' id='word_1_497' title='bbox 63 2206 126 2240; x_wconf 80' lang='lat' dir='ltr'><strong>ejus</strong></span> <span class='ocrx_word' id='word_1_498' title='bbox 142 2206 244 2234; x_wconf 88' lang='lat' dir='ltr'><strong>dictutn</strong></span> <span class='ocrx_word' id='word_1_499' title='bbox 265 2206 380 2234; x_wconf 88' lang='lat' dir='ltr'><strong>sentitur</strong></span> <span class='ocrx_word' id='word_1_500' title='bbox 395 2206 461 2242; x_wconf 64' lang='lat'><strong>(85).</strong></span> <span class='ocrx_word' id='word_1_501' title='bbox 490 2215 499 2231; x_wconf 76' lang='grc' dir='ltr'><strong>ε</strong></span> <span class='ocrx_word' id='word_1_502' title='bbox 518 2205 662 2240; x_wconf 85' lang='lat' dir='ltr'><strong>Proposuit</strong></span> <span class='ocrx_word' id='word_1_503' title='bbox 685 2215 694 2231; x_wconf 75' lang='grc' dir='ltr'><strong>ι</strong></span> <span class='ocrx_word' id='word_1_504' title='bbox 711 2205 783 2232; x_wconf 81' lang='lat' dir='ltr'><strong>enirn</strong></span> <span class='ocrx_word' id='word_1_505' title='bbox 801 2205 845 2231; x_wconf 91' lang='lat' dir='ltr'><strong>in-</strong></span> 
     </span>
    </p>
   </div>
   <div class='ocr_carea' id='block_1_62' title="bbox 69 2251 847 2288">
    <p class='ocr_par' dir='ltr' id='par_1_62' title="bbox 69 2251 847 2288">
     <span class='ocr_line' id='line_1_62' title="bbox 69 2251 847 2288; baseline -0.001 -10"><span class='ocrx_word' id='word_1_506' title='bbox 69 2251 193 2286; x_wconf 74' lang='lat' dir='ltr'><strong>telligitur</strong></span> <span class='ocrx_word' id='word_1_507' title='bbox 210 2252 286 2286; x_wconf 88' lang='lat' dir='ltr'><strong>quasi</strong></span> <span class='ocrx_word' id='word_1_508' title='bbox 310 2252 387 2288; x_wconf 87' lang='lat' dir='ltr'><strong>prius</strong></span> <span class='ocrx_word' id='word_1_509' title='bbox 404 2252 514 2286; x_wconf 84' lang='lat' dir='ltr'><strong>posuit,</strong></span> <span class='ocrx_word' id='word_1_510' title='bbox 543 2252 593 2279; x_wconf 90' lang='lat' dir='ltr'><strong>hoc</strong></span> <span class='ocrx_word' id='word_1_511' title='bbox 614 2256 656 2278; x_wconf 87' lang='lat' dir='ltr'><strong>est</strong></span> <span class='ocrx_word' id='word_1_512' title='bbox 692 2251 847 2286; x_wconf 85' lang='lat' dir='ltr'><strong>priusquam</strong></span> 
     </span>
    </p>
   </div>
   <div class='ocr_carea' id='block_1_63' title="bbox 65 2296 849 2332">
    <p class='ocr_par' dir='ltr' id='par_1_63' title="bbox 65 2296 849 2332">
     <span class='ocr_line' id='line_1_63' title="bbox 65 2296 849 2332; baseline -0.001 -8"><span class='ocrx_word' id='word_1_513' title='bbox 65 2300 148 2324; x_wconf 80' lang='lat' dir='ltr'><strong>esset.</strong></span> <span class='ocrx_word' id='word_1_514' title='bbox 169 2296 244 2329; x_wconf 84' lang='lat' dir='ltr'><strong>Quod</strong></span> <span class='ocrx_word' id='word_1_515' title='bbox 267 2297 339 2324; x_wconf 87' lang='lat' dir='ltr'><strong>enim</strong></span> <span class='ocrx_word' id='word_1_516' title='bbox 355 2302 396 2324; x_wconf 90' lang='lat' dir='ltr'><strong>est</strong></span> <span class='ocrx_word' id='word_1_517' title='bbox 413 2297 521 2332; x_wconf 86' lang='lat' dir='ltr'><strong>ponitur</strong></span> <span class='ocrx_word' id='word_1_518' title='bbox 535 2317 542 2329; x_wconf 91' lang='lat'><strong>,</strong></span> <span class='ocrx_word' id='word_1_519' title='bbox 567 2297 636 2331; x_wconf 86' lang='lat' dir='ltr'><strong>quod</strong></span> <span class='ocrx_word' id='word_1_520' title='bbox 660 2298 777 2324; x_wconf 87' lang='lat' dir='ltr'><strong>uomlum</strong></span> <span class='ocrx_word' id='word_1_521' title='bbox 807 2302 849 2324; x_wconf 75' lang='lat' dir='ltr'><strong>est</strong></span> 
     </span>
    </p>
   </div>
   <div class='ocr_carea' id='block_1_64' title="bbox 68 2341 849 2377">
    <p class='ocr_par' dir='ltr' id='par_1_64' title="bbox 68 2341 849 2377">
     <span class='ocr_line' id='line_1_64' title="bbox 68 2341 849 2377; baseline -0.001 -8"><span class='ocrx_word' id='word_1_522' title='bbox 68 2342 235 2377; x_wconf 88' lang='lat' dir='ltr'><strong>proponitur.</strong></span> <span class='ocrx_word' id='word_1_523' title='bbox 256 2341 314 2370; x_wconf 79' lang='lat' dir='ltr'><strong>Non</strong></span> <span class='ocrx_word' id='word_1_524' title='bbox 340 2350 405 2377; x_wconf 80' lang='lat' dir='ltr'><strong>ergo</strong></span> <span class='ocrx_word' id='word_1_525' title='bbox 428 2342 555 2369; x_wconf 75' lang='lat' dir='ltr'><strong>convertit</strong></span> <span class='ocrx_word' id='word_1_526' title='bbox 573 2341 605 2369; x_wconf 84' lang='lat' dir='ltr'><strong>de</strong></span> <span class='ocrx_word' id='word_1_527' title='bbox 622 2349 654 2368; x_wconf 91' lang='lat' dir='ltr'><strong>eo</strong></span> <span class='ocrx_word' id='word_1_528' title='bbox 677 2341 721 2376; x_wconf 93' lang='lat' dir='ltr'><strong>qui</strong></span> <span class='ocrx_word' id='word_1_529' title='bbox 743 2349 849 2375; x_wconf 74' lang='lat' dir='ltr'><strong>semper</strong></span> 
     </span>
    </p>
   </div>
   <div class='ocr_carea' id='block_1_65' title="bbox 68 2387 848 2423">
    <p class='ocr_par' dir='ltr' id='par_1_65' title="bbox 68 2387 848 2423">
     <span class='ocr_line' id='line_1_65' title="bbox 68 2387 848 2423; baseline 0.001 -9"><span class='ocrx_word' id='word_1_530' title='bbox 68 2392 143 2421; x_wconf 78' lang='lat' dir='ltr'><strong>erat,</strong></span> <span class='ocrx_word' id='word_1_531' title='bbox 157 2387 184 2415; x_wconf 90' lang='lat' dir='ltr'><strong>id</strong></span> <span class='ocrx_word' id='word_1_532' title='bbox 210 2392 251 2415; x_wconf 85' lang='lat' dir='ltr'><strong>est</strong></span> <span class='ocrx_word' id='word_1_533' title='bbox 274 2388 308 2415; x_wconf 89' lang='lat' dir='ltr'><strong>de</strong></span> <span class='ocrx_word' id='word_1_534' title='bbox 329 2387 417 2415; x_wconf 69' lang='lat' dir='ltr'><strong>Verbo</strong></span> <span class='ocrx_word' id='word_1_535' title='bbox 435 2387 504 2421; x_wconf 86' lang='lat' dir='ltr'><strong>Dei,</strong></span> <span class='ocrx_word' id='word_1_536' title='bbox 531 2388 582 2414; x_wconf 87' lang='lat' dir='ltr'><strong>dici</strong></span> <span class='ocrx_word' id='word_1_537' title='bbox 608 2388 670 2423; x_wconf 83' lang='lat' dir='ltr'><strong>quia</strong></span> <span class='ocrx_word' id='word_1_538' title='bbox 693 2388 848 2423; x_wconf 81' lang='lat' dir='ltr'><strong>propositus</strong></span> 
     </span>
    </p>
   </div>
   <div class='ocr_carea' id='block_1_66' title="bbox 99 2457 647 2490">
    <p class='ocr_par' dir='ltr' id='par_1_66' title="bbox 99 2457 647 2490">
     <span class='ocr_line' id='line_1_66' title="bbox 99 2457 647 2490; baseline -0.004 -5"><span class='ocrx_word' id='word_1_539' title='bbox 99 2458 120 2473; x_wconf 75' lang='grc'>⁸⁷</span> <span class='ocrx_word' id='word_1_540' title='bbox 132 2457 216 2485; x_wconf 85' lang='lat' dir='ltr'><strong>Levit.</strong></span> <span class='ocrx_word' id='word_1_541' title='bbox 234 2466 309 2490; x_wconf 80' lang='lat' dir='ltr'><strong>xxvi,</strong></span> <span class='ocrx_word' id='word_1_542' title='bbox 324 2459 366 2485; x_wconf 76' lang='lat' dir='ltr'><strong>i2.</strong></span> <span class='ocrx_word' id='word_1_543' title='bbox 405 2458 541 2485; x_wconf 77' lang='lat'><strong>&quot;(201055.</strong></span> <span class='ocrx_word' id='word_1_544' title='bbox 563 2466 583 2489; x_wconf 83' lang='grc' dir='ltr'><strong>ι,</strong></span> <span class='ocrx_word' id='word_1_545' title='bbox 602 2457 647 2484; x_wconf 84' lang='lat' dir='ltr'><strong>l9.</strong></span> 
     </span>
    </p>
   </div>
   <div class='ocr_carea' id='block_1_67' title="bbox 65 2492 679 2524">
    <p class='ocr_par' dir='ltr' id='par_1_67' title="bbox 65 2492 679 2524">
     <span class='ocr_line' id='line_1_67' title="bbox 65 2492 679 2524; baseline -0.002 -5"><span class='ocrx_word' id='word_1_546' title='bbox 65 2493 110 2519; x_wconf 75' lang='lat'><strong>9.7.</strong></span> <span class='ocrx_word' id='word_1_547' title='bbox 146 2492 168 2508; x_wconf 82' lang='grc'>⁷³</span> <span class='ocrx_word' id='word_1_548' title='bbox 185 2493 268 2520; x_wconf 88' lang='lat' dir='ltr'><strong>lCor.</strong></span> <span class='ocrx_word' id='word_1_549' title='bbox 287 2501 316 2524; x_wconf 83' lang='grc' dir='ltr'><strong>ιι.</strong></span> <span class='ocrx_word' id='word_1_550' title='bbox 334 2494 376 2520; x_wconf 80' lang='grc'><strong>10.</strong></span> <span class='ocrx_word' id='word_1_551' title='bbox 416 2493 440 2509; x_wconf 66' lang='grc'>⁷³</span> <span class='ocrx_word' id='word_1_552' title='bbox 457 2494 541 2520; x_wconf 86' lang='lat' dir='ltr'><strong>Exod.</strong></span> <span class='ocrx_word' id='word_1_553' title='bbox 556 2501 619 2524; x_wconf 77' lang='lat' dir='ltr'><strong>xxv,</strong></span> <span class='ocrx_word' id='word_1_554' title='bbox 635 2493 679 2519; x_wconf 62' lang='grc' dir='ltr'><strong>ἓξ.</strong></span> 
     </span>
    </p>
   </div>
   <div class='ocr_carea' id='block_1_68' title="bbox 65 2527 827 2562">
    <p class='ocr_par' dir='ltr' id='par_1_68' title="bbox 65 2527 827 2562">
     <span class='ocr_line' id='line_1_68' title="bbox 65 2527 827 2562; baseline 0.001 -7"><span class='ocrx_word' id='word_1_555' title='bbox 65 2536 86 2560; x_wconf 89' lang='grc' dir='ltr'><strong>ι,</strong></span> <span class='ocrx_word' id='word_1_556' title='bbox 109 2527 155 2560; x_wconf 78' lang='grc' dir='ltr'><strong>Ι9;</strong></span> <span class='ocrx_word' id='word_1_557' title='bbox 177 2536 207 2560; x_wconf 90' lang='grc' dir='ltr'><strong>ιι,</strong></span> <span class='ocrx_word' id='word_1_558' title='bbox 222 2527 249 2556; x_wconf 90' lang='lat'><strong>9.</strong></span> <span class='ocrx_word' id='word_1_559' title='bbox 288 2528 310 2544; x_wconf 81' lang='grc'><strong>⁷⁸</strong></span> <span class='ocrx_word' id='word_1_560' title='bbox 329 2528 399 2555; x_wconf 86' lang='lat' dir='ltr'><strong>Psal.</strong></span> <span class='ocrx_word' id='word_1_561' title='bbox 415 2536 469 2562; x_wconf 82' lang='lat' dir='ltr'><strong>ctx,</strong></span> <span class='ocrx_word' id='word_1_562' title='bbox 483 2528 510 2555; x_wconf 79' lang='grc'><strong>4,</strong></span> <span class='ocrx_word' id='word_1_563' title='bbox 548 2528 569 2544; x_wconf 79' lang='grc'><strong>⁷³</strong></span> <span class='ocrx_word' id='word_1_564' title='bbox 587 2528 667 2555; x_wconf 91' lang='lat' dir='ltr'><strong>llebr.</strong></span> <span class='ocrx_word' id='word_1_565' title='bbox 688 2535 705 2554; x_wconf 88' lang='grc' dir='ltr'><strong>ιι</strong></span> <span class='ocrx_word' id='word_1_566' title='bbox 725 2532 752 2555; x_wconf 90' lang='lat' dir='ltr'><strong>et</strong></span> <span class='ocrx_word' id='word_1_567' title='bbox 771 2535 827 2562; x_wconf 86' lang='lat' dir='ltr'><strong>seq.</strong></span> 
     </span>
    </p>
   </div>
   <div class='ocr_carea' id='block_1_69' title="bbox 104 2587 553 2622">
    <p class='ocr_par' dir='ltr' id='par_1_69' title="bbox 104 2587 553 2622">
     <span class='ocr_line' id='line_1_69' title="bbox 104 2587 553 2622; baseline -0.002 -9"><span class='ocrx_word' id='word_1_568' title='bbox 104 2587 159 2622; x_wconf 76' lang='lat'><strong>(89.)</strong></span> <span class='ocrx_word' id='word_1_569' title='bbox 178 2587 267 2618; x_wconf 81' lang='lat' dir='ltr'><strong>Alias,</strong></span> <span class='ocrx_word' id='word_1_570' title='bbox 285 2596 294 2612; x_wconf 85' lang='grc'><strong><em>‹</em></strong></span> <span class='ocrx_word' id='word_1_571' title='bbox 314 2595 423 2620; x_wconf 77' lang='lat' dir='ltr'><strong>pensus,</strong></span> <span class='ocrx_word' id='word_1_572' title='bbox 445 2596 454 2612; x_wconf 74' lang='grc' dir='ltr'><strong>ι</strong></span> <span class='ocrx_word' id='word_1_573' title='bbox 474 2587 553 2614; x_wconf 85' lang='lat' dir='ltr'><strong>male.</strong></span> 
     </span>
    </p>
   </div>
   <div class='ocr_carea' id='block_1_70' title="bbox 101 2621 845 2656">
    <p class='ocr_par' dir='ltr' id='par_1_70' title="bbox 101 2621 845 2656">
     <span class='ocr_line' id='line_1_70' title="bbox 101 2621 845 2656; baseline -0.001 -7"><span class='ocrx_word' id='word_1_574' title='bbox 101 2623 156 2656; x_wconf 73' lang='lat'><strong>(85)</strong></span> <span class='ocrx_word' id='word_1_575' title='bbox 175 2621 229 2654; x_wconf 78' lang='lat' dir='ltr'><strong>AL,</strong></span> <span class='ocrx_word' id='word_1_576' title='bbox 245 2631 253 2647; x_wconf 78' lang='grc' dir='ltr'><strong>ι</strong></span> <span class='ocrx_word' id='word_1_577' title='bbox 272 2623 427 2655; x_wconf 72' lang='lat' dir='ltr'><strong>prtedicata,</strong></span> <span class='ocrx_word' id='word_1_578' title='bbox 447 2631 455 2648; x_wconf 77' lang='grc' dir='ltr'><strong>ι</strong></span> <span class='ocrx_word' id='word_1_579' title='bbox 473 2622 589 2655; x_wconf 86' lang='lat' dir='ltr'><strong>Deinde,</strong></span> <span class='ocrx_word' id='word_1_580' title='bbox 608 2631 616 2646; x_wconf 76' lang='grc' dir='ltr'><strong>ι</strong></span> <span class='ocrx_word' id='word_1_581' title='bbox 631 2622 747 2648; x_wconf 84' lang='lat' dir='ltr'><strong>Possunt</strong></span> <span class='ocrx_word' id='word_1_582' title='bbox 763 2621 845 2649; x_wconf 84' lang='lat' dir='ltr'><strong>etiam</strong></span> 
     </span>
    </p>
   </div>
   <div class='ocr_carea' id='block_1_71' title="bbox 66 2657 845 2688">
    <p class='ocr_par' dir='ltr' id='par_1_71' title="bbox 66 2657 845 2688">
     <span class='ocr_line' id='line_1_71' title="bbox 66 2657 845 2688; baseline 0 -4"><span class='ocrx_word' id='word_1_583' title='bbox 66 2657 178 2684; x_wconf 86' lang='lat' dir='ltr'><strong>virtutes</strong></span> <span class='ocrx_word' id='word_1_584' title='bbox 194 2658 328 2688; x_wconf 69' lang='lat' dir='ltr'><strong>cmlestes,</strong></span> <span class='ocrx_word' id='word_1_585' title='bbox 346 2667 355 2682; x_wconf 75' lang='grc' dir='ltr'><strong>ι</strong></span> <span class='ocrx_word' id='word_1_586' title='bbox 373 2662 426 2683; x_wconf 90' lang='lat' dir='ltr'><strong>etc.</strong></span> <span class='ocrx_word' id='word_1_587' title='bbox 444 2658 562 2683; x_wconf 86' lang='lat' dir='ltr'><strong>Sanctus</strong></span> <span class='ocrx_word' id='word_1_588' title='bbox 578 2657 700 2686; x_wconf 76' lang='lat' dir='ltr'><strong>Basilius,</strong></span> <span class='ocrx_word' id='word_1_589' title='bbox 720 2657 766 2683; x_wconf 88' lang='lat' dir='ltr'><strong>lib.</strong></span> <span class='ocrx_word' id='word_1_590' title='bbox 783 2666 791 2682; x_wconf 84' lang='grc' dir='ltr'><strong>ι</strong></span> <span class='ocrx_word' id='word_1_591' title='bbox 809 2657 845 2684; x_wconf 90' lang='lat' dir='ltr'><strong>De</strong></span> 
     </span>
    </p>
   </div>
   <div class='ocr_carea' id='block_1_72' title="bbox 67 2692 843 2727">
    <p class='ocr_par' dir='ltr' id='par_1_72' title="bbox 67 2692 843 2727">
     <span class='ocr_line' id='line_1_72' title="bbox 67 2692 843 2727; baseline -0.003 -7"><span class='ocrx_word' id='word_1_592' title='bbox 67 2692 165 2727; x_wconf 91' lang='lat' dir='ltr'><strong>Spiritu</strong></span> <span class='ocrx_word' id='word_1_593' title='bbox 181 2696 285 2727; x_wconf 75' lang='lat' dir='ltr'><strong>sancto,</strong></span> <span class='ocrx_word' id='word_1_594' title='bbox 301 2701 311 2727; x_wconf 65' lang='grc' dir='ltr'><strong>ι</strong></span> <span class='ocrx_word' id='word_1_595' title='bbox 330 2699 391 2725; x_wconf 85' lang='lat' dir='ltr'><strong>cap.</strong></span> <span class='ocrx_word' id='word_1_596' title='bbox 407 2692 453 2723; x_wconf 71' lang='lat'><strong>29,</strong></span> <span class='ocrx_word' id='word_1_597' title='bbox 471 2692 556 2718; x_wconf 89' lang='lat' dir='ltr'><strong>locutu</strong></span> <span class='ocrx_word' id='word_1_598' title='bbox 574 2692 645 2727; x_wconf 76' lang='lat' dir='ltr'><strong>hunc</strong></span> <span class='ocrx_word' id='word_1_599' title='bbox 662 2692 701 2727; x_wconf 72' lang='lat' dir='ltr'><strong>sic</strong></span> <span class='ocrx_word' id='word_1_600' title='bbox 724 2699 843 2719; x_wconf 88' lang='lat' dir='ltr'><strong>comme-</strong></span> 
     </span>
    </p>
   </div>
   <div class='ocr_carea' id='block_1_73' title="bbox 67 2726 842 2762">
    <p class='ocr_par' dir='ltr' id='par_1_73' title="bbox 67 2726 842 2762">
     <span class='ocr_line' id='line_1_73' title="bbox 67 2726 842 2762; baseline -0.003 -8"><span class='ocrx_word' id='word_1_601' title='bbox 67 2726 205 2762; x_wconf 76' lang='lat' dir='ltr'><strong>ntoratzAi</strong></span> <span class='ocrx_word' id='word_1_602' title='bbox 216 2727 289 2762; x_wconf 58' lang='lat' dir='ltr'><strong>tegat</strong></span> <span class='ocrx_word' id='word_1_603' title='bbox 297 2726 424 2762; x_wconf 79' lang='grc' dir='ltr'><strong>δυνάμεις</strong></span> <span class='ocrx_word' id='word_1_604' title='bbox 438 2727 589 2762; x_wconf 70' lang='grc' dir='ltr'><strong>χωρητικειὶ</strong></span> <span class='ocrx_word' id='word_1_605' title='bbox 602 2726 650 2753; x_wconf 73' lang='grc' dir='ltr'><strong>τοῦ</strong></span> <span class='ocrx_word' id='word_1_606' title='bbox 665 2726 842 2760; x_wconf 71' lang='grc' dir='ltr'><strong>Μονογενοῦς,</strong></span> 
     </span>
    </p>
   </div>
   <div class='ocr_carea' id='block_1_74' title="bbox 66 2748 844 2797">
    <p class='ocr_par' dir='ltr' id='par_1_74' title="bbox 66 2748 844 2797">
     <span class='ocr_line' id='line_1_74' title="bbox 66 2748 844 2797; baseline 0 -9"><span class='ocrx_word' id='word_1_607' title='bbox 66 2761 169 2796; x_wconf 75' lang='grc' dir='ltr'><strong>καὶτῆς</strong></span> <span class='ocrx_word' id='word_1_608' title='bbox 182 2760 229 2787; x_wconf 80' lang='grc' dir='ltr'><strong>τοῦ</strong></span> <span class='ocrx_word' id='word_1_609' title='bbox 243 2748 321 2795; x_wconf 56' lang='grc' dir='ltr'><strong>ἱγίου</strong></span> <span class='ocrx_word' id='word_1_610' title='bbox 337 2748 493 2797; x_wconf 44' lang='lat' dir='ltr'><strong>Hippia-92</strong></span> <span class='ocrx_word' id='word_1_611' title='bbox 504 2748 640 2796; x_wconf 66' lang='grc' dir='ltr'><strong>ὁεάιητος.</strong></span> <span class='ocrx_word' id='word_1_612' title='bbox 659 2771 666 2797; x_wconf 61' lang='grc' dir='ltr'><strong>ι</strong></span> <span class='ocrx_word' id='word_1_613' title='bbox 684 2748 775 2788; x_wconf 65' lang='lat' dir='ltr'><strong>Sacra:</strong></span> <span class='ocrx_word' id='word_1_614' title='bbox 791 2748 844 2788; x_wconf 57' lang='lat' dir='ltr'><strong>vi:</strong></span> 
     </span>
    </p>
   </div>
   <div class='ocr_carea' id='block_1_75' title="bbox 68 2795 843 2831">
    <p class='ocr_par' dir='ltr' id='par_1_75' title="bbox 68 2795 843 2831">
     <span class='ocr_line' id='line_1_75' title="bbox 68 2795 843 2831; baseline 0.003 -9"><span class='ocrx_word' id='word_1_615' title='bbox 68 2801 134 2824; x_wconf 79' lang='lat' dir='ltr'><strong>tutcs</strong></span> <span class='ocrx_word' id='word_1_616' title='bbox 147 2795 260 2831; x_wconf 67' lang='lat' dir='ltr'><strong>Capaccs</strong></span> <span class='ocrx_word' id='word_1_617' title='bbox 276 2802 336 2823; x_wconf 82' lang='lat' dir='ltr'><strong>sunt</strong></span> <span class='ocrx_word' id='word_1_618' title='bbox 352 2795 498 2831; x_wconf 54' lang='lat' dir='ltr'><strong>Uniﬁttuili,</strong></span> <span class='ocrx_word' id='word_1_619' title='bbox 514 2801 541 2824; x_wconf 88' lang='lat' dir='ltr'><strong>ct</strong></span> <span class='ocrx_word' id='word_1_620' title='bbox 555 2795 641 2824; x_wconf 80' lang='lat' dir='ltr'><strong>sancti</strong></span> <span class='ocrx_word' id='word_1_621' title='bbox 654 2795 773 2829; x_wconf 85' lang='lat' dir='ltr'><strong>Spiritus</strong></span> <span class='ocrx_word' id='word_1_622' title='bbox 787 2797 843 2824; x_wconf 66' lang='grc' dir='ltr'><strong>(ἰείη</strong></span> 
     </span>
    </p>
   </div>
   <div class='ocr_carea' id='block_1_76' title="bbox 685 2457 919 2473">
    <p class='ocr_par' dir='ltr' id='par_1_76' title="bbox 685 2457 919 2473">
     <span class='ocr_line' id='line_1_76' title="bbox 685 2457 919 2473; baseline 0 0"><span class='ocrx_word' id='word_1_623' title='bbox 685 2457 708 2473; x_wconf 72' lang='lat'><strong>69</strong></span> <span class='ocrx_word' id='word_1_624' title='bbox 726 2457 798 2473; x_wconf 60' lang='lat' dir='ltr'><strong>Dvn.‘</strong></span> <span class='ocrx_word' id='word_1_625' title='bbox 831 2467 883 2473; x_wconf 69' lang='grc' dir='ltr'>υ...</span> <span class='ocrx_word' id='word_1_626' title='bbox 911 2460 919 2473; x_wconf 69' lang='grc' dir='ltr'><strong>ί</strong></span> 
     </span>
    </p>
   </div>
   <div class='ocr_carea' id='block_1_77' title="bbox 726 2457 1357 2557">
    <p class='ocr_par' dir='ltr' id='par_1_77' title="bbox 726 2457 1357 2557">
     <span class='ocr_line' id='line_1_77' title="bbox 726 2457 1348 2490; baseline 0 -6"><span class='ocrx_word' id='word_1_627' title='bbox 726 2457 809 2484; x_wconf 84' lang='lat' dir='ltr'><strong>Exod.</strong></span> <span class='ocrx_word' id='word_1_628' title='bbox 831 2467 895 2490; x_wconf 71' lang='lat' dir='ltr'><strong>xxv,</strong></span> <span class='ocrx_word' id='word_1_629' title='bbox 911 2460 957 2486; x_wconf 70' lang='lat'><strong>2|.</strong></span> <span class='ocrx_word' id='word_1_630' title='bbox 995 2459 1017 2474; x_wconf 71' lang='lat'><strong>7°</strong></span> <span class='ocrx_word' id='word_1_631' title='bbox 1036 2458 1100 2484; x_wconf 87' lang='lat' dir='ltr'><strong>ibid.</strong></span> <span class='ocrx_word' id='word_1_632' title='bbox 1121 2459 1167 2485; x_wconf 67' lang='lat'><strong>9:2.</strong></span> <span class='ocrx_word' id='word_1_633' title='bbox 1205 2457 1226 2473; x_wconf 88' lang='grc'><strong>⁷¹</strong></span> <span class='ocrx_word' id='word_1_634' title='bbox 1249 2457 1348 2485; x_wconf 86' lang='lat' dir='ltr'><strong>Habac.</strong></span> 
     </span>
     <span class='ocr_line' id='line_1_78' title="bbox 730 2488 1342 2525; baseline 0 -6"><span class='ocrx_word' id='word_1_635' title='bbox 730 2493 752 2508; x_wconf 81' lang='grc'>⁷³</span> <span class='ocrx_word' id='word_1_636' title='bbox 771 2492 849 2520; x_wconf 81' lang='lat' dir='ltr'><strong>Rom.</strong></span> <span class='ocrx_word' id='word_1_637' title='bbox 869 2502 909 2525; x_wconf 84' lang='grc' dir='ltr'><strong>ιιι,</strong></span> <span class='ocrx_word' id='word_1_638' title='bbox 923 2494 968 2521; x_wconf 71' lang='lat'><strong>‘25.</strong></span> <span class='ocrx_word' id='word_1_639' title='bbox 1034 2494 1058 2508; x_wconf 62' lang='grc' dir='ltr'><strong>’θ</strong></span> <span class='ocrx_word' id='word_1_640' title='bbox 1074 2488 1158 2520; x_wconf 85' lang='lat' dir='ltr'><strong>Levit.</strong></span> <span class='ocrx_word' id='word_1_641' title='bbox 1178 2500 1215 2524; x_wconf 83' lang='lat' dir='ltr'><strong>tv,</strong></span> <span class='ocrx_word' id='word_1_642' title='bbox 1231 2493 1275 2524; x_wconf 72' lang='lat'><strong>15,</strong></span> <span class='ocrx_word' id='word_1_643' title='bbox 1297 2493 1342 2523; x_wconf 70' lang='grc'><strong>14.</strong></span> 
     </span>
     <span class='ocr_line' id='line_1_79' title="bbox 726 2527 1357 2557; baseline 0 -3"><span class='ocrx_word' id='word_1_644' title='bbox 726 2532 752 2555; x_wconf 89' lang='lat' dir='ltr'><strong>et</strong></span> <span class='ocrx_word' id='word_1_645' title='bbox 771 2535 827 2557; x_wconf 83' lang='lat' dir='ltr'><strong>seu.</strong></span> <span class='ocrx_word' id='word_1_646' title='bbox 866 2530 888 2545; x_wconf 79' lang='grc' dir='ltr'><strong>⁸ο</strong></span> <span class='ocrx_word' id='word_1_647' title='bbox 907 2529 986 2557; x_wconf 78' lang='lat' dir='ltr'><strong>Joan.</strong></span> <span class='ocrx_word' id='word_1_648' title='bbox 1002 2537 1020 2557; x_wconf 92' lang='grc' dir='ltr'><strong>ι.</strong></span> <span class='ocrx_word' id='word_1_649' title='bbox 1040 2527 1085 2555; x_wconf 75' lang='lat'><strong>‘29.</strong></span> <span class='ocrx_word' id='word_1_650' title='bbox 1122 2528 1143 2543; x_wconf 77' lang='lat'><strong>°‘</strong></span> <span class='ocrx_word' id='word_1_651' title='bbox 1165 2527 1244 2555; x_wconf 86' lang='lat' dir='ltr'><strong>llebr.</strong></span> <span class='ocrx_word' id='word_1_652' title='bbox 1267 2535 1305 2557; x_wconf 72' lang='lat' dir='ltr'><strong>tx.</strong></span> <span class='ocrx_word' id='word_1_653' title='bbox 1322 2528 1357 2554; x_wconf 71' lang='lat'><strong>22</strong></span> 
     </span>
    </p>
   </div>
   <div class='ocr_carea' id='block_1_78' title="bbox 925 2535 1369 2561">
    <p class='ocr_par' dir='ltr' id='par_1_78' title="bbox 925 2535 1369 2561">
     <span class='ocr_line' id='line_1_80' title="bbox 925 2535 1369 2561; baseline -0.005 -5"><span class='ocrx_word' id='word_1_654' title='bbox 925 2537 986 2556; x_wconf 68' lang='grc'><strong>0³11.</strong></span> <span class='ocrx_word' id='word_1_655' title='bbox 1002 2537 1020 2561; x_wconf 84' lang='lat' dir='ltr'><strong>l,</strong></span> <span class='ocrx_word' id='word_1_656' title='bbox 1040 2535 1085 2555; x_wconf 67' lang='lat'><strong>‘23.</strong></span> <span class='ocrx_word' id='word_1_657' title='bbox 1122 2535 1143 2543; x_wconf 81' lang='lat'><strong>‘&quot;</strong></span> <span class='ocrx_word' id='word_1_658' title='bbox 1165 2535 1244 2555; x_wconf 68' lang='grc' dir='ltr'><strong>ιιεῡν.</strong></span> <span class='ocrx_word' id='word_1_659' title='bbox 1267 2535 1305 2560; x_wconf 66' lang='lat' dir='ltr'><strong>IK,</strong></span> <span class='ocrx_word' id='word_1_660' title='bbox 1322 2535 1369 2556; x_wconf 74' lang='lat' dir='ltr'><strong>zz.</strong></span> 
     </span>
    </p>
   </div>
   <div class='ocr_carea' id='block_1_79' title="bbox 901 881 1686 916">
    <p class='ocr_par' dir='ltr' id='par_1_79' title="bbox 901 881 1686 916">
     <span class='ocr_line' id='line_1_81' title="bbox 901 881 1686 916; baseline -0.003 -9"><span class='ocrx_word' id='word_1_661' title='bbox 901 888 1003 915; x_wconf 75' lang='lat' dir='ltr'><strong>nagoga</strong></span> <span class='ocrx_word' id='word_1_662' title='bbox 1024 881 1138 908; x_wconf 84' lang='lat' dir='ltr'><strong>vitulum</strong></span> <span class='ocrx_word' id='word_1_663' title='bbox 1166 888 1199 908; x_wconf 77' lang='lat' dir='ltr'><strong>ex</strong></span> <span class='ocrx_word' id='word_1_664' title='bbox 1223 881 1309 908; x_wconf 88' lang='lat' dir='ltr'><strong>bobus</strong></span> <span class='ocrx_word' id='word_1_665' title='bbox 1332 881 1389 916; x_wconf 78' lang='grc'>(85)</span> <span class='ocrx_word' id='word_1_666' title='bbox 1413 887 1461 915; x_wconf 88' lang='lat' dir='ltr'><strong>pro</strong></span> <span class='ocrx_word' id='word_1_667' title='bbox 1480 885 1613 915; x_wconf 82' lang='lat' dir='ltr'><strong>peccato;</strong></span> <span class='ocrx_word' id='word_1_668' title='bbox 1631 888 1640 905; x_wconf 87' lang='grc'><strong>›</strong></span> <span class='ocrx_word' id='word_1_669' title='bbox 1658 883 1686 906; x_wconf 81' lang='lat' dir='ltr'><strong>et</strong></span> 
     </span>
    </p>
   </div>
   <div class='ocr_carea' id='block_1_80' title="bbox 900 927 1688 961">
    <p class='ocr_par' dir='ltr' id='par_1_80' title="bbox 900 927 1688 961">
     <span class='ocr_line' id='line_1_82' title="bbox 900 927 1688 961; baseline 0 -9"><span class='ocrx_word' id='word_1_670' title='bbox 900 931 960 960; x_wconf 84' lang='lat' dir='ltr'><strong>post</strong></span> <span class='ocrx_word' id='word_1_671' title='bbox 977 934 1062 961; x_wconf 89' lang='lat' dir='ltr'><strong>pauca</strong></span> <span class='ocrx_word' id='word_1_672' title='bbox 1080 936 1087 954; x_wconf 92' lang='lat'>:</span> <span class='ocrx_word' id='word_1_673' title='bbox 1104 936 1113 952; x_wconf 78' lang='grc' dir='ltr'><strong>ι</strong></span> <span class='ocrx_word' id='word_1_674' title='bbox 1134 927 1168 954; x_wconf 83' lang='grc' dir='ltr'><strong>ΕΙ.</strong></span> <span class='ocrx_word' id='word_1_675' title='bbox 1184 927 1282 954; x_wconf 81' lang='lat' dir='ltr'><strong>inferet</strong></span> <span class='ocrx_word' id='word_1_676' title='bbox 1305 927 1432 954; x_wconf 87' lang='lat' dir='ltr'><strong>sacerdos</strong></span> <span class='ocrx_word' id='word_1_677' title='bbox 1447 927 1493 961; x_wconf 91' lang='lat' dir='ltr'><strong>qui</strong></span> <span class='ocrx_word' id='word_1_678' title='bbox 1515 931 1613 953; x_wconf 88' lang='lat' dir='ltr'><strong>unctus</strong></span> <span class='ocrx_word' id='word_1_679' title='bbox 1631 931 1688 958; x_wconf 70' lang='lat' dir='ltr'><strong>est,</strong></span> 
     </span>
    </p>
   </div>
   <div class='ocr_carea' id='block_1_81' title="bbox 899 972 1689 1008">
    <p class='ocr_par' dir='ltr' id='par_1_81' title="bbox 899 972 1689 1008">
     <span class='ocr_line' id='line_1_83' title="bbox 899 972 1689 1008; baseline -0.003 -9"><span class='ocrx_word' id='word_1_680' title='bbox 899 980 933 1000; x_wconf 86' lang='lat' dir='ltr'><strong>ex</strong></span> <span class='ocrx_word' id='word_1_681' title='bbox 948 974 1079 1008; x_wconf 79' lang='lat' dir='ltr'><strong>sanguine</strong></span> <span class='ocrx_word' id='word_1_682' title='bbox 1101 973 1175 1000; x_wconf 82' lang='lat' dir='ltr'><strong>vituli</strong></span> <span class='ocrx_word' id='word_1_683' title='bbox 1204 975 1231 1001; x_wconf 95' lang='lat' dir='ltr'><strong>in</strong></span> <span class='ocrx_word' id='word_1_684' title='bbox 1255 973 1456 1001; x_wconf 86' lang='lat' dir='ltr'><strong>tabernaculum</strong></span> <span class='ocrx_word' id='word_1_685' title='bbox 1485 972 1651 1004; x_wconf 82' lang='lat' dir='ltr'><strong>testimonii;</strong></span> <span class='ocrx_word' id='word_1_686' title='bbox 1672 982 1689 997; x_wconf 68' lang='grc' dir='ltr'><strong>»ι</strong></span> 
     </span>
    </p>
   </div>
   <div class='ocr_carea' id='block_1_82' title="bbox 900 1018 1693 1053">
    <p class='ocr_par' dir='ltr' id='par_1_82' title="bbox 900 1018 1693 1053">
     <span class='ocr_line' id='line_1_84' title="bbox 900 1018 1693 1053; baseline -0.001 -8"><span class='ocrx_word' id='word_1_687' title='bbox 900 1022 927 1045; x_wconf 89' lang='lat' dir='ltr'><strong>et</strong></span> <span class='ocrx_word' id='word_1_688' title='bbox 953 1023 1013 1052; x_wconf 82' lang='lat' dir='ltr'><strong>post</strong></span> <span class='ocrx_word' id='word_1_689' title='bbox 1039 1026 1125 1053; x_wconf 85' lang='lat' dir='ltr'><strong>pauca</strong></span> <span class='ocrx_word' id='word_1_690' title='bbox 1149 1019 1246 1046; x_wconf 88' lang='lat' dir='ltr'><strong>iterum</strong></span> <span class='ocrx_word' id='word_1_691' title='bbox 1264 1028 1270 1046; x_wconf 90' lang='lat'>:</span> <span class='ocrx_word' id='word_1_692' title='bbox 1291 1029 1300 1045; x_wconf 86' lang='grc'><strong>‹</strong></span> <span class='ocrx_word' id='word_1_693' title='bbox 1320 1019 1352 1046; x_wconf 87' lang='grc' dir='ltr'><strong>Ει</strong></span> <span class='ocrx_word' id='word_1_694' title='bbox 1378 1019 1475 1050; x_wconf 75' lang='lat' dir='ltr'><strong>faciet,-</strong></span> <span class='ocrx_word' id='word_1_695' title='bbox 1505 1018 1608 1053; x_wconf 90' lang='lat' dir='ltr'><strong>inqnit,</strong></span> <span class='ocrx_word' id='word_1_696' title='bbox 1646 1018 1693 1044; x_wconf 63' lang='lat' dir='ltr'><strong>vio-</strong></span> 
     </span>
    </p>
   </div>
   <div class='ocr_carea' id='block_1_83' title="bbox 901 1064 1681 1101">
    <p class='ocr_par' dir='ltr' id='par_1_83' title="bbox 901 1064 1681 1101">
     <span class='ocr_line' id='line_1_85' title="bbox 901 1064 1681 1101; baseline 0.001 -10"><span class='ocrx_word' id='word_1_697' title='bbox 901 1064 1004 1097; x_wconf 92' lang='lat' dir='ltr'><strong>tulum,</strong></span> <span class='ocrx_word' id='word_1_698' title='bbox 1020 1067 1245 1099; x_wconf 89' lang='lat' dir='ltr'><strong>quemadmodum</strong></span> <span class='ocrx_word' id='word_1_699' title='bbox 1275 1066 1340 1094; x_wconf 82' lang='lat' dir='ltr'><strong>fecit</strong></span> <span class='ocrx_word' id='word_1_700' title='bbox 1362 1066 1475 1094; x_wconf 91' lang='lat' dir='ltr'><strong>vitulum</strong></span> <span class='ocrx_word' id='word_1_701' title='bbox 1496 1073 1544 1100; x_wconf 91' lang='lat' dir='ltr'><strong>pro</strong></span> <span class='ocrx_word' id='word_1_702' title='bbox 1559 1067 1681 1101; x_wconf 77' lang='lat' dir='ltr'><strong>peccato,</strong></span> 
     </span>
    </p>
   </div>
   <div class='ocr_carea' id='block_1_84' title="bbox 901 1111 1688 1146">
    <p class='ocr_par' dir='ltr' id='par_1_84' title="bbox 901 1111 1688 1146">
     <span class='ocr_line' id='line_1_86' title="bbox 901 1111 1688 1146; baseline 0.004 -10"><span class='ocrx_word' id='word_1_703' title='bbox 901 1115 927 1136; x_wconf 90' lang='lat' dir='ltr'><strong>et</strong></span> <span class='ocrx_word' id='word_1_704' title='bbox 938 1111 1125 1145; x_wconf 81' lang='lat' dir='ltr'><strong>repropitiabit</strong></span> <span class='ocrx_word' id='word_1_705' title='bbox 1134 1119 1182 1146; x_wconf 90' lang='lat' dir='ltr'><strong>pro</strong></span> <span class='ocrx_word' id='word_1_706' title='bbox 1190 1112 1231 1139; x_wconf 88' lang='lat' dir='ltr'><strong>his</strong></span> <span class='ocrx_word' id='word_1_707' title='bbox 1240 1112 1377 1144; x_wconf 84' lang='lat' dir='ltr'><strong>sacerdos,</strong></span> <span class='ocrx_word' id='word_1_708' title='bbox 1385 1117 1412 1139; x_wconf 86' lang='lat' dir='ltr'><strong>et</strong></span> <span class='ocrx_word' id='word_1_709' title='bbox 1422 1112 1575 1139; x_wconf 87' lang='lat' dir='ltr'><strong>remittetur</strong></span> <span class='ocrx_word' id='word_1_710' title='bbox 1584 1111 1624 1139; x_wconf 92' lang='lat' dir='ltr'><strong>eis</strong></span> <span class='ocrx_word' id='word_1_711' title='bbox 1632 1112 1666 1139; x_wconf 79' lang='lat'><strong>&#39;“.</strong></span> <span class='ocrx_word' id='word_1_712' title='bbox 1673 1121 1688 1138; x_wconf 46' lang='grc' dir='ltr'><strong>ιγ</strong></span> 
     </span>
    </p>
   </div>
   <div class='ocr_carea' id='block_1_85' title="bbox 903 1154 1687 1194">
    <p class='ocr_par' dir='ltr' id='par_1_85' title="bbox 903 1154 1687 1194">
     <span class='ocr_line' id='line_1_87' title="bbox 903 1154 1687 1194; baseline 0.005 -14"><span class='ocrx_word' id='word_1_713' title='bbox 903 1154 955 1181; x_wconf 85' lang='lat' dir='ltr'><strong>Per</strong></span> <span class='ocrx_word' id='word_1_714' title='bbox 978 1156 1138 1190; x_wconf 80' lang='lat' dir='ltr'><strong>sanguinem</strong></span> <span class='ocrx_word' id='word_1_715' title='bbox 1163 1164 1228 1192; x_wconf 81' lang='lat' dir='ltr'><strong>ergo</strong></span> <span class='ocrx_word' id='word_1_716' title='bbox 1245 1157 1300 1194; x_wconf 68' lang='lat'><strong>(86)</strong></span> <span class='ocrx_word' id='word_1_717' title='bbox 1316 1157 1474 1192; x_wconf 77' lang='lat' dir='ltr'><strong>rcpropitiat</strong></span> <span class='ocrx_word' id='word_1_718' title='bbox 1498 1158 1624 1184; x_wconf 88' lang='lat' dir='ltr'><strong>sacerdos</strong></span> <span class='ocrx_word' id='word_1_719' title='bbox 1637 1165 1687 1192; x_wconf 83' lang='lat' dir='ltr'><strong>pro</strong></span> 
     </span>
    </p>
   </div>
   <div class='ocr_carea' id='block_1_86' title="bbox 900 1200 1686 1237">
    <p class='ocr_par' dir='ltr' id='par_1_86' title="bbox 900 1200 1686 1237">
     <span class='ocr_line' id='line_1_88' title="bbox 900 1200 1686 1237; baseline 0.003 -11"><span class='ocrx_word' id='word_1_720' title='bbox 900 1201 973 1226; x_wconf 91' lang='lat' dir='ltr'><strong>omni</strong></span> <span class='ocrx_word' id='word_1_721' title='bbox 988 1200 1131 1237; x_wconf 71' lang='lat' dir='ltr'><strong>Synagoga</strong></span> <span class='ocrx_word' id='word_1_722' title='bbox 1146 1207 1175 1229; x_wconf 88' lang='lat' dir='ltr'><strong>ut</strong></span> <span class='ocrx_word' id='word_1_723' title='bbox 1191 1204 1345 1230; x_wconf 83' lang='lat' dir='ltr'><strong>remittatur</strong></span> <span class='ocrx_word' id='word_1_724' title='bbox 1358 1203 1408 1230; x_wconf 88' lang='lat' dir='ltr'><strong>eis.</strong></span> <span class='ocrx_word' id='word_1_725' title='bbox 1422 1202 1600 1237; x_wconf 69' lang='lat' dir='ltr'><strong>“equiramos</strong></span> <span class='ocrx_word' id='word_1_726' title='bbox 1610 1209 1686 1231; x_wconf 74' lang='lat' dir='ltr'><strong>nunc</strong></span> 
     </span>
    </p>
   </div>
   <div class='ocr_carea' id='block_1_87' title="bbox 901 1245 1684 1284">
    <p class='ocr_par' dir='ltr' id='par_1_87' title="bbox 901 1245 1684 1284">
     <span class='ocr_line' id='line_1_89' title="bbox 901 1245 1684 1284; baseline 0.003 -12"><span class='ocrx_word' id='word_1_727' title='bbox 901 1245 1007 1280; x_wconf 80' lang='lat' dir='ltr'><strong>singula</strong></span> <span class='ocrx_word' id='word_1_728' title='bbox 1026 1254 1140 1282; x_wconf 70' lang='lat' dir='ltr'><strong>qumque</strong></span> <span class='ocrx_word' id='word_1_729' title='bbox 1154 1248 1263 1275; x_wconf 87' lang='lat' dir='ltr'><strong>nomina</strong></span> <span class='ocrx_word' id='word_1_730' title='bbox 1284 1256 1345 1284; x_wconf 66' lang='lat' dir='ltr'><strong>quae</strong></span> <span class='ocrx_word' id='word_1_731' title='bbox 1369 1248 1401 1275; x_wconf 88' lang='lat' dir='ltr'><strong>de</strong></span> <span class='ocrx_word' id='word_1_732' title='bbox 1422 1248 1565 1276; x_wconf 78' lang='lat' dir='ltr'><strong>Salvatore</strong></span> <span class='ocrx_word' id='word_1_733' title='bbox 1584 1247 1684 1282; x_wconf 78' lang='lat' dir='ltr'><strong>scripta</strong></span> 
     </span>
    </p>
   </div>
   <div class='ocr_carea' id='block_1_88' title="bbox 902 1294 1686 1330">
    <p class='ocr_par' dir='ltr' id='par_1_88' title="bbox 902 1294 1686 1330">
     <span class='ocr_line' id='line_1_90' title="bbox 902 1294 1686 1330; baseline 0 -11"><span class='ocrx_word' id='word_1_734' title='bbox 902 1297 986 1325; x_wconf 91' lang='lat' dir='ltr'><strong>sunt,</strong></span> <span class='ocrx_word' id='word_1_735' title='bbox 1003 1298 1030 1320; x_wconf 89' lang='lat' dir='ltr'><strong>et</strong></span> <span class='ocrx_word' id='word_1_736' title='bbox 1045 1294 1072 1320; x_wconf 94' lang='lat' dir='ltr'><strong>in</strong></span> <span class='ocrx_word' id='word_1_737' title='bbox 1086 1294 1199 1328; x_wconf 80' lang='lat' dir='ltr'><strong>singulis</strong></span> <span class='ocrx_word' id='word_1_738' title='bbox 1216 1294 1440 1330; x_wconf 84' lang='lat' dir='ltr'><strong>appellationibus</strong></span> <span class='ocrx_word' id='word_1_739' title='bbox 1465 1301 1525 1328; x_wconf 70' lang='lat' dir='ltr'><strong>quae</strong></span> <span class='ocrx_word' id='word_1_740' title='bbox 1549 1294 1602 1321; x_wconf 92' lang='lat' dir='ltr'><strong>sint</strong></span> <span class='ocrx_word' id='word_1_741' title='bbox 1626 1301 1686 1328; x_wconf 76' lang='lat' dir='ltr'><strong>qua:</strong></span> 
     </span>
    </p>
   </div>
   <div class='ocr_carea' id='block_1_89' title="bbox 902 1337 1686 1374">
    <p class='ocr_par' dir='ltr' id='par_1_89' title="bbox 902 1337 1686 1374">
     <span class='ocr_line' id='line_1_91' title="bbox 902 1337 1686 1374; baseline 0.003 -11"><span class='ocrx_word' id='word_1_742' title='bbox 902 1337 1074 1371; x_wconf 75' lang='lat' dir='ltr'><strong>designentur</strong></span> <span class='ocrx_word' id='word_1_743' title='bbox 1087 1338 1241 1374; x_wconf 78' lang='lat' dir='ltr'><strong>diligentius</strong></span> <span class='ocrx_word' id='word_1_744' title='bbox 1256 1339 1479 1374; x_wconf 81' lang='lat' dir='ltr'><strong>contemplemur.</strong></span> <span class='ocrx_word' id='word_1_745' title='bbox 1495 1339 1619 1366; x_wconf 85' lang='lat' dir='ltr'><strong>invenies</strong></span> <span class='ocrx_word' id='word_1_746' title='bbox 1634 1339 1686 1374; x_wconf 77' lang='lat' dir='ltr'><strong>igi-</strong></span> 
     </span>
    </p>
   </div>
   <div class='ocr_carea' id='block_1_90' title="bbox 902 1384 1684 1420">
    <p class='ocr_par' dir='ltr' id='par_1_90' title="bbox 902 1384 1684 1420">
     <span class='ocr_line' id='line_1_92' title="bbox 902 1384 1684 1420; baseline 0.004 -11"><span class='ocrx_word' id='word_1_747' title='bbox 902 1385 964 1416; x_wconf 86' lang='lat' dir='ltr'><strong>tur,</strong></span> <span class='ocrx_word' id='word_1_748' title='bbox 984 1384 1111 1418; x_wconf 90' lang='lat' dir='ltr'><strong>quoniam</strong></span> <span class='ocrx_word' id='word_1_749' title='bbox 1135 1386 1243 1420; x_wconf 89' lang='lat' dir='ltr'><strong>quidem</strong></span> <span class='ocrx_word' id='word_1_750' title='bbox 1267 1385 1293 1412; x_wconf 87' lang='lat' dir='ltr'><strong>in</strong></span> <span class='ocrx_word' id='word_1_751' title='bbox 1318 1385 1374 1419; x_wconf 87' lang='lat' dir='ltr'><strong>ipso</strong></span> <span class='ocrx_word' id='word_1_752' title='bbox 1390 1384 1684 1418; x_wconf 80' lang='lat' dir='ltr'><strong>complacuithahitare</strong></span> 
     </span>
    </p>
   </div>
   <div class='ocr_carea' id='block_1_91' title="bbox 901 1430 1686 1464">
    <p class='ocr_par' dir='ltr' id='par_1_91' title="bbox 901 1430 1686 1464">
     <span class='ocr_line' id='line_1_93' title="bbox 901 1430 1686 1464; baseline 0.004 -10"><span class='ocrx_word' id='word_1_753' title='bbox 901 1435 1007 1456; x_wconf 84' lang='lat' dir='ltr'><strong>onmem</strong></span> <span class='ocrx_word' id='word_1_754' title='bbox 1024 1430 1218 1464; x_wconf 89' lang='lat' dir='ltr'><strong>plenitudinem</strong></span> <span class='ocrx_word' id='word_1_755' title='bbox 1244 1431 1393 1458; x_wconf 87' lang='lat' dir='ltr'><strong>divinitatis</strong></span> <span class='ocrx_word' id='word_1_756' title='bbox 1407 1430 1597 1464; x_wconf 86' lang='lat' dir='ltr'><strong>corporaliter,</strong></span> <span class='ocrx_word' id='word_1_757' title='bbox 1625 1438 1686 1457; x_wconf 83' lang='lat' dir='ltr'><strong>esse</strong></span> 
     </span>
    </p>
   </div>
   <div class='ocr_carea' id='block_1_92' title="bbox 903 1474 1684 1515">
    <p class='ocr_par' dir='ltr' id='par_1_92' title="bbox 903 1474 1684 1515">
     <span class='ocr_line' id='line_1_94' title="bbox 903 1474 1684 1515; baseline 0.001 -14"><span class='ocrx_word' id='word_1_758' title='bbox 903 1474 1284 1515; x_wconf 32' lang='lat' dir='ltr'><strong>ipsum‘et‘propitiatorium,</strong></span> <span class='ocrx_word' id='word_1_759' title='bbox 1300 1482 1327 1504; x_wconf 88' lang='lat' dir='ltr'><strong>et</strong></span> <span class='ocrx_word' id='word_1_760' title='bbox 1341 1476 1510 1512; x_wconf 82' lang='lat' dir='ltr'><strong>pontiﬁcem,</strong></span> <span class='ocrx_word' id='word_1_761' title='bbox 1527 1482 1553 1502; x_wconf 90' lang='lat' dir='ltr'><strong>et</strong></span> <span class='ocrx_word' id='word_1_762' title='bbox 1568 1477 1684 1503; x_wconf 59' lang='lat' dir='ltr'><strong>hostiam</strong></span> 
     </span>
    </p>
   </div>
   <div class='ocr_carea' id='block_1_93' title="bbox 900 1522 1685 1561">
    <p class='ocr_par' dir='ltr' id='par_1_93' title="bbox 900 1522 1685 1561">
     <span class='ocr_line' id='line_1_95' title="bbox 900 1522 1685 1561; baseline -0.009 -7"><span class='ocrx_word' id='word_1_763' title='bbox 900 1534 959 1561; x_wconf 73' lang='lat' dir='ltr'><strong>qua:</strong></span> <span class='ocrx_word' id='word_1_764' title='bbox 973 1524 1084 1553; x_wconf 81' lang='lat' dir='ltr'><strong>otIertur</strong></span> <span class='ocrx_word' id='word_1_765' title='bbox 1097 1532 1145 1560; x_wconf 92' lang='lat' dir='ltr'><strong>pro</strong></span> <span class='ocrx_word' id='word_1_766' title='bbox 1159 1524 1257 1560; x_wconf 91' lang='lat' dir='ltr'><strong>populo</strong></span> <span class='ocrx_word' id='word_1_767' title='bbox 1273 1524 1307 1550; x_wconf 87' lang='lat'><strong>&quot;.</strong></span> <span class='ocrx_word' id='word_1_768' title='bbox 1324 1523 1356 1551; x_wconf 88' lang='lat' dir='ltr'><strong>Et</strong></span> <span class='ocrx_word' id='word_1_769' title='bbox 1373 1524 1481 1559; x_wconf 90' lang='lat' dir='ltr'><strong>quidem</strong></span> <span class='ocrx_word' id='word_1_770' title='bbox 1500 1524 1533 1551; x_wconf 88' lang='lat' dir='ltr'><strong>de</strong></span> <span class='ocrx_word' id='word_1_771' title='bbox 1553 1522 1685 1558; x_wconf 87' lang='lat' dir='ltr'><strong>propitia-</strong></span> 
     </span>
    </p>
   </div>
   <div class='ocr_carea' id='block_1_94' title="bbox 902 1570 1686 1607">
    <p class='ocr_par' dir='ltr' id='par_1_94' title="bbox 902 1570 1686 1607">
     <span class='ocr_line' id='line_1_96' title="bbox 902 1570 1686 1607; baseline -0.006 -8"><span class='ocrx_word' id='word_1_772' title='bbox 902 1573 971 1600; x_wconf 90' lang='lat' dir='ltr'><strong>torio</strong></span> <span class='ocrx_word' id='word_1_773' title='bbox 983 1573 1039 1607; x_wconf 84' lang='lat' dir='ltr'><strong>jam</strong></span> <span class='ocrx_word' id='word_1_774' title='bbox 1057 1572 1123 1599; x_wconf 82' lang='lat' dir='ltr'><strong>satis</strong></span> <span class='ocrx_word' id='word_1_775' title='bbox 1137 1575 1179 1598; x_wconf 88' lang='lat' dir='ltr'><strong>est</strong></span> <span class='ocrx_word' id='word_1_776' title='bbox 1194 1571 1309 1599; x_wconf 91' lang='lat' dir='ltr'><strong>dictum.</strong></span> <span class='ocrx_word' id='word_1_777' title='bbox 1331 1571 1383 1598; x_wconf 90' lang='lat' dir='ltr'><strong>Sed</strong></span> <span class='ocrx_word' id='word_1_778' title='bbox 1401 1577 1428 1598; x_wconf 89' lang='lat' dir='ltr'><strong>et</strong></span> <span class='ocrx_word' id='word_1_779' title='bbox 1443 1571 1475 1598; x_wconf 88' lang='lat' dir='ltr'><strong>de</strong></span> <span class='ocrx_word' id='word_1_780' title='bbox 1487 1570 1613 1604; x_wconf 84' lang='lat' dir='ltr'><strong>pontiﬁce</strong></span> <span class='ocrx_word' id='word_1_781' title='bbox 1628 1570 1686 1595; x_wconf 88' lang='lat' dir='ltr'><strong>evi-</strong></span> 
     </span>
    </p>
   </div>
   <div class='ocr_carea' id='block_1_95' title="bbox 900 1616 1684 1652">
    <p class='ocr_par' dir='ltr' id='par_1_95' title="bbox 900 1616 1684 1652">
     <span class='ocr_line' id='line_1_97' title="bbox 900 1616 1684 1652; baseline -0.008 -6"><span class='ocrx_word' id='word_1_782' title='bbox 900 1621 994 1646; x_wconf 87' lang='lat' dir='ltr'><strong>denter</strong></span> <span class='ocrx_word' id='word_1_783' title='bbox 1009 1619 1091 1646; x_wconf 88' lang='lat' dir='ltr'><strong>David</strong></span> <span class='ocrx_word' id='word_1_784' title='bbox 1108 1618 1134 1645; x_wconf 94' lang='lat' dir='ltr'><strong>in</strong></span> <span class='ocrx_word' id='word_1_785' title='bbox 1148 1617 1257 1645; x_wconf 83' lang='lat' dir='ltr'><strong>Psalmo</strong></span> <span class='ocrx_word' id='word_1_786' title='bbox 1271 1617 1304 1649; x_wconf 82' lang='lat'><strong>&quot;,</strong></span> <span class='ocrx_word' id='word_1_787' title='bbox 1331 1622 1358 1645; x_wconf 87' lang='lat' dir='ltr'><strong>et</strong></span> <span class='ocrx_word' id='word_1_788' title='bbox 1383 1617 1522 1652; x_wconf 83' lang='lat' dir='ltr'><strong>apostolus</strong></span> <span class='ocrx_word' id='word_1_789' title='bbox 1538 1616 1638 1643; x_wconf 79' lang='lat' dir='ltr'><strong>Paulus</strong></span> <span class='ocrx_word' id='word_1_790' title='bbox 1651 1616 1684 1642; x_wconf 85' lang='lat' dir='ltr'><strong>ad</strong></span> 
     </span>
    </p>
   </div>
   <div class='ocr_carea' id='block_1_96' title="bbox 901 1662 1686 1695">
    <p class='ocr_par' dir='ltr' id='par_1_96' title="bbox 901 1662 1686 1695">
     <span class='ocr_line' id='line_1_98' title="bbox 901 1662 1686 1695; baseline -0.005 -4"><span class='ocrx_word' id='word_1_791' title='bbox 901 1665 1029 1691; x_wconf 74' lang='lat' dir='ltr'><strong>llebrtros</strong></span> <span class='ocrx_word' id='word_1_792' title='bbox 1043 1664 1066 1680; x_wconf 81' lang='lat'><strong>&quot;&#39;</strong></span> <span class='ocrx_word' id='word_1_793' title='bbox 1082 1662 1187 1690; x_wconf 89' lang='lat' dir='ltr'><strong>scribit.</strong></span> <span class='ocrx_word' id='word_1_794' title='bbox 1207 1662 1282 1695; x_wconf 89' lang='lat' dir='ltr'><strong>Quod</strong></span> <span class='ocrx_word' id='word_1_795' title='bbox 1298 1667 1389 1690; x_wconf 89' lang='lat' dir='ltr'><strong>autem</strong></span> <span class='ocrx_word' id='word_1_796' title='bbox 1402 1663 1436 1690; x_wconf 89' lang='lat' dir='ltr'><strong>sit</strong></span> <span class='ocrx_word' id='word_1_797' title='bbox 1450 1667 1477 1689; x_wconf 91' lang='lat' dir='ltr'><strong>et</strong></span> <span class='ocrx_word' id='word_1_798' title='bbox 1490 1662 1590 1694; x_wconf 87' lang='lat' dir='ltr'><strong>hostia,</strong></span> <span class='ocrx_word' id='word_1_799' title='bbox 1604 1666 1686 1695; x_wconf 43' lang='lat' dir='ltr'><strong>testa,-</strong></span> 
     </span>
    </p>
   </div>
   <div class='ocr_carea' id='block_1_97' title="bbox 901 1707 1685 1742">
    <p class='ocr_par' dir='ltr' id='par_1_97' title="bbox 901 1707 1685 1742">
     <span class='ocr_line' id='line_1_99' title="bbox 901 1707 1685 1742; baseline -0.005 -5"><span class='ocrx_word' id='word_1_800' title='bbox 901 1714 945 1737; x_wconf 92' lang='lat' dir='ltr'><strong>tur</strong></span> <span class='ocrx_word' id='word_1_801' title='bbox 957 1709 1086 1742; x_wconf 87' lang='lat' dir='ltr'><strong>Joannes,</strong></span> <span class='ocrx_word' id='word_1_802' title='bbox 1104 1709 1216 1735; x_wconf 88' lang='lat' dir='ltr'><strong>dicens:</strong></span> <span class='ocrx_word' id='word_1_803' title='bbox 1235 1717 1244 1733; x_wconf 73' lang='grc' dir='ltr'><strong>ι</strong></span> <span class='ocrx_word' id='word_1_804' title='bbox 1263 1707 1313 1734; x_wconf 86' lang='lat' dir='ltr'><strong>Hic</strong></span> <span class='ocrx_word' id='word_1_805' title='bbox 1327 1713 1368 1735; x_wconf 87' lang='lat' dir='ltr'><strong>est</strong></span> <span class='ocrx_word' id='word_1_806' title='bbox 1384 1708 1474 1742; x_wconf 72' lang='lat' dir='ltr'><strong>Agnus</strong></span> <span class='ocrx_word' id='word_1_807' title='bbox 1486 1708 1530 1734; x_wconf 84' lang='lat' dir='ltr'><strong>Dei</strong></span> <span class='ocrx_word' id='word_1_808' title='bbox 1552 1708 1597 1741; x_wconf 92' lang='lat' dir='ltr'><strong>qui</strong></span> <span class='ocrx_word' id='word_1_809' title='bbox 1615 1707 1685 1733; x_wconf 92' lang='lat' dir='ltr'><strong>tollit</strong></span> 
     </span>
    </p>
   </div>
   <div class='ocr_carea' id='block_1_98' title="bbox 900 1752 1685 1790">
    <p class='ocr_par' dir='ltr' id='par_1_98' title="bbox 900 1752 1685 1790">
     <span class='ocr_line' id='line_1_100' title="bbox 900 1752 1685 1790; baseline -0.004 -8"><span class='ocrx_word' id='word_1_810' title='bbox 900 1760 1012 1790; x_wconf 81' lang='lat' dir='ltr'><strong>peccata</strong></span> <span class='ocrx_word' id='word_1_811' title='bbox 1027 1754 1118 1781; x_wconf 89' lang='lat' dir='ltr'><strong>nmndi</strong></span> <span class='ocrx_word' id='word_1_812' title='bbox 1134 1754 1167 1780; x_wconf 78' lang='grc' dir='ltr'><strong>³ο.</strong></span> <span class='ocrx_word' id='word_1_813' title='bbox 1194 1762 1203 1779; x_wconf 72' lang='grc' dir='ltr'><strong>ι</strong></span> <span class='ocrx_word' id='word_1_814' title='bbox 1222 1752 1377 1780; x_wconf 89' lang='lat' dir='ltr'><strong>Secundum</strong></span> <span class='ocrx_word' id='word_1_815' title='bbox 1397 1753 1447 1780; x_wconf 91' lang='lat' dir='ltr'><strong>hoc</strong></span> <span class='ocrx_word' id='word_1_816' title='bbox 1461 1761 1527 1788; x_wconf 81' lang='lat' dir='ltr'><strong>ergo</strong></span> <span class='ocrx_word' id='word_1_817' title='bbox 1546 1753 1616 1787; x_wconf 88' lang='lat' dir='ltr'><strong>quod</strong></span> <span class='ocrx_word' id='word_1_818' title='bbox 1636 1752 1685 1779; x_wconf 85' lang='lat' dir='ltr'><strong>bo-</strong></span> 
     </span>
    </p>
   </div>
   <div class='ocr_carea' id='block_1_99' title="bbox 900 1796 1685 1833">
    <p class='ocr_par' dir='ltr' id='par_1_99' title="bbox 900 1796 1685 1833">
     <span class='ocr_line' id='line_1_101' title="bbox 900 1796 1685 1833; baseline -0.006 -6"><span class='ocrx_word' id='word_1_819' title='bbox 900 1800 950 1828; x_wconf 86' lang='lat' dir='ltr'><strong>stia</strong></span> <span class='ocrx_word' id='word_1_820' title='bbox 965 1804 1018 1830; x_wconf 88' lang='lat' dir='ltr'><strong>est,</strong></span> <span class='ocrx_word' id='word_1_821' title='bbox 1032 1797 1190 1833; x_wconf 79' lang='lat' dir='ltr'><strong>profusione</strong></span> <span class='ocrx_word' id='word_1_822' title='bbox 1204 1797 1343 1832; x_wconf 74' lang='lat' dir='ltr'><strong>sanguinis</strong></span> <span class='ocrx_word' id='word_1_823' title='bbox 1351 1797 1392 1825; x_wconf 93' lang='lat' dir='ltr'><strong>sui</strong></span> <span class='ocrx_word' id='word_1_824' title='bbox 1402 1797 1556 1832; x_wconf 88' lang='lat' dir='ltr'><strong>propitiatio</strong></span> <span class='ocrx_word' id='word_1_825' title='bbox 1570 1796 1685 1823; x_wconf 84' lang='lat' dir='ltr'><strong>elIicitur</strong></span> 
     </span>
    </p>
   </div>
   <div class='ocr_carea' id='block_1_100' title="bbox 901 1841 1684 1879">
    <p class='ocr_par' dir='ltr' id='par_1_100' title="bbox 901 1841 1684 1879">
     <span class='ocr_line' id='line_1_102' title="bbox 901 1841 1684 1879; baseline -0.003 -8"><span class='ocrx_word' id='word_1_826' title='bbox 901 1845 926 1872; x_wconf 91' lang='lat' dir='ltr'><strong>in</strong></span> <span class='ocrx_word' id='word_1_827' title='bbox 942 1852 974 1871; x_wconf 91' lang='lat' dir='ltr'><strong>eo</strong></span> <span class='ocrx_word' id='word_1_828' title='bbox 998 1844 1069 1879; x_wconf 92' lang='lat' dir='ltr'><strong>quod</strong></span> <span class='ocrx_word' id='word_1_829' title='bbox 1090 1843 1136 1870; x_wconf 89' lang='lat' dir='ltr'><strong>dat</strong></span> <span class='ocrx_word' id='word_1_830' title='bbox 1152 1842 1338 1870; x_wconf 84' lang='lat' dir='ltr'><strong>remissionem</strong></span> <span class='ocrx_word' id='word_1_831' title='bbox 1350 1841 1558 1877; x_wconf 67' lang='lat' dir='ltr'><strong>praecedentium</strong></span> <span class='ocrx_word' id='word_1_832' title='bbox 1572 1841 1684 1869; x_wconf 85' lang='lat' dir='ltr'><strong>delicto-</strong></span> 
     </span>
    </p>
   </div>
   <div class='ocr_carea' id='block_1_101' title="bbox 900 1887 1683 1924">
    <p class='ocr_par' dir='ltr' id='par_1_101' title="bbox 900 1887 1683 1924">
     <span class='ocr_line' id='line_1_103' title="bbox 900 1887 1683 1924; baseline -0.003 -8"><span class='ocrx_word' id='word_1_833' title='bbox 900 1897 983 1917; x_wconf 89' lang='lat' dir='ltr'><strong>rum:</strong></span> <span class='ocrx_word' id='word_1_834' title='bbox 1012 1895 1072 1924; x_wconf 67' lang='lat' dir='ltr'><strong>quae</strong></span> <span class='ocrx_word' id='word_1_835' title='bbox 1097 1892 1185 1915; x_wconf 88' lang='lat' dir='ltr'><strong>tamen</strong></span> <span class='ocrx_word' id='word_1_836' title='bbox 1212 1887 1368 1922; x_wconf 88' lang='lat' dir='ltr'><strong>propitiatio</strong></span> <span class='ocrx_word' id='word_1_837' title='bbox 1399 1887 1432 1914; x_wconf 90' lang='lat' dir='ltr'><strong>ad</strong></span> <span class='ocrx_word' id='word_1_838' title='bbox 1464 1894 1683 1922; x_wconf 84' lang='lat' dir='ltr'><strong>unumquemque</strong></span> 
     </span>
    </p>
   </div>
   <div class='ocr_carea' id='block_1_102' title="bbox 900 1932 1684 1968">
    <p class='ocr_par' dir='ltr' id='par_1_102' title="bbox 900 1932 1684 1968">
     <span class='ocr_line' id='line_1_104' title="bbox 900 1932 1684 1968; baseline -0.004 -5"><span class='ocrx_word' id='word_1_839' title='bbox 900 1937 1067 1964; x_wconf 88' lang='lat' dir='ltr'><strong>credentium</strong></span> <span class='ocrx_word' id='word_1_840' title='bbox 1085 1942 1132 1968; x_wconf 87' lang='lat' dir='ltr'><strong>per</strong></span> <span class='ocrx_word' id='word_1_841' title='bbox 1158 1933 1227 1960; x_wconf 83' lang='lat' dir='ltr'><strong>viam</strong></span> <span class='ocrx_word' id='word_1_842' title='bbox 1247 1933 1307 1960; x_wconf 77' lang='lat' dir='ltr'><strong>ﬁdei</strong></span> <span class='ocrx_word' id='word_1_843' title='bbox 1329 1934 1411 1959; x_wconf 91' lang='lat' dir='ltr'><strong>venit.</strong></span> <span class='ocrx_word' id='word_1_844' title='bbox 1433 1932 1488 1959; x_wconf 74' lang='lat' dir='ltr'><strong>Nisi</strong></span> <span class='ocrx_word' id='word_1_845' title='bbox 1514 1935 1585 1960; x_wconf 91' lang='lat' dir='ltr'><strong>enim</strong></span> <span class='ocrx_word' id='word_1_846' title='bbox 1605 1934 1684 1960; x_wconf 75' lang='lat' dir='ltr'><strong>daret</strong></span> 
     </span>
    </p>
   </div>
   <div class='ocr_carea' id='block_1_103' title="bbox 901 1978 1683 2013">
    <p class='ocr_par' dir='ltr' id='par_1_103' title="bbox 901 1978 1683 2013">
     <span class='ocr_line' id='line_1_105' title="bbox 901 1978 1683 2013; baseline -0.004 -4"><span class='ocrx_word' id='word_1_847' title='bbox 901 1981 1090 2009; x_wconf 82' lang='lat' dir='ltr'><strong>remissionem</strong></span> <span class='ocrx_word' id='word_1_848' title='bbox 1109 1978 1319 2013; x_wconf 67' lang='lat' dir='ltr'><strong>praecedentium</strong></span> <span class='ocrx_word' id='word_1_849' title='bbox 1334 1978 1509 2012; x_wconf 84' lang='lat' dir='ltr'><strong>delictorum,</strong></span> <span class='ocrx_word' id='word_1_850' title='bbox 1526 1979 1683 2013; x_wconf 87' lang='lat' dir='ltr'><strong>propitiatio</strong></span> 
     </span>
    </p>
   </div>
   <div class='ocr_carea' id='block_1_104' title="bbox 900 2024 1683 2061">
    <p class='ocr_par' dir='ltr' id='par_1_104' title="bbox 900 2024 1683 2061">
     <span class='ocr_line' id='line_1_106' title="bbox 900 2024 1683 2061; baseline -0.003 -7"><span class='ocrx_word' id='word_1_851' title='bbox 900 2035 952 2054; x_wconf 90' lang='lat' dir='ltr'><strong>non</strong></span> <span class='ocrx_word' id='word_1_852' title='bbox 971 2026 1132 2061; x_wconf 86' lang='lat' dir='ltr'><strong>probaretur</strong></span> <span class='ocrx_word' id='word_1_853' title='bbox 1151 2025 1256 2051; x_wconf 70' lang='lat' dir='ltr'><strong>etteeta.</strong></span> <span class='ocrx_word' id='word_1_854' title='bbox 1270 2024 1337 2052; x_wconf 88' lang='lat' dir='ltr'><strong>Cmn</strong></span> <span class='ocrx_word' id='word_1_855' title='bbox 1356 2031 1420 2051; x_wconf 90' lang='lat' dir='ltr'><strong>vero</strong></span> <span class='ocrx_word' id='word_1_856' title='bbox 1444 2029 1616 2059; x_wconf 86' lang='lat' dir='ltr'><strong>peccatorum</strong></span> <span class='ocrx_word' id='word_1_857' title='bbox 1640 2033 1683 2052; x_wconf 87' lang='lat' dir='ltr'><strong>re-</strong></span> 
     </span>
    </p>
   </div>
   <div class='ocr_carea' id='block_1_105' title="bbox 900 2069 1684 2105">
    <p class='ocr_par' dir='ltr' id='par_1_105' title="bbox 900 2069 1684 2105">
     <span class='ocr_line' id='line_1_107' title="bbox 900 2069 1684 2105; baseline -0.004 -5"><span class='ocrx_word' id='word_1_858' title='bbox 900 2073 992 2100; x_wconf 89' lang='lat' dir='ltr'><strong>tnissio</strong></span> <span class='ocrx_word' id='word_1_859' title='bbox 1008 2072 1161 2104; x_wconf 87' lang='lat' dir='ltr'><strong>tribuatur,</strong></span> <span class='ocrx_word' id='word_1_860' title='bbox 1180 2075 1283 2097; x_wconf 86' lang='lat' dir='ltr'><strong>certum</strong></span> <span class='ocrx_word' id='word_1_861' title='bbox 1311 2075 1352 2098; x_wconf 88' lang='lat' dir='ltr'><strong>est</strong></span> <span class='ocrx_word' id='word_1_862' title='bbox 1369 2071 1589 2105; x_wconf 90' lang='lat' dir='ltr'><strong>propitiationem</strong></span> <span class='ocrx_word' id='word_1_863' title='bbox 1616 2069 1684 2098; x_wconf 77' lang='lat' dir='ltr'><strong>eﬂ‘u-</strong></span> 
     </span>
    </p>
   </div>
   <div class='ocr_carea' id='block_1_106' title="bbox 898 2117 1684 2153">
    <p class='ocr_par' dir='ltr' id='par_1_106' title="bbox 898 2117 1684 2153">
     <span class='ocr_line' id='line_1_108' title="bbox 898 2117 1684 2153; baseline -0.004 -7"><span class='ocrx_word' id='word_1_864' title='bbox 898 2120 975 2146; x_wconf 86' lang='lat' dir='ltr'><strong>sione</strong></span> <span class='ocrx_word' id='word_1_865' title='bbox 989 2118 1059 2145; x_wconf 80' lang='lat' dir='ltr'><strong>sacri</strong></span> <span class='ocrx_word' id='word_1_866' title='bbox 1072 2117 1212 2153; x_wconf 80' lang='lat' dir='ltr'><strong>sanguinis</strong></span> <span class='ocrx_word' id='word_1_867' title='bbox 1227 2117 1398 2152; x_wconf 89' lang='lat' dir='ltr'><strong>adimpletam</strong></span> <span class='ocrx_word' id='word_1_868' title='bbox 1414 2117 1435 2133; x_wconf 78' lang='grc'><strong>⁸¹</strong></span> <span class='ocrx_word' id='word_1_869' title='bbox 1454 2125 1460 2142; x_wconf 94' lang='lat'><strong>:</strong></span> <span class='ocrx_word' id='word_1_870' title='bbox 1479 2126 1489 2142; x_wconf 76' lang='grc' dir='ltr'><strong>ι</strong></span> <span class='ocrx_word' id='word_1_871' title='bbox 1502 2117 1610 2151; x_wconf 81' lang='lat' dir='ltr'><strong>Absque</strong></span> <span class='ocrx_word' id='word_1_872' title='bbox 1621 2124 1684 2144; x_wconf 86' lang='lat' dir='ltr'><strong>san-</strong></span> 
     </span>
    </p>
   </div>
   <div class='ocr_carea' id='block_1_107' title="bbox 900 2161 1683 2199">
    <p class='ocr_par' dir='ltr' id='par_1_107' title="bbox 900 2161 1683 2199">
     <span class='ocr_line' id='line_1_109' title="bbox 900 2161 1683 2199; baseline -0.001 -10"><span class='ocrx_word' id='word_1_873' title='bbox 900 2163 988 2199; x_wconf 74' lang='lat' dir='ltr'><strong>guinis</strong></span> <span class='ocrx_word' id='word_1_874' title='bbox 1004 2172 1014 2189; x_wconf 77' lang='grc'><strong>)</strong></span> <span class='ocrx_word' id='word_1_875' title='bbox 1030 2163 1101 2190; x_wconf 91' lang='lat' dir='ltr'><strong>enim</strong></span> <span class='ocrx_word' id='word_1_876' title='bbox 1119 2172 1128 2187; x_wconf 74' lang='grc' dir='ltr'><strong>ε</strong></span> <span class='ocrx_word' id='word_1_877' title='bbox 1144 2161 1293 2194; x_wconf 72' lang='lat' dir='ltr'><strong>eﬂusione,</strong></span> <span class='ocrx_word' id='word_1_878' title='bbox 1324 2172 1335 2188; x_wconf 75' lang='grc' dir='ltr'><strong>ι</strong></span> <span class='ocrx_word' id='word_1_879' title='bbox 1351 2162 1421 2190; x_wconf 89' lang='lat' dir='ltr'><strong>sicut</strong></span> <span class='ocrx_word' id='word_1_880' title='bbox 1442 2161 1586 2197; x_wconf 88' lang='lat' dir='ltr'><strong>Apostolus</strong></span> <span class='ocrx_word' id='word_1_881' title='bbox 1606 2162 1683 2194; x_wconf 88' lang='lat' dir='ltr'><strong>dicit,</strong></span> 
     </span>
    </p>
   </div>
   <div class='ocr_carea' id='block_1_108' title="bbox 901 2207 1681 2242">
    <p class='ocr_par' dir='ltr' id='par_1_108' title="bbox 901 2207 1681 2242">
     <span class='ocr_line' id='line_1_110' title="bbox 901 2207 1681 2242; baseline -0.003 -6"><span class='ocrx_word' id='word_1_882' title='bbox 901 2219 910 2236; x_wconf 76' lang='grc' dir='ltr'><strong>ι</strong></span> <span class='ocrx_word' id='word_1_883' title='bbox 932 2217 983 2237; x_wconf 88' lang='grc' dir='ltr'><strong>ιιοιι</strong></span> <span class='ocrx_word' id='word_1_884' title='bbox 997 2209 1026 2236; x_wconf 88' lang='lat' dir='ltr'><strong>ﬁt</strong></span> <span class='ocrx_word' id='word_1_885' title='bbox 1045 2209 1168 2236; x_wconf 88' lang='lat' dir='ltr'><strong>remissio</strong></span> <span class='ocrx_word' id='word_1_886' title='bbox 1185 2217 1195 2234; x_wconf 85' lang='grc'><strong>›</strong></span> <span class='ocrx_word' id='word_1_887' title='bbox 1215 2213 1400 2242; x_wconf 86' lang='lat' dir='ltr'><strong>peccatorum.</strong></span> <span class='ocrx_word' id='word_1_888' title='bbox 1416 2207 1515 2235; x_wconf 84' lang='lat' dir='ltr'><strong>Verum</strong></span> <span class='ocrx_word' id='word_1_889' title='bbox 1533 2215 1566 2235; x_wconf 90' lang='lat' dir='ltr'><strong>ne</strong></span> <span class='ocrx_word' id='word_1_890' title='bbox 1579 2207 1681 2235; x_wconf 87' lang='lat' dir='ltr'><strong>Paulus</strong></span> 
     </span>
    </p>
   </div>
   <div class='ocr_carea' id='block_1_109' title="bbox 899 2254 1682 2290">
    <p class='ocr_par' dir='ltr' id='par_1_109' title="bbox 899 2254 1682 2290">
     <span class='ocr_line' id='line_1_111' title="bbox 899 2254 1682 2290; baseline -0.003 -8"><span class='ocrx_word' id='word_1_891' title='bbox 899 2256 946 2282; x_wconf 88' lang='lat' dir='ltr'><strong>tibi</strong></span> <span class='ocrx_word' id='word_1_892' title='bbox 962 2257 1035 2283; x_wconf 82' lang='lat' dir='ltr'><strong>solus</strong></span> <span class='ocrx_word' id='word_1_893' title='bbox 1061 2255 1267 2289; x_wconf 59' lang='lat' dir='ltr'><strong>praesumpsisse</strong></span> <span class='ocrx_word' id='word_1_894' title='bbox 1292 2254 1348 2290; x_wconf 89' lang='lat'><strong>(87)</strong></span> <span class='ocrx_word' id='word_1_895' title='bbox 1374 2254 1455 2289; x_wconf 76' lang='lat'><strong>516</strong></span> <span class='ocrx_word' id='word_1_896' title='bbox 1481 2254 1682 2289; x_wconf 85' lang='lat' dir='ltr'><strong>propitiationis</strong></span> 
     </span>
    </p>
   </div>
   <div class='ocr_carea' id='block_1_110' title="bbox 900 2299 1682 2335">
    <p class='ocr_par' dir='ltr' id='par_1_110' title="bbox 900 2299 1682 2335">
     <span class='ocr_line' id='line_1_112' title="bbox 900 2299 1682 2335; baseline -0.003 -7"><span class='ocrx_word' id='word_1_897' title='bbox 900 2310 996 2329; x_wconf 85' lang='lat' dir='ltr'><strong>nomen</strong></span> <span class='ocrx_word' id='word_1_898' title='bbox 1015 2302 1139 2328; x_wconf 74' lang='lat' dir='ltr'><strong>videatur</strong></span> <span class='ocrx_word' id='word_1_899' title='bbox 1156 2301 1181 2328; x_wconf 93' lang='lat' dir='ltr'><strong>in</strong></span> <span class='ocrx_word' id='word_1_900' title='bbox 1194 2300 1314 2334; x_wconf 85' lang='lat' dir='ltr'><strong>Christo,</strong></span> <span class='ocrx_word' id='word_1_901' title='bbox 1328 2301 1391 2328; x_wconf 88' lang='lat' dir='ltr'><strong>andi</strong></span> <span class='ocrx_word' id='word_1_902' title='bbox 1404 2301 1540 2335; x_wconf 91' lang='lat' dir='ltr'><strong>quomodo</strong></span> <span class='ocrx_word' id='word_1_903' title='bbox 1559 2305 1586 2328; x_wconf 91' lang='lat' dir='ltr'><strong>et</strong></span> <span class='ocrx_word' id='word_1_904' title='bbox 1600 2299 1682 2328; x_wconf 83' lang='lat' dir='ltr'><strong>Joan-</strong></span> 
     </span>
    </p>
   </div>
   <div class='ocr_carea' id='block_1_111' title="bbox 899 2346 1682 2382">
    <p class='ocr_par' dir='ltr' id='par_1_111' title="bbox 899 2346 1682 2382">
     <span class='ocr_line' id='line_1_113' title="bbox 899 2346 1682 2382; baseline -0.003 -8"><span class='ocrx_word' id='word_1_905' title='bbox 899 2354 947 2375; x_wconf 87' lang='lat' dir='ltr'><strong>nes</strong></span> <span class='ocrx_word' id='word_1_906' title='bbox 959 2355 1076 2374; x_wconf 84' lang='lat' dir='ltr'><strong>consone</strong></span> <span class='ocrx_word' id='word_1_907' title='bbox 1091 2346 1147 2382; x_wconf 89' lang='lat'><strong>(88)</strong></span> <span class='ocrx_word' id='word_1_908' title='bbox 1164 2347 1196 2373; x_wconf 89' lang='lat' dir='ltr'><strong>de</strong></span> <span class='ocrx_word' id='word_1_909' title='bbox 1212 2347 1262 2373; x_wconf 88' lang='lat' dir='ltr'><strong>hoc</strong></span> <span class='ocrx_word' id='word_1_910' title='bbox 1277 2353 1357 2374; x_wconf 85' lang='lat' dir='ltr'><strong>sensu</strong></span> <span class='ocrx_word' id='word_1_911' title='bbox 1378 2346 1505 2381; x_wconf 87' lang='lat' dir='ltr'><strong>loquatur</strong></span> <span class='ocrx_word' id='word_1_912' title='bbox 1521 2353 1582 2373; x_wconf 90' lang='lat' dir='ltr'><strong>cum</strong></span> <span class='ocrx_word' id='word_1_913' title='bbox 1600 2347 1682 2373; x_wconf 87' lang='lat' dir='ltr'><strong>dicit:</strong></span> 
     </span>
    </p>
   </div>
   <div class='ocr_carea' id='block_1_112' title="bbox 902 2393 1682 2428">
    <p class='ocr_par' dir='ltr' id='par_1_112' title="bbox 902 2393 1682 2428">
     <span class='ocr_line' id='line_1_114' title="bbox 902 2393 1682 2428; baseline -0.001 -8"><span class='ocrx_word' id='word_1_914' title='bbox 902 2403 910 2420; x_wconf 77' lang='grc' dir='ltr'><strong>ι</strong></span> <span class='ocrx_word' id='word_1_915' title='bbox 933 2393 1020 2421; x_wconf 84' lang='lat' dir='ltr'><strong>Filioli</strong></span> <span class='ocrx_word' id='word_1_916' title='bbox 1039 2394 1090 2420; x_wconf 85' lang='lat' dir='ltr'><strong>mei</strong></span> <span class='ocrx_word' id='word_1_917' title='bbox 1103 2413 1110 2426; x_wconf 94' lang='lat'><strong>,</strong></span> <span class='ocrx_word' id='word_1_918' title='bbox 1136 2393 1190 2420; x_wconf 65' lang='lat' dir='ltr'><strong>hate</strong></span> <span class='ocrx_word' id='word_1_919' title='bbox 1206 2393 1296 2420; x_wconf 86' lang='lat' dir='ltr'><strong>scribo</strong></span> <span class='ocrx_word' id='word_1_920' title='bbox 1309 2393 1401 2427; x_wconf 75' lang='lat' dir='ltr'><strong>vobis,</strong></span> <span class='ocrx_word' id='word_1_921' title='bbox 1421 2397 1449 2420; x_wconf 83' lang='grc' dir='ltr'><strong>ιιι</strong></span> <span class='ocrx_word' id='word_1_922' title='bbox 1474 2400 1525 2419; x_wconf 86' lang='grc' dir='ltr'><strong>ιιοη</strong></span> <span class='ocrx_word' id='word_1_923' title='bbox 1553 2393 1682 2428; x_wconf 69' lang='lat' dir='ltr'><strong>pecu-tis.</strong></span> 
     </span>
    </p>
   </div>
   <div class='ocr_carea' id='block_1_113' title="bbox 995 2457 1683 2498">
    <p class='ocr_par' dir='ltr' id='par_1_113' title="bbox 995 2457 1683 2498">
     <span class='ocr_line' id='line_1_115' title="bbox 995 2457 1683 2498; baseline 0 0"><span class='ocrx_word' id='word_1_924' title='bbox 995 2459 1017 2474; x_wconf 83' lang='lat'><strong>’°</strong></span> <span class='ocrx_word' id='word_1_925' title='bbox 1034 2458 1100 2498; x_wconf 63' lang='lat' dir='ltr'><strong>ibir-</strong></span> <span class='ocrx_word' id='word_1_926' title='bbox 1121 2459 1167 2498; x_wconf 67' lang='lat'><strong>2‘2-</strong></span> <span class='ocrx_word' id='word_1_927' title='bbox 1205 2457 1348 2498; x_wconf 57' lang='lat' dir='ltr'><strong>“.tialzas-</strong></span> <span class='ocrx_word' id='word_1_928' title='bbox 1365 2466 1405 2498; x_wconf 86' lang='grc' dir='ltr'><strong>ιιι-</strong></span> <span class='ocrx_word' id='word_1_929' title='bbox 1422 2457 1455 2498; x_wconf 52' lang='lat' dir='ltr'><strong>in</strong></span> <span class='ocrx_word' id='word_1_930' title='bbox 1487 2458 1509 2473; x_wconf 87' lang='grc'><strong>⁷²</strong></span> <span class='ocrx_word' id='word_1_931' title='bbox 1528 2457 1623 2498; x_wconf 55' lang='lat' dir='ltr'><strong>Matth.</strong></span> <span class='ocrx_word' id='word_1_932' title='bbox 1645 2465 1683 2486; x_wconf 67' lang='lat'><strong>“-</strong></span> 
     </span>
    </p>
   </div>
   <div class='ocr_carea' id='block_1_114' title="bbox 1034 2488 1682 2526">
    <p class='ocr_par' dir='ltr' id='par_1_114' title="bbox 1034 2488 1682 2526">
     <span class='ocr_line' id='line_1_116' title="bbox 1034 2488 1682 2526; baseline -0.003 -7"><span class='ocrx_word' id='word_1_933' title='bbox 1034 2494 1058 2508; x_wconf 61' lang='grc' dir='ltr'><strong>’θ</strong></span> <span class='ocrx_word' id='word_1_934' title='bbox 1074 2488 1158 2520; x_wconf 85' lang='lat' dir='ltr'><strong>Levit.</strong></span> <span class='ocrx_word' id='word_1_935' title='bbox 1178 2500 1215 2524; x_wconf 84' lang='lat' dir='ltr'><strong>tv,</strong></span> <span class='ocrx_word' id='word_1_936' title='bbox 1231 2493 1275 2524; x_wconf 74' lang='lat'><strong>15,</strong></span> <span class='ocrx_word' id='word_1_937' title='bbox 1297 2493 1342 2523; x_wconf 70' lang='lat'><strong>14.</strong></span> <span class='ocrx_word' id='word_1_938' title='bbox 1364 2494 1406 2526; x_wconf 76' lang='lat'><strong>16,</strong></span> <span class='ocrx_word' id='word_1_939' title='bbox 1421 2493 1467 2520; x_wconf 76' lang='lat'><strong>20.</strong></span> <span class='ocrx_word' id='word_1_940' title='bbox 1541 2492 1562 2508; x_wconf 92' lang='grc'><strong>⁷⁷</strong></span> <span class='ocrx_word' id='word_1_941' title='bbox 1578 2492 1682 2519; x_wconf 74' lang='lat' dir='ltr'><strong>Coloss.</strong></span> 
     </span>
    </p>
   </div>
   <div class='ocr_carea' id='block_1_115' title="bbox 905 2587 1013 2615">
    <p class='ocr_par' dir='ltr' id='par_1_115' title="bbox 905 2587 1013 2615">
     <span class='ocr_line' id='line_1_117' title="bbox 905 2587 1013 2615; baseline -0.009 -1"><span class='ocrx_word' id='word_1_942' title='bbox 905 2587 978 2615; x_wconf 88' lang='lat' dir='ltr'><strong>tatis.</strong></span> <span class='ocrx_word' id='word_1_943' title='bbox 1004 2597 1013 2613; x_wconf 75' lang='grc' dir='ltr'><strong>ι</strong></span> 
     </span>
    </p>
   </div>
   <div class='ocr_carea' id='block_1_116' title="bbox 936 2621 1322 2659">
    <p class='ocr_par' dir='ltr' id='par_1_116' title="bbox 936 2621 1322 2659">
     <span class='ocr_line' id='line_1_118' title="bbox 936 2621 1322 2659; baseline -0.005 -10"><span class='ocrx_word' id='word_1_944' title='bbox 936 2623 993 2659; x_wconf 76' lang='grc' dir='ltr'><strong>(ει)</strong></span> <span class='ocrx_word' id='word_1_945' title='bbox 1010 2622 1096 2659; x_wconf 74' lang='lat' dir='ltr'><strong>Alias,</strong></span> <span class='ocrx_word' id='word_1_946' title='bbox 1120 2631 1129 2646; x_wconf 74' lang='grc' dir='ltr'>ί</span> <span class='ocrx_word' id='word_1_947' title='bbox 1147 2621 1288 2659; x_wconf 74' lang='lat' dir='ltr'><strong>sentietnr.</strong></span> <span class='ocrx_word' id='word_1_948' title='bbox 1313 2630 1322 2646; x_wconf 71' lang='grc' dir='ltr'><strong>ι</strong></span> 
     </span>
    </p>
   </div>
   <div class='ocr_carea' id='block_1_117' title="bbox 936 2656 1387 2693">
    <p class='ocr_par' dir='ltr' id='par_1_117' title="bbox 936 2656 1387 2693">
     <span class='ocr_line' id='line_1_119' title="bbox 936 2656 1387 2693; baseline -0.004 -8"><span class='ocrx_word' id='word_1_949' title='bbox 936 2656 991 2693; x_wconf 83' lang='lat'><strong>(85)</strong></span> <span class='ocrx_word' id='word_1_950' title='bbox 1010 2657 1127 2693; x_wconf 38' lang='grc' dir='ltr'><strong>ῥιίυδης</strong></span> <span class='ocrx_word' id='word_1_951' title='bbox 1144 2656 1263 2693; x_wconf 82' lang='lat' dir='ltr'><strong>duobus,</strong></span> <span class='ocrx_word' id='word_1_952' title='bbox 1281 2665 1290 2682; x_wconf 74' lang='grc' dir='ltr'><strong>ι</strong></span> <span class='ocrx_word' id='word_1_953' title='bbox 1310 2656 1387 2683; x_wconf 86' lang='lat' dir='ltr'><strong>male.</strong></span> 
     </span>
    </p>
   </div>
   <div class='ocr_carea' id='block_1_118' title="bbox 934 2691 1337 2727">
    <p class='ocr_par' dir='ltr' id='par_1_118' title="bbox 934 2691 1337 2727">
     <span class='ocr_line' id='line_1_120' title="bbox 934 2691 1337 2727; baseline -0.007 -8"><span class='ocrx_word' id='word_1_954' title='bbox 934 2691 989 2727; x_wconf 79' lang='lat' dir='ltr'><strong>(Sb)</strong></span> <span class='ocrx_word' id='word_1_955' title='bbox 1010 2691 1090 2726; x_wconf 81' lang='lat' dir='ltr'><strong>Ergo.</strong></span> <span class='ocrx_word' id='word_1_956' title='bbox 1108 2691 1187 2721; x_wconf 78' lang='lat' dir='ltr'><strong>Etliti.</strong></span> <span class='ocrx_word' id='word_1_957' title='bbox 1206 2700 1215 2715; x_wconf 78' lang='grc' dir='ltr'><strong>ι</strong></span> <span class='ocrx_word' id='word_1_958' title='bbox 1238 2698 1310 2718; x_wconf 86' lang='lat' dir='ltr'><strong>vero.</strong></span> <span class='ocrx_word' id='word_1_959' title='bbox 1328 2701 1337 2716; x_wconf 87' lang='grc'><em>›</em></span> 
     </span>
    </p>
   </div>
   <div class='ocr_carea' id='block_1_119' title="bbox 934 2727 1362 2762">
    <p class='ocr_par' dir='ltr' id='par_1_119' title="bbox 934 2727 1362 2762">
     <span class='ocr_line' id='line_1_121' title="bbox 934 2727 1362 2762; baseline -0.007 -7"><span class='ocrx_word' id='word_1_960' title='bbox 934 2729 990 2762; x_wconf 81' lang='lat'><strong>(87)</strong></span> <span class='ocrx_word' id='word_1_961' title='bbox 1009 2728 1094 2758; x_wconf 78' lang='lat' dir='ltr'><strong>Alias.</strong></span> <span class='ocrx_word' id='word_1_962' title='bbox 1115 2735 1125 2752; x_wconf 84' lang='grc'><strong><em>‹</em></strong></span> <span class='ocrx_word' id='word_1_963' title='bbox 1148 2727 1362 2762; x_wconf 56' lang='lat' dir='ltr'><strong>proposuisse.)</strong></span> 
     </span>
    </p>
   </div>
   <div class='ocr_carea' id='block_1_120' title="bbox 933 2760 1580 2798">
    <p class='ocr_par' dir='ltr' id='par_1_120' title="bbox 933 2760 1580 2798">
     <span class='ocr_line' id='line_1_122' title="bbox 933 2760 1580 2798; baseline -0.009 -8"><span class='ocrx_word' id='word_1_964' title='bbox 933 2760 988 2798; x_wconf 86' lang='lat'><strong>(88)</strong></span> <span class='ocrx_word' id='word_1_965' title='bbox 1009 2763 1100 2795; x_wconf 81' lang='lat' dir='ltr'><strong>Alias,</strong></span> <span class='ocrx_word' id='word_1_966' title='bbox 1118 2771 1126 2787; x_wconf 81' lang='grc' dir='ltr'><strong>ι</strong></span> <span class='ocrx_word' id='word_1_967' title='bbox 1145 2769 1274 2794; x_wconf 85' lang='lat' dir='ltr'><strong>consona,</strong></span> <span class='ocrx_word' id='word_1_968' title='bbox 1294 2770 1304 2788; x_wconf 79' lang='grc' dir='ltr'><strong>ι</strong></span> <span class='ocrx_word' id='word_1_969' title='bbox 1323 2760 1370 2794; x_wconf 86' lang='lat' dir='ltr'><strong>al.,</strong></span> <span class='ocrx_word' id='word_1_970' title='bbox 1392 2770 1399 2786; x_wconf 84' lang='lat' dir='ltr'><strong>t</strong></span> <span class='ocrx_word' id='word_1_971' title='bbox 1416 2768 1544 2788; x_wconf 75' lang='lat' dir='ltr'><strong>consono.</strong></span> <span class='ocrx_word' id='word_1_972' title='bbox 1565 2768 1580 2784; x_wconf 67' lang='grc' dir='ltr'><strong>ι,</strong></span> 
     </span>
    </p>
   </div>
  </div>
