1833 3049
171 87 222 114 931

173 146 227 173 Sed
241 149 268 172 at
282 144 304 172 si
320 143 382 179 quis
399 143 562 178 peccaverit,
573 143 734 170 advocatum
748 143 878 171 habemus
889 145 960 179 apud
975 145 999 173 Δ
1010 144 1142 178 iudicium
1167 148 1318 176 statuerat,
1342 150 1462 178 presens
1485 143 1678 171 sustentationi
1697 148 1721 170 et
1739 152 1772 178 ps.

171 191 294 224 l‘.itrem,
307 189 398 217 desum
415 188 552 216 Christum
563 187 664 222 iustum
683 198 689 216 :
706 193 734 215 et
757 188 815 223 ipse
837 194 878 216 est
896 197 960 224 pro-

173 238 279 272 pitiatio
297 243 347 271 pro
362 235 482 271 peccatis
493 235 594 263 nostris
609 244 617 267 ς
638 243 690 262 non
707 234 793 262 solum
804 240 894 263 autent
911 243 960 271 pro

172 283 274 310 nostris
288 303 296 316 ,
314 282 361 309 sed
379 286 405 310 et
419 289 468 317 pro
488 282 606 309 universi
623 282 715 309 mundi
730 281 764 310 “.
781 291 791 309 ι
807 281 865 310 Uno
879 283 960 317 igitur

171 328 322 364 eodemque
331 335 413 356 sensu
423 327 535 363 apostoli
549 328 809 363 cpropitialoriunm
823 328 864 355 vel
875 337 885 354 α
898 336 960 363 pro-

170 375 352 409 pitiationem,
370 383 380 400 ι
397 374 452 406 vel,
465 378 495 402 ut
512 374 539 402 in
556 374 664 402 Latinis
679 374 819 402 codicibus
834 373 960 409 frequen-

170 420 225 447 tius
237 420 384 453 invenitur,
394 429 404 446 ι
415 418 626 455 Propitiatorem
639 430 648 447 ι
663 412 959 448 nomittantChristunt.

170 465 226 493 Sed
253 465 319 493 nihil
339 466 454 493 interest
467 465 525 493 sive
548 475 557 491 ι
575 466 753 501 propitiatur,
772 475 781 492 ι
799 466 856 494 sive
872 475 881 492 ι
897 473 960 500 pro~

170 511 349 545 pitiatorium,
365 521 375 538 ›
391 512 448 539 sive
463 521 473 538 ι
487 512 654 547 propitiatio,
674 521 682 538 t
707 512 766 540 sive
780 512 863 540 etiam
886 521 895 538 ι
916 520 960 539 ex-

170 558 258 585 oratio
271 567 280 584 »
299 559 430 593 scriptum
443 559 490 591 sit,
505 567 566 586 cum
582 559 652 593 apud
661 558 771 586 Graecos
788 566 840 586 uno
854 566 961 594 semper

170 604 319 639 eodemque
344 612 471 632 sermone
482 605 645 640 proferatur.
668 604 724 632 Nisi
742 605 812 633 forte
832 605 961 632 videatur

170 650 332 685 quibusdam
352 660 361 676 ι
378 650 534 685 propitiatio
555 659 564 676 ι
581 650 638 685 ipsa
657 650 715 685 eius
729 650 819 678 divina
835 649 960 678 substan-

170 696 229 730 tia;
257 704 267 721 ι
285 696 445 730 propitiator
464 705 473 721 ι
492 703 574 727 vero,
603 703 663 722 cum
689 695 906 730 dispensationes
932 695 958 722 in

169 741 326 769 hominibus
341 740 432 775 explet
447 740 512 776 (89),
528 740 652 776 intelligi.
673 741 728 769 Sed
741 746 769 769 et
790 741 862 776 quod
891 741 960 769 dixit

169 787 298 820 Joannes,
309 787 370 821 quia
387 796 396 813 ι
410 786 467 821 ipse
477 791 519 814 est
531 788 651 815 exoratio
663 787 732 822 (sive
747 797 756 814 ι
768 787 924 823 propitiatio
934 787 957 824 ι)

169 840 218 867 pro
233 832 351 868 peccatis
364 833 465 860 nostris
478 841 486 866 ;
500 840 551 860 non
571 834 658 861 solum
673 839 762 861 autem
775 842 824 869 pro
844 833 956 867 nostris,

167 879 216 906 sed
230 883 258 906 et
278 886 328 914 pro
340 879 458 907 universi
479 881 588 913 mttndi,
608 890 617 906 ι
641 881 764 915 quaedam
781 881 862 909 ttobis
884 881 958 908 intu-

169 925 233 952 lisse
254 925 362 952 videtur
378 930 521 960 augmenta
534 927 668 962 tnysterii,
682 932 712 953 ut
725 928 850 955 ostendat
864 927 957 955 Iesum

169 970 373 1005 propitiatorent
396 979 457 999 esse
475 980 527 1000 non
555 972 643 1000 solum
659 973 842 1005 credentium,
863 981 957 1000 verum

167 1020 196 1043 et
210 1017 293 1043 totius
312 1017 421 1051 mundi;
441 1026 493 1046 non
515 1024 605 1047 tamen
631 1020 708 1054 prius
723 1019 836 1052 mundi,
850 1024 878 1047 et
894 1024 958 1047 tunc

168 1067 290 1090 nostrum
305 1071 313 1096 ;
333 1063 380 1091 sed
407 1065 483 1098 prius
496 1070 631 1098 nostrum,
646 1070 674 1093 et
690 1066 725 1092 ita
740 1066 850 1093 demum
876 1066 958 1093 totius

166 1107 270 1135 mundi.
283 1107 412 1142 Quamvis
422 1110 494 1136 enitn
508 1110 634 1138 universa
643 1116 767 1139 creatura
779 1112 894 1146 gratiatn
904 1111 957 1139 lle-

167 1154 315 1189 demptnris
328 1160 479 1189 exspectet,
496 1157 684 1191 unusquisque
700 1162 790 1185 tamen
805 1158 831 1185 in
846 1166 895 1185 suo
911 1166 957 1185 or'

166 1200 229 1227 diue
244 1200 334 1227 veniet
353 1202 386 1227 ad
399 1201 524 1228 salutem.
541 1201 597 1229 lloc
613 1202 727 1230 iudicari
754 1203 874 1231 arbitror
885 1208 912 1231 et
928 1204 955 1230 in

166 1245 286 1273 Levitico
295 1247 329 1279 ",
341 1247 384 1274 ubi
396 1248 626 1282 repropitiationis
641 1249 734 1276 ilOSliiP
744 1250 954 1284 perpontiﬁccm

166 1291 330 1318 mandantur
343 1291 445 1319 offerri.
467 1292 521 1320 Nec
551 1298 640 1320 tatnen
654 1294 680 1321 in
697 1295 739 1322 his
755 1295 954 1323 sacriﬁciorum

165 1337 297 1365 confusus
313 1339 379 1365 ordo
399 1339 574 1374 proponitur;
592 1340 637 1367 sed
654 1341 742 1374 pritno
763 1341 874 1376 quidem
889 1341 956 1369 dicit

165 1390 226 1417 quae
240 1383 276 1411 sit
298 1385 471 1419 propitiatio,
493 1391 520 1412 et
541 1386 628 1420 qualis
647 1387 751 1419 hostia,
778 1388 800 1414 si
826 1386 955 1415 sacerdos

165 1428 336 1462 peccaverit.
352 1428 482 1456 oﬁ'eratur
504 1430 537 1456 “.
555 1430 696 1463 Secundo,
713 1431 736 1458 si
761 1432 850 1460 omnis
865 1431 953 1468 Syna-

913 83 1074 113 ORIGENIS

1785 60 1787 74 l

1733 85 1771 111 951
1782 102 1788 135 ἥ

1784 146 1791 237 l

1013 190 1116 218 tientia:
1130 189 1286 225 deputaret.
1307 189 1375 217 Nam
1392 190 1415 217 si
1433 189 1543 224 puniret
1567 190 1596 216 in
1612 190 1663 217 hoc
1675 195 1773 224 tempore

1011 241 1183 271 peccatoreru
1194 255 1202 268 ,
1211 235 1314 270 iustum
1337 243 1390 263 non
1416 236 1555 263 videretur
1572 235 1631 271 (92)
1647 236 1736 263 iterum
1750 238 1773 263 ad
1790 268 1791 271 η

1008 281 1140 316 judicium
1155 289 1235 316 quem
1254 282 1378 317 punierat
1389 289 1516 309 evocare.
1537 281 1566 309 Si
1582 289 1647 309 vero
1661 287 1774 309 sustentet

1009 308 1037 354 et
1053 308 1172 362 patiatur
1183 327 1209 355 in
1225 308 1350 362 praesenti
1369 327 1478 358 mulo,
1493 332 1569 355 recte
1583 327 1637 355 erit
1651 328 1730 362 iustus
1740 329 1774 363 ju-
1789 308 1794 383 1

1011 373 1063 400 de:
1082 373 1109 401 in
1125 373 1227 402 futuro.
1247 373 1382 402 Justiﬁcat
1397 381 1463 409 ergo
1477 381 1540 401 eum
1554 375 1602 410 qui
1627 382 1662 402 ex
1681 374 1727 402 ﬁde
1737 380 1775 406 est,

1011 420 1081 447 sicut
1103 420 1176 447 etde
1191 420 1328 447 Abraham
1346 420 1476 455 scriptum
1492 425 1552 453 est,
1573 421 1637 456 quia
1654 430 1664 446 ί
1685 422 1776 448 crediiﬁt
1792 420 1795 456 ᾗ

1011 465 1147 492 Abraham
1163 465 1227 497 Deo,
1243 470 1271 493 et
1282 439 1433 501 reputatulin
1445 470 1487 494 est
1500 467 1524 494 ei
1539 439 1716 501 adqjustitiam
1728 467 1754 493 ".
1768 476 1776 492 t
1792 439 1797 511 ε

1011 509 1088 544 Quod
1101 510 1123 537 si
1139 510 1277 538 Abraham
1302 510 1436 557 credidit,
1451 515 1478 538 et
1498 518 1533 538 ex
1559 511 1613 538 ﬁde
1636 510 1778 544 iustiﬁcam
1792 530 1798 557 ἀ

1011 561 1062 588 est.
1078 563 1248 591 consequens
1266 557 1326 584 sine
1341 556 1424 584 dubio
1438 557 1492 584 erit
1506 561 1537 584 ut
1551 561 1580 584 et
1594 565 1666 584 nunc
1677 558 1720 592 qui
1734 565 1779 585 ιη·
1794 572 1799 599 ί

1011 603 1122 639 dit‘(95)
1137 604 1200 635 Deo.
1219 611 1267 638 per
1278 604 1357 632 ﬁdem
1368 602 1432 632 Jesu
1444 604 1547 632 Christi
1556 603 1722 639 iustiﬁcetur
1733 612 1780 632 cum
1797 614 1800 647 ἀ

1011 651 1082 678 lideli
1102 651 1240 678 Abraham
1256 651 1290 678 ".
1798 659 1801 691 1

1044 697 1071 724 9.
1095 707 1104 723 ι
1124 696 1173 724 Ubi
1185 701 1227 724 est
1243 704 1308 732 ergo
1325 695 1450 732 gloriatio
1469 696 1533 723 tua?
1547 695 1666 723 Exclusa
1681 701 1729 723 est.
1744 695 1783 722 Per
1798 700 1802 737 λ

1009 750 1091 778 quam
1106 743 1192 777 legem
1203 742 1215 769 τ
1227 741 1348 776 Operam
1363 741 1375 767 ?
1391 741 1449 768 Non
1467 750 1474 768 :
1493 741 1542 768 sed
1559 749 1609 775 per
1623 741 1708 776 legem
1723 742 1783 769 ﬁdei.
1801 742 1803 783 l

1010 788 1186 816 Arbitramur
1211 789 1284 816 enim
1311 787 1456 822 iustiﬁcari
1483 787 1622 814 hominem
1651 794 1698 822 per
1719 784 1804 826 ﬁdem;

1010 835 1070 863 sine
1084 835 1213 870 operibus
1229 833 1297 869 legis
1307 833 1342 860 ".
1362 841 1371 859 t
1392 832 1492 860 Iterum
1512 840 1545 860 ac
1558 833 1662 867 saepius
1677 841 1784 860 eommo-

1009 888 1106 909 nemus
1129 888 1177 908 eos
1192 880 1238 915 qui
1261 879 1364 914 scripta
1381 877 1456 906 Pauli
1473 877 1634 914 diligentius
1661 880 1785 906 advertere
1805 878 1807 916 ξ

1008 927 1139 961 cupiunt,
1155 926 1358 953 distinctionem
1374 924 1459 957 illaut,
1472 932 1555 960 quam
1571 932 1657 959 supra
1670 924 1785 956 diximus,

1008 971 1158 999 observare
1171 971 1294 998 tenacius
1307 990 1315 1003 ,
1330 970 1467 1004 quomodo
1482 969 1539 1005 (9L)
1554 978 1628 997 nunc
1652 971 1786 998 circumci-

1008 1016 1094 1044 sionis
1108 1024 1218 1043 causam
1228 1036 1235 1048 ,
1252 1024 1324 1043 nunc
1339 1015 1474 1050 praeputii,
1493 1016 1518 1042 id
1534 1021 1576 1043 est
1591 1015 1744 1043 Judaorum
1755 1015 1786 1042 rel

1008 1063 1284 1098 gentiliunt,discrcto
1302 1070 1410 1096 semper
1428 1063 1537 1089 tramite
1558 1067 1750 1096 prosequatur.
1765 1062 1787 1088 Si

1006 1109 1079 1136 enim
1097 1107 1235 1143 paululum
1255 1108 1318 1143 qttid
1336 1108 1435 1144 fugerit
1449 1108 1596 1143 legentem,
1608 1109 1738 1135 continuo
1750 1116 1788 1133 an~

1007 1159 1084 1190 gusta
1101 1155 1159 1182 bzec
1174 1159 1201 1182 et
1224 1154 1302 1182 exilis
1328 1154 1513 1189 intelligentiae
1539 1154 1640 1181 semita
1665 1153 1722 1188 (95)
1739 1161 1789 1186 per-

1007 1200 1172 1228 tut‘babitur.
1193 1199 1276 1235 Igitur
1289 1208 1350 1227 eum
1366 1201 1493 1234 superius
1508 1200 1531 1216 ”
1545 1200 1716 1227 ostendisset
1727 1200 1789 1235 Apo-

1007 1246 1093 1274 stolus
1107 1246 1170 1281 quid
1192 1251 1265 1273 esset
1280 1245 1397 1280 amplius
1421 1244 1514 1273 Judaao
1525 1265 1533 1278 ,
1553 1250 1602 1272 aut
1621 1253 1684 1280 qua:
1700 1246 1790 1272 utilitas

1006 1292 1221 1320 circumcisionis
1237 1299 1244 1317 τ
1260 1296 1288 1319 et
1305 1291 1444 1319 docuisset
1461 1292 1524 1326 quia
1547 1291 1645 1326 primis
1670 1291 1723 1318 illis
1741 1299 1790 1318 cre-

1006 1338 1062 1366 dita
1078 1343 1143 1366 sunt
1156 1338 1263 1373 eloquia
1280 1338 1345 1369 Dei,
1361 1342 1388 1365 et
1408 1344 1457 1371 per
1474 1337 1530 1364 haec
1549 1336 1624 1363 visus
1645 1336 1743 1363 fuisset
1754 1343 1792 1362 ex-

1006 1385 1103 1413 tollere
1128 1392 1224 1413 eorum
1248 1383 1408 1419 iactantiam
1432 1391 1484 1418 qua
1509 1383 1659 1410 adversum
1686 1382 1792 1418 gentiles

1005 1431 1074 1467 erigi
1088 1431 1179 1458 solent
1192 1439 1199 1458 :
1213 1435 1240 1458 et
1252 1438 1358 1457 rursum
1369 1435 1467 1458 contra
1478 1430 1535 1456 lucc
1548 1429 1574 1456 in
1591 1429 1793 1463 sequentibus“

166 1481 235 1523 gqga
250 1473 394 1523 deliquerit
412 1483 461 1509 per
482 1475 680 1510 ignorantiam,
702 1477 852 1511 cuiusmodi
876 1478 956 1506 victi-
969 1492 992 1523 ρ
1007 1478 1153 1513 obiecisset
1163 1477 1297 1514 iustitiam
1312 1477 1359 1504 Dei
1375 1484 1424 1512 per
1441 1476 1520 1502 ﬁdem
1541 1475 1605 1503 Jesu
1623 1475 1728 1503 Christi
1741 1483 1794 1502 esse

167 1519 219 1547 mis
237 1519 361 1554 placetur
379 1520 449 1548 Deus
462 1521 495 1548 ".
517 1521 625 1554 Tertio,
643 1522 664 1549 si
683 1523 808 1557 princeps
825 1530 955 1557 peccave-

167 1567 214 1600 rit,
231 1574 285 1599 quo
300 1566 395 1594 ordine
409 1567 593 1601 puriﬁcantlus
605 1569 640 1595 sit
650 1569 781 1596 scribitur
790 1569 825 1596 “.
840 1569 954 1604 Quarto,

166 1612 189 1638 si
207 1612 297 1639 anitna
314 1620 367 1639 una
379 1613 551 1647 peccaverit,
566 1613 648 1641 etiam
664 1613 697 1641 de
713 1614 765 1642 hoc
779 1615 841 1650 quis
855 1615 891 1642 sit
905 1622 955 1643 ex-

167 1659 258 1694 piandi
273 1660 342 1687 ritus
354 1660 502 1694 exponitur
518 1660 550 1687 "'.
568 1660 633 1694 Qua:
655 1661 760 1696 singula
776 1661 892 1697 mystico
914 1662 956 1689 in-

166 1706 276 1735 tellectu
294 1706 413 1733 futuram
438 1706 540 1734 Christi
563 1707 621 1742 (90)
648 1708 868 1742 propitiationettt
899 1715 954 1736 non

165 1754 253 1781 solum
278 1761 327 1789 pro
351 1753 471 1788 peccatis
498 1753 614 1786 nostris,
641 1754 687 1781 sed
704 1758 733 1781 et
757 1762 807 1789 pro
825 1755 955 1782 universo

167 1801 268 1827 mundo
286 1799 369 1827 certis
385 1800 540 1834 quibusque
556 1800 697 1828 ordinibus
709 1820 716 1832 ,
736 1805 763 1829 et
789 1801 877 1829 ntodis
891 1809 955 1829 cau-

165 1847 257 1884 sisque
270 1846 413 1881 designattt
430 1854 438 1873 :
455 1846 477 1873 si
493 1847 555 1881 quis
572 1851 662 1874 tamen
678 1847 735 1875 haec
749 1848 899 1875 secundum
922 1848 954 1875 il-

166 1894 218 1920 laut
233 1892 423 1920 revelationetn
441 1900 500 1928 quae
518 1893 603 1928 Moysi
619 1894 644 1920 itt
661 1898 753 1921 ntonte
767 1894 953 1922 demonstrata

163 1945 225 1966 esse
250 1938 365 1970 dicitur,
388 1943 483 1966 sancto
508 1937 610 1973 Spiritu
634 1939 800 1967 illntninatus
826 1940 952 1975 aspiciat.

165 1983 208 2011 Fit
221 1990 286 2018 ergo
299 1989 348 2018 per
361 1984 609 2018 repropitialiouem
632 1985 774 2019 sanguinis
793 1984 895 2012 Christi
909 1992 952 2012 re-

165 2029 257 2057 missio
273 2038 282 2055 ι
299 2030 510 2064 ριωοθιιειιιίυιιι
525 2029 697 2062 delictorum,
715 2031 740 2058 in
754 2031 954 2058 sustentatioue

1007 1526 1034 1554 iu
1049 1533 1145 1553 omnes
1157 1525 1202 1561 qui
1227 1525 1354 1556 credunt,
1372 1530 1460 1557 neque
1483 1522 1584 1549 habere
1605 1522 1730 1556 aliquam
1745 1522 1793 1548 dis-

1008 1573 1164 1600 tiuctionem
1175 1591 1183 1603 ,
1195 1571 1242 1599 sed
1268 1577 1363 1598 omnes
1385 1568 1533 1602 deliquisse
1550 1567 1663 1594 Judtcos
1678 1573 1704 1593 et
1728 1566 1795 1594 Cir-

1006 1626 1070 1652 cos,
1086 1624 1114 1646 et
1133 1625 1212 1653 egere
1227 1617 1311 1652 gloria
1323 1616 1371 1643 Dei
1383 1635 1391 1648 ,
1408 1621 1435 1642 et
1446 1614 1592 1648 iustiﬁcari
1618 1622 1669 1648 per
1687 1613 1795 1648 gratiam

1006 1672 1038 1693 ac
1054 1665 1267 1699 redemptionem
1283 1670 1344 1698 quae.
1360 1667 1402 1689 est
1417 1662 1443 1688 itt
1459 1661 1570 1688 Christo
1590 1660 1656 1688 Jesu
1675 1670 1681 1687 :
1701 1661 1796 1694 ipsum-

1005 1719 1059 1746 que
1073 1719 1134 1738 csse
1151 1710 1370 1746 propitiatorium
1388 1717 1436 1745 per
1452 1708 1543 1740 ﬁdetn,
1562 1712 1588 1734 et
1600 1705 1752 1741 iustiﬁcari
1769 1706 1797 1732 ab

1005 1762 1039 1783 eo
1057 1763 1166 1782 omnent
1190 1754 1246 1790 (96)
1274 1755 1320 1789 qui
1339 1762 1371 1781 ex
1401 1754 1453 1781 lide
1476 1757 1517 1780 est
1532 1761 1539 1779 :
1557 1760 1630 1779 nunc
1649 1752 1708 1785 iant
1731 1751 1797 1778 velut

1005 1801 1208 1828 conclusionem
1226 1801 1406 1827 assertionum
1432 1807 1544 1826 suarum
1567 1806 1675 1833 ponens
1693 1799 1721 1825 in
1747 1798 1794 1824 hoc

1005 1847 1064 1875 loco
1078 1847 1143 1874 dicit
1162 1855 1168 1873 :
1187 1855 1195 1872 ι
1212 1846 1260 1874 Ubi
1278 1852 1320 1874 est
1335 1854 1400 1881 ergo
1421 1845 1548 1881 gloriatio
1563 1849 1608 1871 tua
1621 1844 1633 1870 ἳ
1645 1854 1655 1869 ι
1683 1843 1796 1871 Exclusa

1003 1898 1055 1922 est.
1076 1892 1128 1920 Per
1140 1900 1219 1927 quant
1233 1892 1337 1927 legem?
1354 1890 1490 1926 Operunt?
1513 1889 1571 1917 Non
1591 1898 1597 1916 :
1617 1890 1667 1918 sed
1690 1898 1741 1925 per
1765 1890 1797 1915 lc-

1005 1946 1065 1974 gent
1083 1938 1155 1965 Iidei.
1172 1937 1345 1965 Arbitramur
1358 1938 1429 1964 enim
1440 1936 1585 1972 iustiﬁcari
1599 1936 1743 1963 hominem
1756 1942 1798 1969 per

1006 1985 1085 2012 iidem
1099 1984 1157 2011 sine
1169 1983 1296 2022 operibus
1312 1983 1378 2018 legis
1392 1983 1414 2000 ’⁸
1428 1991 1436 2009 :
1450 1988 1477 2010 et
1491 1982 1557 2010 dicit
1569 1981 1703 2009 sufﬁcere
1717 1981 1798 2008 solius

1005 2030 1309 2064 ﬁdeiinstiﬁcationem,
1318 2030 1355 2057 ita
1367 2035 1396 2057 ut
1404 2030 1519 2058 credens
1529 2029 1591 2064 quis
1599 2027 1798 2056 tantummodo.

164 2076 211 2103 Dei
222 2096 229 2109 ,
246 2077 279 2103 ad
300 2077 485 2104 ostensionem
499 2075 612 2109 iustitiae
625 2084 682 2104 suae
694 2077 728 2104 ⁸⁸,
747 2086 756 2103 ι
781 2078 952 2104 Sustetttatio
1001 2076 1166 2112 iustiﬁcetur
1176 2096 1184 2108 ,
1197 2076 1306 2103 etiamsi
1329 2075 1396 2103 nihil
1415 2076 1449 2103 ab
1461 2082 1493 2102 eo
1504 2074 1597 2110 operis
1609 2073 1696 2101 fuerit
1711 2073 1798 2107 exple-

164 2123 211 2150 Dei
230 2128 283 2155 est,
301 2124 345 2151 ubi
361 2128 490 2157 peccator
505 2131 558 2151 non
574 2124 664 2151 statim
680 2123 792 2158 punitur
802 2127 832 2150 ut
846 2128 950 2158 peccat,

1006 2128 1073 2151 lunt.
1089 2122 1214 2150 lntminet
1230 2123 1312 2158 igitur
1332 2122 1411 2150 nobis
1432 2121 1479 2157 qui
1495 2122 1628 2155 integram
1644 2128 1707 2148 esse
1728 2120 1798 2146 Scri-

163 2168 211 2196 scd
230 2169 380 2196 secundum
394 2168 466 2204 quod
484 2169 582 2196 ibidem
595 2169 741 2204 Apostolus
758 2169 827 2197 dixit
845 2169 886 2202 ",
903 2177 952 2203 per
968 2178 990 2206 ι)
1006 2174 1112 2205 ptui-ant
1128 2169 1208 2204 517
1221 2168 1342 2204 Apostoli
1357 2175 1488 2196 conamur
1503 2175 1640 2200 asserere,
1659 2172 1688 2194 et
1702 2167 1798 2194 ordine

163 2215 321 2250 patientiam
348 2214 395 2242 Dei
414 2215 559 2242 adducitur
584 2215 617 2242 ad
637 2216 824 2250 ptenitentiam
849 2225 856 2243 :
879 2220 905 2242 et
924 2216 950 2242 in

163 2259 216 2286 hoc
241 2260 386 2287 Ostendere
407 2259 508 2286 dicitur
526 2259 662 2293 justitiam
686 2268 761 2288 suam
781 2260 861 2288 Deus.
879 2260 952 2287 Bene

162 2309 252 2333 autent
267 2305 382 2337 addidit.
400 2315 410 2332 ι
425 2306 452 2333 itt
467 2305 519 2333 hoc
535 2310 677 2342 tempore;
696 2315 705 2332 t
720 2306 863 2341 prasentis
878 2306 950 2333 enint

163 2352 255 2379 szecnli
273 2358 394 2388 tempore
419 2354 446 2381 in
478 2354 677 2382 sustentatione
697 2359 740 2381 est
759 2354 863 2388 iustitia
881 2353 926 2380 Dei
942 2362 949 2386 ;

163 2398 245 2425 iuturi
271 2406 334 2426 vero
360 2399 386 2426 in
417 2400 595 2428 retributione
611 2399 677 2435 (91).
708 2399 815 2427 Jusmtn
833 2406 952 2433 namque

163 2444 234 2477 apud
247 2444 329 2472 Deum
344 2445 430 2473 visum
443 2451 495 2479 est,
512 2450 541 2474 ut
551 2446 613 2482 quia
634 2446 754 2474 futurum
769 2445 897 2474 saeculum
915 2444 950 2472 ad

198 2515 221 2530 "
237 2513 337 2541 lJoan.
353 2522 384 2547 ιι,
402 2515 427 2546 1,
443 2516 471 2542 2.
527 2516 550 2533 ⁸³
564 2516 650 2543 Levit.
668 2524 705 2548 tv,
719 2516 765 2543 20.

163 2557 221 2581 seq.
260 2549 284 2565 ⁸⁸
299 2549 377 2576 Rom.
395 2557 436 2581 Ill,
449 2551 496 2582 25,
509 2551 555 2578 26.
593 2553 616 2568 ⁸⁹
631 2551 710 2578 Rom.
731 2559 760 2583 tt,
775 2551 802 2578 4.

165 2585 188 2612 1.
209 2584 227 2611 2
274 2584 298 2599 ”
310 2584 374 2612 ibid.
393 2584 487 2614 22—26.
524 2587 547 2603 "
558 2587 622 2614 ibid.
635 2587 681 2620 27,
701 2587 747 2614 28.

201 2629 493 2668 (liﬁ)_Ditpensatip_nu
510 2651 518 2659 .
537 2651 544 2658 .
560 2652 567 2659 .
583 2633 678 2668 explet.
699 2633 746 2660 Sic
766 2640 861 2661 omnes
884 2633 949 2660 editi

165 2670 191 2690 et
207 2665 328 2699 plerique
348 2673 413 2693 mss.
427 2666 477 2694 Ms.
501 2673 590 2695 tamen
607 2665 676 2696 unus
687 2669 780 2700 habet,
796 2677 805 2694 ι
818 2675 879 2695 cum
894 2668 951 2695 dis-

166 2700 351 2738 pensationem
376 2701 554 2738 humanitatis
584 2711 609 2729 ttt
632 2704 787 2731 hominibus
814 2703 920 2738 explet;
936 2713 945 2729 ι

166 2741 226 2768 qua:
241 2734 320 2761 lectio
336 2737 436 2762 rectior
450 2737 566 2766 videtur.

279 2769 365 2809 Editi.
385 2780 394 2797 ι
411 2780 463 2809 per
480 2773 593 2809 ﬁguram
608 2772 720 2800 Christi.
739 2782 748 2800 ι

215 2804 259 2837 9i)
279 2805 365 2838 Alius,
385 2816 393 2832 t
411 2804 436 2834 in
450 2808 667 2835 retributionem.
688 2817 697 2834 ι

808 2515 832 2532 ⁸⁸
846 2515 914 2552 ibid1
925 2516 942 2543 5
955 2524 1013 2552 seq.

853 2551 876 2567 ’°
896 2550 985 2579 Calat.
995 2550 1041 2581 ιιι.
1055 2550 1083 2576 6-

1006 2223 1056 2243 suo
1071 2221 1169 2242 cuncta
1189 2219 1325 2247 constare,
1344 2218 1374 2241 ut
1389 2214 1562 2249 requiramus
1576 2214 1639 2248 quis
1661 2213 1725 2240 sine
1739 2218 1800 2245 (ψε-

1007 2262 1083 2289 ribus
1097 2260 1153 2288 sola
1178 2261 1230 2288 ﬁde
1250 2260 1416 2296 iustiﬁcatus
1434 2259 1481 2286 sit.
1508 2259 1649 2293 Quantum
1666 2259 1753 2294 igitur
1768 2258 1798 2283 ad

1005 2306 1158 2341 exemplum
1171 2307 1297 2341 pertinet,
1309 2306 1432 2333 suﬁicere
1443 2305 1564 2333 arbitror
1575 2305 1652 2332 illum
1665 2305 1798 2332 latronem

1005 2354 1051 2388 qui
1067 2361 1129 2380 cnttt
1154 2352 1263 2380 Christo
1280 2353 1427 2380 cruciﬁxus
1451 2352 1580 2380 clamavit
1597 2352 1621 2378 ei
1638 2352 1674 2379 dc
1690 2358 1775 2378 cruce
1791 2358 1797 2375 :

1007 2409 1017 2425 ι
1042 2399 1155 2427 Domine
1171 2399 1246 2432 Jesu,
1269 2405 1405 2427 memento
1424 2400 1476 2427 mei
1502 2407 1564 2427 ctttn
1584 2399 1697 2426 veneris
1713 2399 1741 2424 in
1757 2404 1799 2423 re-

1004 2453 1087 2480 gnum
1107 2451 1181 2473 tuutn
1195 2446 1227 2472 ".
1246 2455 1256 2472 ι
1276 2445 1331 2474 Nec
1356 2446 1429 2473 aliud
1451 2446 1602 2480 quidquam
1630 2444 1799 2475 describitur

1065 2513 1089 2551 ξι
1103 2513 1222 2551 ibid._l5
1238 2521 1297 2551 seq.
1328 2513 1358 2551 ff
1370 2513 1438 2551 i_bid.
1454 2512 1500 2544 22.
1519 2520 1577 2551 seq.
1591 2513 1647 2551 μιν
1664 2513 1799 2551 inter;

1138 2549 1160 2565 “
1176 2549 1242 2577 ibid.
1262 2547 1288 2577 9.
1326 2549 1349 2565 "
1368 2548 1447 2576 Rom.
1464 2556 1505 2580 ιιι,
1521 2547 1568 2580 27,
1589 2548 1636 2576 28.
1689 2548 1713 2565 ⁸⁸
1733 2549 1795 2575 ibid.

800 2586 824 2602 "
837 2585 903 2613 Luc.
922 2595 1001 2620 χχιιι,
1020 2585 1067 2616 42,
1085 2585 1129 2611 43.

1038 2633 1094 2669 (92)
1115 2631 1201 2669 Alias,
1221 2640 1230 2657 ι
1246 2631 1369 2669 videtur,
1386 2639 1396 2657 ι
1414 2630 1494 2658 male.

1049 2666 1094 2702 93)
1112 2667 1204 2700 Alias,
1223 2675 1232 2692 ι
1249 2666 1374 2694 credidit.
1392 2676 1401 2692 t

1049 2703 1094 2737 9i)
1114 2703 1199 2733 Alias,
1218 2711 1228 2727 ι
1244 2709 1298 2737 qtto
1316 2708 1397 2737 nunc.
1415 2709 1425 2726 ι

1039 2735 1096 2772 (95)
1116 2737 1202 2770 Alias,
1221 2746 1230 2762 ι
1247 2735 1297 2764 hac
1311 2735 1500 2772 intelligentiae
1513 2737 1626 2766 semita.
1643 2747 1655 2766 ι

1038 2771 1093 2810 (96)
1114 2771 1234 2801 Omnem.
1257 2773 1335 2799 Deest
1349 2771 1374 2798 in
1390 2771 1480 2799 editis.
