1833 3049
13 126 25 154 5

437 125 616 156 COMMENT.
635 127 668 155 IN
685 128 796 158 EPIST.
815 130 862 158 AD
877 131 959 160 R031.
981 131 1047 161 LIB.
1067 131 1111 160 Ill.

1539 138 1592 167 9M

13 179 132 233 ni'o'perls
143 180 201 216 ejus
211 181 243 233 Δἰιι
261 182 430 233 Evangeliis,
440 186 491 233 seti
502 193 553 221 pro
570 187 622 216 hac
634 188 690 216 sola
702 189 754 217 llde
767 192 792 221 Α
807 190 851 217 Dei
868 198 930 225 quae
944 192 1008 219 mihi
1029 193 1090 219 data
1107 196 1159 224 est.
1183 192 1272 221 inanis
1287 200 1351 233 non_
1364 193 1415 222 fuit
1425 193 1447 224 ⁸.
1466 204 1477 222 ι
1491 195 1592 224 Exclu-

21 226 42 253 ei
53 226 129 254 lesus
145 234 154 254 :
171 236 181 254 ι
206 227 290 255 Amen
306 229 366 257 dico
382 230 430 258 tibi
447 238 455 258 :
469 230 557 260 Hodie
573 240 679 261 meeum
696 235 751 263 eris

17 273 143 308 paradiso.
166 282 176 299 ι
193 274 324 309 Aptemus
357 283 441 309 nunc,
470 277 493 304 si
519 278 636 313 videtur,
661 287 750 308 causa:

13 319 45 347 ius
58 319 168 347 latronis
186 320 268 347 verba
281 321 395 356 apostoli
412 322 469 358 (97)
481 323 568 357 Pauli,
587 330 614 351 et
627 325 749 354 dicamus

13 363 121 392 iudteum
135 374 143 393 :
163 375 172 392 ι
189 365 240 394 Ubi
259 372 301 395 est
314 375 379 403 ergo
394 368 519 404 gloriatio
538 375 583 398 tua
601 371 641 398 '7?
656 382 665 398 ι
683 373 749 399 Cer-

13 419 22 436 a
36 411 93 445 quia
108 412 216 439 exclusa
244 417 304 446 est;
331 414 440 442 exclusa
460 420 550 443 autem
574 425 627 444 non
646 425 694 452 per
709 418 748 445 le-

13 465 24 480 ιι
38 464 152 490 operum,
170 457 217 484 sed
233 465 282 492 per
303 458 389 493 legem
416 459 491 488 ﬁdei.
509 460 562 495 Per
580 461 659 489 ﬁdem
673 463 746 490 enim

13 500 117 529 tiﬁcatus
135 507 176 530 est
193 503 239 531 hic
259 502 329 531 latro
350 504 410 531 sine
424 506 554 540 operibus
580 506 647 542 legis
661 516 669 534 :
682 509 746 543 quia

13 554 43 574 >er
53 547 97 575 hoc
111 548 240 577 Dominus
255 557 308 578 non
323 550 466 586 requisivit
482 552 547 587 quid
559 553 635 587 prius
650 561 746 589 opera-

23 597 99 626 esset;
117 602 166 621 nec
178 596 349 630 exspectavit
360 596 424 630 quid
438 597 527 632 operis
538 605 600 624 cum
613 599 745 627 credidis-

25 638 146 673 expleret,
166 640 213 668 sed
237 641 293 669 sola
308 641 676 678 coulessionejustiﬁcatum
695 652 743 674 co-

13 689 52 712 tem
73 685 121 713 sibi
144 693 217 720 eum,
245 687 403 722 paradisum
419 688 475 724 (98)
490 689 676 724 ingressurus,
698 699 744 719 as-

13 730 79 765 npsil.
95 730 146 759 Sed
163 737 191 760 et
207 733 304 761 mulier
318 733 362 761 illa
380 735 414 762 de
427 743 479 770 qua
495 735 521 763 in
540 736 685 771 Evangelia
700 745 743 765 se-

13 777 73 804 tdum
93 778 190 806 Lucam
213 779 347 813 refertur,
369 781 432 815 quia
456 791 465 808 ι
487 790 548 810 cum
569 783 743 818 cognovisset.

13 823 31 850 ui
42 823 114 854 lesus
128 825 253 853 recubuit
265 826 292 853 in
312 826 392 854 domo
408 826 556 860 Pharisaei,
576 828 672 855 detulit
693 836 741 857 vas

13 870 94 903 tuenti,
113 877 138 898 el
162 876 241 899 stans
268 877 342 899 retro
360 872 393 900 ad
413 872 496 907 pedes
510 873 580 907 ejus,
602 881 635 902 ac
661 873 739 907 llens,
756 865 777 893 Β

13 916 80 950 rymis
96 917 158 944 lavit
183 917 267 952 pedes
296 917 367 953 ejus,
394 924 420 946 et
452 919 558 954 capillis
587 920 684 954 capitis
698 921 740 948 sui

13 962 78 996 ersit,
100 968 127 990 et
148 964 325 991 osculabatur
343 969 428 999 atque
447 966 566 1001 ungebat
590 971 739 1001 unguento.

13 1007 57 1034 lens
69 1014 155 1036 autem
173 1009 329 1037 Pharisaeus
340 1009 387 1045 qui
405 1017 468 1037 eum
494 1016 655 1045 vocaverat,
672 1012 741 1039 dixit

13 1061 31 1080 ra
49 1055 218 1090 semetipsum
245 1065 251 1084 :
273 1055 322 1084 llic
345 1057 368 1084 si
387 1063 461 1084 esset
483 1058 633 1092 propheta,
656 1058 740 1086 sciret

14 1107 50 1133 lue
64 1108 120 1135 quae
138 1106 165 1128 et
184 1101 274 1136 qualis
299 1108 343 1130 est
364 1103 462 1130 mulier
475 1111 534 1139 quze
552 1104 639 1139 tangit
658 1104 739 1138 pedes

13 1153 27 1178 ι,
45 1147 102 1181 quia
123 1149 261 1182 peccatrix
285 1155 327 1177 est
339 1150 372 1178 ".
388 1160 397 1176 ι
415 1149 495 1178 Jesus
517 1155 606 1178 autem
622 1151 690 1178 dixit
703 1151 738 1178 ad

13 1199 22 1217 ιι
49 1194 197 1228 parabolam
233 1195 444 1230 quingentorum
470 1197 513 1223 vel
539 1196 737 1232 quinquaginta

16 1239 137 1274 ariorum;
154 1246 182 1269 et
211 1250 245 1270 ex
271 1243 346 1270 nullo
361 1243 428 1277 legis
444 1250 536 1278 opere,
556 1243 603 1270 sed
617 1251 667 1278 pro
679 1243 737 1270 sola

13 1285 55 1311 :ait
67 1287 98 1313 ad
112 1294 189 1314 eam:
203 1297 213 1314 ι
228 1289 415 1317 Ilemittuntur
430 1289 476 1316 tibi
490 1294 600 1323 peccata
614 1295 660 1317 tua
669 1289 707 1324 ”;
724 1300 734 1317 ι

14 1334 86 1359 terum
109 1341 115 1359 :
140 1342 150 1360 ι
179 1333 262 1362 Fides
289 1340 333 1362 tua
358 1340 383 1362 te
405 1335 509 1363 salvam
531 1334 606 1369 fecit,
624 1336 694 1365 vade
709 1337 736 1365 in

15 1385 27 1403 e
40 1378 57 1405 ι.
72 1388 80 1404 ι
97 1378 147 1407 Sed
163 1385 191 1408 et
209 1381 236 1409 in
256 1381 348 1409 multis
361 1381 501 1418 Evangelii
526 1382 594 1411 locis
611 1384 662 1411 hoc
678 1391 736 1411 ser-

13 1430 35 1450 ae
48 1432 118 1452 usum
135 1427 250 1461 legimus
262 1427 443 1462 Salvatorem,
459 1433 488 1456 ut
501 1431 640 1458 credentis
652 1430 735 1458 ﬁdem

13 1477 59 1497 sam
72 1472 140 1500 dicat
153 1481 215 1501 esse
230 1475 328 1503 salutis
342 1475 410 1510 ejus.
428 1476 467 1503 Ex
492 1476 592 1512 quibus
608 1477 735 1506 omnibus

13 1521 38 1543 ‘et
55 1519 121 1553 quod
147 1525 220 1548 recte
242 1522 392 1550 arbitratur
414 1523 561 1558 Apostolus
589 1523 734 1558 justiﬁcari

14 1563 83 1589 tinem
102 1572 147 1599 per
164 1566 245 1593 tidem
260 1567 320 1594 sine
344 1568 473 1603 operiims
488 1569 557 1605 legis
572 1570 594 1596 '.
609 1569 661 1597 Sed
677 1570 735 1597 [οι--

13 1608 34 1635 λὶς
43 1609 92 1636 haec
102 1610 200 1646 aliquis
211 1613 327 1641 audiens
339 1615 501 1647 resolvatur,
513 1620 540 1643 et
555 1616 622 1643 bene
635 1616 733 1651 agendi

13 1653 133 1688 ligentiam
160 1659 271 1693 capiat,
310 1660 442 1695 siquidem
476 1661 510 1689 ad
530 1661 733 1696 iustiﬁcandum

13 1701 84 1728 ssola
109 1703 234 1732 suliiciat.
264 1705 305 1732 Ad
333 1713 414 1741 quem
440 1707 563 1734 dicemus
591 1708 654 1742 quia
670 1711 733 1743 post

14 1747 162 1778 illcationem
190 1751 214 1778 si
243 1751 344 1786 injuste
370 1753 433 1787 quis
461 1758 535 1788 agat,
559 1753 619 1781 sine
648 1753 732 1781 dubio

13 1794 144 1824 ilicationis
159 1798 278 1832 gratiam
293 1800 407 1834 sprevit.
424 1799 518 1835 Neque
539 1800 610 1827 enim
627 1799 663 1827 ob
681 1800 732 1827 hoc

13 1842 122 1876 taccipil
145 1844 253 1871 veniam
278 1850 466 1879 peccatorum,
492 1849 521 1872 ut
545 1852 653 1872 rursum
679 1844 731 1872 sibi

13 1890 27 1912 tt
41 1890 164 1920 peccandi
182 1890 322 1917 licentiam
347 1890 449 1918 datam.
473 1891 640 1927 Indulgentia
656 1899 732 1918 natu-

31 1940 76 1960 non
96 1934 259 1968 futurorum,
280 1936 327 1963 sed
355 1938 555 1972 praeteritorum
579 1937 728 1965 criminum

13 1985 39 2005 ιι.
57 1979 136 2015 igitur
156 1986 185 2008 ut
198 1982 232 2009 ad
247 1983 417 2018 propositum
433 1983 731 2019 redeamus,justilica-

14 2024 83 2052 homo
96 2035 142 2061 per
158 2028 252 2060 ﬁdem,
263 2029 305 2055 cui
319 2029 571 2062 adjustiﬁcandum
583 2031 652 2058 nihil
664 2039 731 2058 con-

14 2074 37 2095 nt
51 2078 125 2104 opera
139 2073 216 2108 legis.
234 2072 285 2100 Ubi
300 2081 365 2101 vero
383 2074 452 2103 ﬁdes
475 2083 527 2102 non
540 2081 583 2103 est
594 2083 655 2111 quae
671 2083 731 2104 ere.

13 2119 53 2142 tem
70 2117 215 2152 justiﬁeet,
238 2118 346 2146 etiamsi
370 2127 453 2154 opera
478 2120 542 2155 quis
565 2121 667 2149 habeat
696 2129 729 2149 ex

13 2181 19 2191 .
33 2166 113 2191 tamen
128 2165 192 2199 quia
212 2172 265 2192 non
285 2170 349 2192 sunt
372 2165 507 2194 aediﬁcata
527 2174 610 2201 supra
633 2167 730 2195 funda-

14 2211 60 2235 tum
72 2209 140 2242 ﬁdei,
155 2211 282 2245 quamvis
294 2210 440 2239 videantur
454 2219 515 2240 esse
531 2213 616 2245 bona,
637 2217 728 2241 tamen
742 2217 767 2248 Β

13 2258 106 2282 'atorem
120 2264 197 2283 suum
214 2256 433 2292 (99)]ustiﬁcare
448 2266 502 2286 non
518 2264 641 2294 possunt,
655 2259 725 2294 quod

13 2298 69 2327 Ieest
82 2301 155 2335 ﬁdes,
169 2311 232 2337 qua:
245 2309 287 2331 est
300 2304 470 2339 signaculum
481 2311 574 2332 eorum
590 2306 637 2340 qui
649 2304 728 2340 justi-

13 2350 59 2372 uur
70 2356 83 2373 a
100 2349 164 2381 Deo,
177 2349 250 2377 sicut
265 2350 391 2385 superius
410 2350 540 2383 diximus,
562 2351 625 2387 quia
640 2361 650 2378 ‹
667 2359 727 2380 cre«

13 2396 16 2417 ι
33 2392 160 2422 Abraham
181 2396 248 2429 Deo,
275 2401 302 2423 et
316 2401 470 2431 reputatum
487 2401 531 2424 est
549 2397 574 2424 ei
591 2397 625 2424 ad
644 2397 725 2432 justi-

13 2437 43 2464 ι’.
59 2447 68 2464 ι
82 2440 197 2469 Tantmn
215 2446 274 2475 est,
287 2445 316 2469 ut
329 2442 351 2469 is
362 2442 407 2476 qui
419 2441 587 2476 justiﬁeatur
598 2449 646 2477 per
660 2450 725 2478 gra-

13 2494 14 2509 ι
31 2484 97 2520 ﬁdei,
111 2486 184 2515 dicat
203 2489 352 2516 secundum
373 2487 590 2523 Paulum,‘quia
605 2497 616 2515 ‹
635 2489 722 2524 gratia

802 235 873 262 ditur
898 244 963 271 ergo
983 237 1072 264 omnis
1094 237 1220 272 gloriatio
1247 245 1307 273 qua:
1325 246 1358 266 ex
1382 239 1448 275 legis
1462 241 1592 275 operibus

801 281 884 308 venit.
900 281 933 308 Et
955 287 984 308 ut
998 283 1086 310 adhuc
1113 283 1285 310 manifesﬁus
1302 284 1349 311 ﬁat
1365 285 1437 319 quod
1460 286 1590 318 dicimus,

800 327 951 362 exemplum
968 328 1091 355 dabimus
1106 336 1139 355 cx
1158 328 1199 356 his
1212 337 1273 363 qua:
1285 329 1311 356 in
1326 330 1471 365 Evangelia
1485 332 1588 366 scripta

799 377 875 405 sunt,
891 373 936 399 ubi
954 374 1076 400 ascendit
1086 374 1240 401 Pluariszeus
1254 379 1281 401 et
1295 374 1460 404 Publicanus
1472 377 1505 403 ad
1521 382 1588 404 tern-

798 417 871 452 plum
889 418 952 451 Dei;
969 424 1020 446 tet
1045 424 1132 452 stans,
1161 420 1259 454 inquit,
1287 420 1442 451 Pharisteus
1473 422 1499 449 in
1530 430 1588 449 me-

798 463 855 496 dio,
871 465 978 492 dicebat
995 475 1001 493 :
1022 466 1104 498 Deus,
1124 466 1227 501 gratias
1248 474 1299 501 ago
1316 466 1375 500 tibi,
1391 468 1520 502 quoniam
1534 476 1587 496 non

796 518 857 538 sum
873 511 945 538 sicut
968 511 1059 538 czeteri
1080 512 1214 544 homines,
1234 517 1368 547 raptores,
1395 512 1499 548 injusti,
1514 515 1589 542 adul-

797 556 859 588 teri,
886 556 927 583 vel
950 561 980 583 ut
1000 557 1082 584 etiam
1103 558 1264 592 publicanus
1285 558 1358 585 iste:
1377 558 1469 593 jejuno
1493 559 1535 587 bis
1560 560 1587 587 in

796 601 937 633 Sabbato;
953 602 1076 630 decimas
1088 603 1122 629 do
1137 603 1258 630 omnium
1274 610 1333 637 quae
1347 604 1473 638 possideo
1486 604 1507 637 ',
1532 614 1542 631 ι
1559 610 1587 632 et

795 647 913 683 reliqua.
935 648 966 676 Et
991 649 1046 676 haec
1071 648 1200 677 fortassis
1215 656 1278 677 vere
1295 650 1406 682 dixerit,
1427 651 1473 678 sed
1490 658 1587 678 secun-

794 694 858 721 dum
878 695 986 722 Domini
1004 696 1166 722 sententiam
1178 695 1318 731 iactantia:
1329 697 1425 723 morbo
1441 701 1587 731 corruptus

793 747 847 767 non
874 740 1014 768 descendit
1032 740 1199 775 justiﬁcatus
1224 741 1257 769 de
1287 742 1399 777 templo.
1420 742 1496 770 Talis
1522 750 1587 778 ergo

792 786 922 821 gloriatio
946 794 1006 822 qua:
1020 787 1146 814 veniebat
1167 795 1200 815 ex
1223 787 1352 822 operibus
1375 788 1451 824 legis,
1467 789 1588 816 excludi-

794 837 838 860 tur
855 833 905 870 (l),
918 834 982 868 quia
994 841 1047 861 non
1063 833 1145 861 habet
1160 834 1340 862 humilitatem
1356 835 1447 862 crucis
1461 835 1584 868 Christi;

793 879 820 907 in
837 887 890 914 qua
904 880 950 915 qui
967 880 1099 915 gloriatur
1119 882 1184 908 audi
1196 882 1261 916 quid
1278 882 1344 909 dicit
1361 890 1368 909 :
1387 890 1396 908 ι
1414 881 1478 909 Mihi
1493 886 1585 909 autem

792 925 864 952 absit
883 925 1007 961 gloriari,
1030 927 1083 967 pisi
1103 926 1130 954 in
1156 935 1238 955 cruce
1262 928 1370 955 Domini
1386 937 1395 953 I
1414 929 1466 955 mei
1488 937 1497 954 ι
1519 927 1584 956 Jesu

792 971 906 1004 Chrisri,
923 979 970 1006 per
991 979 1072 1007 quem
1097 973 1162 1000 mihi
1184 974 1301 1001 mundus
1324 973 1473 1001 cruciﬁxus
1488 979 1541 1008 est,
1557 980 1586 1002 et

790 1024 841 1053 ego
865 1018 966 1046 mundo
982 1019 1003 1045 °.
1018 1027 1028 1044 ι
1046 1018 1128 1046 Vides
1154 1019 1315 1054 Apostolqu
1339 1027 1393 1047 non
1421 1020 1583 1054 gloriantem

790 1071 872 1099 super
897 1063 1002 1098 iustitia
1028 1072 1088 1097 sua,
1113 1072 1201 1099 neque
1229 1072 1312 1100 super
1325 1065 1463 1098 castitate,
1491 1073 1580 1101 neque

789 1117 873 1144 super
892 1110 1025 1145 sapientia
1036 1131 1043 1142 ,
1059 1118 1146 1145 neque
1163 1118 1244 1146 super
1257 1116 1364 1138 canens
1379 1111 1527 1139 virtutibus
1539 1112 1582 1139 vel

789 1157 897 1185 actibus
909 1157 978 1190 suis,
992 1157 1039 1185 sed
1067 1157 1239 1192 apertissime
1259 1157 1480 1192 pronuntiantem
1499 1162 1526 1184 et
1543 1158 1582 1184 dt-

789 1207 897 1230 centem
911 1211 919 1230 :
938 1211 948 1228 (
971 1202 1021 1237 Qui
1037 1203 1182 1238 gloriatur,
1207 1203 1234 1230 in
1248 1202 1365 1230 Domino
1378 1203 1512 1238 glorietur
1526 1204 1547 1231 '.
1568 1213 1580 1231 ι

789 1248 822 1276 Ει
834 1248 874 1277 sic
894 1249 1006 1276 exclusa
1021 1254 1062 1276 est
1076 1248 1186 1276 Judaica
1201 1249 1336 1283 gloriatio,
1353 1257 1405 1276 non
1419 1256 1468 1284 per
1488 1250 1576 1285 legem

787 1302 911 1329 operum,
928 1295 975 1323 sed
995 1302 1045 1330 per
1064 1294 1149 1330 legem
1173 1295 1234 1322 lidei
1258 1295 1269 1311 ⁸
1293 1302 1352 1330 qua:
1370 1295 1451 1323 estin
1469 1295 1581 1324 Christo

787 1341 862 1375 Jesu,
879 1341 906 1368 in
919 1340 997 1375 cujus
1009 1349 1091 1369 cruce
1106 1341 1238 1377 gloriatur
1251 1341 1406 1375 Apostolus.
1426 1341 1494 1375 Quis
1504 1343 1577 1370 enim

788 1391 862 1414 recte
876 1386 919 1414 vel
933 1393 1018 1422 super
1029 1388 1157 1414 castitate
1172 1394 1219 1414 sua
1241 1386 1414 1421 gloriabitur,
1434 1394 1495 1414 cum
1509 1389 1579 1416 scri-

786 1436 863 1468 ptum
891 1432 972 1467 legat,
987 1432 1050 1467 quia
1069 1441 1078 1458 ι
1094 1432 1115 1459 si
1134 1432 1195 1467 quis
1220 1432 1358 1467 aspexerit
1374 1433 1517 1461 mulierem
1546 1436 1577 1461 ad

787 1478 1036 1514 concupiscendum
1059 1485 1130 1510 eam,
1151 1477 1209 1512 jam
1232 1478 1385 1506 moechatus
1406 1483 1450 1506 est
1473 1486 1533 1507 eam
1552 1480 1577 1506 in

786 1525 870 1553 corde
884 1532 934 1553 suo
952 1525 980 1552 '?
998 1535 1008 1551 ι
1023 1523 1102 1552 Unde
1115 1529 1142 1552 et
1158 1525 1290 1560 propheta
1304 1525 1389 1553 dicit:
1407 1533 1418 1551 ι
1438 1525 1579 1558 Quomodo
1609 1518 1611 1520 ’

786 1570 948 1606 gloriabitur
959 1571 1022 1606 quis
1033 1576 1138 1598 castum
1150 1578 1179 1598 se
1192 1570 1294 1598 habere
1307 1577 1355 1598 cor
1368 1570 1409 1597 "?
1426 1579 1435 1596 ι
1448 1571 1502 1597 Aut
1515 1570 1578 1605 quis

785 1615 947 1651 gloriabitur
962 1623 1045 1651 super
1073 1617 1205 1651 sapientia
1217 1636 1226 1648 ,
1251 1623 1313 1644 cum
1328 1616 1458 1651 scriptum
1476 1616 1578 1649 videat,

784 1661 850 1696 quia
868 1669 878 1687 ι
896 1662 1014 1688 mundus
1025 1669 1075 1696 per
1085 1662 1244 1696 sapientiam
1260 1669 1313 1688 non
1328 1661 1453 1696 cognovit
1470 1661 1554 1689 Deum
1568 1669 1576 1688 :

783 1710 811 1732 et
822 1706 884 1733 ideo
902 1705 1004 1741 placuit
1021 1706 1075 1733 Deo
1087 1714 1134 1741 per
1148 1705 1292 1732 stultitiam
1305 1706 1509 1740 prtedicationis
1522 1706 1577 1733 sal-

783 1759 831 1779 vos
849 1751 940 1779 facere
955 1752 1098 1780 credentes
1112 1751 1155 1778 “?
1171 1760 1180 1777 ι
1198 1751 1233 1778 Ει
1249 1752 1346 1778 iterum
1360 1760 1367 1778 :
1387 1761 1395 1777 ι
1411 1752 1476 1785 Qua:
1491 1753 1574 1779 stulta

782 1801 846 1824 sunt
861 1797 952 1824 mundi
964 1797 1045 1832 elegit
1059 1798 1139 1829 Deus,
1153 1802 1182 1823 ut
1196 1796 1345 1824 confundat
1358 1797 1495 1832 sapientes
1506 1798 1546 1825 "?
1561 1807 1573 1825 ι

782 1843 849 1876 Quis
863 1847 955 1870 autem
967 1842 1009 1870 vel
1024 1850 1107 1878 super
1122 1842 1230 1877 justitia
1252 1850 1300 1870 sua
1320 1842 1493 1877 gloriabitur,
1510 1851 1573 1870 cum

782 1890 874 1917 audiat
885 1889 968 1917 Deum
979 1897 1027 1924 per
1040 1889 1200 1924 prophetam
1213 1889 1360 1920 dicentem,
1377 1889 1440 1923 quia
1461 1897 1471 1915 ι
1485 1890 1576 1917 omnis

778 1935 882 1970 iustitia
893 1940 983 1963 vestra
996 1935 1067 1963 sicut
1075 1942 1182 1970 pannus
1192 1934 1316 1962 mulieris
1328 1939 1503 1962 menstruam:
1515 1934 1552 1961 ἠ
1561 1943 1572 1960 ι

782 1981 844 2009 Sola
862 1981 1027 2017 igiturjusta
1045 1980 1171 2015 gloriatio
1184 1984 1226 2007 est
1241 1979 1268 2007 in
1288 1979 1340 2007 llde
1352 1979 1445 2007 crucis
1458 1979 1573 2014 Christi,

781 2035 841 2062 quae
857 2027 977 2054 excludit
990 2026 1072 2062 518
1083 2033 1192 2053 omnem
1211 2025 1284 2052 illam
1300 2025 1500 2060 gloriationem,
1512 2033 1573 2060 qua:

781 2072 922 2100 descendit
949 2080 982 2099 ex
998 2073 1125 2107 Operibus
1153 2072 1231 2107 legis.
1249 2071 1314 2099 Haec
1337 2075 1430 2099 autem
1454 2079 1468 2098 a
1495 2071 1573 2099 nobis

781 2119 854 2146 dicta
867 2124 931 2146 sunt
945 2127 994 2154 pro
1014 2126 1047 2146 eo
1062 2118 1134 2154 quod
1155 2123 1284 2153 tanquam
1303 2117 1496 2152 interrogantis
1519 2125 1574 2144 ser-

781 2172 862 2192 mone
875 2164 943 2192 dixit
960 2164 999 2200 (2)
1014 2164 1161 2199 Apostolus
1177 2175 1184 2191 :
1207 2173 1216 2190 ι
1237 2163 1288 2191 Ubi
1308 2167 1350 2191 est
1365 2170 1431 2198 ergo
1445 2163 1572 2198 gloriatio

782 2215 827 2237 tua
842 2210 884 2237 “‘3
903 2219 913 2236 ›
930 2210 964 2238 Et
977 2211 1010 2238 ad
1029 2211 1087 2238 inec
1107 2211 1158 2238 sibi
1175 2211 1232 2245 ipse
1249 2209 1389 2244 respondit
1403 2218 1410 2235 :
1427 2218 1436 2235 ί
1454 2209 1570 2236 Exclusa

780 2261 833 2284 est.
850 2266 860 2283 ι
875 2256 909 2283 Et
929 2264 1037 2284 rursum
1061 2257 1139 2292 quasi
1165 2257 1221 2291 ipse
1236 2263 1266 2284 se
1280 2256 1319 2290 (5)
1335 2255 1486 2290 interroget
1504 2255 1543 2282 ait
1561 2263 1569 2281 :

781 2312 792 2329 ‹
807 2302 860 2331 Per
878 2311 960 2338 quam
987 2303 1095 2338 legem?
1119 2302 1258 2338 Operum?
1274 2311 1284 2329 ι
1301 2302 1334 2329 Ει
1360 2301 1498 2336 respondit
1518 2301 1569 2329 sibi

778 2350 850 2385 ipsi:
867 2360 876 2376 ι
895 2349 953 2378 Non
970 2359 977 2378 :
994 2351 1041 2378 sed
1058 2357 1107 2386 per
1121 2349 1206 2384 legem
1222 2349 1295 2376 ﬁdei.
1311 2348 1485 2376 Arbitramur
1495 2348 1568 2376 enim

776 2395 918 2431 iustiﬁcari
934 2397 1070 2424 hominem
1083 2404 1132 2431 per
1141 2397 1219 2423 ﬁdem
1229 2396 1288 2422 sine
1299 2395 1428 2430 operibus
1441 2395 1507 2429 legis
1516 2395 1566 2421 η.»

778 2441 817 2470 De
833 2442 875 2469 his
886 2442 942 2478 jam
960 2442 1086 2477 superius
1100 2441 1218 2469 diximus
1237 2441 1287 2479 (Α).
1313 2441 1390 2475 Quod
1403 2447 1468 2468 vero
1485 2440 1569 2468 etiam

777 2488 804 2516 in
827 2489 952 2524 prtesenti
970 2489 1029 2517 loco
1045 2489 1161 2517 duarum
1185 2488 1274 2524 legum
1295 2487 1362 2516 facit
1378 2487 1476 2515 iterum
1491 2495 1569 2515 men-

17 2552 85 2592 _Rom.
104 2565 145 2590 In,
157 2557 203 2585 27.
242 2558 265 2574 ”
277 2557 342 2586 an.
358 2566 407 2592 vtt,
423 2558 457 2585 57
472 2565 529 2592 seq.
566 2558 589 2575 ⁹⁹
610 2558 674 2586 ibid.
688 2558 734 2585 48.

823 2559 869 2586 ιὶιΙ.
892 2559 937 2588 50.
975 2560 986 2575 ²
1001 2559 1079 2587 llom.
1091 2567 1130 2590 Ill.
1142 2558 1187 2586 28.
1226 2558 1237 2574 ³
1251 2558 1330 2587 Rom.
1346 2566 1383 2589 tv.
1395 2558 1423 2585 5.
1460 2556 1567 2586 ‘lCor.

13 2588 48 2616 lt).
108 2593 118 2609 ³
135 2588 200 2620 Luc.
224 2601 301 2627 xvnt,
324 2588 415 2622 ιιι-ιιι.

13 2630 57 2652 rov.
70 2635 112 2660 xx,
128 2629 155 2656 9.
194 2628 237 2655 “l
253 2629 317 2657 Cor.
338 2637 358 2663 t,
373 2629 418 2656 2i.

469 2594 480 2609 ⁸
498 2593 588 2620 Galat.
612 2602 648 2625 v1,
667 2594 710 2621 M.

459 2629 480 2644 "
503 2629 569 2656 ibid.
586 2628 633 2656 27.
675 2629 697 2645 “
712 2627 762 2657 lsa.

13 2683 24 2724 7
38 2686 113 2727 Editi,
134 2701 143 2714 ι
164 2690 295 2724 Aplemus
308 2699 390 2724 nunc,
404 2691 426 2719 si
454 2691 571 2724 videtur,
587 2691 667 2727 hujus
682 2692 722 2720 la-

13 2723 31 2760 ta
43 2723 118 2760 [ciba
132 2723 221 2753 causae
232 2726 365 2760 Apostoli,
384 2723 396 2753 ⁷»
416 2732 470 2755 etc.

13 2754 35 2799 ξ]
121 2779 129 2792 ,
147 2754 364 2799 «comitemque,
374 2762 426 2790 sibi
438 2754 441 2755 ν
452 2754 620 2798 paradisum.
639 2773 648 2789 ι
665 2768 720 2791 etc.

13 2790 127 2837 illigdili,‘
140 2805 148 2821 I
164 2796 232 2824 bona
250 2790 343 2837 operat,
360 2790 532 2837 operat'orcm
550 2790 629 2825 suum
641 2818 648 2830 ,
667 2790 677 2824 ί
693 2790 722 2837 et

16 2830 68 2885 ium
81 2838 90 2855 ι
105 2834 211 2864 tamen,
233 2842 242 2858 ι
257 2830 399 2866 (Ιεὶιιάείι
419 2833 441 2861 si
459 2834 499 2861 cis
522 2843 531 2860 ι
550 2841 598 2868 pro
617 2842 626 2860 ι
650 2834 721 2869 quod

768 2593 801 2621 Ἰ
822 2595 886 2622 Cor.
908 2602 927 2627 ι,
944 2594 989 2622 5t.

1047 2595 1058 2610 ³
1082 2595 1160 2622 Rom.
1178 2602 1219 2625 ιιι.
1238 2594 1283 2621 27.
1344 2595 1355 2610 ⁹
1370 2593 1465 2620 Matth.
1479 2601 1506 2627 v,
1519 2594 1567 2620 28.

940 2629 962 2646 ‘4'
976 2630 1055 2658 llom.
1070 2638 1111 2663 ιιι,
1129 2630 1175 2662 27,
1190 2629 1236 2657 98.
1274 2629 1296 2646 ⁸⁵
1311 2629 1376 2658 ibid.
1389 2628 1435 2663 29,
1448 2627 1494 2656 30.

792 2729 797 2734 Ι
813 2693 851 2729 (l)
873 2692 1043 2721 Excluditur.
1063 2693 1238 2721 Desideratur
1261 2693 1290 2720 in
1316 2693 1392 2721 ﬁbris
1410 2697 1491 2722 antea
1510 2694 1565 2723 edi-

780 2733 851 2797 “3(2)
869 2762 955 2794 Alias,
972 2772 981 2788 ι
999 2762 1173 2797 interrogans
1188 2762 1267 2789 dixit.
1288 2769 1297 2787 ι

823 2795 850 2831 ὅ)
865 2798 926 2832 Ipse
949 2806 986 2825 se.
1019 2797 1081 2824 ll;ec
1106 2795 1189 2824 verba
1222 2797 1249 2823 in
1277 2795 1358 2824 editis
1383 2795 1559 2824 omittuntur.

813 2831 851 2870 (ι)
867 2834 920 2866 AL,
939 2843 946 2859 ι
965 2833 1001 2861 Dc
1016 2832 1057 2860 his
1071 2833 1195 2868 superius
1208 2831 1285 2860 dixit.
1303 2839 1315 2858 ι

783 2637 858 2664 inv,
872 2629 898 2658 6.
