1833 3049
236 112 289 140 955

972 107 1131 136 ORIGENIS
1182 91 1186 97 ”
1789 104 1815 129 936

238 171 350 202 tionem,
374 175 401 198 et
425 169 493 209 dicit
517 169 602 202 legem
627 177 738 203 operum
754 174 781 196 ct
793 169 878 203 legem
895 168 956 195 lldei
972 168 1021 204 (5),
1037 170 1059 196 Α
1073 166 1223 201 sapientize,
1250 164 1296 192 alii
1317 171 1406 192 sermo
1421 162 1714 209 scientiaejseeundum
1730 163 1816 209 ett—tute:

237 216 378 242 considera
402 216 485 241 etiam
509 214 575 249 ipse.
596 215 640 249 qui
668 214 746 249 legis,
773 220 861 241 utrum
885 215 918 241 ad
936 214 1020 248 legem

237 258 322 293 Moysi
340 264 367 285 et
392 258 476 293 legem
502 259 651 286 naturalem
668 267 758 286 sermo
770 259 814 286 hic
828 259 925 286 debeat
940 259 1020 286 incli-

238 304 315 334 nari;
329 311 362 330 an
382 304 415 330 ad
437 304 521 338 legem
545 304 640 331 littera1
656 309 683 331 et
707 304 792 339 legem
809 305 920 338 spiritus
937 313 943 330 :
957 304 1020 338 quia

237 346 278 374 lex
297 348 393 375 litterae
406 348 516 381 occidit,
529 353 556 375 et
569 353 682 375 mortem
705 354 850 383 operatur;
875 349 916 376 lex
932 353 1020 376 autent

237 391 349 426 spiritus
362 393 423 420 vitae
436 393 533 420 liberal
547 402 561 420 a
575 394 633 428 lege
651 394 755 429 peccati
774 399 801 421 et
816 393 921 420 mortis.

272 438 316 465 10.
331 438 406 466 Unde
425 443 452 466 et
465 440 660 466 convenienter
682 440 708 466 in
726 440 955 474 consequentibus
975 447 1022 474 po-

237 483 277 511 nit
295 491 301 509 :
318 492 327 508 r
347 484 387 511 An
399 483 551 512 Iudaeorum
568 485 637 513 Deus
652 485 777 512 tantum?
803 486 896 513 Nonne
912 492 939 514 et
955 494 1020 521 gen-

237 529 322 556 tium?
337 529 392 556 lmo
407 533 434 556 et
447 531 576 565 gentium.
592 531 724 564 Quoniam
740 532 848 566 quidem
864 540 932 559 unus
950 533 1023 559 Dens

237 573 426 607 quijustiﬁcat
438 575 673 602 circumcisionem
689 584 720 604 ex
736 577 787 603 lide
799 596 806 608 ,
821 581 849 604 et
863 578 1021 611 praeputium

239 625 286 651 per
302 619 380 646 ﬁdem
407 619 439 645 ¹¹.
460 628 470 644 ι
491 619 537 646 llis
561 621 668 654 quidem
691 621 736 655 qui
758 621 840 648 alium
857 622 952 649 volunt
962 630 1023 649 esse

238 662 392 690 Judteorum
412 664 506 696 Deum,
528 669 555 691 et.
572 665 652 692 aliuut
665 667 797 701 gentium,
823 667 848 693 ill
869 672 910 694 est
937 668 1020 694 alium

240 707 329 741 Leuis,
345 714 373 736 et
394 710 476 737 alium
505 711 724 746 Evangeliorum,
750 714 817 740 satis
840 713 873 740 de
899 714 949 740 hoc
970 714 1024 741 erit

239 759 354 788 angusta
375 760 403 782 et
423 762 497 784 arcta
523 758 673 791 responsio,
693 759 817 792 apostolo
832 759 914 786 Paulo
937 761 1023 787 abun-

240 798 347 827 dantius
371 801 437 828 satis
464 802 544 830 (laute
561 804 724 831 sententiam
742 813 818 832 suam
833 806 870 840 (ti)
886 814 947 833 cum
967 814 1020 832 non

1075 212 1217 246 Spiritum.
1239 210 1282 238 alii
1307 210 1373 237 ﬁdes
1390 210 1416 236 in
1433 209 1526 236 eodem
1548 207 1653 242 Spiritu
1670 208 1702 233 ”.
1724 216 1734 232 ι
1749 207 1775 233 Et
1789 195 1820 253 nos:

1074 257 1147 283 solus
1165 255 1263 282 Paulus
1280 254 1419 290 apostolus
1430 254 1524 280 ltarum
1539 252 1744 279 distinctionum
1762 252 1818 278 obsa-

1075 302 1179 328 rantias
1205 305 1287 333 tenet,
1311 300 1359 328 sed
1380 305 1408 326 et
1429 299 1557 330 Joannes,
1575 298 1622 332 qui
1647 305 1707 323 cum
1721 298 1749 323 de
1765 296 1820 337 Van

1075 347 1121 373 Dei
1145 346 1217 372 dicat
1229 345 1291 379 quia
1312 353 1322 370 ς
1348 343 1438 371 omnia
1452 351 1499 378 per
1514 342 1602 376 ipsum
1628 340 1700 367 facta
1718 341 1817 371 sunt",i

1073 392 1156 418 vitam
1171 398 1224 417 non
1241 397 1288 425 per
1303 389 1403 424 ipsum,
1417 389 1463 415 sed
1476 388 1501 415 in
1516 387 1574 422 ipso
1592 387 1693 413 factam
1709 394 1736 413 es
1749 394 1760 412 e
1771 391 1820 412 test:-

1076 442 1128 468 tur,
1140 436 1233 464 dicens
1248 444 1255 463 :
1271 445 1280 461 ι
1295 434 1369 468 Quod
1382 434 1480 461 factum
1495 439 1546 465 est,
1560 434 1586 460 iu
1603 435 1663 468 ipso
1674 433 1725 458 vita
1738 434 1817 458 erat'iu

1075 482 1107 509 Et
1127 482 1254 517 quoniam
1283 482 1395 508 ntullunt
1420 484 1460 507 est
1485 485 1515 506 ut
1527 487 1558 506 ea
1575 487 1637 513 qua:
1655 486 1724 505 nunc
1742 478 1820 510 tiezlqj

1075 535 1156 554 causa
1186 527 1346 562 protulimus
1361 530 1542 560 exponantur,
1570 532 1681 552 sensum
1699 532 1778 550 eorum
1793 532 1820 557 pm

1076 578 1154 608 captu
1173 578 1267 600 nostro
1281 572 1401 599 breviter
1415 571 1584 606 colligamus.
1600 570 1671 597 Cum
1688 571 1820 599 dicitnrmt

1075 620 1144 654 ipso,
1164 629 1173 646 ν
1191 619 1338 653 principale
1355 618 1455 653 aliqttid
1478 618 1557 650 hujus
1574 617 1767 651 praepositionis
1779 617 1797 640 in
1809 616 1820 640 it

1075 666 1117 692 cio
1144 665 1248 692 videtur
1265 663 1380 691 ostendi.
1400 662 1468 690 Cum
1485 669 1548 690 vero
1567 671 1577 687 ι
1593 670 1644 696 per
1671 663 1750 696 ipsum
1765 671 1772 686 ι
1785 662 1820 686 dir:-

1076 716 1130 740 tur.
1144 710 1281 744 sequentis
1295 716 1394 740 causae,
1410 707 1435 734 id
1454 712 1496 734 est
1523 707 1584 742 ejus
1601 715 1666 741 qua:
1681 711 1738 740 post
1756 706 1820 739 prisci

1076 755 1163 790 palem
1189 760 1243 786 est,
1272 754 1448 789 intelligentia
1475 753 1637 788 designatur
1652 753 1718 786 (ll).
1733 751 1760 778 Ut
1774 750 1820 776 ver“

1076 809 1158 828 causa
1173 801 1297 828 dicamus
1311 801 1381 835 quod
1401 800 1448 831 ait,
1466 809 1474 825 ι
1491 799 1529 826 Ex
1543 800 1613 833 ipso,
1625 803 1653 825 ct
1667 806 1713 832 per
1726 799 1820 830 ipsumet

240 843 327 872 solum
343 853 423 873 unum
448 847 519 874 dicat
542 856 603 876 esse
627 849 710 876 Deum
739 850 893 878 Iudaeorum
913 857 941 879 et
956 859 1021 886 gen-
1038 844 1059 872 Β
1073 847 1098 873 in
1116 847 1173 881 ipso
1185 850 1246 873 sunt
1265 845 1354 872 omnia
1366 845 1387 860 "
1398 854 1405 871 :
1416 852 1478 870 i—t
1490 851 1522 870 ex
1533 844 1602 878 ipso,
1616 853 1625 869 ι
1638 844 1730 878 prima:
1744 843 1820 869 (restim

241 889 320 922 timn,
342 891 388 918 sed
403 896 431 919 et
454 893 534 920 addat
555 895 626 928 quod
649 895 719 922 idem
742 900 822 930 atque
845 897 902 931 ipse
923 897 959 924 sit
977 898 1022 931 qui

238 931 368 967 justiﬁeat
382 935 616 965 circumcisionem
637 946 669 966 ex
683 939 745 973 ﬁde,
761 945 788 968 et
802 942 963 976 praeputium
976 950 1024 976 per

242 979 335 1006 Iidem.
358 980 434 1013 Quod
449 986 476 1009 et
493 983 515 1009 si
539 984 774 1013 circumcisionem
799 994 848 1022 per
865 987 1023 1022 allegoriam

241 1025 381 1060 suscipere
406 1027 552 1062 voluerint,
581 1030 617 1057 ita
646 1035 675 1057 ut
704 1036 814 1059 sanctos
838 1037 865 1059 et
887 1033 1024 1067 spiritales

241 1077 363 1105 quosque
378 1071 413 1099 ab
427 1080 460 1099 eo
471 1073 703 1103 circumcisionem
717 1077 808 1104 dicant
821 1085 882 1105 csse
903 1079 1022 1113 appella-

242 1119 294 1147 tos.
309 1118 399 1145 statim
423 1119 448 1146 iu
466 1121 690 1156 consequentibus
707 1122 845 1151 invenient
857 1124 962 1152 obicem
974 1124 1023 1160 (τ).

242 1162 270 1188 Si
284 1163 355 1190 enim
372 1164 606 1194 circumcisionem
631 1175 751 1202 sanctos.
771 1170 825 1204 vel,
839 1175 869 1197 ut
884 1170 920 1197 illi
937 1171 1019 1197 nomi-

243 1212 317 1240 nant,
330 1210 466 1244 spiritales
490 1213 641 1247 appellavit,
658 1222 826 1250 consequens
851 1221 892 1244 est
909 1220 937 1243 ut
953 1223 1023 1251 pra:-

242 1253 346 1286 putium
372 1260 529 1289 peccatores
547 1259 655 1291 dixerit.
682 1268 749 1294 quos
773 1261 812 1288 illi
827 1262 961 1289 animales
975 1269 1024 1289 vo-

240 1305 300 1326 cant
317 1299 365 1335 (8).
383 1301 414 1328 Et
428 1305 563 1336 quomodo
578 1307 730 1339 conveniet,
746 1312 774 1334 ut
787 1309 873 1335 bonus
888 1308 958 1335 Deus
975 1316 1023 1343 pa-

242 1343 309 1388 riter
331 1346 468 1378 spiritales
488 1348 675 1386 animalesque
701 1353 852 1386 justiﬁcet?
878 1353 932 1381 Illis
959 1361 1024 1388 ergo

241 1387 269 1415 in
293 1389 335 1417 his
359 1391 479 1425 Apostoli
508 1397 682 1423 sermonibus
706 1398 792 1425 nodus
825 1387 1024 1428 inextricabilis

241 1434 304 1461 erit.
329 1435 481 1464 Secundum
496 1447 545 1466 nos
559 1448 633 1473 vero,
650 1442 695 1476 qui
718 1443 951 1472 circumcisionem
978 1453 1024 1474 eos

241 1479 288 1513 qui
308 1487 340 1507 ex
354 1479 453 1510 .ludmis
465 1485 650 1520 crediderunt,
665 1494 691 1514 et
716 1491 875 1524 praeputium
891 1491 1024 1519 nihilomi-

245 1531 295 1550 nus
308 1532 355 1552 eos
365 1526 410 1560 qui
427 1528 460 1554 ad
479 1528 559 1556 ﬁdetn
577 1538 608 1557 ex
627 1533 753 1564 gentibus
776 1534 862 1562 vocati
881 1541 944 1562 sunt
963 1536 1026 1563 dici-
1038 1524 1059 1553 ο
1076 1539 1241 1561 memoretttr
1262 1541 1268 1559 :

247 1576 317 1616 unus,
331 1571 409 1604 plana
422 1573 474 1600 erit
485 1579 511 1601 et
530 1575 616 1603 facilis
626 1578 769 1611 expositio.
794 1579 865 1607 idem
880 1581 953 1608 enim
967 1582 1025 1616 ipse

244 1615 313 1642 Deus
327 1623 359 1642 ex
374 1621 485 1653 utroque
500 1621 597 1654 popqu
608 1623 750 1651 credentes
764 1632 817 1652 non
835 1615 1023 1654 circumcisio-

243 1659 285 1686 nis
302 1666 348 1687 aut
363 1665 485 1698 przeputii
500 1666 653 1702 privilegio,
664 1671 710 1696 sed
726 1670 811 1697 solius
826 1671 886 1698 ﬁdei
899 1677 1022 1700 contem-

242 1704 359 1738 platione
369 1707 509 1741 justiﬁcat.
530 1711 659 1746 Superest
676 1719 702 1740 et
719 1715 799 1742 unius
817 1716 929 1751 syllabae
947 1717 1024 1745 αἰσθ-

242 1751 338 1783 rentia,
353 1752 379 1779 in
396 1761 447 1788 qua
462 1757 580 1784 variasse
596 1759 702 1786 videtur
719 1761 872 1794 Apostolus.
901 1762 958 1790 Non
974 1771 1024 1791 nos

240 1795 326 1823 otiose
338 1803 481 1832 praetereat
494 1803 564 1835 quod
578 1804 642 1832 dicit
654 1805 703 1841 (9),
714 1807 775 1840 quia
790 1808 1022 1836 circumcisionem

239 1847 272 1891 ex
287 1842 338 1870 ﬁde
347 1843 477 1877 justilicct
493 1848 572 1880 Deus,
590 1855 618 1877 et
635 1859 687 1878 non
704 1860 752 1886 per
766 1854 845 1880 fidem
863 1855 900 1887 ‘°;
917 1863 1024 1890 praepu-

240 1890 307 1913 tium
321 1895 386 1916 vero
395 1898 444 1925 per
458 1892 549 1925 ﬁdem,
566 1899 592 1921 et
604 1902 656 1922 non
672 1904 703 1923 ex
719 1897 780 1924 ﬁde.
795 1897 853 1926 Non
869 1900 941 1927 enim
958 1901 1023 1927 mihi

240 1932 347 1963 videtur
363 1937 498 1970 superﬂua
517 1939 586 1972 apud
599 1947 661 1967 eum
677 1941 770 1969 haberi
787 1943 839 1970 ista
857 1945 1024 1979 prmpositio-

241 1986 304 2005 mtm
318 1983 493 2010 commutatio
509 1984 575 2020 (l0),
591 1985 652 2019 quia
676 1987 828 2015 invenimus
846 1991 880 2016 ab
900 1997 932 2017 eo
954 1996 979 2017 et
997 1991 1022 2017 in

239 2024 300 2051 aliis
311 2024 388 2058 locis,
402 2035 455 2054 non
469 2033 496 2054 ut
511 2029 584 2061 libet,
598 2031 645 2058 sed
660 2032 837 2061 observanter
851 2035 909 2062 haec
927 2036 1022 2069 posita,

238 2075 268 2097 ct
283 2073 437 2101 necessario
461 2074 641 2102 diﬂerentiam
665 2077 849 2106 distinctionis
870 2080 950 2114 hujus
963 2089 1023 2108 esse

239 2122 388 2151 servatam,
407 2119 477 2146 sicut
490 2127 550 2148 eum
566 2121 600 2148 de
613 2121 668 2148 Deo
684 2121 798 2157 loquens
814 2125 880 2152 dicit
897 2134 904 2151 :
923 2135 931 2151 ι
952 2126 1024 2159 Quo-

239 2162 312 2189 niam
338 2171 370 2191 ex
399 2164 467 2199 ipso,
500 2170 528 2194 et
556 2175 605 2202 per
629 2170 760 2204 seipsum,
777 2175 804 2197 et
829 2171 854 2197 in
884 2171 941 2204 ipso
959 2176 1022 2198 sunt

238 2209 330 2236 otuuia
344 2210 376 2235 ".
400 2219 410 2236 ι
431 2211 464 2238 Et
488 2210 586 2240 iterum
614 2215 677 2243 alibi
708 2216 795 2243 dicit:
815 2225 824 2241 ‹
846 2216 922 2244 Sicut
948 2218 1020 2245 enim

239 2254 336 2282 mulier
358 2264 391 2284 ex
420 2257 490 2290 viro,
509 2259 549 2286 sic
570 2265 597 2287 et
615 2261 655 2287 vir
683 2269 730 2296 per
753 2261 891 2289 mulierem
910 2272 916 2290 :
932 2263 1022 2290 omnia

239 2307 328 2329 autem
341 2310 373 2330 ex
390 2304 443 2332 Deo
458 2306 488 2334 ¹⁵.
504 2314 514 2331 ι
532 2305 596 2333 Tale
612 2310 652 2333 est
678 2311 705 2333 et
732 2308 803 2342 qtlod
818 2308 851 2335 ad
868 2307 1023 2336 Corinthios

238 2344 332 2372 scribit
348 2354 354 2372 :
373 2356 382 2372 ‹
398 2347 450 2375 Alii
477 2349 587 2385 quidem
616 2357 663 2384 per
691 2349 820 2386 Spiritum
835 2352 915 2378 datur
932 2360 1021 2380 sermo

277 2413 298 2430 "
313 2415 390 2442 Rom.
408 2425 447 2450 tu,
458 2418 502 2445 30.
536 2419 555 2434 ¹⁷
569 2419 645 2449 Rom.
662 2427 699 2448 xr.
714 2420 757 2446 56.

240 2455 279 2479 xt,
294 2450 337 2477 56.
377 2451 421 2478 “l
441 2452 502 2480 Cor.
519 2461 556 2486 xt,
573 2455 616 2481 12.

273 2510 404 2545 (5)Edili,
424 2521 432 2537 α
453 2513 508 2540 Dei.
530 2524 539 2540 ›

274 2545 313 2580 t6)
327 2545 372 2572 Sic
383 2554 476 2574 omnes
494 2557 557 2576 mss.
578 2551 671 2578 nostri.
697 2551 767 2578 Editi
784 2559 857 2584 vero,
876 2561 886 2578 ε
903 2552 970 2579 satis
986 2553 1020 2579 de

240 2579 291 2606 hoc
310 2586 424 2622 angusta
449 2587 475 2622 et
496 2589 570 2610 arcta
587 2586 726 2622 responsio
747 2587 780 2613 ab
800 2579 922 2621 apostolo
937 2587 1019 2614 l’aulo

239 2620 383 2649 praestatur
398 2622 405 2641 :
421 2620 490 2644 satis
505 2620 623 2646 ostendit
637 2622 798 2648 sententiam
813 2620 901 2648 Suam.
920 2631 928 2647 ι

274 2650 312 2684 (7)
326 2650 378 2680 ΑΙ..
398 2659 406 2675 ί
424 2652 542 2685 olzjicere
553 2673 560 2684 ,
580 2664 589 2679 ι
605 2655 685 2682 male.

275 2685 313 2720 (8)
327 2686 413 2719 Alias,
430 2695 438 2710 ι
458 2694 526 2720 quos
538 2689 582 2716 ille
595 2690 724 2717 animales
738 2695 825 2718 vocat.
842 2700 851 2716 ι

276 2720 382 2754 (9)ΑΙ.,
408 2731 419 2761 ε
446 2722 576 2761 superest
607 2728 636 2750 ut.
661 2725 773 2752 unius...
803 2734 856 2752 non
882 2733 930 2753 nos
954 2726 1018 2761 [al.,

242 2763 251 2779 θ
268 2762 378 2793 necatos
394 2755 417 2792 ι]
434 2755 520 2784 otiose
532 2763 676 2791 praztcreat
691 2760 754 2793 quid
768 2761 842 2787 dicit.
862 2771 871 2786 ι

275 2790 330 2826 (l0)
342 2791 396 2825 AL,
408 2790 638 2830 1prgpo$itionis
655 2803 664 2819 ι
680 2790 749 2822 nunc
772 2804 781 2820 (
799 2797 983 2824 commulatio.
1007 2806 1017 2822 ι

798 2421 820 2436 ’⁸
834 2421 914 2448 lCot‘.
930 2430 967 2454 XI,
985 2423 1026 2450 l2.

665 2455 687 2470 ’³
703 2455 789 2482 Gulat.
809 2464 844 2488 IV,
861 2457 887 2483 4.

1076 892 1118 920 nis
1131 892 1263 923 omnium.
1278 896 1306 918 et
1322 891 1372 918 hoc
1386 891 1473 925 ipsum
1487 890 1559 925 qttod
1575 897 1638 924 quae
1656 894 1728 919 sunt.
1745 897 1770 915 ex
1788 888 1820 914 Det

1075 946 1136 966 esse
1151 942 1304 973 coeperunt,
1318 936 1528 971 signiﬁcantiam
1543 935 1639 962 dedit:
1655 945 1664 960 ι
1681 943 1727 968 per
1737 935 1820 968 ipsum

1075 984 1144 1019 quod
1159 991 1190 1010 ea
1206 990 1265 1017 qua:
1287 983 1361 1017 prius
1385 981 1457 1008 facta
1479 980 1598 1011 fuerant,
1619 986 1747 1015 reguntur
1760 980 1818 1006 ctdis

1074 1034 1221 1064 pensantur
1241 1037 1289 1064 per
1302 1036 1362 1055 eum
1388 1036 1402 1054 a
1419 1035 1472 1061 quo
1498 1026 1669 1054 subsisteudi
1689 1026 1820 1052 initiatum

1074 1076 1158 1109 bunt;
1180 1085 1188 1100 ι
1207 1075 1233 1102 in
1262 1075 1329 1110 ipso,
1350 1084 1359 1101 ι
1379 1074 1449 1108 quod
1477 1073 1503 1099 hi
1535 1072 1580 1107 qui
1604 1071 1662 1106 jam
1695 1071 1792 1098 correcti
1812 1077 1820 1096 ε

1075 1121 1209 1149 emendati
1224 1125 1297 1154 sunt,
1312 1121 1338 1148 iu
1353 1120 1437 1155 ipsius
1452 1117 1621 1153 perfectione
1639 1118 1787 1145 consistunt.
1799 1116 1820 1142 Si

1074 1174 1138 1201 ergo
1158 1167 1214 1194 hac
1239 1166 1400 1200 plenissima:
1430 1166 1542 1193 rationis
1569 1170 1665 1192 tenere
1696 1163 1820 1190 differenti:

1074 1212 1220 1239 edocentur
1233 1212 1300 1247 (12),
1330 1217 1359 1239 ut
1384 1212 1456 1246 quod
1483 1211 1670 1242 subsistimns,
1688 1220 1698 1235 ε
1715 1216 1747 1235 ex
1772 1208 1820 1234 Deu‘

1075 1257 1175 1284 habere
1201 1257 1326 1284 dicamur
1349 1264 1355 1281 :
1374 1257 1444 1292 quod
1471 1257 1664 1291 dispensamur
1689 1259 1716 1281 et
1732 1254 1820 1286 negimut

1078 1314 1087 1330 ι
1108 1311 1157 1340 per
1173 1304 1258 1339 ipsum
1271 1314 1281 1330 ι
1296 1304 1352 1330 ﬁeri
1368 1303 1539 1338 designetur:
1554 1303 1628 1336 quod
1644 1308 1711 1328 vero
1721 1301 1745 1326 in
1754 1304 1820 1325 suum:

1075 1350 1251 1385 perfectionis
1262 1349 1445 1381 consistimus,
1458 1358 1467 1374 ‹
1487 1348 1513 1375 in
1528 1348 1587 1382 ipso
1601 1357 1610 1372 I
1623 1354 1687 1374 esse
1697 1346 1820 1373 declamat

1076 1396 1168 1424 Potest
1183 1401 1210 1423 et
1225 1396 1251 1423 in
1273 1395 1400 1431 prmsenti
1419 1394 1477 1421 loco
1497 1394 1560 1421 talis
1582 1393 1712 1427 quadam
1725 1393 1820 1418 obsona

1076 1442 1237 1475 differentia,
1246 1447 1274 1468 ut
1284 1441 1456 1468 circumcisio
1465 1448 1525 1475 quae
1533 1440 1608 1467 velut
1618 1440 1708 1474 primo
1717 1438 1769 1464 loco
1778 1440 1820 1463 etot

1077 1487 1358 1521 dinejustilicatur,ex
1367 1487 1428 1518 ﬁde,
1438 1491 1465 1513 et
1476 1494 1526 1513 non
1538 1493 1586 1520 per
1600 1485 1683 1512 ﬁdem
1692 1480 1820 1518 justiﬁcanri

1294 1533 1453 1568 prmputium
1477 1540 1542 1558 vero
1566 1531 1642 1566 quod
1662 1530 1776 1558 secundo
1793 1528 1820 1554 let

1076 1580 1108 1606 ad
1134 1578 1355 1613 justiﬁeationem
1390 1578 1524 1609 trahitur,
1551 1585 1606 1603 non
1636 1584 1671 1603 ex
1708 1575 1771 1606 ﬁde,
1803 1578 1820 1599 ξε

1075 1624 1157 1659 519
1170 1631 1218 1658 per
1232 1623 1309 1650 ﬁdem
1322 1623 1524 1659 justilicaudum
1539 1623 1664 1649 dicatur.
1685 1623 1750 1649 Puto
1770 1623 1820 1647 antri

1074 1670 1147 1705 quod
1165 1673 1192 1697 et
1215 1669 1242 1696 in
1264 1677 1294 1696 ea
1323 1668 1486 1701 dill'ereutia,
1506 1677 1588 1703 quam
1616 1677 1702 1704 supra
1728 1668 1820 1695 ditium!

1078 1724 1088 1740 ι
1103 1714 1180 1742 Sicut
1194 1715 1265 1741 enim
1289 1715 1385 1742 mulier
1402 1723 1434 1742 ex
1452 1715 1520 1746 viro,
1539 1715 1575 1741 ita
1593 1719 1620 1741 et
1646 1715 1693 1741 vir
1710 1722 1754 1748 per
1768 1711 1820 1739 ntulit

1075 1768 1131 1787 rem
1141 1760 1196 1792 ³³,ι
1220 1760 1325 1795 plenius
1345 1761 1395 1787 ista
1420 1760 1608 1794 designentur.
1642 1759 1737 1786 Primo
1763 1757 1820 1785 cient

1075 1805 1134 1832 loco
1155 1806 1198 1832 vir
1214 1811 1265 1839 est,
1279 1814 1312 1833 ex
1337 1813 1391 1839 quo
1415 1805 1583 1832 descendere
1597 1805 1702 1832 mulier
1715 1805 1820 1832 dicitur,<

1075 1859 1128 1878 non
1143 1859 1191 1886 per
1205 1852 1303 1878 virum.
1316 1851 1441 1878 Secundo
1453 1857 1517 1877 vero
1533 1850 1559 1877 in
1578 1849 1641 1877 loco
1662 1857 1713 1885 per
1728 1848 1820 1876 mulie'ﬁ

1074 1897 1135 1930 vir;
1150 1897 1211 1931 quia
1238 1896 1335 1923 mulier
1363 1896 1516 1923 ministrare
1536 1896 1745 1929 quodammodo
1760 1894 1820 1919 Vidi"

1075 1944 1178 1970 auctori
1196 1943 1264 1975 viro,
1280 1947 1307 1969 et
1333 1942 1393 1969 ideo
1414 1949 1461 1976 per
1479 1942 1623 1968 mulierem
1640 1942 1688 1968 vir
1708 1941 1820 1968 diciturni

1075 1989 1123 2022 sci,
1133 1993 1160 2015 et
1175 1996 1227 2015 non
1238 1996 1270 2015 ex
1286 1987 1408 2014 muliere.
1419 1987 1471 2013 Sed
1486 1986 1614 2014 fortassis
1626 1990 1755 2014 occurrat
1769 1985 1820 2015 :th

1075 2035 1137 2061 huic
1155 2034 1187 2060 de
1207 2033 1319 2060 muliere
1336 2038 1363 2058 et
1388 2033 1446 2058 viro
1461 2031 1631 2065 cxpesitioni
1652 2037 1762 2060 nostrae,
1774 2024 1820 2055 cH"

1071 2080 1149 2113 jiciat
1165 2079 1240 2109 illud,
1256 2078 1326 2113 quod
1344 2078 1412 2104 dixit
1428 2077 1573 2112 Apostolus
1586 2077 1622 2103 de
1639 2076 1768 2103 Christo:
1784 2071 1820 2098 (ἢ

1074 2130 1146 2152 ctntn
1163 2132 1195 2151 ex
1213 2124 1336 2156 muliere,
1353 2123 1453 2149 factum
1467 2121 1518 2149 sub
1531 2122 1642 2156 lege“;
1660 2131 1671 2148 ι
1684 2126 1771 2148 etnon
1782 2117 1820 2144 dati

1075 2170 1176 2196 factmn
1188 2177 1236 2204 per
1250 2169 1400 2195 mulierem.
1416 2167 1464 2194 Cui
1479 2168 1529 2194 hoc
1547 2168 1632 2194 modo
1645 2164 1820 2201 respondentia

1075 2220 1148 2251 puto.
1163 2216 1200 2242 De
1219 2215 1292 2242 omni
1312 2214 1420 2249 quidem
1436 2213 1546 2240 homine
1561 2214 1713 2241 conveniet
1729 2211 1777 2239 dici
1788 2212 1820 2243 qui

1074 2269 1122 2296 per
1136 2261 1274 2288 tuuliercm
1286 2260 1374 2287 factus
1386 2260 1431 2293 sit,
1440 2259 1570 2294 quoniam
1582 2259 1700 2294 quidem
1710 2259 1820 2292 priusqui

1075 2313 1123 2340 per
1136 2305 1275 2333 mulierem
1287 2310 1456 2336 nasceretur,
1468 2312 1499 2331 ex
1512 2305 1571 2332 viro
1584 2304 1695 2339 accepit
1704 2303 1820 2331 exordium

1074 2353 1200 2380 Christus
1216 2360 1290 2385 vero,
1309 2353 1354 2387 qui
1372 2360 1424 2380 non
1441 2359 1474 2380 ex
1490 2353 1598 2380 sentiae
1624 2352 1678 2379 viri
1701 2350 1787 2379 carnis
1802 2352 1820 2373 sl

1064 2422 1286 2455 ιειαοι-.κιι,8.
1324 2423 1346 2438 ιο
1360 2422 1438 2450 Joan.
1454 2429 1474 2454 ι,
1491 2423 1520 2450 3.
1558 2423 1580 2438 ει
1599 2422 1666 2450 ibid.
1680 2422 1707 2448 ι.
1748 2405 1820 2444 "ﬁci

1074 2515 1212 2546 ltuhauus,
1229 2524 1237 2540 ε
1255 2514 1453 2548 praepositionis
1472 2523 1483 2540 ›
1498 2521 1547 2548 per
1561 2523 1570 2538 ι
1588 2514 1777 2541 commutatio.
1794 2521 1801 2536 i

1109 2549 1164 2590 _(ll)
1178 2549 1268 2590 codex
1282 2549 1455 2590 Ebroicensis
1470 2554 1502 2590 et
1530 2548 1675 2590 {le-rimus,
1695 2558 1706 2574 ε
1728 2550 1820 2590 quia!

1074 2581 1222 2619 principale
1249 2588 1300 2616 est,
1326 2583 1505 2618 intelligentia
1531 2584 1714 2618 designatur;
1738 2581 1751 2608 ⁷»
1775 2581 1820 2619 Grrj

1073 2618 1189 2646 hrardus
1209 2626 1285 2651 vero,
1302 2627 1312 2644 ί
1338 2626 1398 2653 quae
1418 2624 1480 2653 post
1500 2618 1652 2653 principale
1677 2619 1820 2652 ὶηιειιὶεωυ

1074 2655 1207 2688 designat,
1226 2663 1235 2679 ι
1254 2655 1353 2681 rectius
1379 2653 1425 2680 alii
1448 2661 1517 2680 mss.
1542 2654 1630 2680 nostri
1663 2659 1693 2681 ut
1720 2654 1747 2680 in
1772 2654 1820 2677 om”

1073 2694 1155 2716 textu.

1107 2724 1163 2757 (12)
1179 2723 1226 2751 Sic
1247 2723 1367 2758 potiores
1387 2730 1452 2751 mss.
1476 2723 1564 2751 nostri
1584 2729 1613 2751 et
1634 2722 1778 2751 Iulianus.
1800 2716 1820 2744 Si

1074 2769 1082 2784 ε
1102 2760 1255 2786 educentur.
1278 2767 1287 2784 ι
