1831 3049
419 108 597 141 COMMENT.
614 110 647 138 IN
667 111 778 140 EPIST.
797 112 852 140 AD.
873 113 955 142 llOM.
974 115 1038 144 LIB.
1061 116 1103 144 lll.

1515 127 1567 155 958

9 164 41 191 sit
60 165 223 200 originem,
243 166 339 194 merito
357 176 366 193 ι
381 176 414 195 ex
429 169 563 198 muliere)
579 171 667 198 factus
681 171 722 198 di-
739 175 762 202 Α
776 171 873 206 legem.
892 173 945 200 Sed
964 179 990 201 et
1016 175 1061 202 illa
1079 184 1253 213 nequaquam
1270 180 1350 208 nobis
1377 187 1565 217 prattcreunda

24 210 79 245 Ipsi
98 219 240 247 namque,
255 214 280 240 id
297 218 338 241 est
357 215 475 247 mulieri,
504 221 531 244 ct
557 217 613 251 ipsa
631 218 731 251 princi-

9 257 88 292 origo
105 259 207 286 carnis
221 260 280 294 ejus
296 260 453 293 ascribitur,
473 266 500 289 ct
524 268 598 290 recte
616 271 668 290 non
682 272 729 297 per

10 312 79 335 rem,
106 306 159 333 sed
189 316 200 332 ι
216 314 251 333 ex
271 307 406 335 muliere»
431 309 518 337 factus
542 310 577 337 ab
600 310 729 344 Apostolo

9 357 105 380 tratur.
122 352 269 382 Justificat
288 362 353 390 ergo
377 363 446 383 unus
471 361 552 391 atque
568 358 637 384 idem
658 359 727 386 Deus

9 399 168 425 ncisionem
184 408 220 426 ex
236 400 298 432 fide,
316 406 342 428 et
357 403 518 436 prmputium
538 411 586 438 per
601 404 679 431 fidem
692 406 723 432 ".

25 445 47 472 si
61 445 121 479 (l5)
143 446 276 480 requirat
302 447 401 481 aliquis
424 448 570 482 curiosius,
591 450 608 477 ii
631 452 677 486 qui
693 459 725 478 cx

9 491 196 524 istificantur,
210 499 261 525 per
271 500 350 526 quem
362 493 566 528 justiiicentur;
579 500 606 523 et
617 504 725 524 rursum

23 543 71 570 per
86 536 173 563 fidem
193 536 396 571 justilicantur,
413 547 446 566 ex
458 540 723 574 quojustilicentur:

9 583 131 611 'ortassis
153 584 245 612 multa
264 585 290 611 in
308 585 358 613 hoc
380 587 525 615 curiositas
537 588 670 622 videnlur,
685 595 724 617 ta-

9 629 215 657 convenienter
241 631 332 658 dicere
355 639 507 665 possumus,
526 634 598 667 quod
616 635 661 669 qui
689 643 723 662 ex

10 677 192 710 tstilicantur,
208 677 291 704 initio
304 685 337 705 ex
351 678 404 706 lide
419 684 527 714 sumpto
538 688 586 714 per
594 682 724 716 adimple-

9 731 25 749 ῐΙ
40 724 178 750 bonorum
194 731 311 758 operum
329 731 566 758 consummantur,
578 732 603 753 et
677 735 723 762 per

19 770 224 804 justiticantur,
237 778 252 797 a
270 771 348 798 bonis
360 772 489 806 operibus
503 773 593 799 exorsi
608 773 662 808 (l4)
675 782 723 808 per

24 824 162 843 summam
188 817 368 851 perfectionis
390 820 539 853 accipiunt.
557 821 592 846 lta
617 826 719 847 utrum-

9 862 52 888 sibi
87 862 240 890 adhzerens
270 863 385 891 alterum
413 872 446 891 ex
476 865 563 892 altero
594 873 722 893 consum—

18 954 50 981 Et
69 959 222 990 propterea
243 960 308 990 pulo
321 956 480 990 Apostolum
496 960 588 986 statim
609 962 634 988 in
653 970 719 989 con-

9 1000 99 1027 ntibns
109 1001 241 1034 posuisse
257 1009 264 1027 :
281 1009 290 1026 ι
304 1000 403 1036 Legem
418 1011 483 1038 ergo
495 1012 658 1033 eVacuamus
673 1015 721 1042 per

14 1045 25 1070 ’Β
48 1045 145 1078 Absit;
163 1046 212 1073 sed
246 1045 331 1081 legem
355 1049 540 1076 statuimus".
557 1059 567 1076 ι
585 1050 718 1084 Quoniam

9 1090 155 1121 acrioribus
174 1091 209 1118 ad
225 1092 306 1119 fidem
324 1099 422 1121 cuncta
432 1095 507 1122 visus
523 1101 564 1122 est
581 1104 718 1132 revocare,

9 1135 46 1162 .ibi
63 1136 136 1170 quod
153 1137 189 1163 ab
203 1137 261 1164 alio
273 1139 386 1173 proponi
403 1145 494 1174 posset
510 1141 633 1169 obtendit
650 1143 716 1177 (15),

9 1181 34 1206 :it
48 1189 54 1208 :
69 1181 98 1208 Si
115 1189 165 1216 per
186 1182 272 1209 fidem
285 1183 451 1218 justilicatur
466 1185 558 1218 homo,
572 1191 599 1213 et
620 1195 671 1214 non
683 1195 716 1216 ex

9 1228 51 1254 bus
66 1227 144 1262 legis,
169 1233 198 1255 et
227 1228 252 1255 si
271 1229 340 1256 Deus
357 1230 595 1258 circumcisiouem
611 1240 642 1259 ex
664 1234 717 1260 [ide

9 1277 63 1305 teat,
73 1278 100 1300 et
109 1274 278 1308 praeputium
288 1282 337 1309 per
348 1275 439 1308 fidem,
448 1276 532 1311 legem
544 1284 609 1312 ergo
621 1272 721 1312 Moysi,-

9 1316 49 1348 tle,
66 1317 185 1346 destruis
202 1326 254 1352 per
275 1319 377 1346 iidem?
400 1319 454 1348 Sed
477 1321 510 1347 ad
538 1322 589 1349 hoc
605 1322 662 1356 ipse
674 1330 717 1350 re-

9 1363 61 1390 leus
82 1364 148 1391 dicit
166 1372 173 1390 :
190 1374 199 1390 ι
211 1363 306 1397 Absit;
337 1365 391 1392 imo
420 1367 505 1401 legent
532 1368 687 1401 statuimus,
703 1379 712 1395 ι

10 1413 32 1435 st
45 1410 253 1438 conlirmamus.
269 1411 322 1438 Sed
333 1419 422 1446 opera:
439 1413 559 1446 pretium
571 1419 612 1441 est
626 1415 716 1442 videre

9 1455 61 1482 todo
79 1455 166 1491 legem
186 1464 218 1484 se
247 1456 411 1485 continuare
434 1460 601 1493 pronuntiet,
616 1460 662 1495 qui
688 1461 714 1487 in

780 217 887 245 videtur
899 219 1026 254 objectio,
1039 230 1120 257 quam
1134 223 1323 260 proierrequis
1335 232 1466 261 potest,et
1476 231 1567 258 dicere

779 264 850 297 quod
873 266 1011 293 contraria
1035 268 1087 295 sibi
1116 269 1241 297 scribere
1265 271 1389 299 videatur
1410 274 1564 308 Apostolus,

777 317 840 337 cum
860 310 887 337 in
911 313 1038 345 przesenti
1055 314 1163 347 quidem
1181 315 1242 343 loco
1257 316 1322 344 dicit
1337 325 1389 345 non
1406 319 1508 347 destrui
1525 321 1565 348 le—

777 363 847 390 gem,
865 361 910 384 sed
924 360 1078 387 conﬁrmari
1100 361 1170 397 (l7);
1189 362 1215 388 in
1233 363 1352 390 Secunda
1373 372 1440 392 vero
1456 366 1489 392 ad
1513 366 1564 394 Co-

777 403 891 430 rinthios
916 405 951 431 ita
980 406 1095 434 scribit:
1115 407 1212 441 tQttod
1228 408 1250 435 si
1269 409 1450 437 ministerium
1468 413 1564 439 mortis

777 447 803 474 in
831 448 929 476 litteris
954 450 1100 478 formatum
1126 453 1152 479 in
1174 453 1326 487 lapidibus,
1344 454 1444 482 factum
1472 463 1514 483 est
1535 457 1561 483 in

775 493 871 528 gloria,
895 495 930 521 ita
950 501 979 523 ut
996 505 1051 524 non
1070 504 1181 531 possent
1200 499 1340 527 intendere
1363 500 1410 528 filii
1433 501 1516 529 lsrael
1534 503 1560 529 in

776 540 871 568 facient
892 541 974 578 Moysi
997 548 1106 577 propter
1123 544 1238 579 gloriam
1255 547 1344 574 vultus
1365 547 1424 581 ejus
1439 556 1499 583 quae
1512 549 1560 576 de-

775 587 899 618 struitur,
916 587 1051 621 quot-nodo
1065 596 1118 615 non
1144 590 1229 624 magis
1247 591 1426 618 ministerium
1444 593 1561 627 Spiritus

774 632 827 658 erit
851 633 877 659 in
901 633 983 668 gloria
1000 634 1040 661 "‘l
1055 644 1064 661 ι
1086 635 1118 662 Ει
1130 636 1211 670 paulo
1236 642 1316 671 post:
1336 647 1344 663 ι
1360 638 1387 665 Si
1404 639 1475 665 enitn
1488 641 1560 673 quod

774 677 934 711 tlestruitur,
950 687 997 713 per
1016 681 1129 715 gloriam
1143 689 1203 715 est;
1220 682 1304 709 multo
1319 684 1405 718 magis
1416 686 1487 718 quod
1504 692 1561 711 ma-

774 727 828 753 net.
850 724 875 750 in
893 724 978 759 gloria
993 726 1072 752 est".
1092 736 1102 753 ι
1121 727 1179 754 Dici
1197 735 1263 762 ergo
1281 733 1371 761 potest
1389 730 1454 764 quia
1472 730 1558 763 gloria

774 769 864 796 vultus
876 769 959 805 Moysi
975 779 1033 806 qua:
1045 773 1205 806 dcstruitur,
1221 780 1247 802 et
1262 775 1313 802 hoc
1324 776 1395 809 quod
1407 775 1472 802 dicit
1488 783 1494 800 :
1508 785 1517 801 ε
1531 776 1559 802 Si

773 815 922 848 euimquod
936 816 1154 852 destruitur,pcr
1166 818 1279 852 gloriam
1298 824 1348 852 est,
1366 830 1375 846 ι
1391 821 1559 848 contrarium

773 861 858 887 videri
875 861 937 889 huic
952 864 1094 890 sententia:
1110 871 1162 898 qua
1180 867 1353 898 pronuntiat:
1367 866 1425 894 Non
1438 868 1558 895 destrui-

772 913 830 932 mus
856 906 941 942 legem
961 916 1009 943 per
1036 909 1125 942 fidem,
1145 911 1192 938 sed
1207 911 1351 939 statuimus
1364 917 1392 940 et
1408 914 1555 940 conﬁrma-

772 959 831 978 tnus
842 952 874 979 ³¹.
889 953 941 979 Sed
961 954 1021 980 vide
1043 955 1066 982 si
1085 956 1220 989 possimus
1233 957 1288 992 (18)
1307 958 1358 985 hoc
1383 958 1464 986 tuodo
1486 961 1557 993 quod

771 995 922 1023 intentatur
936 998 1087 1026 absolvere.
1097 999 1155 1027 Non
1171 1006 1212 1027 est
1227 1001 1297 1028 idem
1313 1004 1385 1036 quod
1402 1003 1471 1030 dixit
1487 1004 1553 1038 (l9):

773 1041 893 1075 thgem
921 1043 1097 1077 tlestruimus,
1113 1055 1122 1071 ι
1150 1051 1188 1078 et,
1213 1046 1256 1073 lex
1280 1047 1438 1075 destruitur.
1459 1049 1556 1077 Paulus

770 1095 835 1122 ergo
855 1088 881 1114 in
898 1089 1023 1123 przesenti
1050 1090 1110 1118 loco
1130 1091 1181 1118 hoc
1198 1093 1367 1126 pronuntiat,
1380 1095 1451 1128 quod
1468 1095 1554 1130 legem

770 1134 825 1168 ipse
843 1142 895 1161 non
909 1135 1040 1163 destruat.
1052 1135 1117 1163 Nam
1135 1141 1162 1164 et
1178 1137 1200 1165 si
1217 1138 1418 1166 destruiturlex
1432 1148 1479 1175 per
1495 1148 1554 1167 eznn

769 1188 828 1214 qua:
839 1183 1023 1215 supereminet
1038 1182 1166 1217 gloriam,
1183 1192 1236 1211 non
1251 1192 1300 1218 per
1316 1184 1442 1218 Paulum,
1468 1194 1555 1220 neque

767 1232 815 1260 per
828 1226 910 1252 alium
927 1227 1045 1262 aliquem
1068 1233 1225 1255 sanctorum
1256 1230 1416 1258 destruitur.
1434 1231 1511 1259 Unde
1527 1238 1556 1259 ct

768 1272 825 1305 ipse
842 1271 971 1299 Dominus
994 1273 1120 1301 dicebat:
1138 1283 1147 1300 ι
1169 1275 1225 1301 Non
1242 1276 1302 1303 veni
1323 1276 1427 1304 solvere
1453 1277 1553 1313 legent,

767 1318 814 1344 sed
827 1317 976 1352 adimplere
986 1319 1018 1344 ³³.
1032 1329 1041 1345 ι
1054 1319 1149 1348 Nullus
1158 1329 1223 1355 ergo
1236 1326 1402 1355 sanctorum,
1413 1332 1463 1351 nec
1471 1323 1554 1360 520

766 1362 824 1397 ipse
843 1363 971 1391 Dominus
986 1365 1100 1393 destruit
1125 1365 1224 1401 legem,
1240 1368 1287 1394 sed
1304 1368 1390 1402 gloria
1407 1370 1464 1403 ejus
1483 1375 1552 1398 tem-

766 1410 868 1444 poralis
883 1416 910 1438 et
926 1413 1113 1446 pcrtransiens
1136 1421 1149 1439 a
1167 1413 1252 1448 gloria
1274 1421 1376 1442 aeterna
1398 1421 1425 1442 et
1445 1423 1553 1451 perma-

766 1460 848 1482 nente
875 1457 1025 1484 destruitur
1049 1463 1076 1484 et
1104 1463 1259 1493 superatur.
1286 1458 1360 1486 Unde
1387 1460 1447 1488 vide
1470 1469 1551 1495 quam

9 1500 110 1529 ‘ioribus
127 1502 242 1535 dixerit,
260 1503 323 1538 quia
337 1512 390 1531 non
410 1503 576 1538 justificetur
590 1507 669 1533 homo
681 1515 714 1535 ex

799 1508 844 1528 ute
860 1506 887 1528 et
907 1503 1102 1537 perspicaciter
1121 1504 1406 1539 apostolicaalegenda:
1420 1506 1474 1532 sint
1488 1506 1546 1533 Lit-

9 1546 52 1573 bus
70 1547 177 1583 legis".
196 1548 325 1577 Salvator
346 1551 372 1577 in
390 1551 547 1585 Evangeliis
560 1551 637 1583 dicit,
652 1553 713 1587 quia

9 1599 57 1624 yses
77 1595 108 1621 de
129 1602 173 1622 nte
194 1595 349 1630 scripsit".
366 1605 376 1622 ι
393 1596 443 1629 Qui
461 1604 525 1631 ergo
550 1605 602 1624 non
628 1599 714 1626 credit

9 1641 46 1670 tto,
64 1639 96 1667 de
115 1647 171 1675 quo
188 1641 298 1677 Moyses
324 1643 436 1676 scripsit
460 1642 486 1669 in
511 1642 582 1676 lege,
597 1644 714 1672 destruit

9 1690 31 1715 i;
48 1685 92 1719 qui
113 1692 204 1714 autem
225 1688 314 1715 credit
339 1688 459 1722 Christo,
475 1689 508 1716 de
530 1696 584 1723 quo
607 1689 713 1725 Moyses

9 1729 47 1762 sit,
61 1730 142 1766 legem
158 1734 306 1760 continuat
321 1741 369 1767 per
390 1733 481 1766 iidem,
495 1734 559 1769 quia
581 1736 667 1762 credit
686 1735 711 1762 in

9 1779 71 1803 tum.
85 1776 178 1805 Fidem
196 1783 289 1806 autem
305 1780 422 1807 dicimus
437 1780 463 1806 in
480 1780 603 1811 Patrem,
618 1787 644 1808 ct
665 1781 710 1808 [τίς

19 1823 43 1845 ει
56 1821 185 1855 Spiritum
209 1828 336 1851 sanctum
356 1825 499 1858 integram,
518 1825 635 1859 plenam,
650 1834 713 1861 per-

9 1871 38 1895 Ιιι.
54 1874 110 1901 quae
126 1868 182 1903 (l6)
205 1870 275 1897 nihil
299 1871 448 1903 diversum,
467 1871 531 1897 nihil
553 1872 722 1908 discrepans

9 1915 138 1940 ttraneum
150 1915 176 1942 in
186 1915 321 1943 Trinitatc
331 1916 484 1950 profitetur.
499 1917 563 1944 Nam
578 1917 708 1951 Marcion,

9 1955 70 1984 ilium
92 1959 157 1987 dicit
182 1961 266 1989 Deum
281 1962 362 1996 legis,
375 1963 455 1989 alium
471 1963 579 1990 Patrem
596 1964 709 1998 Christi,

9 2001 68 2030 idem
83 2012 158 2034 suam
176 2015 229 2035 non
250 2009 356 2040 statuit,
379 2017 465 2043 ncquc
490 2010 644 2042 conﬁrmat,
662 2011 710 2038 sed

10 2049 45 2075 uit
59 2049 152 2085 legem.
169 2053 226 2081 Hoc
241 2060 268 2081 et
282 2054 367 2082 Ebion
391 2055 474 2087 facit;
491 2056 543 2083 hoc
562 2061 589 2082 et
614 2065 710 2085 omnes

9 2101 21 2120 ιι
41 2095 89 2124 fide
110 2099 243 2127 catholica
267 2099 368 2134 aliquid
396 2101 579 2134 corruptionis
593 2102 709 2129 interse-

18 2139 68 2175 Ego
81 2144 160 2172 etiam
181 2145 246 2173 illud
271 2148 466 2174 convenienter
481 2147 619 2181 adjiciam,
637 2148 708 2183 quod

768 1551 841 1574 terat.
872 1547 929 1575 Non
952 1549 1043 1576 dixit:
1060 1549 1174 1585 «Neque
1202 1551 1274 1578 enim
1301 1551 1481 1586 glorificatutu
1508 1558 1552 1581 est

765 1592 837 1624 quod
852 1592 998 1626 gloriosum
1017 1599 1059 1620 est
1069 1594 1103 1626 ³³,
1115 1604 1124 1619 ι
1143 1600 1171 1622 ct
1196 1595 1287 1629 siluit;
1314 1597 1433 1632 alioquin
1451 1598 1549 1626 falsum

765 1637 903 1664 videretur
920 1640 1069 1673 (quomodo
1086 1640 1157 1667 enim
1176 1642 1248 1676 quod
1269 1642 1417 1677 gloriosum
1439 1649 1482 1670 est
1496 1652 1549 1673 non

763 1688 835 1710 esset
855 1683 1089 1719 glorilicatum?),
1113 1686 1160 1712 sed
1185 1687 1307 1714 addidit;
1329 1695 1338 1712 ί
1351 1687 1466 1723 Propter
1487 1697 1548 1716 eam

763 1736 824 1763 qua:
850 1731 1034 1763 supereminet
1068 1731 1182 1765 gloriam
1199 1740 1226 1764 ς»
1243 1736 1271 1758 ιιι
1299 1735 1454 1761 ostenderet
1494 1743 1547 1762 non

762 1782 777 1802 a
795 1782 955 1810 quocunque
983 1776 1085 1803 destrui
1109 1777 1224 1812 gloriam
1250 1778 1346 1814 Moysi,
1362 1779 1387 1805 id
1411 1784 1452 1807 est
1468 1780 1546 1814 legis,

763 1820 820 1852 sed,
844 1825 870 1847 ut
899 1821 1028 1853 diximus,
1046 1829 1079 1848 ex
1102 1823 1306 1857 comparatione
1325 1824 1436 1859 majoris
1453 1825 1547 1860 gloriae

761 1873 820 1900 qua:
836 1865 862 1892 in
875 1865 984 1892 Christo
999 1871 1051 1899 cst,
1066 1867 1155 1900 obtegi
1169 1872 1195 1893 et
1208 1868 1348 1895 obscurari
1364 1877 1422 1896 eam
1433 1870 1546 1903 gloriam

761 1920 820 1948 qua:
833 1913 859 1939 in
881 1913 938 1947 lege
952 1918 1008 1945 est;
1019 1917 1045 1938 et
1061 1913 1121 1939 idco
1149 1913 1232 1940 dicit:
1250 1923 1259 1939 ι
1273 1914 1301 1941 Si
1316 1915 1388 1941 enim
1412 1916 1483 1950 quod
1499 1916 1547 1943 de-

760 1961 885 1990 struitur.
902 1968 950 1995 per
962 1960 1076 1995 gloriam
1092 1964 1149 1992 est;
1166 1960 1250 1987 tnulto
1265 1961 1349 1995 magis
1362 1962 1432 1996 quod
1444 1968 1547 1995 manet,

760 2006 787 2032 in
808 2005 892 2041 gloria
921 2011 963 2033 est
974 2006 1008 2033 ³⁵.
1024 2015 1032 2031 ι
1048 2005 1158 2033 Manere
1183 2014 1242 2040 qua:
1258 2006 1360 2034 Christi
1385 2013 1449 2035 sunt
1469 2009 1546 2041 dicit,

760 2053 861 2080 destrui
877 2060 936 2087 qua:
952 2052 1035 2087 Moysi
1052 2058 1115 2079 sunt
1130 2060 1137 2079 :
1154 2052 1201 2079 sed
1226 2052 1327 2079 destrui
1348 2061 1401 2080 non
1425 2062 1472 2088 per
1497 2055 1546 2081 ho-

759 2098 871 2129 minem,
884 2098 930 2124 sed
946 2106 979 2125 ex
998 2097 1213 2132 comparatione,
1227 2102 1256 2124 ut
1274 2097 1401 2131 diximus,
1415 2106 1546 2138 superve:

760 2144 860 2171 uientis
875 2143 930 2179 ('20)
944 2143 1052 2178 glori-.2;
1066 2143 1194 2177 quoniam
1208 2143 1317 2178 quidem
1337 2152 1347 2169 ‹
1362 2143 1403 2170 lex
1419 2145 1545 2179 pa-dago—

9 2193 20 2213 ε
31 2188 72 2221 qui
86 2191 200 2219 credens
212 2192 322 2219 Christo
338 2193 406 2220 bene
419 2194 485 2227 agit,
502 2198 527 2220 et
543 2194 665 2220 continet
679 2201 709 2220 se
724 2188 746 2216 D
760 2197 809 2225 gus
826 2195 918 2216 uoster
933 2189 983 2216 fuit
1004 2189 1029 2215 in
1052 2189 1162 2216 Christo
1177 2197 1186 2213 ι
1202 2189 1287 2215 donec
1309 2188 1412 2215 veniret
1433 2198 1442 2214 ‹
1456 2189 1544 2226 pleni-

9 2232 48 2258 nni
63 2236 163 2263 macula
179 2238 294 2272 peccati,
309 2239 352 2265 hic
366 2239 450 2274 legem
466 2239 510 2266 Dei
527 2243 598 2265 recte
614 2239 708 2266 viven-

9 2278 132 2315 tnl‘trmat;
148 2285 194 2318 qui
220 2293 286 2312 vero
305 2293 427 2320 praeceps
447 2289 618 2319 peccatorum
636 2285 709 2311 vitiis

11 2328 65 2354 net
76 2326 131 2355 sine
143 2330 198 2357 ullo
214 2330 363 2365 prenitendi
383 2329 534 2357 retinaculo
551 2330 708 2357 assiduitate

12 2375 63 2397 rum
86 2375 244 2409 maculatur,
263 2377 306 2403 hic
317 2376 400 2403 etiam
427 2376 449 2401 si
470 2377 582 2402 credere
598 2376 708 2403 Cbrisw

9 2416 64 2447 lllll',
77 2422 124 2450 per
136 2420 216 2448 ﬁdem
232 2429 309 2448 suam
335 2425 390 2448 non‘
406 2421 513 2452 statuit,
528 2421 573 2447 sed
591 2420 708 2447 destruit

16 2482 85 2513 Rom.
100 2495 140 2520 tu,
154 2489 198 2517 50.
254 2491 275 2506 ’⁸
288 2490 353 2517 ibid.
370 2491 415 2518 51.
471 2491 492 2506 ²⁷
510 2490 589 2516 Rom.
607 2498 643 2520 nt,
658 2490 703 2516 ‘20.

9 2526 51 2545 um.
66 2528 105 2555 tu,
122 2524 164 2552 '5].

254 2491 275 2506 ’⁸
288 2490 353 2517 ibid.
370 2491 415 2518 51.

205 2527 227 2541 ³³
241 2526 337 2553 Matth.
355 2534 379 2557 v,
402 2526 443 2552 l7.

38 2576 106 2619 Quod
125 2582 156 2614 si,
173 2589 225 2619 etc.
251 2585 316 2612 Vide
338 2585 561 2619 Origeuimwrum
603 2583 648 2609 lib.
670 2592 700 2616 ιι,

9 2614 32 2646 ξι·
46 2611 71 2646 7,
85 2611 155 2644 ιιιιιιιξ
173 2618 213 2646 ιι,

41 2644 234 2686 pPllebt-ardus,
250 2665 258 2680 ι
273 2655 387 2686 extorsi,
401 2663 409 2679 ι
428 2654 507 2681 male.

42 2681 105 2723 idem
120 2681 345 2723 Gencbrarduth
356 2681 486 2721 ostendit,
501 2698 510 2714 ι
530 2689 608 2714 male.

9 2713 29 2746 ⁵)
43 2716 83 2754 sic
105 2713 556 2754 mss/citi
576 2713 702 2751 rrFidere

9 2754 30 2792 '_'_‘_
51 2751 155 2792 diCiqus
181 2757 205 2785 in
238 2751 344 2787 Patrem
370 2766 399 2787 et
416 2759 512 2786 Filium
528 2751 555 2785 et
570 2758 700 2792 Spiritum

9 2786 118 2853 :‘lzl‘iittui
128 2791 266 2852 lintegrata
283 2786 474 2827 substantiam,
490 2786 604 2829 plcuani,
613 2793 701 2828 perie-

16 2836 22 2848 1
77 2831 94 2853 ιδ
111 2832 124 2852 c
137 2834 159 2853 ο.

16 2836 22 2848 ¹
35 2827 94 2853 quiti
111 2830 159 2853 CIC.

481 2526 503 2540 ³³
519 2524 539 2551 ll
557 2526 619 2552 αυτ.
637 2533 677 2555 ιιι,
697 2525 737 2551 10.

760 2235 824 2262 tudo
843 2239 993 2269 temporum
1002 2235 1040 2266 a';
1054 2244 1062 2260 I
1078 2240 1114 2267 et,
1131 2234 1200 2261 sicut
1216 2233 1344 2266 dicimus,
1361 2235 1542 2261 necessarium

758 2289 818 2308 esse
830 2289 899 2316 Opus
927 2281 1076 2315 piuliﬂSﬂgi,
1091 2281 1175 2307 donec
1192 2279 1324 2314 parvulus
1339 2284 1380 2307 est
1396 2280 1419 2306 is
1431 2280 1476 2314 qui
1493 2281 1543 2307 sub

759 2327 902 2362 picdagogo
919 2331 971 2358 est,
986 2326 1090 2353 destrui
1112 2330 1201 2353 autent
1219 2331 1246 2353 et
1271 2333 1324 2352 non
1340 2330 1401 2353 esse
1417 2333 1542 2353 necessa-

760 2373 828 2399 rium
849 2373 967 2399 oilicium
988 2372 1135 2406 paedagogi,
1151 2380 1213 2398 cum
1232 2372 1265 2400 ad
1283 2371 1475 2406 perfectionem
1497 2379 1542 2398 ve-

760 2420 830 2447 nerit
841 2419 863 2446 is
880 2419 925 2453 qui
941 2418 989 2445 sub
1004 2419 1149 2453 ptedagogo
1163 2418 1232 2451 fuit;
1248 2418 1285 2445 ila
1300 2418 1417 2445 dicimus
1440 2418 1543 2447 destrui

1035 2489 1057 2503 π
1072 2488 1091 2514 ll
1104 2488 1165 2515 Cor.
1182 2496 1222 2519 ιιι,
1243 2489 1270 2521 7,
1286 2489 1312 2517 8.
1362 2488 1385 2503 ³⁸
1400 2487 1465 2515 ibid.
1496 2488 1540 2515 ll.

1001 2524 1023 2539 ³⁵
1037 2523 1124 2550 Galat.
1143 2531 1186 2555 tu,
1200 2524 1245 2550 ‘24.

757 2490 779 2504 ”‘
794 2488 871 2515 Joan.
890 2497 914 2519 v,
930 2487 972 2515 45.

789 2525 810 2539 ³³
824 2525 888 2550 ibid.
909 2525 949 2550 ll.

794 2583 850 2618 (l7)
861 2583 905 2610 Sic
917 2590 985 2622 mss.
998 2583 1032 2610 At
1049 2583 1186 2622 Rabantts,
1202 2591 1211 2607 ι
1223 2590 1287 2622 eum
1299 2582 1324 2622 in
1340 2581 1465 2616 praesenti
1481 2581 1542 2622 qui?

758 2618 817 2644 dem
834 2626 886 2644 non
907 2619 1047 2644 destruere
1074 2619 1167 2652 legem,
1183 2617 1229 2644 sed
1255 2617 1432 2652 continuare;
1446 2626 1455 2643 ι
1472 2617 1538 2645 editi

756 2661 837 2685 vero,
854 2662 862 2678 I
874 2660 933 2679 cum
951 2654 976 2679 in
993 2651 1116 2687 prwsenii
1131 2654 1239 2686 quidem
1256 2651 1315 2679 loco
1331 2652 1408 2686 dicit,
1425 2659 1477 2679 non
1491 2652 1540 2679 do-

756 2688 835 2715 struit
852 2688 947 2721 legem,
964 2690 1011 2714 sed
1029 2688 1182 2714 continuat.
1199 2697 1209 2713 ι

806 2722 846 2758 t8)
861 2722 946 2754 I‘itliti,
969 2732 978 2748 ι
989 2722 1042 2750 Sed
1059 2723 1122 2750 inde
1138 2730 1292 2758 pOssumus,
1306 2731 1315 2747 ι
1334 2721 1414 2749 male.

861 2758 945 2797 ﬁlias,
961 2767 970 2783 ι
983 2758 1058 2785 dicit.
1071 2767 1080 2783 ι
1107 2794 1112 2797 _
1139 2757 1143 2758 7
1269 2793 1275 2797 _
1287 2792 1303 2797 __
1513 2791 1519 2797 ι

791 2793 848 2827 (20)
867 2793 913 2820 Sic
938 2801 1004 2820 mss.
1029 2794 1114 2821 uestri
1134 2801 1239 2822 omnes.
1262 2793 1347 2827 Alias,
1364 2793 1536 2827 «superemi—

755 2828 852 2860 ncntis,
866 2837 876 2854 ι
895 2828 973 2856 male.
