1831 3049
276 125 330 154 959

273 187 329 222 jam
342 192 409 219 opus
419 183 484 218 legis
502 192 511 207 ι
525 182 570 210 ubi
585 182 696 210 advenit
710 181 851 217 plenitudo
870 181 999 215 temporis
1008 181 1041 212 “,
1053 188 1062 205 ›
1080 183 1102 212 Α
1116 182 1187 216 quod
1209 180 1272 208 alibi
1294 180 1395 207 dicitur
1418 189 1425 207 ε

275 238 302 259 et
322 231 391 258 ﬁlius
404 230 449 265 qui
465 229 609 264 aliquando
628 228 694 255 nili-il
717 228 859 255 differebat
873 235 887 254 a
902 235 991 260 servo,
1009 226 1065 254 lue-

277 286 321 304 τηε
336 277 423 303 factus
435 279 476 302 est
491 280 610 310 paterna:
624 274 793 301 substantiae.
810 274 886 306 Quod
904 279 993 300 autem
1006 273 1064 299 lucc

275 324 312 350 ita
326 323 382 358 (21)
398 323 516 349 debeant
535 321 648 354 intelligi
664 327 725 355 qua:
753 319 916 346 destruenda
947 318 1064 353 appellat

275 367 432 403 Apostolus,
446 366 671 393 consuetudinem
687 365 746 399 ejus
767 372 850 399 super
867 364 918 391 hoc
935 363 1064 390 vocabulo

275 415 357 441 etiam
375 414 400 440 in
421 413 484 439 aliis
500 413 585 443 disce,
601 412 645 438 ubi
670 411 752 438 dicit:
772 420 782 436 ι
797 410 835 437 Ex
857 414 933 444 parte
950 411 1063 442 scimus,

275 465 301 486 et
316 467 349 486 ex
365 463 444 494 parte
459 458 665 492 prophetamus.
679 457 746 484 Cum
763 462 854 483 alitem
870 456 973 483 venerit
991 457 1063 490 quod

275 505 424 540 perfectura
434 509 485 537 est,
495 505 669 530 deslruentur
682 511 713 530 ea
729 510 789 537 quae
803 510 834 529 ex
851 507 928 536 parte
937 506 1001 529 sunt
1011 502 1042 528 ³⁷.
1051 511 1060 527 ι

276 550 347 577 Elin
367 551 417 578 hoc
431 549 489 577 loco
505 549 619 578 scientia
635 548 711 576 Pauli
733 548 775 575 vel
791 548 934 583 prophetia
960 547 1062 577 destrui

276 596 377 623 dicitur
388 596 494 630 absque
520 595 619 629 injuria
637 595 793 629 apostolicae
806 595 901 630 gratiae
916 602 922 620 :
939 602 993 629 quo
1009 594 1063 621 sci-

275 641 341 668 licet
367 641 551 676 intelli'gamus
577 640 609 667 ad
637 640 866 675 comparationem
880 640 1062 675 perfectorum

275 693 376 714 vacare
391 691 418 714 et
434 687 519 714 otiosa
536 693 596 714 esse
616 693 646 714 ea
666 694 726 720 quze
750 685 907 721 imperfecta
930 689 1000 712 sunt.
1023 684 1062 712 Ita

275 739 341 767 ergo
357 736 385 759 e1
399 732 426 759 in
442 732 569 766 praesenti
591 739 721 759 sermone
736 731 835 759 Paulus
851 731 960 766 quidem
977 730 1061 766 legem

275 785 331 805 non
349 777 479 808 destruit,
505 777 552 804 sed
579 777 732 804 conﬁrmat.
748 777 840 805 Gloria
856 783 944 804 autem
960 775 1062 804 Christi

274 832 335 851 cum
348 823 467 850 revelata
484 824 579 855 fuerit,
592 831 652 851 eam
668 823 783 857 gloriam
802 830 862 858 qua:
884 823 1013 857 apparuit
1035 823 1061 849 in

1013 118 1172 149 ORIGENIS
1827 119 1829 148 ἲ

1451 189 1460 206 ι
1469 179 1546 207 Illum
1570 183 1684 214 oportet
1707 187 1829 209 CMCCR,\

1117 233 1207 256 autem
1222 227 1304 254 minui
1317 227 1355 260 ²⁸;
1373 236 1381 253 ι
1399 227 1511 261 etquod
1527 227 1587 260 ipse
1603 225 1707 253 Paulus
1720 227 1780 253 dicit
1791 227 1829 254 :tﬁ

1117 278 1206 300 autem
1224 272 1313 299 factus
1330 280 1390 299 sum
1414 272 1465 303 vir,
1482 272 1605 299 destruxi
1626 280 1691 306 qua:
1712 278 1784 298 erant
1801 281 1829 306 βῖὴ

1117 317 1197 345 11³⁸.»
1218 317 1275 344 Hoc
1297 318 1417 345 ostendit
1438 323 1465 345 et
1486 317 1641 344 similitudo
1666 319 1829 354 ρευᾱηςοςῑλέ

1117 371 1185 398 opus
1202 364 1352 390 destruitur
1363 369 1389 390 et
1404 369 1494 391 cessat
1508 371 1570 390 cum
1585 364 1619 390 ad
1632 364 1778 398 perfectam
1794 370 1829 391 aut

1118 410 1226 437 venerit
1241 409 1383 443 parvulus.
1407 409 1555 444 Propterea
1574 417 1643 443 ergo
1660 410 1802 436 cautissime
1821 410 1829 436 il

1117 455 1263 490 Apostolus
1280 465 1287 482 :
1317 464 1326 480 ι
1351 455 1436 489 legem
1457 463 1522 489 ergo
1546 455 1720 482 destruimus
1741 463 1782 489 per
1801 456 1829 482 iis

1116 501 1243 529 Absit“!
1263 510 1272 527 ι
1290 505 1327 533 et,
1345 509 1397 528 non
1419 501 1507 528 dixit:
1534 501 1579 528 lex
1607 508 1676 535 ergo
1698 501 1829 531 destruunt

1117 547 1211 579 ﬁdem,
1227 548 1273 575 sed
1291 557 1298 574 :
1333 557 1342 574 ι
1355 547 1441 582 legem
1454 554 1519 582 ergo
1536 547 1730 574 destruimus?
1743 556 1752 572 ι
1768 547 1829 573 Etnm

1118 593 1144 621 in
1159 593 1338 628 sequentibus
1354 602 1361 620 :
1378 602 1386 618 ι
1400 591 1475 626 Non;
1493 593 1540 620 sed
1556 592 1645 627 legem
1658 591 1829 620 statuimus»!

1117 643 1144 666 et
1160 639 1182 666 si
1203 638 1352 666 destruitur
1370 638 1424 671 lex,
1442 646 1494 665 non
1516 645 1565 672 per
1582 637 1666 665 ﬁdem
1687 638 1824 667 destruunt,

1118 693 1166 719 per
1180 684 1430 718 superemineutem
1445 683 1570 718 gloriam.
1585 683 1640 711 Per
1657 683 1740 711 ﬁdem
1753 690 1829 710 ιιιιεελι

1117 731 1206 758 solum
1222 738 1275 758 non
1291 731 1441 758 destruitur
1455 730 1508 762 lex,
1523 730 1571 757 sed
1594 730 1729 757 statuitur
1739 738 1780 764 per
1795 737 1829 763 aps

1116 775 1157 804 los
1178 781 1205 804 et
1229 777 1426 804 conﬁrmatur:
1442 775 1505 810 quia
1533 775 1679 802 Christum
1705 783 1779 809 quem
1803 776 1829 800 ια

1117 823 1258 857 propheta:
1286 828 1431 849 venturum
1463 822 1668 856 praedixerunt,
1688 822 1732 848 isti
1761 823 1829 855 mea

275 870 378 904 Moyse,
391 873 419 896 et
432 876 463 896 ex
478 877 531 903 qtta
547 869 714 904 gloriﬁcatus
729 868 830 900 fuerat,
846 868 902 902 ipsa
917 875 1062 902 compara-
1079 863 1099 891 Β
1113 868 1168 902 jam
1183 868 1292 896 venisse
1309 877 1315 895 :
1332 874 1359 896 et
1371 868 1545 894 conﬁrmatio
1562 867 1662 901 utique
1689 867 1819 902 prophetia

276 916 350 941 tione
364 914 405 942 sui
424 922 476 949 qua
492 914 688 947 supereminet,
707 919 733 940 ct
755 914 892 946 confutat,
911 920 938 941 et
960 914 1060 948 arguit,

275 964 302 986 et
315 960 435 987 ostendit
449 967 498 988 nec
511 960 625 995 gloriam
647 961 868 995 computandam.
895 960 960 986 Tale
977 965 1018 986 est
1034 964 1062 986 et

1115 914 1184 949 legis
1208 920 1260 946 est,
1276 922 1337 941 cum
1350 921 1410 949 quae
1422 913 1553 949 pratdicta
1581 912 1706 946 fuerant,
1726 917 1829 940 inausa-.1

1115 959 1235 993 impleta.

836 1130 1013 1174 LIBER
1050 1127 1347 1179 QUARTUS.

311 1321 338 1349 Ι.
354 1329 364 1347 ι
379 1320 450 1355 Quid
465 1329 531 1356 ergo
545 1321 667 1348 dicemus
688 1320 827 1348 invenisse
850 1320 987 1347 Abraham
1013 1327 1064 1354 pa-

274 1370 344 1393 trem
370 1371 493 1393 nostrum
519 1367 668 1393 secundum
693 1366 823 1394 carnem?
847 1365 875 1393 Si
891 1366 964 1393 enim
980 1366 1065 1393 Abra-

274 1411 338 1438 ham
361 1419 393 1438 ev
423 1412 553 1447 operibus
571 1411 738 1446 justiﬁcatus
760 1417 815 1443 est,
838 1412 920 1439 habet
935 1411 1060 1447 gloriam,

274 1457 322 1483 sed
344 1463 398 1483 non
419 1457 490 1491 apud
510 1458 606 1484 Deum.
623 1457 694 1491 Quid
716 1457 788 1484 enim
805 1456 948 1492 Scriptura
968 1457 1058 1485 dicit?

273 1501 395 1527 Credidit
412 1501 550 1528 Abraham
577 1502 650 1535 Deo,
678 1507 706 1530 et
733 1507 885 1538 reputatuui
910 1508 952 1530 est
976 1503 1012 1530 illi
1028 1503 1061 1530 ad

1115 1317 1184 1351 Quia
1199 1327 1208 1344 ‹
1230 1317 1500 1346 credidit-Abraham
1517 1318 1586 1350 Deo,
1603 1321 1631 1346 et
1647 1321 1829 1353 reputatumest

1115 1364 1148 1391 ad
1159 1364 1294 1399 justitiam
1310 1364 1344 1392 “.
1359 1374 1368 1390 ι
1385 1364 1461 1398 Quod
1476 1365 1498 1391 si
1519 1364 1591 1391 Deus
1610 1364 1747 1399 reputavit
1760 1364 1791 1390 illi
1803 1364 1825 1389 ιι

1115 1410 1230 1442 stitiam,
1247 1410 1306 1438 sine
1320 1411 1403 1438 dubio
1427 1416 1455 1438 et
1477 1410 1563 1446 gloria
1580 1410 1644 1444 ejus
1664 1411 1735 1445 apud
1754 1410 1829 1436 Deum

1113 1455 1261 1491 Propterea
1275 1464 1341 1491 ergo
1360 1457 1507 1491 Apostolus
1522 1457 1685 1484 testimonio
1706 1457 1764 1483 huic
1775 1458 1829 1490 quad

1113 1503 1229 1538 sumpsit
1243 1511 1275 1530 ex
1291 1503 1359 1530 libro
1370 1503 1485 1531 Genesis
1494 1503 1620 1538 adiungit
1636 1509 1663 1530 et
1677 1507 1829 1535 scrmoneaj

270 1543 418 1578 justitiam.
435 1545 464 1573 Ei
483 1551 574 1574 autem
587 1547 633 1582 qui
647 1552 787 1582 operatur,
802 1555 908 1576 merces
930 1556 982 1575 non
1011 1550 1061 1576 im-
1075 1542 1095 1571 C
1114 1548 1212 1583 prium.
1222 1553 1248 1575 et
1260 1548 1326 1575 dicit
1339 1549 1402 1582 quia
1413 1557 1422 1574 ι
1435 1549 1459 1575 ei
1471 1549 1516 1583 qui
1526 1555 1669 1583 operatur,
1678 1556 1780 1575 merces
1788 1547 1829 1574 om

273 1595 385 1626 putatur
399 1593 548 1620 secundum
564 1595 691 1629 gratiam,
705 1594 752 1622 sed
768 1594 917 1622 secundum
928 1595 1061 1622 debitum.

275 1636 305 1664 Ei
320 1644 383 1665 vero
397 1639 442 1672 qui
460 1647 512 1666 non
527 1647 668 1675 operatur,
681 1642 767 1668 credit
781 1647 872 1668 alitem
891 1641 916 1667 in
934 1648 997 1667 eum
1013 1641 1060 1677 qui

270 1682 402 1717 justiﬁcat
418 1684 540 1719 impium,
558 1690 697 1720 reputatur
712 1687 779 1714 ﬁdes
788 1687 847 1722 ejus
865 1688 898 1714 ad
913 1687 1059 1722 justitiam.

223 1749 228 1754 .
273 1728 350 1755 Sicut
360 1734 387 1756 et
402 1730 484 1758 David
497 1731 563 1758 dicit
576 1733 771 1760 beatitudinem
785 1733 915 1765 hominis.
932 1733 976 1760 cui
990 1733 1061 1761 Deus

272 1779 383 1809 accepto
395 1774 447 1802 fert
475 1776 609 1811 justitiam
633 1779 691 1805 sine
704 1779 841 1814 operibus.
855 1778 928 1805 Beati
945 1786 1060 1813 quorum

272 1819 392 1847 remissae
407 1826 470 1847 sunt
493 1820 663 1856 iniquitates,
675 1827 825 1857 etquorum
839 1828 909 1850 tecta
926 1828 1061 1857 suntpec-

270 1869 345 1893 cata.
357 1865 458 1893 Beatus
475 1867 516 1892 vir
530 1867 573 1894 cui
587 1875 640 1894 non
654 1868 798 1903 imputavit
810 1868 944 1896 Dominus
961 1877 1060 1901 pecca-

272 1914 328 1937 lum
337 1910 369 1937 δ’.
377 1920 386 1937 ›
397 1911 462 1939 Cum
473 1913 627 1947 superius“
638 1914 707 1941 duas
714 1916 886 1950 proposuerit
895 1915 980 1950 leges,
992 1923 1059 1949 qua-

272 1964 331 1983 rum
344 1959 651 1993 unamoperum,aliam
667 1960 727 1987 ﬁdei
743 1960 905 1994 nominavit,
917 1968 964 1996 per
979 1969 1059 1995 quam

272 2002 359 2037 legent
376 2003 437 2030 ﬁdei
451 2005 557 2031 excludi
576 2004 765 2039 gloriationem
783 2006 851 2034 dicit
863 2014 956 2034 eorum
970 2006 1016 2041 qui
1034 2007 1059 2034 in

272 2048 340 2083 legis
367 2050 497 2084 operibus
525 2050 692 2085 gloriantur;
709 2056 737 2079 et
761 2052 980 2087 pronuntiaverit
1007 2053 1060 2079 ﬁde

271 2094 350 2130 521
363 2095 504 2129 iustiﬁcari
524 2097 659 2125 hominem
671 2098 730 2125 sine
742 2099 869 2133 operibus
883 2098 950 2132 legis
965 2108 971 2125 :
986 2107 1054 2126 con-

271 2147 416 2175 seqnentcr
441 2150 513 2169 nunc
530 2148 559 2170 ut
576 2144 633 2171 hch
650 2145 683 2172 de
707 2144 860 2178 Scripturis
884 2150 1058 2175 asscrantur,

269 2188 387 2216 Abrahae
403 2189 529 2223 producit
545 2182 717 2225 exemplum,
733 2195 761 2218 et
776 2191 841 2218 dicit
859 2191 921 2225 quia
943 2200 952 2216 ι
970 2190 1058 2217 Abra-

270 2235 342 2266 ham,
358 2235 379 2262 si
407 2244 439 2262 cx
464 2237 593 2270 operibus
614 2235 779 2272 justiﬁcatus
803 2241 868 2269 est,
894 2237 976 2263 habet
1000 2236 1058 2270 glo-

269 2280 338 2307 riam
358 2281 425 2316 (9i),
443 2282 490 2309 sed
512 2289 564 2309 non
582 2283 652 2317 apud
669 2282 753 2310 Deum
767 2282 801 2309 ".
817 2293 826 2308 ι
847 2283 923 2314 Quod
947 2282 1056 2316 quidem

269 2333 323 2352 non
340 2327 398 2354 sine
415 2332 473 2354 arte
485 2328 630 2356 dialectica
647 2329 769 2357 disserit.
783 2327 850 2356 Nam
868 2329 890 2355 si
923 2329 946 2355 is
964 2329 1009 2362 qui
1024 2335 1058 2355 ex

268 2372 581 2407 opcribusjustiﬁcatur,
596 2382 648 2402 non
670 2375 752 2403 habet
777 2375 892 2410 gloriam
907 2374 967 2411 (ὶῦ)
986 2374 1058 2409 apud

269 2414 354 2443 Deum
371 2437 379 2449 ,
405 2419 541 2448 Abraham
569 2426 661 2449 autem
686 2425 793 2449 constat
812 2421 913 2449 habere
939 2421 1054 2456 gloriam

268 2463 339 2497 apud
354 2463 446 2496 Deum.
461 2474 526 2502 ergo
539 2475 591 2495 non
609 2476 642 2496 ex
660 2470 799 2504 operibus,
818 2470 866 2496 sed
880 2476 914 2496 ex
939 2467 991 2494 ﬁde
1007 2466 1054 2500 ju'

268 2508 400 2537 stiﬁcatus
423 2517 464 2538 est
479 2513 616 2541 Abraham
630 2535 638 2548 ,
653 2519 683 2542 ut
700 2515 856 2543 necessario
884 2514 982 2541 habeat
996 2513 1054 2548 glo-

268 2553 336 2582 riam
353 2557 424 2591 apud
443 2557 537 2587 Deum.
558 2559 606 2589 Sic
618 2561 690 2589 enim
710 2561 851 2597 Scriptura
868 2558 1026 2595 pronuntiat
1044 2567 1052 2586 :

1113 1597 1225 1628 putatur
1239 1593 1387 1620 secundum
1401 1594 1529 1628 gratiam,
1543 1594 1590 1621 sed
1600 1596 1752 1621 secundum
1762 1595 1829 1620 ιιι-[εξ]

1113 1641 1137 1667 ei
1150 1648 1215 1668 vero
1233 1641 1278 1675 qui
1295 1648 1349 1668 non
1361 1645 1502 1675 operatur,
1519 1641 1610 1668 credit
1627 1647 1720 1668 autem
1743 1641 1768 1667 in
1781 1649 1829 1667 eum

1109 1686 1244 1720 juslillcat
1270 1687 1396 1721 impium,
1428 1692 1570 1721 reputatur
1593 1687 1663 1714 ﬁdes
1686 1688 1745 1722 ejus
1768 1687 1798 1712 ad
1815 1686 1829 1718 μ

1115 1733 1178 1759 tiam
1192 1732 1225 1759 δ’.
1243 1742 1252 1758 ι
1268 1732 1319 1760 Per
1333 1740 1442 1760 omnem
1456 1732 1549 1767 itaque
1566 1733 1642 1760 hunc
1659 1734 1749 1761 loeum
1764 1734 1829 1767 Apes!

1113 1778 1163 1806 hoc
1182 1778 1289 1805 videtur
1303 1778 1459 1811 ostendere,
1473 1779 1545 1814 quod
1568 1779 1630 1806 dua:
1648 1780 1773 1814 qumdam
1787 1781 1829 1806 s'uu‘

1112 1824 1303 1857 stiﬁcationes,
1328 1832 1442 1859 quarum
1461 1833 1542 1852 unam
1557 1832 1590 1852 ex
1613 1826 1749 1860 operibus
1766 1830 1829 1852 norm

1106 1869 1192 1897 aliam
1205 1877 1270 1897 vero
1287 1878 1319 1898 ex
1342 1870 1405 1898 ﬁde.
1424 1870 1456 1897 Et
1472 1870 1543 1898 illam
1562 1871 1675 1906 quidem
1692 1880 1753 1906 qua:
1763 1880 1791 1897 et
1808 1875 1829 1903 ts

1111 1916 1163 1943 bus
1176 1921 1228 1948 est,
1243 1916 1309 1943 dicit
1323 1916 1423 1943 habere
1434 1917 1542 1950 quidem
1555 1917 1688 1951 gloriam,
1702 1919 1749 1945 sed
1765 1918 1787 1943 in
1801 1915 1829 1942 εει

1110 1960 1169 1995 ipsa
1183 1981 1190 1993 ,
1207 1966 1233 1988 et
1252 1969 1304 1988 non
1322 1964 1391 1996 apud
1415 1962 1499 1989 Deum
1520 1970 1527 1995 ;
1548 1963 1622 1990 illam
1640 1971 1708 1990 vero
1730 1971 1785 1997 quae
1797 1961 1829 1987 ul

1111 2013 1164 2040 est,
1179 2007 1280 2035 habere
1296 2008 1410 2043 gloriam
1423 2009 1493 2043 apud
1510 2010 1606 2041 Deum,
1624 2015 1723 2043 utpote
1736 2010 1798 2044 apud
1811 2014 1829 2033 ut

1111 2053 1228 2080 cientem
1245 2055 1326 2081 corda
1346 2055 1499 2086 hominum,
1519 2060 1546 2082 et
1570 2056 1709 2082 scientem
1723 2057 1780 2091 quis
1794 2060 1821 2080 es

1113 2099 1201 2126 credit
1220 2099 1246 2126 in
1264 2100 1373 2127 occulto
1388 2121 1395 2133 ,
1413 2105 1440 2128 et
1457 2102 1518 2135 quis
1544 2106 1588 2128 est
1606 2102 1654 2136 qui
1673 2110 1730 2129 nun
1753 2102 1829 2128 mur—1

1110 2144 1171 2172 ideo
1202 2147 1301 2172 merito
1334 2146 1404 2180 apud
1429 2147 1515 2173 solum
1542 2147 1627 2174 Deum
1658 2149 1743 2175 habet
1768 2146 1829 2181 gladii

1110 2191 1155 2225 qui
1172 2190 1297 2218 allectum
1322 2191 1382 2218 ﬁdei
1408 2192 1467 2226 ejus
1495 2194 1622 2228 pervidet
1646 2194 1705 2227 (24)
1726 2195 1751 2220 in
1766 2194 1829 2219 om?”

1110 2236 1156 2270 qui
1170 2243 1233 2264 vero
1247 2237 1473 2271 justiﬁcationem
1488 2246 1521 2266 ex
1537 2239 1670 2273 operibus
1696 2245 1792 2275 sperat.
1806 2238 1829 2271 pd

1107 2283 1165 2311 ﬁeri
1178 2289 1207 2310 ut
1226 2292 1306 2319 opera
1324 2286 1382 2320 ejus
1399 2286 1481 2312 etiam
1496 2287 1530 2312 ab
1547 2286 1710 2314 hominibus
1727 2283 1829 2319 count”di

1109 2335 1162 2357 tur.
1188 2329 1280 2357 Palam
1309 2339 1426 2366 namque
1451 2337 1509 2363 est,
1536 2337 1564 2359 et
1592 2333 1681 2359 videri
1712 2331 1829 2364 oculispvt

1107 2376 1237 2411 quidquid
1252 2384 1334 2411 opere
1357 2377 1532 2404 manifestum
1548 2383 1591 2404 est
1606 2387 1614 2410 ;
1638 2384 1665 2405 et
1681 2379 1705 2405 si
1732 2380 1791 2404 ﬁdes
1805 2383 1821 2400 ιῦ

1108 2422 1182 2450 Culto
1196 2427 1259 2455 est,
1275 2430 1357 2457 opera
1381 2428 1471 2450 autem
1494 2423 1584 2457 palam
1602 2430 1667 2450 sunt
1682 2444 1691 2456 ,
1714 2424 1829 2455 conveni

1111 2467 1161 2494 hoc
1177 2467 1279 2494 assumi
1293 2468 1357 2495 illud
1371 2468 1441 2502 quod
1457 2468 1589 2502 scriptum
1605 2474 1649 2496 est
1664 2477 1672 2495 :
1694 2479 1704 2495 ι
1721 2470 1780 2502 Qua:
1791 2472 1829 2494 om

1108 2517 1171 2540 sunt
1185 2512 1302 2540 Domino
1328 2513 1382 2541 Deo
1399 2518 1455 2545 tuo,
1469 2521 1530 2548 quas
1546 2520 1642 2541 autem
1668 2515 1803 2541 tuamfch
1819 2516 1829 2536 ἔ

1108 2559 1185 2586 vobis
1200 2563 1228 2586 et
1251 2559 1313 2587 ﬁliis
1329 2560 1425 2587 vestris
1444 2560 1478 2586 ".
1501 2569 1510 2585 ι
1528 2559 1585 2586 Sed
1613 2566 1642 2587 et
1658 2560 1724 2587 illud
1739 2560 1778 2586 his
1798 2562 1829 2591 iri

304 2638 477 2677 "_Galat.‘lvr,
494 2642 520 2668 ι.
566 2642 587 2658 ³⁷
602 2644 611 2670 l
629 2643 693 2671 Cor.
711 2652 771 2677 XIII.
787 2645 813 2676 9,
830 2644 873 2671 10.
924 2644 946 2659 ³⁸
961 2642 1024 2670 Joan

1121 2641 1166 2668 50.
1190 2640 1228 2677 β’
1245 2639 1334 2677 [ρον.
1350 2648 1411 2672 xm,
1508 2639 1628 2677 “‘lﬁom.
1646 2647 1688 2670 III.
1705 2640 1745 2667 5|.
1765 2636 1829 2677 *ἓν

267 2680 306 2706 Iv,
321 2674 346 2706 l,
362 2675 388 2702 8.
427 2675 450 2691 "
463 2676 544 2704 Itoni.
559 2685 600 2710 III,
612 2679 657 2710 27.
671 2679 717 2707 28.
755 2674 778 2696 ⁸⁷³
790 2674 866 2707 ltom.
880 2687 917 2712 Iv,
932 2680 959 2706 2.

304 2751 360 2786 (21)
377 2760 387 2777 ί
397 2753 434 2780 Ita
447 2763 457 2781 ι
470 2754 545 2781 deest
558 2755 584 2782 in
601 2755 677 2784 libris
690 2762 769 2785 antea
783 2758 874 2786 editis.

306 2788 362 2826 (ξς)
376 2787 446 2826 [illiti
456 2797 598 2826 perperam
618 2791 720 2818 habent
739 2803 748 2817 α
769 2793 934 2822 mercedem.
952 2802 961 2818 ι

304 2822 363 2857 (25)
378 2822 465 2858 Editi,
479 2834 487 2850 ι
508 2822 574 2853 Nam
590 2827 612 2854 si
637 2826 799 2861 justiticatus
820 2837 872 2856 non
898 2828 980 2856 habet
994 2827 1051 2863 glo-

1002 2677 1025 2694 ⁵⁵
1040 2676 1108 2704 Gen.
1122 2683 1166 2708 xv,
1185 2675 1211 2703 6.
1247 2675 1269 2691 "
1282 2675 1361 2702 Rom.
1375 2683 1413 2708 Iv,
1428 2675 1454 2708 4,
1473 2674 1500 2702 5.
1539 2675 1564 2690 ’⁸⁵
1577 2676 1657 2702 Deut.
1672 2683 1744 2707 nu,
1761 2674 1797 2700 ’Β

1109 2759 1187 2790 riam,
1212 2768 1221 2785 ι
1232 2763 1285 2786 ctc.

1143 2794 1200 2830 (il)
1219 2794 1303 2827 Alias,
1322 2802 1330 2819 ι
1347 2792 1488 2827 praevidet.
1508 2801 1520 2820 ι
