  <div class='ocr_page' id='page_1' title='image "/cluster/home/n/w/nwhite01/storage/ocr_20150623/14/njp.32101077772448/490.png"; bbox 0 0 1831 3049; ppageno 0'>
   <div class='ocr_carea' id='block_1_1' title="bbox 420 120 1094 155">
    <p class='ocr_par' dir='ltr' id='par_1_1' title="bbox 420 120 1094 155">
     <span class='ocr_line' id='line_1_1' title="bbox 420 120 1094 155; baseline 0.01 -7"><span class='ocrx_word' id='word_1_1' title='bbox 420 120 598 149; x_wconf 79' lang='lat' dir='ltr'><strong>COMMENT.</strong></span> <span class='ocrx_word' id='word_1_2' title='bbox 619 122 651 150; x_wconf 77' lang='lat' dir='ltr'><strong>IN</strong></span> <span class='ocrx_word' id='word_1_3' title='bbox 669 122 779 150; x_wconf 79' lang='lat' dir='ltr'><strong>EPiST.</strong></span> <span class='ocrx_word' id='word_1_4' title='bbox 800 124 846 152; x_wconf 88' lang='lat' dir='ltr'><strong>AD</strong></span> <span class='ocrx_word' id='word_1_5' title='bbox 863 124 948 153; x_wconf 76' lang='lat' dir='ltr'><strong>ROM.</strong></span> <span class='ocrx_word' id='word_1_6' title='bbox 963 126 1027 155; x_wconf 82' lang='lat' dir='ltr'><strong>LIB.</strong></span> <span class='ocrx_word' id='word_1_7' title='bbox 1049 127 1094 154; x_wconf 84' lang='lat' dir='ltr'><strong>IV.</strong></span> 
     </span>
    </p>
   </div>
   <div class='ocr_carea' id='block_1_2' title="bbox 1516 133 1569 161">
    <p class='ocr_par' dir='ltr' id='par_1_2' title="bbox 1516 133 1569 161">
     <span class='ocr_line' id='line_1_2' title="bbox 1516 133 1569 161; baseline 0.019 -1"><span class='ocrx_word' id='word_1_8' title='bbox 1516 133 1569 161; x_wconf 71' lang='lat'><strong>962</strong></span> 
     </span>
    </p>
   </div>
   <div class='ocr_carea' id='block_1_3' title="bbox 19 176 1568 225">
    <p class='ocr_par' dir='ltr' id='par_1_3' title="bbox 19 176 1568 225">
     <span class='ocr_line' id='line_1_3' title="bbox 19 176 1568 225; baseline 0.008 -22"><span class='ocrx_word' id='word_1_9' title='bbox 19 177 94 205; x_wconf 62' lang='lat' dir='ltr'><strong>veniet</strong></span> <span class='ocrx_word' id='word_1_10' title='bbox 107 177 177 212; x_wconf 87' lang='lat' dir='ltr'><strong>quod</strong></span> <span class='ocrx_word' id='word_1_11' title='bbox 192 176 323 225; x_wconf 72' lang='lat' dir='ltr'><strong>scriptum</strong></span> <span class='ocrx_word' id='word_1_12' title='bbox 339 181 381 205; x_wconf 81' lang='lat' dir='ltr'><strong>est</strong></span> <span class='ocrx_word' id='word_1_13' title='bbox 396 198 404 212; x_wconf 97' lang='lat'><strong>,</strong></span> <span class='ocrx_word' id='word_1_14' title='bbox 420 179 483 214; x_wconf 87' lang='lat' dir='ltr'><strong>quia</strong></span> <span class='ocrx_word' id='word_1_15' title='bbox 500 188 510 205; x_wconf 77' lang='grc' dir='ltr'><strong>ι</strong></span> <span class='ocrx_word' id='word_1_16' title='bbox 528 179 618 213; x_wconf 88' lang='lat' dir='ltr'><strong>justus</strong></span> <span class='ocrx_word' id='word_1_17' title='bbox 635 187 667 206; x_wconf 84' lang='lat' dir='ltr'><strong>ex</strong></span> <span class='ocrx_word' id='word_1_18' title='bbox 683 180 734 207; x_wconf 88' lang='lat' dir='ltr'><strong>ﬁde</strong></span> <span class='ocrx_word' id='word_1_19' title='bbox 748 182 771 210; x_wconf 83' lang='lat' dir='ltr'><strong>A</strong></span> <span class='ocrx_word' id='word_1_20' title='bbox 784 181 868 209; x_wconf 88' lang='lat' dir='ltr'><strong>etiam</strong></span> <span class='ocrx_word' id='word_1_21' title='bbox 898 183 1048 210; x_wconf 91' lang='lat' dir='ltr'><strong>secundum</strong></span> <span class='ocrx_word' id='word_1_22' title='bbox 1078 190 1190 212; x_wconf 83' lang='lat' dir='ltr'><strong>carnem</strong></span> <span class='ocrx_word' id='word_1_23' title='bbox 1216 189 1321 219; x_wconf 87' lang='lat' dir='ltr'><strong>patrem</strong></span> <span class='ocrx_word' id='word_1_24' title='bbox 1345 187 1486 216; x_wconf 87' lang='lat' dir='ltr'><strong>nominare</strong></span> <span class='ocrx_word' id='word_1_25' title='bbox 1511 189 1568 225; x_wconf 70' lang='lat'>(29)</span> 
     </span>
    </p>
   </div>
   <div class='ocr_carea' id='block_1_4' title="bbox 31 222 732 260">
    <p class='ocr_par' dir='ltr' id='par_1_4' title="bbox 31 222 732 260">
     <span class='ocr_line' id='line_1_4' title="bbox 31 222 732 260; baseline 0.006 -11"><span class='ocrx_word' id='word_1_26' title='bbox 31 224 97 250; x_wconf 80' lang='lat' dir='ltr'><strong>vivet</strong></span> <span class='ocrx_word' id='word_1_27' title='bbox 108 223 139 250; x_wconf 75' lang='grc'><strong>⁸⁷.</strong></span> <span class='ocrx_word' id='word_1_28' title='bbox 159 232 168 249; x_wconf 78' lang='grc' dir='ltr'><strong>ι</strong></span> <span class='ocrx_word' id='word_1_29' title='bbox 187 222 377 258; x_wconf 85' lang='lat' dir='ltr'><strong>Competenter</strong></span> <span class='ocrx_word' id='word_1_30' title='bbox 402 224 485 259; x_wconf 75' lang='lat' dir='ltr'><strong>igitur</strong></span> <span class='ocrx_word' id='word_1_31' title='bbox 497 224 614 253; x_wconf 88' lang='lat' dir='ltr'><strong>dicimus</strong></span> <span class='ocrx_word' id='word_1_32' title='bbox 627 225 689 260; x_wconf 88' lang='lat' dir='ltr'><strong>qttia</strong></span> <span class='ocrx_word' id='word_1_33' title='bbox 705 225 732 253; x_wconf 91' lang='lat' dir='ltr'><strong>bi</strong></span> 
     </span>
    </p>
   </div>
   <div class='ocr_carea' id='block_1_5' title="bbox 27 269 734 298">
    <p class='ocr_par' dir='ltr' id='par_1_5' title="bbox 27 269 734 298">
     <span class='ocr_line' id='line_1_5' title="bbox 27 269 734 298; baseline 0.001 -1"><span class='ocrx_word' id='word_1_34' title='bbox 27 269 166 297; x_wconf 84' lang='lat' dir='ltr'><strong>secundum</strong></span> <span class='ocrx_word' id='word_1_35' title='bbox 185 269 344 296; x_wconf 86' lang='lat' dir='ltr'><strong>interiorem</strong></span> <span class='ocrx_word' id='word_1_36' title='bbox 363 269 500 298; x_wconf 85' lang='lat' dir='ltr'><strong>hominem</strong></span> <span class='ocrx_word' id='word_1_37' title='bbox 529 271 734 298; x_wconf 89' lang='lat' dir='ltr'><strong>circumcidun-</strong></span> 
     </span>
    </p>
   </div>
   <div class='ocr_carea' id='block_1_6' title="bbox 27 314 731 351">
    <p class='ocr_par' dir='ltr' id='par_1_6' title="bbox 27 314 731 351">
     <span class='ocr_line' id='line_1_6' title="bbox 27 314 731 351; baseline 0.001 -8"><span class='ocrx_word' id='word_1_38' title='bbox 27 321 52 343; x_wconf 91' lang='lat' dir='ltr'><strong>et</strong></span> <span class='ocrx_word' id='word_1_39' title='bbox 72 316 97 342; x_wconf 90' lang='lat' dir='ltr'><strong>in</strong></span> <span class='ocrx_word' id='word_1_40' title='bbox 114 315 221 342; x_wconf 88' lang='lat' dir='ltr'><strong>occulto</strong></span> <span class='ocrx_word' id='word_1_41' title='bbox 243 314 328 343; x_wconf 77' lang='lat' dir='ltr'><strong>Judaei</strong></span> <span class='ocrx_word' id='word_1_42' title='bbox 345 320 419 348; x_wconf 92' lang='lat' dir='ltr'><strong>sunt,</strong></span> <span class='ocrx_word' id='word_1_43' title='bbox 434 316 543 351; x_wconf 79' lang='lat' dir='ltr'><strong>spiritu.</strong></span> <span class='ocrx_word' id='word_1_44' title='bbox 561 325 613 344; x_wconf 91' lang='lat' dir='ltr'><strong>non</strong></span> <span class='ocrx_word' id='word_1_45' title='bbox 630 317 731 350; x_wconf 90' lang='lat' dir='ltr'><strong>littera,</strong></span> 
     </span>
    </p>
   </div>
   <div class='ocr_carea' id='block_1_7' title="bbox 19 362 731 398">
    <p class='ocr_par' dir='ltr' id='par_1_7' title="bbox 19 362 731 398">
     <span class='ocr_line' id='line_1_7' title="bbox 19 362 731 398; baseline 0.004 -10"><span class='ocrx_word' id='word_1_46' title='bbox 19 362 118 389; x_wconf 87' lang='lat' dir='ltr'><strong>uniaus</strong></span> <span class='ocrx_word' id='word_1_47' title='bbox 128 367 156 389; x_wconf 86' lang='lat' dir='ltr'><strong>et</strong></span> <span class='ocrx_word' id='word_1_48' title='bbox 171 362 257 397; x_wconf 76' lang='lat' dir='ltr'><strong>gloria</strong></span> <span class='ocrx_word' id='word_1_49' title='bbox 276 369 330 389; x_wconf 92' lang='lat' dir='ltr'><strong>non</strong></span> <span class='ocrx_word' id='word_1_50' title='bbox 352 363 423 397; x_wconf 87' lang='lat' dir='ltr'><strong>apud</strong></span> <span class='ocrx_word' id='word_1_51' title='bbox 446 363 580 396; x_wconf 84' lang='lat' dir='ltr'><strong>homines,</strong></span> <span class='ocrx_word' id='word_1_52' title='bbox 597 363 644 391; x_wconf 90' lang='lat' dir='ltr'><strong>sed</strong></span> <span class='ocrx_word' id='word_1_53' title='bbox 660 365 731 398; x_wconf 88' lang='lat' dir='ltr'><strong>apud</strong></span> 
     </span>
    </p>
   </div>
   <div class='ocr_carea' id='block_1_8' title="bbox 19 407 732 444">
    <p class='ocr_par' dir='ltr' id='par_1_8' title="bbox 19 407 732 444">
     <span class='ocr_line' id='line_1_8' title="bbox 19 407 732 444; baseline 0.001 -9"><span class='ocrx_word' id='word_1_54' title='bbox 19 417 37 435; x_wconf 66' lang='grc' dir='ltr'><strong>ιιι</strong></span> <span class='ocrx_word' id='word_1_55' title='bbox 50 413 98 436; x_wconf 90' lang='lat' dir='ltr'><strong>est.</strong></span> <span class='ocrx_word' id='word_1_56' title='bbox 111 408 161 442; x_wconf 86' lang='lat' dir='ltr'><strong>Qui</strong></span> <span class='ocrx_word' id='word_1_57' title='bbox 177 415 240 435; x_wconf 89' lang='lat' dir='ltr'><strong>vero</strong></span> <span class='ocrx_word' id='word_1_58' title='bbox 257 416 293 436; x_wconf 81' lang='lat' dir='ltr'><strong>ex</strong></span> <span class='ocrx_word' id='word_1_59' title='bbox 308 408 436 443; x_wconf 80' lang='lat' dir='ltr'><strong>operibus</strong></span> <span class='ocrx_word' id='word_1_60' title='bbox 452 407 648 443; x_wconf 87' lang='lat' dir='ltr'><strong>justiﬁcantur,</strong></span> <span class='ocrx_word' id='word_1_61' title='bbox 666 417 732 444; x_wconf 88' lang='lat' dir='ltr'><strong>quo-</strong></span> 
     </span>
    </p>
   </div>
   <div class='ocr_carea' id='block_1_9' title="bbox 21 454 731 490">
    <p class='ocr_par' dir='ltr' id='par_1_9' title="bbox 21 454 731 490">
     <span class='ocr_line' id='line_1_9' title="bbox 21 454 731 490; baseline 0.004 -10"><span class='ocrx_word' id='word_1_62' title='bbox 21 455 119 488; x_wconf 81' lang='lat' dir='ltr'><strong>ipalatn</strong></span> <span class='ocrx_word' id='word_1_63' title='bbox 134 460 197 481; x_wconf 89' lang='lat' dir='ltr'><strong>sunt</strong></span> <span class='ocrx_word' id='word_1_64' title='bbox 212 459 239 482; x_wconf 91' lang='lat' dir='ltr'><strong>et</strong></span> <span class='ocrx_word' id='word_1_65' title='bbox 259 454 404 482; x_wconf 76' lang='lat' dir='ltr'><strong>manifesta</strong></span> <span class='ocrx_word' id='word_1_66' title='bbox 424 462 505 490; x_wconf 83' lang='lat' dir='ltr'><strong>opera</strong></span> <span class='ocrx_word' id='word_1_67' title='bbox 522 462 627 487; x_wconf 90' lang='lat' dir='ltr'><strong>eorum,</strong></span> <span class='ocrx_word' id='word_1_68' title='bbox 643 460 731 490; x_wconf 88' lang='lat' dir='ltr'><strong>potest</strong></span> 
     </span>
    </p>
   </div>
   <div class='ocr_carea' id='block_1_10' title="bbox 28 499 732 534">
    <p class='ocr_par' dir='ltr' id='par_1_10' title="bbox 28 499 732 534">
     <span class='ocr_line' id='line_1_10' title="bbox 28 499 732 534; baseline 0.003 -9"><span class='ocrx_word' id='word_1_69' title='bbox 28 499 106 534; x_wconf 83' lang='lat' dir='ltr'><strong>gloria</strong></span> <span class='ocrx_word' id='word_1_70' title='bbox 117 507 211 526; x_wconf 91' lang='lat' dir='ltr'><strong>eorum</strong></span> <span class='ocrx_word' id='word_1_71' title='bbox 228 499 269 527; x_wconf 94' lang='lat' dir='ltr'><strong>vei</strong></span> <span class='ocrx_word' id='word_1_72' title='bbox 285 499 355 534; x_wconf 90' lang='lat' dir='ltr'><strong>apud</strong></span> <span class='ocrx_word' id='word_1_73' title='bbox 380 504 491 527; x_wconf 85' lang='lat' dir='ltr'><strong>sanctos</strong></span> <span class='ocrx_word' id='word_1_74' title='bbox 504 507 627 534; x_wconf 85' lang='lat' dir='ltr'><strong>quosque</strong></span> <span class='ocrx_word' id='word_1_75' title='bbox 648 505 673 528; x_wconf 89' lang='lat' dir='ltr'><strong>et</strong></span> <span class='ocrx_word' id='word_1_76' title='bbox 687 500 732 534; x_wconf 89' lang='lat' dir='ltr'><strong>ju-</strong></span> 
     </span>
    </p>
   </div>
   <div class='ocr_carea' id='block_1_11' title="bbox 31 546 732 581">
    <p class='ocr_par' dir='ltr' id='par_1_11' title="bbox 31 546 732 581">
     <span class='ocr_line' id='line_1_11' title="bbox 31 546 732 581; baseline 0.001 -9"><span class='ocrx_word' id='word_1_77' title='bbox 31 546 71 579; x_wconf 89' lang='lat' dir='ltr'><strong>qui</strong></span> <span class='ocrx_word' id='word_1_78' title='bbox 92 546 227 580; x_wconf 84' lang='lat' dir='ltr'><strong>accipiunt</strong></span> <span class='ocrx_word' id='word_1_79' title='bbox 247 553 262 573; x_wconf 88' lang='lat' dir='ltr'><strong>a</strong></span> <span class='ocrx_word' id='word_1_80' title='bbox 282 546 338 573; x_wconf 84' lang='lat' dir='ltr'><strong>Deo</strong></span> <span class='ocrx_word' id='word_1_81' title='bbox 362 550 526 581; x_wconf 85' lang='lat' dir='ltr'><strong>potestatem</strong></span> <span class='ocrx_word' id='word_1_82' title='bbox 543 546 577 573; x_wconf 88' lang='lat' dir='ltr'><strong>de</strong></span> <span class='ocrx_word' id='word_1_83' title='bbox 605 546 732 574; x_wconf 84' lang='lat' dir='ltr'><strong>humanis</strong></span> 
     </span>
    </p>
   </div>
   <div class='ocr_carea' id='block_1_12' title="bbox 19 590 732 626">
    <p class='ocr_par' dir='ltr' id='par_1_12' title="bbox 19 590 732 626">
     <span class='ocr_line' id='line_1_12' title="bbox 19 590 732 626; baseline -0.001 -8"><span class='ocrx_word' id='word_1_84' title='bbox 19 592 76 618; x_wconf 83' lang='lat' dir='ltr'><strong>ibus</strong></span> <span class='ocrx_word' id='word_1_85' title='bbox 91 591 242 618; x_wconf 84' lang='lat' dir='ltr'><strong>visibilibus</strong></span> <span class='ocrx_word' id='word_1_86' title='bbox 264 591 405 626; x_wconf 90' lang='lat' dir='ltr'><strong>judicandi</strong></span> <span class='ocrx_word' id='word_1_87' title='bbox 416 610 424 624; x_wconf 84' lang='lat'><strong>,</strong></span> <span class='ocrx_word' id='word_1_88' title='bbox 441 590 484 618; x_wconf 90' lang='lat' dir='ltr'><strong>vel</strong></span> <span class='ocrx_word' id='word_1_89' title='bbox 500 591 582 619; x_wconf 85' lang='lat' dir='ltr'><strong>etiam</strong></span> <span class='ocrx_word' id='word_1_90' title='bbox 597 591 668 626; x_wconf 84' lang='lat' dir='ltr'><strong>apud</strong></span> <span class='ocrx_word' id='word_1_91' title='bbox 683 599 732 618; x_wconf 88' lang='lat' dir='ltr'><strong>an-</strong></span> 
     </span>
    </p>
   </div>
   <div class='ocr_carea' id='block_1_13' title="bbox 19 637 730 672">
    <p class='ocr_par' dir='ltr' id='par_1_13' title="bbox 19 637 730 672">
     <span class='ocr_line' id='line_1_13' title="bbox 19 637 730 672; baseline 0.001 -9"><span class='ocrx_word' id='word_1_92' title='bbox 19 645 41 669; x_wconf 88' lang='lat' dir='ltr'><strong>s,</strong></span> <span class='ocrx_word' id='word_1_93' title='bbox 64 641 232 672; x_wconf 76' lang='lat' dir='ltr'><strong>czclerasque</strong></span> <span class='ocrx_word' id='word_1_94' title='bbox 246 638 375 664; x_wconf 91' lang='lat' dir='ltr'><strong>virtutum</strong></span> <span class='ocrx_word' id='word_1_95' title='bbox 400 637 550 664; x_wconf 62' lang='lat' dir='ltr'><strong>caelestium</strong></span> <span class='ocrx_word' id='word_1_96' title='bbox 571 641 730 672; x_wconf 85' lang='lat' dir='ltr'><strong>potestates.</strong></span> 
     </span>
    </p>
   </div>
   <div class='ocr_carea' id='block_1_14' title="bbox 19 683 732 718">
    <p class='ocr_par' dir='ltr' id='par_1_14' title="bbox 19 683 732 718">
     <span class='ocr_line' id='line_1_14' title="bbox 19 683 732 718; baseline 0 -9"><span class='ocrx_word' id='word_1_97' title='bbox 19 683 101 717; x_wconf 86' lang='lat' dir='ltr'><strong>utique</strong></span> <span class='ocrx_word' id='word_1_98' title='bbox 112 683 265 718; x_wconf 81' lang='lat' dir='ltr'><strong>gloriﬁcare</strong></span> <span class='ocrx_word' id='word_1_99' title='bbox 282 690 343 710; x_wconf 87' lang='lat' dir='ltr'><strong>eum</strong></span> <span class='ocrx_word' id='word_1_100' title='bbox 361 683 438 718; x_wconf 85' lang='lat' dir='ltr'><strong>cujus</strong></span> <span class='ocrx_word' id='word_1_101' title='bbox 452 690 534 718; x_wconf 85' lang='lat' dir='ltr'><strong>opera</strong></span> <span class='ocrx_word' id='word_1_102' title='bbox 547 683 732 718; x_wconf 87' lang='lat' dir='ltr'><strong>probaverunt</strong></span> 
     </span>
    </p>
   </div>
   <div class='ocr_carea' id='block_1_15' title="bbox 20 728 731 763">
    <p class='ocr_par' dir='ltr' id='par_1_15' title="bbox 20 728 731 763">
     <span class='ocr_line' id='line_1_15' title="bbox 20 728 731 763; baseline 0 -8"><span class='ocrx_word' id='word_1_103' title='bbox 20 733 71 755; x_wconf 90' lang='lat' dir='ltr'><strong>unt.</strong></span> <span class='ocrx_word' id='word_1_104' title='bbox 89 728 199 756; x_wconf 83' lang='lat' dir='ltr'><strong>Occulta</strong></span> <span class='ocrx_word' id='word_1_105' title='bbox 211 736 276 756; x_wconf 90' lang='lat' dir='ltr'><strong>vero</strong></span> <span class='ocrx_word' id='word_1_106' title='bbox 288 729 380 756; x_wconf 83' lang='lat' dir='ltr'><strong>curdis</strong></span> <span class='ocrx_word' id='word_1_107' title='bbox 396 728 521 763; x_wconf 88' lang='lat' dir='ltr'><strong>quoniam</strong></span> <span class='ocrx_word' id='word_1_108' title='bbox 535 728 618 755; x_wconf 90' lang='lat' dir='ltr'><strong>solius</strong></span> <span class='ocrx_word' id='word_1_109' title='bbox 630 728 675 755; x_wconf 87' lang='lat' dir='ltr'><strong>Dei</strong></span> <span class='ocrx_word' id='word_1_110' title='bbox 689 733 731 755; x_wconf 90' lang='lat' dir='ltr'><strong>est</strong></span> 
     </span>
    </p>
   </div>
   <div class='ocr_carea' id='block_1_16' title="bbox 19 773 731 809">
    <p class='ocr_par' dir='ltr' id='par_1_16' title="bbox 19 773 731 809">
     <span class='ocr_line' id='line_1_16' title="bbox 19 773 731 809; baseline 0 -9"><span class='ocrx_word' id='word_1_111' title='bbox 19 781 73 806; x_wconf 75' lang='lat' dir='ltr'><strong>rere,</strong></span> <span class='ocrx_word' id='word_1_112' title='bbox 84 775 139 808; x_wconf 87' lang='lat' dir='ltr'><strong>ipse</strong></span> <span class='ocrx_word' id='word_1_113' title='bbox 156 774 279 809; x_wconf 86' lang='lat' dir='ltr'><strong>pervidet</strong></span> <span class='ocrx_word' id='word_1_114' title='bbox 293 774 315 801; x_wconf 89' lang='lat' dir='ltr'><strong>si</strong></span> <span class='ocrx_word' id='word_1_115' title='bbox 330 774 356 801; x_wconf 92' lang='lat' dir='ltr'><strong>in</strong></span> <span class='ocrx_word' id='word_1_116' title='bbox 374 781 539 809; x_wconf 90' lang='lat' dir='ltr'><strong>unoquoque</strong></span> <span class='ocrx_word' id='word_1_117' title='bbox 551 773 611 801; x_wconf 91' lang='lat' dir='ltr'><strong>ﬁdei</strong></span> <span class='ocrx_word' id='word_1_118' title='bbox 627 773 731 800; x_wconf 80' lang='lat' dir='ltr'><strong>habitat</strong></span> 
     </span>
    </p>
   </div>
   <div class='ocr_carea' id='block_1_17' title="bbox 21 819 728 855">
    <p class='ocr_par' dir='ltr' id='par_1_17' title="bbox 21 819 728 855">
     <span class='ocr_line' id='line_1_17' title="bbox 21 819 728 855; baseline 0 -9"><span class='ocrx_word' id='word_1_119' title='bbox 21 820 50 847; x_wconf 80' lang='lat' dir='ltr'><strong>iis</strong></span> <span class='ocrx_word' id='word_1_120' title='bbox 63 819 174 847; x_wconf 76' lang='lat' dir='ltr'><strong>allectus</strong></span> <span class='ocrx_word' id='word_1_121' title='bbox 191 820 248 855; x_wconf 76' lang='lat'>(25)</span> <span class='ocrx_word' id='word_1_122' title='bbox 266 828 273 847; x_wconf 88' lang='lat'><strong>:</strong></span> <span class='ocrx_word' id='word_1_123' title='bbox 291 825 318 847; x_wconf 91' lang='lat' dir='ltr'><strong>et</strong></span> <span class='ocrx_word' id='word_1_124' title='bbox 333 819 394 847; x_wconf 87' lang='lat' dir='ltr'><strong>ideo</strong></span> <span class='ocrx_word' id='word_1_125' title='bbox 409 820 454 853; x_wconf 90' lang='lat' dir='ltr'><strong>qui</strong></span> <span class='ocrx_word' id='word_1_126' title='bbox 474 827 507 847; x_wconf 86' lang='lat' dir='ltr'><strong>ex</strong></span> <span class='ocrx_word' id='word_1_127' title='bbox 528 819 579 846; x_wconf 91' lang='lat' dir='ltr'><strong>ﬁde</strong></span> <span class='ocrx_word' id='word_1_128' title='bbox 594 819 728 853; x_wconf 76' lang='lat' dir='ltr'><strong>iustiﬁca-</strong></span> 
     </span>
    </p>
   </div>
   <div class='ocr_carea' id='block_1_18' title="bbox 782 227 1568 269">
    <p class='ocr_par' dir='ltr' id='par_1_18' title="bbox 782 227 1568 269">
     <span class='ocr_line' id='line_1_18' title="bbox 782 227 1568 269; baseline 0.01 -15"><span class='ocrx_word' id='word_1_129' title='bbox 782 227 872 262; x_wconf 91' lang='lat' dir='ltr'><strong>potuit</strong></span> <span class='ocrx_word' id='word_1_130' title='bbox 897 227 1058 262; x_wconf 81' lang='lat' dir='ltr'><strong>Abraham;</strong></span> <span class='ocrx_word' id='word_1_131' title='bbox 1082 234 1188 258; x_wconf 60' lang='lat' dir='ltr'><strong>caetera:</strong></span> <span class='ocrx_word' id='word_1_132' title='bbox 1209 239 1273 259; x_wconf 86' lang='lat' dir='ltr'><strong>vero</strong></span> <span class='ocrx_word' id='word_1_133' title='bbox 1299 238 1393 267; x_wconf 80' lang='lat' dir='ltr'><strong>gentes</strong></span> <span class='ocrx_word' id='word_1_134' title='bbox 1419 233 1446 260; x_wconf 94' lang='lat' dir='ltr'><strong>in</strong></span> <span class='ocrx_word' id='word_1_135' title='bbox 1471 235 1568 269; x_wconf 81' lang='lat' dir='ltr'><strong>spiritu</strong></span> 
     </span>
    </p>
   </div>
   <div class='ocr_carea' id='block_1_19' title="bbox 782 275 1570 313">
    <p class='ocr_par' dir='ltr' id='par_1_19' title="bbox 782 275 1570 313">
     <span class='ocr_line' id='line_1_19' title="bbox 782 275 1570 313; baseline 0.008 -14"><span class='ocrx_word' id='word_1_136' title='bbox 782 280 844 300; x_wconf 87' lang='lat' dir='ltr'><strong>eum</strong></span> <span class='ocrx_word' id='word_1_137' title='bbox 858 280 973 308; x_wconf 87' lang='lat' dir='ltr'><strong>patrem,</strong></span> <span class='ocrx_word' id='word_1_138' title='bbox 989 282 1042 301; x_wconf 91' lang='lat' dir='ltr'><strong>non</strong></span> <span class='ocrx_word' id='word_1_139' title='bbox 1059 275 1085 301; x_wconf 92' lang='lat' dir='ltr'><strong>in</strong></span> <span class='ocrx_word' id='word_1_140' title='bbox 1101 282 1183 303; x_wconf 87' lang='lat' dir='ltr'><strong>carne</strong></span> <span class='ocrx_word' id='word_1_141' title='bbox 1192 276 1371 304; x_wconf 83' lang='lat' dir='ltr'><strong>nominabuot</strong></span> <span class='ocrx_word' id='word_1_142' title='bbox 1387 287 1393 304; x_wconf 97' lang='lat'>:</span> <span class='ocrx_word' id='word_1_143' title='bbox 1411 277 1461 305; x_wconf 85' lang='lat' dir='ltr'><strong>nisi</strong></span> <span class='ocrx_word' id='word_1_144' title='bbox 1476 284 1570 313; x_wconf 81' lang='lat' dir='ltr'><strong>utpote</strong></span> 
     </span>
    </p>
   </div>
   <div class='ocr_carea' id='block_1_20' title="bbox 783 318 1570 357">
    <p class='ocr_par' dir='ltr' id='par_1_20' title="bbox 783 318 1570 357">
     <span class='ocr_line' id='line_1_20' title="bbox 783 318 1570 357; baseline 0.008 -13"><span class='ocrx_word' id='word_1_145' title='bbox 783 318 809 345; x_wconf 91' lang='lat' dir='ltr'><strong>in</strong></span> <span class='ocrx_word' id='word_1_146' title='bbox 826 318 892 345; x_wconf 85' lang='lat' dir='ltr'><strong>locis</strong></span> <span class='ocrx_word' id='word_1_147' title='bbox 906 318 942 345; x_wconf 89' lang='lat' dir='ltr'><strong>ita</strong></span> <span class='ocrx_word' id='word_1_148' title='bbox 960 319 1084 354; x_wconf 82' lang='lat' dir='ltr'><strong>angustis</strong></span> <span class='ocrx_word' id='word_1_149' title='bbox 1097 320 1130 347; x_wconf 85' lang='lat' dir='ltr'><strong>ad</strong></span> <span class='ocrx_word' id='word_1_150' title='bbox 1155 320 1309 354; x_wconf 71' lang='lat' dir='ltr'><strong>allegoricae</strong></span> <span class='ocrx_word' id='word_1_151' title='bbox 1322 321 1507 357; x_wconf 58' lang='lat' dir='ltr'><strong>intelligentia</strong></span> <span class='ocrx_word' id='word_1_152' title='bbox 1528 324 1570 350; x_wconf 85' lang='lat' dir='ltr'><strong>la-</strong></span> 
     </span>
    </p>
   </div>
   <div class='ocr_carea' id='block_1_21' title="bbox 783 364 1569 402">
    <p class='ocr_par' dir='ltr' id='par_1_21' title="bbox 783 364 1569 402">
     <span class='ocr_line' id='line_1_21' title="bbox 783 364 1569 402; baseline 0.006 -12"><span class='ocrx_word' id='word_1_153' title='bbox 783 364 925 391; x_wconf 84' lang='lat' dir='ltr'><strong>titudinem</strong></span> <span class='ocrx_word' id='word_1_154' title='bbox 949 370 1156 398; x_wconf 86' lang='lat' dir='ltr'><strong>convertamur,</strong></span> <span class='ocrx_word' id='word_1_155' title='bbox 1174 366 1219 394; x_wconf 93' lang='lat' dir='ltr'><strong>ubi</strong></span> <span class='ocrx_word' id='word_1_156' title='bbox 1243 371 1322 402; x_wconf 89' lang='lat' dir='ltr'><strong>pater</strong></span> <span class='ocrx_word' id='word_1_157' title='bbox 1344 369 1490 395; x_wconf 85' lang='lat' dir='ltr'><strong>secundum</strong></span> <span class='ocrx_word' id='word_1_158' title='bbox 1504 376 1569 395; x_wconf 87' lang='lat' dir='ltr'><strong>car-</strong></span> 
     </span>
    </p>
   </div>
   <div class='ocr_carea' id='block_1_22' title="bbox 782 410 1570 446">
    <p class='ocr_par' dir='ltr' id='par_1_22' title="bbox 782 410 1570 446">
     <span class='ocr_line' id='line_1_22' title="bbox 782 410 1570 446; baseline 0.006 -10"><span class='ocrx_word' id='word_1_159' title='bbox 782 417 844 436; x_wconf 85' lang='lat' dir='ltr'><strong>nem</strong></span> <span class='ocrx_word' id='word_1_160' title='bbox 857 410 942 445; x_wconf 82' lang='lat' dir='ltr'><strong>accipi</strong></span> <span class='ocrx_word' id='word_1_161' title='bbox 962 415 1050 445; x_wconf 83' lang='lat' dir='ltr'><strong>potest</strong></span> <span class='ocrx_word' id='word_1_162' title='bbox 1065 411 1087 439; x_wconf 97' lang='lat' dir='ltr'><strong>is</strong></span> <span class='ocrx_word' id='word_1_163' title='bbox 1110 412 1156 446; x_wconf 91' lang='lat' dir='ltr'><strong>qui</strong></span> <span class='ocrx_word' id='word_1_164' title='bbox 1173 412 1305 440; x_wconf 78' lang='lat' dir='ltr'><strong>doctrina:</strong></span> <span class='ocrx_word' id='word_1_165' title='bbox 1334 413 1465 446; x_wconf 86' lang='lat' dir='ltr'><strong>carnalis,</strong></span> <span class='ocrx_word' id='word_1_166' title='bbox 1484 414 1510 440; x_wconf 90' lang='lat' dir='ltr'><strong>id</strong></span> <span class='ocrx_word' id='word_1_167' title='bbox 1527 419 1570 441; x_wconf 80' lang='lat' dir='ltr'><strong>est</strong></span> 
     </span>
    </p>
   </div>
   <div class='ocr_carea' id='block_1_23' title="bbox 781 454 1567 493">
    <p class='ocr_par' dir='ltr' id='par_1_23' title="bbox 781 454 1567 493">
     <span class='ocr_line' id='line_1_23' title="bbox 781 454 1567 493; baseline 0.006 -11"><span class='ocrx_word' id='word_1_168' title='bbox 781 454 848 489; x_wconf 82' lang='lat' dir='ltr'><strong>legis</strong></span> <span class='ocrx_word' id='word_1_169' title='bbox 864 457 1012 483; x_wconf 86' lang='lat' dir='ltr'><strong>secundum</strong></span> <span class='ocrx_word' id='word_1_170' title='bbox 1029 457 1149 484; x_wconf 87' lang='lat' dir='ltr'><strong>iitterarn</strong></span> <span class='ocrx_word' id='word_1_171' title='bbox 1162 458 1247 491; x_wconf 88' lang='lat' dir='ltr'><strong>prima</strong></span> <span class='ocrx_word' id='word_1_172' title='bbox 1259 459 1393 486; x_wconf 87' lang='lat' dir='ltr'><strong>elementa</strong></span> <span class='ocrx_word' id='word_1_173' title='bbox 1412 460 1567 493; x_wconf 85' lang='lat' dir='ltr'><strong>tradiderit,</strong></span> 
     </span>
    </p>
   </div>
   <div class='ocr_carea' id='block_1_24' title="bbox 781 502 1568 538">
    <p class='ocr_par' dir='ltr' id='par_1_24' title="bbox 781 502 1568 538">
     <span class='ocr_line' id='line_1_24' title="bbox 781 502 1568 538; baseline 0.005 -11"><span class='ocrx_word' id='word_1_174' title='bbox 781 507 809 527; x_wconf 89' lang='lat' dir='ltr'><strong>et</strong></span> <span class='ocrx_word' id='word_1_175' title='bbox 826 502 955 535; x_wconf 77' lang='lat' dir='ltr'><strong>magister</strong></span> <span class='ocrx_word' id='word_1_176' title='bbox 977 502 1004 528; x_wconf 95' lang='lat' dir='ltr'><strong>in</strong></span> <span class='ocrx_word' id='word_1_177' title='bbox 1027 502 1118 529; x_wconf 94' lang='lat' dir='ltr'><strong>divina</strong></span> <span class='ocrx_word' id='word_1_178' title='bbox 1146 502 1205 537; x_wconf 71' lang='lat' dir='ltr'><strong>lege</strong></span> <span class='ocrx_word' id='word_1_179' title='bbox 1222 503 1315 538; x_wconf 61' lang='lat' dir='ltr'><strong>prima;</strong></span> <span class='ocrx_word' id='word_1_180' title='bbox 1330 504 1507 532; x_wconf 85' lang='lat' dir='ltr'><strong>institutionis</strong></span> <span class='ocrx_word' id='word_1_181' title='bbox 1519 513 1568 531; x_wconf 80' lang='lat' dir='ltr'><strong>ex-</strong></span> 
     </span>
    </p>
   </div>
   <div class='ocr_carea' id='block_1_25' title="bbox 781 546 1568 585">
    <p class='ocr_par' dir='ltr' id='par_1_25' title="bbox 781 546 1568 585">
     <span class='ocr_line' id='line_1_25' title="bbox 781 546 1568 585; baseline 0.008 -13"><span class='ocrx_word' id='word_1_182' title='bbox 781 546 892 573; x_wconf 80' lang='lat' dir='ltr'><strong>stiterit.</strong></span> <span class='ocrx_word' id='word_1_183' title='bbox 911 546 987 579; x_wconf 85' lang='lat' dir='ltr'><strong>Quod</strong></span> <span class='ocrx_word' id='word_1_184' title='bbox 1011 552 1101 576; x_wconf 88' lang='lat' dir='ltr'><strong>autent</strong></span> <span class='ocrx_word' id='word_1_185' title='bbox 1119 549 1242 583; x_wconf 78' lang='lat' dir='ltr'><strong>magistri</strong></span> <span class='ocrx_word' id='word_1_186' title='bbox 1266 549 1348 576; x_wconf 86' lang='lat' dir='ltr'><strong>etiam</strong></span> <span class='ocrx_word' id='word_1_187' title='bbox 1373 555 1463 585; x_wconf 86' lang='lat' dir='ltr'><strong>patres</strong></span> <span class='ocrx_word' id='word_1_188' title='bbox 1485 550 1568 585; x_wconf 74' lang='lat'><strong>522</strong></span> 
     </span>
    </p>
   </div>
   <div class='ocr_carea' id='block_1_26' title="bbox 781 591 1567 629">
    <p class='ocr_par' dir='ltr' id='par_1_26' title="bbox 781 591 1567 629">
     <span class='ocr_line' id='line_1_26' title="bbox 781 591 1567 629; baseline 0.006 -12"><span class='ocrx_word' id='word_1_189' title='bbox 781 591 952 625; x_wconf 86' lang='lat' dir='ltr'><strong>appellentur</strong></span> <span class='ocrx_word' id='word_1_190' title='bbox 975 597 1003 619; x_wconf 91' lang='lat' dir='ltr'><strong>et</strong></span> <span class='ocrx_word' id='word_1_191' title='bbox 1027 593 1167 626; x_wconf 81' lang='lat' dir='ltr'><strong>apostolus</strong></span> <span class='ocrx_word' id='word_1_192' title='bbox 1190 593 1290 621; x_wconf 85' lang='lat' dir='ltr'><strong>Paulus</strong></span> <span class='ocrx_word' id='word_1_193' title='bbox 1318 595 1402 627; x_wconf 87' lang='lat' dir='ltr'><strong>dicit,</strong></span> <span class='ocrx_word' id='word_1_194' title='bbox 1427 596 1516 629; x_wconf 81' lang='lat' dir='ltr'><strong>quiat</strong></span> <span class='ocrx_word' id='word_1_195' title='bbox 1540 597 1567 622; x_wconf 90' lang='lat' dir='ltr'><strong>in</strong></span> 
     </span>
    </p>
   </div>
   <div class='ocr_carea' id='block_1_27' title="bbox 781 634 1565 674">
    <p class='ocr_par' dir='ltr' id='par_1_27' title="bbox 781 634 1565 674">
     <span class='ocr_line' id='line_1_27' title="bbox 781 634 1565 674; baseline 0.006 -12"><span class='ocrx_word' id='word_1_196' title='bbox 781 635 890 662; x_wconf 88' lang='lat' dir='ltr'><strong>Christo</strong></span> <span class='ocrx_word' id='word_1_197' title='bbox 915 634 980 663; x_wconf 81' lang='lat' dir='ltr'><strong>Jesu</strong></span> <span class='ocrx_word' id='word_1_198' title='bbox 1000 643 1049 671; x_wconf 90' lang='lat' dir='ltr'><strong>per</strong></span> <span class='ocrx_word' id='word_1_199' title='bbox 1066 636 1241 672; x_wconf 81' lang='lat' dir='ltr'><strong>Evangelium</strong></span> <span class='ocrx_word' id='word_1_200' title='bbox 1257 646 1308 673; x_wconf 86' lang='lat' dir='ltr'><strong>ego</strong></span> <span class='ocrx_word' id='word_1_201' title='bbox 1334 646 1380 666; x_wconf 90' lang='lat' dir='ltr'><strong>vos</strong></span> <span class='ocrx_word' id='word_1_202' title='bbox 1397 641 1476 674; x_wconf 81' lang='lat' dir='ltr'><strong>genui</strong></span> <span class='ocrx_word' id='word_1_203' title='bbox 1502 641 1535 667; x_wconf 77' lang='grc' dir='ltr'><strong>δι.</strong></span> <span class='ocrx_word' id='word_1_204' title='bbox 1554 650 1565 666; x_wconf 73' lang='grc' dir='ltr'><strong>ι</strong></span> 
     </span>
    </p>
   </div>
   <div class='ocr_carea' id='block_1_28' title="bbox 782 681 1567 719">
    <p class='ocr_par' dir='ltr' id='par_1_28' title="bbox 782 681 1567 719">
     <span class='ocr_line' id='line_1_28' title="bbox 782 681 1567 719; baseline 0.005 -11"><span class='ocrx_word' id='word_1_205' title='bbox 782 681 835 708; x_wconf 90' lang='lat' dir='ltr'><strong>Sed</strong></span> <span class='ocrx_word' id='word_1_206' title='bbox 847 686 874 708; x_wconf 89' lang='lat' dir='ltr'><strong>et</strong></span> <span class='ocrx_word' id='word_1_207' title='bbox 890 685 917 708; x_wconf 92' lang='lat' dir='ltr'><strong>tu</strong></span> <span class='ocrx_word' id='word_1_208' title='bbox 931 681 975 716; x_wconf 91' lang='lat' dir='ltr'><strong>qui</strong></span> <span class='ocrx_word' id='word_1_209' title='bbox 992 681 1070 717; x_wconf 85' lang='lat' dir='ltr'><strong>legis,</strong></span> <span class='ocrx_word' id='word_1_210' title='bbox 1086 690 1118 710; x_wconf 87' lang='lat' dir='ltr'><strong>ex</strong></span> <span class='ocrx_word' id='word_1_211' title='bbox 1133 683 1232 710; x_wconf 79' lang='lat' dir='ltr'><strong>divinis</strong></span> <span class='ocrx_word' id='word_1_212' title='bbox 1246 683 1433 711; x_wconf 80' lang='lat' dir='ltr'><strong>Voluminibns</strong></span> <span class='ocrx_word' id='word_1_213' title='bbox 1447 685 1504 719; x_wconf 84' lang='lat' dir='ltr'><strong>ipse</strong></span> <span class='ocrx_word' id='word_1_214' title='bbox 1519 686 1567 713; x_wconf 86' lang='lat' dir='ltr'><strong>tibi</strong></span> 
     </span>
    </p>
   </div>
   <div class='ocr_carea' id='block_1_29' title="bbox 782 726 1620 765">
    <p class='ocr_par' dir='ltr' id='par_1_29' title="bbox 782 726 1620 765">
     <span class='ocr_line' id='line_1_29' title="bbox 782 726 1620 765; baseline 0.005 -11"><span class='ocrx_word' id='word_1_215' title='bbox 782 726 937 754; x_wconf 89' lang='lat' dir='ltr'><strong>testimonia</strong></span> <span class='ocrx_word' id='word_1_216' title='bbox 952 727 978 754; x_wconf 91' lang='lat' dir='ltr'><strong>in</strong></span> <span class='ocrx_word' id='word_1_217' title='bbox 1002 727 1053 755; x_wconf 89' lang='lat' dir='ltr'><strong>hoc</strong></span> <span class='ocrx_word' id='word_1_218' title='bbox 1085 728 1245 762; x_wconf 87' lang='lat' dir='ltr'><strong>aspicientia</strong></span> <span class='ocrx_word' id='word_1_219' title='bbox 1259 735 1432 765; x_wconf 79' lang='lat' dir='ltr'><strong>congregato.</strong></span> <span class='ocrx_word' id='word_1_220' title='bbox 1449 729 1568 758; x_wconf 82' lang='lat' dir='ltr'><strong>Additur</strong></span> <span class='ocrx_word' id='word_1_221' title='bbox 1612 726 1620 734; x_wconf 96' lang='grc'><strong>’</strong></span> 
     </span>
    </p>
   </div>
   <div class='ocr_carea' id='block_1_30' title="bbox 782 772 1568 813">
    <p class='ocr_par' dir='ltr' id='par_1_30' title="bbox 782 772 1568 813">
     <span class='ocr_line' id='line_1_30' title="bbox 782 772 1568 813; baseline 0.006 -14"><span class='ocrx_word' id='word_1_222' title='bbox 782 772 809 800; x_wconf 91' lang='lat' dir='ltr'><strong>in</strong></span> <span class='ocrx_word' id='word_1_223' title='bbox 824 773 1053 813; x_wconf 65' lang='lat' dir='ltr'><strong>consequentibus</strong></span> <span class='ocrx_word' id='word_1_224' title='bbox 1073 782 1079 800; x_wconf 91' lang='lat'>:</span> <span class='ocrx_word' id='word_1_225' title='bbox 1101 783 1110 799; x_wconf 80' lang='grc' dir='ltr'><strong>ι</strong></span> <span class='ocrx_word' id='word_1_226' title='bbox 1130 774 1253 802; x_wconf 88' lang='lat' dir='ltr'><strong>Credidit</strong></span> <span class='ocrx_word' id='word_1_227' title='bbox 1279 776 1418 803; x_wconf 80' lang='lat' dir='ltr'><strong>Abraham</strong></span> <span class='ocrx_word' id='word_1_228' title='bbox 1445 776 1501 804; x_wconf 87' lang='lat' dir='ltr'><strong>Deo</strong></span> <span class='ocrx_word' id='word_1_229' title='bbox 1514 797 1521 809; x_wconf 91' lang='lat'><strong>,</strong></span> <span class='ocrx_word' id='word_1_230' title='bbox 1539 781 1568 804; x_wconf 90' lang='lat' dir='ltr'><strong>et</strong></span> 
     </span>
    </p>
   </div>
   <div class='ocr_carea' id='block_1_31' title="bbox 783 818 1570 854">
    <p class='ocr_par' dir='ltr' id='par_1_31' title="bbox 783 818 1570 854">
     <span class='ocr_line' id='line_1_31' title="bbox 783 818 1570 854; baseline 0.006 -10"><span class='ocrx_word' id='word_1_231' title='bbox 783 822 937 852; x_wconf 87' lang='lat' dir='ltr'><strong>reputatum</strong></span> <span class='ocrx_word' id='word_1_232' title='bbox 958 822 1001 845; x_wconf 87' lang='lat' dir='ltr'><strong>est</strong></span> <span class='ocrx_word' id='word_1_233' title='bbox 1016 818 1054 845; x_wconf 90' lang='lat' dir='ltr'><strong>illi</strong></span> <span class='ocrx_word' id='word_1_234' title='bbox 1075 819 1109 846; x_wconf 93' lang='lat' dir='ltr'><strong>ad</strong></span> <span class='ocrx_word' id='word_1_235' title='bbox 1121 819 1252 854; x_wconf 87' lang='lat' dir='ltr'><strong>justitiam</strong></span> <span class='ocrx_word' id='word_1_236' title='bbox 1272 821 1304 847; x_wconf 88' lang='lat'><strong>&quot;.</strong></span> <span class='ocrx_word' id='word_1_237' title='bbox 1324 830 1334 846; x_wconf 74' lang='grc' dir='ltr'><strong>ι</strong></span> <span class='ocrx_word' id='word_1_238' title='bbox 1351 821 1401 848; x_wconf 87' lang='lat' dir='ltr'><strong>Hic</strong></span> <span class='ocrx_word' id='word_1_239' title='bbox 1422 829 1512 849; x_wconf 79' lang='lat' dir='ltr'><strong>sermo</strong></span> <span class='ocrx_word' id='word_1_240' title='bbox 1535 829 1570 849; x_wconf 88' lang='lat' dir='ltr'><strong>ex</strong></span> 
     </span>
    </p>
   </div>
   <div class='ocr_carea' id='block_1_32' title="bbox 26 863 1570 900">
    <p class='ocr_par' dir='ltr' id='par_1_32' title="bbox 26 863 1570 900">
     <span class='ocr_line' id='line_1_32' title="bbox 26 863 1570 900; baseline 0.002 -9"><span class='ocrx_word' id='word_1_241' title='bbox 26 865 89 899; x_wconf 85' lang='lat' dir='ltr'><strong>apud</strong></span> <span class='ocrx_word' id='word_1_242' title='bbox 106 865 190 892; x_wconf 88' lang='lat' dir='ltr'><strong>solum</strong></span> <span class='ocrx_word' id='word_1_243' title='bbox 209 865 295 892; x_wconf 89' lang='lat' dir='ltr'><strong>Deum</strong></span> <span class='ocrx_word' id='word_1_244' title='bbox 310 865 392 892; x_wconf 84' lang='lat' dir='ltr'><strong>habet</strong></span> <span class='ocrx_word' id='word_1_245' title='bbox 408 865 520 900; x_wconf 78' lang='lat' dir='ltr'><strong>gloriam</strong></span> <span class='ocrx_word' id='word_1_246' title='bbox 539 865 585 900; x_wconf 88' lang='lat' dir='ltr'><strong>qui</strong></span> <span class='ocrx_word' id='word_1_247' title='bbox 607 865 730 892; x_wconf 85' lang='lat' dir='ltr'><strong>occulto—</strong></span> <span class='ocrx_word' id='word_1_248' title='bbox 745 863 766 892; x_wconf 81' lang='grc' dir='ltr'><strong><em>Β</em></strong></span> <span class='ocrx_word' id='word_1_249' title='bbox 783 863 852 891; x_wconf 88' lang='lat' dir='ltr'><strong>libro</strong></span> <span class='ocrx_word' id='word_1_250' title='bbox 870 863 981 891; x_wconf 83' lang='lat' dir='ltr'><strong>Genesis</strong></span> <span class='ocrx_word' id='word_1_251' title='bbox 1005 864 1134 898; x_wconf 84' lang='lat' dir='ltr'><strong>sumitur,</strong></span> <span class='ocrx_word' id='word_1_252' title='bbox 1154 873 1187 893; x_wconf 89' lang='lat' dir='ltr'><strong>eo</strong></span> <span class='ocrx_word' id='word_1_253' title='bbox 1206 873 1239 892; x_wconf 84' lang='lat' dir='ltr'><strong>ex</strong></span> <span class='ocrx_word' id='word_1_254' title='bbox 1260 866 1320 893; x_wconf 88' lang='lat' dir='ltr'><strong>loco</strong></span> <span class='ocrx_word' id='word_1_255' title='bbox 1339 867 1384 894; x_wconf 92' lang='lat' dir='ltr'><strong>ubi</strong></span> <span class='ocrx_word' id='word_1_256' title='bbox 1405 875 1459 894; x_wconf 90' lang='lat' dir='ltr'><strong>non</strong></span> <span class='ocrx_word' id='word_1_257' title='bbox 1485 867 1570 894; x_wconf 76' lang='lat' dir='ltr'><strong>Abra-</strong></span> 
     </span>
    </p>
   </div>
   <div class='ocr_carea' id='block_1_33' title="bbox 37 910 731 946">
    <p class='ocr_par' dir='ltr' id='par_1_33' title="bbox 37 910 731 946">
     <span class='ocr_line' id='line_1_33' title="bbox 37 910 731 946; baseline 0.001 -9"><span class='ocrx_word' id='word_1_258' title='bbox 37 912 154 938; x_wconf 87' lang='lat' dir='ltr'><strong>notitiam</strong></span> <span class='ocrx_word' id='word_1_259' title='bbox 179 911 260 938; x_wconf 80' lang='lat' dir='ltr'><strong>habet</strong></span> <span class='ocrx_word' id='word_1_260' title='bbox 281 911 337 946; x_wconf 68' lang='lat'>(26)</span> <span class='ocrx_word' id='word_1_261' title='bbox 350 931 357 943; x_wconf 87' lang='lat'><strong>,</strong></span> <span class='ocrx_word' id='word_1_262' title='bbox 374 915 402 938; x_wconf 92' lang='lat' dir='ltr'><strong>et</strong></span> <span class='ocrx_word' id='word_1_263' title='bbox 425 910 486 938; x_wconf 74' lang='grc' dir='ltr'>ιιιιυί</span> <span class='ocrx_word' id='word_1_264' title='bbox 502 911 576 938; x_wconf 88' lang='lat' dir='ltr'><strong>solus</strong></span> <span class='ocrx_word' id='word_1_265' title='bbox 594 911 731 945; x_wconf 80' lang='lat' dir='ltr'><strong>inspector</strong></span> 
     </span>
    </p>
   </div>
   <div class='ocr_carea' id='block_1_34' title="bbox 22 955 729 990">
    <p class='ocr_par' dir='ltr' id='par_1_34' title="bbox 22 955 729 990">
     <span class='ocr_line' id='line_1_34' title="bbox 22 955 729 990; baseline 0.001 -8"><span class='ocrx_word' id='word_1_266' title='bbox 22 955 98 990; x_wconf 89' lang='lat' dir='ltr'><strong>igitur</strong></span> <span class='ocrx_word' id='word_1_267' title='bbox 118 961 144 983; x_wconf 87' lang='lat' dir='ltr'><strong>et</strong></span> <span class='ocrx_word' id='word_1_268' title='bbox 163 965 173 982; x_wconf 88' lang='grc'><em>‹</em></span> <span class='ocrx_word' id='word_1_269' title='bbox 190 956 328 983; x_wconf 84' lang='lat' dir='ltr'><strong>Abraham</strong></span> <span class='ocrx_word' id='word_1_270' title='bbox 349 956 370 983; x_wconf 91' lang='lat' dir='ltr'><strong>si</strong></span> <span class='ocrx_word' id='word_1_271' title='bbox 397 963 430 983; x_wconf 81' lang='lat' dir='ltr'><strong>ex</strong></span> <span class='ocrx_word' id='word_1_272' title='bbox 449 956 577 990; x_wconf 82' lang='lat' dir='ltr'><strong>operibus</strong></span> <span class='ocrx_word' id='word_1_273' title='bbox 590 976 598 989; x_wconf 92' lang='lat'><strong>,</strong></span> <span class='ocrx_word' id='word_1_274' title='bbox 625 956 729 990; x_wconf 89' lang='lat' dir='ltr'><strong>inquit,</strong></span> 
     </span>
    </p>
   </div>
   <div class='ocr_carea' id='block_1_35' title="bbox 20 1001 730 1036">
    <p class='ocr_par' dir='ltr' id='par_1_35' title="bbox 20 1001 730 1036">
     <span class='ocr_line' id='line_1_35' title="bbox 20 1001 730 1036; baseline 0.001 -9"><span class='ocrx_word' id='word_1_275' title='bbox 20 1001 108 1028; x_wconf 83' lang='lat' dir='ltr'><strong>ﬁcatus</strong></span> <span class='ocrx_word' id='word_1_276' title='bbox 121 1007 171 1032; x_wconf 83' lang='lat' dir='ltr'><strong>est.</strong></span> <span class='ocrx_word' id='word_1_277' title='bbox 187 1001 269 1029; x_wconf 84' lang='lat' dir='ltr'><strong>habet</strong></span> <span class='ocrx_word' id='word_1_278' title='bbox 286 1010 296 1027; x_wconf 76' lang='grc' dir='ltr'><strong>ι</strong></span> <span class='ocrx_word' id='word_1_279' title='bbox 313 1002 422 1036; x_wconf 83' lang='lat' dir='ltr'><strong>quidem</strong></span> <span class='ocrx_word' id='word_1_280' title='bbox 440 1010 449 1027; x_wconf 74' lang='grc' dir='ltr'><strong>ι</strong></span> <span class='ocrx_word' id='word_1_281' title='bbox 467 1001 582 1035; x_wconf 77' lang='lat' dir='ltr'><strong>gloriam</strong></span> <span class='ocrx_word' id='word_1_282' title='bbox 599 1010 609 1027; x_wconf 79' lang='grc' dir='ltr'><strong>ι</strong></span> <span class='ocrx_word' id='word_1_283' title='bbox 621 1009 652 1028; x_wconf 86' lang='lat' dir='ltr'><strong>ex</strong></span> <span class='ocrx_word' id='word_1_284' title='bbox 665 1008 730 1036; x_wconf 84' lang='lat' dir='ltr'><strong>ope-</strong></span> 
     </span>
    </p>
   </div>
   <div class='ocr_carea' id='block_1_36' title="bbox 19 1045 728 1080">
    <p class='ocr_par' dir='ltr' id='par_1_36' title="bbox 19 1045 728 1080">
     <span class='ocr_line' id='line_1_36' title="bbox 19 1045 728 1080; baseline 0.003 -9"><span class='ocrx_word' id='word_1_285' title='bbox 19 1046 200 1078; x_wconf 83' lang='lat' dir='ltr'><strong>svenieutem,</strong></span> <span class='ocrx_word' id='word_1_286' title='bbox 220 1055 230 1071; x_wconf 86' lang='grc'><strong>‹</strong></span> <span class='ocrx_word' id='word_1_287' title='bbox 247 1047 293 1073; x_wconf 87' lang='lat' dir='ltr'><strong>sed</strong></span> <span class='ocrx_word' id='word_1_288' title='bbox 318 1053 371 1072; x_wconf 91' lang='lat' dir='ltr'><strong>non</strong></span> <span class='ocrx_word' id='word_1_289' title='bbox 397 1055 406 1072; x_wconf 73' lang='grc' dir='ltr'><strong>ι</strong></span> <span class='ocrx_word' id='word_1_290' title='bbox 423 1045 495 1073; x_wconf 87' lang='lat' dir='ltr'><strong>illam</strong></span> <span class='ocrx_word' id='word_1_291' title='bbox 515 1053 576 1080; x_wconf 68' lang='lat' dir='ltr'><strong>quae</strong></span> <span class='ocrx_word' id='word_1_292' title='bbox 598 1055 607 1071; x_wconf 78' lang='grc' dir='ltr'><strong>ι</strong></span> <span class='ocrx_word' id='word_1_293' title='bbox 629 1047 699 1080; x_wconf 84' lang='lat' dir='ltr'><strong>apud</strong></span> <span class='ocrx_word' id='word_1_294' title='bbox 717 1055 728 1072; x_wconf 75' lang='grc' dir='ltr'><strong>ι</strong></span> 
     </span>
    </p>
   </div>
   <div class='ocr_carea' id='block_1_37' title="bbox 19 1091 724 1127">
    <p class='ocr_par' dir='ltr' id='par_1_37' title="bbox 19 1091 724 1127">
     <span class='ocr_line' id='line_1_37' title="bbox 19 1091 724 1127; baseline 0.001 -10"><span class='ocrx_word' id='word_1_295' title='bbox 19 1099 39 1117; x_wconf 90' lang='lat' dir='ltr'><strong>m</strong></span> <span class='ocrx_word' id='word_1_296' title='bbox 53 1091 105 1127; x_wconf 79' lang='lat'>(27)</span> <span class='ocrx_word' id='word_1_297' title='bbox 119 1100 127 1116; x_wconf 77' lang='grc' dir='ltr'><strong>ι</strong></span> <span class='ocrx_word' id='word_1_298' title='bbox 147 1091 231 1118; x_wconf 85' lang='lat' dir='ltr'><strong>Deum</strong></span> <span class='ocrx_word' id='word_1_299' title='bbox 254 1100 263 1116; x_wconf 79' lang='grc' dir='ltr'><strong>ι</strong></span> <span class='ocrx_word' id='word_1_300' title='bbox 281 1098 321 1118; x_wconf 89' lang='lat' dir='ltr'><strong>est</strong></span> <span class='ocrx_word' id='word_1_301' title='bbox 334 1099 342 1123; x_wconf 88' lang='lat'><strong>;</strong></span> <span class='ocrx_word' id='word_1_302' title='bbox 354 1097 381 1118; x_wconf 94' lang='lat' dir='ltr'><strong>at</strong></span> <span class='ocrx_word' id='word_1_303' title='bbox 401 1097 506 1119; x_wconf 84' lang='lat' dir='ltr'><strong>certum</strong></span> <span class='ocrx_word' id='word_1_304' title='bbox 527 1096 570 1119; x_wconf 87' lang='lat' dir='ltr'><strong>est</strong></span> <span class='ocrx_word' id='word_1_305' title='bbox 584 1091 724 1119; x_wconf 85' lang='lat' dir='ltr'><strong>Abraham</strong></span> 
     </span>
    </p>
   </div>
   <div class='ocr_carea' id='block_1_38' title="bbox 19 1139 730 1176">
    <p class='ocr_par' dir='ltr' id='par_1_38' title="bbox 19 1139 730 1176">
     <span class='ocr_line' id='line_1_38' title="bbox 19 1139 730 1176; baseline 0.004 -11"><span class='ocrx_word' id='word_1_306' title='bbox 19 1139 114 1166; x_wconf 86' lang='lat' dir='ltr'><strong>Isolnnt</strong></span> <span class='ocrx_word' id='word_1_307' title='bbox 128 1139 210 1167; x_wconf 88' lang='lat' dir='ltr'><strong>Deum</strong></span> <span class='ocrx_word' id='word_1_308' title='bbox 227 1140 327 1167; x_wconf 87' lang='lat' dir='ltr'><strong>habere</strong></span> <span class='ocrx_word' id='word_1_309' title='bbox 336 1139 450 1175; x_wconf 74' lang='lat' dir='ltr'><strong>gloriam</strong></span> <span class='ocrx_word' id='word_1_310' title='bbox 466 1149 473 1167; x_wconf 88' lang='lat'><strong>:</strong></span> <span class='ocrx_word' id='word_1_311' title='bbox 489 1148 657 1175; x_wconf 87' lang='lat' dir='ltr'><strong>consequens</strong></span> <span class='ocrx_word' id='word_1_312' title='bbox 667 1148 730 1176; x_wconf 88' lang='lat' dir='ltr'><strong>ergo</strong></span> 
     </span>
    </p>
   </div>
   <div class='ocr_carea' id='block_1_39' title="bbox 19 1186 730 1221">
    <p class='ocr_par' dir='ltr' id='par_1_39' title="bbox 19 1186 730 1221">
     <span class='ocr_line' id='line_1_39' title="bbox 19 1186 730 1221; baseline 0.004 -10"><span class='ocrx_word' id='word_1_313' title='bbox 19 1190 41 1211; x_wconf 92' lang='lat' dir='ltr'><strong>ut</strong></span> <span class='ocrx_word' id='word_1_314' title='bbox 54 1193 102 1212; x_wconf 92' lang='lat' dir='ltr'><strong>non</strong></span> <span class='ocrx_word' id='word_1_315' title='bbox 115 1193 148 1212; x_wconf 83' lang='lat' dir='ltr'><strong>ex</strong></span> <span class='ocrx_word' id='word_1_316' title='bbox 172 1186 311 1220; x_wconf 84' lang='lat' dir='ltr'><strong>operibus,</strong></span> <span class='ocrx_word' id='word_1_317' title='bbox 325 1186 373 1213; x_wconf 88' lang='lat' dir='ltr'><strong>sed</strong></span> <span class='ocrx_word' id='word_1_318' title='bbox 387 1193 420 1213; x_wconf 86' lang='lat' dir='ltr'><strong>ex</strong></span> <span class='ocrx_word' id='word_1_319' title='bbox 437 1186 489 1213; x_wconf 91' lang='lat' dir='ltr'><strong>ﬁde</strong></span> <span class='ocrx_word' id='word_1_320' title='bbox 502 1186 666 1221; x_wconf 85' lang='lat' dir='ltr'><strong>justiﬁcatus</strong></span> <span class='ocrx_word' id='word_1_321' title='bbox 683 1188 730 1215; x_wconf 89' lang='lat' dir='ltr'><strong>sit.</strong></span> 
     </span>
    </p>
   </div>
   <div class='ocr_carea' id='block_1_40' title="bbox 36 1231 729 1266">
    <p class='ocr_par' dir='ltr' id='par_1_40' title="bbox 36 1231 729 1266">
     <span class='ocr_line' id='line_1_40' title="bbox 36 1231 729 1266; baseline 0.006 -10"><span class='ocrx_word' id='word_1_322' title='bbox 36 1235 118 1258; x_wconf 85' lang='lat' dir='ltr'><strong>autem</strong></span> <span class='ocrx_word' id='word_1_323' title='bbox 131 1236 207 1265; x_wconf 88' lang='lat' dir='ltr'><strong>putes</strong></span> <span class='ocrx_word' id='word_1_324' title='bbox 233 1232 304 1266; x_wconf 91' lang='lat' dir='ltr'><strong>quod</strong></span> <span class='ocrx_word' id='word_1_325' title='bbox 319 1231 341 1258; x_wconf 92' lang='lat' dir='ltr'><strong>si</strong></span> <span class='ocrx_word' id='word_1_326' title='bbox 359 1232 421 1266; x_wconf 91' lang='lat' dir='ltr'><strong>quis</strong></span> <span class='ocrx_word' id='word_1_327' title='bbox 438 1233 536 1260; x_wconf 86' lang='lat' dir='ltr'><strong>habeat</strong></span> <span class='ocrx_word' id='word_1_328' title='bbox 552 1232 632 1260; x_wconf 84' lang='lat' dir='ltr'><strong>talem</strong></span> <span class='ocrx_word' id='word_1_329' title='bbox 650 1233 729 1260; x_wconf 87' lang='lat' dir='ltr'><strong>Iidem</strong></span> 
     </span>
    </p>
   </div>
   <div class='ocr_carea' id='block_1_41' title="bbox 19 1277 733 1314">
    <p class='ocr_par' dir='ltr' id='par_1_41' title="bbox 19 1277 733 1314">
     <span class='ocr_line' id='line_1_41' title="bbox 19 1277 733 1314; baseline 0.004 -11"><span class='ocrx_word' id='word_1_330' title='bbox 19 1284 52 1310; x_wconf 63' lang='lat' dir='ltr'><strong>(ua</strong></span> <span class='ocrx_word' id='word_1_331' title='bbox 63 1277 222 1312; x_wconf 87' lang='lat' dir='ltr'><strong>juslilicatus</strong></span> <span class='ocrx_word' id='word_1_332' title='bbox 237 1278 336 1305; x_wconf 85' lang='lat' dir='ltr'><strong>habeat</strong></span> <span class='ocrx_word' id='word_1_333' title='bbox 351 1278 464 1312; x_wconf 76' lang='lat' dir='ltr'><strong>gloriam</strong></span> <span class='ocrx_word' id='word_1_334' title='bbox 475 1279 547 1313; x_wconf 93' lang='lat' dir='ltr'><strong>apud</strong></span> <span class='ocrx_word' id='word_1_335' title='bbox 563 1279 660 1311; x_wconf 88' lang='lat' dir='ltr'><strong>Deum,</strong></span> <span class='ocrx_word' id='word_1_336' title='bbox 672 1287 733 1314; x_wconf 80' lang='lat' dir='ltr'><strong>pos-</strong></span> 
     </span>
    </p>
   </div>
   <div class='ocr_carea' id='block_1_42' title="bbox 19 1323 730 1358">
    <p class='ocr_par' dir='ltr' id='par_1_42' title="bbox 19 1323 730 1358">
     <span class='ocr_line' id='line_1_42' title="bbox 19 1323 730 1358; baseline 0.004 -9"><span class='ocrx_word' id='word_1_337' title='bbox 19 1323 79 1350; x_wconf 78' lang='lat' dir='ltr'><strong>imul</strong></span> <span class='ocrx_word' id='word_1_338' title='bbox 94 1331 153 1350; x_wconf 88' lang='lat' dir='ltr'><strong>cum</strong></span> <span class='ocrx_word' id='word_1_339' title='bbox 172 1332 202 1351; x_wconf 86' lang='lat' dir='ltr'><strong>ea</strong></span> <span class='ocrx_word' id='word_1_340' title='bbox 220 1323 323 1351; x_wconf 86' lang='lat' dir='ltr'><strong>habere</strong></span> <span class='ocrx_word' id='word_1_341' title='bbox 337 1328 365 1350; x_wconf 91' lang='lat' dir='ltr'><strong>et</strong></span> <span class='ocrx_word' id='word_1_342' title='bbox 384 1323 553 1358; x_wconf 77' lang='lat' dir='ltr'><strong>iujustitiam.</strong></span> <span class='ocrx_word' id='word_1_343' title='bbox 569 1323 648 1351; x_wconf 84' lang='lat' dir='ltr'><strong>Nulla</strong></span> <span class='ocrx_word' id='word_1_344' title='bbox 658 1325 730 1352; x_wconf 89' lang='lat' dir='ltr'><strong>enim</strong></span> 
     </span>
    </p>
   </div>
   <div class='ocr_carea' id='block_1_43' title="bbox 19 1369 731 1404">
    <p class='ocr_par' dir='ltr' id='par_1_43' title="bbox 19 1369 731 1404">
     <span class='ocr_line' id='line_1_43' title="bbox 19 1369 731 1404; baseline 0.001 -9"><span class='ocrx_word' id='word_1_345' title='bbox 19 1373 69 1396; x_wconf 24' lang='lat' dir='ltr'><strong>(est</strong></span> <span class='ocrx_word' id='word_1_346' title='bbox 90 1369 147 1396; x_wconf 85' lang='lat' dir='ltr'><strong>ﬁdei</strong></span> <span class='ocrx_word' id='word_1_347' title='bbox 163 1369 247 1396; x_wconf 87' lang='lat' dir='ltr'><strong>simul</strong></span> <span class='ocrx_word' id='word_1_348' title='bbox 266 1377 328 1396; x_wconf 87' lang='lat' dir='ltr'><strong>cum</strong></span> <span class='ocrx_word' id='word_1_349' title='bbox 343 1369 514 1401; x_wconf 88' lang='lat' dir='ltr'><strong>inﬁdelitate,</strong></span> <span class='ocrx_word' id='word_1_350' title='bbox 529 1369 602 1396; x_wconf 91' lang='lat' dir='ltr'><strong>nulla</strong></span> <span class='ocrx_word' id='word_1_351' title='bbox 616 1369 731 1404; x_wconf 78' lang='lat' dir='ltr'><strong>justitia:</strong></span> 
     </span>
    </p>
   </div>
   <div class='ocr_carea' id='block_1_44' title="bbox 30 1415 731 1449">
    <p class='ocr_par' dir='ltr' id='par_1_44' title="bbox 30 1415 731 1449">
     <span class='ocr_line' id='line_1_44' title="bbox 30 1415 731 1449; baseline 0.001 -7"><span class='ocrx_word' id='word_1_352' title='bbox 30 1415 162 1449; x_wconf 83' lang='lat' dir='ltr'><strong>iniquitate</strong></span> <span class='ocrx_word' id='word_1_353' title='bbox 177 1415 343 1448; x_wconf 90' lang='lat' dir='ltr'><strong>communio,</strong></span> <span class='ocrx_word' id='word_1_354' title='bbox 358 1415 429 1443; x_wconf 92' lang='lat' dir='ltr'><strong>sicut</strong></span> <span class='ocrx_word' id='word_1_355' title='bbox 446 1423 497 1442; x_wconf 87' lang='lat' dir='ltr'><strong>nec</strong></span> <span class='ocrx_word' id='word_1_356' title='bbox 512 1415 566 1442; x_wconf 85' lang='lat' dir='ltr'><strong>luci</strong></span> <span class='ocrx_word' id='word_1_357' title='bbox 581 1423 642 1442; x_wconf 87' lang='lat' dir='ltr'><strong>cum</strong></span> <span class='ocrx_word' id='word_1_358' title='bbox 659 1419 731 1443; x_wconf 85' lang='lat' dir='ltr'><strong>lette-</strong></span> 
     </span>
    </p>
   </div>
   <div class='ocr_carea' id='block_1_45' title="bbox 33 1461 731 1496">
    <p class='ocr_par' dir='ltr' id='par_1_45' title="bbox 33 1461 731 1496">
     <span class='ocr_line' id='line_1_45' title="bbox 33 1461 731 1496; baseline 0.003 -9"><span class='ocrx_word' id='word_1_359' title='bbox 33 1466 113 1494; x_wconf 88' lang='lat' dir='ltr'><strong>potest</strong></span> <span class='ocrx_word' id='word_1_360' title='bbox 136 1468 196 1488; x_wconf 85' lang='lat' dir='ltr'><strong>esse</strong></span> <span class='ocrx_word' id='word_1_361' title='bbox 220 1462 338 1489; x_wconf 78' lang='lat' dir='ltr'><strong>societas</strong></span> <span class='ocrx_word' id='word_1_362' title='bbox 358 1461 391 1487; x_wconf 71' lang='lat'><strong>“.</strong></span> <span class='ocrx_word' id='word_1_363' title='bbox 409 1461 437 1488; x_wconf 92' lang='lat' dir='ltr'><strong>Si</strong></span> <span class='ocrx_word' id='word_1_364' title='bbox 455 1461 528 1488; x_wconf 90' lang='lat' dir='ltr'><strong>enim</strong></span> <span class='ocrx_word' id='word_1_365' title='bbox 555 1470 565 1486; x_wconf 77' lang='grc' dir='ltr'><strong>ι</strong></span> <span class='ocrx_word' id='word_1_366' title='bbox 583 1461 629 1496; x_wconf 94' lang='lat' dir='ltr'><strong>qui</strong></span> <span class='ocrx_word' id='word_1_367' title='bbox 643 1462 731 1489; x_wconf 85' lang='lat' dir='ltr'><strong>credit</strong></span> 
     </span>
    </p>
   </div>
   <div class='ocr_carea' id='block_1_46' title="bbox 19 1499 729 1540">
    <p class='ocr_par' dir='ltr' id='par_1_46' title="bbox 19 1499 729 1540">
     <span class='ocr_line' id='line_1_46' title="bbox 19 1499 729 1540; baseline 0.003 -7"><span class='ocrx_word' id='word_1_368' title='bbox 19 1507 113 1535; x_wconf 80' lang='lat' dir='ltr'><strong>Hesus</strong></span> <span class='ocrx_word' id='word_1_369' title='bbox 135 1513 175 1535; x_wconf 80' lang='lat' dir='ltr'><strong>est</strong></span> <span class='ocrx_word' id='word_1_370' title='bbox 191 1508 317 1535; x_wconf 80' lang='lat' dir='ltr'><strong>Christus</strong></span> <span class='ocrx_word' id='word_1_371' title='bbox 331 1527 339 1539; x_wconf 83' lang='lat'><strong>,</strong></span> <span class='ocrx_word' id='word_1_372' title='bbox 363 1515 397 1535; x_wconf 83' lang='lat' dir='ltr'><strong>ex</strong></span> <span class='ocrx_word' id='word_1_373' title='bbox 419 1499 479 1534; x_wconf 83' lang='lat' dir='ltr'><strong>Deo</strong></span> <span class='ocrx_word' id='word_1_374' title='bbox 491 1512 570 1535; x_wconf 91' lang='lat' dir='ltr'><strong>natus</strong></span> <span class='ocrx_word' id='word_1_375' title='bbox 589 1513 649 1540; x_wconf 88' lang='lat' dir='ltr'><strong>est,</strong></span> <span class='ocrx_word' id='word_1_376' title='bbox 665 1517 674 1533; x_wconf 77' lang='grc' dir='ltr'><strong>ι</strong></span> <span class='ocrx_word' id='word_1_377' title='bbox 690 1511 729 1539; x_wconf 86' lang='lat' dir='ltr'><strong>et.</strong></span> 
     </span>
    </p>
   </div>
   <div class='ocr_carea' id='block_1_47' title="bbox 19 1551 727 1586">
    <p class='ocr_par' dir='ltr' id='par_1_47' title="bbox 19 1551 727 1586">
     <span class='ocr_line' id='line_1_47' title="bbox 19 1551 727 1586; baseline 0 -8"><span class='ocrx_word' id='word_1_378' title='bbox 19 1551 30 1577; x_wconf 91' lang='lat' dir='ltr'><strong>ll</strong></span> <span class='ocrx_word' id='word_1_379' title='bbox 42 1559 72 1579; x_wconf 86' lang='lat' dir='ltr'><strong>ex</strong></span> <span class='ocrx_word' id='word_1_380' title='bbox 88 1553 140 1580; x_wconf 84' lang='lat' dir='ltr'><strong>Deo</strong></span> <span class='ocrx_word' id='word_1_381' title='bbox 155 1558 235 1580; x_wconf 85' lang='lat' dir='ltr'><strong>natus</strong></span> <span class='ocrx_word' id='word_1_382' title='bbox 252 1557 312 1585; x_wconf 89' lang='lat' dir='ltr'><strong>est,</strong></span> <span class='ocrx_word' id='word_1_383' title='bbox 329 1560 382 1579; x_wconf 90' lang='lat' dir='ltr'><strong>non</strong></span> <span class='ocrx_word' id='word_1_384' title='bbox 398 1556 503 1586; x_wconf 84' lang='lat' dir='ltr'><strong>peccat,</strong></span> <span class='ocrx_word' id='word_1_385' title='bbox 527 1561 537 1578; x_wconf 72' lang='grc' dir='ltr'><strong>ι</strong></span> <span class='ocrx_word' id='word_1_386' title='bbox 555 1552 727 1580; x_wconf 78' lang='lat' dir='ltr'><strong>manifestum</strong></span> 
     </span>
    </p>
   </div>
   <div class='ocr_carea' id='block_1_48' title="bbox 19 1597 728 1633">
    <p class='ocr_par' dir='ltr' id='par_1_48' title="bbox 19 1597 728 1633">
     <span class='ocr_line' id='line_1_48' title="bbox 19 1597 728 1633; baseline 0.003 -10"><span class='ocrx_word' id='word_1_387' title='bbox 19 1598 66 1632; x_wconf 74' lang='lat' dir='ltr'><strong>[uia</strong></span> <span class='ocrx_word' id='word_1_388' title='bbox 80 1600 122 1633; x_wconf 87' lang='lat' dir='ltr'><strong>qui</strong></span> <span class='ocrx_word' id='word_1_389' title='bbox 137 1599 221 1626; x_wconf 85' lang='lat' dir='ltr'><strong>credit</strong></span> <span class='ocrx_word' id='word_1_390' title='bbox 237 1597 300 1625; x_wconf 77' lang='lat' dir='ltr'><strong>Jesu</strong></span> <span class='ocrx_word' id='word_1_391' title='bbox 321 1597 440 1630; x_wconf 84' lang='lat' dir='ltr'><strong>Christo,</strong></span> <span class='ocrx_word' id='word_1_392' title='bbox 458 1605 510 1625; x_wconf 89' lang='lat' dir='ltr'><strong>non</strong></span> <span class='ocrx_word' id='word_1_393' title='bbox 526 1603 622 1633; x_wconf 88' lang='lat' dir='ltr'><strong>peccat</strong></span> <span class='ocrx_word' id='word_1_394' title='bbox 637 1597 728 1632; x_wconf 83' lang='lat' dir='ltr'><strong>:quod</strong></span> 
     </span>
    </p>
   </div>
   <div class='ocr_carea' id='block_1_49' title="bbox 19 1643 729 1679">
    <p class='ocr_par' dir='ltr' id='par_1_49' title="bbox 19 1643 729 1679">
     <span class='ocr_line' id='line_1_49' title="bbox 19 1643 729 1679; baseline 0 -9"><span class='ocrx_word' id='word_1_395' title='bbox 19 1648 88 1675; x_wconf 62' lang='lat' dir='ltr'><strong>lceat,</strong></span> <span class='ocrx_word' id='word_1_396' title='bbox 102 1649 203 1671; x_wconf 88' lang='lat' dir='ltr'><strong>certum</strong></span> <span class='ocrx_word' id='word_1_397' title='bbox 218 1649 262 1672; x_wconf 87' lang='lat' dir='ltr'><strong>est</strong></span> <span class='ocrx_word' id='word_1_398' title='bbox 275 1645 339 1679; x_wconf 88' lang='lat' dir='ltr'><strong>quia</strong></span> <span class='ocrx_word' id='word_1_399' title='bbox 353 1651 406 1671; x_wconf 94' lang='lat' dir='ltr'><strong>non</strong></span> <span class='ocrx_word' id='word_1_400' title='bbox 433 1644 519 1671; x_wconf 88' lang='lat' dir='ltr'><strong>credit</strong></span> <span class='ocrx_word' id='word_1_401' title='bbox 532 1644 570 1671; x_wconf 86' lang='lat' dir='ltr'><strong>ei.</strong></span> <span class='ocrx_word' id='word_1_402' title='bbox 595 1643 729 1671; x_wconf 88' lang='lat' dir='ltr'><strong>indicium</strong></span> 
     </span>
    </p>
   </div>
   <div class='ocr_carea' id='block_1_50' title="bbox 19 1689 729 1724">
    <p class='ocr_par' dir='ltr' id='par_1_50' title="bbox 19 1689 729 1724">
     <span class='ocr_line' id='line_1_50' title="bbox 19 1689 729 1724; baseline 0 -8"><span class='ocrx_word' id='word_1_403' title='bbox 19 1696 35 1714; x_wconf 81' lang='grc' dir='ltr'>ιι·</span> <span class='ocrx_word' id='word_1_404' title='bbox 50 1696 115 1716; x_wconf 67' lang='lat' dir='ltr'><strong>verte</strong></span> <span class='ocrx_word' id='word_1_405' title='bbox 139 1689 202 1718; x_wconf 85' lang='lat' dir='ltr'><strong>ﬁdei</strong></span> <span class='ocrx_word' id='word_1_406' title='bbox 229 1694 272 1717; x_wconf 89' lang='lat' dir='ltr'><strong>est</strong></span> <span class='ocrx_word' id='word_1_407' title='bbox 304 1690 348 1717; x_wconf 94' lang='lat' dir='ltr'><strong>ubi</strong></span> <span class='ocrx_word' id='word_1_408' title='bbox 368 1697 420 1716; x_wconf 90' lang='lat' dir='ltr'><strong>non</strong></span> <span class='ocrx_word' id='word_1_409' title='bbox 447 1689 626 1724; x_wconf 88' lang='lat' dir='ltr'><strong>delinquitur,</strong></span> <span class='ocrx_word' id='word_1_410' title='bbox 658 1690 729 1716; x_wconf 87' lang='lat' dir='ltr'><strong>sicut</strong></span> 
     </span>
    </p>
   </div>
   <div class='ocr_carea' id='block_1_51' title="bbox 19 1734 728 1770">
    <p class='ocr_par' dir='ltr' id='par_1_51' title="bbox 19 1734 728 1770">
     <span class='ocr_line' id='line_1_51' title="bbox 19 1734 728 1770; baseline 0.001 -10"><span class='ocrx_word' id='word_1_411' title='bbox 19 1739 61 1761; x_wconf 86' lang='lat' dir='ltr'><strong>ura</strong></span> <span class='ocrx_word' id='word_1_412' title='bbox 71 1735 111 1762; x_wconf 94' lang='lat' dir='ltr'><strong>ubi</strong></span> <span class='ocrx_word' id='word_1_413' title='bbox 119 1735 286 1770; x_wconf 85' lang='lat' dir='ltr'><strong>delinquitur</strong></span> <span class='ocrx_word' id='word_1_414' title='bbox 295 1735 462 1762; x_wconf 88' lang='lat' dir='ltr'><strong>inﬁdelitatis</strong></span> <span class='ocrx_word' id='word_1_415' title='bbox 470 1734 598 1762; x_wconf 92' lang='lat' dir='ltr'><strong>iudicium</strong></span> <span class='ocrx_word' id='word_1_416' title='bbox 610 1741 651 1762; x_wconf 89' lang='lat' dir='ltr'><strong>est</strong></span> <span class='ocrx_word' id='word_1_417' title='bbox 660 1734 728 1770; x_wconf 75' lang='lat'>(28).</span> 
     </span>
    </p>
   </div>
   <div class='ocr_carea' id='block_1_52' title="bbox 19 1780 731 1820">
    <p class='ocr_par' dir='ltr' id='par_1_52' title="bbox 19 1780 731 1820">
     <span class='ocr_line' id='line_1_52' title="bbox 19 1780 731 1820; baseline 0.003 -14"><span class='ocrx_word' id='word_1_418' title='bbox 19 1785 90 1808; x_wconf 73' lang='lat' dir='ltr'><strong>nerea</strong></span> <span class='ocrx_word' id='word_1_419' title='bbox 105 1790 167 1817; x_wconf 75' lang='lat' dir='ltr'><strong>ergo</strong></span> <span class='ocrx_word' id='word_1_420' title='bbox 182 1787 209 1808; x_wconf 91' lang='lat' dir='ltr'><strong>et</strong></span> <span class='ocrx_word' id='word_1_421' title='bbox 226 1782 253 1809; x_wconf 95' lang='lat' dir='ltr'><strong>in</strong></span> <span class='ocrx_word' id='word_1_422' title='bbox 270 1781 324 1809; x_wconf 89' lang='lat' dir='ltr'><strong>alio</strong></span> <span class='ocrx_word' id='word_1_423' title='bbox 343 1781 492 1815; x_wconf 70' lang='lat' dir='ltr'><strong>Scriptura:</strong></span> <span class='ocrx_word' id='word_1_424' title='bbox 516 1780 578 1820; x_wconf 79' lang='lat' dir='ltr'><strong>loco</strong></span> <span class='ocrx_word' id='word_1_425' title='bbox 592 1780 615 1796; x_wconf 76' lang='lat'>“</span> <span class='ocrx_word' id='word_1_426' title='bbox 630 1780 731 1808; x_wconf 88' lang='lat' dir='ltr'><strong>dicitur</strong></span> 
     </span>
    </p>
   </div>
   <div class='ocr_carea' id='block_1_53' title="bbox 19 1818 729 1862">
    <p class='ocr_par' dir='ltr' id='par_1_53' title="bbox 19 1818 729 1862">
     <span class='ocr_line' id='line_1_53' title="bbox 19 1818 729 1862; baseline 0.001 -10"><span class='ocrx_word' id='word_1_427' title='bbox 19 1827 133 1854; x_wconf 82' lang='lat' dir='ltr'><strong>tbrabam</strong></span> <span class='ocrx_word' id='word_1_428' title='bbox 148 1847 155 1860; x_wconf 83' lang='lat'><strong>,</strong></span> <span class='ocrx_word' id='word_1_429' title='bbox 173 1827 245 1862; x_wconf 84' lang='lat' dir='ltr'><strong>quod</strong></span> <span class='ocrx_word' id='word_1_430' title='bbox 268 1834 302 1854; x_wconf 90' lang='lat' dir='ltr'><strong>ex</strong></span> <span class='ocrx_word' id='word_1_431' title='bbox 332 1827 461 1861; x_wconf 86' lang='lat' dir='ltr'><strong>operibus</strong></span> <span class='ocrx_word' id='word_1_432' title='bbox 484 1826 545 1854; x_wconf 90' lang='lat' dir='ltr'><strong>ﬁdei</strong></span> <span class='ocrx_word' id='word_1_433' title='bbox 559 1818 729 1861; x_wconf 70' lang='lat' dir='ltr'><strong>justiﬁcatus</strong></span> 
     </span>
    </p>
   </div>
   <div class='ocr_carea' id='block_1_54' title="bbox 28 1873 730 1909">
    <p class='ocr_par' dir='ltr' id='par_1_54' title="bbox 28 1873 730 1909">
     <span class='ocr_line' id='line_1_54' title="bbox 28 1873 730 1909; baseline 0.004 -11"><span class='ocrx_word' id='word_1_434' title='bbox 28 1873 83 1906; x_wconf 87' lang='lat' dir='ltr'><strong>quia</strong></span> <span class='ocrx_word' id='word_1_435' title='bbox 108 1879 210 1901; x_wconf 87' lang='lat' dir='ltr'><strong>certum</strong></span> <span class='ocrx_word' id='word_1_436' title='bbox 228 1878 270 1901; x_wconf 87' lang='lat' dir='ltr'><strong>est</strong></span> <span class='ocrx_word' id='word_1_437' title='bbox 285 1881 348 1900; x_wconf 88' lang='lat' dir='ltr'><strong>eum</strong></span> <span class='ocrx_word' id='word_1_438' title='bbox 375 1873 420 1907; x_wconf 88' lang='lat' dir='ltr'><strong>qui</strong></span> <span class='ocrx_word' id='word_1_439' title='bbox 438 1880 502 1901; x_wconf 83' lang='lat' dir='ltr'><strong>vere</strong></span> <span class='ocrx_word' id='word_1_440' title='bbox 527 1874 637 1907; x_wconf 80' lang='lat' dir='ltr'><strong>credit,</strong></span> <span class='ocrx_word' id='word_1_441' title='bbox 660 1881 730 1909; x_wconf 91' lang='lat' dir='ltr'><strong>opus</strong></span> 
     </span>
    </p>
   </div>
   <div class='ocr_carea' id='block_1_55' title="bbox 21 1919 731 1954">
    <p class='ocr_par' dir='ltr' id='par_1_55' title="bbox 21 1919 731 1954">
     <span class='ocr_line' id='line_1_55' title="bbox 21 1919 731 1954; baseline 0.003 -9"><span class='ocrx_word' id='word_1_442' title='bbox 21 1938 28 1950; x_wconf 84' lang='lat'><strong>,</strong></span> <span class='ocrx_word' id='word_1_443' title='bbox 40 1919 192 1953; x_wconf 74' lang='lat' dir='ltr'><strong>etjuslitiaz,</strong></span> <span class='ocrx_word' id='word_1_444' title='bbox 208 1924 236 1947; x_wconf 89' lang='lat' dir='ltr'><strong>et</strong></span> <span class='ocrx_word' id='word_1_445' title='bbox 254 1920 339 1947; x_wconf 88' lang='lat' dir='ltr'><strong>totius</strong></span> <span class='ocrx_word' id='word_1_446' title='bbox 358 1919 489 1946; x_wconf 91' lang='lat' dir='ltr'><strong>bonitatis</strong></span> <span class='ocrx_word' id='word_1_447' title='bbox 503 1920 625 1954; x_wconf 82' lang='lat' dir='ltr'><strong>operari,</strong></span> <span class='ocrx_word' id='word_1_448' title='bbox 641 1925 670 1947; x_wconf 92' lang='lat' dir='ltr'><strong>et</strong></span> <span class='ocrx_word' id='word_1_449' title='bbox 684 1928 731 1948; x_wconf 90' lang='lat' dir='ltr'><strong>ca-</strong></span> 
     </span>
    </p>
   </div>
   <div class='ocr_carea' id='block_1_56' title="bbox 19 1965 730 2002">
    <p class='ocr_par' dir='ltr' id='par_1_56' title="bbox 19 1965 730 2002">
     <span class='ocr_line' id='line_1_56' title="bbox 19 1965 730 2002; baseline 0.007 -12"><span class='ocrx_word' id='word_1_450' title='bbox 19 1973 45 1991; x_wconf 74' lang='lat' dir='ltr'><strong>:tn</strong></span> <span class='ocrx_word' id='word_1_451' title='bbox 63 1966 115 1993; x_wconf 88' lang='lat' dir='ltr'><strong>ﬁeri</strong></span> <span class='ocrx_word' id='word_1_452' title='bbox 139 1967 283 2001; x_wconf 88' lang='lat' dir='ltr'><strong>utriusque</strong></span> <span class='ocrx_word' id='word_1_453' title='bbox 304 1965 407 2001; x_wconf 80' lang='lat' dir='ltr'><strong>glorite,</strong></span> <span class='ocrx_word' id='word_1_454' title='bbox 426 1970 479 1993; x_wconf 82' lang='lat' dir='ltr'><strong>tam</strong></span> <span class='ocrx_word' id='word_1_455' title='bbox 505 1965 563 2000; x_wconf 85' lang='lat' dir='ltr'><strong>ejus</strong></span> <span class='ocrx_word' id='word_1_456' title='bbox 575 1975 636 2002; x_wconf 77' lang='lat' dir='ltr'><strong>qua:</strong></span> <span class='ocrx_word' id='word_1_457' title='bbox 658 1971 730 2002; x_wconf 89' lang='lat' dir='ltr'><strong>apud</strong></span> 
     </span>
    </p>
   </div>
   <div class='ocr_carea' id='block_1_57' title="bbox 19 2009 742 2048">
    <p class='ocr_par' dir='ltr' id='par_1_57' title="bbox 19 2009 742 2048">
     <span class='ocr_line' id='line_1_57' title="bbox 19 2009 742 2048; baseline 0.006 -11"><span class='ocrx_word' id='word_1_458' title='bbox 19 2018 37 2037; x_wconf 86' lang='grc' dir='ltr'><strong>ιιι</strong></span> <span class='ocrx_word' id='word_1_459' title='bbox 54 2011 77 2038; x_wconf 92' lang='lat' dir='ltr'><strong>in</strong></span> <span class='ocrx_word' id='word_1_460' title='bbox 88 2013 193 2040; x_wconf 89' lang='lat' dir='ltr'><strong>occulto</strong></span> <span class='ocrx_word' id='word_1_461' title='bbox 215 2020 269 2046; x_wconf 86' lang='lat' dir='ltr'><strong>est,</strong></span> <span class='ocrx_word' id='word_1_462' title='bbox 285 2020 366 2048; x_wconf 89' lang='lat' dir='ltr'><strong>quam</strong></span> <span class='ocrx_word' id='word_1_463' title='bbox 382 2013 464 2040; x_wconf 89' lang='lat' dir='ltr'><strong>etiam</strong></span> <span class='ocrx_word' id='word_1_464' title='bbox 485 2013 544 2046; x_wconf 83' lang='lat' dir='ltr'><strong>ejus</strong></span> <span class='ocrx_word' id='word_1_465' title='bbox 565 2021 625 2048; x_wconf 64' lang='lat' dir='ltr'><strong>quae</strong></span> <span class='ocrx_word' id='word_1_466' title='bbox 641 2009 742 2048; x_wconf 77' lang='lat' dir='ltr'><strong>paiam‘</strong></span> 
     </span>
    </p>
   </div>
   <div class='ocr_carea' id='block_1_58' title="bbox 22 2057 730 2093">
    <p class='ocr_par' dir='ltr' id='par_1_58' title="bbox 22 2057 730 2093">
     <span class='ocr_line' id='line_1_58' title="bbox 22 2057 730 2093; baseline 0.004 -11"><span class='ocrx_word' id='word_1_467' title='bbox 22 2060 46 2082; x_wconf 88' lang='lat' dir='ltr'><strong>et</strong></span> <span class='ocrx_word' id='word_1_468' title='bbox 60 2063 110 2084; x_wconf 91' lang='lat' dir='ltr'><strong>non</strong></span> <span class='ocrx_word' id='word_1_469' title='bbox 121 2057 208 2085; x_wconf 87' lang='lat' dir='ltr'><strong>solum</strong></span> <span class='ocrx_word' id='word_1_470' title='bbox 226 2059 296 2093; x_wconf 82' lang='lat' dir='ltr'><strong>apud</strong></span> <span class='ocrx_word' id='word_1_471' title='bbox 313 2057 398 2084; x_wconf 87' lang='lat' dir='ltr'><strong>Deum</strong></span> <span class='ocrx_word' id='word_1_472' title='bbox 410 2062 461 2085; x_wconf 87' lang='lat' dir='ltr'><strong>est.</strong></span> <span class='ocrx_word' id='word_1_473' title='bbox 481 2057 532 2086; x_wconf 87' lang='lat' dir='ltr'><strong>His</strong></span> <span class='ocrx_word' id='word_1_474' title='bbox 547 2058 583 2085; x_wconf 93' lang='lat' dir='ltr'><strong>ita</strong></span> <span class='ocrx_word' id='word_1_475' title='bbox 600 2066 649 2093; x_wconf 94' lang='lat' dir='ltr'><strong>pro</strong></span> <span class='ocrx_word' id='word_1_476' title='bbox 664 2058 730 2085; x_wconf 86' lang='lat' dir='ltr'><strong>viri-</strong></span> 
     </span>
    </p>
   </div>
   <div class='ocr_carea' id='block_1_59' title="bbox 22 2103 730 2139">
    <p class='ocr_par' dir='ltr' id='par_1_59' title="bbox 22 2103 730 2139">
     <span class='ocr_line' id='line_1_59' title="bbox 22 2103 730 2139; baseline 0.006 -11"><span class='ocrx_word' id='word_1_477' title='bbox 22 2103 175 2138; x_wconf 78' lang='lat' dir='ltr'><strong>expianatis,</strong></span> <span class='ocrx_word' id='word_1_478' title='bbox 195 2105 277 2132; x_wconf 88' lang='lat' dir='ltr'><strong>etiant</strong></span> <span class='ocrx_word' id='word_1_479' title='bbox 300 2105 365 2132; x_wconf 92' lang='lat' dir='ltr'><strong>illud</strong></span> <span class='ocrx_word' id='word_1_480' title='bbox 381 2105 602 2139; x_wconf 66' lang='lat' dir='ltr'><strong>praetereundum</strong></span> <span class='ocrx_word' id='word_1_481' title='bbox 619 2105 730 2132; x_wconf 90' lang='lat' dir='ltr'><strong>minime</strong></span> 
     </span>
    </p>
   </div>
   <div class='ocr_carea' id='block_1_60' title="bbox 19 2150 730 2184">
    <p class='ocr_par' dir='ltr' id='par_1_60' title="bbox 19 2150 730 2184">
     <span class='ocr_line' id='line_1_60' title="bbox 19 2150 730 2184; baseline 0.004 -10"><span class='ocrx_word' id='word_1_482' title='bbox 19 2152 56 2174; x_wconf 90' lang='lat' dir='ltr'><strong>tur</strong></span> <span class='ocrx_word' id='word_1_483' title='bbox 76 2150 145 2184; x_wconf 89' lang='lat' dir='ltr'><strong>quod</strong></span> <span class='ocrx_word' id='word_1_484' title='bbox 169 2155 274 2184; x_wconf 89' lang='lat' dir='ltr'><strong>patrem</strong></span> <span class='ocrx_word' id='word_1_485' title='bbox 300 2155 424 2178; x_wconf 81' lang='lat' dir='ltr'><strong>nostrum</strong></span> <span class='ocrx_word' id='word_1_486' title='bbox 450 2151 599 2179; x_wconf 85' lang='lat' dir='ltr'><strong>secundum</strong></span> <span class='ocrx_word' id='word_1_487' title='bbox 620 2158 730 2178; x_wconf 88' lang='lat' dir='ltr'><strong>carnem</strong></span> 
     </span>
    </p>
   </div>
   <div class='ocr_carea' id='block_1_61' title="bbox 783 904 1567 947">
    <p class='ocr_par' dir='ltr' id='par_1_61' title="bbox 783 904 1567 947">
     <span class='ocr_line' id='line_1_61' title="bbox 783 904 1567 947; baseline 0.003 -10"><span class='ocrx_word' id='word_1_488' title='bbox 783 909 856 941; x_wconf 90' lang='lat' dir='ltr'><strong>ham,</strong></span> <span class='ocrx_word' id='word_1_489' title='bbox 869 909 916 936; x_wconf 88' lang='lat' dir='ltr'><strong>sed</strong></span> <span class='ocrx_word' id='word_1_490' title='bbox 927 908 1026 936; x_wconf 79' lang='lat' dir='ltr'><strong>Abram</strong></span> <span class='ocrx_word' id='word_1_491' title='bbox 1038 909 1102 937; x_wconf 89' lang='lat' dir='ltr'><strong>dicit</strong></span> <span class='ocrx_word' id='word_1_492' title='bbox 1115 910 1149 938; x_wconf 90' lang='lat' dir='ltr'><strong>ad</strong></span> <span class='ocrx_word' id='word_1_493' title='bbox 1163 910 1304 938; x_wconf 91' lang='lat' dir='ltr'><strong>Dominum</strong></span> <span class='ocrx_word' id='word_1_494' title='bbox 1318 904 1372 947; x_wconf 72' lang='lat'>(30)</span> <span class='ocrx_word' id='word_1_495' title='bbox 1388 920 1394 938; x_wconf 89' lang='lat'>:</span> <span class='ocrx_word' id='word_1_496' title='bbox 1411 923 1420 938; x_wconf 86' lang='grc'><strong><em>‹</em></strong></span> <span class='ocrx_word' id='word_1_497' title='bbox 1436 913 1567 945; x_wconf 81' lang='lat' dir='ltr'><strong>Quoniam</strong></span> 
     </span>
    </p>
   </div>
   <div class='ocr_carea' id='block_1_62' title="bbox 781 955 1569 988">
    <p class='ocr_par' dir='ltr' id='par_1_62' title="bbox 781 955 1569 988">
     <span class='ocr_line' id='line_1_62' title="bbox 781 955 1569 988; baseline -0.003 -4"><span class='ocrx_word' id='word_1_498' title='bbox 781 964 835 984; x_wconf 90' lang='lat' dir='ltr'><strong>non</strong></span> <span class='ocrx_word' id='word_1_499' title='bbox 849 955 948 984; x_wconf 87' lang='lat' dir='ltr'><strong>dedisti</strong></span> <span class='ocrx_word' id='word_1_500' title='bbox 971 956 1037 983; x_wconf 86' lang='lat' dir='ltr'><strong>mihi</strong></span> <span class='ocrx_word' id='word_1_501' title='bbox 1054 963 1159 988; x_wconf 85' lang='lat' dir='ltr'><strong>semen,</strong></span> <span class='ocrx_word' id='word_1_502' title='bbox 1176 956 1220 983; x_wconf 91' lang='lat' dir='ltr'><strong>hic</strong></span> <span class='ocrx_word' id='word_1_503' title='bbox 1233 956 1395 983; x_wconf 90' lang='lat' dir='ltr'><strong>vernaculus</strong></span> <span class='ocrx_word' id='word_1_504' title='bbox 1412 963 1487 983; x_wconf 89' lang='lat' dir='ltr'><strong>meus</strong></span> <span class='ocrx_word' id='word_1_505' title='bbox 1513 956 1569 983; x_wconf 72' lang='lat' dir='ltr'><strong>hat-</strong></span> 
     </span>
    </p>
   </div>
   <div class='ocr_carea' id='block_1_63' title="bbox 781 1001 1569 1030">
    <p class='ocr_par' dir='ltr' id='par_1_63' title="bbox 781 1001 1569 1030">
     <span class='ocr_line' id='line_1_63' title="bbox 781 1001 1569 1030; baseline 0.001 -2"><span class='ocrx_word' id='word_1_506' title='bbox 781 1002 909 1029; x_wconf 87' lang='lat' dir='ltr'><strong>reditabit</strong></span> <span class='ocrx_word' id='word_1_507' title='bbox 926 1009 978 1029; x_wconf 83' lang='lat' dir='ltr'><strong>me.</strong></span> <span class='ocrx_word' id='word_1_508' title='bbox 1003 1001 1036 1029; x_wconf 85' lang='lat' dir='ltr'><strong>Et</strong></span> <span class='ocrx_word' id='word_1_509' title='bbox 1050 1002 1121 1029; x_wconf 87' lang='lat' dir='ltr'><strong>dixit</strong></span> <span class='ocrx_word' id='word_1_510' title='bbox 1137 1002 1268 1029; x_wconf 87' lang='lat' dir='ltr'><strong>Dominus</strong></span> <span class='ocrx_word' id='word_1_511' title='bbox 1284 1002 1317 1028; x_wconf 88' lang='lat' dir='ltr'><strong>ad</strong></span> <span class='ocrx_word' id='word_1_512' title='bbox 1339 1009 1400 1028; x_wconf 87' lang='lat' dir='ltr'><strong>eum</strong></span> <span class='ocrx_word' id='word_1_513' title='bbox 1417 1011 1423 1030; x_wconf 92' lang='lat'><strong>:</strong></span> <span class='ocrx_word' id='word_1_514' title='bbox 1437 1001 1496 1029; x_wconf 80' lang='lat' dir='ltr'><strong>Non</strong></span> <span class='ocrx_word' id='word_1_515' title='bbox 1515 1001 1569 1029; x_wconf 85' lang='lat' dir='ltr'><strong>erit</strong></span> 
     </span>
    </p>
   </div>
   <div class='ocr_carea' id='block_1_64' title="bbox 781 1049 1568 1083">
    <p class='ocr_par' dir='ltr' id='par_1_64' title="bbox 781 1049 1568 1083">
     <span class='ocr_line' id='line_1_64' title="bbox 781 1049 1568 1083; baseline -0.001 -7"><span class='ocrx_word' id='word_1_516' title='bbox 781 1049 869 1076; x_wconf 78' lang='lat' dir='ltr'><strong>hat-res</strong></span> <span class='ocrx_word' id='word_1_517' title='bbox 883 1053 945 1076; x_wconf 91' lang='lat' dir='ltr'><strong>tuus</strong></span> <span class='ocrx_word' id='word_1_518' title='bbox 961 1049 1023 1081; x_wconf 83' lang='lat' dir='ltr'><strong>iste,</strong></span> <span class='ocrx_word' id='word_1_519' title='bbox 1042 1050 1088 1076; x_wconf 90' lang='lat' dir='ltr'><strong>sed</strong></span> <span class='ocrx_word' id='word_1_520' title='bbox 1103 1049 1150 1083; x_wconf 89' lang='lat' dir='ltr'><strong>qui</strong></span> <span class='ocrx_word' id='word_1_521' title='bbox 1165 1050 1263 1076; x_wconf 82' lang='lat' dir='ltr'><strong>exierit</strong></span> <span class='ocrx_word' id='word_1_522' title='bbox 1289 1050 1322 1075; x_wconf 89' lang='lat' dir='ltr'><strong>de</strong></span> <span class='ocrx_word' id='word_1_523' title='bbox 1339 1053 1375 1081; x_wconf 89' lang='lat' dir='ltr'><strong>te,</strong></span> <span class='ocrx_word' id='word_1_524' title='bbox 1390 1049 1434 1076; x_wconf 87' lang='lat' dir='ltr'><strong>hic</strong></span> <span class='ocrx_word' id='word_1_525' title='bbox 1449 1049 1502 1076; x_wconf 89' lang='lat' dir='ltr'><strong>erit</strong></span> <span class='ocrx_word' id='word_1_526' title='bbox 1513 1049 1568 1075; x_wconf 75' lang='lat' dir='ltr'><strong>lno-</strong></span> 
     </span>
    </p>
   </div>
   <div class='ocr_carea' id='block_1_65' title="bbox 782 1093 1568 1130">
    <p class='ocr_par' dir='ltr' id='par_1_65' title="bbox 782 1093 1568 1130">
     <span class='ocr_line' id='line_1_65' title="bbox 782 1093 1568 1130; baseline -0.003 -8"><span class='ocrx_word' id='word_1_527' title='bbox 782 1103 826 1122; x_wconf 87' lang='lat' dir='ltr'><strong>res</strong></span> <span class='ocrx_word' id='word_1_528' title='bbox 842 1099 916 1122; x_wconf 85' lang='lat' dir='ltr'><strong>tuus.</strong></span> <span class='ocrx_word' id='word_1_529' title='bbox 933 1094 966 1121; x_wconf 81' lang='lat' dir='ltr'><strong>Et</strong></span> <span class='ocrx_word' id='word_1_530' title='bbox 980 1094 1087 1126; x_wconf 85' lang='lat' dir='ltr'><strong>eduxit,</strong></span> <span class='ocrx_word' id='word_1_531' title='bbox 1105 1094 1193 1128; x_wconf 90' lang='lat' dir='ltr'><strong>inquit</strong></span> <span class='ocrx_word' id='word_1_532' title='bbox 1207 1114 1215 1126; x_wconf 89' lang='lat'><strong>.</strong></span> <span class='ocrx_word' id='word_1_533' title='bbox 1231 1102 1293 1122; x_wconf 89' lang='lat' dir='ltr'><strong>eum</strong></span> <span class='ocrx_word' id='word_1_534' title='bbox 1307 1093 1364 1130; x_wconf 76' lang='lat' dir='ltr'>(5i)</span> <span class='ocrx_word' id='word_1_535' title='bbox 1378 1093 1451 1121; x_wconf 80' lang='lat' dir='ltr'><strong>foras</strong></span> <span class='ocrx_word' id='word_1_536' title='bbox 1464 1114 1471 1126; x_wconf 87' lang='lat'><strong>,</strong></span> <span class='ocrx_word' id='word_1_537' title='bbox 1486 1099 1514 1121; x_wconf 91' lang='lat' dir='ltr'><strong>et</strong></span> <span class='ocrx_word' id='word_1_538' title='bbox 1525 1094 1568 1121; x_wconf 82' lang='lat' dir='ltr'><strong>di-</strong></span> 
     </span>
    </p>
   </div>
   <div class='ocr_carea' id='block_1_66' title="bbox 781 1139 1568 1175">
    <p class='ocr_par' dir='ltr' id='par_1_66' title="bbox 781 1139 1568 1175">
     <span class='ocr_line' id='line_1_66' title="bbox 781 1139 1568 1175; baseline -0.004 -7"><span class='ocrx_word' id='word_1_539' title='bbox 781 1142 818 1168; x_wconf 86' lang='lat' dir='ltr'><strong>xit</strong></span> <span class='ocrx_word' id='word_1_540' title='bbox 831 1141 864 1168; x_wconf 83' lang='lat' dir='ltr'><strong>ad</strong></span> <span class='ocrx_word' id='word_1_541' title='bbox 878 1148 940 1168; x_wconf 86' lang='lat' dir='ltr'><strong>eum</strong></span> <span class='ocrx_word' id='word_1_542' title='bbox 958 1149 964 1167; x_wconf 92' lang='lat'>:</span> <span class='ocrx_word' id='word_1_543' title='bbox 981 1140 1096 1175; x_wconf 74' lang='lat' dir='ltr'><strong>Respice</strong></span> <span class='ocrx_word' id='word_1_544' title='bbox 1107 1140 1141 1167; x_wconf 92' lang='lat' dir='ltr'><strong>ad</strong></span> <span class='ocrx_word' id='word_1_545' title='bbox 1159 1140 1270 1171; x_wconf 65' lang='lat' dir='ltr'><strong>coelum,</strong></span> <span class='ocrx_word' id='word_1_546' title='bbox 1291 1144 1318 1166; x_wconf 89' lang='lat' dir='ltr'><strong>et</strong></span> <span class='ocrx_word' id='word_1_547' title='bbox 1336 1147 1448 1167; x_wconf 83' lang='lat' dir='ltr'><strong>numera</strong></span> <span class='ocrx_word' id='word_1_548' title='bbox 1464 1139 1568 1172; x_wconf 81' lang='lat' dir='ltr'><strong>stellas,</strong></span> 
     </span>
    </p>
   </div>
   <div class='ocr_carea' id='block_1_67' title="bbox 780 1186 1568 1222">
    <p class='ocr_par' dir='ltr' id='par_1_67' title="bbox 780 1186 1568 1222">
     <span class='ocr_line' id='line_1_67' title="bbox 780 1186 1568 1222; baseline -0.003 -7"><span class='ocrx_word' id='word_1_549' title='bbox 780 1188 802 1215; x_wconf 90' lang='lat' dir='ltr'><strong>si</strong></span> <span class='ocrx_word' id='word_1_550' title='bbox 821 1187 943 1222; x_wconf 87' lang='lat' dir='ltr'><strong>potueris</strong></span> <span class='ocrx_word' id='word_1_551' title='bbox 969 1187 1145 1214; x_wconf 87' lang='lat' dir='ltr'><strong>dinumerare</strong></span> <span class='ocrx_word' id='word_1_552' title='bbox 1168 1194 1226 1214; x_wconf 89' lang='lat' dir='ltr'><strong>eas.</strong></span> <span class='ocrx_word' id='word_1_553' title='bbox 1247 1187 1279 1213; x_wconf 82' lang='lat' dir='ltr'><strong>Et</strong></span> <span class='ocrx_word' id='word_1_554' title='bbox 1304 1186 1342 1213; x_wconf 86' lang='lat' dir='ltr'><strong>ait</strong></span> <span class='ocrx_word' id='word_1_555' title='bbox 1359 1186 1390 1213; x_wconf 92' lang='lat' dir='ltr'><strong>ad</strong></span> <span class='ocrx_word' id='word_1_556' title='bbox 1417 1195 1501 1214; x_wconf 88' lang='lat' dir='ltr'><strong>eum:</strong></span> <span class='ocrx_word' id='word_1_557' title='bbox 1521 1186 1568 1214; x_wconf 85' lang='lat' dir='ltr'><strong>Sic</strong></span> 
     </span>
    </p>
   </div>
   <div class='ocr_carea' id='block_1_68' title="bbox 781 1232 1567 1267">
    <p class='ocr_par' dir='ltr' id='par_1_68' title="bbox 781 1232 1567 1267">
     <span class='ocr_line' id='line_1_68' title="bbox 781 1232 1567 1267; baseline -0.004 -6"><span class='ocrx_word' id='word_1_558' title='bbox 781 1234 833 1261; x_wconf 85' lang='lat' dir='ltr'><strong>erit</strong></span> <span class='ocrx_word' id='word_1_559' title='bbox 849 1241 941 1261; x_wconf 83' lang='lat' dir='ltr'><strong>semen</strong></span> <span class='ocrx_word' id='word_1_560' title='bbox 957 1238 1044 1260; x_wconf 89' lang='lat' dir='ltr'><strong>tuum.</strong></span> <span class='ocrx_word' id='word_1_561' title='bbox 1059 1233 1090 1259; x_wconf 81' lang='lat' dir='ltr'><strong>Et</strong></span> <span class='ocrx_word' id='word_1_562' title='bbox 1103 1233 1221 1260; x_wconf 83' lang='lat' dir='ltr'><strong>credidit</strong></span> <span class='ocrx_word' id='word_1_563' title='bbox 1239 1232 1304 1264; x_wconf 85' lang='lat' dir='ltr'><strong>Deo,</strong></span> <span class='ocrx_word' id='word_1_564' title='bbox 1318 1237 1345 1260; x_wconf 93' lang='lat' dir='ltr'><strong>et</strong></span> <span class='ocrx_word' id='word_1_565' title='bbox 1358 1237 1510 1267; x_wconf 85' lang='lat' dir='ltr'><strong>reputatum</strong></span> <span class='ocrx_word' id='word_1_566' title='bbox 1524 1237 1567 1260; x_wconf 88' lang='lat' dir='ltr'><strong>est</strong></span> 
     </span>
    </p>
   </div>
   <div class='ocr_carea' id='block_1_69' title="bbox 780 1278 1566 1313">
    <p class='ocr_par' dir='ltr' id='par_1_69' title="bbox 780 1278 1566 1313">
     <span class='ocr_line' id='line_1_69' title="bbox 780 1278 1566 1313; baseline -0.003 -7"><span class='ocrx_word' id='word_1_567' title='bbox 780 1280 806 1306; x_wconf 88' lang='lat' dir='ltr'><strong>ei</strong></span> <span class='ocrx_word' id='word_1_568' title='bbox 820 1279 853 1306; x_wconf 89' lang='lat' dir='ltr'><strong>ad</strong></span> <span class='ocrx_word' id='word_1_569' title='bbox 867 1279 1001 1312; x_wconf 86' lang='lat' dir='ltr'><strong>justitiam</strong></span> <span class='ocrx_word' id='word_1_570' title='bbox 1014 1278 1050 1304; x_wconf 89' lang='lat'><strong>&quot;.</strong></span> <span class='ocrx_word' id='word_1_571' title='bbox 1068 1287 1077 1303; x_wconf 74' lang='grc' dir='ltr'><strong>ι</strong></span> <span class='ocrx_word' id='word_1_572' title='bbox 1097 1278 1190 1306; x_wconf 78' lang='lat' dir='ltr'><strong>Latius</strong></span> <span class='ocrx_word' id='word_1_573' title='bbox 1214 1278 1272 1305; x_wconf 83' lang='lat' dir='ltr'><strong>loca</strong></span> <span class='ocrx_word' id='word_1_574' title='bbox 1288 1278 1344 1313; x_wconf 87' lang='lat' dir='ltr'><strong>ipsa</strong></span> <span class='ocrx_word' id='word_1_575' title='bbox 1363 1278 1477 1312; x_wconf 87' lang='lat' dir='ltr'><strong>exempli</strong></span> <span class='ocrx_word' id='word_1_576' title='bbox 1502 1285 1566 1312; x_wconf 84' lang='lat' dir='ltr'><strong>gra-</strong></span> 
     </span>
    </p>
   </div>
   <div class='ocr_carea' id='block_1_70' title="bbox 783 1322 1570 1361">
    <p class='ocr_par' dir='ltr' id='par_1_70' title="bbox 783 1322 1570 1361">
     <span class='ocr_line' id='line_1_70' title="bbox 783 1322 1570 1361; baseline -0.005 -8"><span class='ocrx_word' id='word_1_577' title='bbox 783 1326 818 1353; x_wconf 89' lang='lat' dir='ltr'><strong>lia</strong></span> <span class='ocrx_word' id='word_1_578' title='bbox 838 1325 893 1361; x_wconf 75' lang='grc'>(52)</span> <span class='ocrx_word' id='word_1_579' title='bbox 913 1325 947 1352; x_wconf 89' lang='lat' dir='ltr'><strong>de</strong></span> <span class='ocrx_word' id='word_1_580' title='bbox 973 1324 1043 1351; x_wconf 84' lang='lat' dir='ltr'><strong>libro</strong></span> <span class='ocrx_word' id='word_1_581' title='bbox 1057 1323 1173 1351; x_wconf 84' lang='lat' dir='ltr'><strong>Genesis</strong></span> <span class='ocrx_word' id='word_1_582' title='bbox 1189 1324 1375 1358; x_wconf 86' lang='lat' dir='ltr'><strong>repetivimns,</strong></span> <span class='ocrx_word' id='word_1_583' title='bbox 1395 1328 1423 1350; x_wconf 93' lang='lat' dir='ltr'><strong>nt</strong></span> <span class='ocrx_word' id='word_1_584' title='bbox 1445 1331 1504 1356; x_wconf 68' lang='lat' dir='ltr'><strong>quae</strong></span> <span class='ocrx_word' id='word_1_585' title='bbox 1523 1322 1570 1358; x_wconf 85' lang='lat' dir='ltr'><strong>ju-</strong></span> 
     </span>
    </p>
   </div>
   <div class='ocr_carea' id='block_1_71' title="bbox 781 1368 1571 1404">
    <p class='ocr_par' dir='ltr' id='par_1_71' title="bbox 781 1368 1571 1404">
     <span class='ocr_line' id='line_1_71' title="bbox 781 1368 1571 1404; baseline -0.003 -6"><span class='ocrx_word' id='word_1_586' title='bbox 781 1371 954 1399; x_wconf 86' lang='lat' dir='ltr'><strong>stiﬁcationis</strong></span> <span class='ocrx_word' id='word_1_587' title='bbox 984 1370 1064 1404; x_wconf 86' lang='lat' dir='ltr'><strong>hujus</strong></span> <span class='ocrx_word' id='word_1_588' title='bbox 1086 1376 1167 1396; x_wconf 87' lang='lat' dir='ltr'><strong>causa</strong></span> <span class='ocrx_word' id='word_1_589' title='bbox 1185 1369 1264 1396; x_wconf 80' lang='lat' dir='ltr'><strong>fuerit</strong></span> <span class='ocrx_word' id='word_1_590' title='bbox 1290 1376 1472 1396; x_wconf 88' lang='lat' dir='ltr'><strong>nosceremus.</strong></span> <span class='ocrx_word' id='word_1_591' title='bbox 1493 1368 1571 1396; x_wconf 79' lang='lat' dir='ltr'><strong>Unde</strong></span> 
     </span>
    </p>
   </div>
   <div class='ocr_carea' id='block_1_72' title="bbox 781 1414 1566 1449">
    <p class='ocr_par' dir='ltr' id='par_1_72' title="bbox 781 1414 1566 1449">
     <span class='ocr_line' id='line_1_72' title="bbox 781 1414 1566 1449; baseline -0.004 -5"><span class='ocrx_word' id='word_1_592' title='bbox 781 1423 808 1445; x_wconf 88' lang='lat' dir='ltr'><strong>et</strong></span> <span class='ocrx_word' id='word_1_593' title='bbox 821 1417 913 1444; x_wconf 89' lang='lat' dir='ltr'><strong>acrius</strong></span> <span class='ocrx_word' id='word_1_594' title='bbox 926 1415 1122 1443; x_wconf 87' lang='lat' dir='ltr'><strong>intendendum</strong></span> <span class='ocrx_word' id='word_1_595' title='bbox 1144 1419 1197 1448; x_wconf 85' lang='lat' dir='ltr'><strong>est,</strong></span> <span class='ocrx_word' id='word_1_596' title='bbox 1221 1415 1243 1442; x_wconf 91' lang='lat' dir='ltr'><strong>si</strong></span> <span class='ocrx_word' id='word_1_597' title='bbox 1261 1415 1297 1442; x_wconf 88' lang='lat' dir='ltr'><strong>ob</strong></span> <span class='ocrx_word' id='word_1_598' title='bbox 1314 1415 1364 1442; x_wconf 91' lang='lat' dir='ltr'><strong>hoc</strong></span> <span class='ocrx_word' id='word_1_599' title='bbox 1383 1414 1468 1442; x_wconf 87' lang='lat' dir='ltr'><strong>solum</strong></span> <span class='ocrx_word' id='word_1_600' title='bbox 1494 1415 1566 1449; x_wconf 91' lang='lat' dir='ltr'><strong>quod</strong></span> 
     </span>
    </p>
   </div>
   <div class='ocr_carea' id='block_1_73' title="bbox 781 1461 1566 1497">
    <p class='ocr_par' dir='ltr' id='par_1_73' title="bbox 781 1461 1566 1497">
     <span class='ocr_line' id='line_1_73' title="bbox 781 1461 1566 1497; baseline -0.005 -6"><span class='ocrx_word' id='word_1_601' title='bbox 781 1464 898 1491; x_wconf 89' lang='lat' dir='ltr'><strong>dandum</strong></span> <span class='ocrx_word' id='word_1_602' title='bbox 914 1462 966 1491; x_wconf 88' lang='lat' dir='ltr'><strong>sibi</strong></span> <span class='ocrx_word' id='word_1_603' title='bbox 982 1463 1100 1490; x_wconf 83' lang='lat' dir='ltr'><strong>credidit</strong></span> <span class='ocrx_word' id='word_1_604' title='bbox 1111 1462 1208 1495; x_wconf 86' lang='lat' dir='ltr'><strong>ﬁlium,</strong></span> <span class='ocrx_word' id='word_1_605' title='bbox 1226 1467 1302 1489; x_wconf 73' lang='lat' dir='ltr'><strong>el&#39;ex</strong></span> <span class='ocrx_word' id='word_1_606' title='bbox 1318 1469 1350 1489; x_wconf 90' lang='lat' dir='ltr'><strong>eo</strong></span> <span class='ocrx_word' id='word_1_607' title='bbox 1364 1461 1520 1497; x_wconf 78' lang='lat' dir='ltr'><strong>progeniem</strong></span> <span class='ocrx_word' id='word_1_608' title='bbox 1532 1461 1566 1488; x_wconf 87' lang='lat' dir='ltr'><strong>ad</strong></span> 
     </span>
    </p>
   </div>
   <div class='ocr_carea' id='block_1_74' title="bbox 783 1507 1566 1543">
    <p class='ocr_par' dir='ltr' id='par_1_74' title="bbox 783 1507 1566 1543">
     <span class='ocr_line' id='line_1_74' title="bbox 783 1507 1566 1543; baseline -0.004 -7"><span class='ocrx_word' id='word_1_609' title='bbox 783 1509 983 1537; x_wconf 85' lang='lat' dir='ltr'><strong>multitudinem</strong></span> <span class='ocrx_word' id='word_1_610' title='bbox 1000 1509 1120 1536; x_wconf 87' lang='lat' dir='ltr'><strong>siderum</strong></span> <span class='ocrx_word' id='word_1_611' title='bbox 1137 1508 1337 1543; x_wconf 81' lang='lat' dir='ltr'><strong>propagandam</strong></span> <span class='ocrx_word' id='word_1_612' title='bbox 1353 1527 1361 1540; x_wconf 88' lang='lat'><strong>,</strong></span> <span class='ocrx_word' id='word_1_613' title='bbox 1385 1507 1486 1534; x_wconf 89' lang='lat' dir='ltr'><strong>dicitttr</strong></span> <span class='ocrx_word' id='word_1_614' title='bbox 1502 1507 1566 1542; x_wconf 82' lang='lat' dir='ltr'><strong>quia</strong></span> 
     </span>
    </p>
   </div>
   <div class='ocr_carea' id='block_1_75' title="bbox 782 1553 1569 1589">
    <p class='ocr_par' dir='ltr' id='par_1_75' title="bbox 782 1553 1569 1589">
     <span class='ocr_line' id='line_1_75' title="bbox 782 1553 1569 1589; baseline -0.004 -7"><span class='ocrx_word' id='word_1_615' title='bbox 782 1560 907 1589; x_wconf 88' lang='lat' dir='ltr'><strong>reputata</strong></span> <span class='ocrx_word' id='word_1_616' title='bbox 918 1559 960 1582; x_wconf 89' lang='lat' dir='ltr'><strong>est</strong></span> <span class='ocrx_word' id='word_1_617' title='bbox 974 1554 1040 1582; x_wconf 80' lang='lat' dir='ltr'><strong>ﬁdes</strong></span> <span class='ocrx_word' id='word_1_618' title='bbox 1055 1555 1115 1589; x_wconf 88' lang='lat' dir='ltr'><strong>ejus</strong></span> <span class='ocrx_word' id='word_1_619' title='bbox 1127 1554 1160 1581; x_wconf 87' lang='lat' dir='ltr'><strong>ad</strong></span> <span class='ocrx_word' id='word_1_620' title='bbox 1175 1554 1310 1589; x_wconf 77' lang='lat' dir='ltr'><strong>justitiam</strong></span> <span class='ocrx_word' id='word_1_621' title='bbox 1328 1562 1335 1580; x_wconf 87' lang='lat'><strong>:</strong></span> <span class='ocrx_word' id='word_1_622' title='bbox 1351 1561 1385 1580; x_wconf 88' lang='lat' dir='ltr'><strong>an</strong></span> <span class='ocrx_word' id='word_1_623' title='bbox 1405 1560 1454 1586; x_wconf 90' lang='lat' dir='ltr'><strong>pro</strong></span> <span class='ocrx_word' id='word_1_624' title='bbox 1476 1553 1527 1580; x_wconf 91' lang='lat' dir='ltr'><strong>hoc</strong></span> <span class='ocrx_word' id='word_1_625' title='bbox 1541 1557 1569 1579; x_wconf 91' lang='lat' dir='ltr'><strong>et</strong></span> 
     </span>
    </p>
   </div>
   <div class='ocr_carea' id='block_1_76' title="bbox 780 1597 1567 1636">
    <p class='ocr_par' dir='ltr' id='par_1_76' title="bbox 780 1597 1567 1636">
     <span class='ocr_line' id='line_1_76' title="bbox 780 1597 1567 1636; baseline -0.005 -9"><span class='ocrx_word' id='word_1_626' title='bbox 780 1607 828 1636; x_wconf 92' lang='lat' dir='ltr'><strong>pro</strong></span> <span class='ocrx_word' id='word_1_627' title='bbox 842 1600 968 1628; x_wconf 84' lang='lat' dir='ltr'><strong>omnibus</strong></span> <span class='ocrx_word' id='word_1_628' title='bbox 979 1607 1040 1635; x_wconf 60' lang='lat' dir='ltr'><strong>qua:</strong></span> <span class='ocrx_word' id='word_1_629' title='bbox 1053 1599 1109 1634; x_wconf 90' lang='lat' dir='ltr'><strong>jam</strong></span> <span class='ocrx_word' id='word_1_630' title='bbox 1122 1603 1185 1626; x_wconf 88' lang='lat' dir='ltr'><strong>ante</strong></span> <span class='ocrx_word' id='word_1_631' title='bbox 1203 1599 1365 1627; x_wconf 84' lang='lat' dir='ltr'><strong>crediderat.</strong></span> <span class='ocrx_word' id='word_1_632' title='bbox 1385 1597 1477 1632; x_wconf 83' lang='lat' dir='ltr'><strong>Neque</strong></span> <span class='ocrx_word' id='word_1_633' title='bbox 1494 1598 1567 1624; x_wconf 85' lang='lat' dir='ltr'><strong>enim</strong></span> 
     </span>
    </p>
   </div>
   <div class='ocr_carea' id='block_1_77' title="bbox 780 1643 1568 1681">
    <p class='ocr_par' dir='ltr' id='par_1_77' title="bbox 780 1643 1568 1681">
     <span class='ocr_line' id='line_1_77' title="bbox 780 1643 1568 1681; baseline -0.005 -8"><span class='ocrx_word' id='word_1_634' title='bbox 780 1647 929 1681; x_wconf 90' lang='lat' dir='ltr'><strong>putandum</strong></span> <span class='ocrx_word' id='word_1_635' title='bbox 949 1646 1021 1680; x_wconf 93' lang='lat' dir='ltr'><strong>quod</strong></span> <span class='ocrx_word' id='word_1_636' title='bbox 1037 1645 1141 1679; x_wconf 87' lang='lat' dir='ltr'><strong>absque</strong></span> <span class='ocrx_word' id='word_1_637' title='bbox 1160 1644 1212 1671; x_wconf 86' lang='lat' dir='ltr'><strong>lide</strong></span> <span class='ocrx_word' id='word_1_638' title='bbox 1227 1644 1310 1672; x_wconf 79' lang='lat' dir='ltr'><strong>fuerit</strong></span> <span class='ocrx_word' id='word_1_639' title='bbox 1333 1644 1409 1676; x_wconf 92' lang='lat' dir='ltr'><strong>illud,</strong></span> <span class='ocrx_word' id='word_1_640' title='bbox 1435 1648 1462 1669; x_wconf 90' lang='lat' dir='ltr'><strong>ut</strong></span> <span class='ocrx_word' id='word_1_641' title='bbox 1480 1643 1568 1670; x_wconf 86' lang='lat' dir='ltr'><strong>exirct</strong></span> 
     </span>
    </p>
   </div>
   <div class='ocr_carea' id='block_1_78' title="bbox 781 1688 1568 1725">
    <p class='ocr_par' dir='ltr' id='par_1_78' title="bbox 781 1688 1568 1725">
     <span class='ocr_line' id='line_1_78' title="bbox 781 1688 1568 1725; baseline -0.005 -6"><span class='ocrx_word' id='word_1_642' title='bbox 781 1692 814 1719; x_wconf 91' lang='lat' dir='ltr'><strong>de</strong></span> <span class='ocrx_word' id='word_1_643' title='bbox 834 1697 907 1725; x_wconf 85' lang='lat' dir='ltr'><strong>terra</strong></span> <span class='ocrx_word' id='word_1_644' title='bbox 920 1699 980 1721; x_wconf 82' lang='lat' dir='ltr'><strong>sua.</strong></span> <span class='ocrx_word' id='word_1_645' title='bbox 994 1696 1022 1718; x_wconf 87' lang='lat' dir='ltr'><strong>et</strong></span> <span class='ocrx_word' id='word_1_646' title='bbox 1036 1692 1070 1717; x_wconf 87' lang='lat' dir='ltr'><strong>de</strong></span> <span class='ocrx_word' id='word_1_647' title='bbox 1086 1691 1249 1725; x_wconf 75' lang='lat' dir='ltr'><strong>cognatione</strong></span> <span class='ocrx_word' id='word_1_648' title='bbox 1264 1691 1347 1724; x_wconf 85' lang='lat' dir='ltr'><strong>patris</strong></span> <span class='ocrx_word' id='word_1_649' title='bbox 1359 1689 1411 1720; x_wconf 84' lang='lat' dir='ltr'><strong>sui,</strong></span> <span class='ocrx_word' id='word_1_650' title='bbox 1423 1694 1450 1716; x_wconf 86' lang='lat' dir='ltr'><strong>ct</strong></span> <span class='ocrx_word' id='word_1_651' title='bbox 1462 1688 1568 1715; x_wconf 86' lang='lat' dir='ltr'><strong>veniret</strong></span> 
     </span>
    </p>
   </div>
   <div class='ocr_carea' id='block_1_79' title="bbox 781 1733 1566 1772">
    <p class='ocr_par' dir='ltr' id='par_1_79' title="bbox 781 1733 1566 1772">
     <span class='ocr_line' id='line_1_79' title="bbox 781 1733 1566 1772; baseline -0.005 -8"><span class='ocrx_word' id='word_1_652' title='bbox 781 1737 808 1764; x_wconf 91' lang='lat' dir='ltr'><strong>in</strong></span> <span class='ocrx_word' id='word_1_653' title='bbox 828 1742 927 1771; x_wconf 68' lang='lat' dir='ltr'><strong>terram</strong></span> <span class='ocrx_word' id='word_1_654' title='bbox 938 1745 1019 1772; x_wconf 89' lang='lat' dir='ltr'><strong>quam</strong></span> <span class='ocrx_word' id='word_1_655' title='bbox 1031 1736 1055 1763; x_wconf 87' lang='lat' dir='ltr'><strong>ei</strong></span> <span class='ocrx_word' id='word_1_656' title='bbox 1069 1735 1381 1762; x_wconf 81' lang='lat' dir='ltr'><strong>demonstraveratDeus</strong></span> <span class='ocrx_word' id='word_1_657' title='bbox 1389 1734 1422 1766; x_wconf 58' lang='lat' dir='ltr'><strong>‘i;</strong></span> <span class='ocrx_word' id='word_1_658' title='bbox 1435 1734 1476 1760; x_wconf 85' lang='lat' dir='ltr'><strong>vel</strong></span> <span class='ocrx_word' id='word_1_659' title='bbox 1491 1733 1566 1765; x_wconf 79' lang='lat' dir='ltr'><strong>illud,</strong></span> 
     </span>
    </p>
   </div>
   <div class='ocr_carea' id='block_1_80' title="bbox 780 1779 1565 1818">
    <p class='ocr_par' dir='ltr' id='par_1_80' title="bbox 780 1779 1565 1818">
     <span class='ocr_line' id='line_1_80' title="bbox 780 1779 1565 1818; baseline -0.006 -8"><span class='ocrx_word' id='word_1_660' title='bbox 780 1790 842 1811; x_wconf 95' lang='lat' dir='ltr'><strong>cum</strong></span> <span class='ocrx_word' id='word_1_661' title='bbox 867 1786 995 1817; x_wconf 81' lang='lat' dir='ltr'><strong>separato</strong></span> <span class='ocrx_word' id='word_1_662' title='bbox 1017 1789 1031 1808; x_wconf 92' lang='lat' dir='ltr'><strong>a</strong></span> <span class='ocrx_word' id='word_1_663' title='bbox 1053 1787 1082 1808; x_wconf 90' lang='lat' dir='ltr'><strong>se</strong></span> <span class='ocrx_word' id='word_1_664' title='bbox 1109 1780 1169 1813; x_wconf 90' lang='lat' dir='ltr'><strong>Lot,</strong></span> <span class='ocrx_word' id='word_1_665' title='bbox 1188 1780 1254 1808; x_wconf 88' lang='lat' dir='ltr'><strong>dicit</strong></span> <span class='ocrx_word' id='word_1_666' title='bbox 1279 1780 1312 1807; x_wconf 87' lang='lat' dir='ltr'><strong>ad</strong></span> <span class='ocrx_word' id='word_1_667' title='bbox 1333 1779 1565 1818; x_wconf 82' lang='lat' dir='ltr'><strong>emnDominus:</strong></span> 
     </span>
    </p>
   </div>
   <div class='ocr_carea' id='block_1_81' title="bbox 784 1826 1566 1864">
    <p class='ocr_par' dir='ltr' id='par_1_81' title="bbox 784 1826 1566 1864">
     <span class='ocr_line' id='line_1_81' title="bbox 784 1826 1566 1864; baseline -0.008 -8"><span class='ocrx_word' id='word_1_668' title='bbox 784 1838 794 1856; x_wconf 75' lang='grc' dir='ltr'><strong>ι</strong></span> <span class='ocrx_word' id='word_1_669' title='bbox 813 1829 911 1864; x_wconf 80' lang='lat' dir='ltr'><strong>Aspice</strong></span> <span class='ocrx_word' id='word_1_670' title='bbox 925 1827 1012 1856; x_wconf 90' lang='lat' dir='ltr'><strong>oculis</strong></span> <span class='ocrx_word' id='word_1_671' title='bbox 1025 1829 1088 1860; x_wconf 88' lang='lat' dir='ltr'><strong>tuis,</strong></span> <span class='ocrx_word' id='word_1_672' title='bbox 1102 1828 1198 1855; x_wconf 80' lang='lat' dir='ltr'><strong>etvide</strong></span> <span class='ocrx_word' id='word_1_673' title='bbox 1210 1835 1243 1854; x_wconf 91' lang='lat' dir='ltr'><strong>ex</strong></span> <span class='ocrx_word' id='word_1_674' title='bbox 1258 1827 1310 1853; x_wconf 88' lang='lat' dir='ltr'><strong>hoc</strong></span> <span class='ocrx_word' id='word_1_675' title='bbox 1320 1827 1379 1853; x_wconf 92' lang='lat' dir='ltr'><strong>loco</strong></span> <span class='ocrx_word' id='word_1_676' title='bbox 1393 1826 1418 1852; x_wconf 86' lang='lat' dir='ltr'><strong>in</strong></span> <span class='ocrx_word' id='word_1_677' title='bbox 1432 1832 1485 1861; x_wconf 74' lang='lat' dir='ltr'><strong>quo</strong></span> <span class='ocrx_word' id='word_1_678' title='bbox 1498 1829 1566 1856; x_wconf 80' lang='lat' dir='ltr'><strong>stas,</strong></span> 
     </span>
    </p>
   </div>
   <div class='ocr_carea' id='block_1_82' title="bbox 781 1870 1568 1908">
    <p class='ocr_par' dir='ltr' id='par_1_82' title="bbox 781 1870 1568 1908">
     <span class='ocr_line' id='line_1_82' title="bbox 781 1870 1568 1908; baseline -0.008 -6"><span class='ocrx_word' id='word_1_679' title='bbox 781 1880 808 1903; x_wconf 91' lang='lat' dir='ltr'><strong>et</strong></span> <span class='ocrx_word' id='word_1_680' title='bbox 823 1875 931 1902; x_wconf 83' lang='lat' dir='ltr'><strong>intuere</strong></span> <span class='ocrx_word' id='word_1_681' title='bbox 953 1875 987 1901; x_wconf 89' lang='lat' dir='ltr'><strong>ad</strong></span> <span class='ocrx_word' id='word_1_682' title='bbox 1000 1873 1225 1908; x_wconf 85' lang='lat' dir='ltr'><strong>septentrionem,</strong></span> <span class='ocrx_word' id='word_1_683' title='bbox 1241 1878 1267 1900; x_wconf 92' lang='lat' dir='ltr'><strong>et</strong></span> <span class='ocrx_word' id='word_1_684' title='bbox 1281 1872 1471 1903; x_wconf 90' lang='lat' dir='ltr'><strong>meridianum,</strong></span> <span class='ocrx_word' id='word_1_685' title='bbox 1485 1874 1511 1897; x_wconf 91' lang='lat' dir='ltr'><strong>et</strong></span> <span class='ocrx_word' id='word_1_686' title='bbox 1534 1870 1568 1896; x_wconf 85' lang='lat' dir='ltr'><strong>ad</strong></span> 
     </span>
    </p>
   </div>
   <div class='ocr_carea' id='block_1_83' title="bbox 781 1917 1569 1955">
    <p class='ocr_par' dir='ltr' id='par_1_83' title="bbox 781 1917 1569 1955">
     <span class='ocr_line' id='line_1_83' title="bbox 781 1917 1569 1955; baseline -0.01 -6"><span class='ocrx_word' id='word_1_687' title='bbox 781 1921 970 1952; x_wconf 85' lang='lat' dir='ltr'><strong>occidentem,</strong></span> <span class='ocrx_word' id='word_1_688' title='bbox 996 1924 1078 1955; x_wconf 89' lang='lat' dir='ltr'><strong>atque</strong></span> <span class='ocrx_word' id='word_1_689' title='bbox 1093 1920 1125 1946; x_wconf 92' lang='lat' dir='ltr'><strong>ad</strong></span> <span class='ocrx_word' id='word_1_690' title='bbox 1142 1919 1287 1950; x_wconf 88' lang='lat' dir='ltr'><strong>orientem,</strong></span> <span class='ocrx_word' id='word_1_691' title='bbox 1308 1917 1370 1952; x_wconf 89' lang='lat' dir='ltr'><strong>quia</strong></span> <span class='ocrx_word' id='word_1_692' title='bbox 1390 1923 1498 1943; x_wconf 88' lang='lat' dir='ltr'><strong>omnem</strong></span> <span class='ocrx_word' id='word_1_693' title='bbox 1512 1919 1569 1942; x_wconf 53' lang='lat' dir='ltr'><strong>ter.</strong></span> 
     </span>
    </p>
   </div>
   <div class='ocr_carea' id='block_1_84' title="bbox 782 1956 1569 2001">
    <p class='ocr_par' dir='ltr' id='par_1_84' title="bbox 782 1956 1569 2001">
     <span class='ocr_line' id='line_1_84' title="bbox 782 1956 1569 2001; baseline -0.01 -6"><span class='ocrx_word' id='word_1_694' title='bbox 782 1975 841 1996; x_wconf 90' lang='lat' dir='ltr'><strong>ram</strong></span> <span class='ocrx_word' id='word_1_695' title='bbox 859 1967 929 1995; x_wconf 87' lang='lat' dir='ltr'><strong>bane</strong></span> <span class='ocrx_word' id='word_1_696' title='bbox 943 1974 1025 2001; x_wconf 82' lang='lat' dir='ltr'><strong>quam</strong></span> <span class='ocrx_word' id='word_1_697' title='bbox 1040 1956 1116 1993; x_wconf 73' lang='lat' dir='ltr'><strong>vides</strong></span> <span class='ocrx_word' id='word_1_698' title='bbox 1136 1965 1185 1992; x_wconf 88' lang='lat' dir='ltr'><strong>tibi</strong></span> <span class='ocrx_word' id='word_1_699' title='bbox 1200 1963 1270 1992; x_wconf 83' lang='lat' dir='ltr'><strong>dabo</strong></span> <span class='ocrx_word' id='word_1_700' title='bbox 1285 1971 1357 1995; x_wconf 88' lang='lat' dir='ltr'><strong>eam,</strong></span> <span class='ocrx_word' id='word_1_701' title='bbox 1374 1967 1401 1990; x_wconf 90' lang='lat' dir='ltr'><strong>et</strong></span> <span class='ocrx_word' id='word_1_702' title='bbox 1411 1962 1569 1992; x_wconf 82' lang='lat' dir='ltr'><strong>seminituo</strong></span> 
     </span>
    </p>
   </div>
   <div class='ocr_carea' id='block_1_85' title="bbox 782 2006 1568 2044">
    <p class='ocr_par' dir='ltr' id='par_1_85' title="bbox 782 2006 1568 2044">
     <span class='ocr_line' id='line_1_85' title="bbox 782 2006 1568 2044; baseline -0.009 -4"><span class='ocrx_word' id='word_1_703' title='bbox 782 2014 808 2041; x_wconf 93' lang='lat' dir='ltr'><strong>in</strong></span> <span class='ocrx_word' id='word_1_704' title='bbox 824 2017 954 2040; x_wconf 72' lang='lat' dir='ltr'><strong>aeternum</strong></span> <span class='ocrx_word' id='word_1_705' title='bbox 967 2013 1001 2038; x_wconf 87' lang='lat'><strong>&quot;.</strong></span> <span class='ocrx_word' id='word_1_706' title='bbox 1014 2021 1024 2038; x_wconf 76' lang='grc' dir='ltr'><strong>ι</strong></span> <span class='ocrx_word' id='word_1_707' title='bbox 1041 2011 1094 2038; x_wconf 87' lang='lat' dir='ltr'><strong>Sed</strong></span> <span class='ocrx_word' id='word_1_708' title='bbox 1109 2016 1137 2038; x_wconf 85' lang='lat' dir='ltr'><strong>et</strong></span> <span class='ocrx_word' id='word_1_709' title='bbox 1151 2010 1216 2038; x_wconf 92' lang='lat' dir='ltr'><strong>illud</strong></span> <span class='ocrx_word' id='word_1_710' title='bbox 1235 2010 1296 2044; x_wconf 90' lang='lat' dir='ltr'><strong>quis</strong></span> <span class='ocrx_word' id='word_1_711' title='bbox 1311 2008 1382 2036; x_wconf 84' lang='lat' dir='ltr'><strong>dicat</strong></span> <span class='ocrx_word' id='word_1_712' title='bbox 1395 2008 1500 2042; x_wconf 83' lang='lat' dir='ltr'><strong>absque</strong></span> <span class='ocrx_word' id='word_1_713' title='bbox 1516 2006 1568 2033; x_wconf 87' lang='lat' dir='ltr'><strong>ﬁde</strong></span> 
     </span>
    </p>
   </div>
   <div class='ocr_carea' id='block_1_86' title="bbox 782 2051 1568 2092">
    <p class='ocr_par' dir='ltr' id='par_1_86' title="bbox 782 2051 1568 2092">
     <span class='ocr_line' id='line_1_86' title="bbox 782 2051 1568 2092; baseline -0.011 -6"><span class='ocrx_word' id='word_1_714' title='bbox 782 2059 907 2092; x_wconf 79' lang='lat' dir='ltr'><strong>factum,</strong></span> <span class='ocrx_word' id='word_1_715' title='bbox 929 2058 1001 2092; x_wconf 84' lang='lat' dir='ltr'><strong>quod</strong></span> <span class='ocrx_word' id='word_1_716' title='bbox 1027 2056 1140 2084; x_wconf 90' lang='lat' dir='ltr'><strong>veniens</strong></span> <span class='ocrx_word' id='word_1_717' title='bbox 1167 2055 1307 2083; x_wconf 81' lang='lat' dir='ltr'><strong>Abraham</strong></span> <span class='ocrx_word' id='word_1_718' title='bbox 1334 2052 1469 2080; x_wconf 82' lang='lat' dir='ltr'><strong>habitavit</strong></span> <span class='ocrx_word' id='word_1_719' title='bbox 1496 2051 1568 2086; x_wconf 87' lang='lat' dir='ltr'><strong>apud</strong></span> 
     </span>
    </p>
   </div>
   <div class='ocr_carea' id='block_1_87' title="bbox 781 2097 1569 2139">
    <p class='ocr_par' dir='ltr' id='par_1_87' title="bbox 781 2097 1569 2139">
     <span class='ocr_line' id='line_1_87' title="bbox 781 2097 1569 2139; baseline -0.013 -6"><span class='ocrx_word' id='word_1_720' title='bbox 781 2112 912 2139; x_wconf 89' lang='lat' dir='ltr'><strong>quercum</strong></span> <span class='ocrx_word' id='word_1_721' title='bbox 923 2103 1045 2132; x_wconf 77' lang='lat' dir='ltr'><strong>Mambre</strong></span> <span class='ocrx_word' id='word_1_722' title='bbox 1059 2103 1085 2130; x_wconf 86' lang='lat' dir='ltr'><strong>in</strong></span> <span class='ocrx_word' id='word_1_723' title='bbox 1102 2102 1221 2133; x_wconf 85' lang='lat' dir='ltr'><strong>Hebron,</strong></span> <span class='ocrx_word' id='word_1_724' title='bbox 1235 2105 1262 2128; x_wconf 88' lang='lat' dir='ltr'><strong>et</strong></span> <span class='ocrx_word' id='word_1_725' title='bbox 1273 2099 1418 2128; x_wconf 64' lang='lat' dir='ltr'><strong>aediﬁcavit</strong></span> <span class='ocrx_word' id='word_1_726' title='bbox 1430 2098 1465 2125; x_wconf 91' lang='lat' dir='ltr'><strong>ibi</strong></span> <span class='ocrx_word' id='word_1_727' title='bbox 1481 2097 1569 2124; x_wconf 80' lang='lat' dir='ltr'><strong>altare</strong></span> 
     </span>
    </p>
   </div>
   <div class='ocr_carea' id='block_1_88' title="bbox 781 2143 1567 2184">
    <p class='ocr_par' dir='ltr' id='par_1_88' title="bbox 781 2143 1567 2184">
     <span class='ocr_line' id='line_1_88' title="bbox 781 2143 1567 2184; baseline -0.014 -4"><span class='ocrx_word' id='word_1_728' title='bbox 781 2151 897 2180; x_wconf 89' lang='lat' dir='ltr'><strong>Domino</strong></span> <span class='ocrx_word' id='word_1_729' title='bbox 909 2151 956 2178; x_wconf 75' lang='lat'><strong>&quot;‘2</strong></span> <span class='ocrx_word' id='word_1_730' title='bbox 972 2150 1115 2184; x_wconf 86' lang='lat' dir='ltr'><strong>Quomodo</strong></span> <span class='ocrx_word' id='word_1_731' title='bbox 1132 2153 1222 2176; x_wconf 81' lang='lat' dir='ltr'><strong>autern</strong></span> <span class='ocrx_word' id='word_1_732' title='bbox 1238 2153 1265 2175; x_wconf 90' lang='lat' dir='ltr'><strong>et</strong></span> <span class='ocrx_word' id='word_1_733' title='bbox 1281 2147 1346 2174; x_wconf 92' lang='lat' dir='ltr'><strong>illud</strong></span> <span class='ocrx_word' id='word_1_734' title='bbox 1362 2153 1415 2173; x_wconf 90' lang='lat' dir='ltr'><strong>non</strong></span> <span class='ocrx_word' id='word_1_735' title='bbox 1431 2149 1490 2172; x_wconf 89' lang='lat' dir='ltr'><strong>erat</strong></span> <span class='ocrx_word' id='word_1_736' title='bbox 1505 2143 1567 2170; x_wconf 88' lang='lat' dir='ltr'><strong>ﬁdei</strong></span> 
     </span>
    </p>
   </div>
   <div class='ocr_carea' id='block_1_89' title="bbox 20 2191 1570 2232">
    <p class='ocr_par' dir='ltr' id='par_1_89' title="bbox 20 2191 1570 2232">
     <span class='ocr_line' id='line_1_89' title="bbox 20 2191 1570 2232; baseline -0.005 -11"><span class='ocrx_word' id='word_1_737' title='bbox 20 2195 95 2223; x_wconf 86' lang='lat' dir='ltr'><strong>inavit</strong></span> <span class='ocrx_word' id='word_1_738' title='bbox 104 2197 238 2224; x_wconf 84' lang='lat' dir='ltr'><strong>Abraham</strong></span> <span class='ocrx_word' id='word_1_739' title='bbox 248 2197 282 2224; x_wconf 81' lang='lat'><strong>”.</strong></span> <span class='ocrx_word' id='word_1_740' title='bbox 296 2196 425 2225; x_wconf 88' lang='lat' dir='ltr'><strong>Gentium</strong></span> <span class='ocrx_word' id='word_1_741' title='bbox 442 2197 543 2224; x_wconf 88' lang='lat' dir='ltr'><strong>etenim</strong></span> <span class='ocrx_word' id='word_1_742' title='bbox 561 2197 732 2232; x_wconf 85' lang='lat' dir='ltr'><strong>paterAbra-</strong></span> <span class='ocrx_word' id='word_1_743' title='bbox 747 2196 769 2224; x_wconf 90' lang='lat' dir='ltr'><strong>D</strong></span> <span class='ocrx_word' id='word_1_744' title='bbox 783 2205 851 2232; x_wconf 87' lang='lat' dir='ltr'><strong>opus</strong></span> <span class='ocrx_word' id='word_1_745' title='bbox 865 2218 874 2231; x_wconf 91' lang='lat'><strong>,</strong></span> <span class='ocrx_word' id='word_1_746' title='bbox 892 2205 953 2225; x_wconf 90' lang='lat' dir='ltr'><strong>cum</strong></span> <span class='ocrx_word' id='word_1_747' title='bbox 971 2195 1168 2224; x_wconf 79' lang='lat' dir='ltr'><strong>Melchisedech</strong></span> <span class='ocrx_word' id='word_1_748' title='bbox 1191 2193 1331 2222; x_wconf 77' lang='lat' dir='ltr'><strong>benedixit</strong></span> <span class='ocrx_word' id='word_1_749' title='bbox 1355 2191 1516 2222; x_wconf 84' lang='lat' dir='ltr'><strong>Abraham,</strong></span> <span class='ocrx_word' id='word_1_750' title='bbox 1541 2193 1570 2215; x_wconf 88' lang='lat' dir='ltr'><strong>et</strong></span> 
     </span>
    </p>
   </div>
   <div class='ocr_carea' id='block_1_90' title="bbox 32 2243 730 2276">
    <p class='ocr_par' dir='ltr' id='par_1_90' title="bbox 32 2243 730 2276">
     <span class='ocr_line' id='line_1_90' title="bbox 32 2243 730 2276; baseline 0.001 -8"><span class='ocrx_word' id='word_1_751' title='bbox 32 2244 173 2270; x_wconf 83' lang='lat' dir='ltr'><strong>secundum</strong></span> <span class='ocrx_word' id='word_1_752' title='bbox 192 2244 271 2271; x_wconf 86' lang='lat' dir='ltr'><strong>ﬁdem</strong></span> <span class='ocrx_word' id='word_1_753' title='bbox 283 2263 292 2276; x_wconf 92' lang='lat'><strong>,</strong></span> <span class='ocrx_word' id='word_1_754' title='bbox 317 2251 370 2270; x_wconf 90' lang='lat' dir='ltr'><strong>non</strong></span> <span class='ocrx_word' id='word_1_755' title='bbox 395 2243 544 2270; x_wconf 86' lang='lat' dir='ltr'><strong>secundum</strong></span> <span class='ocrx_word' id='word_1_756' title='bbox 561 2250 672 2270; x_wconf 87' lang='lat' dir='ltr'><strong>caruern</strong></span> <span class='ocrx_word' id='word_1_757' title='bbox 689 2243 730 2270; x_wconf 80' lang='lat' dir='ltr'><strong>vi—</strong></span> 
     </span>
    </p>
   </div>
   <div class='ocr_carea' id='block_1_91' title="bbox 20 2287 730 2324">
    <p class='ocr_par' dir='ltr' id='par_1_91' title="bbox 20 2287 730 2324">
     <span class='ocr_line' id='line_1_91' title="bbox 20 2287 730 2324; baseline 0.006 -12"><span class='ocrx_word' id='word_1_758' title='bbox 20 2294 39 2312; x_wconf 90' lang='lat' dir='ltr'><strong>r.</strong></span> <span class='ocrx_word' id='word_1_759' title='bbox 62 2287 126 2315; x_wconf 83' lang='lat' dir='ltr'><strong>Nam</strong></span> <span class='ocrx_word' id='word_1_760' title='bbox 151 2289 238 2323; x_wconf 84' lang='lat' dir='ltr'><strong>ipsius</strong></span> <span class='ocrx_word' id='word_1_761' title='bbox 255 2289 363 2324; x_wconf 89' lang='lat' dir='ltr'><strong>quidem</strong></span> <span class='ocrx_word' id='word_1_762' title='bbox 383 2288 504 2323; x_wconf 84' lang='lat' dir='ltr'><strong>Apostoli</strong></span> <span class='ocrx_word' id='word_1_763' title='bbox 530 2293 620 2323; x_wconf 90' lang='lat' dir='ltr'><strong>potest</strong></span> <span class='ocrx_word' id='word_1_764' title='bbox 633 2293 661 2316; x_wconf 91' lang='lat' dir='ltr'><strong>et</strong></span> <span class='ocrx_word' id='word_1_765' title='bbox 686 2296 730 2316; x_wconf 49' lang='lat' dir='ltr'><strong>seu</strong></span> 
     </span>
    </p>
   </div>
   <div class='ocr_carea' id='block_1_92' title="bbox 19 2332 730 2370">
    <p class='ocr_par' dir='ltr' id='par_1_92' title="bbox 19 2332 730 2370">
     <span class='ocr_line' id='line_1_92' title="bbox 19 2332 730 2370; baseline 0.007 -11"><span class='ocrx_word' id='word_1_766' title='bbox 19 2332 64 2360; x_wconf 91' lang='lat' dir='ltr'><strong>lum</strong></span> <span class='ocrx_word' id='word_1_767' title='bbox 78 2341 186 2363; x_wconf 87' lang='lat' dir='ltr'><strong>carnem</strong></span> <span class='ocrx_word' id='word_1_768' title='bbox 205 2335 258 2363; x_wconf 86' lang='lat' dir='ltr'><strong>dici</strong></span> <span class='ocrx_word' id='word_1_769' title='bbox 274 2344 281 2362; x_wconf 95' lang='lat'>:</span> <span class='ocrx_word' id='word_1_770' title='bbox 297 2342 331 2362; x_wconf 87' lang='lat' dir='ltr'><strong>ex</strong></span> <span class='ocrx_word' id='word_1_771' title='bbox 355 2342 456 2370; x_wconf 84' lang='lat' dir='ltr'><strong>genere</strong></span> <span class='ocrx_word' id='word_1_772' title='bbox 480 2335 553 2364; x_wconf 88' lang='lat' dir='ltr'><strong>enim</strong></span> <span class='ocrx_word' id='word_1_773' title='bbox 579 2334 730 2364; x_wconf 87' lang='lat' dir='ltr'><strong>Israelitico</strong></span> 
     </span>
    </p>
   </div>
   <div class='ocr_carea' id='block_1_93' title="bbox 26 2413 418 2449">
    <p class='ocr_par' dir='ltr' id='par_1_93' title="bbox 26 2413 418 2449">
     <span class='ocr_line' id='line_1_93' title="bbox 26 2413 418 2449; baseline 0.005 -10"><span class='ocrx_word' id='word_1_774' title='bbox 26 2413 118 2442; x_wconf 87' lang='lat' dir='ltr'><strong>llabac.</strong></span> <span class='ocrx_word' id='word_1_775' title='bbox 136 2424 165 2449; x_wconf 87' lang='grc' dir='ltr'>ιι,</span> <span class='ocrx_word' id='word_1_776' title='bbox 180 2416 214 2447; x_wconf 70' lang='grc'><strong>4;</strong></span> <span class='ocrx_word' id='word_1_777' title='bbox 232 2414 312 2442; x_wconf 89' lang='lat' dir='ltr'><strong>liebr.</strong></span> <span class='ocrx_word' id='word_1_778' title='bbox 329 2422 356 2445; x_wconf 71' lang='grc' dir='ltr'>ι,</span> <span class='ocrx_word' id='word_1_779' title='bbox 373 2414 418 2441; x_wconf 82' lang='grc'><strong>58.</strong></span> 
     </span>
    </p>
   </div>
   <div class='ocr_carea' id='block_1_94' title="bbox 27 2449 584 2515">
    <p class='ocr_par' dir='ltr' id='par_1_94' title="bbox 27 2449 584 2515">
     <span class='ocr_line' id='line_1_94' title="bbox 42 2449 584 2484; baseline 0 -8"><span class='ocrx_word' id='word_1_780' title='bbox 42 2450 62 2464; x_wconf 81' lang='grc'><strong>⁸³</strong></span> <span class='ocrx_word' id='word_1_781' title='bbox 80 2452 153 2477; x_wconf 73' lang='lat' dir='ltr'><strong>Itoni.</strong></span> <span class='ocrx_word' id='word_1_782' title='bbox 169 2459 205 2482; x_wconf 83' lang='grc' dir='ltr'>ιν,</span> <span class='ocrx_word' id='word_1_783' title='bbox 225 2450 252 2477; x_wconf 74' lang='grc' dir='ltr'><strong>ὅ.</strong></span> <span class='ocrx_word' id='word_1_784' title='bbox 300 2450 323 2465; x_wconf 82' lang='grc'>⁵³</span> <span class='ocrx_word' id='word_1_785' title='bbox 340 2449 409 2477; x_wconf 87' lang='lat' dir='ltr'><strong>Gen.</strong></span> <span class='ocrx_word' id='word_1_786' title='bbox 430 2457 475 2483; x_wconf 89' lang='lat' dir='ltr'><strong>xv,</strong></span> <span class='ocrx_word' id='word_1_787' title='bbox 495 2449 511 2476; x_wconf 82' lang='grc'><strong>5</strong></span> <span class='ocrx_word' id='word_1_788' title='bbox 527 2457 584 2484; x_wconf 85' lang='lat' dir='ltr'><strong>seq.</strong></span> 
     </span>
     <span class='ocr_line' id='line_1_95' title="bbox 27 2485 124 2515; baseline 0.021 -5"><span class='ocrx_word' id='word_1_789' title='bbox 27 2485 65 2515; x_wconf 82' lang='lat' dir='ltr'><strong>l9,</strong></span> <span class='ocrx_word' id='word_1_790' title='bbox 81 2486 124 2512; x_wconf 79' lang='lat'><strong>&#39;20.</strong></span> 
     </span>
    </p>
   </div>
   <div class='ocr_carea' id='block_1_95' title="bbox 19 2538 733 2575">
    <p class='ocr_par' dir='ltr' id='par_1_95' title="bbox 19 2538 733 2575">
     <span class='ocr_line' id='line_1_96' title="bbox 19 2538 733 2575; baseline -0.003 -9"><span class='ocrx_word' id='word_1_791' title='bbox 19 2540 44 2575; x_wconf 75' lang='lat'>5)</span> <span class='ocrx_word' id='word_1_792' title='bbox 70 2542 113 2568; x_wconf 86' lang='lat' dir='ltr'><strong>Sic</strong></span> <span class='ocrx_word' id='word_1_793' title='bbox 140 2551 204 2569; x_wconf 83' lang='lat' dir='ltr'><strong>mss.</strong></span> <span class='ocrx_word' id='word_1_794' title='bbox 229 2547 255 2570; x_wconf 92' lang='lat' dir='ltr'><strong>et</strong></span> <span class='ocrx_word' id='word_1_795' title='bbox 278 2542 418 2569; x_wconf 76' lang='lat' dir='ltr'><strong>Itabanus.</strong></span> <span class='ocrx_word' id='word_1_796' title='bbox 437 2540 508 2567; x_wconf 88' lang='lat' dir='ltr'><strong>Editi</strong></span> <span class='ocrx_word' id='word_1_797' title='bbox 533 2547 653 2575; x_wconf 23' lang='lat' dir='ltr'><strong>veroat</strong></span> <span class='ocrx_word' id='word_1_798' title='bbox 676 2538 733 2575; x_wconf 72' lang='lat' dir='ltr'><strong>ipse</strong></span> 
     </span>
    </p>
   </div>
   <div class='ocr_carea' id='block_1_96' title="bbox 19 2573 733 2612">
    <p class='ocr_par' dir='ltr' id='par_1_96' title="bbox 19 2573 733 2612">
     <span class='ocr_line' id='line_1_97' title="bbox 19 2573 733 2612; baseline -0.003 -10"><span class='ocrx_word' id='word_1_799' title='bbox 19 2584 27 2599; x_wconf 58' lang='grc' dir='ltr'><strong>ιι</strong></span> <span class='ocrx_word' id='word_1_800' title='bbox 37 2573 162 2609; x_wconf 69' lang='lat' dir='ltr'><strong>praevidet</strong></span> <span class='ocrx_word' id='word_1_801' title='bbox 178 2578 240 2612; x_wconf 85' lang='lat' dir='ltr'><strong>quis</strong></span> <span class='ocrx_word' id='word_1_802' title='bbox 258 2578 283 2604; x_wconf 89' lang='lat' dir='ltr'><strong>in</strong></span> <span class='ocrx_word' id='word_1_803' title='bbox 308 2582 471 2611; x_wconf 79' lang='lat' dir='ltr'><strong>unoquoque</strong></span> <span class='ocrx_word' id='word_1_804' title='bbox 491 2574 553 2602; x_wconf 89' lang='lat' dir='ltr'><strong>ﬁdei</strong></span> <span class='ocrx_word' id='word_1_805' title='bbox 572 2574 677 2601; x_wconf 88' lang='lat' dir='ltr'><strong>habitat</strong></span> <span class='ocrx_word' id='word_1_806' title='bbox 691 2573 733 2600; x_wconf 82' lang='lat' dir='ltr'><strong>af-</strong></span> 
     </span>
    </p>
   </div>
   <div class='ocr_carea' id='block_1_97' title="bbox 21 2618 78 2636">
    <p class='ocr_par' dir='ltr' id='par_1_97' title="bbox 21 2618 78 2636">
     <span class='ocr_line' id='line_1_98' title="bbox 21 2618 78 2636; baseline 0.035 -2"><span class='ocrx_word' id='word_1_807' title='bbox 21 2618 49 2636; x_wconf 86' lang='lat' dir='ltr'><strong>IS.</strong></span> <span class='ocrx_word' id='word_1_808' title='bbox 70 2620 78 2636; x_wconf 76' lang='grc' dir='ltr'><strong>ι</strong></span> 
     </span>
    </p>
   </div>
   <div class='ocr_carea' id='block_1_98' title="bbox 19 2643 713 2679">
    <p class='ocr_par' dir='ltr' id='par_1_98' title="bbox 19 2643 713 2679">
     <span class='ocr_line' id='line_1_99' title="bbox 19 2643 713 2679; baseline 0.003 -9"><span class='ocrx_word' id='word_1_809' title='bbox 19 2644 44 2679; x_wconf 80' lang='lat'>6)</span> <span class='ocrx_word' id='word_1_810' title='bbox 57 2645 181 2674; x_wconf 78' lang='lat' dir='ltr'><strong>Notitiam</strong></span> <span class='ocrx_word' id='word_1_811' title='bbox 192 2647 276 2674; x_wconf 81' lang='lat' dir='ltr'><strong>habet.</strong></span> <span class='ocrx_word' id='word_1_812' title='bbox 289 2647 351 2674; x_wconf 68' lang='lat' dir='ltr'><strong>Haec</strong></span> <span class='ocrx_word' id='word_1_813' title='bbox 368 2646 467 2673; x_wconf 80' lang='lat' dir='ltr'><strong>desunt</strong></span> <span class='ocrx_word' id='word_1_814' title='bbox 483 2645 510 2672; x_wconf 93' lang='lat' dir='ltr'><strong>iu</strong></span> <span class='ocrx_word' id='word_1_815' title='bbox 531 2649 610 2671; x_wconf 89' lang='lat' dir='ltr'><strong>antea</strong></span> <span class='ocrx_word' id='word_1_816' title='bbox 622 2643 713 2672; x_wconf 83' lang='lat' dir='ltr'><strong>editis.</strong></span> 
     </span>
    </p>
   </div>
   <div class='ocr_carea' id='block_1_99' title="bbox 21 2679 492 2713">
    <p class='ocr_par' dir='ltr' id='par_1_99' title="bbox 21 2679 492 2713">
     <span class='ocr_line' id='line_1_100' title="bbox 21 2679 492 2713; baseline 0 -6"><span class='ocrx_word' id='word_1_817' title='bbox 21 2679 44 2713; x_wconf 78' lang='lat'>7)</span> <span class='ocrx_word' id='word_1_818' title='bbox 59 2680 157 2708; x_wconf 81' lang='lat' dir='ltr'><strong>Solum.</strong></span> <span class='ocrx_word' id='word_1_819' title='bbox 174 2682 203 2709; x_wconf 90' lang='lat' dir='ltr'><strong>In</strong></span> <span class='ocrx_word' id='word_1_820' title='bbox 214 2682 296 2708; x_wconf 84' lang='lat' dir='ltr'><strong>editis</strong></span> <span class='ocrx_word' id='word_1_821' title='bbox 308 2682 492 2708; x_wconf 81' lang='lat' dir='ltr'><strong>desideratur.</strong></span> 
     </span>
    </p>
   </div>
   <div class='ocr_carea' id='block_1_100' title="bbox 19 2713 727 2751">
    <p class='ocr_par' dir='ltr' id='par_1_100' title="bbox 19 2713 727 2751">
     <span class='ocr_line' id='line_1_101' title="bbox 19 2713 727 2751; baseline 0.001 -11"><span class='ocrx_word' id='word_1_822' title='bbox 19 2714 41 2747; x_wconf 80' lang='lat'><strong>8)</strong></span> <span class='ocrx_word' id='word_1_823' title='bbox 54 2716 121 2742; x_wconf 76' lang='lat' dir='ltr'><strong>Sicut</strong></span> <span class='ocrx_word' id='word_1_824' title='bbox 139 2725 153 2742; x_wconf 85' lang='lat' dir='ltr'><strong>e</strong></span> <span class='ocrx_word' id='word_1_825' title='bbox 167 2722 259 2744; x_wconf 82' lang='lat' dir='ltr'><strong>contra</strong></span> <span class='ocrx_word' id='word_1_826' title='bbox 276 2718 320 2743; x_wconf 84' lang='lat' dir='ltr'><strong>ubi</strong></span> <span class='ocrx_word' id='word_1_827' title='bbox 332 2716 492 2751; x_wconf 75' lang='lat' dir='ltr'><strong>delinquitur</strong></span> <span class='ocrx_word' id='word_1_828' title='bbox 505 2713 671 2751; x_wconf 62' lang='lat' dir='ltr'><strong>inﬁdelitatis</strong></span> <span class='ocrx_word' id='word_1_829' title='bbox 685 2714 727 2741; x_wconf 78' lang='lat' dir='ltr'><strong>in-</strong></span> 
     </span>
    </p>
   </div>
   <div class='ocr_carea' id='block_1_101' title="bbox 19 2749 725 2779">
    <p class='ocr_par' dir='ltr' id='par_1_101' title="bbox 19 2749 725 2779">
     <span class='ocr_line' id='line_1_102' title="bbox 19 2749 725 2779; baseline 0.001 -4"><span class='ocrx_word' id='word_1_830' title='bbox 19 2758 49 2775; x_wconf 85' lang='lat' dir='ltr'><strong>mt</strong></span> <span class='ocrx_word' id='word_1_831' title='bbox 69 2756 115 2777; x_wconf 79' lang='grc' dir='ltr'><strong>εει.</strong></span> <span class='ocrx_word' id='word_1_832' title='bbox 142 2752 187 2779; x_wconf 74' lang='lat' dir='ltr'><strong>Sic</strong></span> <span class='ocrx_word' id='word_1_833' title='bbox 208 2751 272 2778; x_wconf 87' lang='lat' dir='ltr'><strong>editi</strong></span> <span class='ocrx_word' id='word_1_834' title='bbox 287 2756 314 2778; x_wconf 84' lang='lat' dir='ltr'><strong>et</strong></span> <span class='ocrx_word' id='word_1_835' title='bbox 334 2749 413 2778; x_wconf 49' lang='lat' dir='ltr'><strong>tus-sf</strong></span> <span class='ocrx_word' id='word_1_836' title='bbox 427 2750 525 2777; x_wconf 85' lang='lat' dir='ltr'><strong>nostri.</strong></span> <span class='ocrx_word' id='word_1_837' title='bbox 550 2749 615 2776; x_wconf 84' lang='lat' dir='ltr'><strong>Mss.</strong></span> <span class='ocrx_word' id='word_1_838' title='bbox 637 2753 725 2776; x_wconf 89' lang='lat' dir='ltr'><strong>tatneu</strong></span> 
     </span>
    </p>
   </div>
   <div class='ocr_carea' id='block_1_102' title="bbox 19 2784 725 2818">
    <p class='ocr_par' dir='ltr' id='par_1_102' title="bbox 19 2784 725 2818">
     <span class='ocr_line' id='line_1_103' title="bbox 19 2784 725 2818; baseline 0 -7"><span class='ocrx_word' id='word_1_839' title='bbox 19 2792 83 2818; x_wconf 68' lang='lat' dir='ltr'><strong>Spro</strong></span> <span class='ocrx_word' id='word_1_840' title='bbox 101 2786 141 2813; x_wconf 81' lang='lat' dir='ltr'><strong>his</strong></span> <span class='ocrx_word' id='word_1_841' title='bbox 155 2786 247 2814; x_wconf 84' lang='lat' dir='ltr'><strong>verbis</strong></span> <span class='ocrx_word' id='word_1_842' title='bbox 261 2787 360 2818; x_wconf 78' lang='lat' dir='ltr'><strong>habet;</strong></span> <span class='ocrx_word' id='word_1_843' title='bbox 379 2794 389 2812; x_wconf 88' lang='grc' dir='ltr'><strong>ι</strong></span> <span class='ocrx_word' id='word_1_844' title='bbox 412 2785 580 2813; x_wconf 83' lang='lat' dir='ltr'><strong>inﬁdelitatis</strong></span> <span class='ocrx_word' id='word_1_845' title='bbox 597 2784 725 2812; x_wconf 87' lang='lat' dir='ltr'><strong>iudicium</strong></span> 
     </span>
    </p>
   </div>
   <div class='ocr_carea' id='block_1_103' title="bbox 19 2819 222 2854">
    <p class='ocr_par' dir='ltr' id='par_1_103' title="bbox 19 2819 222 2854">
     <span class='ocr_line' id='line_1_104' title="bbox 19 2819 222 2854; baseline 0.025 -10"><span class='ocrx_word' id='word_1_846' title='bbox 19 2819 48 2845; x_wconf 77' lang='lat' dir='ltr'><strong>tbi</strong></span> <span class='ocrx_word' id='word_1_847' title='bbox 61 2827 194 2854; x_wconf 84' lang='lat' dir='ltr'><strong>peccatur.</strong></span> <span class='ocrx_word' id='word_1_848' title='bbox 211 2830 222 2848; x_wconf 73' lang='grc' dir='ltr'><strong>ι</strong></span> 
     </span>
    </p>
   </div>
   <div class='ocr_carea' id='block_1_104' title="bbox 464 2414 827 2477">
    <p class='ocr_par' dir='ltr' id='par_1_104' title="bbox 464 2414 827 2477">
     <span class='ocr_line' id='line_1_105' title="bbox 464 2414 827 2446; baseline 0.003 -5"><span class='ocrx_word' id='word_1_849' title='bbox 464 2414 487 2430; x_wconf 78' lang='grc'><strong>⁸⁸</strong></span> <span class='ocrx_word' id='word_1_850' title='bbox 500 2414 519 2441; x_wconf 90' lang='lat' dir='ltr'><strong>Il</strong></span> <span class='ocrx_word' id='word_1_851' title='bbox 534 2415 596 2442; x_wconf 88' lang='lat' dir='ltr'><strong>Cor.</strong></span> <span class='ocrx_word' id='word_1_852' title='bbox 612 2422 649 2445; x_wconf 82' lang='lat' dir='ltr'><strong>VI.</strong></span> <span class='ocrx_word' id='word_1_853' title='bbox 663 2414 705 2446; x_wconf 74' lang='grc' dir='ltr'><strong>Ην.</strong></span> <span class='ocrx_word' id='word_1_854' title='bbox 723 2414 766 2445; x_wconf 79' lang='lat' dir='ltr'><strong>l5,</strong></span> <span class='ocrx_word' id='word_1_855' title='bbox 816 2416 827 2429; x_wconf 80' lang='grc'>⁸</span> 
     </span>
     <span class='ocr_line' id='line_1_106' title="bbox 467 2448 827 2477; baseline 0 -1"><span class='ocrx_word' id='word_1_856' title='bbox 467 2469 475 2477; x_wconf 90' lang='grc'>.</span> <span class='ocrx_word' id='word_1_857' title='bbox 495 2449 511 2476; x_wconf 82' lang='grc'><strong>5</strong></span> <span class='ocrx_word' id='word_1_858' title='bbox 527 2457 584 2477; x_wconf 86' lang='lat' dir='ltr'><strong>seu.</strong></span> <span class='ocrx_word' id='word_1_859' title='bbox 632 2449 654 2465; x_wconf 77' lang='grc'><strong>¹¹⁸</strong></span> <span class='ocrx_word' id='word_1_860' title='bbox 669 2449 737 2477; x_wconf 83' lang='lat' dir='ltr'><strong>Gen.</strong></span> <span class='ocrx_word' id='word_1_861' title='bbox 753 2448 827 2477; x_wconf 66' lang='lat' dir='ltr'><strong>nni</strong></span> 
     </span>
    </p>
   </div>
   <div class='ocr_carea' id='block_1_105' title="bbox 693 2459 840 2482">
    <p class='ocr_par' dir='ltr' id='par_1_105' title="bbox 693 2459 840 2482">
     <span class='ocr_line' id='line_1_107' title="bbox 693 2459 840 2482; baseline 0 -6"><span class='ocrx_word' id='word_1_862' title='bbox 693 2459 737 2476; x_wconf 69' lang='lat' dir='ltr'><strong>Cll.</strong></span> <span class='ocrx_word' id='word_1_863' title='bbox 754 2459 802 2482; x_wconf 73' lang='lat' dir='ltr'><strong>Ill,</strong></span> <span class='ocrx_word' id='word_1_864' title='bbox 814 2459 840 2476; x_wconf 85' lang='lat' dir='ltr'><strong>&#39;l.</strong></span> 
     </span>
    </p>
   </div>
   <div class='ocr_carea' id='block_1_106' title="bbox 782 2234 1570 2271">
    <p class='ocr_par' dir='ltr' id='par_1_106' title="bbox 782 2234 1570 2271">
     <span class='ocr_line' id='line_1_108' title="bbox 782 2234 1570 2271; baseline -0.014 0"><span class='ocrx_word' id='word_1_865' title='bbox 782 2244 820 2271; x_wconf 91' lang='lat' dir='ltr'><strong>ait</strong></span> <span class='ocrx_word' id='word_1_866' title='bbox 836 2253 842 2271; x_wconf 94' lang='lat'>:</span> <span class='ocrx_word' id='word_1_867' title='bbox 859 2252 869 2269; x_wconf 79' lang='grc' dir='ltr'><strong>ι</strong></span> <span class='ocrx_word' id='word_1_868' title='bbox 885 2243 1048 2271; x_wconf 87' lang='lat' dir='ltr'><strong>Benedictus</strong></span> <span class='ocrx_word' id='word_1_869' title='bbox 1060 2242 1199 2269; x_wconf 82' lang='lat' dir='ltr'><strong>Abraham</strong></span> <span class='ocrx_word' id='word_1_870' title='bbox 1217 2239 1272 2266; x_wconf 89' lang='lat' dir='ltr'><strong>Deo</strong></span> <span class='ocrx_word' id='word_1_871' title='bbox 1283 2238 1392 2265; x_wconf 81' lang='lat' dir='ltr'><strong>excelso</strong></span> <span class='ocrx_word' id='word_1_872' title='bbox 1407 2236 1454 2271; x_wconf 90' lang='lat' dir='ltr'><strong>qui</strong></span> <span class='ocrx_word' id='word_1_873' title='bbox 1467 2234 1570 2263; x_wconf 87' lang='lat' dir='ltr'><strong>creavit</strong></span> 
     </span>
    </p>
   </div>
   <div class='ocr_carea' id='block_1_107' title="bbox 784 2281 1569 2318">
    <p class='ocr_par' dir='ltr' id='par_1_107' title="bbox 784 2281 1569 2318">
     <span class='ocr_line' id='line_1_109' title="bbox 784 2281 1569 2318; baseline -0.015 -1"><span class='ocrx_word' id='word_1_874' title='bbox 784 2289 885 2318; x_wconf 74' lang='lat' dir='ltr'><strong>omium</strong></span> <span class='ocrx_word' id='word_1_875' title='bbox 903 2293 930 2316; x_wconf 90' lang='lat' dir='ltr'><strong>et</strong></span> <span class='ocrx_word' id='word_1_876' title='bbox 955 2293 1057 2316; x_wconf 87' lang='lat' dir='ltr'><strong>terram</strong></span> <span class='ocrx_word' id='word_1_877' title='bbox 1075 2296 1083 2315; x_wconf 86' lang='lat'><strong>:</strong></span> <span class='ocrx_word' id='word_1_878' title='bbox 1102 2293 1130 2314; x_wconf 88' lang='lat' dir='ltr'><strong>et</strong></span> <span class='ocrx_word' id='word_1_879' title='bbox 1154 2285 1315 2313; x_wconf 84' lang='lat' dir='ltr'><strong>benedictus</strong></span> <span class='ocrx_word' id='word_1_880' title='bbox 1337 2282 1410 2310; x_wconf 86' lang='lat' dir='ltr'><strong>Deus</strong></span> <span class='ocrx_word' id='word_1_881' title='bbox 1425 2281 1569 2311; x_wconf 84' lang='lat' dir='ltr'><strong>excelsus,</strong></span> 
     </span>
    </p>
   </div>
   <div class='ocr_carea' id='block_1_108' title="bbox 784 2325 1570 2370">
    <p class='ocr_par' dir='ltr' id='par_1_108' title="bbox 784 2325 1570 2370">
     <span class='ocr_line' id='line_1_110' title="bbox 784 2325 1570 2370; baseline -0.013 -8"><span class='ocrx_word' id='word_1_882' title='bbox 784 2335 831 2370; x_wconf 87' lang='lat' dir='ltr'><strong>qui</strong></span> <span class='ocrx_word' id='word_1_883' title='bbox 850 2333 962 2362; x_wconf 87' lang='lat' dir='ltr'><strong>tradidit</strong></span> <span class='ocrx_word' id='word_1_884' title='bbox 976 2333 1104 2361; x_wconf 84' lang='lat' dir='ltr'><strong>inimicos</strong></span> <span class='ocrx_word' id='word_1_885' title='bbox 1119 2331 1178 2366; x_wconf 86' lang='lat' dir='ltr'><strong>ejus</strong></span> <span class='ocrx_word' id='word_1_886' title='bbox 1190 2331 1216 2358; x_wconf 94' lang='lat' dir='ltr'><strong>in</strong></span> <span class='ocrx_word' id='word_1_887' title='bbox 1231 2329 1355 2357; x_wconf 88' lang='lat' dir='ltr'><strong>manibus</strong></span> <span class='ocrx_word' id='word_1_888' title='bbox 1368 2327 1427 2362; x_wconf 88' lang='lat' dir='ltr'><strong>ejus</strong></span> <span class='ocrx_word' id='word_1_889' title='bbox 1440 2327 1462 2343; x_wconf 86' lang='lat'>&quot;</span> <span class='ocrx_word' id='word_1_890' title='bbox 1477 2326 1489 2353; x_wconf 76' lang='grc' dir='ltr'><strong><em>τ</em></strong></span> <span class='ocrx_word' id='word_1_891' title='bbox 1504 2335 1513 2352; x_wconf 84' lang='grc' dir='ltr'><strong>ι</strong></span> <span class='ocrx_word' id='word_1_892' title='bbox 1529 2325 1570 2353; x_wconf 78' lang='lat' dir='ltr'><strong>Ex</strong></span> 
     </span>
    </p>
   </div>
   <div class='ocr_carea' id='block_1_109' title="bbox 1389 2407 1569 2440">
    <p class='ocr_par' dir='ltr' id='par_1_109' title="bbox 1389 2407 1569 2440">
     <span class='ocr_line' id='line_1_111' title="bbox 1389 2407 1569 2440; baseline -0.006 -6"><span class='ocrx_word' id='word_1_893' title='bbox 1389 2409 1410 2424; x_wconf 80' lang='grc'><strong>⁵¹</strong></span> <span class='ocrx_word' id='word_1_894' title='bbox 1427 2407 1434 2434; x_wconf 97' lang='lat' dir='ltr'><strong>l</strong></span> <span class='ocrx_word' id='word_1_895' title='bbox 1451 2408 1515 2434; x_wconf 70' lang='lat' dir='ltr'><strong>(Sor.</strong></span> <span class='ocrx_word' id='word_1_896' title='bbox 1530 2415 1569 2440; x_wconf 84' lang='lat' dir='ltr'><strong>Iv,</strong></span> 
     </span>
    </p>
   </div>
   <div class='ocr_carea' id='block_1_110' title="bbox 1463 2443 1568 2470">
    <p class='ocr_par' dir='ltr' id='par_1_110' title="bbox 1463 2443 1568 2470">
     <span class='ocr_line' id='line_1_112' title="bbox 1463 2443 1568 2470; baseline 0 -1"><span class='ocrx_word' id='word_1_897' title='bbox 1463 2443 1485 2459; x_wconf 87' lang='grc'><strong>⁸⁷</strong></span> <span class='ocrx_word' id='word_1_898' title='bbox 1500 2443 1568 2470; x_wconf 84' lang='lat' dir='ltr'><strong>Gen.</strong></span> 
     </span>
    </p>
   </div>
   <div class='ocr_carea' id='block_1_111' title="bbox 1131 2409 1342 2441">
    <p class='ocr_par' dir='ltr' id='par_1_111' title="bbox 1131 2409 1342 2441">
     <span class='ocr_line' id='line_1_113' title="bbox 1131 2409 1342 2441; baseline -0.014 -3"><span class='ocrx_word' id='word_1_899' title='bbox 1131 2412 1154 2428; x_wconf 82' lang='lat'><strong>&#39;°</strong></span> <span class='ocrx_word' id='word_1_900' title='bbox 1167 2411 1247 2438; x_wconf 75' lang='lat' dir='ltr'><strong>Rom.</strong></span> <span class='ocrx_word' id='word_1_901' title='bbox 1260 2417 1296 2441; x_wconf 87' lang='lat' dir='ltr'><strong>tv,</strong></span> <span class='ocrx_word' id='word_1_902' title='bbox 1316 2409 1342 2435; x_wconf 80' lang='lat' dir='ltr'><strong>l.</strong></span> 
     </span>
    </p>
   </div>
   <div class='ocr_carea' id='block_1_112' title="bbox 816 2413 1411 2471">
    <p class='ocr_par' dir='ltr' id='par_1_112' title="bbox 816 2413 1411 2471">
     <span class='ocr_line' id='line_1_114' title="bbox 816 2413 1410 2445; baseline -0.01 -5"><span class='ocrx_word' id='word_1_903' title='bbox 816 2415 838 2430; x_wconf 66' lang='lat'><strong>‘9</strong></span> <span class='ocrx_word' id='word_1_904' title='bbox 850 2413 910 2441; x_wconf 79' lang='lat' dir='ltr'><strong>Jac.</strong></span> <span class='ocrx_word' id='word_1_905' title='bbox 926 2421 955 2445; x_wconf 87' lang='lat' dir='ltr'><strong>It,</strong></span> <span class='ocrx_word' id='word_1_906' title='bbox 968 2413 1014 2442; x_wconf 75' lang='lat' dir='ltr'><strong>2i.</strong></span> <span class='ocrx_word' id='word_1_907' title='bbox 1029 2413 1073 2440; x_wconf 65' lang='grc' dir='ltr'><strong>Ἦ.</strong></span> <span class='ocrx_word' id='word_1_908' title='bbox 1131 2413 1154 2428; x_wconf 76' lang='grc' dir='ltr'><strong><em>⁸ο</em></strong></span> <span class='ocrx_word' id='word_1_909' title='bbox 1167 2413 1247 2438; x_wconf 77' lang='lat' dir='ltr'><strong>Rom.</strong></span> <span class='ocrx_word' id='word_1_910' title='bbox 1260 2417 1296 2441; x_wconf 87' lang='lat' dir='ltr'><strong>tv,</strong></span> <span class='ocrx_word' id='word_1_911' title='bbox 1316 2413 1342 2435; x_wconf 79' lang='grc' dir='ltr'><strong>Ι.</strong></span> <span class='ocrx_word' id='word_1_912' title='bbox 1389 2413 1410 2424; x_wconf 75' lang='grc' dir='ltr'>οι</span> 
     </span>
     <span class='ocr_line' id='line_1_115' title="bbox 816 2443 1411 2471; baseline -0.002 0"><span class='ocrx_word' id='word_1_913' title='bbox 816 2448 826 2471; x_wconf 84' lang='grc' dir='ltr'><strong>Ι</strong></span> <span class='ocrx_word' id='word_1_914' title='bbox 891 2448 914 2464; x_wconf 78' lang='grc'><strong><em>⁸⁵</em></strong></span> <span class='ocrx_word' id='word_1_915' title='bbox 934 2448 1003 2471; x_wconf 65' lang='lat' dir='ltr'><strong>Gen.</strong></span> <span class='ocrx_word' id='word_1_916' title='bbox 1021 2455 1079 2471; x_wconf 78' lang='lat' dir='ltr'><strong>xm.</strong></span> <span class='ocrx_word' id='word_1_917' title='bbox 1093 2447 1137 2471; x_wconf 61' lang='lat' dir='ltr'><strong>IL.</strong></span> <span class='ocrx_word' id='word_1_918' title='bbox 1155 2447 1198 2471; x_wconf 64' lang='lat' dir='ltr'><strong>lii.</strong></span> <span class='ocrx_word' id='word_1_919' title='bbox 1247 2445 1271 2461; x_wconf 77' lang='lat'>&quot;</span> <span class='ocrx_word' id='word_1_920' title='bbox 1285 2444 1349 2471; x_wconf 82' lang='lat' dir='ltr'><strong>ibid.</strong></span> <span class='ocrx_word' id='word_1_921' title='bbox 1368 2443 1411 2470; x_wconf 76' lang='grc'><strong>18.</strong></span> 
     </span>
    </p>
   </div>
   <div class='ocr_carea' id='block_1_113' title="bbox 891 2447 1198 2480">
    <p class='ocr_par' dir='ltr' id='par_1_113' title="bbox 891 2447 1198 2480">
     <span class='ocr_line' id='line_1_116' title="bbox 891 2447 1198 2480; baseline -0.007 -5"><span class='ocrx_word' id='word_1_922' title='bbox 891 2448 914 2464; x_wconf 79' lang='grc'><strong><em>⁸⁵</em></strong></span> <span class='ocrx_word' id='word_1_923' title='bbox 934 2448 1003 2475; x_wconf 83' lang='lat' dir='ltr'><strong>Gen.</strong></span> <span class='ocrx_word' id='word_1_924' title='bbox 1021 2455 1079 2479; x_wconf 77' lang='lat' dir='ltr'><strong>xm,</strong></span> <span class='ocrx_word' id='word_1_925' title='bbox 1093 2447 1138 2480; x_wconf 73' lang='grc' dir='ltr'><strong><em>Η,</em></strong></span> <span class='ocrx_word' id='word_1_926' title='bbox 1155 2447 1198 2474; x_wconf 61' lang='grc' dir='ltr'>ιιι.</span> 
     </span>
    </p>
   </div>
   <div class='ocr_carea' id='block_1_114' title="bbox 823 2535 1568 2572">
    <p class='ocr_par' dir='ltr' id='par_1_114' title="bbox 823 2535 1568 2572">
     <span class='ocr_line' id='line_1_117' title="bbox 823 2535 1568 2572; baseline -0.003 -8"><span class='ocrx_word' id='word_1_927' title='bbox 823 2536 879 2572; x_wconf 74' lang='lat'>(29)</span> <span class='ocrx_word' id='word_1_928' title='bbox 908 2536 978 2564; x_wconf 83' lang='lat' dir='ltr'><strong>Editi</strong></span> <span class='ocrx_word' id='word_1_929' title='bbox 995 2545 1002 2563; x_wconf 72' lang='grc' dir='ltr'><em>τ</em></span> <span class='ocrx_word' id='word_1_930' title='bbox 1019 2535 1065 2563; x_wconf 86' lang='lat' dir='ltr'><strong>alii</strong></span> <span class='ocrx_word' id='word_1_931' title='bbox 1082 2545 1091 2562; x_wconf 76' lang='grc' dir='ltr'><strong>ι</strong></span> <span class='ocrx_word' id='word_1_932' title='bbox 1106 2537 1252 2572; x_wconf 67' lang='lat' dir='ltr'><strong>nominat,</strong></span> <span class='ocrx_word' id='word_1_933' title='bbox 1270 2545 1282 2562; x_wconf 73' lang='grc' dir='ltr'><strong>ι</strong></span> <span class='ocrx_word' id='word_1_934' title='bbox 1302 2536 1346 2563; x_wconf 81' lang='lat' dir='ltr'><strong>alii</strong></span> <span class='ocrx_word' id='word_1_935' title='bbox 1372 2544 1381 2561; x_wconf 81' lang='grc' dir='ltr'><strong>ι</strong></span> <span class='ocrx_word' id='word_1_936' title='bbox 1402 2536 1568 2567; x_wconf 59' lang='grc' dir='ltr'>ιιοιιιῑιιτιιθμ</span> 
     </span>
    </p>
   </div>
   <div class='ocr_carea' id='block_1_115' title="bbox 785 2570 1571 2614">
    <p class='ocr_par' dir='ltr' id='par_1_115' title="bbox 785 2570 1571 2614">
     <span class='ocr_line' id='line_1_118' title="bbox 785 2570 1571 2614; baseline -0.005 -14"><span class='ocrx_word' id='word_1_937' title='bbox 785 2570 891 2614; x_wconf 68' lang='lat' dir='ltr'><strong>omisso</strong></span> <span class='ocrx_word' id='word_1_938' title='bbox 916 2581 925 2598; x_wconf 76' lang='grc' dir='ltr'><strong>ι</strong></span> <span class='ocrx_word' id='word_1_939' title='bbox 954 2571 1053 2614; x_wconf 71' lang='lat' dir='ltr'><strong>potuit.</strong></span> <span class='ocrx_word' id='word_1_940' title='bbox 1075 2580 1084 2597; x_wconf 72' lang='grc' dir='ltr'><strong>ι</strong></span> <span class='ocrx_word' id='word_1_941' title='bbox 1105 2570 1169 2612; x_wconf 76' lang='lat' dir='ltr'><strong>Mss.</strong></span> <span class='ocrx_word' id='word_1_942' title='bbox 1189 2579 1258 2612; x_wconf 76' lang='lat' dir='ltr'><strong>unus</strong></span> <span class='ocrx_word' id='word_1_943' title='bbox 1276 2572 1356 2598; x_wconf 83' lang='lat' dir='ltr'><strong>habet</strong></span> <span class='ocrx_word' id='word_1_944' title='bbox 1373 2580 1382 2597; x_wconf 80' lang='grc' dir='ltr'><strong>ι</strong></span> <span class='ocrx_word' id='word_1_945' title='bbox 1405 2572 1472 2598; x_wconf 88' lang='lat' dir='ltr'><strong>solet</strong></span> <span class='ocrx_word' id='word_1_946' title='bbox 1492 2579 1502 2596; x_wconf 80' lang='grc' dir='ltr'><strong>ι</strong></span> <span class='ocrx_word' id='word_1_947' title='bbox 1522 2578 1571 2605; x_wconf 85' lang='lat' dir='ltr'><strong>pro</strong></span> 
     </span>
    </p>
   </div>
   <div class='ocr_carea' id='block_1_116' title="bbox 789 2606 1572 2680">
    <p class='ocr_par' dir='ltr' id='par_1_116' title="bbox 789 2606 1572 2680">
     <span class='ocr_line' id='line_1_119' title="bbox 789 2606 1280 2643; baseline -0.004 -9"><span class='ocrx_word' id='word_1_948' title='bbox 789 2617 800 2634; x_wconf 73' lang='grc' dir='ltr'><strong>σ</strong></span> <span class='ocrx_word' id='word_1_949' title='bbox 817 2608 915 2643; x_wconf 87' lang='lat' dir='ltr'><strong>potttil.</strong></span> <span class='ocrx_word' id='word_1_950' title='bbox 935 2616 944 2632; x_wconf 83' lang='grc' dir='ltr'><strong>ι</strong></span> <span class='ocrx_word' id='word_1_951' title='bbox 959 2606 1047 2639; x_wconf 86' lang='lat' dir='ltr'><strong>Alter,</strong></span> <span class='ocrx_word' id='word_1_952' title='bbox 1060 2615 1069 2631; x_wconf 71' lang='grc' dir='ltr'><strong>ε</strong></span> <span class='ocrx_word' id='word_1_953' title='bbox 1087 2606 1248 2633; x_wconf 77' lang='lat' dir='ltr'><strong>norninavit.</strong></span> <span class='ocrx_word' id='word_1_954' title='bbox 1270 2615 1280 2632; x_wconf 71' lang='grc' dir='ltr'><strong>ι</strong></span> 
     </span>
     <span class='ocr_line' id='line_1_120' title="bbox 789 2640 1572 2680; baseline -0.003 -12"><span class='ocrx_word' id='word_1_955' title='bbox 789 2677 794 2680; x_wconf 18' lang='grc' dir='ltr'><strong>μ</strong></span> <span class='ocrx_word' id='word_1_956' title='bbox 823 2642 881 2680; x_wconf 75' lang='lat'>(50)</span> <span class='ocrx_word' id='word_1_957' title='bbox 895 2641 967 2680; x_wconf 73' lang='lat' dir='ltr'><strong>Editi</strong></span> <span class='ocrx_word' id='word_1_958' title='bbox 980 2650 1026 2680; x_wconf 38' lang='grc' dir='ltr'>,Νι</span> <span class='ocrx_word' id='word_1_959' title='bbox 1043 2649 1076 2668; x_wconf 87' lang='lat' dir='ltr'><strong>ex</strong></span> <span class='ocrx_word' id='word_1_960' title='bbox 1096 2640 1301 2680; x_wconf 78' lang='lat' dir='ltr'><strong>iibr_is_Gcn_esis</strong></span> <span class='ocrx_word' id='word_1_961' title='bbox 1324 2640 1466 2680; x_wconf 61' lang='lat' dir='ltr'><strong>sumitur,</strong></span> <span class='ocrx_word' id='word_1_962' title='bbox 1487 2647 1520 2666; x_wconf 82' lang='lat' dir='ltr'><strong>ex</strong></span> <span class='ocrx_word' id='word_1_963' title='bbox 1537 2645 1572 2666; x_wconf 79' lang='lat' dir='ltr'><strong>eo</strong></span> 
     </span>
    </p>
   </div>
   <div class='ocr_carea' id='block_1_117' title="bbox 787 2675 1568 2709">
    <p class='ocr_par' dir='ltr' id='par_1_117' title="bbox 787 2675 1568 2709">
     <span class='ocr_line' id='line_1_121' title="bbox 787 2675 1568 2709; baseline -0.005 -5"><span class='ocrx_word' id='word_1_964' title='bbox 787 2675 900 2705; x_wconf 35' lang='lat' dir='ltr'><strong>loc‘on’bi</strong></span> <span class='ocrx_word' id='word_1_965' title='bbox 915 2684 967 2704; x_wconf 90' lang='lat' dir='ltr'><strong>non</strong></span> <span class='ocrx_word' id='word_1_966' title='bbox 982 2676 1098 2709; x_wconf 86' lang='lat' dir='ltr'><strong>Abram,</strong></span> <span class='ocrx_word' id='word_1_967' title='bbox 1109 2676 1155 2703; x_wconf 89' lang='lat' dir='ltr'><strong>sed</strong></span> <span class='ocrx_word' id='word_1_968' title='bbox 1170 2676 1308 2703; x_wconf 88' lang='lat' dir='ltr'><strong>Abraham</strong></span> <span class='ocrx_word' id='word_1_969' title='bbox 1319 2675 1386 2702; x_wconf 84' lang='lat' dir='ltr'><strong>dicit</strong></span> <span class='ocrx_word' id='word_1_970' title='bbox 1399 2675 1432 2701; x_wconf 88' lang='lat' dir='ltr'><strong>ad</strong></span> <span class='ocrx_word' id='word_1_971' title='bbox 1450 2676 1544 2708; x_wconf 79' lang='lat' dir='ltr'><strong>Deum,</strong></span> <span class='ocrx_word' id='word_1_972' title='bbox 1558 2683 1568 2699; x_wconf 75' lang='grc' dir='ltr'><strong>ι</strong></span> 
     </span>
    </p>
   </div>
   <div class='ocr_carea' id='block_1_118' title="bbox 780 2712 1220 2782">
    <p class='ocr_par' dir='ltr' id='par_1_118' title="bbox 780 2712 1220 2782">
     <span class='ocr_line' id='line_1_122' title="bbox 780 2712 929 2741; baseline 0 -1"><span class='ocrx_word' id='word_1_973' title='bbox 780 2719 833 2741; x_wconf 88' lang='lat' dir='ltr'><strong>etc.</strong></span> <span class='ocrx_word' id='word_1_974' title='bbox 850 2712 929 2740; x_wconf 81' lang='lat' dir='ltr'><strong>Male.</strong></span> 
     </span>
     <span class='ocr_line' id='line_1_123' title="bbox 816 2745 1220 2782; baseline -0.007 -7"><span class='ocrx_word' id='word_1_975' title='bbox 816 2748 874 2782; x_wconf 77' lang='lat' dir='ltr'>(3t)</span> <span class='ocrx_word' id='word_1_976' title='bbox 893 2747 971 2782; x_wconf 62' lang='lat' dir='ltr'><strong>Eum.</strong></span> <span class='ocrx_word' id='word_1_977' title='bbox 987 2745 1067 2782; x_wconf 77' lang='lat' dir='ltr'><strong>Deest</strong></span> <span class='ocrx_word' id='word_1_978' title='bbox 1085 2746 1113 2774; x_wconf 85' lang='lat' dir='ltr'><strong>in</strong></span> <span class='ocrx_word' id='word_1_979' title='bbox 1130 2745 1220 2773; x_wconf 85' lang='lat' dir='ltr'><strong>editis.</strong></span> 
     </span>
    </p>
   </div>
   <div class='ocr_carea' id='block_1_119' title="bbox 821 2776 1568 2818">
    <p class='ocr_par' dir='ltr' id='par_1_119' title="bbox 821 2776 1568 2818">
     <span class='ocr_line' id='line_1_124' title="bbox 821 2776 1568 2818; baseline -0.007 -9"><span class='ocrx_word' id='word_1_980' title='bbox 821 2776 884 2818; x_wconf 57' lang='grc' dir='ltr'>(δέ)</span> <span class='ocrx_word' id='word_1_981' title='bbox 913 2780 1018 2809; x_wconf 80' lang='lat' dir='ltr'><strong>Gratia.</strong></span> <span class='ocrx_word' id='word_1_982' title='bbox 1046 2781 1074 2809; x_wconf 89' lang='lat' dir='ltr'><strong>In</strong></span> <span class='ocrx_word' id='word_1_983' title='bbox 1101 2785 1180 2808; x_wconf 83' lang='lat' dir='ltr'><strong>antea</strong></span> <span class='ocrx_word' id='word_1_984' title='bbox 1210 2780 1290 2809; x_wconf 85' lang='lat' dir='ltr'><strong>editis</strong></span> <span class='ocrx_word' id='word_1_985' title='bbox 1316 2779 1473 2808; x_wconf 84' lang='lat' dir='ltr'><strong>omittitur.</strong></span> <span class='ocrx_word' id='word_1_986' title='bbox 1502 2776 1568 2809; x_wconf 82' lang='lat' dir='ltr'><strong>AL,</strong></span> 
     </span>
    </p>
   </div>
   <div class='ocr_carea' id='block_1_120' title="bbox 782 2825 933 2846">
    <p class='ocr_par' dir='ltr' id='par_1_120' title="bbox 782 2825 933 2846">
     <span class='ocr_line' id='line_1_125' title="bbox 782 2825 933 2846; baseline -0.007 -2"><span class='ocrx_word' id='word_1_987' title='bbox 782 2827 792 2844; x_wconf 73' lang='grc' dir='ltr'><strong>ε</strong></span> <span class='ocrx_word' id='word_1_988' title='bbox 810 2825 904 2846; x_wconf 82' lang='lat' dir='ltr'><strong>causa.</strong></span> <span class='ocrx_word' id='word_1_989' title='bbox 923 2826 933 2843; x_wconf 71' lang='lat' dir='ltr'><em>D</em></span> 
     </span>
    </p>
   </div>
  </div>
