1833 3049
278 120 332 157 "965

1014 129 1173 157 ORIGENIS
1810 137 1817 162 ς

281 187 380 221 quibus
391 187 515 212 omnibus
527 186 663 220 colligitur
678 188 749 221 quod
765 189 790 214 in
805 188 846 214 his
866 187 980 223 singulis
1000 188 1066 214 fides
1082 189 1102 217 Α
1117 191 1144 214 et
1161 186 1305 221 largitione
1321 187 1463 215 faciamus.
1482 188 1559 222 Quod
1586 196 1654 225 ergo
1669 190 1714 217 erit
1730 191 1812 218 debim

281 233 388 266 quidem
403 231 484 258 fuerit
496 232 623 263 Abralnr,
639 234 686 259 sed
698 242 729 260 ex
754 238 830 268 parte
844 243 850 265 ;
875 234 901 260 in
916 241 949 260 eo
973 234 1063 260 autem

282 277 325 302 ubi
353 277 463 307 dicitur,
478 276 539 310 quia
565 276 630 304 ﬁdcs
646 280 704 311 ejus
719 283 840 313 reputata
861 283 902 305 est
926 278 957 305 ad
982 278 1063 311 justi-

282 322 345 346 tiam
362 321 396 352 ⁸⁸,
410 321 474 347 ﬁdes
493 321 608 354 perfecta
623 323 784 349 declaretur.
801 323 876 350 Sicut
891 324 962 350 enim
975 324 1063 350 scicn-

283 366 347 392 Iiam
367 372 391 392 et
416 366 586 401 prophetiam
607 375 637 394 ex
661 374 736 401 parte
752 368 814 394 dicit
834 376 893 395 esse
910 368 1064 402 Apostolus,

281 419 309 439 ct
327 420 434 439 rursum
451 412 517 439 dicit
533 421 593 439 esse
607 413 755 447 perfectam
769 414 794 440 in
810 421 842 439 co
856 422 915 439 cum
925 413 1063 440 scribit":

284 468 293 483 ι
313 459 349 485 Ex
367 463 442 492 parte
457 459 567 487 scimus.
587 465 614 485 et
631 467 662 486 cx
679 465 757 494 parte
777 459 987 491 prophetamus:
1003 469 1062 487 cum

274 509 370 539 autem
385 503 490 530 venerit
516 504 588 537 quod
611 504 760 537 perfectum
782 510 834 536 est,
847 505 1019 532 destruentur
1033 514 1062 533 ea

280 557 340 584 quae
353 557 384 576 ex
402 555 480 583 parte
505 555 568 576 sunt
595 550 650 583 (55)
666 559 672 576 :
693 559 701 574 ι
719 551 754 576 ita
775 554 802 576 et
825 551 904 576 ﬁdem
922 559 1064 585 possumus

284 594 436 629 intelligere
457 603 517 621 esse
541 594 685 629 aliquando
708 603 739 621 cx
765 601 860 629 parte,
879 601 905 622 et
920 596 1064 630 aliquauth

281 639 444 673 perfectam.
474 639 508 668 Ut
535 645 626 667 autem
651 641 723 675 quod
749 641 865 667 dicimus
890 641 950 668 aliis
977 642 1064 669 adhttc

272 685 430 722 Scriptum
455 691 557 712 sancm
586 685 750 712 testimoniis
774 685 925 717 muniatur,
945 687 1008 712 audi
1037 687 1062 713 in

281 730 427 765 Evangelia
443 731 474 756 ad
498 731 640 757 Dominum
657 730 781 758 dicentes
798 731 938 764 apostolos
955 741 961 758 :
983 741 992 756 ‹
1013 732 1064 758 Do-

281 777 365 809 mine,
381 784 448 811 auge
464 776 542 802 nobis
556 776 671 803 fidem".
689 785 698 801 ι
717 775 810 802 Nonne
823 783 872 810 per
887 777 1064 804 hmceriden-

281 826 323 848 ter
338 822 485 848 ostendunt
498 821 600 851 habere
613 829 642 848 se
656 821 765 855 quidem
792 821 870 849 ﬁdetn
881 843 887 852 .
911 823 958 849 sed
981 823 1061 850 talem

278 876 338 903 qum
355 872 445 901 egeret
461 867 629 902 augmento?
645 866 696 893 Sed
713 871 741 894 et
763 868 820 902 ipse
836 869 974 901 apostolus
991 868 1061 896 Pau-
1079 857 1099 884 Β

279 914 321 940 lus
341 921 402 940 eum
425 914 501 945 dicit,
522 922 530 938 ι
554 912 583 939 Si
608 913 722 939 habeam
739 919 845 939 onmem
863 914 953 946 fidem,
972 914 1008 940 ita
1032 919 1061 941 ut

280 965 385 986 montes
402 959 564 986 transferam
582 960 614 991 ει,
631 969 640 985 ι
657 967 764 987 onmem
780 967 840 986 cum
857 959 933 991 dicit,
951 967 981 986 ex
998 967 1061 994 par-

279 1005 350 1030 libus
366 1009 449 1030 totam
465 1004 543 1030 docet
569 1011 630 1030 esse.
654 1004 843 1038 compositam.
871 1002 962 1037 Neque
988 1003 1059 1030 enim

278 1058 356 1077 omne
375 1055 463 1084 potest
479 1050 624 1080 nominari.
638 1050 683 1076 ubi
699 1054 745 1075 aut
756 1049 897 1084 qualitatis
913 1054 958 1076 aut
974 1057 1060 1084 quan-

278 1095 363 1122 titatis
377 1095 521 1122 diversitas
536 1103 589 1121 non
617 1094 675 1129 (δι)
692 1098 746 1123 est.
761 1094 875 1121 Videtur
889 1101 954 1129 ergo
978 1095 1059 1122 etiam

277 1142 303 1168 in
322 1141 447 1176 pra-scuti
465 1140 524 1166 loco
538 1148 596 1166 cum
617 1139 706 1166 intritae
723 1140 788 1166 fides
806 1139 921 1167 Abrahm
939 1147 1058 1175 pratces-

277 1187 361 1214 seriut
376 1194 423 1219 per
438 1185 542 1220 singula
568 1192 681 1220 qumque
707 1193 766 1220 qua:
788 1192 821 1212 ex
847 1190 922 1219 parte
936 1186 1060 1219 superius

277 1232 497 1263 memoravimus,
516 1231 542 1257 in
560 1232 611 1258 hoc
627 1238 696 1257 nttnc
709 1231 833 1258 universa
850 1232 915 1258 fides
930 1231 989 1265 ejus
1000 1238 1060 1259 esse

276 1278 403 1308 collecta,
422 1282 448 1303 et
463 1277 498 1303 ita
524 1276 549 1303 ei
568 1277 600 1303 ad
616 1275 750 1310 justitiam
770 1281 905 1311 rcputata.
920 1277 979 1304 .lam
994 1285 1060 1305 sane

275 1322 470 1351 considerabis.
489 1323 560 1349 sicut
579 1321 612 1348 de
628 1320 681 1348 fide
697 1321 797 1348 dictum
809 1326 850 1348 est
862 1322 924 1356 quia
937 1327 1058 1356 reputata

275 1373 317 1395 est
329 1369 352 1394 ci
371 1369 404 1395 ad
431 1368 565 1399 justitiam
579 1386 586 1398 .
602 1368 637 1393 ita
663 1371 690 1393 et
714 1367 746 1393 de
761 1366 822 1393 aliis
843 1367 988 1394 virtutibus
1007 1369 1058 1395 dici

276 1414 364 1447 possit
379 1414 440 1446 quia
455 1433 463 1444 ,
489 1413 561 1440 verbi
581 1413 667 1446 gratia
681 1432 688 1442 .
706 1412 893 1440 misericordia
914 1413 1060 1448 unicuique

277 1459 396 1492 reputari
407 1463 493 1492 potest
506 1459 539 1484 ad
550 1459 695 1492 justitiam,
707 1464 751 1485 aut
766 1459 962 1493 sapientia,aul
972 1460 1059 1486 scien-

281 1505 328 1535 tia,
344 1509 390 1530 aut
407 1504 596 1535 mansuetudo,
612 1508 639 1530 et
654 1504 802 1535 Immilitas,
818 1503 860 1530 vcl
879 1509 953 1531 certe
967 1504 989 1530 si
1002 1512 1059 1531 om-

277 1551 303 1577 ni
318 1550 438 1577 credenti
457 1550 522 1576 fides
546 1549 577 1576 ad
599 1549 735 1583 justitiam
760 1554 912 1584 reptttctur.
930 1548 983 1577 Sed
998 1558 1058 1577 cum

276 1596 311 1622 ad
331 1595 487 1629 Scripturas
503 1596 592 1626 redeo,
609 1603 661 1621 non
683 1595 809 1621 omnibus
826 1595 999 1622 credentibus
1017 1595 1060 1622 in-

274 1641 355 1668 venio
373 1641 444 1675 quod
469 1641 534 1667 fides
560 1640 592 1666 ad
614 1639 747 1674 justitiam
773 1643 920 1673 reputetur.
939 1639 1059 1674 Denique

276 1687 408 1722 scriptum
423 1691 464 1713 est
476 1687 509 1713 de
527 1685 592 1712 filiis
608 1685 702 1717 Israel.
718 1685 780 1720 quia
798 1694 807 1711 ι
824 1685 1059 1712 credideruntDo-

275 1733 358 1764 mino.
372 1737 398 1759 ct
416 1731 516 1759 famqu
534 1733 592 1767 ejus
606 1731 699 1766 Moysi.
714 1731 737 1748 ⁶¹
752 1740 761 1757 ι
777 1737 828 1758 nec
843 1735 933 1758 tamen
950 1731 1060 1758 additur

273 1778 345 1812 quod
361 1778 394 1805 dc
416 1778 552 1804 Abraham
576 1778 707 1810 scriptum
727 1780 779 1809 est,
793 1775 856 1810 quia
871 1780 993 1810 reputata
1017 1779 1059 1802 est

274 1825 326 1850 illis
345 1825 378 1849 ad
393 1823 537 1855 justitiam.
558 1821 598 1849 οι»
619 1823 672 1849 hoc
696 1822 825 1854 arbitror,
842 1821 915 1856 quod
927 1829 979 1848 non
1005 1821 1058 1848 illis

274 1874 344 1902 erat,
361 1869 430 1896 sicut
449 1869 474 1895 iu
488 1868 622 1895 Abrath
640 1868 789 1900 docuimus,
807 1875 840 1894 ex
857 1867 952 1894 multis
975 1867 1057 1901 parti-

274 1915 324 1942 bus
341 1915 400 1941 fidei
424 1915 449 1941 iu
470 1922 551 1941 unum
567 1918 727 1941 coacervata
743 1914 886 1948 perfectio,
898 1920 958 1947 quat
971 1919 1058 1940 mere-

276 1967 352 1988 retur
365 1961 540 1994 adjustitiam
556 1960 687 1994 reputari.
700 1960 776 1993 Quod
790 1964 879 1987 autem
896 1960 963 1986 dicit
979 1968 986 1986 :
1001 1967 1010 1985 ε
1026 1959 1056 1986 Ei

273 2014 338 2033 vero
353 2006 399 2041 qui
416 2011 555 2040 operatur.
577 2013 684 2032 merces
709 2013 761 2032 non
787 2005 938 2039 imputatur
959 2011 1056 2032 secun-

273 2053 336 2078 dum
363 2053 496 2086 gratiam,
527 2052 573 2078 sed
597 2051 747 2078 secundum
771 2051 890 2077 debitum
910 2058 918 2083 ;
935 2050 1055 2077 credenti

273 2103 361 2125 autem
379 2099 404 2125 iu
420 2105 480 2124 eum
492 2097 536 2131 qui
549 2097 676 2132 justiﬁcal
690 2097 812 2131 impium.
830 2100 970 2130 reputatur
981 2096 1052 2122 fides

273 2145 306 2170 ad
326 2144 459 2179 justitiam
474 2143 496 2159 ⁸³
516 2154 521 2170 :
540 2153 549 2168 ι
567 2143 673 2169 videtur
696 2142 840 2169 ostendere
853 2141 930 2176 quasi
958 2142 983 2168 in
1004 2140 1056 2168 fide

1118 231 1179 262 lius,
1195 231 1271 265 cujus
1286 240 1349 267 erga
1371 241 1419 260 nos
1444 233 1520 260 fcinus
1537 235 1678 269 prmcessit
1696 235 1762 270 (36)?
1776 238 1817 264 Ltii

1117 275 1261 302 videndum
1277 277 1362 310 magis
1382 283 1421 304 est
1445 285 1478 304 ne
1500 277 1570 305 forte
1590 281 1663 313 quod
1677 281 1764 312 dixin:
1780 282 1817 308 Ei:

1118 325 1169 347 tem
1186 322 1230 355 qui
1245 327 1384 355 Operatur,
1402 331 1504 350 merces
1522 325 1674 352 secundum
1689 326 1785 354 debitum
1797 335 1817 363 rq

1120 367 1231 398 labitur,
1251 377 1260 393 ι
1276 368 1380 396 sinistri
1404 370 1490 403 magis
1513 370 1607 404 operis
1635 371 1803 407 intelligendum

1116 412 1248 440 debitum.
1264 413 1358 440 Debita
1375 415 1473 441 etenim
1493 422 1603 450 peccata
1625 417 1677 444 dici
1692 418 1716 444 iu
1727 419 1817 447 dirinisl

1115 457 1261 485 luminibus
1291 459 1448 493 frequenter
1466 460 1586 488 invenies
1600 482 1609 494 ,
1636 466 1665 489 ut
1687 463 1738 496 ipse
1760 465 1817 492 Domit

1116 503 1141 529 iu
1165 504 1288 531 oratione
1317 512 1367 532 nos
1387 506 1515 532 docuit“
1532 507 1646 534 dicere:
1665 517 1674 533 ι
1693 508 1781 537 Dimitte
1796 514 1817 537 tat

1116 549 1195 584 523
1212 550 1300 577 debita
1316 555 1408 578 nostra
1419 572 1426 581 .
1439 551 1511 579 sicut
1532 557 1560 579 et
1578 560 1629 580 nos
1647 554 1785 583 dimittimus
1797 558 1817 583 da

1116 595 1218 620 IOI'IDIIS
1240 594 1340 622 nostris
1358 605 1364 622 :
1385 605 1394 621 ι
1411 601 1437 623 et
1459 596 1557 623 iterum
1571 605 1634 624 cum
1654 600 1715 626 dicit
1731 600 1775 634 ipse
1791 602 1817 628 [ιιι

1116 645 1165 665 nus
1181 639 1223 665 ":
1243 648 1252 664 ι
1272 640 1385 667 Cuidam
1409 640 1600 675 patrifamilias
1618 649 1696 671 erant
1718 646 1762 672 duo
1778 647 1817 673 ddi

1115 689 1159 709 res
1175 692 1181 709 :
1197 691 1265 710 IfnllS
1289 685 1404 712 debebat
1431 686 1558 713 denarios
1581 688 1748 722 quingentos,
1768 697 1789 717 et
1806 691 1817 718 al

1114 729 1310 764 quinquaginta
1328 738 1334 757 :
1352 739 1361 756 ι
1381 735 1406 757 et
1418 731 1470 758 hoc
1481 732 1515 759 de
1534 734 1657 766 peccatis
1671 735 1721 762 dici
1735 735 1781 770 ipse
1793 738 1817 763 ira

1114 779 1237 807 pretatus
1250 781 1304 803 est.
1318 775 1356 802 Ne
1365 776 1436 804 forte
1451 782 1551 812 ergoet
1568 779 1594 805 in
1609 779 1660 806 hoc
1674 779 1728 808 loco
1739 782 1817 809 merce-i

1113 819 1206 853 operis
1225 828 1283 854 quae
1303 822 1453 848 secundum
1469 823 1588 849 debitum
1609 824 1743 858 redditur,
1758 829 1783 852 ad
1802 827 1817 853 in

1114 872 1234 898 sensum,
1250 873 1329 899 quem
1343 874 1425 900 supra
1437 867 1568 898 diximus.
1581 869 1724 903 Apostolus
1739 874 1817 899 traxerit

1115 910 1155 936 his
1177 912 1222 945 qui
1248 912 1283 938 ita
1301 917 1446 947 operantur
1468 914 1538 940 sicut
1563 919 1592 941 et
1618 915 1684 942 Cain
1709 923 1808 951 operatus

1114 960 1213 982 terram
1231 965 1237 983 :
1254 961 1282 983 et
1311 957 1381 984 sicut
1402 958 1466 985 alibi
1499 959 1588 986 dicit:
1615 970 1625 986 ‹
1659 961 1777 989 Discedite
1794 969 1817 991 at

1113 998 1229 1034 operarii
1248 1001 1398 1036 iniquitatis
1409 1003 1431 1018 “
1444 1012 1450 1031 :
1471 1013 1480 1029 ι
1494 1005 1593 1038 quibus
1606 1006 1701 1041 utique
1714 1010 1777 1042 quasi
1791 1009 1817 1036 de]

1113 1053 1190 1081 pinna
1206 1054 1254 1081 pro
1270 1047 1393 1074 mercede
1406 1048 1557 1083 iniquitatis
1574 1050 1730 1079 exsolvitur.
1742 1053 1817 1080 ιιηιιεῑι

1113 1092 1256 1126 Apostolus
1271 1093 1296 1119 in
1313 1093 1367 1121 alio
1381 1094 1440 1121 loco
1453 1095 1475 1111 "
1493 1103 1500 1122 :
1524 1105 1533 1121 ι
1553 1095 1706 1131 Stipendia,
1719 1100 1817 1134 inqui”

1113 1138 1165 1164 cati
1184 1146 1276 1171 mors;
1298 1148 1308 1165 ι
1325 1144 1352 1166 et
1376 1148 1428 1167 non
1452 1141 1556 1169 addidit
1573 1147 1604 1169 ut
1626 1144 1752 1171 similiter
1768 1147 1817 1171 dicet

1114 1181 1251 1217 Stipendia
1269 1185 1475 1218 autemjustitiaa
1484 1188 1537 1213 vita
1550 1193 1665 1219 aeterna.
1678 1191 1723 1216 sed
1733 1191 1765 1216 ait
1775 1200 1780 1216 :
1792 1190 1817 1216 «ιι

1114 1229 1149 1256 tia
1167 1235 1256 1257 autem
1271 1230 1316 1258 Dei
1331 1232 1387 1258 vita
1401 1237 1502 1259 aeterna
1516 1232 1540 1248 ⁸⁸
1555 1242 1561 1260 :
1582 1242 1592 1259 ι
1609 1239 1637 1261 ιιι
1653 1235 1817 1270 ειίρειιιίὶιιιιιφ

1113 1274 1205 1309 utique
1222 1275 1312 1303 debito
1332 1282 1359 1303 et
1377 1277 1494 1304 mercedi
1512 1278 1601 1306 simile
1614 1285 1672 1312 est,
1691 1281 1817 1307 retributio:

1112 1326 1198 1354 potine
1212 1328 1271 1348 esse
1282 1321 1392 1348 doceret
1410 1327 1437 1349 et
1456 1323 1566 1356 mortis,
1586 1324 1669 1351 vitam
1691 1333 1751 1352 vero
1761 1330 1817 1352 τίθη

1112 1366 1161 1393 soli
1176 1368 1270 1401 gratia:
1286 1368 1468 1403 consignaret.
1487 1369 1644 1397 Secundum
1664 1371 1733 1398 hunc
1746 1371 1817 1398 sensui

1113 1411 1177 1438 illud
1199 1413 1270 1446 quod
1295 1413 1320 1439 in
1344 1413 1491 1448 Evangelia
1503 1415 1644 1448 scribitur,
1661 1425 1672 1441 ‹
1698 1416 1751 1450 Qua
1765 1419 1817 1443 tut-zu

1113 1458 1197 1484 mensi
1213 1458 1330 1491 fueritis,
1348 1460 1441 1487 eadem
1452 1461 1610 1488 retnetietur
1632 1463 1711 1490 vobis
1725 1463 1757 1495 ".
1775 1464 1817 1490 uie

1113 1503 1204 1530 nistris
1227 1505 1355 1538 operibus
1381 1505 1568 1540 accipiendum
1597 1511 1676 1540 puto.
1708 1507 1788 1542 Neque
1804 1510 1817 1534 et

1110 1548 1205 1582 gratite
1219 1555 1275 1576 sua:
1298 1557 1452 1576 mensuram
1472 1551 1567 1578 statuit
1586 1552 1671 1584 Deus,
1688 1561 1746 1581 cum
1762 1555 1817 1587 srrﬁ

1110 1593 1144 1620 sit
1158 1603 1164 1620 :
1178 1603 1186 1618 ι
1197 1593 1253 1620 Νοη
1263 1596 1335 1621 enim
1346 1595 1378 1621 ad
1391 1603 1544 1622 mensuram
1555 1597 1603 1624 dat
1615 1597 1690 1625 Deus
1701 1599 1817 1634 spirit-ml

1110 1638 1138 1665 Si
1156 1646 1220 1673 ergo
1237 1639 1292 1666 haec
1311 1643 1438 1673 putantur
1456 1645 1528 1667 recte
1543 1641 1686 1674 discussa,
1702 1645 1817 1677 musean

1109 1684 1200 1718 utique
1215 1691 1246 1711 ea
1262 1691 1321 1718 qua}
1338 1686 1475 1713 cohaerent
1488 1687 1657 1715 videbuntur
1670 1689 1817 1723 intelligcsdat

1108 1730 1230 1764 operauti
1244 1731 1351 1765 quidem
1366 1738 1446 1765 opera
1460 1732 1614 1766 iniquitatis
1626 1742 1735 1762 merces
1746 1733 1817 1761 St‘t‘ttlti

1108 1776 1210 1810 peccati
1228 1776 1348 1803 debitum
1367 1778 1546 1812 rependatur:
1566 1781 1695 1807 credenti
1709 1788 1766 1808 vero
1779 1781 1817 1807 int

1107 1821 1153 1854 qui
1167 1821 1297 1855 justillcat
1315 1822 1436 1856 impium,
1451 1823 1517 1850 fides
1533 1824 1567 1850 ad
1578 1823 1717 1858 justitiam
1735 1831 1817 1859 requ

1108 1867 1130 1894 si
1159 1867 1267 1901 quidem
1293 1868 1361 1895 bene
1385 1869 1558 1896 meminituus
1573 1872 1730 1905 superiora,
1753 1872 1774 1898 iu
1787 1870 1817 1903 qui

1107 1912 1275 1940 ostendimus
1291 1920 1344 1940 nou
1356 1914 1380 1940 ei
1396 1914 1440 1947 qui
1459 1921 1491 1941 ex
1506 1919 1595 1948 parte,
1613 1917 1663 1943 sed
1678 1919 1722 1951 qui
1732 1924 1761 1943 ex
1771 1917 1817 1949 inid

1107 1963 1136 1985 et
1149 1959 1194 1993 qui
1210 1958 1330 1993 perfecte
1347 1960 1444 1991 credit,
1458 1960 1536 1986 fidem
1551 1968 1634 1994 posse
1651 1964 1686 1989 ad
1704 1962 1817 1997 justitianl

1107 2004 1196 2038 putari
1209 2011 1217 2030 :
1232 2012 1292 2040 quae
1303 2006 1370 2034 fides
1390 2012 1463 2035 tanta
1481 2013 1534 2041 est,
1547 2015 1576 2035 ut
1589 2007 1726 2043 justificet
1737 2009 1817 2035 etiam

1107 2050 1152 2083 qui
1166 2050 1264 2084 impius
1278 2050 1370 2085 fuerit,
1384 2058 1413 2079 ut
1426 2053 1496 2081 ultra
1509 2053 1564 2087 jam
1585 2062 1640 2081 non
1654 2055 1693 2082 sit
1706 2050 1817 2088 impingi

1107 2093 1152 2120 ille
1170 2093 1238 2121 latro
1257 2096 1302 2129 qui
1327 2097 1460 2130 pendebat
1479 2098 1505 2124 in
1526 2105 1614 2125 cruce
1630 2104 1662 2125 et
1684 2094 1817 2132 blasphemi

1107 2139 1153 2165 sed
1169 2140 1203 2166 sit
1218 2140 1288 2167 sicut
1301 2141 1345 2168 ille
1356 2142 1400 2175 qui
1415 2143 1597 2170 confitebatur
1609 2148 1638 2170 et
1656 2144 1778 2170 dicebat:
1794 2149 1801 2165 ι
1816 2139 1817 2166 l

272 2191 380 2226 quidem
398 2191 483 2225 gratia
504 2189 538 2216 sit
566 2189 740 2222 justiticantis
753 2208 760 2219 ,
787 2189 812 2214 in
836 2195 918 2223 opere
933 2195 998 2215 vero
1010 2188 1055 2222 ju-
1071 2195 1093 2222 ι)
1109 2185 1181 2212 mine
1193 2184 1267 2217 Iesu.
1291 2192 1426 2214 memento
1449 2188 1500 2215 mei
1518 2195 1581 2214 cum
1611 2190 1722 2216 veneris
1738 2189 1761 2214 in
1776 2192 1817 2220 trgi

272 2237 345 2263 stitia
363 2235 537 2263 relribucnl'ts
550 2235 618 2268 (33).
637 2234 689 2261 Sed
705 2242 753 2269 ego
766 2242 826 2261 cmn
844 2234 986 2261 considero
997 2241 1054 2261 ser-

273 2282 360 2308 monis
376 2282 551 2308 eminentiam
568 2301 574 2311 .
600 2288 652 2314 qua
679 2280 746 2306 dicit
762 2279 883 2313 operauti
907 2280 1052 2306 secundum

272 2326 391 2354 debitum
415 2326 500 2359 reddi,
518 2327 559 2352 vix
580 2326 644 2352 mihi
658 2325 760 2352 suadeo
780 2325 850 2358 quod
867 2324 953 2358 possit
969 2324 1051 2350 ullum

272 2379 339 2405 opus
359 2379 438 2404 esse,
463 2371 533 2405 quod
561 2378 606 2396 ex.
620 2370 711 2396 debito
731 2369 975 2396 remunerationem
1005 2369 1052 2396 Dei

273 2417 408 2450 deposcat.
426 2425 486 2444 cum
503 2417 584 2443 etiam
602 2416 652 2443 hoc
669 2415 754 2449 ipsqu
770 2415 841 2448 quod
855 2421 936 2448 agere
950 2414 1051 2447 aliquid

272 2469 423 2495 possunms,
438 2462 478 2488 vel
492 2462 629 2496 cogitare,
647 2460 689 2487 vel
714 2459 836 2494 proloqui
852 2479 859 2491 ,
879 2459 964 2493 ipsius
981 2459 1052 2486 dono

307 2551 329 2566 "
347 2551 425 2579 Rom.
441 2559 478 2580 Iv.
490 2552 515 2579 5.

273 2593 308 2612 Iv.
326 2585 354 2616 .l.
371 2585 396 2612 Β.
433 2586 456 2601 ⁸³
469 2586 563 2613 Matth.
578 2595 614 2619 Vl,
630 2587 674 2614 ιε.
713 2587 734 2603 ⁸³
752 2586 817 2613 Luc.
836 2593 882 2615 vn.
899 2585 942 2611 41.

272 2619 295 2635 "
314 2619 378 2647 Luc.
394 2627 431 2652 vr,
447 2621 603 2653 58;Matth.
620 2630 667 2655 vn,
689 2622 717 2648 2.

981 2586 1004 2600 “
1024 2585 1088 2613 an.

766 2620 880 2647 '“Juau.
913 2627 954 2652 ιιι,
980 2620 1024 2646 54.
1063 2621 1084 2636 ⁷¹

307 2715 363 2749 (35)
388 2715 438 2742 Ms.
463 2724 552 2748 unus,
582 2725 590 2741 ι
620 2717 796 2743 evacuabitur
817 2717 888 2751 quod
912 2724 944 2744 ex
972 2721 1050 2752 parte

271 2755 361 2822 θςιιξί)
385 2784 454 2822 Non.
472 2785 499 2812 In
518 2785 599 2813 editis
613 2786 840 2820 prmtermittitur.

308 2819 362 2854 (ὖὸ)
381 2821 463 2852 Alias,
484 2831 493 2846 ι
514 2822 620 2847 trilutcn
636 2822 667 2847 is.
686 2830 695 2847 ι

555 2552 598 2579 "I
614 2553 677 2579 Cor.
696 2559 763 2581 xm.
780 2551 807 2583 9.
828 2550 870 2578 10.
906 2551 928 2565 ⁶⁰
945 2549 1010 2578 Luc.
1024 2559 1097 2582 xvu,

1109 2237 1182 2258 tuum
1204 2232 1238 2258 ⁷¹.
1264 2232 1326 2260 Post
1349 2234 1405 2260 lucc
1428 2234 1500 2260 velut
1517 2235 1551 2261 ad
1573 2233 1817 2264 contirmatiouemi

1107 2277 1240 2305 sermonis
1257 2279 1298 2305 sui
1317 2286 1396 2312 quem
1421 2280 1528 2307 dixerat
1546 2289 1553 2306 :
1568 2289 1578 2305 ι
1602 2281 1634 2308 Ei
1661 2286 1749 2308 autem
1769 2279 1817 2313 quil

1106 2324 1339 2355 oper-alatncrezlit
1351 2329 1440 2352 autent
1452 2326 1477 2351 in
1486 2332 1547 2351 ettm
1562 2327 1611 2360 qui
1624 2326 1756 2361 justiﬁat
1765 2323 1817 2357 impii

1107 2373 1247 2400 reputatur
1270 2369 1336 2396 ﬁdes
1353 2370 1386 2396 ad
1402 2370 1536 2404 justitiam
1550 2371 1584 2403 τ’,
1609 2381 1620 2397 ι
1637 2371 1753 2399 assumit
1767 2368 1817 2396 testi

1106 2413 1179 2439 nitttn
1197 2414 1230 2440 de
1249 2414 1377 2446 Psalmis.
1394 2421 1422 2442 et
1440 2416 1506 2443 dicit
1523 2424 1531 2443 ι
1550 2425 1558 2441 ι
1581 2416 1662 2444 Sicut
1678 2422 1705 2444 et
1727 2411 1817 2443 DN“

1106 2459 1299 2488 beatitudinem
1322 2462 1447 2494 hominis,
1465 2464 1509 2488 cui
1526 2461 1598 2490 Detts
1613 2467 1729 2498 accepto
1743 2459 1817 2491 full”

1115 2549 1140 2576 5.
1180 2549 1201 2565 “
1215 2549 1224 2576 1
1239 2549 1302 2576 Cor.
1317 2557 1375 2581 xm,
1389 2550 1418 2576 2.
1467 2549 1489 2566 ⁶¹
1506 2550 1593 2576 Exod.
1614 2558 1671 2582 xtv,
1688 2550 1734 2577 3|.
1769 2548 1786 2562 ⁸³
1799 2545 1817 2582 Ν

1106 2592 1163 2615 xui,
1177 2584 1223 2616 27;
1238 2584 1333 2611 Matth.
1352 2577 1398 2616 vit,
1414 2585 1460 2611 23.
1510 2585 1532 2601 "
1555 2585 1634 2612 Rom.
1647 2577 1684 2617 vi,
1701 2584 1744 2611 ‘25.
1777 2582 1794 2596 θ’
1808 2577 1817 2603 ’1

1106 2619 1170 2646 Luc.
1198 2627 1280 2652 χχιιι,
1296 2619 1340 2645 42.
1378 2621 1399 2635 ⁷⁸
1413 2620 1492 2647 Rom.
1515 2627 1554 2652 tv,
1570 2620 1598 2647 5.

1141 2715 1197 2748 (36)
1219 2715 1265 2742 Sic
1278 2722 1373 2742 omnes
1388 2722 1453 2754 mss.
1471 2714 1584 2747 nostri;
1607 2714 1670 2742 editi
1688 2719 1760 2741 νεῖον
1779 2701 1817 2736 'd

1106 2753 1193 2785 gratia
1212 2758 1261 2776 nos
1273 2753 1419 2784 μτωεθεδιι.
1437 2759 1446 2785 ι

1141 2785 1196 2819 (57)
1217 2785 1299 2817 Alias,
1318 2793 1327 2808 ‹
1348 2784 1537 2812 lirmationem.
1559 2794 1571 2811 ο
