1831 3049
217 97 270 124 967

944 95 1107 125 ()RlGENIS

1809 98 1828 126 Ἄ

217 155 349 188 lectioni,
370 161 431 182 cum
456 159 510 181 tam
529 153 676 189 vigilanter
691 159 803 183 enarrat
817 162 849 183 es
867 162 928 190 quae.
943 156 1013 183 scri-
1026 171 1049 198 Δ
1064 155 1200 188 videatur,
1218 155 1244 183 id
1255 159 1307 189 est,
1327 164 1337 182 ε
1355 155 1479 192 signum,
1494 165 1503 183 I
1515 161 1543 184 et
1558 165 1569 184 ι
1581 156 1759 192 signaculum
1772 159 1825 193 (stt

217 205 262 236 pta
282 206 345 228 snttt
359 200 392 228 de
405 201 559 233 Abraham,
582 201 645 235 quia
665 210 674 226 α
693 206 816 236 rcputata
841 206 884 229 est
899 202 924 229 ei
946 202 1013 230 ﬁdes

219 247 252 275 ad
267 247 412 281 justitiam.
441 255 451 273 ι
479 246 543 273 Vult
572 254 587 273 a
618 247 696 274 nobis
729 248 898 275 considerari
929 249 1012 276 etiam

217 292 324 327 quando
333 292 391 328 (50)
403 297 526 326 repntala
539 293 585 325 sit,
599 301 653 328 qtto
665 299 694 320 et
707 295 836 329 temporis
849 295 918 322 ratio
932 295 958 322 itt
971 295 1013 323 bis

216 347 276 375 qua:
297 339 398 374 scripta
424 344 487 366 sunt
508 339 668 374 colligatur,
685 345 811 367 utrumne
837 341 863 368 in
880 341 1012 376 praeputio

216 385 303 412 adhuc
330 389 401 412 esset
431 393 494 412 cutn
526 386 578 412 ista
597 385 670 412 dicta
692 390 773 415 sunt.
799 393 834 413 an
868 387 1013 414 transisset

216 431 270 466 iam
289 430 346 466 (51)
370 432 402 458 ad
430 431 687 463 circumcisionem;
702 436 730 459 et
751 433 791 459 ait
810 442 817 460 :
837 441 846 458 ι
871 433 1012 467 Quomodo

216 486 281 513 ergo
296 483 419 512 reputata
438 484 479 506 est
494 479 560 506 lidcs
571 478 629 512 ejus
646 479 679 506 ad
690 478 825 512 justitiam
841 480 930 507 ?Cutn
939 486 1013 509 esset

217 524 243 549 itt
261 524 484 556 circumcisione,
500 532 534 551 an
548 532 608 551 cunt
624 529 696 552 esset
714 525 740 552 in
759 526 891 560 praeputio
902 526 944 554 ""?
959 536 968 553 ι
983 527 1012 554 Si

215 570 288 597 enim
305 569 401 597 fuisset
414 571 439 596 id
451 571 584 605 temporis
597 571 623 597 in
636 571 858 603 circumcisione,
873 572 1013 599 videretur

216 616 312 650 utique
329 623 342 642 a
371 616 432 643 ﬁdei
455 615 535 650 hujus
559 616 645 651 gratia
665 617 806 644 exclusum
829 625 890 644 esse
905 625 1010 652 praepu-

217 660 295 687 tium.
316 660 393 688 Nunc
409 668 476 688 vero
492 661 623 694 ostendit,
643 662 714 696 quod
731 663 757 688 in
773 663 905 697 praeputio
922 664 1012 691 adhuc

216 706 305 740 posito
320 711 443 740 reputata
459 711 502 734 est
520 707 586 734 ﬁdes
601 708 633 734 ad
651 707 797 741 justitiam,
812 713 839 735 et
862 708 922 735 ideo
946 716 1010 743 pro-

217 751 334 784 nuntiat,
349 752 411 786 qttia
422 759 483 779 cum
501 752 638 779 Abraham
652 752 680 779 itt
698 753 830 787 praeputio
847 754 950 788 positus
964 761 1012 789 per

218 797 298 824 ﬁdem
311 797 479 831 justiﬁcatus
494 798 548 831 sit,
572 798 632 826 sine
647 799 731 826 dubio
751 799 878 834 princeps
894 805 921 827 et
934 805 1012 834 pater

1065 201 1118 229 Sed
1141 201 1207 229 mihi
1235 206 1351 236 uterque
1374 209 1464 230 sermo
1484 202 1598 230 multam
1620 203 1698 230 inter
1715 211 1745 232 se
1759 205 1828 233 viden

1065 247 1146 283 525
1159 247 1262 275 habere
1277 247 1470 275 diﬁ‘erentiam.
1481 247 1595 284 Signum
1610 256 1735 284 namque
1751 251 1828 278 ιΙὶςὶεςτ

1063 301 1124 320 cum
1153 300 1201 327 per
1225 293 1277 321 hoc
1296 293 1368 328 qttod
1386 293 1495 321 videtur
1516 294 1591 321 aliud
1617 295 1729 329 aliquid
1755 297 1828 324 indita

1065 343 1108 365 tur
1124 347 1132 365 :
1150 338 1221 365 sicut
1245 345 1327 370 cum,
1349 337 1426 366 verbi
1450 338 1554 372 gratia,
1579 339 1649 366 dicit
1667 340 1796 368 Dominus
1821 343 1828 367 ii

1065 384 1211 419 Evangelio
1229 395 1235 412 :
1257 393 1266 409 t
1281 384 1430 411 Generatio
1444 385 1501 412 haec
1516 385 1625 419 signum
1640 387 1761 419 quaerit:
1780 393 1803 413 et
1814 389 1828 414 si

1064 436 1147 463 gnum
1162 437 1216 456 non
1231 429 1340 456 dabitur
1355 429 1381 456 ei
1395 449 1403 461 ,
1420 430 1471 456 ttisi
1486 429 1596 464 signum
1613 430 1695 458 Jonie
1714 434 1828 466 propheta

1065 473 1141 501 Sicut
1166 474 1239 502 enim
1257 475 1306 502 fuit
1325 473 1411 502 Jonas
1423 475 1449 502 in
1466 480 1562 503 ventre
1576 477 1629 504 ceti
1658 478 1748 505 tribus
1770 480 1828 506 dim

1065 524 1091 546 et
1109 521 1197 547 tribus
1226 521 1356 548 noctibus
1369 541 1377 553 ,
1399 521 1435 547 ita
1450 526 1478 548 et
1503 521 1602 549 Filium
1621 523 1745 551 hominis
1758 532 1828 559 opem

1063 574 1125 593 esse
1141 568 1167 593 in
1181 567 1262 594 corde
1275 573 1355 594 terrae
1372 566 1430 603 (55)
1444 567 1533 595 tribus
1547 570 1646 596 diebus
1661 575 1690 596 et
1715 571 1796 597 tribus
1808 578 1828 598 ts

1064 612 1154 640 ctibus
1167 612 1201 639 θ’.
1223 622 1233 639 ι
1253 612 1310 640 lloc
1322 617 1363 640 est
1381 621 1447 648 ergo
1462 614 1571 649 signum
1585 615 1632 641 ubi
1653 614 1741 643 Jonas
1755 618 1828 643 videte

1064 665 1120 692 tur,
1135 665 1163 688 et
1177 660 1304 688 Christus
1319 660 1537 695 intelligebatur.
1557 661 1698 690 Similiter
1713 669 1740 690 et
1754 664 1786 690 de
1800 665 1828 697 ipa

1063 705 1177 734 Dotnino
1194 707 1219 734 in
1245 706 1392 742 Evangelia
1406 707 1510 734 dicitur
1527 716 1534 734 :
1555 717 1564 732 ι
1584 707 1657 735 Ecce
1683 709 1730 736 hic
1758 711 1828 744 posit

1062 757 1101 780 est
1120 753 1146 780 in
1161 754 1265 780 ruinam
1282 757 1308 780 et
1327 754 1352 780 in
1365 753 1596 781 resurrectionem
1610 755 1771 787 multorum,
1786 763 1808 782 et
1822 759 1828 782 ω

1062 797 1168 832 signum
1180 800 1223 825 cui
1237 798 1443 826 contradicetur
1453 798 1487 826 ⁹⁰.
1501 809 1511 825 t
1524 798 1774 827 Contradicebatur
1786 809 1828 828 emt

217 843 315 869 merito
331 843 432 870 dicitur
444 844 566 871 omnium
582 844 751 871 credentium
771 851 819 877 per
838 845 1010 879 prteputium.
1028 844 1049 872 Β
1064 844 1143 877 signo
1156 843 1182 871 in
1196 851 1251 879 quo
1269 843 1396 871 Christus
1411 850 1535 878 venerat,
1554 845 1619 879 quia
1638 845 1715 873 aliud
1731 847 1757 873 in
1772 854 1801 873 eo
1814 847 1828 873 ri

216 889 294 923 Quod
309 897 374 917 vero
391 895 451 925 post
469 890 549 918 lidetn
566 898 627 925 qua
644 890 694 918 fuit
707 891 733 918 in
754 892 887 926 praeputio
906 892 1012 926 accepit

218 936 468 968 circumcisionem.
483 940 683 971 consequenter
699 944 811 964 causam
826 945 879 972 qua
897 938 1014 965 circum-

216 983 287 1010 cisio
300 982 326 1010 ei
341 983 403 1010 data
421 982 639 1018 fueritexponit.
656 983 691 1011 Ut
706 988 787 1016 esset,
804 983 903 1019 inquit,
919 985 1012 1020 signa-

216 1027 307 1055 culum
326 1027 385 1062 ejus
403 1028 465 1056 ﬁdei
479 1036 561 1063 quam
585 1029 677 1057 habuit
698 1030 724 1057 in
750 1031 880 1065 ιιι-ξηραιὶο
898 1032 1012 1065 positus,

217 1079 248 1101 ut
261 1082 311 1110 per
325 1075 376 1103 ltoc
392 1084 402 1102 ί
420 1076 456 1103 sit
472 1080 552 1110 pater
562 1075 682 1103 omnium
697 1078 869 1104 credentium
886 1085 934 1112 per
943 1085 1014 1112 pm-

219 1121 336 1156 putium,
352 1125 381 1148 ut
395 1126 536 1156 reputetur
553 1121 607 1149 illis
621 1123 653 1149 ad
668 1121 819 1157 justitiam,
840 1128 867 1150 et
886 1123 920 1150 sit
937 1127 1014 1157 pater

219 1167 446 1201 circumcisionis,
465 1175 518 1196 non
530 1168 573 1196 bis
586 1172 690 1195 tantum
702 1169 749 1203 qui
765 1175 828 1196 sunt
840 1176 874 1196 ex
889 1169 1013 1196 circum-

218 1213 333 1244 cisione,
351 1214 398 1240 sed
412 1218 440 1240 et
456 1213 510 1241 illis
520 1214 566 1248 qui
581 1219 735 1248 seqttuntur
756 1214 869 1249 vestigia
882 1213 941 1249 ejus
954 1221 1015 1250 qum

217 1263 260 1285 est
273 1259 298 1285 in
314 1259 446 1293 praeputio
455 1259 516 1286 ﬁdei
529 1259 615 1294 patris
629 1259 713 1286 nostri
728 1258 846 1286 Abrahae
858 1259 892 1286 ".
909 1267 918 1284 t
937 1258 1014 1292 Quod

217 1305 240 1332 si
256 1305 394 1333 Abraham
418 1313 480 1332 cum
502 1309 575 1333 esset
598 1305 688 1332 adhuc
705 1305 732 1331 in
753 1305 896 1340 praeputio,
913 1312 946 1332 ex
962 1304 1014 1333 ﬁde

213 1350 460 1386 justiﬁeatusest,
475 1357 566 1386 potest
584 1352 642 1380 ﬁeri
658 1352 740 1379 etiam
759 1356 835 1386 pater
844 1351 901 1388 (5‘2)
918 1359 1014 1380 eorum

217 1398 263 1432 qui
285 1398 311 1424 in
331 1397 543 1425 circumcisione
558 1402 726 1429 nascuntur,
745 1397 768 1424 si
790 1402 879 1425 tamen
891 1398 925 1425 ad
940 1397 1014 1425 illam

219 1442 300 1470 ﬁdem
318 1444 474 1478 pertineant
489 1452 550 1479 quae
573 1444 600 1471 in
617 1443 752 1479 praeputio
772 1444 889 1478 positum
910 1444 1013 1479 justiﬁ-

218 1489 302 1516 cavit.
321 1488 353 1516 Et
370 1489 498 1524 quoniam
519 1490 545 1516 in
565 1490 697 1524 prteputio
720 1490 838 1524 positum
853 1490 1015 1525 justliicavit

218 1535 367 1567 Abraham,
379 1535 497 1562 eﬁicitur
509 1543 575 1570 ergo
591 1535 735 1570 utriusque
747 1536 855 1570 generis
869 1541 958 1571 pater,
971 1537 1013 1564 his

217 1582 264 1616 qui
281 1586 345 1608 sunt
361 1581 387 1608 in
404 1582 536 1616 praeputio
553 1589 603 1617 per
622 1581 716 1613 ﬁdem,
729 1588 758 1609 et
777 1582 820 1609 his
834 1582 879 1617 qui
899 1587 964 1610 sunt
986 1583 1012 1610 itt

218 1628 429 1656 circumcisione
443 1635 491 1662 per
507 1635 618 1656 carnem
638 1637 646 1655 :
664 1633 691 1655 et
702 1633 763 1663 post
776 1629 1014 1657 circumcisionem

217 1679 332 1709 generat
348 1674 436 1707 primo
452 1674 542 1707 Isaac,
563 1679 645 1710 atque
659 1675 694 1702 ab
711 1675 770 1710 ipso
787 1675 948 1709 auspicatur
962 1683 1013 1711 og-

218 1720 313 1747 doadis
329 1720 454 1754 initium,
478 1720 503 1747 id
521 1725 579 1753 est,
601 1721 692 1748 octavi
708 1721 761 1748 diei
785 1721 813 1748 in
837 1721 898 1756 ipso
914 1728 1013 1749 conse-

218 1770 331 1792 cranlnr
348 1765 436 1800 printa
452 1766 594 1801 mysteria,
609 1771 636 1793 et
647 1766 745 1793 exinde
757 1765 853 1801 incipit
866 1767 1014 1802 posteritas

217 1810 336 1837 Abrahae
349 1809 448 1844 dttpliei
461 1817 574 1837 currere
582 1815 765 1838 sacramento.
778 1810 856 1838 Sicut
864 1811 937 1838 enim
946 1811 1013 1839 ﬁdes

218 1861 313 1883 natttra
329 1857 370 1883 sui
393 1856 466 1883 aliud
488 1863 548 1883 esse
572 1856 741 1891 intelligitur,
766 1863 794 1885 et
818 1858 892 1886 aliud
908 1856 1012 1891 iustitia

217 1909 277 1937 qua:
293 1902 317 1929 ei
336 1908 383 1936 per
399 1902 479 1929 ﬁdem
499 1907 622 1937 repntata
635 1907 689 1935 est;
714 1904 750 1930 ita
763 1908 791 1930 et
808 1903 860 1931 alia
873 1904 934 1938 ejus
953 1911 1013 1931 esse

217 1948 245 1974 in
262 1947 405 1982 praeputio,
422 1947 474 1974 alia
495 1947 522 1974 itt
542 1948 756 1976 circumcisione
773 1950 931 1984 posteritas.
945 1949 1011 1977 Nam

217 1999 265 2019 eos
275 1993 321 2026 qui
337 1993 520 2021 incircumcisi
540 1998 620 2026 sunt,
639 1995 713 2028 ipsos
729 2001 792 2022 esse
808 1994 911 2029 lapides
927 1999 1011 2030 puto,

217 2037 251 2064 de
280 2039 382 2072 quibus
414 2045 495 2073 posse
536 2039 636 2067 dicilttr
666 2040 739 2067 Deus
777 2041 911 2068 suscitare
943 2040 1013 2068 ﬁlins

216 2083 334 2112 Abrahae
349 2084 384 2118 ⁸⁵,
400 2084 426 2111 itt
443 2085 542 2120 quibus
564 2089 592 2112 et
606 2084 672 2113 illud
685 2086 838 2121 completur
853 2086 925 2121 quod
944 2087 1013 2114 scri-

217 2134 293 2164 ptuttt
311 2134 353 2157 est
368 2138 374 2156 :
391 2129 461 2163 Quia
475 2138 485 2156 (
502 2130 700 2158 benedicetttur
722 2131 748 2158 itt
773 2136 799 2158 te
814 2138 910 2158 omnes
926 2131 1012 2159 tribus

219 2180 298 2203 terra:
307 2176 342 2203 ".
362 2185 372 2202 ι
391 2174 443 2203 Sed
457 2181 614 2210 repetamus
628 2177 717 2203 adltttc
730 2177 803 2211 quod
815 2177 880 2204 dicit
892 2177 916 2194 ⁸⁵
934 2186 942 2205 :
958 2186 967 2203 t
977 2177 1010 2205 Et

221 2219 326 2255 signum
340 2221 445 2256 accepit
461 2221 707 2254 circumcisionem,
726 2232 735 2247 t
756 2222 924 2259 signaculum
936 2223 1012 2258 justi-

221 2265 265 2293 tize
284 2265 361 2298 ﬁdei,
381 2274 441 2301 quae
460 2271 502 2293 est
522 2266 549 2293 itt
569 2268 702 2302 praeputio
723 2268 778 2304 (55)
798 2277 830 2296 ac
848 2269 1010 2305 profundam

219 2311 245 2338 in
270 2312 312 2339 his
334 2311 413 2339 Pauli
433 2312 594 2347 sapientiam
618 2314 846 2348 contemplemur.
870 2313 1009 2341 Fortassis

218 2357 290 2384 enittt
305 2357 442 2392 aliquibus
457 2359 583 2387 eumdem
605 2367 759 2387 sermonem
780 2360 898 2387 secundo
918 2360 1010 2388 dicere

271 2415 294 2431 "
314 2415 392 2443 Rom.
414 2424 450 2449 tv,
468 2417 512 2445 10.
565 2418 588 2433 ⁸⁵
603 2417 668 2446 ibid.
683 2417 726 2446 12.

1027 1519 1049 1548 C

779 2417 802 2434 ⁸⁵
822 2417 917 2445 Matth.
941 2426 987 2449 ιιι.
1007 2418 1033 2447 9.

1065 890 1191 923 debatttr,
1206 895 1233 917 et
1249 890 1323 917 aliud
1348 890 1559 925 intelligebatur.
1576 890 1648 918 Caro
1673 892 1824 919 cernebatur

1064 941 1092 964 et
1108 936 1179 964 Deus
1203 937 1375 965 credebatur.
1399 936 1445 964 Sic
1466 944 1531 972 ergo
1546 938 1653 972 accepit
1675 943 1706 966 et
1720 939 1828 966 Abrahat

1065 983 1172 1016 signum
1191 991 1197 1010 :
1217 987 1246 1010 et
1261 983 1332 1017 quod
1351 987 1425 1011 esset
1448 983 1558 1019 signum
1574 984 1600 1010 in
1626 986 1828 1019 consequetttibtt

1064 1028 1133 1056 dicit
1150 1038 1156 1056 :
1176 1037 1186 1054 α
1205 1028 1460 1062 Circumcisionem,
1483 1039 1492 1056 t
1519 1030 1608 1065 inquit
1624 1037 1634 1057 :
1660 1038 1725 1065 qua
1740 1032 1828 1059 circa

1065 1074 1132 1102 cisio
1145 1078 1219 1102 esset
1233 1083 1242 1100 t
1260 1075 1431 1110 signaculum
1445 1075 1558 1110 justitia:
1571 1075 1633 1103 ﬁdei
1648 1077 1670 1092 “
1688 1086 1698 1102 ι
1716 1085 1792 1112 quam
1808 1079 1828 1104 is

1065 1119 1124 1147 butt
1135 1124 1281 1155 antequam
1293 1120 1548 1148 circumcideretur.
1561 1121 1637 1148 Bene
1655 1129 1725 1157 ergo
1738 1123 1828 1149 circum

1064 1167 1195 1195 cisionem
1219 1166 1328 1201 signum
1354 1166 1500 1201 appellavit
1527 1167 1554 1193 in
1570 1167 1726 1199 Abraham,
1742 1170 1800 1202 quia
1820 1175 1828 1196 ε

1066 1212 1123 1247 ipsa
1140 1211 1213 1239 aliud
1228 1211 1390 1245 videbatur,
1420 1217 1448 1239 et
1477 1211 1549 1239 aliud
1577 1212 1783 1248 intelligebatur
1802 1221 1828 1245 ;t

1065 1258 1185 1286 ostendit
1199 1258 1262 1293 quia
1273 1258 1331 1293 jam
1348 1263 1414 1286 tunc
1429 1259 1550 1286 carnalis
1562 1259 1611 1286 illa
1628 1259 1801 1286 circumcisio
1815 1260 1828 1288 s‘

1065 1311 1148 1339 gnum
1167 1309 1226 1332 erat
1245 1304 1377 1339 spiritalis
1405 1304 1645 1337 circutncisionis,
1674 1313 1737 1340 qua
1751 1314 1800 1332 non
1822 1315 1828 1332 ti

1065 1357 1148 1377 carne
1171 1349 1398 1383 suscipitur,sed
1426 1349 1452 1376 in
1489 1349 1583 1376 corde.
1610 1348 1691 1382 Quod
1707 1357 1770 1377 vero
1791 1350 1828 1376 diti

1068 1394 1287 1430 t-signaculum,
1308 1404 1318 1421 ι
1343 1395 1380 1422 ita
1400 1394 1605 1429 intelligendum
1622 1400 1701 1430 puto.
1729 1395 1828 1429 Signm

1066 1440 1121 1468 lum
1136 1440 1237 1468 dicitttr
1251 1447 1313 1469 cum
1328 1440 1410 1468 alicui
1432 1440 1470 1468 rei
1498 1441 1643 1468 servandae
1670 1448 1723 1474 pro
1739 1445 1828 1475 lethpoli

1066 1487 1188 1514 custodia
1210 1486 1371 1520 imponitur,
1388 1486 1459 1521 qttod
1476 1493 1556 1513 nemo
1572 1485 1644 1512 alius
1659 1487 1715 1513 nisi
1742 1487 1828 1520 ipSeqd

1066 1532 1206 1567 impressit
1221 1532 1320 1560 debeat
1331 1532 1481 1567 resignare.
1497 1531 1549 1559 Per
1561 1531 1634 1559 istud
1647 1539 1717 1567 ergo
1733 1533 1828 1567 signari

1066 1577 1132 1610 lunt,
1150 1582 1179 1605 ut
1195 1578 1305 1612 exponit
1323 1577 1490 1612 Apostolus,
1502 1578 1608 1613 justitia
1623 1577 1688 1605 ﬁdei
1703 1578 1761 1612 (56)
1778 1584 1828 1612 quat

1066 1624 1092 1651 itt
1109 1624 1243 1658 przeputio
1262 1624 1366 1658 positus
1380 1624 1517 1651 Abraham
1532 1623 1659 1657 accipere
1673 1625 1775 1651 meruit
1788 1623 1828 1651 itnii

1064 1675 1152 1703 catur,
1164 1676 1193 1697 et
1205 1675 1284 1705 pater
1297 1678 1359 1698 esse
1376 1670 1522 1696 multarum
1546 1670 1670 1704 gentium
1685 1679 1693 1697 :
1712 1671 1783 1704 quod
1794 1677 1828 1697 ltili

1064 1716 1201 1743 credimus
1217 1716 1410 1751 resignandutn
1425 1724 1486 1743 cunt
1506 1716 1649 1751 plenitudo
1666 1716 1789 1750 gentium
1810 1718 1828 1741 is

1065 1761 1171 1789 troierit
1183 1780 1191 1794 ,
1206 1766 1234 1788 et
1250 1762 1340 1789 omnis
1359 1761 1442 1788 Israel
1458 1762 1614 1789 salvabitur
1633 1761 1667 1788 ".
1686 1761 1765 1789 Tunc
1786 1767 1828 1788 as

1064 1807 1111 1833 ﬁet
1124 1807 1196 1841 quod
1216 1807 1282 1834 dicit
1297 1807 1445 1842 Apostolus
1460 1807 1501 1839 ",
1529 1815 1582 1835 non
1609 1807 1701 1835 solum
1717 1809 1828 1842 gentium

1063 1854 1110 1880 sed
1122 1854 1204 1880 etiam
1220 1854 1439 1881 cireuntcisionis
1454 1861 1502 1888 per
1518 1854 1597 1881 ﬁdem
1614 1859 1696 1888 pater
1707 1854 1828 1881 Abt-ath

1064 1898 1097 1927 Et
1120 1899 1211 1925 adhuc
1227 1898 1351 1933 apertius
1370 1899 1404 1925 de
1421 1899 1499 1934 signo
1517 1903 1544 1925 et
1569 1899 1716 1933 signaculo
1740 1899 1828 1926 disarm

1063 1952 1134 1972 mus.
1150 1945 1218 1972 Cum
1232 1945 1340 1979 signutn
1353 1945 1399 1977 sit,
1415 1950 1445 1972 ut
1455 1945 1641 1977 dixitnus,uhi
1657 1943 1828 1972 ittdicatnni

1063 1990 1128 2025 quid
1141 1998 1190 2024 per
1202 1990 1254 2017 hoc
1281 1991 1353 2025 quod
1371 1991 1478 2018 videtur
1492 2010 1500 2022 ,
1529 1989 1708 2026 signaculum
1735 1992 1828 2018 vernat

1063 2035 1238 2063 concluditur
1256 2043 1306 2070 pro
1318 2040 1443 2070 tempore
1456 2036 1561 2070 aliquid
1582 2041 1610 2063 et
1626 2044 1682 2063 non
1697 2041 1781 2071 patet.
1799 2044 1828 2070 ps-

1064 2087 1117 2110 test
1128 2082 1210 2110 etiam
1234 2082 1271 2109 ita
1299 2081 1426 2117 intelligi.
1442 2083 1513 2117 quod
1527 2083 1658 2117 mysteria
1677 2091 1741 2118 quze
1760 2085 1783 2111 in
1796 2085 1828 2115 κς

1063 2134 1092 2157 et
1108 2129 1273 2164 patriarchis
1303 2129 1541 2156 adutubrabautur
1556 2150 1564 2162 ,
1594 2129 1753 2163 huiusmodi
1776 2131 1828 2157 emi

1063 2182 1122 2208 qua:
1135 2179 1163 2201 et
1177 2174 1263 2209 signis
1279 2174 1422 2201 indicanda
1439 2178 1542 2206 essent,
1557 2179 1585 2202 et
1597 2175 1753 2209 signacults
1766 2176 1828 2201 olim1

1063 2220 1160 2247 vanda.
1178 2220 1254 2253 Quod
1271 2227 1339 2254 ergo
1367 2220 1454 2255 signis
1469 2220 1617 2248 indieattda
1637 2227 1719 2248 erant
1735 2222 1761 2248 itt
1784 2217 1828 2254 (56)

1063 2269 1105 2296 his
1116 2269 1162 2303 qtti
1187 2269 1335 2296 credebant
1351 2276 1383 2295 ex
1404 2268 1543 2303 gentibus,
1557 2269 1670 2303 signum
1685 2270 1787 2304 cepisse
1808 2270 1828 2292 dt

1062 2316 1134 2341 citur
1146 2314 1304 2341 Abraham:
1322 2313 1393 2348 qttod
1405 2321 1470 2340 vero
1483 2313 1526 2340 bis
1539 2315 1585 2348 qui
1598 2314 1626 2340 itt
1642 2314 1828 2341 eireutncisiozﬂ

1064 2368 1116 2387 nott
1134 2364 1212 2386 erant
1229 2359 1374 2391 credituri,
1388 2360 1542 2386 obserattda
1555 2364 1637 2386 erant
1647 2364 1676 2386 et
1690 2359 1828 2393 obtegeudai

1087 2419 1109 2434 "
1125 2418 1192 2446 Gen.
1208 2425 1258 2449 ιιι,
1276 2418 1304 2444 5.
1357 2417 1381 2433 ⁸⁸
1397 2417 1476 2444 llum.
1494 2425 1531 2451 tv,
1547 2416 1591 2444 ll.
1642 2420 1666 2433 "
1686 2416 1779 2443 Matth.
1798 2422 1828 2443 xm

217 2449 264 2481 59,
277 2451 322 2477 40.
360 2452 382 2467 ⁹⁰
401 2451 467 2480 Luc.
484 2460 504 2480 ll
519 2473 528 2486 ,
553 2453 600 2482 54.
637 2454 658 2469 ⁰¹
675 2453 753 2480 llom.
771 2460 809 2486 tv,
823 2454 867 2480 ll.
907 2454 930 2469 "
948 2454 1003 2481 Rott

1085 2453 1133 2486 25,
1147 2453 1192 2480 ‘26.
1229 2453 1252 2469 ”
1264 2453 1343 2482 Rom.
1361 2460 1400 2493 tv,
1413 2453 1458 2480 l2.

253 2505 312 2544 (50)
330 2506 416 2544 Alias,
430 2516 440 2534 ι
458 2515 520 2536 cum
543 2513 599 2536 tant
617 2508 764 2544 vigilanter
783 2516 812 2536 ea
825 2517 884 2544 quae
903 2509 1003 2544 scripta

218 2546 280 2568 sunt
292 2543 325 2569 de
337 2543 511 2571 Abraham...
527 2543 721 2571 commendans
734 2543 814 2571 vulta
834 2545 913 2571 nobis
938 2553 1005 2572 con-

218 2576 332 2605 siderari
341 2579 422 2605 etiam
439 2580 585 2612 quomodo,
599 2588 609 2604 t
630 2583 683 2606 etc.
693 2579 737 2607 Al.
752 2580 828 2607 deest
844 2586 872 2607 et
895 2588 905 2605 ι
921 2588 1004 2607 cttur~

218 2616 270 2642 rat.
288 2617 316 2639 et
328 2613 532 2640 commendans.
550 2623 560 2639 ι

253 2647 309 2683 (51)
329 2647 375 2675 Sic
391 2655 456 2675 mss.
485 2650 588 2681 nostri;
612 2649 678 2676 edit.
693 2657 769 2681 vero.
789 2659 797 2675 ε
826 2654 953 2677 utrumne
977 2650 1003 2676 in

216 2683 350 2721 praeputio
361 2683 478 2710 Abraha:
492 2683 542 2710 ista
555 2684 627 2711 dicta
641 2690 723 2718 suttt,
745 2693 778 2712 an
793 2693 854 2712 cunt
871 2686 1002 2713 transirot

213 2724 281 2750 μην.
304 2726 313 2742 t
330 2722 384 2744 etc.

252 2751 310 2787 (εἰ)
327 2752 373 2780 Sic
389 2760 439 2780 ms.
452 2761 521 2781 unus
536 2753 637 2788 Regius
649 2762 723 2780 num.
737 2754 816 2782 1659.
830 2755 926 2782 Ctetcri
940 2762 1004 2782 vero

218 2794 283 2824 mss.
299 2793 326 2814 et
341 2788 417 2820 editi,
435 2797 444 2814 ι
465 2795 493 2816 ut
506 2797 554 2824 per
566 2790 618 2816 hoc
635 2794 711 2822 pater
726 2791 803 2817 licret
818 2794 1001 2817 ctiauteorum

217 2822 262 2855 qui
275 2830 300 2849 tn
314 2822 522 2851 etrcutneisiotte
540 2831 688 2850 nascuntur
707 2833 713 2850 :
729 2826 749 2851 si
764 2829 852 2852 tamen
873 2825 906 2852 ad
931 2825 1003 2853 illum

1059 2509 1139 2536 lidetn
1150 2509 1305 2543 pertineant
1320 2516 1381 2544 quae
1396 2509 1422 2535 in
1435 2509 1568 2544 praeputio
1581 2509 1743 2544 jttstiﬁcavit
1764 2510 1828 2536 Abn'

1059 2545 1133 2572 ham.
1149 2544 1271 2571 Eﬂicitur
1289 2552 1354 2580 ergo
1368 2545 1509 2578 utriusque
1526 2546 1636 2579 generis
1654 2551 1741 2580 pater.
1764 2554 1773 2570 t
1792 2551 1828 2569 εκ.

1095 2579 1152 2614 (55)
1172 2580 1257 2612 Alias,
1274 2588 1284 2604 t
1302 2579 1533 2606 circumcisionis.
1556 2589 1566 2605 ι

1095 2614 1152 2651 (54)
1173 2615 1255 2646 Editi,
1274 2623 1283 2640 ε
1298 2614 1325 2641 id
1337 2619 1380 2642 est
1389 2614 1570 2649 signaculum,
1588 2624 1597 2640 ι
1612 2615 1721 2643 omissis
1739 2615 1779 2642 Itis
1788 2619 1822 2639 vet

1059 2650 1113 2681 bis,
1131 2650 1272 2684 t'siguutn,
1291 2659 1301 2676 ›
1318 2654 1372 2677 etc.

1096 2685 1153 2720 (55)
1180 2683 1255 2712 Alias
1271 2704 1279 2718 ,
1308 2694 1318 2711 ι
1337 2684 1375 2712 ita
1403 2684 1455 2711 erit
1476 2683 1564 2712 Filius
1582 2685 1701 2714 hominis
1718 2686 1746 2713 in
1763 2684 1824 2712 eet-it

1059 2725 1150 2753 terrae,
1168 2729 1178 2748 ι
1195 2724 1248 2747 etc.
1430 2721 1432 2723 '

1094 2755 1151 2791 (56)
1168 2755 1253 2791 Alias,
1268 2764 1278 2781 ι
1291 2754 1405 2789 iustitia:
1420 2754 1510 2787 ﬁdem
1527 2760 1582 2784 etc.

1095 2789 1165 2827 (διν)
1182 2789 1225 2818 In.
1242 2790 1321 2819 Deest
1338 2790 1366 2818 in
1381 2791 1474 2819 editis.
