1833 3049
33 117 75 144 975

482 112 658 140 COMMENT.
676 111 709 138 IN
725 109 834 140 EPIST.

851 111 896 138 AD
913 109 998 140 ltOM.
1013 111 1076 139 LIB.
1094 111 1137 139 LV.
1573 115 1626 142 9?!

32 175 116 200 minata
129 172 257 199 videatur.
281 171 414 198 Similiter
427 176 454 198 et
471 171 503 198 de
516 171 748 206 prmvaricatioue,
764 175 791 197 ιιι
805 174 829 202 Α
844 171 921 205 putus
944 171 1016 201 Deo.
1044 177 1071 198 et
1093 171 1178 205 Moysi
1202 171 1302 198 famulo
1325 171 1382 205 eius
1400 173 1439 206 ";
1459 183 1469 200 ι
1485 178 1513 201 et
1528 175 1626 204 iterum

32 228 74 246 non
96 225 195 245 onmem
221 217 474 251 praevaricationem
502 218 664 252 generaliter
689 219 714 244 in
741 218 791 245 hoc

32 265 80 291 loco
89 265 203 290 adstrttat
219 263 388 298 appellatam.
405 263 451 290 sed
473 263 531 297 ejus
542 265 586 298 qui
603 265 629 290 in
646 264 705 298 lege
720 263 793 298 posi-

31 315 65 336 tus
84 309 222 344 deliquerit
246 317 254 336 :
273 314 302 335 ιιι
317 309 427 344 gravius
442 309 569 336 delictum
590 309 714 336 videatur
735 309 792 343 ejus

30 355 65 387 qui
86 362 128 389 per
145 355 228 389 legem
247 355 398 389 prohibitus
421 360 515 390 peccat
538 354 612 389 (76),
634 362 715 389 quant
735 355 793 388 ejus

29 401 65 435 qui
88 400 154 427 nulla
179 400 259 427 fuerit
277 400 336 434 lege
356 401 549 427 commonitus.
569 399 621 428 Sed
636 400 738 427 etillud
753 401 793 426 vi-

29 446 128 472 dendum
143 449 194 477 est.
211 445 273 479 quia
288 454 339 473 non
358 445 427 472 dixit
441 445 586 480 Apostolus
601 446 671 479 qttod
688 445 731 472 ubi
750 445 793 472 lex

27 491 105 520 fuerit.
119 490 151 517 ibi
165 495 191 517 et
204 490 401 523 prmvaricatio,
411 491 458 517 sed
473 491 509 517 ait
526 500 531 516 :
551 500 559 516 ι
572 490 622 517 Ubi
637 498 725 518 autem
740 498 792 517 non

27 539 60 561 est
74 535 122 565 lex.
138 543 186 562 nec
200 535 388 569 pmvaricatio
399 536 430 562 ”.
449 545 458 561 ι
480 534 508 562 lu
522 543 575 570 qtto
588 535 707 563 ostendit
721 536 792 570 quod

27 582 195 614 pra-varicatio
215 582 322 615 quidem
348 589 408 608 esse
422 582 533 608 omnino
548 589 600 608 non
617 582 721 616 possit,
742 581 791 608 nisi

26 626 59 651 let
71 626 160 658 fuerit;
180 634 232 652 non
251 630 339 652 tamen
356 626 379 653 si
392 626 433 653 lex
451 625 495 658 sit,
510 625 583 652 omni
599 633 699 660 genere
712 626 791 653 etiam

25 672 198 704 przeraricatio
219 671 281 698 erit.
313 670 403 698 Potest
419 671 491 698 enim
509 671 566 698 fieri
590 676 618 697 ut
640 672 673 698 sit
690 671 731 698 lex
743 692 749 702 .
767 675 794 698 et

25 715 197 748 prmvaricatio
222 723 275 742 non
298 715 332 742 sit
355 723 433 743 :non
457 720 543 750 potest
569 720 657 743 tamen
683 715 739 742 ﬁeri
764 721 793 742 ut

23 761 197 792 purvaricatio
211 761 264 792 sit,
283 761 327 788 ubi
350 760 391 787 lex
409 769 461 788 non
479 767 530 789 est.
550 761 617 788 Nam
631 766 657 788 et
672 762 694 788 si
711 761 792 796 Moysi

23 807 96 840 legent
113 815 260 841 ponamus,
284 814 336 833 non
361 807 489 833 continuo
503 807 558 842 (77)
574 814 669 834 omnes
681 807 726 842 qtti
742 807 792 835 sub

22 852 94 887 Moysi
110 852 165 887 lege
182 853 318 884 vixerunt,
335 853 361 878 in
377 853 600 886 prtevarieatione
624 852 686 879 facti
702 857 766 879 sunt
783 861 790 878 :
807 845 827 874 Β

21 898 128 931 alioquin
144 898 224 924 simul
242 903 267 924 ct
280 898 445 932 prophetas,
465 903 491 925 et
503 905 598 926 omnes
613 899 702 934 jusms
717 897 790 924 vitle-

19 951 71 969 mur
85 943 241 970 involvere:
255 944 305 969 nisi
319 943 388 970 forte
402 944 474 970 dicat
488 943 684 978 aliquisjustos
697 950 791 971 omnes

18 993 40 1014 et
54 989 195 1022 prophetas
215 997 267 1015 non
285 994 338 1014 tam
354 989 403 1015 sub
421 989 497 1024 lege,
514 997 594 1023 quam
619 989 669 1016 sub
683 989 736 1017 ﬁde
753 990 792 1016 vi-

17 1033 96 1065 xisse;
127 1039 282 1068 peccatores
307 1041 370 1060 vero
396 1039 423 1060 et
448 1034 561 1068 injustas
590 1034 656 1067 legis
677 1034 792 1061 vinculis

17 1078 91 1106 fuisse
106 1080 279 1113 constrictos,
294 1079 361 1106 sicut
380 1084 406 1107 et
420 1079 564 1113 Apostolus
578 1080 688 1107 dicit“:
701 1089 711 1106 ι
725 1080 790 1113 Quia

12 1124 78 1157 justo
91 1125 131 1152 lex
150 1133 202 1152 non
226 1129 266 1152 est
280 1126 377 1159 posita,
400 1125 446 1152 sed
465 1125 570 1159 injustis
585 1131 613 1152 et
632 1133 684 1153 non
700 1125 792 1153 subdi-

16 1173 60 1203 tis,
84 1172 175 1207 impiis
199 1177 224 1198 et
247 1172 453 1205 peccatoribus,
479 1172 602 1199 scelestis
621 1177 647 1199 et
661 1172 790 1207 profanis,

14 1219 151 1251 patric-iiiis
169 1222 197 1245 et
211 1218 361 1245 matricidis
371 1238 378 1249 ,
394 1218 538 1245 homicidis
548 1238 554 1249 ,
570 1217 791 1249 foruicatoribus,

14 1264 193 1291 maseulorttm
211 1264 441 1295 concubitoribus,
459 1263 652 1298 plagiatoribtts
663 1283 670 1295 ,
683 1263 793 1290 menda-

15 1309 96 1342 cibus,
112 1309 241 1344 perjuris,
260 1313 286 1336 et
300 1309 321 1336 si
337 1309 401 1344 quid
420 1309 490 1335 aliud
514 1316 586 1336 same
601 1308 730 1335 doctrina:
744 1309 788 1335 ad-

12 1361 145 1383 versatur.
163 1365 172 1381 ι
197 1355 272 1388 Quod
289 1355 310 1381 si
326 1355 426 1382 talibus
440 1354 482 1382 lex
495 1354 582 1389 posita
597 1359 647 1386 est,
671 1361 722 1380 non
744 1353 792 1381 tibi

13 1401 91 1428 multo
117 1401 247 1429 meliores
271 1401 308 1428 illi
331 1400 493 1428 videbuntur
507 1401 539 1427 de
552 1400 651 1434 quibus
670 1400 767 1427 dicitur
783 1406 791 1426 :

12 1455 20 1470 ι
35 1446 100 1473 Cum
114 1448 190 1474 enim
206 1451 309 1481 gentes,
332 1453 391 1480 qum
406 1445 489 1480 legem
506 1452 557 1472 nou
583 1445 692 1476 habettl,
715 1449 792 1471 natu-

12 1491 100 1518 raliter
115 1499 178 1526 qua:
193 1491 258 1525 legis
271 1495 334 1518 sunt
350 1490 461 1524 faciunt,
474 1490 627 1523 hujusmodi
641 1489 726 1524 legem
740 1497 790 1516 non

12 1537 152 1568 habentes,
169 1537 220 1570 ipsi
235 1536 285 1563 sibi
299 1541 362 1562 sunt
378 1536 432 1575 lex,
448 1536 492 1570 qui
515 1535 662 1563 ostendunt
674 1542 741 1569 opus
753 1535 792 1561 ἰε-

12 1582 46 1613 gis
58 1583 194 1618 scriptum
211 1583 237 1609 in
250 1582 377 1609 cordibus
388 1583 455 1612 suis,
469 1581 650 1608 testimonium
664 1580 792 1608 reddente

12 1630 42 1655 :is
63 1628 235 1655 conscientia
252 1628 284 1654 ¹⁸.
302 1637 311 1653 ι
340 1627 371 1654 Et
387 1632 539 1654 statuamus
563 1631 625 1653 ante
641 1626 734 1653 oculos
746 1646 752 1658 ,
770 1626 791 1653 si

12 1676 115 1702 ridetur
129 1696 137 1708 ,
159 1676 226 1702 duos
251 1674 370 1708 aliquos,
389 1673 461 1700 verbi
478 1673 564 1707 gratia
576 1693 583 1705 ,
602 1672 647 1706 qui
662 1680 721 1698 cum
738 1679 793 1698 ma-

12 1721 86 1748 sculis
105 1729 162 1747 non
187 1720 392 1746 concubucrttnt
414 1717 558 1745 concubitu
576 1717 700 1744 muliebri
715 1717 790 1751 (78);

12 1775 87 1794 nnun
104 1774 139 1793 cx
158 1767 201 1793 his
222 1769 355 1800 praecepto
379 1764 444 1797 legis
468 1763 649 1797 prohibitum,
675 1762 753 1796 cujus
770 1762 792 1788 si

13 1817 109 1838 uetum
129 1819 185 1838 non
204 1810 353 1840 habuisset,
371 1809 485 1835 fortasse
504 1808 614 1835 fecisset
637 1816 644 1833 :
669 1812 697 1834 ct
710 1806 791 1833 alium

12 1858 46 1891 ιιιί
64 1857 188 1891 propriae
205 1855 302 1882 mentis
322 1854 424 1888 judicio
448 1852 631 1887 hujuscemodi
653 1851 791 1885 contagio-

12 1911 60 1929 icm
78 1910 115 1930 ne
132 1901 312 1936 cogitationes
324 1899 430 1934 quidem
449 1906 513 1926 suas
529 1899 604 1925 adire
619 1898 791 1932 permiserit:

12 1955 89 1974 mune
117 1947 206 1974 multo
224 1945 296 1971 illum
314 1944 443 1979 praeferas
466 1944 510 1979 qui
531 1943 603 1970 nulla
621 1944 687 1978 legis
709 1944 793 1973 inter-

12 1992 156 2019 ‘tittttlionc
170 1990 327 2021 deterritus.
346 1989 492 2016 immunem
509 1996 538 2016 se
553 1997 567 2015 a
586 1988 680 2023 ﬂagitii
695 1993 791 2015 conta-

12 2039 157 2065 ninatione
193 2035 330 2063 servavit?
358 2035 491 2062 Similiter
524 2035 604 2062 etiam
631 2035 663 2061 de
687 2035 792 2061 cmteris

14 2084 127 2112 cccatis
145 2083 167 2110 si
185 2083 315 2109 habeatur
327 2088 450 2108 examen.
465 2081 496 2107 Et
509 2081 567 2107 ideo
580 2080 635 2107 sive
651 2080 733 2115 Moysi
750 2080 792 2107 lex

16 2130 196 2164 ttelligatur,
219 2128 276 2154 sive
291 2128 373 2154 etiam
386 2134 417 2154 ea
431 2134 491 2161 quae
508 2127 534 2153 in
550 2127 649 2153 nostris
663 2125 792 2153 membris

805 1512 826 1541 (Ξ

1432 195 1439 207 θ

844 217 973 244 Dominus
984 217 1010 244 iu
1026 217 1170 253 Evangelio
1184 218 1258 245 dicat
1272 227 1279 246 :
1299 228 1308 244 ι
1324 219 1351 246 Si
1365 220 1514 248 crederetis
1529 221 1626 258 Moysi.

842 263 990 290 crederetis
1014 264 1106 297 utique
1131 268 1158 291 ct
1181 264 1246 291 mihi
1273 271 1281 291 :
1304 265 1338 293 de
1351 273 1394 292 me
1408 267 1542 294 enimille
1559 269 1624 294 scri-

843 309 895 342 psit
911 309 941 334 ¹⁷.
958 317 966 334 ι
985 309 1124 336 Videbitur
1134 309 1206 336 enim
1224 310 1293 338 sicut
1304 312 1336 337 de
1346 318 1375 338 se
1386 311 1465 344 dixit,
1478 313 1541 347 quia
1558 323 1567 338 ‹
1580 315 1626 348 qui

843 354 927 381 credit
943 355 968 381 in
989 362 1048 386 me,
1063 355 1147 382 credit
1165 360 1191 383 et
1216 357 1241 383 in
1269 364 1330 384 eum
1347 357 1392 392 qui
1408 358 1480 385 misit
1496 367 1538 385 me
1555 360 1593 391 η.
1613 369 1623 386 ι

844 399 879 426 ita
895 405 921 427 et
935 400 966 427 de
983 400 1074 436 Moyse
1088 401 1189 434 dicere,
1206 402 1276 436 quod
1295 412 1305 428 ι
1321 403 1343 429 si
1362 404 1512 432 crederetis
1527 404 1624 440 Moysi,

843 444 990 471 crederetis
1018 445 1110 479 utique
1132 450 1160 472 et
1177 446 1253 473 mihi.
1276 455 1285 472 ι
1308 447 1348 473 Ad
1363 447 1433 482 quod
1451 449 1626 482 respondebi-

844 496 913 520 mus,
928 488 991 523 quia
1009 489 1072 515 illud
1089 489 1159 523 quod
1173 490 1274 517 dictqu
1289 495 1330 518 est
1346 491 1372 518 in
1391 492 1496 519 deserto
1508 513 1516 526 ,
1537 502 1546 519 ι
1560 493 1627 522 Cro-

844 534 911 561 didit
925 534 1038 568 popttlus
1054 534 1120 567 Dt-o,
1137 540 1164 562 et
1177 535 1261 570 Moysi
1277 536 1375 564 famulo
1392 537 1459 571 ejus,
1476 547 1485 562 ι
1505 540 1625 567 narratio

844 583 903 612 est,
928 587 979 614 qua
1003 581 1155 607 ostenditur
1179 581 1249 615 quod
1268 589 1314 615 per
1329 582 1512 610 ministerium
1540 583 1624 619 Moysi

843 631 898 658 quo
919 625 994 659 signa
1009 628 1033 652 et
1050 625 1182 651 mirabilia
1203 626 1384 658 ministravit,
1401 628 1513 662 populus
1535 630 1624 656 credi-

844 670 882 696 dit
904 670 957 697 Deo
975 678 982 696 :
1002 670 1027 696 in
1051 671 1102 698 ltoc
1126 672 1207 698 verbo
1231 673 1275 698 ubi
1302 673 1383 706 dicit,
1405 682 1413 698 I
1431 673 1460 701 Si
1479 675 1625 703 crederetis

843 713 939 749 Moysi,
957 715 1102 742 crederetis
1124 716 1216 750 utique
1231 721 1256 744 et
1272 717 1348 750 mihi,
1366 727 1375 743 ι
1403 719 1492 753 arguit
1509 719 1624 748 inﬁdeli-

846 763 926 786 tatem
941 768 1035 787 eorum
1050 761 1095 795 qui
1115 761 1177 788 dum
1194 763 1245 790 sibi
1262 771 1314 790 non
1337 764 1463 797 credunt,
1480 767 1627 794 ostendunt

843 812 872 832 se
889 813 940 832 nec
960 805 1045 841 Moysi
1069 806 1167 834 litteris
1180 809 1291 836 credere
1308 809 1335 836 in
1351 810 1447 844 quibus
1464 811 1497 837 de
1510 812 1623 838 adventu

843 849 942 877 Christi
956 851 1105 885 prophetali
1123 859 1249 881 sertnone
1262 855 1486 889 comprehensum
1499 860 1541 884 est
1554 865 1561 884 :
1580 857 1625 884 tibi

842 903 907 924 vero
924 896 996 927 dicit,
1016 906 1025 922 ι
1043 897 1092 930 Qui
1115 899 1202 926 credit
1226 900 1253 926 iu
1271 907 1324 934 me,
1346 901 1432 928 credit
1455 902 1481 928 in
1502 910 1562 929 cum
1579 903 1624 937 qui

843 940 915 966 misit
928 948 978 971 me,
996 950 1007 967 ›
1026 948 1099 976 spem
1115 943 1281 972 credentium
1298 945 1386 973 elevat
1401 954 1485 981 usque
1498 948 1530 973 ad
1543 948 1624 975 Deum

841 984 961 1018 Patrem,
972 991 1000 1013 ut
1013 986 1082 1014 sicut
1097 989 1158 1022 quis
1172 996 1233 1016 cum
1250 990 1323 1017 videt
1337 983 1393 1028 (70)
1409 992 1515 1026 Filium,
1525 994 1625 1022 vidisse

842 1037 872 1057 se
887 1031 954 1057 sciat
967 1035 992 1058 et
1005 1031 1113 1060 Patrem
1130 1034 1170 1065 η,
1188 1034 1223 1061 ita
1240 1042 1301 1062 cum
1325 1037 1411 1064 credit
1431 1037 1519 1071 Filio,
1537 1039 1626 1067 credi-

843 1075 913 1103 disse
930 1083 959 1103 se
970 1076 1027 1112 (80)
1039 1078 1107 1105 sciat
1120 1082 1146 1105 et
1159 1078 1242 1107 Patri.

877 1121 904 1149 5.
929 1131 938 1147 ι
958 1122 1019 1149 Ideo
1037 1130 1070 1150 ex
1084 1123 1145 1156 tide,
1159 1128 1188 1151 ut
1203 1125 1350 1153 secundum
1367 1128 1482 1161 gratiam
1497 1128 1574 1156 firma
1590 1131 1626 1157 sit

843 1167 985 1200 promissio
1008 1168 1080 1195 omni
1107 1169 1222 1201 semini,
1243 1177 1295 1197 non
1318 1170 1342 1198 ei
1358 1171 1413 1206 (8t)
1431 1173 1502 1207 qttod
1517 1180 1550 1200 ex
1567 1173 1625 1209 lege

842 1218 883 1239 est
896 1216 1011 1246 tantum,
1029 1214 1077 1240 sed
1092 1214 1152 1241 etei
1170 1214 1225 1250 (82)
1237 1216 1308 1250 qttod
1327 1223 1359 1243 ex
1377 1216 1429 1243 ﬁde
1440 1222 1481 1245 est
1496 1218 1624 1252 Abrahm,

843 1257 888 1292 qui
906 1263 948 1284 est
962 1262 1037 1293 pater
1048 1259 1168 1286 omnium
1188 1263 1310 1287 nostrum
1324 1261 1405 1294 (sicut
1416 1262 1545 1296 scriptum
1563 1267 1623 1291 est:

843 1303 910 1336 Quia
928 1309 1030 1338 patrem
1049 1304 1192 1332 multarum
1211 1305 1330 1340 gentium
1343 1307 1417 1340 posui
1433 1307 1469 1343 te)
1487 1313 1549 1336 ante
1562 1316 1625 1337 eum

843 1349 885 1376 cui
902 1349 1017 1376 credidit
1034 1349 1091 1384 (83)
1109 1350 1208 1382 Deum,
1235 1352 1280 1385 qui
1304 1352 1421 1379 vivilicut
1445 1359 1585 1387 mortuos,
1598 1359 1625 1381 et

844 1400 922 1423 vocat
933 1403 963 1422 ea
977 1403 1036 1430 quae
1053 1403 1105 1423 non
1121 1401 1199 1429 sunt,
1218 1401 1344 1433 tauquam
1360 1406 1391 1425 ea
1406 1406 1466 1434 qua:
1480 1405 1543 1427 sunt
1558 1399 1592 1428 “.
1613 1409 1623 1425 ι

844 1440 872 1468 lu
900 1435 1086 1476 superioribus
1110 1441 1311 1470 distinctionem
1343 1443 1417 1471 dedit
1440 1445 1572 1472 mercedis
1598 1451 1626 1473 et

843 1486 946 1521 gratiae,
966 1486 1060 1513 dicens
1074 1488 1226 1514 mercedem
1238 1495 1294 1515 rem
1317 1488 1399 1515 debiti
1416 1496 1491 1521 esse;
1510 1490 1624 1524 gratiam

844 1537 934 1559 autem
951 1532 1049 1560 nullius
1064 1540 1123 1560 esse
1139 1533 1239 1566 debiti,
1253 1533 1299 1561 sed
1315 1533 1507 1561 benevolentia:
1522 1535 1625 1562 beneﬁ-

844 1577 926 1604 cium.
957 1577 989 1604 Et
1013 1578 1038 1605 in
1056 1579 1180 1612 prtesenti
1204 1586 1268 1614 ergo
1294 1579 1354 1607 loco
1370 1581 1515 1607 ostendere
1534 1582 1626 1610 volens

844 1622 927 1649 Deum
950 1623 1133 1650 barreditatem
1160 1625 1369 1659 promissionum
1396 1634 1447 1653 nou
1475 1634 1507 1654 ex
1524 1627 1626 1660 debito.

844 1669 891 1695 sed
906 1676 953 1703 per
968 1669 1081 1703 gratiam
1104 1669 1187 1701 dare,
1213 1670 1278 1697 dicit
1300 1671 1362 1705 quia
1389 1672 1532 1700 litereditas
1544 1681 1558 1700 ιι
1571 1673 1626 1702 Deo

845 1713 886 1739 his
899 1713 944 1748 qui
961 1715 1090 1747 credunt,
1108 1721 1160 1741 non
1175 1721 1207 1741 ex
1227 1715 1359 1743 mercedis
1378 1716 1485 1749 debito,
1501 1718 1547 1745 sed
1565 1718 1626 1746 ﬁdei

845 1767 955 1787 munere
969 1759 1142 1787 concedatur.
1174 1759 1252 1787 Sicut
1271 1761 1342 1787 enim
1358 1760 1398 1796 (ut
1412 1763 1526 1797 exempli
1544 1771 1626 1791 causa

845 1805 969 1839 dixerim)
989 1805 1039 1832 hoc
1052 1806 1122 1839 quod
1147 1805 1316 1833 subsistimus
1342 1814 1394 1834 non
1409 1812 1498 1843 potest
1514 1809 1625 1845 intelligi

844 1851 919 1886 quasi
939 1851 995 1886 (84)
1016 1859 1048 1878 ex
1069 1851 1159 1885 operis
1179 1852 1263 1879 nostri
1287 1854 1410 1880 mercede
1436 1855 1625 1890 subsistamus,

844 1897 890 1924 sed
908 1897 1048 1924 evidenter
1065 1897 1108 1924 Dei
1134 1905 1231 1925 muntts
1248 1903 1287 1924 est
1302 1899 1372 1932 quod
1389 1907 1498 1931 sumus.
1524 1906 1551 1928 et
1563 1909 1626 1936 gra-

846 1945 881 1971 tia
891 1942 1043 1971 Conditoris
1055 1963 1062 1974 ,
1084 1943 1128 1977 qui
1147 1950 1208 1971 esse
1222 1951 1269 1970 uos
1284 1944 1366 1971 voluit
1382 1954 1389 1972 ;
1409 1946 1444 1972 ita
1459 1951 1485 1973 et
1501 1947 1525 1973 si
1539 1947 1627 1975 hatre-

845 1989 955 2016 ditatem
970 1988 1178 2023 promissionum
1196 1989 1240 2016 Dei
1253 1989 1390 2024 capiamus
1401 2010 1408 2023 ,
1425 1991 1521 2019 divinte
1533 1994 1627 2027 gratia:

845 2038 895 2064 est,
915 2041 966 2060 non
982 2033 1094 2066 alicujus
1111 2033 1193 2061 debiti
1210 2039 1255 2061 aut
1267 2035 1357 2069 operis
1375 2043 1488 2063 merces.
1510 2038 1585 2070 Quod
1603 2039 1627 2066 si

815 2083 818 2086 ’
844 2079 914 2106 forte
925 2078 1047 2105 videatur
1063 2078 1113 2104 hoc
1131 2077 1216 2112 ipsum
1234 2079 1304 2113 quod
1319 2080 1417 2107 dicitur
1432 2088 1464 2107 ex
1482 2080 1550 2114 ﬁde,
1573 2089 1626 2109 non

845 2132 905 2152 esse
918 2125 1017 2159 gratis,
1036 2125 1133 2159 quippe
1158 2125 1179 2151 si
1203 2125 1338 2152 offerenda
1363 2127 1399 2153 sit
1419 2126 1486 2154 tidcs
1503 2128 1577 2161 prius
1594 2128 1626 2155 ab

12 2181 45 2207 st,
63 2180 93 2201 et
108 2175 184 2201 iram
200 2178 336 2208 operatur,
350 2181 401 2199 non
414 2176 527 2206 possunt
541 2172 586 2205 qui
598 2179 630 2198 cx
646 2171 703 2206 ipsa
718 2175 791 2202 sunt,
810 2180 830 2207 ο
846 2171 964 2204 homine,
980 2175 1007 2198 et
1021 2171 1055 2197 ita
1070 2178 1083 2196 a
1100 2170 1155 2198 Deo
1167 2172 1254 2204 gratia
1268 2173 1444 2205 promet-entia
1463 2181 1469 2199 :
1485 2173 1546 2200 audi
1558 2181 1625 2207 quo-

12 2222 126 2248 :eredes
143 2227 206 2247 esse
217 2240 224 2250 ,
244 2219 290 2246 sed
306 2218 340 2245 illi
356 2219 399 2252 qui
417 2222 480 2245 sunt
495 2225 526 2244 ex
544 2218 600 2252 lege
614 2217 672 2244 ﬁdei
687 2226 693 2243 :
711 2216 793 2251 528

13 2268 56 2294 dei
75 2270 176 2293 autem
194 2265 264 2291 illitis
281 2271 314 2291 ex
327 2272 379 2298 qua
399 2263 563 2297 justiticatus
587 2267 627 2289 est
646 2261 792 2288 Abraham.

12 2314 46 2339 ed
68 2313 196 2339 fortasse
215 2309 336 2343 requirat
360 2309 460 2344 aliquis
486 2308 619 2342 quomodo
635 2315 686 2334 non
706 2312 733 2333 et
748 2306 793 2341 qui

16 2358 42 2384 th
66 2358 135 2392 lege
154 2356 239 2392 Moysi
266 2360 323 2385 est.
348 2357 398 2381 sub
424 2353 481 2388 lege
506 2353 566 2380 ﬁdei
584 2360 644 2380 esse
660 2352 792 2385 videatur,

16 2412 55 2430 un
76 2403 219 2437 scriptum
236 2402 271 2429 sit
293 2401 319 2428 in
334 2400 427 2427 Exodo
446 2409 451 2426 :
472 2409 482 2425 ι
498 2399 617 2426 Credidit
642 2403 731 2424 autem
745 2405 793 2432 po-

309 2470 330 2486 ”
347 2468 355 2496 Ι
371 2469 440 2496 Tim.
455 2477 474 2495 t.
491 2469 518 2499 9,
537 2468 578 2494 l0.

26 2473 51 2488 ¹³
69 2473 161 2499 Rom.
174 2478 211 2501 tv,
228 2471 270 2497 15.
309 2471 330 2486 “
347 2471 354 2496 Ι
371 2471 440 2496 Tim.
455 2477 474 2495 t.
491 2471 518 2499 9,
537 2471 578 2494 l0.
618 2471 639 2485 ¹⁵
655 2471 729 2493 Ιςιιιιι.
750 2474 757 2492 ι

33 2529 40 2535 _
69 2508 87 2534 4
98 2507 124 2533 ι.
182 2506 202 2521 η
220 2504 297 2532 Joau.
316 2513 370 2535 xtv,
386 2505 413 2532 9.
464 2504 486 2519 ¹⁹
506 2504 582 2530 Itoni.
602 2510 639 2535 tv,
656 2502 697 2534 l6,
717 2501 760 2528 ΓΙ.

12 2517 40 2539 ιι,
69 2508 87 2534 4
98 2507 124 2533 ι.
182 2506 202 2521 ”
220 2504 297 2532 Joau.
316 2513 370 2536 xtv,
386 2505 413 2532 9.

24 2566 90 2599 (7U)
117 2563 205 2594 Editi,
223 2572 233 2588 ι
251 2562 407 2596 prohibetur
422 2567 449 2599 et
465 2565 568 2599 peccat.
586 2570 594 2586 ι
624 2594 639 2599 ᾖ
662 2595 666 2599 _
696 2594 711 2599 Π

24 2594 90 2635 (71)
118 2599 169 2625 Sic
195 2594 289 2635 omnes
314 2604 399 2635 uisa,
426 2594 556 2635 ltahanus
574 2600 601 2622 et
623 2594 793 2622 Salodianus.

12 2630 98 2661 τοῖιειίὶ
114 2640 186 2660 vero
200 2632 277 2664 editi,
296 2641 305 2657 ι
316 2631 371 2658 Non
385 2631 436 2658 etsi
451 2630 534 2665 Moysi
550 2631 636 2665 legent
653 2635 795 2664 ponamus,

12 2671 151 2698 ultimm,
169 2677 177 2692 ι
199 2671 251 2694 etc,

22 2705 90 2739 (78)
118 2701 330 2739 Ιιςιέῐιίιιιειηιικ
352 2700 416 2739 editi
440 2707 505 2727 vero
522 2704 564 2739 __et_
585 2706 650 2726 mss.
673 2698 795 2739 ortnldam,

17 2733 85 2764 ιὶυιῖ
115 2737 251 2771 petierint
279 2735 450 2771 concubitum
475 2734 644 2771 muliebrem.
663 2743 672 2758 ι
701 2733 794 2760 Canter":

13 2783 55 2799 με.
82 2768 194 2802 nostri,
214 2781 223 2796 ι
242 2778 294 2796 non
309 2770 523 2803 concupiverunt
539 2779 548 2794 ι
564 2768 625 2804 [al.,
643 2777 652 2793 ι
664 2776 724 2799 ,ιιοη
737 2775 796 2795 con-

12 2805 158 2840 ipicrintl
176 2804 350 2833 concubitum
366 2804 535 2832 muliebrem.
556 2813 566 2830 ι

618 2462 641 2485 ¹¹έ
655 2467 729 2493 Rom.
750 2474 781 2499 tt,
800 2466 843 2496 lt,
861 2466 904 2492 l5.

810 2501 830 2516 ²¹
849 2501 931 2528 lCot‘.
945 2507 995 2532 xtl,
1008 2499 1035 2525 8.

845 2217 924 2243 modo
943 2217 968 2243 in
991 2215 1052 2242 aliis
1067 2216 1148 2243 etiatn
1166 2216 1198 2242 de
1215 2216 1265 2243 hoc
1283 2216 1352 2243 idem
1365 2217 1512 2251 Apostolus
1537 2219 1626 2247 docet.

845 2262 948 2288 Etenim
975 2261 1018 2288 ubi
1041 2267 1179 2289 enumerat
1203 2262 1271 2288 dona
1297 2262 1468 2296 Spiritus“,
1485 2271 1545 2297 qua:
1563 2263 1626 2290 dicit

843 2306 993 2333 secundum
1010 2313 1162 2332 mensuram
1182 2306 1240 2333 ﬁdei
1253 2307 1427 2334 credentibus
1440 2307 1514 2338 dari,
1535 2307 1570 2334 ibi
1588 2307 1627 2334 in.

844 2355 884 2377 ter
899 2355 997 2378 erctcra
1016 2350 1096 2377 etiam
1116 2351 1213 2377 donum
1229 2351 1290 2378 ﬁdei
1313 2352 1411 2378 asserit
1433 2358 1481 2386 per
1497 2351 1626 2386 Spiritum

845 2401 965 2423 sanctum
988 2395 1079 2422 tribui.
1109 2395 1172 2423 Post
1197 2396 1280 2422 multa
1295 2404 1411 2431 nataque
1436 2398 1472 2424 ita
1497 2398 1579 2424 etiam
1595 2398 1629 2426 de

954 2465 974 2480 ¹⁶
989 2464 1073 2491 Exod.
1087 2471 1143 2496 xw,
1165 2463 1211 2491 3t.
1258 2464 1279 2480 ¹⁷
1294 2463 1373 2491 Joan.
1389 2471 1415 2497 v,
1431 2464 1475 2491 46.
1513 2464 1536 2480 ⁸⁸
1549 2463 1627 2492 Joan.

881 2556 936 2590 ('70)
956 2556 1042 2588 Alias,
1058 2565 1067 2581 ι
1085 2556 1129 2589 qui
1146 2554 1227 2582 videt.
1245 2564 1254 2581 ι

878 2589 934 2626 (80)
954 2591 998 2618 Se.
1019 2592 1098 2618 Deest
1111 2591 1137 2616 iu
1152 2595 1232 2616 antea
1245 2589 1336 2617 editis.

878 2627 934 2689 $81)
955 2626 1038 2666 A'lias,
1061 2635 1069 2651 ι
1088 2626 1145 2666 qui.
1167 2633 1176 2650 ι

892 2662 935 2689 82)
957 2661 1040 2689 Altas,
1062 2669 1071 2685 ι
1089 2667 1146 2689 (IIII.
1165 2669 1173 2683 ι

885 2660 935 2696 ζῖξὶ)
957 2661 1040 2696 Alias,
1062 2669 1071 2685 ι
1089 2660 1173 2696 (ιιιί.)

892 2697 934 2731 85)
954 2695 1038 2728 Alias,
1056 2704 1065 2720 ι
1077 2700 1140 2722 ante
1153 2694 1235 2721 Dettm
1249 2694 1292 2721 cui
1308 2693 1536 2728 creilidisti;ial.,
1555 2701 1633 2722 «cre-

846 2731 923 2759 ditlil.
939 2739 948 2756 ι

882 2766 937 2800 (84)
957 2763 1025 2790 Editi
1041 2768 1074 2803 _et
1091 2771 1157 2791 mss.
1173 2763 1274 2798 plures,
1294 2773 1303 2791 ι
1320 2765 1383 2799 quia
1399 2773 1421 2792 ι,
1437 2762 1547 2791 Rectius
1563 2770 1630 2790 mss.

847 2808 925 2831 unus.
943 2809 952 2825 1
970 2806 1057 2830 (10851.
1075 2808 1084 2823 ν
