1833 3049
5 123 22 149 il
433 121 607 150 CUMMENT.
628 123 660 150 IN
678 123 786 151 EPIST.
808 123 854 151 AD
870 123 952 151 “OM.
970 123 1033 150 LIB.
1053 122 1097 151 IV.

1529 125 1584 153 08!

5 182 77 217 "gulis
94 181 243 216 quibusque
270 191 328 215 utne
353 184 480 214 credunt.
500 185 558 211 sive
583 185 616 212 de
649 193 741 212 resur-
757 187 779 216 Α
794 185 915 212 irritatur
934 192 940 210 ;
956 184 1046 211 omnia
1066 183 1173 216 tolerat,
1192 183 1282 211 omnia
1300 183 1397 215 credit,
1417 184 1506 210 omnia
1523 193 1583 219 spv-

7 228 83 254 rtione
96 231 273 261 mortuorum,
287 228 345 255 sive
361 228 395 258 de
409 229 568 257 ha-rcditate
595 231 669 265 regni
687 238 744 258 etn-

5 279 62 298 rum.
79 271 138 298 Ilaec
156 272 238 303 enim.
259 275 390 306 quantum
406 274 439 299 ad
453 279 579 301 naturam
595 275 744 305 humanam

5 321 76 347 eetat,
92 321 184 343 contra
199 324 274 351 spem
291 317 432 349 videnlur;
450 324 580 353 quantum
600 325 691 350 autem
710 321 744 348 ad

5 362 105 389 tentiam
136 362 202 394 Dei,
222 363 248 390 in
265 371 340 398 spem
367 365 515 394 creduntur
538 365 596 401 (6);
621 367 744 401 exentplo

5 407 98 434 trahant
125 408 264 437 credentis
292 409 354 443 quia
391 419 401 435 ‹
418 417 588 446 quaecunque
618 413 745 446 promisit

5 460 46 483 eus.
60 458 153 487 potens
166 459 210 482 est
223 459 249 482 et
264 454 353 485 facere
368 456 411 488 ‘7;
440 466 448 482 ι
467 457 491 487 si
517 463 604 489 tamen
629 459 672 487 his
696 459 744 494 qui

5 498 74 524 edunt
91 504 197 526 maneat
220 500 299 534 ﬁdes,
313 510 385 536 spes,
411 507 437 529 et
453 503 587 532 charitas.
618 504 651 532 Et
679 510 744 539 puto

5 544 35 569 rod
46 544 127 577 prima
141 544 237 574 salutis
252 545 340 579 initia,
360 553 389 575 et
405 548 462 582 ipsa
484 548 661 581 fundamenta
678 550 744 578 ﬁdes

5 594 27 614 t:
43 590 176 622 profectus
190 598 255 619 vero
267 598 293 619 et
313 599 458 628 augmenta
477 594 586 622 tediﬁcii
604 603 666 632 spes
680 601 743 623 est:

6 635 86 662 rfertio
105 641 196 663 autem
215 642 243 665 et
258 639 365 666 culmen
385 640 468 667 totius
489 641 580 677 operis
596 642 718 669 charitas
735 650 742 669 :

9 680 59 708 ideo
79 682 187 717 (major
211 684 334 712 omnium
349 694 359 711 ›
384 685 484 714 dicitur
510 695 519 711 ι
535 686 657 715 charitas
684 687 717 714 θ’.
730 697 740 715 ι

9 729 44 751 tur
55 727 188 755 Abraham
206 737 215 755 ι
227 734 321 757 contra
333 737 408 763 spem
427 730 453 758 in
472 739 546 765 spem
558 732 670 759 credidit
683 753 691 766 ,
715 737 744 759 ut

5 776 39 797 ter
55 772 127 799 ﬁeret
137 774 286 801 multarum
302 775 423 809 gentium
439 785 448 802 ι
465 783 525 811 quae
543 776 641 804 futurae
652 783 744 806 essent

6 821 29 844 ut
48 818 128 846 stellae
152 820 225 852 caeli;
250 828 302 848 non
323 820 411 850 solum
434 822 626 856 multitudine,
647 823 694 851 sed
716 828 744 850 et

8 862 100 890 ritate:
115 865 219 899 quique
232 867 403 900 promittenti
425 868 463 902 (Ἰ)
484 868 599 895 ﬁdeliter
617 869 740 901 credens,

5 915 45 939 οη.
57 909 151 943 inquit,
173 911 326 941 intirruatus
341 917 380 940 est
397 913 472 943 [ideo
485 914 563 946 Quod
580 914 657 948 dicit,
672 924 740 943 utou

5 953 103 983 innatus
122 961 166 983 est
192 956 255 987 ﬁde.
268 967 278 983 ι
302 960 448 986 ostendero.
471 959 538 988 mihi
555 960 661 987 videtur
681 969 741 989 esse

5 999 95 1026 trudam
115 1000 305 1029 inﬁrmitatem
326 1002 352 1029 iu
372 1003 434 1030 ﬁde.
458 1004 535 1036 Quod
560 1005 583 1032 si
606 1011 647 1032 est
666 1007 742 1034 inﬁr-

5 1049 46 1075 tas,
63 1050 102 1073 est
116 1047 275 1074 sine'dubio
297 1053 323 1075 et
346 1049 468 1082 sanitas,
495 1051 566 1078 sicut
585 1057 612 1078 et
632 1052 658 1078 in
682 1053 742 1080 aliis

5 1092 80 1124 endit,
98 1099 160 1122 eum
173 1095 239 1121 dicit
254 1106 259 1122 ;
277 1107 286 1120 ι
301 1094 412 1130 lucrepa
434 1096 496 1124 illos
511 1099 624 1130 acriter,
639 1103 670 1126 ιιι
682 1101 740 1127 sani

6 1137 50 1163 tiu
66 1137 116 1165 ﬁde
132 1138 167 1165 ".
180 1148 189 1164 ι
207 1139 304 1167 Beatus
320 1148 386 1175 ergo
400 1146 442 1170 est
459 1143 504 1176 qtri
518 1151 569 1171 non
587 1144 742 1175 inﬁrmatur

5 1180 56 1208 Iide.
74 1182 102 1211 Si
117 1191 183 1210 vero
195 1185 256 1218 quis
270 1185 434 1216 inﬁrnretur.
455 1196 549 1214 curam
564 1190 624 1223 ejus
637 1190 742 1217 descri-

18 1227 156 1260 Apostolus
181 1237 244 1256 cum
260 1231 345 1259 dicit:
362 1241 371 1257 ι
393 1233 575 1261 luﬁrmauteut
600 1241 688 1263 autem
713 1244 740 1263 ιιι

5 1278 11 1298 ι
25 1274 164 1307 asstttnite,
179 1283 233 1302 nou
246 1276 272 1304 iu
284 1277 525 1312 disceptationibus
534 1281 739 1315 cogitationum.

5 1325 24 1343 ιιι
50 1319 117 1347 alius
141 1321 227 1348 credit
252 1323 416 1351 manducare
443 1326 553 1358 oumia;
580 1327 625 1361 qui
649 1332 739 1354 autem

5 1365 76 1392 irnrus
95 1370 155 1398 est,
173 1367 247 1394 olera
266 1370 411 1397 manducet
423 1370 456 1396 ⁷⁸.
468 1380 478 1396 ι
493 1371 544 1398 Per
559 1373 632 1406 quod
650 1374 741 1408 utique

8 1409 86 1443 iguat,
103 1412 181 1440 verbi
196 1413 271 1442 olera
284 1415 429 1449 praebenda
441 1423 502 1443 esse
516 1417 540 1443 ei
557 1418 602 1451 qui
620 1418 741 1445 inﬁrma-

17 1456 39 1482 iu
53 1456 115 1490 ﬁde,
127 1465 162 1484 ne
180 1458 257 1492 plena
279 1460 341 1487 lidei
363 1461 486 1490 doctrina
507 1464 700 1491 cunctantibus
714 1465 740 1492 in

12 1507 34 1528 rt
53 1505 256 1536 quodammodo
280 1507 476 1540 aegrotantibus
492 1509 642 1542 ingeratur.
667 1510 738 1537 Sana

5 1548 123 1590 ein'ﬁdes
150 1548 254 1576 dicitur
275 1557 334 1584 qua:
353 1550 472 1586 perfecta
492 1558 545 1585 est,
569 1558 597 1580 et
612 1554 655 1581 cui
673 1555 739 1582 nihil

5 1597 29 1617 at
46 1601 52 1618 :
67 1598 94 1619 et
115 1593 174 1628 ipsa
188 1598 229 1621 est
240 1601 300 1628 qua:
313 1596 399 1623 credit
414 1598 581 1626 manducare
594 1600 697 1632 omnia,
714 1600 739 1630 id

5 1656 8 1668 ,
26 1645 82 1671 qua:
107 1646 211 1673 capere
230 1644 319 1674 potest
341 1643 431 1669 omnia
448 1650 550 1677 :quant
573 1645 618 1678 qui
642 1645 738 1677 habet,

5 1683 78 1711 “italis
99 1685 263 1720 appellatur,
283 1691 310 1712 ct
326 1687 457 1720 diiudicat
474 1690 565 1716 omnia
595 1690 628 1722 ⁷⁸,
656 1695 684 1717 et
712 1691 738 1718 in

5 1728 25 1754 lo
37 1737 164 1758 sermone
183 1733 367 1761 scaudalizari
387 1739 484 1767 potest.
509 1735 586 1763 Unde
598 1736 739 1763 evidenter

6 1781 54 1800 arui
70 1784 131 1806 esse
140 1784 286 1813 augmenta
299 1780 422 1813 (ιιιίιδιιειιι
440 1785 467 1807 et
483 1780 619 1816 profcrtns
635 1782 661 1809 in
676 1783 739 1814 ﬁde,

11 1820 112 1855 aliquos
139 1823 241 1852 trahere
271 1831 374 1858 partem
404 1825 464 1854 ﬁdei
490 1827 615 1861 exiguam
633 1846 641 1858 ,
671 1828 739 1854 alios

5 1874 86 1899 snam.
102 1868 174 1895 alios
189 1875 252 1899 vero
269 1870 368 1897 habere
386 1878 494 1898 onmem
509 1872 599 1899 ﬁdem.
622 1871 697 1900 Unde
711 1877 739 1899 et

5 1914 92 1941 tstolns
109 1914 221 1942 dicebat
239 1923 246 1943 :
266 1915 315 1943 «Si
333 1916 448 1943 habeam
468 1924 574 1944 onmem
593 1918 683 1950 Iidem,
702 1918 738 1945 ita

6 1965 109 1989 montes
133 1962 298 1992 transferam
323 1963 357 1990 ".
373 1972 382 1988 ι
406 1962 460 1990 Sed
482 1968 510 1993 et
537 1963 563 1990 in
587 1964 739 1999 Evangeliis

5 2005 70 2039 'ipuli
87 2007 184 2036 dicunt
196 2008 228 2035 ad
246 2007 401 2042 Dominum,
415 2009 490 2042 quasi
506 2009 603 2044 quibus
619 2010 738 2048 nondum

5 2058 23 2077 ia
36 2052 140 2081 inesset
154 2052 244 2080 ﬁdes:
265 2063 274 2078 ι
291 2054 367 2089 Auge
382 2054 460 2082 nobis
474 2055 552 2081 ﬁdem
570 2055 603 2082 ⁷³.
616 2064 626 2082 ι
643 2055 739 2082 ϐοηδί-

5 2104 12 2122 ι
38 2106 115 2131 sane,
134 2098 159 2126 si
178 2100 326 2127 secundum
348 2107 379 2127 ea
400 2108 461 2135 qua:
479 2101 512 2127 de
532 2100 584 2129 [ide
608 2101 737 2133 dicimus,

5 2151 27 2169 tn
48 2145 81 2170 de
104 2144 253 2172 charitatis
277 2145 429 2180 augmentis
449 2146 576 2175 similiter
601 2147 738 2180 possimus

754 1527 776 1558 Β

796 235 849 261 rat,
861 229 948 256 omnia
964 229 1088 261 sustinet,
1112 237 1120 253 ι
1140 234 1167 255 et
1181 234 1277 255 casti-ra
1298 228 1340 255 his
1355 229 1462 254 similia.
1478 230 1543 262 Quzr
1560 231 1582 257 si

795 275 856 309 quis
871 275 971 302 haheat
984 295 991 307 ,
1010 279 1084 301 recte
1105 274 1168 300 mihi
1190 274 1294 300 videtur
1318 274 1369 303 dici
1396 274 1466 307 quod
1486 275 1584 300 habeat

795 327 904 347 omnem
921 321 1081 347 elraritatcm
1098 328 1105 346 :
1122 327 1182 353 qua:
1193 319 1315 345 Charitas
1328 318 1388 345 sine
1402 318 1482 344 dubio
1497 327 1528 345 ex
1542 319 1584 345 his

794 365 908 400 singulis
931 366 965 392 ab
992 365 1123 400 Apostolo
1148 373 1229 400 supra
1268 364 1425 391 memoratis
1459 364 1582 398 partibus

795 415 910 438 constat.
937 411 1071 438 Similiter
1099 416 1190 438 autem
1217 414 1244 436 et
1265 410 1298 436 dc
1318 410 1522 442 misericordia,
1554 415 1581 436 et

796 457 895 490 pietate
922 456 1085 490 exterisque
1113 455 1258 483 virtutibus
1279 455 1399 482 arbitror
1421 455 1473 481 diei
1491 462 1580 489 posse.

793 491 829 527 Et
843 501 913 528 forte
926 509 974 534 per
986 501 1044 529 lucc
1063 501 1170 536 singula
1184 500 1255 527 sicut
1279 502 1311 528 de
1338 500 1390 526 ﬁde
1410 499 1510 527 dictum
1528 505 1581 531 est,

795 547 858 580 quia
877 555 886 572 ι
903 546 971 573 ﬁdes
988 551 1111 580 rcputata
1125 548 1211 574 estad
1224 547 1358 581 justitiam
1373 547 1406 579 ",
1426 557 1436 573 ι
1455 547 1492 574 ita
1508 546 1582 573 etde

795 592 931 620 charitatc
948 592 999 620 dici
1013 596 1111 626 potest,
1134 593 1196 627 qttia
1219 598 1341 627 reputata
1361 597 1402 619 est
1423 593 1540 619 rharitas
1556 592 1587 617 i-i'

794 637 972 670 adjustiti'rm
989 637 1040 673 (8),
1056 642 1103 664 aut
1122 638 1217 672 pietas,
1237 643 1282 664 aut
1305 637 1502 665 misericordia.
1529 637 1584 663 Sed

795 682 934 709 videamus
957 683 1014 717 jam
1040 690 1072 710 ea
1099 690 1158 718 qua:
1180 689 1396 717 corrsequuutur.
1431 683 1485 709 «Et
1517 691 1582 713 non,

795 727 902 762 inquit,
931 729 1083 756 inﬁrmatus
1110 733 1153 756 est
1182 729 1209 755 in
1245 730 1297 756 ﬁde
1327 737 1377 756 nec
1401 730 1583 756 consideravit

794 780 872 800 suum
885 781 984 808 corpus
993 774 1047 808 jam
1060 779 1226 807 emortuum,
1242 783 1301 802 cum
1313 775 1370 802 fere
1379 781 1487 802 centum
1500 782 1583 801 auuo-

794 827 854 846 rum
872 825 954 851 cssct,
979 826 1005 847 et
1023 826 1174 847 emortuam
1196 821 1305 848 vulvam
1329 822 1405 850 Sarte
1419 830 1425 848 :
1441 822 1466 848 in
1490 829 1590 861 νυνι-οη,

757 860 779 887 Β
795 866 924 893 missione
942 867 1024 895 ctiarrt
1043 866 1088 894 Dei
1114 875 1167 894 non
1187 867 1323 894 htesitatit
1348 867 1512 900 dillidcutia,
1535 868 1580 894 scd

793 911 961 939 confortatus
975 917 1015 939 est
1033 913 1085 940 ﬁde
1098 912 1121 928 "°
1133 931 1139 939 .
1157 921 1166 938 ›
1186 912 1323 945 Quantum
1341 913 1448 947 quidem
1465 913 1497 939 ad
1518 913 1582 939 sim-

792 957 890 990 pliccm
917 958 1035 992 pertinet
1065 959 1254 991 intellectum,
1289 959 1442 986 evidentem
1470 960 1581 993 protulit

794 1004 938 1036 rationem,
954 1005 1025 1038 quod
1047 1005 1183 1032 Abraham
1202 1013 1263 1031 cum
1289 1006 1396 1032 audiret
1412 1005 1462 1032 sibi
1485 1013 1499 1032 a
1525 1006 1580 1031 Deo

793 1048 911 1074 sobolem
941 1050 1115 1083 reprornitti,
1150 1058 1203 1077 non
1235 1051 1354 1084 respexit
1379 1051 1412 1077 ad
1443 1056 1582 1076 emortuus

790 1094 940 1121 centenarii
952 1095 1076 1129 corporis
1089 1096 1172 1127 vires,
1188 1097 1222 1123 de
1237 1104 1289 1130 quo
1304 1097 1396 1130 utique
1410 1104 1579 1130 nequaquam

791 1140 895 1173 sperari
915 1145 1021 1175 poterat
1037 1141 1089 1167 ulla
1108 1142 1245 1168 successio
1261 1151 1267 1169 :
1287 1145 1333 1168 sed
1347 1144 1494 1177 potentiam
1517 1153 1580 1179 pro-

793 1186 926 1213 mittentis
943 1187 1069 1218 intuitusl
1087 1187 1154 1214 nihil
1170 1187 1276 1214 diﬂieile
1291 1196 1353 1215 esse
1367 1189 1482 1215 credidit
1499 1190 1523 1216 in
1537 1189 1580 1216 his

792 1240 853 1266 qua:
882 1233 1060 1267 promittebat
1076 1233 1256 1268 Omnipotens
1272 1241 1279 1260 :
1295 1235 1342 1262 sed
1370 1235 1454 1267 dedit,
1482 1236 1578 1271 inquit,

795 1287 804 1304 ι
817 1279 930 1314 gloriam
946 1280 999 1310 Deo
1014 1281 1050 1312 ⁷⁷,
1067 1290 1076 1306 ι
1104 1280 1258 1314 intelligens
1273 1281 1355 1307 solius
1373 1281 1416 1308 Dei
1434 1289 1497 1308 esse
1519 1291 1578 1308 mu-

792 1333 854 1357 ntrs,
881 1326 925 1353 ubi
941 1327 1068 1354 humaruc
1100 1326 1276 1354 fecunditatis
1299 1327 1362 1361 jura
1391 1333 1577 1355 cessaverant.

793 1371 887 1399 Merito
902 1371 983 1407 igitur
999 1372 1071 1398 dedit
1085 1371 1199 1406 gloriam
1225 1372 1288 1404 Deo,
1307 1372 1352 1406 qui
1370 1378 1474 1399 naturae
1492 1374 1579 1401 fuerat

792 1419 915 1445 desertus
931 1417 1048 1444 auxiliis.
1070 1417 1143 1449 lliec,
1156 1422 1182 1443 ut
1200 1417 1268 1448 dixi,
1281 1422 1412 1451 quantum
1428 1418 1461 1444 ad
1474 1419 1579 1452 simpli-

791 1471 849 1490 cem
873 1463 1081 1498 intelligentiam
1098 1463 1225 1497 pertinet,
1243 1461 1406 1489 suﬂiciottter
1420 1463 1489 1489 dicta
1505 1464 1579 1490 vide-

794 1509 904 1536 btrrrttrr.
932 1507 960 1534 Si
989 1516 1051 1536 vero
1086 1508 1147 1542 quis
1174 1507 1285 1541 objiciat
1310 1508 1387 1535 nobis
1412 1516 1418 1534 :
1441 1508 1580 1541 Quomodo

793 1553 893 1586 poterit
917 1553 1055 1580 Abraham
1080 1553 1106 1579 iu
1130 1553 1290 1583 centenario
1318 1560 1448 1579 annorum
1468 1561 1580 1580 numero

791 1599 896 1633 positus
911 1598 1027 1625 emortui
1043 1598 1169 1632 corporis
1182 1598 1246 1631 dici,
1270 1598 1315 1632 qui
1329 1604 1502 1633 posteaquam
1519 1606 1579 1625 Sus-

791 1643 908 1677 cepissct
923 1643 1007 1676 Isaac,
1030 1648 1057 1671 et
1081 1642 1208 1670 defuncta
1233 1650 1303 1669 esset
1320 1643 1408 1675 Sara,
1434 1651 1493 1678 quze
1518 1652 1578 1671 eum

792 1689 973 1722 nouagcuaria
995 1693 1170 1723 conceperat,
1192 1694 1217 1715 ct
1234 1689 1338 1716 vixerat
1366 1690 1444 1716 armis
1471 1694 1578 1717 centum

791 1734 886 1768 viginti
905 1737 1018 1767 septem,
1042 1739 1134 1768 postea
1150 1735 1232 1760 etiam
1254 1742 1333 1768 quam
1360 1742 1494 1761 anrrorunr
1510 1744 1578 1770 qua-

791 1779 915 1813 draginta
938 1778 1028 1805 factus
1047 1778 1121 1806 Isaac
1136 1780 1242 1813 accepit
1261 1780 1411 1807 liehrccam
1424 1801 1431 1812 ,
1451 1787 1514 1815 post
1528 1783 1578 1808 ista

791 1825 882 1852 omnia
909 1825 1038 1851 scribitur
1055 1833 1061 1850 :
1077 1834 1085 1849 ι
1099 1824 1131 1850 Et
1156 1832 1294 1860 apponens
1313 1826 1450 1852 Abraham
1475 1828 1578 1861 accepit

791 1878 903 1897 uxorem
921 1870 964 1896 cui
988 1877 1086 1896 nomen
1113 1869 1232 1896 Cethura
1251 1878 1256 1895 :
1273 1876 1301 1896 et
1321 1871 1425 1905 peperit
1447 1872 1470 1898 ei
1494 1871 1570 1898 Zam-

791 1924 847 1942 ratu
861 1915 910 1950 (9),
922 1920 950 1941 et
965 1914 1072 1947 Jccsuu,
1083 1918 1110 1940 et
1121 1915 1228 1947 Madau,
1241 1920 1269 1941 et
1280 1915 1396 1948 Madian,
1413 1921 1439 1942 et
1451 1916 1577 1949 Jeslroch,

789 1967 816 1989 et
831 1962 885 1988 Sne
896 1961 932 1988 ⁷⁸⁸1
948 1970 957 1986 ι
977 1961 1118 1994 Quomodo
1130 1969 1194 1995 ergo
1207 1961 1340 1989 videbitur
1351 1963 1467 1989 emortui
1482 1972 1576 1998 corpo-

791 2008 838 2040 ris,
863 2008 908 2042 qui
937 2007 1023 2033 multo
1040 2007 1132 2033 senior
1158 2007 1270 2034 «(fectus
1284 2016 1365 2041 quant
1381 2012 1445 2036 tunc
1464 2014 1533 2041 erat,
1552 2015 1579 2036 et

790 2060 902 2079 uxorem
922 2051 1057 2086 accipere,
1085 2058 1113 2078 ct
1136 2059 1182 2078 sex
1200 2052 1300 2080 liberos
1324 2054 1380 2088 (l0)
1408 2055 1495 2088 potuit
1520 2063 1577 2089 pro-

789 2097 908 2124 creare?
940 2097 1012 2130 Quas
1040 2097 1211 2131 objectioues
1232 2102 1262 2125 trt
1287 2099 1417 2127 decenter
1441 2101 1578 2138 ptISslttt'ttS

791 2142 952 2175 excludere,
990 2143 1188 2177 expositionem
1222 2144 1338 2170 emortui
1374 2145 1497 2178 corporis
1531 2145 1578 2171 illo

5 2188 104 2224 “igere.
123 2190 163 2217 ita
186 2194 214 2217 ut
230 2191 351 2217 dicamus
366 2195 393 2218 et
407 2191 441 2218 dc
453 2192 596 2224 charitate,
607 2193 677 2220 sicut
694 2192 737 2219 ille
753 2193 776 2220 D
793 2187 990 2219 transierimus,
1010 2193 1038 2214 ut
1052 2188 1176 2215 dicamus
1191 2188 1328 2215 Abraham
1345 2197 1397 2215 non
1421 2189 1579 2216 inﬁrmitate

5 2239 22 2266 ι,
39 2237 88 2262 «Si
107 2236 227 2263 habeam
244 2245 352 2265 omnem
371 2238 463 2270 ﬁdem,
476 2247 485 2264 ι
504 2238 531 2265 Si
548 2238 659 2265 habeam
678 2246 736 2265 orn-

5 2282 186 2309 Iclrat‘italetn
202 2290 208 2308 :
226 2288 254 2310 et
274 2283 347 2311 illum
368 2284 469 2311 habere
489 2291 596 2311 omnem
618 2283 737 2310 charita-

5 2346 10 2356 ,
26 2328 71 2361 qui
90 2328 187 2356 omnia
202 2328 244 2355 illa
260 2329 384 2357 habuerit
397 2337 456 2364 qua:
472 2329 579 2364 propria
594 2329 737 2357 charitatis

5 2372 23 2406 2
49 2379 111 2400 sunt
126 2394 134 2407 ,
169 2374 239 2401 sicut
264 2376 329 2403 dicit
353 2376 499 2411 ApOstolus
521 2376 543 2391 ⁷⁸
561 2387 567 2403 :
584 2385 593 2401 ι
609 2375 735 2403 Charitas

5 2427 47 2445 rcus
63 2424 117 2452 est,
132 2419 251 2454 benigna
264 2425 322 2452 est,
339 2429 392 2448 non
418 2420 536 2455 inﬂatur,
554 2428 608 2449 non
625 2420 736 2449 annula-

23 2472 76 2495 non
97 2465 247 2495 urulritiosa
271 2472 324 2498 est,
353 2475 405 2494 non
421 2474 563 2501 perperam
586 2467 657 2502 agit,
683 2474 735 2493 non

14 2521 91 2549 Rom.
106 2529 148 2552 tv,
165 2522 210 2549 2i.
250 2523 272 2538 ⁸⁸
290 2523 298 2550 I
314 2524 377 2551 Cur.
390 2524 497 2555 xurJS.
535 2524 557 2543 ⁵³
577 2524 630 2551 Til.
648 2533 666 2557 ι,
685 2524 725 2551 15.

5 2565 40 2592 ἶιιι.
55 2565 123 2586 xvtt.
143 2557 170 2584 5.
208 2557 326 2586 "tﬂor.
344 2567 403 2590 xm,
419 2559 447 2592 4,
466 2559 492 2591 5,
510 2559 537 2585 7.

5 2591 93 2619 Iuloss.
123 2599 168 2624 ru,
193 2592 220 2619 5.

7 2648 15 2680 ι
39 2649 127 2680 Alias,
158 2656 167 2672 ι
183 2648 209 2674 in
226 2655 275 2683 spe
289 2648 457 2678 creduntur;
475 2656 484 2672 ι
514 2646 562 2680 aL,
590 2657 598 2672 ι
615 2647 640 2674 in
657 2655 732 2682 spem

5 2689 63 2709 ιΙΙΙΙ.
80 2692 91 2708 ι

7 2722 14 2749 ~I
35 2718 120 2748 l-Iiliti,
143 2725 153 2742 ε
169 2717 266 2750 cuiquc
282 2718 465 2750 promittenti,
484 2727 492 2743 ι
513 2717 591 2744 male.

8 2751 60 2784 )ltu
79 2758 103 2779 ιιι
133 2753 167 2778 de
186 2752 316 2778 clturt'tulc
332 2753 384 2778 diri
407 2757 508 2784 potest,
528 2753 589 2785 quia
612 2756 733 2785 rcpulata

8 2788 110 2846 Iprritas
127 2787 152 2813 ei
166 2788 200 2813 ad
216 2788 357 2815 instillant.
376 2787 437 2815 [ch
458 2788 648 2815 desiderantur
664 2788 732 2820 apud

8 2830 46 2847 nr
58 2823 162 2848 it'dutu.

5 2830 46 2847 .‘ltf
58 2830 162 2848 tl'tllllll.

573 2559 595 2574 ⁷⁸
614 2559 692 2586 ltum.
709 2567 746 2591 tv,
762 2559 789 2586 9.

790 2234 877 2260 :ctatis
910 2238 1088 2265 emortuum,
1114 2235 1159 2261 sed
1184 2235 1331 2261 secundum
1354 2233 1426 2261 illam
1449 2235 1575 2261 virtutem

790 2287 871 2313 quant
887 2279 973 2306 sancti
996 2279 1022 2305 itt
1038 2279 1192 2313 semetipsis
1210 2279 1297 2313 primo
1319 2279 1480 2313 irupleutes,
1495 2281 1575 2306 etiam

789 2331 904 2352 caeteros
929 2324 1030 2351 habere
1057 2329 1181 2356 rnoucut.
1207 2329 1233 2351 et
1259 2325 1374 2352 dicunt:
1394 2325 1576 2352 (Morltlitizttc

790 2371 911 2398 membra
926 2374 1015 2398 vestra
1032 2378 1093 2404 qua}
1108 2376 1170 2396 sunt
1184 2378 1263 2405 super
1279 2376 1378 2398 terram
1392 2371 1425 2398 7“.
1441 2381 1450 2397 ι
1469 2372 1535 2398 haut
1549 2378 1576 2399 et

789 2417 934 2446 absurdum
947 2421 1013 2450 puto
1038 2417 1059 2443 si
1085 2416 1135 2443 hoc
1152 2417 1250 2444 bonurn
1266 2418 1336 2451 quod
1363 2417 1388 2443 in
1415 2425 1446 2444 se
1475 2417 1575 2445 l’aulns

791 2464 885 2493 habuit
901 2464 1008 2499 (neque
1025 2463 1096 2489 enim
1115 2462 1175 2489 aliis
1198 2463 1344 2496 imperaret
1363 2464 1433 2497 quod
1449 2464 1504 2498 ipse
1520 2472 1572 2490 nou

1069 2520 1091 2535 “
1117 2519 1289 2551 lCor.rr,15.
1328 2521 1350 2536 ⁷¹
1366 2521 1373 2547 I
1388 2521 1450 2547 Cor.
1471 2531 1528 2554 Mt],
1544 2523 1572 2551 2.

764 2523 879 2551 701mm.
897 2523 990 2555 xli/,1,
1003 2521 1030 2547 2.
1069 2521 1091 2535 ⁷¹
1117 2521 1233 2551 lCor.rr,
1246 2521 1289 2548 15.
1328 2521 1350 2536 ⁷¹
1366 2521 1373 2547 I
1388 2521 1450 2547 Cor.
1471 2531 1528 2554 Mt],
1544 2523 1571 2551 2.

764 2559 789 2586 9.
826 2559 849 2574 τδ
868 2559 935 2586 ibid.
956 2558 999 2590 19,
1024 2555 1069 2583 eo.
1107 2555 1264 2583 "tbid.20.
1303 2556 1325 2571 τε
1340 2555 1408 2583 Gen.
1429 2566 1491 2589 xxv,
1506 2560 1530 2592 ι,
1545 2561 1571 2586 2.

826 2559 849 2574 ⁷⁷³
868 2559 935 2586 ibid.
956 2558 999 2590 i9,
1024 2555 1069 2583 20.

822 2646 948 2682 (9)”Mss.
972 2646 1055 2682 nostri
1076 2653 1101 2673 et
1114 2646 1245 2682 [tabanus
1263 2648 1383 2679 habent,
1407 2657 1416 2673 ι
1433 2647 1570 2676 Jernbrarn

787 2681 847 2717 |al.,
859 2681 1020 2718 AMetubraur
1038 2681 1047 2716 ]
1063 2687 1091 2709 et
1113 2681 1205 2709 Zcxan
1217 2704 1224 2715 ,
1263 2688 1288 2710 ct
1306 2683 1410 2718 Madau,
1426 2684 1492 2718 [al.,
1516 2684 1570 2710 Μυ-

786 2716 869 2753 dam]
895 2722 923 2753 et
952 2716 1079 2753 bladian,
1103 2723 1130 2743 ct
1157 2719 1235 2744 Jesoe
1268 2718 1346 2753 [al.,
1385 2716 1492 2751 Jer‘orh,
1522 2720 1570 2750 ιιι..

785 2752 881 2779 Jeslmt:
894 2752 902 2787 Ι
917 2757 943 2778 el
959 2752 1036 2783 $06,)
1056 2753 1091 2778 al.
1106 2761 1114 2776 ι
1135 2753 1223 2781 δυο.)

823 2787 878 2820 (lli)
894 2787 956 2813 Mss.
973 2787 1068 2819 nostri,
1083 2787 1138 2819 alii,
1159 2796 1220 2815 «sex
1238 2788 1364 2819 liberos.»
1379 2788 1433 2819 ulti,
1452 2796 1569 2822 Ist‘ptcm

788 2822 896 2850 liberos.
914 2832 922 2847 ι
