1833 3049
249 128 303 155 9353

975 122 1017 147 Oli

1082 121 1134 147 NIS
1796 118 1824 144 ςδῑ

251 183 376 218 fecerat),
387 182 421 214 si,
436 182 555 216 inquam,
566 181 616 207 hoc
629 180 726 207 bonum
739 179 809 214 quod
822 179 920 206 Paulus
931 178 1034 210 habuit,
1051 182 1073 209 Α
1089 179 1125 205 ita
1138 178 1244 206 detnnm
1261 177 1391 212 parturiat
1406 177 1473 204 filios
1490 177 1631 207 castitatis,
1648 177 1710 204 sicut
1722 180 1745 204 et
1761 178 1827 203 mulier

251 230 390 257 Abraham
413 233 516 254 tantum
541 226 735 261 patriareham,
762 233 842 260 qnctn
861 225 941 252 etiam
954 233 1034 252 suunt

249 279 353 310 patrem
370 272 437 299 dicit
449 270 594 305 Apostolus
609 270 643 301 3°,
667 277 718 296 non
732 269 877 298 credamus
897 269 1034 298 habuisse.

251 321 312 348 Fuit
327 327 392 355 ergo
408 319 489 346 etiam
513 319 539 345 in
561 318 605 345 illo
620 318 793 346 mortiﬁcatio
821 319 870 347 ista
899 319 1035 345 membro-

249 374 309 394 rum
327 375 334 393 :
351 373 404 392 non
422 363 588 392 incitabatur
605 363 726 396 luxuria,
752 372 804 391 non
828 364 958 392 urebatur
971 364 1034 391 libi-

213 412 218 420 ‘
249 411 325 444 dine,
342 409 414 438 sicut
426 409 463 437 illi
481 410 513 436 de
524 409 623 444 quibus
643 409 790 444 Apostolus
812 410 878 437 dicit
894 420 900 437 :
919 419 928 435 ι
940 409 1034 436 Melius

219 453 222 457 ’
247 461 290 484 est
301 457 413 488 nubere,
427 462 507 490 quam
525 455 567 482 uri
579 455 628 482 Μ.»
645 455 702 483 [ioc
717 455 786 482 idem
801 460 896 482 eratet
911 455 936 482 in
955 455 1033 486 Sara,

248 502 311 536 quia
327 501 486 529 defecerant
503 500 579 528 Sara:
596 500 653 528 fieri
669 501 812 528 muliebria
829 501 862 527 ⁸².
888 500 946 529 Non
961 501 1033 528 enim

247 553 308 576 erat
331 548 358 575 in
380 548 424 575 illa
452 547 565 575 lascivia
585 547 744 581 muliebris,
767 552 813 575 aut
830 547 1033 575 incontinentia:

247 593 401 625 dissolutio,
418 601 507 628 neque
524 593 550 620 in
569 601 647 620 usum
660 592 780 620 libidinis
796 593 1035 627 prati-ipitabantur

247 638 326 665 inviti
345 639 410 666 :sed
425 638 469 665 ubi
486 637 600 664 audiunt
615 641 715 664 tantatn
729 637 896 672 posteritatis
907 645 993 671 spent,
1007 641 1034 663 et

245 685 347 712 sobolis
363 692 418 712 suae
429 684 543 719 gloriam
558 683 628 711 cmlo
641 689 668 712 et
680 683 814 712 sideribus
825 684 1032 718 exaequandum,

247 730 292 757 ubi
313 730 371 757 hmc
395 731 522 763 audiunt,
544 738 596 758 non
621 730 756 765 aspiciunt
773 730 805 757 ad
824 729 931 772 propria
949 730 1032 762 bona,

246 776 279 802 ad
299 776 472 803 continentia:
486 777 613 811 gratiam,
636 777 669 804 ad
683 776 867 803 membrorum
886 775 1032 803 mortifica-

247 821 359 854 tionem,
384 822 431 849 sed
445 822 501 849 hate
520 823 610 849 omnia
635 829 695 857 qua:
719 821 770 848 sibi
787 821 863 848 lucra
886 820 1029 854 ducebant,

245 866 412 892 arbitrantur
426 866 601 899 detrimenta,
618 871 647 893 ut
661 866 799 894 Christum
814 866 985 893 luerifaeiant
996 865 1029 892 ⁸³.

245 910 300 937 Sed
332 910 455 937 fortassis
484 917 590 938 errasse
619 918 661 937 me
679 910 781 942 credis,
811 911 881 945 quod
912 918 973 937 cum
999 910 1032 937 de

246 956 406 990 posteritate
423 956 559 983 Abraham
580 961 607 983 et
621 957 726 984 semine
743 956 800 990 ejus
822 956 913 984 dicere
931 956 1031 983 debue-

246 1002 307 1033 rim,
327 1001 361 1028 de
376 1001 486 1028 Christo
502 1002 616 1029 dixerint
637 1002 704 1037 (li).
737 1001 794 1028 Non
821 1008 956 1034 erramus,
984 1001 1031 1028 sed

245 1056 305 1074 cum
319 1047 452 1081 Apostolo
477 1047 622 1081 loquimur.
642 1048 699 1082 lpsc
717 1048 789 1074 enim
808 1048 863 1075 haec
877 1049 908 1075 de
922 1048 1030 1075 Christo

244 1092 317 1119 dit-Ia
330 1100 390 1120 esse
403 1093 602 1127 interpretatur
616 1101 677 1121 cum
692 1095 758 1121 dicit
774 1103 778 1120 :
797 1104 804 1119 ι
820 1094 955 1128 Scriptum
970 1099 1028 1120 est:

243 1139 303 1166 'l‘ibi
321 1140 391 1166 dabo
407 1144 507 1167 terram
523 1140 608 1173 hanc,
625 1146 650 1167 et
666 1140 762 1167 semini
784 1145 840 1167 tuo.
863 1140 919 1166 Non
941 1140 1029 1166 dixit:

242 1186 277 1213 Et
289 1185 449 1217 seminibus,
467 1191 595 1220 tanquam
610 1187 636 1213 in
654 1186 744 1213 multis
762 1196 767 1212 :
783 1187 840 1218 sed,
853 1186 956 1213 Semini
974 1190 1029 1218 tuo,

244 1237 370 1266 lanqttztttt
385 1232 410 1258 in
428 1240 490 1263 uno,
515 1233 559 1267 qtti
581 1237 622 1259 est
638 1233 764 1260 Christus
777 1232 811 1259 ⁸⁸.
824 1242 832 1258 ι
854 1231 936 1259 Vides
961 1239 1026 1267 ergo

241 1277 378 1312 quomodo
399 1285 448 1304 nos
469 1278 617 1312 Apostolus
634 1278 713 1305 docet
733 1279 773 1305 sic
792 1279 936 1305 Dominum
953 1279 1029 1306 loeu-

244 1328 299 1349 lum
316 1330 375 1349 esse
391 1323 424 1349 ad
443 1323 580 1350 Abraham
593 1343 599 1355 ,
619 1327 647 1350 ut
661 1323 686 1350 in
703 1324 807 1350 semine
825 1331 875 1350 suo
889 1324 1027 1351 Christum

244 1368 407 1402 intelligeret
425 1368 482 1403 (12)
497 1369 594 1396 debere
610 1369 756 1396 sentiri:et
769 1369 803 1396 ob
819 1369 868 1396 hoc
879 1375 942 1403 puto
957 1370 1028 1404 quod

244 1414 373 1446 :nljccerit
401 1414 568 1449 Apostolus,
599 1419 625 1441 et
657 1415 775 1442 dixerit:
795 1415 888 1443 «Dans
913 1416 1027 1450 gloriam

243 1458 297 1484 Deo
312 1459 345 1484 ⁸⁵.
356 1467 365 1484 ι
385 1458 440 1484 Non
454 1459 526 1485 enim
541 1464 642 1486 tantum
663 1462 756 1494 gloria:
770 1461 906 1486 Abraham
925 1462 1029 1494 potuis-

1088 225 1120 251 de
1133 231 1185 258 qua
1199 224 1264 250 dicit
1278 223 1422 257 Apostolus
1440 233 1447 250 :
1468 233 1477 249 ε
1497 223 1576 250 Salva
1591 227 1679 249 autem
1697 223 1744 249 erit
1761 229 1799 256 per
1811 222 1829 247 ti-

1088 269 1184 296 liorum
1198 270 1412 304 generatiOnem,
1435 269 1456 296 si
1473 268 1654 303 permanserit
1668 268 1693 294 in
1713 268 1758 294 title
1770 272 1829 294 etca-

1086 315 1178 342 stitate
1193 314 1225 341 ’°.
1246 323 1255 340 ι
1275 314 1350 341 Unde
1364 315 1445 341 etiam
1457 321 1506 347 pro
1526 314 1569 341 his
1584 313 1764 340 convenienter
1778 314 1829 339 addi‘

1086 364 1141 387 tum
1163 365 1229 395 puto
1247 369 1254 388 :
1271 370 1279 385 ‹
1298 359 1331 387 Et
1352 365 1503 395 reputatum
1522 364 1565 386 est
1588 360 1612 387 ei
1639 360 1673 399 ad_
1690 359 1829 393 justitiam.t

1086 405 1226 439 Quomodo
1242 406 1314 433 enim
1328 413 1382 433 non
1397 406 1429 433 ad
1442 406 1575 440 justitiam
1593 409 1755 440 reputaretur
1766 404 1829 438 εἰ,ηώ

1086 459 1140 479 non
1164 451 1252 479 solum
1276 452 1302 478 in
1327 451 1397 484 ﬁde,
1413 452 1460 479 sed
1478 455 1505 478 et
1530 451 1557 477 in
1578 451 1702 478 orrrnibus
1722 449 1829 476 virtutium

1084 497 1278 532 perfectionem
1295 497 1403 524 tenebat
1418 497 1429 523 ?

1121 543 1148 569 7.
1161 551 1170 568 ε
1181 542 1238 569 Non
1247 547 1288 569 est
1299 547 1386 568 autem
1396 543 1527 576 scriptum
1535 547 1645 576 propter
1655 542 1736 575 ipsum
1747 546 1829 567 tantum.

1085 589 1148 623 quia
1168 593 1320 623 reputatunt
1338 593 1380 614 est
1395 588 1418 614 ei
1434 588 1466 614 ad
1483 587 1631 620 justitiam,
1646 587 1690 614 sed
1711 592 1736 613 et
1753 592 1829 620 proplrt

1084 642 1146 665 nos,
1161 634 1260 669 quibus
1280 635 1449 668 reputabitur
1468 633 1642 660 credentibus
1653 633 1679 659 in
1691 640 1747 658 eum
1760 634 1798 666 qui
1810 639 1829 658 su

1083 681 1192 708 scitavit
1205 680 1297 708 Jesunt
1314 681 1449 708 Christum
1463 680 1606 706 Dominum
1625 684 1740 705 nostrum
1752 686 1764 704 a
1786 685 1829 704 mor

1085 728 1147 760 tuis,
1164 728 1208 761 qtti
1224 727 1340 754 traditus
1363 731 1406 753 est
1423 731 1533 761 propter
1547 725 1647 752 delicta
1664 729 1757 755 nostra,
1772 730 1795 751 et
1810 731 1829 751 rt

1083 774 1200 800 surrexit
1213 778 1322 807 propter
1333 771 1554 806 jnstilicationem
1566 775 1685 798 nostram
1696 771 1728 796 ἰ.
1741 779 1750 796 ι
1765 770 1808 797 ilet
1822 772 1829 797 il

1085 817 1145 845 loco
1161 818 1231 852 quod
1247 817 1323 851 dicit,
1337 826 1346 843 ‹
1365 817 1422 844 Non
1437 822 1546 851 propter
1563 817 1650 852 ipsum
1668 821 1772 846 tantum.
1790 826 1798 841 ›
1811 817 1829 842 i

1084 863 1255 898 telligeudum
1272 868 1315 890 est
1327 864 1360 890 de
1371 864 1443 897 ipso;
1459 868 1486 890 et
1500 863 1598 890 iterum
1617 862 1687 897 quod
1699 863 1769 891 dicit.
1780 872 1788 886 ι
1802 862 1829 888 Se

1081 914 1108 937 et
1124 914 1236 944 propter
1250 917 1310 941 nos,
1328 919 1337 934 ι
1363 909 1413 936 hoc
1427 914 1468 936 est
1492 913 1518 935 et
1535 909 1567 935 de
1591 909 1678 935 nobis.
1695 908 1829 934 Maniftsut

1081 961 1197 989 namque
1221 958 1262 981 est
1301 954 1367 989 quia
1390 956 1443 985 hoc
1471 955 1543 991 quod
1589 954 1700 986 dicitur,
1718 963 1726 979 ι
1743 954 1829 980 Credidi

1080 1000 1219 1028 Abraham
1231 1000 1295 1032 Dco,
1309 1006 1336 1027 et
1351 1006 1502 1034 reputatum
1517 1005 1559 1027 est
1573 1000 1611 1026 illi
1623 1001 1657 1026 ad
1670 999 1794 1034 justitiam
1805 1002 1829 1030 tu

1082 1055 1134 1073 non
1151 1051 1293 1081 propterea
1308 1046 1415 1081 Moyses
1429 1047 1539 1080 scripsit
1557 1052 1585 1073 ut
1599 1046 1733 1072 Abraham
1749 1049 1829 1081 Ιρςσςτυι

1080 1093 1125 1127 qni
1142 1094 1234 1126 utique
1249 1093 1312 1120 olim
1331 1094 1420 1119 fuerat
1435 1093 1590 1125 defunctus,
1603 1093 1650 1119 sed
1666 1098 1693 1118 ut
1708 1100 1754 1119 nos
1773 1093 1829 1126 pn-t‘t

1081 1145 1152 1167 ctum
1172 1139 1231 1167 fidei
1257 1147 1288 1167 ex
1318 1140 1470 1173 hnjusntodi
1488 1139 1608 1167 lectione
1624 1147 1776 1174 caperemus
1794 1140 1829 1170 tto‘

1081 1185 1261 1220 intelligentes
1273 1185 1335 1220 quia
1351 1185 1412 1212 etsi
1432 1191 1481 1211 nos
1499 1185 1537 1211 ita
1549 1185 1693 1211 credamus
1710 1184 1762 1211 Deo
1779 1191 1802 1210 ut
1816 1185 1829 1210 ii

1080 1232 1206 1264 credidit,
1219 1232 1300 1258 etiam
1316 1231 1395 1258 nobis
1409 1231 1578 1266 reputabitur
1591 1230 1658 1257 fides
1677 1231 1709 1257 ad
1729 1230 1829 1264 jnstitat

1082 1287 1092 1303 ι
1117 1277 1289 1305 credentibus
1317 1277 1343 1304 in
1363 1284 1423 1304 eum
1444 1277 1488 1311 qui
1514 1275 1656 1303 suscitavit
1670 1275 1759 1303 .lesum
1784 1277 1829 1302 Chr

1080 1328 1150 1350 stunt
1182 1323 1324 1349 Dominum
1347 1329 1467 1350 nostrunt
1489 1329 1503 1348 a
1520 1322 1646 1349 mortuis.
1667 1332 1676 1347 ι
1694 1321 1776 1348 Velim
1799 1329 1829 1348 5:1

1080 1369 1217 1404 requirere
1230 1369 1294 1403 quid
1307 1373 1348 1396 est
1363 1369 1431 1403 quod
1444 1369 1468 1395 in
1485 1369 1537 1396 hoc
1548 1368 1606 1395 loco
1623 1369 1767 1402 Apestolus
1784 1369 1829 1394 Dea

1081 1415 1231 1448 nominans,
1245 1416 1287 1442 cui
1304 1416 1440 1443 credimus
1456 1415 1523 1449 (Π),
1542 1419 1570 1440 et
1594 1414 1637 1441 cui
1654 1414 1790 1441 Abraham
1807 1421 1829 1439 (ν

1080 1461 1156 1492 didit,
1174 1469 1227 1489 non
1244 1462 1322 1493 dixit,
1337 1471 1346 1487 ι
1367 1461 1542 1488 credentibus
1555 1462 1600 1487 )itt
1618 1461 1702 1487 Deum
1717 1460 1829 1487 excelso:

241 1509 283 1530 set
304 1504 403 1531 offerre
418 1505 451 1532 de
466 1505 607 1532 nativitale
628 1505 715 1537 lsaac,
738 1511 864 1540 quantum
891 1507 946 1541 (I5)
965 1508 1028 1534 dare
1042 1513 1063 1542 (ς
1080 1507 1134 1540 vel,
1152 1517 1161 1533 ί
1181 1507 1354 1535 credentibus
1367 1507 1392 1534 in
1410 1515 1471 1535 eum
1487 1516 1496 1532 ι
1515 1508 1560 1542 qui
1578 1507 1643 1533 fecit
1656 1506 1753 1533 cmlum
1770 1512 1795 1532 e'.
1811 1511 1829 1532 te

242 1549 454 1584 potuitgloriam
474 1550 537 1582 Deo,
562 1551 583 1577 si
607 1551 740 1578 intellexit
764 1551 900 1579 Christum
924 1553 956 1579 de
979 1561 1027 1581 suo

240 1601 363 1622 emortuo
392 1596 447 1630 jam
472 1600 498 1623 et
524 1596 597 1623 vitiis
615 1596 745 1624 (lefaacato
765 1606 879 1632 corpore
905 1601 1026 1627 nascitu-

242 1649 312 1668 rum.
326 1641 380 1668 Sed
398 1647 424 1668 et
440 1647 466 1668 tu
485 1643 507 1670 si
526 1643 672 1671 mortitices
695 1646 814 1672 membra
829 1651 872 1672 tua
888 1654 947 1680 quae
965 1652 1026 1674 sunt

239 1694 321 1721 super
337 1692 436 1714 terram
453 1688 486 1721 ⁸⁵,
503 1688 537 1721 si,
557 1689 664 1724 abjecto
678 1691 751 1717 omni
779 1691 884 1719 fervore
908 1692 1027 1719 libidinis

240 1737 392 1759 erttortnum
408 1742 500 1762 serves
514 1739 541 1761 ct
557 1735 641 1763 nttllis
658 1737 805 1763 obnoxium
825 1738 898 1764 vitiis
916 1745 1026 1772 corpus,

237 1781 313 1812 potes
342 1779 424 1805 etiam
454 1785 481 1806 tu
504 1780 608 1808 fructus
634 1790 666 1809 ex
692 1789 724 1809 eo
749 1783 866 1817 optimos
884 1792 1025 1819 generare,

239 1834 315 1862 potes
339 1832 471 1859 generare
485 1825 572 1859 isaae,
588 1829 659 1861 quod
675 1834 713 1856 est
731 1830 871 1864 gaudium;
891 1834 919 1856 et
931 1830 974 1856 hic
987 1836 1027 1858 est

239 1870 344 1902 primus
376 1871 489 1904 spiritus
525 1872 656 1900 fructus:
682 1879 770 1907 potest
806 1882 897 1901 semen
934 1879 1025 1907 tttum,

239 1917 263 1942 i.|
292 1922 344 1949 est,
369 1925 450 1952 opera
471 1923 514 1944 tua
541 1919 597 1953 (14)
626 1919 773 1946 ascendere
801 1920 834 1946 ad
861 1920 978 1953 coelum,
1000 1925 1026 1947 et

237 1962 305 1989 effici
327 1970 408 1997 opera
433 1964 519 1997 lueis,
539 1970 566 1991 et
587 1965 727 1992 stellarum
751 1965 848 2000 fulgori
876 1965 1026 2000 splendori-

238 2015 290 2040 que
314 2008 451 2042 conferri,
474 2014 504 2036 ut
531 2017 591 2037 cum
622 2010 680 2038 dies
701 2011 910 2038 resurrectionis
933 2012 1025 2038 adfue-

239 2053 284 2084 rit,
317 2057 444 2088 tanquztm
465 2055 541 2081 stella
564 2063 578 2082 a
599 2056 676 2083 stella
703 2056 759 2092 (ιξὲ)
785 2057 892 2085 differas
921 2058 947 2084 in
967 2058 1024 2085 cla-

240 2099 319 2126 ritate
342 2099 375 2125 ⁸τ.
395 2099 519 2134 Amplius
544 2101 632 2129 adhuc
657 2102 718 2129 dico
737 2111 744 2130 :
766 2108 841 2137 potes
861 2104 883 2130 si
904 2108 957 2130 tam
977 2112 1025 2138 pu-

239 2151 283 2170 rns
296 2143 375 2179 533
390 2149 489 2176 mente,
507 2150 560 2173 tant
583 2152 692 2174 sanctus
707 2155 832 2183 corpore,
855 2154 907 2176 tam
925 2149 1023 2176 imma-

237 2189 344 2216 culatus
357 2190 462 2217 actibus
472 2190 567 2222 fueris,
589 2191 670 2218 etiam
691 2192 777 2226 ipsum
793 2199 922 2227 generare
943 2193 1023 2220 Citri-

236 2239 317 2267 sttnn,
336 2236 483 2262 secuttdum
501 2236 574 2263 illum
595 2238 639 2272 qui
655 2237 763 2265 dicebat
787 2247 793 2265 :
814 2248 823 2264 ‹
845 2238 932 2266 Filioli
957 2239 1023 2272 mei,

236 2288 303 2314 quos
319 2282 415 2309 iterum
431 2283 563 2316 parturio,
588 2285 674 2311 donec
700 2285 833 2312 formetur
848 2284 973 2312 Christus
996 2285 1022 2312 in

236 2326 311 2353 vobis
323 2327 356 2353 ⁸³.
374 2336 383 2352 ι
400 2328 434 2354 Et
448 2328 488 2355 sic
503 2328 559 2362 ipse
585 2329 618 2356 de
637 2337 666 2357 sc
685 2330 812 2357 Dominus
831 2330 895 2357 dicit
916 2339 922 2356 :
946 2340 954 2356 ‹
971 2331 1021 2364 Qui

236 2370 330 2398 fecerit
342 2372 508 2399 voluntatem
525 2373 614 2401 Patris
632 2375 682 2401 mei
704 2375 749 2409 qui
767 2375 793 2401 in
810 2375 887 2402 caelis
901 2380 951 2408 est,
966 2376 1023 2410 ipse

236 2423 312 2442 meus
326 2416 419 2449 frater,
433 2423 460 2444 et
476 2425 553 2445 soror
564 2438 570 2449 ,
587 2423 613 2445 et
637 2424 724 2446 mater
735 2423 777 2446 est
790 2420 823 2446 ⁸⁵.
847 2430 856 2445 ι
877 2421 940 2452 Quae
958 2426 1022 2454 ergo

233 2460 287 2488 erit
308 2466 394 2489 mater
407 2462 482 2495 Jesu,
506 2463 557 2490 nisi
577 2465 655 2499 cujus
674 2465 751 2491 vulva
776 2471 897 2492 emortua
914 2471 955 2493 est
970 2466 981 2492 ?
994 2470 1022 2492 ut

270 2521 293 2557 '3
308 2521 387 2549 Rom.
399 2530 438 2555 ιν,
458 2523 484 2549 1.
522 2524 545 2539 ⁸⁸
560 2523 569 2550 1
583 2525 645 2552 Cor.
666 2533 715 2557 vn,
729 2526 757 2552 9.

235 2590 331 2618 23-‘25.

270 2649 327 2685 (il)
343 2651 445 2684 Al.,tet
464 2653 577 2692 seminis
595 2654 733 2692 ejusrlalu
761 2662 788 2684 et
808 2659 912 2685 semine
941 2656 1016 2692 ejus]

236 2685 367 2716 dicerem.
386 2695 437 2712 non
454 2687 594 2714 debuerim
612 2685 644 2715 de
656 2685 763 2716 Christo
779 2693 878 2717 dit-ere.
897 2701 905 2716 ι

272 2721 328 2761 (l2)
342 2721 433 2761 Alias,
453 2730 462 2746 ι
476 2722 653 2757 intelligcrcs.
670 2735 678 2750 ι
702 2725 775 2757 Al.,t
793 2726 904 2761 intelligi
920 2725 1018 2754 debere

236 2760 358 2782 δοιιιιτει.
375 2765 384 2780 ι

237 2789 327 2849 tl(12".)
352 2790 407 2852 A‘l.,
437 2791 517 2819 «Non
545 2792 616 2819 enim
646 2797 747 2821 tantam
775 2794 903 2829 gloriam,
934 2804 1017 2830 quan-

248 2832 260 2848 ιι
274 2832 301 2852 Η.
316 2833 325 2850 ι
348 2833 362 2852 C
376 2833 400 2852 C-

294 2843 301 2855 ι
316 2843 325 2850 υ
348 2843 400 2852 νιν-

369 2591 391 2607 ⁹¹
413 2592 481 2620 Gen.
498 2601 547 2626 xv,
569 2595 594 2621 6.

796 2524 894 2561 “Cen.
909 2534 984 2558 xvnt,
998 2527 1067 2553 H.“
1080 2527 1178 2561 Philip.
1198 2536 1238 2559 III,
1256 2528 1282 2560 7,
1297 2528 1322 2554 8.

236 2555 479 2595 iColoss:_ttt_,5.
516 2558 538 2574 ⁸⁷
554 2559 562 2586 l
577 2560 639 2587 Cor.
669 2555 714 2595 xv,
738 2561 782 2587 41.
820 2559 842 2575 ⁸⁸
856 2561 943 2590 Galat.
973 2555 1009 2595 tv,

1114 2563 1136 2578 ⁸³
1151 2555 1245 2590 Μαιιιί.
1266 2555 1313 2595 riu,
1333 2563 1376 2590 50.
1415 2563 1438 2578 νο
1452 2562 1460 2588 l
1476 2555 1546 2589 Τίιιί.
1561 2570 1590 2595 tt,
1608 2562 1650 2588 lii.

1079 1561 1147 1584 ram,
1162 1554 1201 1580 vel
1220 1562 1228 1578 ι
1253 1553 1277 1579 in
1297 1561 1357 1580 eum
1384 1563 1393 1578 ι
1413 1553 1457 1587 qui
1484 1553 1547 1580 fecit
1569 1553 1680 1587 angelos
1700 1556 1829 1584 cmterasp

1078 1597 1196 1625 cwlestis
1219 1598 1310 1632 gloria:
1335 1597 1468 1630 virtutes;
1486 1597 1532 1625 sed
1547 1598 1585 1624 ait
1601 1605 1607 1622 :
1632 1607 1641 1622 ε
1661 1597 1707 1632 qui
1726 1598 1829 1624 suscitat

1079 1644 1221 1671 Dominum
1233 1644 1323 1671 Jesum
1339 1652 1353 1670 a
1371 1644 1494 1671 mortuis.
1512 1653 1521 1669 ι
1535 1643 1592 1676 Qua
1607 1651 1670 1677 ergo
1689 1645 1723 1670 de
1737 1649 1829 1669 causa:

1079 1691 1309 1725 comparationem
1338 1691 1398 1718 fidei
1424 1691 1539 1718 Ahraha:
1561 1690 1657 1717 titulus
1674 1691 1726 1716 iste
1743 1697 1829 1716 resin“:

1080 1735 1178 1762 etionis
1211 1735 1315 1762 Domini
1348 1736 1495 1763 assumitur
1529 1735 1714 1769 requiramus.
1742 1734 1829 1767 Nunqt

1078 1780 1216 1807 Abraham
1245 1780 1270 1807 in
1297 1788 1359 1807 enm
1376 1780 1530 1808 crediderat
1546 1781 1591 1815 qni
1614 1781 1761 1808 suscitavit
1779 1782 1829 1806 Dent

1079 1834 1141 1853 num
1172 1826 1263 1853 Jesnm
1285 1834 1298 1852 a
1324 1827 1455 1859 mortuis,
1476 1834 1535 1853 CUIII
1554 1825 1632 1854 Jesus
1657 1832 1724 1853 tunc
1752 1828 1829 1852 nondut

1079 1871 1174 1898 fuisset
1200 1872 1376 1899 resuscitatus
1395 1880 1409 1898 a
1428 1872 1541 1899 mortuis
1557 1872 1568 1899 ?
1586 1871 1670 1898 Velim
1690 1879 1759 1906 ergo
1781 1877 1829 1898 cum

1079 1917 1174 1944 derare
1187 1918 1249 1951 quid
1267 1918 1352 1945 visum
1365 1919 1399 1945 sit
1414 1918 1498 1945 Paulo
1514 1919 1685 1953 promittenti
1711 1919 1790 1945 nobis
1809 1923 1829 1950 qi

1079 1962 1148 1989 sicut
1162 1962 1279 1989 Abrahae
1297 1968 1418 1996 reputata
1443 1968 1485 1990 est
1509 1963 1630 1990 credenti
1652 1964 1724 1990 fides
1748 1964 1829 1994 adiat

1078 2008 1153 2039 tiam,
1167 2007 1203 2034 ita
1225 2013 1250 2034 et
1274 2009 1350 2035 nobis
1369 2010 1538 2042 reputabitur
1561 2009 1744 2036 credentibus
1764 2010 1790 2035 in
1811 2016 1829 2035 ei

1077 2054 1122 2087 qui
1142 2054 1383 2082 suseitavitJesum
1405 2055 1549 2082 Dominum
1566 2060 1693 2082 nostrum
1711 2064 1727 2081 a
1749 2061 1829 2082 monti

1078 2099 1104 2126 In
1119 2107 1172 2134 quo
1184 2107 1234 2134 ego
1252 2107 1300 2134 pro
1317 2101 1450 2134 parvitate
1472 2108 1568 2127 sensus
1585 2100 1636 2127 mei
1658 2100 1733 2127 illud
1750 2102 1829 2126 adu-ri

1077 2145 1147 2179 quod
1167 2146 1251 2172 mttlto
1265 2147 1298 2173 sit
1315 2147 1530 2180 magnificentius
1546 2147 1572 2172 in
1589 2147 1721 2173 laudibus
1734 2147 1781 2173 Dei
1800 2151 1829 2171 rv'i

1077 2191 1190 2219 scilasse
1205 2191 1295 2219 Jesutn
1310 2193 1451 2219 Dominum
1476 2199 1600 2219 nostrum
1618 2200 1631 2218 a
1646 2193 1782 2222 tttortuis,
1795 2199 1829 2224 qui

1079 2237 1175 2264 fecisse
1190 2239 1288 2265 caelum
1304 2243 1331 2265 et
1353 2243 1463 2270 terram,
1477 2246 1586 2266 creasse
1600 2239 1730 2272 angelos,
1747 2243 1773 2263 et
1795 2242 1829 2262 (ω

1078 2288 1133 2310 stes
1149 2284 1302 2311 condidisse
1318 2284 1442 2311 virtutes.
1459 2283 1526 2311 Illud
1543 2285 1617 2311 enim
1631 2284 1684 2309 fuit
1707 2284 1801 2310 facere
1817 2289 1829 2315 ri

1077 2336 1129 2355 non
1147 2335 1234 2361 erant,
1252 2331 1301 2357 hoc
1316 2335 1405 2357 autem
1421 2338 1548 2364 reparare
1559 2338 1619 2364 quae
1633 2330 1794 2364 perierant.
1811 2326 1829 2352 Ill

1077 2374 1127 2400 fuit
1140 2375 1257 2401 nondum
1273 2375 1359 2402 deleta
1374 2375 1528 2406 instituere,
1541 2374 1659 2408 ltocjatu
1682 2375 1781 2401 deleta
1798 2381 1829 2398 [fi

1077 2423 1151 2446 tuere
1180 2419 1247 2455 (18),
1265 2419 1331 2446 Illud
1363 2420 1479 2454 denique
1506 2420 1637 2454 jussione,
1663 2420 1722 2446 ltoe
1747 2419 1829 2453 possit

1076 2467 1224 2502 perfectum
1248 2472 1299 2494 est.
1327 2467 1379 2494 Sed
1398 2466 1478 2500 hujus
1504 2467 1571 2493 tanti
1591 2471 1707 2500 tamque
1736 2464 1829 2498 nlaa‘stl

1361 2527 1384 2543 "
1395 2527 1483 2555 Galat.
1499 2535 1541 2559 tn,
1560 2527 1603 2554 16.
1640 2526 1666 2541 ⁸⁸
1680 2526 1768 2552 Raro.
1782 2521 1829 2551 ini

1361 2564 1376 2587 Ι.
1415 2562 1590 2587 Ν1Τίιιι.η.
1608 2562 1650 2587 15.
1695 2562 1717 2576 ’¹
1736 2561 1819 2587 Βωμ-

1766 2570 1819 2587 Ulli.

1108 2657 1153 2691 (lt
1184 2655 1269 2685 Alias,
1288 2664 1297 2680 α
1309 2659 1336 2682 et
1351 2661 1434 2688 opera
1450 2658 1507 2687 tua,
1520 2663 1529 2678 ι
1548 2659 1601 2681 etc.

1108 2655 1164 2725 (to;
1179 2692 1200 2717 Α
1220 2690 1307 2716 stella.
1325 2689 1385 2716 lltec
1408 2689 1490 2716 verba
1508 2689 1604 2716 desunt
1621 2689 1647 2715 in
1667 2687 1771 2715 editis.
1794 2691 1814 2711 (ε

1072 2726 1194 2761 pluribus
1211 2733 1275 2752 mss.

1108 2761 1164 2794 (lii)
1183 2761 1264 2790 Editi,
1279 2768 1288 2784 ι
1307 2766 1446 2793 paremus,
1463 2768 1472 2784 ›
1494 2758 1574 2785 male.

1108 2795 1163 2829 (l7)
1183 2795 1266 2827 Alias,
1283 2803 1291 2820 ε
1310 2795 1354 2828 qui
1370 2794 1494 2820 credidit.
1516 2803 1525 2818 ι

1108 2831 1164 2864 (18)
1184 2829 1264 2863 Editi,
1284 2838 1293 2854 ε
1310 2829 1380 2864 quod
1394 2828 1596 2863 perierat.lllnd
1611 2828 1662 2854 fuit
1680 2837 1738 2855 uult
1754 2830 1805 2854 Ima
1822 2840 1825 2841 ν
