1833 3049
0 121 17 147 7i
456 123 632 150 COMMENT.
650 123 681 150 ΙΝ
701 122 809 150 EPIST.
825 122 869 149 AD
886 122 969 149 ROM.
988 121 1052 150 Lill.
1071 121 1122 149 iV.

4 181 9 205 i
41 180 146 209 diﬂ‘usa
169 186 210 208 est
235 181 261 208 in
285 182 413 209 cordibus
436 184 536 209 nostris
557 192 603 217 per
620 181 1124 217 .Spiritum‘A'divitiis,"culpabiliter
1151 182 1283 216 gloriatur
1307 193 1312 209 :

4 232 98 252 ictum
128 227 176 260 qui
201 228 280 254 datus
301 220 343 254 est
366 228 443 254 nob's
462 228 494 253 ⁸⁸.
514 237 523 253 ι
551 229 656 255 Primus
670 229 762 254 statim

2 279 60 297 -ιιιο
79 272 195 305 capituli
206 272 285 306 hujus
300 272 488 306 ambiguitatis
502 273 602 307 aliquid
619 274 759 301 continet:

0 326 16 342 ιι
35 317 117 343 enim
134 317 254 344 habetin
273 319 504 352 'conseqtteutibus
517 320 549 345 ad
572 320 638 354 quid
663 320 760 346 referri

0 361 19 393 ἱ)
40 361 149 388 debeat
166 363 237 396 quod
253 363 321 390 dixit
338 372 344 390 ε
361 372 370 388 α
381 371 433 390 ιιοιι
448 365 533 391 solutn
545 370 644 391 autem.
663 375 671 390 ι
687 365 761 393 Unde

0 407 23 433 le
39 407 63 433 si
81 408 224 441 possimus
244 408 296 436 hoc
312 411 391 436 modo
405 410 609 445 ambiguitatem
626 412 758 438 elocutio-

0 462 2 476 ;
17 453 182 481 absolvere.
200 454 334 487 Quoniam
353 456 378 482 in
396 457 585 490 superioribus
612 458 694 484 multa
713 465 760 484 no-

0 514 2 521 .
23 505 77 531 per
97 498 244 525 Dominum
273 505 394 527 nostrum
417 500 509 528 Jesum
531 502 669 529 Christum
692 511 759 537 pra:-

0 548 22 567 ta
42 550 114 569 esse
132 544 282 577 perdocuit,
314 549 343 571 ut
366 553 426 572 cum
450 546 513 572 dicit
528 545 691 578 jnstitieatos
707 555 757 575 nos

0 595 20 614 με
31 597 67 614 ex
82 589 138 615 fide
150 597 198 624 per
207 590 351 617 Dominum
368 597 490 619 nostrum
501 592 593 620 Jcsnm
608 594 756 628 Christum,

1 643 53 667 per
70 635 164 668 ipsum
182 643 321 663 accessum
352 637 452 664 habere
480 639 505 664 iu
530 641 646 673 gratiam
668 640 756 673 istam,

0 682 7 692 "
20 681 116 713 ipsum
140 681 220 706 etiam
242 681 352 715 gloriari
380 683 405 708 in
426 684 582 718 spe‘glorim
603 685 648 712 Dei
665 685 706 718 ";
724 687 757 713 ad

2 729 16 747 ε
34 724 136 750 omnia
151 732 211 758 qua:
235 726 307 752 dicta
328 732 401 758 sunt,
427 728 524 755 referri
553 735 617 762 pttto
644 730 755 764 debere,

0 777 40 795 t0“
55 770 152 796 solum
175 776 284 798 autem:
304 781 312 797 ι
334 772 383 799 hoc
402 778 453 804 est,
479 782 530 800 non
556 775 642 801 solum
666 781 755 802 autem

2 823 17 840 ιι
32 822 123 848 supra
144 815 203 850 (54)
221 817 296 849 dixi;
314 819 360 844 sed
376 823 402 845 et
416 820 466 845 hoc
477 820 548 853 quod
566 821 713 855 gloriamur
728 822 753 848 in

1549 127 1600 156 99!.

1337 185 1359 209 si
1389 184 1449 218 quis
1481 192 1546 211 vero
1571 187 1596 212 in

814 226 986 262 agnoscendo
1006 229 1145 255 hominum
1166 229 1309 263 gloriatur,
1321 234 1347 256 et
1363 230 1388 256 itt
1409 229 1599 265 intellectnju-

815 273 948 300 diciornm
966 274 1035 308 ejus,
1052 279 1078 300 et
1091 274 1295 308 misericordia,
1321 280 1348 302 et
1365 275 1488 308 justitim,
1505 277 1613 304 lauda.-

813 319 904 346 biliter
921 319 1064 353 gloriatur.
1083 321 1149 347 Cum
1172 329 1236 356 ergo
1259 329 1349 348 sermo
1370 322 1421 349 iste
1440 322 1473 349 ad
1491 327 1598 349 utrum-

812 372 864 397 que
891 366 1028 399 respiciat,
1058 367 1249 400 requirendunt
1276 368 1352 394 nobis
1378 372 1419 394 est
1445 369 1471 394 in
1499 368 1598 402 quibus

812 415 886 437 rrcta
903 411 1028 445 gloriatio
1045 412 1092 444 sit,
1107 416 1133 438 et
1147 412 1172 438 in
1190 413 1289 446 quibus
1302 413 1392 440 minus
1406 412 1478 440 recta
1496 413 1596 447 gloria—

813 455 860 481 tio.
883 454 961 487 Quod
982 455 1017 481 ita
1033 456 1141 482 demunt
1164 456 1312 490 poterimus
1332 465 1487 492 agnoscere,
1510 458 1532 484 si
1549 466 1596 484 na-

813 504 888 526 turas
918 507 1007 527 rerum
1041 502 1202 535 competenti
1234 503 1408 530 distinctione
1444 507 1594 530 teneamus.

811 544 888 577 Quod
901 550 991 572 autem
1009 546 1125 572 dicimus
1142 546 1193 573 tale
1205 552 1256 574 est.
1273 547 1368 575 Omnia
1388 556 1447 582 qua:
1465 553 1528 575 sunt
1554 549 1594 576 vel

811 595 940 625 aguntur,
962 597 1006 618 attt
1029 593 1096 618 bona
1111 596 1186 624 sunt,
1202 598 1248 618 aut
1268 595 1348 624 mala,
1374 599 1420 620 aut
1438 594 1593 620 indilfcrcn-

811 638 857 662 tia.
877 637 913 664 De
929 638 1030 671 quibus
1043 639 1167 672 quamvis
1181 639 1260 669 latior
1275 639 1377 666 haberi
1393 640 1488 670 debeat
1501 631 1609 675 ldispua

810 682 887 713 talio,
909 688 997 710 tatncn
1015 690 1143 716 (ιιιιιιιιιιιιι
1163 685 1195 709 ad
1213 690 1376 717 pneseulcm
1395 686 1480 712 locant
1493 686 1592 712 sullicit

809 727 988 761 proferemus.
1004 729 1075 754 Bona
1093 729 1135 755 illa
1154 735 1257 756 certum
1277 736 1318 756 est
1334 731 1520 764 propricdici,
1534 739 1593 764 qua:

809 773 840 798 ad
856 772 971 799 virtutes
985 774 1066 799 animi
1084 773 1221 807 pertinent
1235 783 1241 803 ι
1266 779 1294 801 et
1325 775 1394 801 tnala
1409 783 1439 801 ea
1456 776 1513 802 sola
1529 775 1594 802 deli-

810 817 872 849 niri,
889 825 948 850 qua}
972 818 1004 843 ad
1026 818 1155 844 malitiam
1179 824 1314 853 spectauit,
1342 826 1368 846 et
1392 826 1487 847 contra
1506 819 1592 855 legent

1 861 188 889 iulationibus
207 863 317 894 nostris,
333 872 379 898 per
397 864 541 892 Dominum
564 872 687 893 nostrum
711 867 748 894 Je-

826 863 854 888 Iei
869 867 1006 896 aguntur;
1020 868 1116 890 eastern
1132 871 1196 890 vero
1214 864 1392 892 indiil‘ereutia
1409 873 1480 898 esse,
1497 867 1589 899 idest,

2 915 18 933 ιι
35 907 187 934 Christum
204 909 345 936 habemus.
363 910 474 938 Czeteris
494 913 565 938 enim
589 913 614 939 iu
643 913 754 940 tribula-

3 961 27 979 te
48 953 243 985 tristantibus,
261 963 309 983 nos
323 957 416 990 gratia:
442 957 526 991 ipsius
548 959 647 986 virtute
675 960 765 986 ιυὶιο-Δ

0 997 16 1029 i,
39 999 67 1025 in
87 1000 316 1028 tribulationibus
331 1003 489 1037 gloriamur.
506 1003 655 1032 Didicimus
674 1013 752 1032 nam-

0 1051 7 1070 ξ
21 1052 129 1072 novam
145 1054 178 1072 cx
195 1048 347 1074 ertulitione
362 1049 446 1082 ipsius
457 1050 640 1084 disciplinam,
657 1056 685 1078 ut
704 1059 753 1085 per

3 1091 160 1118 ιιιΙηιίοιιιιε
182 1093 281 1120 bontun
293 1093 430 1127 patientiae
445 1097 583 1129 capiamus
598 1106 604 1123 :
624 1098 752 1124 habentes

2 1145 17 1160 o
48 1138 197 1170 patientiae
227 1139 326 1165 houtnu
355 1136 506 1173 probabiles
526 1138 679 1174 jndicetnur
699 1153 706 1171 :
725 1138 760 1170 et.

0 1190 2 1195 ν
30 1183 198 1216 patientiam
225 1185 372 1212 multarum
401 1187 603 1214 tribulationum
631 1190 750 1222 probati,

5 1236 28 1253 ιιι
47 1228 152 1254 futurae
168 1230 225 1264 (55)
240 1238 255 1256 a
275 1230 328 1257 Deo
344 1233 571 1260 remunerationis
586 1235 749 1262 habeamus:

0 1282 12 1299 υ
28 1281 110 1307 spes,
128 1275 191 1307 quia
218 1280 292 1302 certa
318 1282 345 1303 et.
369 1284 432 1303 vera
454 1282 506 1308 est,
533 1286 584 1306 non
610 1281 751 1308 confundit

6 1323 117 1343 rantes.
139 1319 233 1345 Fidem
251 1328 365 1355 namque
384 1321 465 1356 538
479 1330 505 1349 et
518 1331 593 1358 spem
610 1327 758 1361 consctpti-‘

9 1366 142 1392 rharitas
161 1366 218 1394 Dei.
234 1374 294 1399 qum
310 1367 430 1394 omnium
445 1368 530 1403 major
549 1370 605 1405 (56)
620 1376 661 1398 est
679 1372 711 1404 ⁸³,
723 1369 749 1400 ct

0 1422 3 1436 I
20 1413 115 1439 solum
141 1413 229 1446 replet
241 1419 358 1440 utentem
375 1420 506 1448 neStram,
522 1417 568 1443 sed
584 1422 610 1443 et
629 1419 749 1446 abundat

0 1457 174 1484 dill’nnditur
193 1461 217 1483 in
231 1459 358 1486 cordibus
378 1460 488 1491 nostris,
507 1469 554 1495 pro
569 1469 601 1488 eo
613 1465 682 1496 quod
696 1472 747 1491 non

808 915 894 942 neque
913 909 993 944 bona,
1011 917 1096 943 neque
1118 912 1188 937 mala
1207 912 1371 949 nominanda
1394 912 1461 948 (0'0),
1481 917 1510 947 ut
1531 917 1606 947 sunt,

806 954 916 986 divitiae,
936 955 1040 988 species
1057 956 1190 989 corporis,
1207 947 1233 982 et
1253 947 1383 989 fortitudo
1399 958 1449 984 .vcl
1470 959 1592 992 proceri-

806 1004 859 1032 tas,
877 1007 956 1035 atque
975 1010 1004 1028 ea
1021 1010 1080 1036 qua:
1095 1004 1217 1037 corporis
1236 1005 1330 1031 usibus
1346 1006 1477 1032 serviunt.
1491 1006 1591 1040 Siquis

805 1047 889 1081 igitur
904 1047 1106 1075 distinctionem
1132 1049 1296 1076 diversitatis
1322 1050 1400 1083 hujus
1428 1051 1542 1085 ignorat,
1563 1057 1590 1079 et

803 1093 935 1126 gloriatur
960 1093 985 1119 iu
1013 1093 1054 1120 his
1078 1102 1138 1128 quae
1156 1102 1207 1121 non
1225 1099 1287 1122 sunt
1308 1104 1372 1123 vere
1391 1096 1470 1128 bona,
1490 1105 1539 1123 nec
1554 1098 1588 1124 ad

803 1139 930 1165 virtutem
958 1140 1040 1166 animi
1067 1142 1219 1174 pertinent,»
1236 1142 1424 1176 culpabiliter‘
1442 1135 1586 1177 gloriatur.

803 1182 902 1210 Paulus
921 1193 994 1218 vero,
1013 1187 1057 1219 qui
1072 1186 1097 1212 in
1116 1187 1158 1212 his
1173 1192 1231 1212 erat
1254 1187 1444 1220 peritissimus,
1462 1195 1522 1214 cum
1545 1188 1588 1214 di-

802 1230 896 1261 xisset,
909 1232 971 1264 quia
985 1241 994 1256 ι
1009 1232 1156 1265 gloriamur
1173 1232 1198 1258 in
1218 1233 1437 1260 tribulationibus
1453 1234 1561 1266 nostris,
1575 1243 1584 1259 ι

801 1283 835 1303 ne
850 1276 920 1303 forte
940 1282 1081 1311 putaretur
1096 1278 1121 1304 in
1141 1278 1220 1304 rebus
1244 1277 1463 1305 indidi-rentibus
1485 1284 1512 1305 et
1532 1287 1588 1305 me-

800 1321 852 1348 diis
876 1321 1104 1356 gloriari,.reddit
1120 1323 1248 1349 continuo
1265 1323 1410 1357 rationem,
1429 1325 1587 1358 ct_ostendit

799 1367 870 1401 quod
888 1367 1014 1401 gloriatio
1028 1375 1086 1400 sua,
1105 1375 1185 1401 quam
1208 1368 1234 1394 iu
1255 1368 1476 1395 tribulatiouilms
1492 1369 1584 1406 habet,

799 1413 832 1439 ad
851 1413 964 1439 virtutes
980 1413 1063 1439 animi
1082 1414 1225 1447 pertineat.
1248 1414 1316 1440 Dicit
1337 1414 1421 1445 enim,
1438 1415 1499 1448 quia
1514 1424 1523 1440 ι
1538 1415 1587 1440 tri-

800 1458 934 1490 bulatio,»
957 1466 1005 1493 pro
1019 1467 1071 1493 qtta
1092 1459 1205 1494 glorior,
1228 1468 1236 1484 ι
1259 1460 1416 1493 patientiam
1445 1465 1584 1494 operatur,

0 1511 74 1530 uana
95 1511 110 1529 a
128 1504 208 1530 nobis
222 1509 281 1531 arte
295 1505 448 1538 acquiritur
468 1506 535 1541 (57),
556 1509 601 1534 sed
624 1516 671 1542 per
687 1518 747 1544 gra-
762 1521 784 1551 Ο
800 1505 928 1538 patientia
946 1512 1010 1532 vero
1026 1507 1225 1541 probationem,
1255 1506 1380 1540 probatio
1406 1513 1470 1532 vero
1495 1513 1582 1538 Spem.

0 1558 15 1575 n
34 1550 131 1576 sancti
163 1549 282 1583 Spiritus
307 1550 467 1581 infunditur.
506 1553 567 1580 Ha-c
598 1557 756 1583 secundum‘

0 1597 88 1622 monis
104 1597 194 1630 ipsius
209 1597 249 1623 vel
268 1597 363 1624 littera:
380 1601 601 1633 consequentiam
619 1609 668 1636 pro
683 1603 748 1630 ada-

0 1643 75 1668 tioue
90 1642 152 1677 (58)
168 1643 306 1676 apostolici
321 1644 422 1678 eloquii
437 1645 579 1679 explanata
594 1647 658 1674 sint.
669 1647 746 1675 Nunc

0 1701 1 1711 ι
19 1689 86 1722 quid
109 1689 228 1714 interior
242 1697 340 1716 sensus
359 1690 497 1718 contineat
517 1693 698 1726 requiramtts.
715 1694 747 1721 Et

2 1741 37 1760 no
55 1734 92 1760 dc
109 1733 275 1767 gloriatione
292 1735 429 1762 videamus
451 1737 521 1770 quod
540 1737 608 1764 dixit
625 1748 631 1765 :
652 1747 661 1764 ‹
681 1739 746 1766 Glo-

1 1787 54 1805 nur
77 1779 106 1805 in
133 1779 359 1807 tribulationilms
387 1783 496 1809 nostris.
519 1793 528 1808 ι
553 1783 648 1811 Sermo
663 1786 752 1812 .enim'

0 1825 124 1851 'iatiouis
143 1825 213 1858 (59).
240 1826 374 1853 interdum
393 1827 564 1856 laudabiliter
582 1831 606 1857 in
622 1831 743 1866 Scriptu-

14 1870 160 1897 interdum
175 1870 346 1904 culpabiliter
362 1873 478 1906 ponitur.
494 1874 598 1901 Etenim
621 1884 682 1903 cum
703 1877 744 1903 di-

0 1916 142 1943 Jeretnias
158 1925 165 1942 :
184 1925 193 1940 ι
211 1915 274 1944 ΙΙςυε
287 1917 353 1944 dicit.
369 1918 497 1947 Dominus
512 1929 518 1947 :
538 1920 595 1948 Non
613 1922 744 1957 glorietur

0 1963 58 1990 iens
74 1963 102 1989 in
123 1962 259 1994 sapientia
289 1970 350 1996 sua,
375 1971 425 1990 ttec
449 1964 527 1992 fortis
542 1967 567 1992 in
586 1967 743 1995 fortitudine

0 2029 5 2039 ,
23 2015 118 2042 neque
135 2007 269 2042 glorietur
283 2007 358 2035 dives
379 2009 405 2035 in
422 2010 523 2037 divitiis
545 2012 602 2039 suis
623 2022 629 2039 ι
654 2014 701 2040 sed
716 2014 742 2041 in

10 2055 154 2088 glorietur
168 2054 214 2088 qui
227 2053 372 2088 gloriatur,
392 2055 543 2087 intelligere
557 2062 583 2084 et
596 2066 743 2092 agnoscere

17 2101 84 2135 quia
104 2107 159 2134 ego
175 2107 235 2126 sum
255 2100 382 2128 Dontiuns
405 2102 450 2136 qui
478 2107 570 2130 statuo
589 2105 743 2132 misericor-

2 2156 30 2178 ιι,
48 2152 74 2174 el
87 2146 241 2181 judicium,
259 2151 285 2173 et
298 2146 431 2181 justitiam
446 2156 528 2183 super
552 2155 650 2177 terram
670 2151 691 2167 ‘9
706 2160 713 2183 ;
731 2161 739 2176 ι

706 2173 713 2184 ν

799 1558 860 1584 spes
875 1557 938 1577 vero
954 1558 1006 1577 non
1020 1552 1174 1583 confundit,
1201 1552 1263 1585 quia
1279 1551 1400 1578 Charitas
1416 1551 1462 1578 Dei
1488 1552 1585 1579 diffusa

797 1601 838 1622 est
853 1595 879 1622 in
895 1597 1023 1624 cordibus
1035 1597 1137 1624 nostris
1157 1605 1205 1631 per
1220 1598 1352 1632 Spiritum
1374 1603 1517 1630 sanctum;
1534 1607 1542 1623 ι
1557 1604 1585 1624 ιιι

798 1641 823 1667 in
841 1642 882 1668 his
899 1643 996 1668 edocet
1018 1644 1088 1676 quod
1116 1651 1164 1677 per
1189 1644 1368 1675 succedentes
1394 1643 1444 1670 sibi
1471 1645 1585 1670 virtutes

797 1686 923 1721 gloriatio
945 1687 1150 1718 tribulatiouun
1172 1696 1257 1721 usque
1287 1689 1321 1714 ad
1353 1689 1439 1714 sancti
1465 1688 1584 1722 Spiritus

796 1733 901 1759 culmen
918 1733 973 1767 (6|)
992 1733 1130 1764 ascendat,
1159 1733 1230 1759 sicut
1250 1738 1276 1760 et
1300 1734 1362 1760 alibi
1382 1734 1447 1760 dicit
1467 1743 1473 1760 :
1499 1743 1507 1758 ι
1531 1733 1582 1766 Qui

796 1778 942 1813 gloriatur,
959 1779 984 1805 iu
1002 1779 1114 1805 Domino
1130 1779 1261 1813 glorietur
1274 1779 1306 1804 ⁵ο.
1325 1789 1333 1804 ι
1355 1779 1447 1813 Neque
1462 1787 1529 1814 ergo
1555 1782 1580 1807 iu

796 1825 928 1858 sapientia
947 1826 1066 1859 propria,
1082 1833 1168 1858 neque
1192 1825 1217 1851 in
1244 1825 1417 1856 fortitudine,
1443 1832 1530 1858 neque
1553 1826 1580 1852 in

796 1870 908 1902 divitiis,
923 1870 970 1896 sed
988 1871 1013 1896 in
1028 1870 1086 1897 solo
1104 1869 1159 1896 Dco
1177 1871 1305 1896 convenit
1322 1870 1444 1904 gloriari.
1461 1870 1512 1896 Sed
1527 1869 1582 1897 for-

796 1921 868 1943 tasse
893 1915 996 1952 dicas;
1023 1915 1148 1949 Nunquid
1174 1923 1226 1940 non
1252 1915 1386 1948 sapientia
1411 1916 1443 1942 ad
1466 1916 1581 1943 virtutes

795 1963 878 1990 anitui
893 1967 1000 1998 spectat
1012 1962 1023 1988 ?
1034 1962 1066 1988 Et
1082 1969 1131 1988 cur
1146 1961 1281 1996 culpabile
1298 1962 1406 1989 ducitur
1428 1962 1454 1989 in
1469 1963 1580 1997 sapien-

796 2011 832 2037 tia
845 2009 955 2043 gloriari
968 2009 979 2035 ?
994 2008 1060 2035 Vide
1071 2015 1135 2041 ergo
1149 2015 1231 2041 quam
1248 2013 1343 2034 cantus
1361 2008 1417 2042 (62)
1442 2014 1483 2034 est
1507 2008 1581 2034 Scri-

794 2061 880 2090 pturat
906 2062 1008 2085 sermo,
1032 2053 1245 2087 qui,impolitus
1267 2053 1374 2080 videtur
1397 2058 1425 2080 et
1452 2053 1578 2087 agrestis.

795 2101 851 2128 Non
868 2101 936 2127 dixit
951 2109 957 2127 :
976 2110 991 2131 ι,
1008 2100 1063 2127 Νοιι
1080 2099 1211 2134 glorietur
1232 2099 1339 2134 sapiens
1361 2099 1386 2124 in
1402 2099 1545 2133 sapientia,
1566 2109 1576 2126 ι

794 2153 820 2174 et
835 2147 929 2183 siluit;
947 2147 992 2173 sed
1009 2147 1046 2172 ait
1065 2154 1071 2172 ς
1096 2155 1104 2169 ι
1131 2144 1188 2172 Νοιι
1213 2145 1345 2179 glorietur
1362 2145 1469 2179 sapiens
1493 2145 1517 2171 in
1536 2153 1580 2172 sa-

0 2202 41 2220 ιιιο
55 2194 216 2226 eodemque
228 2194 348 2227 capitulo
364 2193 552 2227 gloriatiouem
569 2201 597 2222 et
619 2196 740 2224 laudabi-
758 2190 781 2218 D
795 2194 893 2228 pientia
913 2200 960 2219 sua
973 2192 1006 2218 δι.
1021 2201 1030 2218 ι
1047 2191 1097 2224 Qui
1116 2191 1187 2218 enim
1200 2191 1226 2217 in
1246 2198 1306 2222 sua,
1320 2195 1347 2216 et
1363 2199 1414 2217 non
1434 2192 1458 2217 in
1477 2191 1521 2217 Dci
1539 2198 1580 2217 sa-

0 2244 43 2266 -et
54 2239 237 2273 culpabiliter
253 2240 351 2272 posuit.
362 2239 428 2266 Nam
443 2240 466 2267 si
481 2240 553 2274 quis,
569 2243 667 2276 inquit,
684 2243 739 2277 glo-

0 2294 28 2312 ur
42 2286 86 2313 vel
105 2286 133 2312 in
148 2284 281 2319 sapientia
296 2292 358 2317 sua,
376 2285 416 2312 vel
431 2286 456 2312 in
473 2286 640 2320 fortitudine,
655 2289 694 2315 vel
712 2289 738 2315 in

795 2239 895 2273 pientia
908 2238 1051 2273 gloriatur,
1063 2237 1237 2271 culpabiliter
1246 2236 1386 2274 gloriatur,
1401 2236 1462 2270 quia
1476 2241 1502 2262 et
1515 2237 1577 2263 :Illlll

794 2286 859 2314 dicit
876 2286 1027 2321 propheta:
1045 2293 1055 2309 ι
1079 2283 1124 2310 Vae
1143 2283 1185 2310 his
1201 2283 1247 2317 qui
1267 2283 1402 2317 sapientes
1421 2287 1483 2310 sunt
1505 2283 1577 2318 apud

0 2376 95 2403 ‘Rom.
110 2382 139 2407 ν,
152 2374 208 2401 5—5.
247 2374 355 2406 "iliid.,
368 2376 393 2407 l,
405 2374 432 2402 2.
472 2375 494 2391 ³⁸
504 2376 511 2403 l
522 2377 584 2404 Cor.
597 2385 656 2410 xut,
669 2379 712 2406 15.

826 2385 885 2405 λεηι.
900 2385 939 2410 1x,
950 2376 996 2408 23,
1008 2375 1053 2402 24.
1076 2356 1115 2390 ’⁵ο
1127 2374 1136 2401 l
1148 2374 1210 2402 Cor.
1225 2382 1244 2408 ι,
1254 2374 1298 2401 3i.
1337 2373 1357 2389 '“
1370 2372 1470 2401 Jcrem.
1484 2382 1520 2406 ιχ,
1530 2374 1577 2403 ἳῦ.

0 2455 36 2486 $5)
51 2453 144 2484 Alias,
163 2460 172 2477 ι
192 2452 292 2487 aliquid
309 2453 343 2479 ad
357 2453 428 2487 quod
442 2452 549 2486 referri,
568 2464 577 2479 ι
597 2460 651 2482 etc.

0 2489 37 2524 il)
55 2488 146 2518 Editi,
178 2494 249 2513 «non
265 2487 458 2524 solum_autcut
477 2489 534 2515 haec
552 2497 559 2515 :
577 2498 630 2516 non
649 2490 737 2518 solum

0 2521 36 2549 ιιιι
56 2531 123 2556 qua:
140 2529 236 2554 supra.
250 2531 258 2547 ι
275 2526 329 2549 etc.
347 2521 398 2549 Sed
411 2530 507 2551 omnes
527 2531 593 2551 mss.
612 2526 697 2552 nostri
713 2530 740 2553 et

0 2566 74 2584 «anns
89 2561 123 2584 ut
141 2556 170 2584 in
187 2561 280 2584 nostro
293 2561 378 2584 textu.

0 2593 38 2627 55)
56 2593 112 2620 Ms.
134 2599 216 2622 unus.
236 2599 245 2617 ι
257 2596 283 2618 et
301 2599 348 2625 per
365 2592 520 2625 patientiam
534 2594 680 2621 multarum
694 2595 739 2622 tri-

0 2626 123 2655 ;ti’onum
141 2626 328 2660 probationem
351 2633 359 2659 ;
378 2634 426 2661 per
451 2628 638 2662 probationem
661 2637 736 2664 spem

0 2671 53 2694 Ine,
70 2673 82 2690 ι
98 2668 158 2689 etc.

0 2698 35 2731 $6)
52 2697 142 2728 Editi,
159 2703 169 2721 ε
185 2702 244 2730 quae
256 2699 296 2723 est
309 2696 427 2723 omnium
446 2697 572 2723 maxima.
589 2707 598 2723 ι

0 2733 36 2767 π)
56 2733 125 2760 Mss.
144 2731 228 2767 nostri
243 2731 286 2758 hie
302 2731 356 2767 sibi
369 2739 422 2758 non
436 2733 584 2759 cohaerent.
601 2732 674 2759 bnus
687 2741 733 2761 so-

0 2770 82 2795 habet
99 2777 108 2793 ι
127 2766 311 2801 acquiritur.»
333 2766 390 2798 alii,
411 2775 421 2791 ι
441 2768 590 2801 (ιιιῖιιινίιιηε
608 2776 618 2792 ι
635 2768 732 2796 deinde

3 2811 15 2829 r
29 2803 128 2830 itidetn
149 2800 224 2828 solus
239 2801 319 2828 habet
333 2809 341 2826 I
359 2800 519 2834 infunditur,
534 2811 546 2827 ,ι
565 2802 656 2828 caeteri
665 2811 730 2831 vero

0 2839 142 2867 ululatur.
159 2845 168 2862 ι
184 2841 211 2863 et
224 2835 294 2864 alius
321 2845 330 2862 ε
356 2837 508 2864 mundatur.
533 2846 541 2862 ι
566 2836 619 2865 Sed
638 2842 727 2865 tamen

794 2454 937 2489 legendum
960 2453 1065 2481 videtur
1080 2457 1109 2479 nt
1127 2452 1152 2479 in
1170 2457 1264 2489 nostro
1283 2455 1369 2489 textu.
1390 2451 1459 2478 Editi
1479 2455 1505 2478 et
1524 2451 1576 2479 lia-

792 2487 878 2517 baints
893 2490 992 2516 habent
1007 2498 1016 2514 ι
1029 2488 1159 2522 quaeritur
1171 2497 1180 2512 ι
1194 2493 1221 2514 et
1239 2496 1247 2512 ι
1259 2487 1416 2513 inundatur.
1431 2495 1440 2512 ι
1583 2493 1586 2497 '

899 2524 983 2562 _[:]d_it_i,
1001 2533 1012 2562 ς
1029 2523 1062 2562 ad
1077 2523 1254 2562 apertionen-I.
1271 2531 1281 2548 ι
1305 2556 1311 2561 Ι
1353 2559 1359 2562 Α
1380 2555 1395 2562 η
1428 2555 1433 2562 1
1456 2556 1471 2562 γ’
1513 2557 1518 2562 1

827 2524 874 2558 (58,
902 2524 983 2555 Editi,
1003 2533 1012 2548 ‹
1029 2524 1062 2549 ad
1077 2524 1254 2556 apertionem.
1271 2531 1281 2548 ι
1380 2555 1386 2561 .

827 2524 882 2594 (59)
898 2558 967 2594 Ettiti
982 2558 1113 2594 plerique,
1139 2565 1151 2594 (_
1164 2557 1284 2594 Gloriam
1305 2556 1330 2582 in
1353 2555 1573 2593 tribulationibus

793 2592 1018 2631 nostris._$ertno
1032 2593 1113 2619 etiam
1128 2592 1405 2631 gloriationisg'ete.
1503 2626 1523 2631 n
1535 2626 1550 2631 η
1567 2627 1572 2631 1

828 2627 884 2662 (60)
901 2627 947 2654 Sic
963 2635 1058 2666 omnes
1086 2624 1151 2654 mss.
1179 2627 1264 2653 nostri
1288 2630 1322 2666 et_
1337 2624 1475 2666 Rabauns.
1503 2626 1572 2666 Editi

793 2661 897 2693 Veron
910 2669 998 2696 neque
1018 2663 1106 2694 bona,
1136 2669 1186 2688 nec
1209 2669 1269 2696 qua:
1290 2661 1323 2687 ad
1342 2661 1470 2688 virtutem
1489 2661 1572 2688 animi

789 2697 941 2735 pertinent,
955 2704 1042 2730 neque
1060 2696 1128 2723 mala
1148 2696 1418 2735 ltOIltlll_atltl:|,_-D.Clc.

824 2731 880 2768 (61)
898 2731 946 2759 Sic
958 2738 1054 2759 omnes
1069 2739 1138 2759 mss.
1158 2732 1243 2759 nostri
1260 2740 1268 2764 ;
1292 2730 1357 2758 cditi
1382 2738 1458 2764 vero,
1481 2740 1490 2756 I
1513 2731 1572 2757 cul-

785 2771 851 2794 tum.
864 2776 873 2792 ι

821 2801 876 2838 (62)
890 2801 971 2835 Editi,
992 2811 1001 2828 ‹
1018 2806 1132 2831 astutus.
1150 2811 1160 2828 ι
