1827 3053
243 109 293 136 905

241 222 306 248 ergo
321 211 453 246 sapientia
475 216 518 238 est
542 209 624 236 Deum
638 216 813 243 cognoscere,
828 213 855 234 et
874 207 1028 241 intelligere

242 258 456 287 misericordiam
471 256 542 291 ejus,
554 262 581 283 et
597 256 740 291 judicium,
754 260 782 282 et
794 255 930 288 justitiam
947 262 1028 290 quam

242 307 304 333 ferit
320 313 402 339 super
419 311 518 332 terram
533 304 566 337 ⁸³,
586 305 611 332 in
633 312 687 338 quo
705 305 751 339 qui
773 293 916 339 gloriatur,
933 304 958 330 in
975 305 1028 330 Do-

242 342 316 379 mino
329 352 471 385 gloriatur.
491 351 615 378 iltnnana
632 358 696 378 vero
711 351 845 386 sapientia
864 359 917 378 non
941 356 1029 385 potest

240 398 311 424 scire
330 401 355 423 et
377 397 530 432 intelligere
546 397 702 429 Dominum,
719 404 807 431 neque
821 404 972 431 agnoscere
985 398 1030 430 ju-

240 443 321 473 diria,
339 447 367 469 et
385 442 617 474 misericordiam,
632 447 660 469 et
674 442 808 475 justitiam
820 442 879 476 ejus
895 449 977 476 quam
991 441 1030 468 fe-

241 489 278 515 rit
293 495 376 522 super
394 493 494 514 terram
509 491 556 519 ;et
572 487 634 514 ideo
648 485 806 514 indifferens
817 492 870 518 est,
887 493 914 514 et
930 488 1027 515 media.

240 535 330 560 Potest
344 533 417 560 enim
437 533 493 559 fieri
511 538 539 559 ttt
555 540 590 560 ex
611 533 663 559 hac
685 533 802 559 humana
818 533 951 568 sapientia
966 542 1031 560 rru-

239 581 312 606 ditus
327 580 398 614 quis,
415 580 447 606 ad
463 579 670 614 intelligentiam
683 578 781 606 divinat
795 579 936 612 sapientia:
953 587 1032 614 para-

240 627 293 652 tior
312 625 413 657 veniat,
429 629 456 652 et
474 625 499 651 in
515 625 565 651 hac
581 625 750 651 exercitatus
763 626 796 651 ad
812 625 883 651 illam
905 627 1031 659 capacior

241 673 302 702 liat,
314 671 402 698 Simili
420 671 500 696 modo
512 671 558 704 qtti
575 671 660 696 utitur
674 671 780 697 caeteris
791 678 852 705 quae
869 671 956 697 media
972 679 1032 699 esse

241 718 369 748 diximus,
398 717 558 744 fortitudine
578 717 719 748 duntaxat,
744 717 785 743 vel
811 717 914 744 divitiis
937 727 943 745 :
972 727 1032 752 qua:

241 764 303 789 dum
325 764 413 790 media
440 767 514 795 sunt,
539 763 591 790 hoc
605 767 657 794 est,
677 764 739 790 dum
758 763 852 790 nonin
875 771 959 798 opere
984 765 1030 791 Dei

242 810 303 844 quis
319 809 395 837 fortis
421 814 473 841 est,
502 817 591 844 neque
613 809 639 836 in
657 810 854 837 misericordiis
881 818 1030 845 pauperum

241 856 328 886 dives.
345 856 456 889 gloriari
476 863 563 889 neque
581 856 606 882 in
620 855 792 888 fortitudine,
814 863 901 890 neque
920 857 946 882 in
965 857 1032 883 divi-

242 903 287 929 tiis
302 903 392 929 debet.
410 902 437 930 Si
457 909 521 928 vero
543 902 595 928 ista
612 909 671 936 qum
695 901 783 928 media
803 906 876 932 sunt,
896 902 929 928 ad
949 903 1030 929 animi

242 948 387 979 virtutem,
403 952 430 974 et
446 947 479 974 ad
499 947 617 973 fructum
631 947 693 973 boni
712 947 803 981 operis
826 952 1030 979 convertantur,

242 993 406 1027 gloriatione
434 993 515 1026 digna
535 991 691 1019 eﬂicinntnr
712 1000 718 1018 :
741 993 812 1019 sicut
836 1000 942 1020 rursum
958 993 978 1019 si
999 994 1031 1020 ad

242 1039 343 1065 malum
361 1045 428 1073 opus
445 1038 636 1069 conferantur,
664 1044 691 1064 ιιι
713 1046 763 1072 per
782 1039 892 1065 divitias
906 1039 968 1072 quis
984 1046 1033 1073 op-

241 1086 341 1118 primat
357 1092 516 1120 pauperem,
543 1089 571 1112 et
596 1092 644 1118 per
664 1084 852 1111 fortitudinem
874 1090 1033 1118 prosternat

242 1130 392 1163 infirmum,
417 1130 474 1164 jam
506 1137 559 1156 non
593 1129 650 1156 htec
679 1129 779 1162 Inedia,
811 1129 858 1156 sed
879 1129 950 1155 tuala
971 1137 1032 1157 esse

240 1180 385 1210 putantur.
421 1175 524 1203 Idcirco
558 1175 641 1209 igitur
667 1179 764 1201 natura
796 1174 836 1201 sui
874 1174 1032 1202 indifferen-

243 1221 279 1247 tia
313 1225 340 1248 et
375 1221 464 1248 media
504 1220 651 1252 dicuntur,
691 1220 757 1255 quia
793 1224 820 1248 et
862 1221 895 1247 ad
931 1221 1032 1248 malmn

241 1275 310 1301 opus
325 1268 442 1300 sooiata,
457 1267 526 1294 mala
543 1267 597 1294 dici
621 1271 743 1302 possunt,
764 1271 792 1294 et
813 1267 891 1294 bonis
907 1267 1034 1301 operibus

241 1313 347 1348 juncta.
377 1313 447 1340 bona
477 1313 619 1347 appellari.
648 1312 714 1340 Siue
743 1313 794 1340 hac
828 1320 893 1340 vero
918 1313 1034 1340 inclina-

243 1358 316 1385 tione
333 1357 415 1392 539
436 1358 469 1384 ad
492 1357 605 1384 alterum
625 1363 641 1383 e
657 1356 772 1388 duobus,
789 1357 833 1391 qtti
851 1365 881 1383 ea
905 1358 974 1384 bona
991 1357 1034 1384 di-

242 1408 316 1434 cunt,
332 1403 450 1437 imperiti
474 1408 501 1430 et
517 1403 604 1438 ignari
621 1402 823 1429 rationabilium
845 1403 1033 1430 deﬁnitionum

242 1449 509 1482 appellationumqne
533 1448 662 1476 credendi
679 1452 752 1475 sunt.
769 1449 889 1477 Abusive
902 1454 991 1476 tamen
1008 1454 1035 1477 et

243 1493 350 1520 fabrum
376 1494 492 1520 dicimus
512 1494 671 1528 sapientem,
696 1498 725 1521 et.
752 1494 963 1528 gubernatorem
978 1515 985 1527 ,
1007 1500 1033 1523 et

244 1539 434 1571 architectum,
453 1544 481 1566 et
499 1540 640 1568 mulierem
656 1540 766 1568 texendi
779 1540 930 1574 sapientem
946 1541 1034 1567 nomi-

244 1593 350 1612 namus.
374 1585 450 1618 Quod
467 1592 532 1619 ergo
547 1586 573 1613 in
596 1586 722 1620 prtesenti
745 1585 864 1620 capitulo
888 1585 1034 1621 Apostolus

243 1631 325 1663 dicit,
343 1639 352 1656 σ
376 1631 444 1664 Quia
464 1631 603 1659 tribulatio
629 1632 789 1667 patientiam
818 1637 959 1666 operatur,
985 1641 994 1657 ›
1012 1632 1033 1658 si

243 1677 401 1711 patientiam
416 1685 497 1703 unam
519 1685 579 1705 essa
594 1685 626 1705 ex
644 1678 728 1704 animi
750 1677 897 1705 virtutibus
915 1682 1032 1710 constat,

245 1723 384 1750 tribulatio
400 1723 458 1750 sine
474 1724 557 1751 dubio
578 1731 637 1757 qua:
656 1724 771 1751 virtutes
787 1724 870 1751 anitui
885 1724 974 1758 parit,
991 1731 1034 1750 tte—

244 1775 297 1802 que
320 1767 400 1800 mala,
422 1775 510 1802 neque
533 1768 703 1801 indifferens,
725 1769 772 1796 sed
791 1769 860 1796 bona
875 1769 1033 1804 appellanda

244 1819 296 1841 est.
315 1814 342 1841 lu
355 1819 457 1840 tantum
471 1814 528 1849 (65)
540 1819 642 1848 autem,
658 1815 729 1842 sicut
744 1823 827 1850 supra
842 1816 970 1849 diximus,
987 1823 1035 1849 pa-

245 1860 340 1887 tientia
356 1861 442 1888 virtus
455 1861 538 1888 attimi
557 1861 670 1888 dicenda
687 1866 744 1892 est,
760 1866 789 1887 nt
807 1869 858 1896 per
875 1862 1033 1896 patientiam

245 1907 318 1933 dicat
331 1907 518 1941 probationem
537 1907 623 1934 nostri
645 1907 715 1939 fieri,
738 1911 766 1934 et
782 1915 831 1942 per
844 1907 1033 1941 probationem

244 1960 319 1986 spem
337 1953 394 1980 dari
410 1961 417 1979 ε
431 1961 491 1988 qua:
511 1953 604 1988 utique
625 1954 752 1988 quoniam
778 1953 805 1980 in
829 1953 883 1980 Deo
913 1954 965 1981 sita
981 1958 1033 1986 est,

244 1999 289 2033 qui
306 1998 435 2025 virtutum
452 1999 572 2026 omnium
586 2004 662 2033 pater
679 2004 732 2032 est,
748 2007 800 2026 non
816 1999 959 2026 confundit
973 2007 1036 2035 spe-

246 2048 362 2070 rantem.
385 2045 471 2072 Simul
488 2045 560 2071 enitn
583 2053 644 2072 cum
670 2053 717 2079 spe
740 2050 767 2073 et
789 2045 932 2072 charitatis
948 2046 1036 2072 abun-

245 2091 363 2118 dantiam
377 2096 460 2123 tenet,
470 2099 530 2126 qua:
539 2092 627 2126 primo
639 2091 707 2123 loco,
719 2093 782 2126 quia
792 2101 801 2117 t
817 2093 903 2127 major
913 2092 1035 2120 omniutn

244 2141 285 2162 est
301 2137 421 2163 cbaritas
442 2136 476 2168 ⁵⁵,
501 2145 510 2161 ι
535 2136 647 2170 Spiritui
663 2137 817 2170 copulatur.
840 2137 917 2170 Quod
933 2138 955 2165 si
973 2138 1036 2172 quis

245 2184 325 2210 nobis
336 2188 473 2215 occurrat,
491 2187 519 2211 et
532 2183 606 2210 dicat
622 2184 741 2211 medium
758 2191 822 2212 esse
835 2190 862 2212 et
878 2185 1035 2213 indiﬂ‘erens

246 2229 459 2263 tribulationem,
483 2230 610 2265 quoniam
634 2230 743 2263 quidem
772 2229 927 2258 invenimus
950 2232 1033 2259 etiam

245 2276 333 2302 malos
348 2281 374 2303 et
388 2276 484 2310 impios
497 2276 621 2304 tribulari
636 2276 705 2312 (Μ),
723 2282 750 2304 et
762 2283 814 2304 nou
830 2278 958 2305 continuo
971 2279 1035 2312 quia

247 2324 410 2351 tribtdantnr
438 2332 487 2358 pro
513 2324 593 2351 malis
621 2324 729 2352 aclibus
751 2324 824 2357 suis,
842 2325 928 2351 virtus
950 2325 1032 2352 animi

246 2369 385 2396 tribulatio
405 2378 498 2397 eorum
525 2369 674 2404 reputando
692 2375 734 2396 est
748 2378 755 2397 :
771 2370 832 2397 vide
853 2370 874 2397 si
897 2371 1033 2405 possimus

247 2415 297 2442 hoc
313 2417 391 2442 modo
412 2416 586 2451 respondere,
602 2417 674 2451 quod
693 2416 832 2443 tribulatio
847 2417 955 2450 quidem
970 2424 1033 2451 pro-

247 2460 305 2498 prie
317 2466 471 2487 sanctornm
486 2467 545 2495 est;
561 2462 706 2496 impiorum
723 2465 815 2488 autem
832 2467 856 2487 et
873 2462 1034 2496 injustot‘llm

249 2505 390 2532 tribulatio
415 2506 517 2540 ﬂagella
541 2507 720 2541 appellentur.
744 2505 866 2540 Denique
884 2508 909 2533 in
929 2507 1035 2534 Psalmo

247 2552 286 2577 sie
302 2551 367 2578 dicit
384 2560 390 2578 :
409 2561 418 2577 ι
440 2552 528 2579 Multa:
544 2553 733 2580 tribulatioues
750 2553 889 2586 justorum
912 2553 946 2579 ⁸⁸.
967 2563 976 2579 ›
999 2554 1036 2580 De

249 2596 308 2623 istis
319 2602 408 2624 autem
424 2598 461 2625 ait
477 2607 484 2626 :
505 2607 515 2623 ε
532 2598 613 2625 Multa
628 2598 733 2633 ﬂagella
749 2598 902 2633 peccatoris
918 2599 951 2624 ".
971 2608 980 2624 ι
1002 2598 1034 2626 Et

248 2642 371 2670 fortassis
383 2648 525 2679 propterea
542 2644 682 2672 tribulatio
698 2649 725 2672 et
740 2645 863 2680 angustia
875 2644 910 2671 ad
925 2649 1037 2672 sanctos

283 2701 381 2729 "Isai.
404 2710 431 2732 v,
449 2702 494 2729 2|.
533 2701 556 2717 "
566 2701 666 2730 Jcrem.
685 2711 723 2733 Ix.
737 2703 784 2731 Ἠ.

249 2743 307 2769 vnt,
326 2738 372 2764 45.
411 2736 434 2753 ⁵⁸
452 2737 461 2763 ι
485 2736 547 2764 Cor.
572 2745 609 2769 ιι,
629 2737 674 2764 27.
712 2739 734 2755 "
756 2739 776 2766 Il
791 2739 852 2766 Cor.
869 2747 907 2771 tv,
924 2739 950 2766 8.

284 2793 340 2825 (δῖ)
367 2793 446 2823 Editi.
466 2801 476 2818 I
497 2793 616 2825 interim,
637 2803 646 2819 ι
669 2794 748 2821 malt‘.

285 2828 341 2858 (Gai)
362 2828 410 2855 itis.
430 2836 511 2861 unus,
529 2837 538 2854 t
557 2833 584 2856 et
596 2829 623 2856 in
639 2829 699 2856 aliis
712 2829 810 2863 impios
827 2829 962 2858 tribulari.
982 2840 991 2856 ι

983 102 1144 130 οιιιιῑιτῖΝιδ

241 168 411 202 semetipsos,
440 170 466 191 et
491 166 516 191 in
545 169 693 198 conspectu
714 171 763 190 suo
778 162 876 190 eruditi
905 163 938 188 '-".
953 170 962 187 ι
979 161 1025 188 Dei
1043 162 1063 189 A
1080 160 1207 194 pertinet,
1223 160 1285 194 quia
1304 159 1353 194 ipsi
1368 163 1431 186 sunt
1440 160 1598 195 quiart'tam
1612 164 1641 187 et
1654 166 1785 194 angustam
1795 163 1823 187 via

821 2703 846 2720 "
862 2703 870 2731 Ι
887 2703 950 2731 Cor.
970 2712 1030 2732 xnt.
1046 2706 1088 2733 15.

1805 0 1827 188 ι

1081 205 1223 236 incedunt,
1253 210 1279 231 et
1309 210 1452 239 propterea
1480 205 1604 231 trilmlari
1637 205 1771 232 dicuntur.
1791 205 1827 239 Qevl

1067 250 1162 275 etiam
1183 249 1209 275 in
1224 250 1282 284 ipso
1302 249 1427 282 Domino,
1441 249 1487 284 qui
1504 256 1569 275 vera
1584 255 1628 276 est
1646 250 1691 276 vi:
1704 247 1827 284 quamsxu

1080 295 1226 327 incedunt,
1245 295 1418 322 intellexisse
1442 295 1583 330 apostolos
1607 295 1748 328 arbitror,
1763 298 1827 325 cuazl

1080 348 1140 367 cum
1165 341 1288 368 dicereut
1309 349 1317 367 ε
1344 351 1353 366 ‹
1370 340 1471 368 Turba:
1490 346 1515 369 te
1544 342 1737 377 comprimunt
1750 349 1772 370 et
1789 351 1827 369 οῖον-η

1080 392 1173 419 ett-.nt,
1195 387 1322 421 Magister
1336 387 1370 414 ⁸⁷.
1396 396 1405 413 ι
1422 386 1633 416 Tribulationes
1655 396 1725 424 ergo
1744 389 1827 423 justam

1081 441 1133 460 non
1150 433 1235 460 solum
1260 441 1307 460 eas
1330 434 1460 461 debemus
1480 434 1607 468 accipere
1627 442 1691 469 qua:
1711 436 1827 464 extrueret

1081 479 1192 506 veniunt
1209 487 1242 506 cx
1261 480 1319 506 istis
1335 480 1414 507 rebus
1429 488 1497 515 quas
1514 480 1708 507 indiﬂcrentes
1719 482 1756 508 vet

1081 533 1162 558 supra
1178 525 1305 557 diximus,
1327 525 1352 552 id
1369 531 1412 552 est
1435 527 1476 552 vel
1495 527 1614 559 damnis,
1634 527 1678 554 vel
1695 527 1827 560 languoriba,

1083 571 1122 596 vel
1146 579 1178 597 ex
1202 571 1325 604 quolibet
1355 572 1479 605 corporis
1497 572 1625 598 cruciatu
1645 580 1653 598 :
1672 574 1721 599 sed
1746 578 1768 600 rt
1789 575 1827 599 iisti

1082 617 1151 649 quod
1166 617 1246 643 etiam
1264 616 1289 642 in
1312 617 1406 650 requie
1421 617 1500 650 positi
1520 617 1689 652 semetipsos
1707 616 1827 652 aﬂl'gnulw

1081 668 1200 689 at'erunt
1221 663 1372 690 resistendo
1397 663 1586 689 voluntatibus
1619 663 1696 696 suis,
1717 664 1827 690 rrfrenatt

1082 709 1234 742 libidinem,
1251 709 1403 737 coercendo
1421 710 1562 737 licentiam
1581 710 1652 745 (ὒό),
1667 716 1697 738 et
1716 712 1792 737 omni;
1804 718 1827 744 qu

1082 757 1115 782 ad
1132 762 1232 782 nonum
1248 755 1423 782 continentia:
1435 756 1575 789 pertinent
1591 755 1827 791 proﬂigando,su.t

1083 802 1146 827 dunt
1156 801 1227 828 hunc
1242 801 1329 835 ipsutn
1345 801 1391 835 qui
1407 801 1473 828 dixit
1488 810 1495 828 ε
1517 810 1526 827 ι
1543 801 1656 829 Macero
1669 810 1764 834 corpus
1774 811 1827 828 mfth

1083 853 1111 874 et
1127 848 1252 875 servituti
1274 847 1405 882 subjicio,
1431 855 1464 874 ne
1485 848 1557 875 forte
1579 856 1645 875 cum
1666 849 1729 875 aliis
1750 851 1827 883 ρρεια

1083 901 1156 923 vero,
1183 893 1240 928 ipse
1262 894 1395 928 reprobus
1412 893 1513 920 eﬂiciar
1528 894 1564 921 ⁵⁸.
1586 904 1595 919 ι
1623 894 1657 921 Et.
1677 895 1729 922 hoc
1744 896 1827 927 medea

1083 944 1186 966 stet-um
1210 939 1348 966 tribulatio
1371 946 1424 966 non
1451 943 1539 974 potest
1561 939 1726 967 inditferens
1739 941 1795 972 dici,
1810 948 1827 966 tri

1083 990 1177 1019 aperte
1202 986 1284 1018 bona,
1305 993 1354 1020 per
1376 993 1457 1020 quam
1484 986 1554 1012 bona
1581 986 1698 1013 vit-tntis
1727 986 1827 1020 impleant

1084 1031 1178 1066 lnjusti
1200 1039 1275 1064 vero,
1317 1032 1427 1059 etiamsi
1459 1031 1642 1066 tribulentnr,
1665 1033 1738 1067 quod
1758 1035 1827 1066 nugo

1086 1078 1226 1111 Scriptura
1243 1077 1346 1113 ﬂagella
1372 1078 1491 1105 diximus
1509 1079 1655 1114 appellari,
1676 1080 1827 1114 quoniam-tt

1086 1123 1111 1150 in
1141 1124 1183 1150 bis
1209 1124 1277 1158 ipsis
1299 1124 1413 1159 ﬂagellis
1436 1130 1462 1152 et
1481 1125 1710 1159 correptiouibus
1733 1126 1827 1152 secunda

1086 1170 1210 1197 virtutem
1226 1171 1308 1197 anitni
1324 1176 1434 1205 gerunt,
1451 1171 1519 1198 nihil
1537 1171 1572 1198 ad
1586 1171 1750 1205 patientiam
1766 1173 1827 1197 ducas

1086 1223 1136 1242 nec
1151 1215 1339 1250 probationem
1356 1224 1404 1251 per
1418 1216 1580 1251 patientiam
1595 1222 1727 1251 sperant:
1745 1217 1827 1244 idcum

1086 1261 1138 1288 illis
1156 1270 1208 1289 non
1231 1262 1372 1289 tribulatio
1386 1270 1446 1297 qua:
1461 1263 1494 1290 ad
1512 1263 1570 1290 hate
1584 1263 1659 1290 bona
1679 1263 1827 1298 pervenit.st

1087 1307 1202 1343 ﬂagella,
1220 1313 1246 1334 ut
1267 1307 1406 1343 Scriptura
1420 1308 1516 1339 voluit.
1529 1309 1703 1336 nominanda
1715 1315 1780 1339 sunt,
1789 1314 1827 1334 etut

1085 1354 1107 1381 si
1128 1354 1240 1382 abusive
1253 1354 1398 1389 aliquando
1409 1360 1437 1382 et
1456 1362 1539 1390 super
1565 1355 1687 1387 injustas
1704 1356 1753 1382 dici
1766 1355 1827 1382 tritica

1087 1400 1167 1428 tionis
1177 1408 1273 1428 nomen
1287 1401 1421 1428 invenias.
1436 1400 1471 1428 Ut
1484 1406 1574 1428 autem
1589 1401 1664 1428 scias
1672 1401 1827 1436 quiajusum

1088 1446 1224 1474 tribulatio
1239 1454 1291 1473 non
1310 1451 1440 1482 angustat
1457 1446 1541 1473 animi
1558 1446 1692 1473 virtutem
1708 1467 1716 1478 ,
1732 1448 1774 1474 sed
1785 1447 1827 1481 polit

1087 1493 1194 1531 dilatat,
1217 1493 1280 1520 attdi
1312 1498 1341 1520 et
1368 1493 1425 1527 ipse
1450 1491 1551 1520 Paulus
1572 1493 1730 1520 Corinthiis
1757 1493 1827 1520 scotia

1085 1540 1220 1574 quomodo
1234 1540 1287 1566 ista
1301 1539 1462 1575 distinguat;
1482 1539 1550 1566 dicit
1568 1540 1646 1566 enim
1667 1539 1706 1566 ita
1724 1549 1732 1568 :
1750 1549 1758 1565 t
1774 1539 1795 1565 In
1807 1547 1827 1563 uti

1087 1587 1165 1613 nibus
1179 1585 1380 1613 tribulationem
1390 1585 1522 1620 patimur,
1540 1586 1589 1613 sed
1607 1593 1663 1612 non
1678 1592 1827 1622 angustam:

1086 1632 1238 1666 dejicimur,
1255 1632 1301 1660 sed
1320 1640 1373 1659 non
1394 1631 1515 1666 perimus
1528 1631 1563 1658 ".
1582 1641 1592 1658 ι
1614 1631 1698 1660 Vides
1714 1633 1827 1668 quoniam

1087 1678 1287 1705 tribulationem
1306 1678 1361 1712 pati
1376 1685 1428 1705 non
1443 1677 1472 1706 in
1490 1681 1545 1705 uno
1557 1697 1565 1710 ,
1582 1678 1631 1705 sed
1648 1678 1676 1705 in
1696 1679 1806 1706 omnibus
1818 1677 1827 1701 ti

1086 1724 1133 1755 cit,
1150 1723 1200 1750 hoc
1211 1728 1262 1753 est,
1278 1723 1340 1750 etin
1352 1723 1395 1751 his
1409 1731 1468 1758 qua:
1483 1723 1644 1751 forinsecus
1654 1726 1787 1755 accidunt,
1799 1731 1827 1750 et

1086 1770 1146 1797 aliis
1162 1769 1331 1802 inferuntur;
1357 1773 1385 1797 et
1402 1770 1429 1796 in
1454 1770 1497 1797 his
1516 1777 1578 1804 qua:
1603 1771 1662 1805 ipse
1684 1771 1754 1797 intra
1775 1773 1827 1797 seed

1087 1815 1173 1849 ipsum
1188 1822 1237 1849 pro
1254 1815 1377 1849 corporis
1400 1815 1582 1848 continentia.
1599 1821 1628 1843 et
1647 1818 1801 1851 optimarum
1818 1821 1827 1840 ω

1086 1861 1255 1889 stimtionum
1275 1861 1416 1889 laboribus
1440 1861 1544 1894 perfert
1561 1871 1568 1888 :
1586 1866 1616 1890 et
1642 1867 1782 1897 propterea
1794 1861 1827 1887 did

1086 1909 1147 1942 quia
1162 1918 1171 1933 ι
1192 1908 1219 1935 in
1234 1909 1360 1935 omnibus
1381 1908 1587 1936 tribulationem
1615 1910 1747 1943 patimur,
1760 1909 1798 1936 sed
1810 1913 1827 1933 et

1086 1959 1276 1988 angustamur.
1294 1963 1304 1979 ι
1319 1953 1410 1989 Neque
1422 1953 1494 1981 enim
1507 1956 1648 1989 angustari
1661 1961 1750 1990 potest
1759 1956 1795 1989 qui
1807 1959 1827 1977 γι

1088 2001 1191 2027 tntibus
1213 2000 1357 2027 dilatatur.
1377 2001 1409 2027 Et
1429 2005 1457 2027 ut
1482 2001 1572 2028 adhuc
1597 2001 1672 2034 quod
1694 2001 1797 2028 dicimus
1811 2000 1827 2024 Et

1086 2046 1166 2073 tnotlo
1194 2046 1295 2073 clarius
1318 2037 1457 2083 tiat,_ipse
1480 2046 1582 2073 Paulus
1607 2047 1707 2073 scribit
1731 2047 1755 2073 iu
1777 2051 1827 2072 rem

1086 2093 1231 2126 quentibus
1249 2102 1255 2119 ε
1275 2101 1284 2118 ι
1309 2091 1372 2120 Scio
1386 2097 1413 2119 et
1432 2092 1582 2125 humiliari,
1601 2093 1661 2120 scio
1673 2099 1702 2119 et
1720 2093 1827 2119 abundas

1087 2137 1126 2174 (in
1142 2139 1277 2170 omnibus,
1293 2143 1320 2165 et
1332 2138 1366 2166 ad
1377 2139 1468 2166 omnia
1482 2138 1606 2165 imbutus
1621 2139 1694 2173 sum)
1709 2144 1734 2165 et
1750 2135 1827 2165 satut'Jl

1052 2177 1075 2206 D
1088 2186 1115 2208 ct
1131 2183 1246 2214 esurire,
1265 2187 1291 2209 et
1307 2183 1454 2214 abundare,
1467 2188 1494 2210 et
1509 2183 1655 2217 penuriam
1674 2185 1728 2217 pati
1744 2184 1772 2209 ε’.
1788 2192 1794 2207 ι
1808 2181 1827 2213 lsi

1091 2233 1135 2256 tur
1155 2229 1178 2256 si
1203 2236 1295 2255 rerum
1316 2234 1357 2256 est
1381 2228 1445 2255 illud
1469 2230 1542 2262 quod
1564 2230 1696 2264 superius
1715 2230 1790 2259 dixit,
1805 2226 1827 2251 vl

1089 2275 1215 2302 omnibus
1236 2275 1441 2302 tribulationem
1457 2275 1596 2308 patimur,
1618 2285 1628 2301 ι
1648 2281 1753 2303 certum
1767 2281 1797 2301 est
1810 2274 1827 2299 ω

1090 2322 1124 2348 ab
1137 2329 1169 2347 eo
1185 2321 1310 2354 indicari,
1325 2321 1388 2355 quia
1404 2326 1430 2347 et
1443 2328 1503 2347 cum
1522 2322 1667 2355 penuriam
1692 2322 1796 2356 patitur.
1811 2317 1827 2344 εἰ

1089 2367 1199 2394 buialnr
1210 2376 1217 2400 ;
1230 2371 1258 2394 et
1275 2375 1336 2394 cum
1353 2367 1471 2394 abundat
1485 2367 1554 2403 (liti),
1573 2367 1751 2397 nihilominus
1762 2366 1827 2393 tritu:

1090 2420 1142 2441 tur.
1158 2414 1315 2441 Trilmlatur
1333 2419 1422 2441 autem
1440 2415 1466 2441 in
1491 2415 1605 2448 penuria
1617 2435 1624 2448 ,
1653 2416 1716 2450 quia
1738 2415 1827 2441 der5l1l

1089 2460 1252 2487 abundantia
1267 2468 1342 2491 vero,
1356 2461 1418 2494 quia
1435 2461 1614 2495 semetipsum
1635 2461 1764 2492 refrenat,
1777 2467 1800 2485 ur
1811 2463 1827 2490 rt

1089 2507 1283 2533 abundantiam
1306 2507 1470 2538 resolvatur,
1487 2507 1529 2532 vel
1543 2515 1577 2533 ne
1596 2508 1827 2540 ntinuscomprteau

1088 2560 1118 2579 ea
1146 2560 1205 2586 t|ttzr
1232 2552 1358 2579 videntur
1375 2553 1515 2584 abundare
1536 2553 1688 2588 dispenset.
1703 2552 1746 2580 Sic
1765 2556 1788 2577 et
1802 2550 1827 2574 rit

1088 2599 1184 2630 esurit,
1203 2604 1228 2626 et
1242 2607 1303 2626 cum
1320 2604 1469 2632 saturatur,
1491 2604 1519 2626 et
1534 2607 1595 2627 cum
1613 2600 1827 2634 pernecutiom‘sri

1088 2647 1163 2678 titur,
1181 2651 1208 2672 et
1224 2654 1285 2672 cum
1301 2646 1327 2672 in
1350 2645 1443 2680 requie
1463 2645 1546 2681 degit.
1561 2646 1650 2680 Atque
1669 2646 1717 2674 hoc
1730 2646 1796 2672 modo
1811 2647 1827 2673 ti

1127 2706 1149 2721 ⁵⁵
1169 2705 1237 2732 l’sal.
1263 2713 1360 2737 χχχιιι,
1382 2705 1427 2731 ΞΟ.
1465 2704 1491 2720 ⁸⁸
1508 2704 1582 2733 Psal.
1599 2713 1675 2738 xxxx,
1691 2704 1732 2732 10.
1765 2700 1827 2727 "Ui

989 2739 1120 2775 “Philip.
1135 2748 1170 2772 Iv,
1189 2740 1232 2767 t2.

1125 2795 1181 2832 (65)
1202 2795 1250 2832 liis.
1267 2803 1349 2832 unus,
1366 2803 1376 2820 ι
1395 2795 1547 2832 coercendo
1561 2795 1710 2824 lasciviam.
1731 2804 1742 2822 ι

1122 2831 1175 2864 (att)
1195 2831 1277 2863 Alias,
1295 2838 1306 2857 ‹
1327 2831 1453 2858 abundet.
1474 2839 1483 2856 ι
