1827 3053
10 137 72 163 997

503 137 682 168 COMMENT.
699 139 732 166 IN
747 137 853 166 EPlST.
874 137 919 163 AD
941 138 1022 164 lliﬂil.
1044 139 1105 164 ιλιι.
1126 140 1167 164 lt.

1602 145 1653 168 υιικ

10 196 42 222 ιιι
63 196 113 223 Itis
129 197 257 224 omnibus
276 197 422 224 tribulatttr
433 218 440 230 ,
457 205 532 226 recte
554 200 579 226 itt
599 201 817 227 tribulationibus
833 202 855 229 Α
870 199 960 233 impiis
971 204 1091 225 mortuus
1104 204 1154 225 est.
1171 199 1245 233 ltnpii
1258 207 1374 234 namque
1384 206 1493 228 eramus
1507 206 1651 236 antequam

9 244 80 269 suis
102 244 239 278 gloriatur
256 253 263 271 :
280 252 311 270 rx
329 245 426 278 quibus
446 245 503 271 sine
523 246 604 272 dubio
626 247 745 274 nasritttr
765 255 813 282 pa-

11 290 134 319 tientia.
148 298 207 323 qua:
223 290 368 323 probabilis
378 290 471 316 clTecta
485 292 666 326 pariatspem,
682 301 741 327 qu:e
751 301 813 320 eum

7 336 153 362 clmritati
171 336 316 370 conjuncta
337 336 452 369 Spiritui
474 343 570 364 sancto
593 339 731 365 consociet
745 339 812 373 (67).

9 381 101 412 Quod
119 385 211 408 autem
226 382 306 415 dixit,
324 391 332 407 ι
349 381 475 409 Charitas
491 383 536 409 Dei
550 382 645 410 diffusa
662 389 703 411 est
719 385 743 410 iu
758 392 814 411 cors

9 427 104 453 tiilml
125 427 244 460 nostris,
267 436 276 451 ι
296 427 452 462 diligentius
474 429 699 456 considerauduttt
729 435 769 457 est
787 429 813 457 in

8 480 142 507 quorum
155 473 285 500 cordtbus
299 473 344 500 Dei
359 474 479 500 eharitas
491 473 667 501 dili‘tutdatur.
682 475 736 509 Ego
750 481 814 510 puto

9 519 96 552 quod
111 519 138 546 in
156 519 262 545 illorunt
273 519 318 552 qui
330 519 385 552 jam
401 525 455 545 non
471 520 572 546 habent
588 528 597 544 ι
619 520 743 554 spiritunt
756 528 814 548 ser-

11 565 124 591 \‘itutis
140 565 239 592 iterum
255 565 282 591 in
296 565 394 592 timore
412 566 446 597 οι,
469 575 478 592 ι
499 567 546 592 sed
561 571 587 592 et
599 567 706 593 illorum
721 567 814 600 inqui-

12 612 71 637 bus
96 620 107 636 ι
132 610 254 645 perfecta
277 611 398 638 citat'itas
416 611 488 638 foras
511 612 593 638 tnittit
609 612 732 639 timorem
747 613 780 643 θ’,
803 621 812 638 ι

10 659 42 681 et
63 655 171 689 quibus
190 654 303 688 spiritus
322 663 331 679 ‹
350 655 506 688 adoptionis
533 663 542 680 ι
562 655 641 681 datur
655 655 700 688 qui
717 654 815 681 clamet

11 701 42 726 itt
60 700 197 727 cordibus
208 707 312 732 corunt,
330 709 339 725 ι
360 700 433 726 Abba
450 705 526 734 pater
542 700 574 726 °'.
593 709 602 726 ι
620 700 677 727 Non
690 705 731 727 est
751 708 814 733 ergo

11 746 215 780 cujuscunque
237 746 355 773 hominis
377 746 429 772 nisi
449 745 579 780 perfecti,
602 751 629 773 ct
646 745 706 772 talis
728 746 815 780 qualis

11 798 79 819 erat
99 792 213 824 Paulus,
227 792 252 819 in
268 791 346 825 cujus
361 792 444 819 corde
456 792 621 818 dilfundatur
635 791 756 819 charitas
767 791 813 818 Dei

13 847 24 862 ι
49 845 105 872 per
123 837 254 872 Spiritum
277 842 412 864 sanctum.
430 846 438 862 ι
457 836 539 872 540
553 837 605 864 Sed
622 841 648 864 et
669 837 734 863 illud
748 837 812 863 mihi

12 883 259 909 considerandum
289 882 414 914 videtur,
436 886 565 910 utrumne
589 883 633 910 hic
654 883 814 910 eharitalem

13 930 100 955 iHatn
116 929 191 955 dicat
208 936 259 960 qua
281 935 329 954 nos
341 928 480 962 diligimus
499 928 597 961 Deum,
619 937 652 955 au
674 929 746 955 illatn
762 937 815 964 qua

13 974 166 1008 diligit-tur
177 982 191 999 a
204 973 267 1005 Deo,
279 973 406 1000 diﬂ'usam
417 981 476 1000 esse
489 981 536 1008 per
548 974 679 1008 Spiritum
693 980 815 1003 sanctum

15 1020 44 1045 in
67 1020 203 1046 cordibus
217 1020 328 1046 nostris.
350 1020 382 1046 Et
403 1019 425 1045 si
442 1019 551 1053 quidem
571 1020 614 1046 illa
628 1020 747 1047 cltutitas
763 1029 814 1055 qua

19 1067 116 1094 [tcum
138 1066 276 1100 diligimus
295 1066 471 1100 intelligatur,
489 1071 580 1092 sermo
597 1066 647 1093 iste
664 1067 815 1094 assertione

17 1121 75 1140 non
102 1113 207 1146 indiget
223 1121 228 1138 :
244 1111 266 1139 si
290 1119 353 1138 vero
372 1112 435 1146 quia
454 1111 522 1138 dixit
545 1111 659 1139 eti‘usam
686 1120 748 1140 esse
769 1112 816 1140 Dei

16 1159 192 1185 charilatcm
210 1158 235 1184 in
250 1158 378 1185 cordibus
395 1157 498 1184 nostris
513 1157 546 1189 “,
561 1158 611 1184 ista
630 1158 718 1192 potius
736 1159 816 1186 intel-

18 1205 134 1235 ligenda
161 1203 197 1229 sit
220 1209 272 1236 qua
291 1201 454 1235 diliglmura
473 1201 537 1233 Deo.
561 1207 665 1228 certum
684 1207 726 1229 est
743 1203 816 1236 quod

17 1251 103 1277 \‘r-lut
118 1257 255 1276 sumnnun
269 1253 296 1275 et
310 1249 457 1275 maximum
477 1249 576 1275 dontttn
592 1249 679 1275 sancti
697 1249 816 1283 Spiritus

16 1297 190 1322 charitatetn
206 1299 299 1328 ponat,
315 1301 369 1328 quo
383 1294 456 1320 velut
471 1301 582 1321 munere
602 1294 659 1329 (68)
679 1294 754 1329 prius
770 1301 817 1321 su-

16 1346 122 1375 scepto
144 1348 160 1367 a
185 1341 250 1373 Deo,
272 1347 322 1374 per
348 1340 400 1367 hoc
429 1340 515 1374 ipsum
543 1339 657 1375 diligere
682 1340 816 1374 possimus

19 1387 112 1414 Deum
124 1407 132 1418 ,
150 1386 221 1421 quod
247 1386 386 1420 diligimur
406 1393 420 1412 a
439 1385 505 1412 Deo.
517 1385 584 1412 Nam
601 1390 627 1412 et
644 1385 700 1420 ipse
715 1385 817 1412 Paulus

19 1432 153 1459 nominat
169 1431 294 1466 spiritum
309 1431 452 1458 cbaritatis
466 1431 499 1461 ".
514 1436 543 1457 cl
558 1430 627 1457 Deus
637 1431 758 1457 cbaritas
774 1431 816 1458 di-

17 1479 95 1504 citur
112 1478 148 1510 “,
169 1481 196 1503 et
213 1477 339 1504 Christus
361 1476 431 1503 lilitts
447 1477 592 1503 cbarilatis
611 1476 763 1510 appellatur
781 1477 815 1504 ⁸⁷.

17 1523 102 1556 Quod
119 1523 143 1550 si
155 1527 182 1550 et
199 1522 472 1557 spirituscharitatis,
489 1527 515 1548 ct
532 1522 603 1549 filius
621 1522 774 1553 cltaritatis,
788 1527 815 1548 et

18 1569 97 1595 Deus
123 1568 246 1595 cltaritas
261 1568 317 1601 (69)
341 1568 487 1599 invenitur,
505 1572 611 1594 certum
633 1573 674 1595 est
692 1568 762 1601 quod
781 1576 814 1594 ex

17 1623 78 1641 uno
101 1614 226 1640 Paterna!
246 1614 359 1640 Deitatis
384 1614 458 1640 fonte
476 1618 502 1640 et
520 1613 606 1640 Filius
622 1613 816 1648 intelligendus

18 1666 73 1690 est.
97 1665 125 1687 et
142 1659 260 1694 Spiritus
278 1664 399 1691 sanctus,
417 1666 448 1685 ex
461 1659 539 1693 cujus
553 1658 719 1685 abundantia
733 1658 815 1685 etiam

18 1711 187 1733 sanctorum
204 1706 330 1733 cordibus
346 1705 378 1731 ad
401 1704 635 1739 participationem
655 1704 815 1738 capiettdam

19 1753 126 1779 divina:
151 1756 254 1778 uatum
265 1770 273 1782 ,
297 1752 369 1777 sicut
391 1750 487 1777 Petrus
504 1749 640 1785 apostolus
656 1749 764 1776 edocuit
781 1749 815 1782 ⁸⁸,

21 1798 196 1825 abundantia
207 1798 348 1824 charitatis
360 1796 529 1823 infunditur:
544 1800 573 1821 ttt
584 1803 631 1829 per
645 1795 714 1822 istud
728 1795 816 1822 sancti

21 1846 150 1880 Spiritus
161 1845 259 1871 donum
274 1845 444 1878 compleatur
459 1843 505 1870 ille
521 1849 610 1870 sermo
623 1850 704 1877 quem
724 1842 815 1869 Domi—

21 1901 76 1919 uus
92 1891 182 1918 dicit:
203 1899 212 1916 t
235 1890 311 1917 Sicut
335 1895 362 1916 ttt
378 1889 457 1916 Pater
473 1889 500 1915 in
514 1896 566 1920 me,
584 1895 611 1915 et
621 1896 670 1922 ego
685 1888 711 1914 in
732 1893 768 1920 te,
789 1892 817 1914 et

20 1938 66 1964 isti
83 1938 112 1964 in
131 1937 209 1963 nobis
224 1944 304 1962 unmtt
320 1936 373 1962 siut
385 1935 408 1950 ⁶⁹
423 1943 430 1961 :
453 1944 462 1959 ι
481 1934 580 1961 divium
593 1934 698 1960 scilicet
713 1938 817 1960 natura:

21 1983 176 2018 participes
191 1981 295 2013 eli‘ecti,
311 1981 336 2008 in
353 1980 517 2007 abundantia
535 1979 677 2007 cltaritatis
691 1986 738 2013 per
755 1978 816 2013 Spi-

22 2030 111 2055 ritum
123 2032 248 2054 sanctum
263 2026 435 2053 ministram.

60 2075 109 2100 10.
136 2082 146 2098 ι
167 2072 262 2099 Adhuc
287 2072 359 2099 enim
382 2071 523 2102 Christus.
544 2078 604 2098 cum
629 2078 749 2097 essemus
776 2071 816 2097 in-

22 2121 98 2148 lirmi
123 2119 192 2154 ('10),
219 2119 367 2146 secundum
388 2121 494 2151 tempus
513 2125 561 2151 pro
583 2117 672 2150 impiis
695 2121 816 2143 mortuus

20 2171 74 2194 est.
91 2165 144 2192 Vix
155 2165 226 2191 enim
237 2171 286 2198 pro
298 2163 372 2198 justo
387 2163 448 2196 quis
461 2163 585 2189 moritur.
603 2161 670 2188 Nam
684 2169 731 2195 pro
745 2162 816 2188 bono

869 251 1089 273 converterentur
1111 246 1144 272 ad
1163 245 1258 278 Deum,
1280 251 1306 273 et
1321 246 1448 273 Christus
1465 248 1558 281 utique
1578 257 1652 275 mor-

869 296 922 318 tem
939 299 987 325 pro
999 291 1075 318 nobis
1086 297 1232 325 antequam
1246 292 1420 320 credrremns
1432 293 1542 326 excepit
1559 303 1565 320 :
1580 294 1652 328 quod

868 337 1055 371 proculdubio
1073 345 1126 364 non
1141 337 1259 369 fecisset,
1275 338 1324 365 ttisi
1342 339 1454 365 nimiam
1466 346 1530 373 erga
1543 333 1654 367 nostra-

868 383 969 410 bttisset
991 389 1018 410 et
1047 382 1307 409 abundantissimam
1340 384 1501 411 cbaritatem
1529 385 1572 411 vel
1597 385 1654 419 ipse

869 428 998 455 Dominus
1021 434 1115 456 noster
1137 428 1214 456 Iesus
1233 429 1357 456 Christus
1372 429 1513 456 moriendo
1533 437 1582 464 pro
1604 430 1653 457 itu-

868 475 931 509 piis,
944 475 986 502 vel
997 475 1066 501 Deus
1076 475 1154 502 Pater
1167 475 1340 509 Unigeuittttn
1357 483 1435 502 suum
1449 475 1651 510 prointpiorum

870 521 1055 555 redemptione
1071 521 1211 548 tradendo.
1236 521 1303 547 Cum
1324 521 1395 548 euitn
1416 522 1460 548 vix
1483 521 1581 555 aliquis
1605 529 1653 555 pro

868 565 942 600 justo
958 565 1102 596 moriatur,
1116 568 1142 591 el
1152 565 1253 591 dubitet
1264 565 1450 599 unusquisque
1464 571 1575 592 mortem
1589 567 1653 594 Iub-

869 612 919 644 irc,
934 611 1015 638 etiam
1028 611 1051 638 si
1067 611 1162 637 mortis
1175 611 1246 644 justa
1264 611 1299 637 sit
1313 618 1405 643 causa,
1416 616 1532 646 quantus
1547 612 1652 643 estbic.

868 660 895 682 et
907 655 1026 682 rltarilas
1039 655 1097 689 cjus
1113 663 1176 689 erga
1192 662 1240 681 nos
1255 661 1354 689 quanta
1374 657 1509 689 pensanda
1533 662 1589 686 est.
1607 657 1653 691 qui

869 701 1016 728 secundum
1032 700 1095 727 illtnl
1120 705 1224 735 tempus
1244 708 1297 735 quo
1310 709 1405 734 passus
1425 706 1483 733 est.
1504 703 1654 736 proimpiis

869 752 896 774 et
912 746 1018 780 injustis
1034 751 1147 774 mortem
1165 746 1268 781 perpeti
1288 754 1340 774 non
1358 748 1458 782 refugit
1469 747 1514 774 ⁸Ηιι
1527 755 1581 782 quo
1598 748 1654 774 uti-

869 801 921 828 que
943 801 1055 821 summa;
1082 794 1155 821 illius
1177 793 1274 820 divina:
1295 793 1424 821 bonitatis
1448 793 1576 820 indicium
1600 799 1653 821 est.

870 839 926 865 Nisi
945 839 1017 866 enim
1035 844 1109 867 esset
1131 839 1174 866 hic
1194 847 1225 866 ex
1249 840 1293 866 illa
1316 839 1427 866 veniens
1442 839 1608 872 substantia,
1626 844 1655 867 et

834 876 854 905 Β
870 884 941 911 illius
960 884 1049 911 Patris
1063 884 1157 914 Filius.
1175 884 1206 911 de
1219 892 1273 918 qtto
1289 884 1391 910 dictum
1401 888 1451 914 est.
1465 884 1529 918 quia
1549 893 1559 909 ι
1575 891 1654 911 nemo

868 931 965 960 bonus.
993 929 1044 956 nisi
1069 937 1138 956 unus
1158 930 1227 956 Deus
1249 929 1327 957 Pater
1342 929 1377 960 τί,
1405 938 1414 954 ι
1433 934 1534 956 tantam
1561 930 1654 964 utique

867 982 929 1009 erga
945 982 993 1001 ttos
1012 975 1158 1001 bonitatem
1181 983 1234 1001 non
1255 974 1388 1009 potuisset
1405 974 1558 1001 ostendere.
1576 975 1653 1002 Unde

868 1021 930 1054 quia
945 1027 977 1046 ex
1003 1021 1056 1047 hoc
1077 1025 1157 1046 tanta:
1180 1020 1310 1047 bonitatis
1334 1020 1435 1047 indicio
1453 1020 1510 1054 ipse
1525 1028 1585 1047 esse
1606 1020 1652 1047 hic

868 1066 1023 1100 agnoscitur
1047 1067 1147 1096 bonus,
1168 1073 1217 1100 pro
1239 1066 1290 1093 hoc
1315 1067 1385 1093 bono
1407 1066 1519 1093 forsitan
1544 1066 1605 1100 quis
1624 1072 1653 1093 et

868 1111 966 1138 audeat
991 1112 1068 1138 mori.
1094 1111 1161 1138 Cum
1184 1112 1256 1138 enim
1281 1111 1439 1145 cognoverit
1468 1113 1654 1146 ttnusquiSquo

869 1163 969 1184 tantam
984 1165 1047 1192 erga
1073 1165 1103 1184 se
1126 1157 1272 1184 bonitatem
1299 1157 1413 1190 Christi,
1435 1158 1653 1191 cbaritatemque

868 1203 926 1237 ejus
945 1203 1070 1230 habuerit
1093 1203 1118 1230 in
1142 1203 1224 1230 corde
1246 1203 1386 1234 diffusam,
1406 1211 1458 1230 non
1480 1203 1566 1229 solum
1583 1202 1652 1229 mori

869 1256 917 1282 pro
940 1248 989 1275 hoc
1007 1248 1094 1279 bono,
1120 1248 1167 1274 sed
1187 1252 1216 1274 et
1231 1248 1360 1274 audacter
1381 1248 1449 1275 mori
1472 1248 1650 1275 desiderabit.

868 1293 944 1326 Quod
962 1293 1040 1320 rebus
1051 1294 1116 1327 ipsis
1127 1297 1153 1320 et
1171 1292 1298 1327 operibus
1312 1300 1382 1327 smpe
1398 1292 1651 1326 videnntsimpleri,

868 1346 928 1366 eum
945 1339 971 1365 lti
990 1339 1015 1365 itt
1035 1347 1148 1373 quorum
1162 1339 1291 1366 cordibus
1305 1339 1478 1366 abundanter
1496 1338 1593 1366 dili‘usa
1609 1344 1653 1366 est

868 1383 986 1411 Charitas
1001 1384 1112 1416 Christi,
1126 1387 1222 1418 sponte
1239 1383 1320 1410 etiam
1333 1388 1359 1410 et
1373 1391 1433 1410 eum
1445 1382 1520 1409 ontui
1537 1383 1649 1409 audacia

868 1429 1028 1463 semetipsos
1043 1429 1265 1463 persecutoribus
1274 1428 1405 1461 offerunt,
1417 1433 1445 1455 et
1456 1435 1553 1455 namen
1571 1427 1652 1455 Chri-

868 1475 914 1504 sti.
933 1475 1059 1501 audiente
1076 1476 1193 1506 tnundo.
1216 1482 1308 1502 coram
1331 1474 1434 1508 angelis
1448 1477 1475 1500 et
1495 1473 1653 1501 hominibus

868 1521 1046 1552 conﬁtentur,
1073 1525 1101 1547 ut
1122 1529 1175 1548 ttou
1201 1521 1287 1548 solunt
1304 1520 1359 1555 (Π)
1381 1519 1508 1553 injuriam
1527 1519 1581 1553 pati
1603 1526 1651 1553 pro

869 1565 978 1592 nomine
997 1565 1066 1599 cjus,
1085 1565 1132 1592 sed
1157 1570 1184 1592 et
1206 1571 1319 1592 tnortent
1338 1573 1387 1599 pro
1402 1565 1453 1592 hoc
1467 1564 1538 1591 bono
1558 1563 1651 1590 subire

867 1612 998 1642 audeant,
1020 1618 1102 1645 quam
1123 1611 1166 1638 vix
1182 1610 1237 1647 (73)
1255 1619 1305 1645 pro
1315 1610 1388 1644 justo
1402 1610 1465 1644 quis
1478 1609 1588 1643 perfert.
1605 1609 1652 1636 Est

867 1658 939 1684 enim
958 1664 1034 1683 amor
1055 1657 1115 1683 vitm
1135 1655 1215 1690 hujus
1236 1661 1337 1688 tantus,
1355 1660 1383 1682 ιιι
1404 1655 1486 1682 etiam
1506 1663 1566 1682 cum
1581 1654 1651 1688 iusta

867 1709 948 1728 causa
963 1701 1059 1728 mortis
1067 1701 1218 1733 advenerit,
1228 1702 1271 1727 vix
1285 1700 1471 1734 unusquisque
1480 1704 1592 1727 mortem
1604 1707 1652 1734 pa-

869 1747 967 1774 tienter
977 1746 1104 1780 accipiat.
1117 1745 1193 1773 Iusta
1209 1750 1299 1772 autem
1317 1753 1398 1772 causa
1420 1745 1517 1772 mortis
1533 1745 1652 1777 videtur,

867 1800 928 1819 eum
950 1796 1054 1818 naturze
1073 1791 1129 1826 lege
1145 1791 1268 1818 defertur
1286 1799 1292 1817 :
1310 1795 1337 1817 et
1356 1789 1480 1824 quamvis
1495 1789 1598 1823 justum
1615 1790 1653 1818 sit

866 1837 1021 1865 conditione
1032 1836 1216 1869 mortalitatis,
1232 1837 1278 1863 vix
1292 1841 1383 1863 tamen
1399 1835 1572 1870 amplectitur
1589 1836 1650 1862 ani-

868 1891 926 1910 mus
939 1883 995 1917 (74)
1010 1887 1113 1909 natura:
1127 1881 1230 1915 legibus
1245 1882 1350 1908 cedere.
1369 1889 1379 1906 ι
1400 1880 1452 1907 Vix
1469 1887 1534 1914 ergo
1548 1887 1596 1914 pro
1607 1879 1653 1913 ju-

867 1934 908 1956 sto
922 1928 984 1962 quis
1002 1927 1115 1953 moritur
1131 1926 1165 1952 ".
1179 1936 1188 1950 ι
1201 1926 1268 1955 Nam
1277 1925 1489 1962 probonoaudet
1504 1925 1565 1958 quis
1582 1923 1651 1951 mori

867 1980 892 2003 et
907 1976 1036 2000 audacter
1048 1972 1200 2003 occumbit,
1215 1973 1350 2006 prateipue
1369 1971 1391 1998 si
1413 1970 1567 2002 intellexit,
1587 1970 1651 2004 quia

866 2028 927 2048 cnttt
944 2020 1032 2046 adhuc
1055 2019 1202 2046 secundum
1221 2022 1325 2051 tempus
1340 2016 1413 2050 impii
1427 2023 1550 2043 essemus
1566 2019 1594 2042 et
1609 2016 1651 2042 itt-

868 2066 950 2098 firmi,
965 2066 1020 2100 ipse
1032 2065 1108 2099 prior
1121 2071 1169 2098 pro
1179 2063 1255 2090 nobis
1268 2067 1390 2090 mortuus
1402 2068 1453 2088 cst.
1467 2061 1498 2088 Et
1511 2057 1655 2096 quomodo

868 2120 920 2139 non
941 2113 986 2146 qui
1002 2111 1058 2138 haec
1073 2111 1124 2137 sibi
1139 2110 1172 2136 ab
1190 2109 1235 2136 illo
1253 2109 1372 2144 przestita
1388 2109 1462 2143 prius
1474 2115 1534 2135 esse
1550 2114 1651 2140 cogno-

867 2159 929 2189 scit,
945 2161 1059 2184 mortcm
1080 2163 1161 2190 quam
1185 2155 1229 2182 ille
1247 2154 1324 2181 malis
1351 2153 1498 2188 impendit,
1516 2152 1560 2179 hic
1580 2152 1650 2178 bono

22 2212 146 2239 forsitan
166 2211 226 2246 quis
240 2197 344 2236 audeat
367 2209 435 2235 mori
447 2208 481 2233 "°.
503 2216 512 2232 ι
527 2207 637 2234 Plenius
655 2207 748 2234 volens
762 2206 817 2232 vir—
833 2212 854 2239 ο
872 2202 1117 2236 reddat?Arguitur
1128 2206 1217 2227 autent
1238 2200 1343 2226 illorum
1355 2206 1442 2230 error,
1458 2198 1502 2232 qui
1521 2198 1591 2224 huttc
1609 2197 1648 2246 lo:

22 2266 101 2286 tutes
114 2257 258 2285 citat-italis
276 2256 422 2283 ostendere
441 2261 520 2288 quam
537 2253 660 2280 diti'usam
680 2253 706 2279 itt
724 2252 814 2279 cordi—

22 2307 74 2333 bus
95 2304 197 2332 nostris
217 2303 324 2330 dixerat
348 2309 395 2337 per
412 2301 543 2334 Spiritum
564 2304 699 2330 sanctum,
717 2299 815 2333 quibus

20 2352 73 2378 hoc
104 2351 195 2377 causis
225 2350 373 2386 intelligere
397 2350 559 2377 deberemus
585 2348 725 2383 exposuit,
751 2348 817 2375 cdo-

21 2406 89 2423 rcns
111 2404 160 2423 nos
181 2397 235 2432 (7|)
255 2397 327 2431 quod
345 2396 470 2424 Christus
487 2403 542 2423 non
562 2403 611 2430 pro
630 2395 691 2430 piis,
707 2395 753 2422 sed
768 2403 819 2430 pro

371 2459 392 2474 "
409 2458 415 2484 Ι
431 2457 509 2485 Joan.
536 2464 572 2487 μ’,
601 2455 642 2482 18.

469 2493 491 2507 ⁸⁸
508 2492 527 2518 ll
556 2493 627 2517 l'etr.
657 2499 676 2524 ι,
701 2491 728 2516 4.

61 2464 83 2479 ⁸⁸
107 2463 186 2488 Rom.
210 2468 270 2490 vrtl.
290 2459 332 2486 15.

26 2507 62 2527 ιν,
89 2498 117 2523 8.
156 2496 177 2512 °"
196 2496 298 2522 Coloss.
326 2503 345 2526 t,
382 2494 423 2520 l5.

25 2535 48 2550 "
77 2532 158 2560 Rom.
183 2538 206 2562 ν,
232 2531 257 2556 ’1.

63 2578 123 2612 (67)
139 2577 183 2603 Sic
195 2583 277 2612 mss.;
291 2574 355 2612 editi
366 2580 438 2605 vero,
452 2581 461 2598 ι
472 2578 603 2612 quaecum
615 2570 742 2598 charilati
751 2578 816 2598 con-

25 2607 120 2648 juncta
140 2611 185 2648 sil,
204 2610 314 2645 Spiritui
327 2607 615 2648 sattctorconsocietur.
637 2615 648 2648 ρ

64 2647 122 2682 (61+)
140 2643 249 2682 Alias,'«
273 2645 343 2682 quod
364 2643 436 2682 velut
451 2648 572 2682 munere,
593 2651 602 2667 I
619 2645 674 2682 etc.

63 2675 122 2716 (69)
145 2675 436 2716 adiudicauit”
451 2677 547 2716 despnt
559 2676 585 2702 in
596 2676 716 2716 editione
729 2675 815 2703 Gene-

28 2711 134 2745 brat-di.
150 2717 246 2743 tia-teri
258 2721 321 2741 vero
336 2714 411 2744 editi,
430 2721 439 2737 ι
453 2716 479 2738 et
495 2712 563 2738 Deus
577 2711 728 2738 cltaritatis.
748 2720 757 2736 ι

65 2752 122 2788 (70)
144 2751 188 2778 Sic
207 2758 271 2777 mss.
284 2749 389 2788 Attostri.
407 2747 477 2774 Editi
496 2753 576 2788 vero,
591 2755 606 2786 ,ι
627 2745 727 2788 thuid
741 2746 812 2773 enim

28 2780 166 2818 Cil‘t'isills,
180 2794 240 2812 cum
258 2784 345 2811 adhuc
363 2790 485 2810 essemus
499 2780 609 2818 inﬁrmi,
627 2789 638 2806 ι
655 2785 706 2807 etc.

65 2822 122 2857 (71)
145 2816 225 2850 Editi.
247 2829 256 2857 ι
271 2820 400 2857 debemus
412 2816 544 2857 espowit.
558 2816 782 2857 Edocunturlnos,
801 2824 811 2841 ι

29 2849 86 2885 ριὲ.
100 2849 147 2883 iis.
164 2849 232 2883 unus
249 2855 352 2885 itidem.
374 2862 383 2878 ι
403 2849 546 2880 cdocemur
559 2857 618 2879 nos.
640 2859 649 2876 ι
671 2849 812 2885 Rabanus,

681 2456 703 2471 ⁸³
723 2456 799 2482 ltltnt.
817 2463 876 2485 \‘ttt,
895 2453 937 2480 l5.
976 2453 998 2468 ”
1017 2453 1035 2477 li

701 2491 728 2516 4.
774 2489 886 2517 “'Juatt.
915 2495 980 2517 xvu.
1005 2487 1035 2513 2|

826 2498 886 2516 uan.
915 2497 980 2520 xvu,
1005 2497 1051 2513 ιιι.

868 2258 928 2278 cum
958 2250 993 2276 ita
1021 2248 1077 2284 (75)
1105 2248 1336 2280 interpretandum
1363 2249 1500 2279 putarunt,
1525 2248 1554 2270 ut.
1578 2243 1649 2278 quod

869 2295 949 2326 dixit,
965 2304 973 2319 ι
995 2293 1041 2320 Vix
1055 2293 1124 2320 enim
1141 2300 1190 2327 pro
1202 2293 1276 2325 justo
1287 2290 1348 2325 quis
1364 2290 1487 2321 moritur.
1517 2298 1525 2315 ι
1548 2289 1581 2315 de
1598 2289 1618 2314 D
1635 2297 1651 2314 o

870 2341 947 2377 legis,
962 2347 1041 2374 quem
1054 2340 1167 2374 justum,
1180 2345 1233 2365 non
1248 2337 1329 2364 etiam
1346 2336 1446 2363 bonum
1458 2335 1563 2366 dicunt,
1573 2334 1652 2361 intel-

869 2388 914 2422 ligi
938 2383 1042 2414 debere
1066 2385 1244 2417 conﬁrment;
1262 2383 1361 2410 bonum
1388 2385 1477 2408 autem
1500 2381 1651 2410 Christum,

976 2453 998 2468 ”
1017 2452 1094 2478 Rom.
1114 2459 1139 2482 γ,
1152 2451 1177 2478 5.
1217 2451 1239 2466 λδ
1262 2450 1341 2476 Rom.
1360 2457 1402 2480 κν,
1428 2449 1472 2475 50.
1512 2447 1534 2464 ⁸⁸
1548 2447 1554 2473 Ι
1569 2446 1649 2474 Joan.

1088 2486 1204 2512 "item.
1237 2493 1263 2517 v,
1286 2485 1314 2516 6,
1337 2484 1364 2510 7.
1401 2484 1423 2500 ⁷¹
1445 2483 1528 2510 Marc.
1555 2490 1583 2515 Χ,
1608 2485 1652 2510 ιὲιο

871 2578 882 2596 ι
904 2573 932 2596 et
948 2567 1028 2596 docet
1052 2575 1112 2599 nos,
1140 2575 1149 2592 ι
1175 2566 1223 2594 sed
1240 2565 1331 2593 caeteri
1360 2572 1426 2593 mss.
1449 2570 1478 2592 ut
1501 2563 1527 2591 iu
1556 2569 1650 2590 nostro

869 2609 954 2633 textu.

902 2637 959 2674 (72)
977 2637 1064 2674 Alias,
1081 2646 1090 2663 ι
1109 2641 1206 2674 etnon
1221 2635 1348 2674 solttm._r

902 2668 959 2708 (75)
976 2668 1061 2702 Alias,
1075 2681 1084 2697 ι
1102 2672 1210 2702 audent,
1225 2671 1366 2708 quamvis,
1381 2678 1390 2695 ι
1410 2668 1490 2708 male.

902 2703 1026 2745 (uisio
1055 2714 1150 2745 omnes
1186 2703 1251 2745 mss,
1284 2705 1379 2732 nostri.
1414 2703 1540 2745 [tabanus
1567 2709 1648 2745 ‘vcro,

869 2753 878 2770 ι
897 2737 1020 2771 conditio
1036 2741 1206 2769 mortalilatis
1228 2741 1270 2767 vix
1293 2745 1382 2766 tamen
1401 2738 1572 2771 amplectitur
1588 2737 1649 2764 anl-

866 2787 951 2809 tnum,
970 2782 1039 2804 n-tc.
1060 2777 1142 2807 Editi.
1160 2775 1333 2806 urouditioni,
1347 2781 1412 2808 ιρι-ο
1426 2784 1434 2798 ι
1451 2772 1614 2809 eunditione.
1639 2780 1647 2795 ι

903 2814 960 2849 (75)
981 2812 1033 2840 Im.
1051 2812 1225 2840 Desideratur
1241 2811 1268 2838 in
1281 2810 1359 2837 libris
1372 2812 1449 2836 antea
1462 2808 1552 2834 editis.
1585 2808 1588 2810 '
