1827 3053
221 124 274 149 99‘.)

932 125 934 128 ’
960 121 1122 149 ORIGENIS
1754 131 1794 157 tae

221 185 351 216 tanquam
374 183 435 208 boni
450 182 538 208 Patris
554 182 663 214 Filium,
689 189 856 210 asscvercnt.
879 184 931 209 Sed
947 185 1009 217 quid
1027 183 1046 210 Λ
1062 182 1165 208 idcirco
1181 181 1209 208 ﬁt
1235 182 1307 216 (8t),
1333 183 1402 217 quod
1427 183 1613 218 relinquentes
1635 185 1708 213 Deum
1730 195 1795 222 palum

221 231 312 259 agent,
326 227 387 260 quia
406 228 558 255 invenimus
577 236 604 255 et
620 229 645 255 in
662 229 719 263 lege
735 236 869 261 martvres
887 231 1007 258 multos?

223 272 324 306 Legant
337 273 551 300 Machabmorum
570 275 666 307 libros,
684 276 728 302 ubi
742 284 803 302 cum
819 278 892 303 onmi
905 277 1010 304 instan-

223 318 260 343 tia
281 318 356 345 beata
383 324 470 345 mater
489 327 550 346 cum
579 325 681 354 septem
705 320 767 347 ﬁliis
783 322 941 356 martyrium
963 330 1010 349 su-

220 363 301 396 scipit
321 363 355 395 7’,
382 365 483 398 quique
510 372 561 392 non
581 366 667 392 solum
694 367 853 402 martyrium
876 369 1009 403 patienter

220 410 370 442 excipiunt,
389 418 482 437 verum
493 416 519 438 et
535 413 717 441 conttnnelias
730 414 858 448 ingerunt
877 416 902 442 in
915 421 1008 450 tyran-

220 463 302 482 num:
319 462 345 482 et
374 457 484 484 videant
510 460 531 485 si
550 467 643 486 veruvn
669 464 711 487 est
728 462 798 494 quod
821 462 925 493 dicunt,
945 464 1007 498 quia

221 510 229 526 α
247 502 290 527 vix
313 510 361 536 pro
379 503 453 536 justo
468 504 674 537 quis-moritur.
699 516 708 532 ι
738 507 851 533 Videant
875 513 930 537 trcs
947 517 1009 542 pue-

218 554 262 572 ros
278 547 304 573 in
322 549 429 575 camino
446 549 516 583 ignis
531 551 651 578 ardentis
664 559 726 578 cum
747 553 820 579 omni
840 553 937 580 ﬁducia
959 562 1007 587 pro

216 592 279 619 ﬁzlci
297 593 425 622 libertate
440 596 579 629 coniectos
594 598 626 629 ⁷⁵,
644 603 671 623 ct
685 598 776 625 dicant
792 600 852 633 quia
871 609 879 625 ‹
900 601 942 627 vix
958 609 1007 635 pro

213 639 286 672 justo
304 641 365 674 quis
381 642 507 680 moritur.
529 653 537 668 ι
560 643 621 669 Sola
640 652 794 674 crtznanors
814 650 855 672 cst
867 651 920 680 ’pro
935 647 1004 679 Deo,

217 684 295 720 541
313 695 371 720 quae
387 695 447 713 cttm
460 689 531 714 omni
547 690 659 716 audacia
675 690 730 726 (76)
744 692 890 725 suscipitur
899 688 909 719 ε’
918 694 1005 720 omnis

217 737 307 758 autent
324 733 426 767 reliqua
440 742 513 761 mors
528 735 571 761 vix
595 735 742 763 toleranter
758 737 864 764 subitnr
878 739 959 764 etiam
983 739 1005 765 si

214 777 285 812 iusta
294 779 338 812 sit,
348 785 373 806 ct
382 780 506 807 humana:
516 781 680 808 conditionis
714 781 772 815 lege
782 783 1002 818 descendat(77).

222 843 227 847 -
251 827 294 853 Η.
318 837 326 852 ε
346 827 525 854 Commendat
551 833 736 855 autem-Suam
755 830 916 856 charita‘tem
933 828 1004 857 Deus

216 872 242 899 iu
257 873 333 899 nobis
350 869 501 906 {quoniam
520 874 540 901 si
561 869 625 900 eum
643 875 732 901 adlutc
754 870 914 908 peceatores
930 883 1003 902 esse-

216 926 290 949 mus,
306 918 432 945 Christus
461 926 508 952 pro
530 919 608 945 nobis
629 924 753 946 tnortuns
770 924 810 945 est
836 919 904 954 (78),
921 921 1003 947 multo

215 965 302 997 magis
320 972 392 991 nunc
404 972 469 998 ergo
481 964 622 997 iustificati
640 965 666 990 in
685 965 814 999 sanguine
828 965 921 997 ipsius,
938 966 1002 992 salvi

215 1010 316 1036 erimus
337 1010 370 1036 ab
386 1010 423 1036 ira
440 1018 488 1044 per
504 1010 590 1044 ipsum
606 1010 639 1035 ⁷⁸.
663 1019 671 1035 ι
693 1009 759 1036 Cum
775 1010 888 1037 dixisset.
915 1011 1002 1037 in'sn-

215 1047 494 1090 perioribus’fquia'c
515 1052 640 1083 Ch'ristus
665 1052 940 1092 scetufdum'tempus
956 1058 1003 1084 ad-

215 1102 266 1128 lute
295 1109 343 1135 pro
365 1101 453 1135 impiis
477 1106 599 1128 mortuus
618 1106 669 1132 est.
690 1111 699 1128 ι
718 1109 790 1128 nunc
806 1103 950 1129 ostendere
967 1111 1000 1129 ex

214 1147 265 1173 hoc
280 1146 335 1172 vult
351 1146 396 1172 Dei
410 1146 550 1173 charitatis
561 1154 625 1180 erga
643 1147 766 1174 homines
778 1147 1001 1181 magnitudinem,

213 1192 275 1226 quia
294 1191 315 1218 si
330 1199 392 1226 erga
412 1192 508 1225 impios
526 1196 553 1217 ct
568 1196 727 1226 peccatores
745 1197 816 1218 tanta
835 1192 951 1225 exstitit,
973 1198 1002 1219 ut

213 1246 262 1272 pro
286 1238 373 1265 salute
397 1246 491 1265 cortttn
525 1238 634 1264 unicutn
662 1238 758 1264 Filium
784 1238 878 1269 daret,
901 1244 1001 1272 quanto

213 1284 298 1318 magis
308 1291 370 1318 erga
388 1291 545 1314 conversos.
561 1288 588 1311 et
602 1285 770 1318 emendatos,
783 1289 819 1318 et,
834 1290 861 1311 nt
880 1286 938 1319 ipse
951 1286 1000 1316 ait,

213 1337 263 1356 suo
282 1331 413 1365 sanguine
437 1331 589 1365 redemptos
614 1331 714 1364 largior
731 1336 755 1357 et
781 1330 905 1357 dilfusior
920 1331 974 1357 erit
989 1329 1003 1357 τ

213 1375 271 1402 Non
287 1381 350 1409 puto
367 1383 432 1402 sane
446 1377 517 1410 quod
532 1376 632 1403 ‘otiosa
646 1376 681 1403 sit
698 1371 897 1410 apudkl’aulum
910 1371 997 1403 varic-

214 1420 255 1447 Ias
278 1422 328 1448 ista
344 1422 505 1452 verborum,
527 1423 598 1454 quod
623 1421 767 1456 aliquando
795 1421 933 1454 inﬁrmos,
951 1422 1001 1449 ali-

212 1468 321 1501 quando
336 1467 432 1501 impios
443 1488 449 1498 ,
465 1467 612 1501 aliquando
627 1473 785 1501 peccatores
801 1468 932 1500 nominat,
952 1476 1000 1503 pro

211 1512 309 1546 quibus
330 1511 466 1539 Christum
490 1517 625 1538 mortuum
652 1512 738 1539 dicit:
758 1518 785 1539 et
810 1514 934 1547 quamvis
952 1514 1000 1540 im-

212 1558 327 1591 peritum
341 1565 369 1584 se
387 1557 504 1596 fateatur
522 1557 547 1584 in
563 1556 693 1584 sermone
706 1554 743 1590 7“,
754 1567 806 1585 non
823 1564 913 1586 tamen
927 1561 998 1587 arbi-

213 1609 270 1630 tror
283 1604 352 1636 quod
367 1605 393 1630 in
409 1604 451 1631 his
466 1605 510 1631 ille
526 1613 573 1638 per
588 1595 763 1640 imperitiam,
780 1606 826 1633 sed
845 1607 934 1641 potius
951 1615 999 1642 per

211 1649 370 1684 profundam
389 1651 531 1677 scientiam
550 1652 707 1679 variaverit.
728 1651 781 1679 Per
797 1653 854 1680 luce
883 1662 998 1688 namque

213 1696 262 1722 tria
279 1696 334 1730 (79)
350 1703 430 1722 omne
454 1697 556 1730 peccati
575 1698 710 1732 colligitur
735 1705 829 1732 genus.
852 1699 906 1726 Aut
924 1700 997 1726 cnim

211 1741 337 1774 ignorans
354 1742 434 1768 Deum
450 1742 521 1775 quis,
537 1747 631 1776 peccat
646 1743 672 1768 ln
692 1743 822 1775 tenebris,
844 1748 871 1770 et
886 1749 998 1770 vocatur

212 1787 309 1820 impius
334 1796 340 1814 :
369 1792 416 1813 aut
440 1788 532 1815 volens
553 1795 663 1815 servare
686 1789 858 1819 mandatum.
880 1790 998 1817 viut-ilur

211 1832 356 1867 fragilitate
374 1834 474 1864 carnis,
492 1838 520 1860 et
536 1834 671 1861 illcccbris
689 1835 830 1869 praesentis
847 1836 908 1862 vita:
922 1836 1001 1862 (ieci!

210 1880 294 1914 pilnr,
312 1884 339 1906 et
353 1879 477 1906 inﬁrmus
492 1879 645 1915 appellatur
660 1889 667 1906 :
685 1886 733 1907 aut
750 1881 840 1908 sciens
853 1882 998 1916 volensque

209 1925 360 1952 contemnit
377 1925 550 1958 mandatum,
565 1931 592 1952 et
617 1926 671 1953 odit
695 1926 865 1960 diseipliuam
884 1927 928 1953 [)ei
941 1947 948 1959 ,
965 1935 997 1954 ac

209 1971 315 2005 projicit
329 1978 468 1997 sermones
483 1972 541 2005 ejus
566 1976 625 2005 post
640 1979 670 1998 se
685 1973 719 2003 ⁷⁷,
744 1977 771 1998 et
795 1977 923 2006 peccator
949 1981 997 1999 no-

210 2016 337 2042 minatur.
359 2016 445 2050 Atqne
471 2016 506 2042 ita
527 2016 624 2043 Paulus
647 2017 692 2051 qui
723 2025 753 2044 se
775 2018 949 2052 imperitum,
967 2020 999 2045 ut‘

209 2061 335 2091 diximus.
355 2062 380 2088 in
400 2069 525 2088 sermone
543 2062 694 2095 prolitctur,
711 2063 736 2090 in
751 2060 837 2090 tribus
853 2064 895 2091 his
907 2064 996 2091 diverv

208 2107 336 2144 sitatihns
351 2106 475 2132 universa
487 2126 493 2136 ,
510 2114 558 2140 pro
573 2107 672 2141 quibus
688 2109 812 2137 Christus
832 2110 995 2144 praedicatur

209 2157 329 2178 mortuus
342 2159 401 2179 esse
412 2172 419 2183 ,
435 2153 592 2187 complexus
608 2158 648 2180 est
674 2153 740 2189 (80).
758 2154 835 2187 Quod
864 2155 884 2182 si
909 2155 994 2182 inter-

1062 235 1184 260 suornm,
1200 229 1265 258 deos
1285 229 1403 262 gentium
1422 230 1524 256 colunt.
1541 230 1619 263 Quod
1632 239 1692 259 vero
1702 232 1795 261 Paulusu

1061 281 1121 300 cum
1147 274 1335 308 peccatoribus
1358 276 1529 307 numerat”,
1555 278 1601 310 qui
1629 277 1653 303 in
1684 278 1734 305 aliis
1752 281 1795 311 dict,

1063 329 1073 344 ι
1093 319 1148 346 Nos
1171 323 1266 345 natura
1286 318 1387 350 Judaei.
1400 325 1426 346 et
1451 328 1503 347 non
1518 329 1550 348 ex
1574 322 1693 355 gentibus
1716 332 1796 358 pecul.»

1061 371 1105 391 res
1119 364 1154 398 7’,
1179 373 1188 389 ι
1207 364 1370 391 humilitatis
1382 365 1439 399 cjus
1459 370 1502 392 est
1517 366 1616 392 virtus.
1638 367 1743 394 Imitatur
1754 371 1795 395 enim

1060 409 1145 440 illum,
1164 420 1173 435 ‹
1191 411 1236 444 qui
1252 418 1313 436 cum
1329 416 1472 444 peccatum
1488 419 1540 438 non
1559 413 1684 444 fecisset.
1698 422 1793 448 petram;

1059 463 1108 490 pro
1124 456 1202 483 nobis
1217 456 1303 483 factus
1319 461 1359 484 est
1373 457 1412 487 ";
1433 465 1442 482 ι
1469 462 1572 484 etcum
1589 458 1657 485 Deus
1672 465 1741 491 esset.
1755 463 1794 487 intra

1060 504 1183 531 homines
1207 509 1384 531 conversatus
1413 509 1454 531 est
1471 505 1505 533 ⁸⁸.
1537 515 1546 530 ε
1578 506 1738 534 Commendat
1757 516 1791 541 erg:

1059 557 1133 577 suam
1150 550 1311 577 eharitatem
1341 550 1410 578 Deus
1433 551 1489 585 (8'2)
1506 551 1532 578 in
1549 552 1637 580 nobis.
1656 563 1663 578 ι
1681 553 1721 580 llic
1734 564 1740 578 ι
1751 562 1792 581 con,

1059 596 1178 627 mendat,
1202 605 1210 621 ι
1231 596 1271 621 vel
1288 596 1433 623 conﬁrmat
1452 597 1625 632 intelligitur,
1642 599 1678 625 vel
1694 600 1792 626 amabilem

1059 641 1122 669 facit
1139 650 1188 677 pro
1205 642 1352 669 beneﬁciis.
1375 643 1449 675 Quod
1462 643 1534 669 enim
1551 653 1561 668 ί
1578 644 1702 676 Christus,
1716 652 1759 672 cum
1767 648 1791 671 ωι-

1059 688 1110 715 buc
1137 693 1296 723 peccatores
1312 695 1450 720 essemus,
1468 696 1516 723 pro
1539 690 1616 716 nobis
1631 696 1735 717 mortuus
1743 697 1790 721 est:

1058 743 1131 768 spem
1151 735 1230 762 nobis
1245 735 1291 762 dat
1311 735 1381 768 quod
1408 735 1493 761 multo
1517 736 1603 769 magis
1625 744 1669 763 nos
1691 745 1702 762 a
1720 743 1791 770 [rerum

1058 785 1185 815 purgatos
1200 785 1225 807 et
1237 781 1410 813 justilicatos,
1431 781 1518 807 abira
1535 789 1597 816 qme
1612 782 1719 809 imminet
1730 787 1791 816 pecu-

1059 820 1161 852 te'ribus
1175 824 1292 852 Salvabit
1306 834 1353 860 per
1371 826 1458 859 ipsum
1476 835 1482 852 ε
1501 831 1527 853 et
1541 827 1586 860 qui
1600 827 1692 854 alienos
1701 832 1722 853 et
1734 827 1790 852 inimi-

1057 880 1102 899 cos
1120 873 1155 898 ita
1174 872 1284 904 dilexit,
1305 877 1334 898 ut
1357 880 1406 907 pro
1423 873 1499 899 nobis
1528 875 1562 900 ad
1587 878 1692 899 mortem
1714 873 1790 901 Union

1056 926 1133 945 Suum
1148 918 1243 949 daret,
1259 918 1345 945 tnnlto
1364 918 1449 952 magis
1469 926 1532 944 suos
1546 918 1653 946 elfeetos
1671 924 1694 945 et
1710 919 1792 945 reconci-

1056 965 1134 990 liatos
1150 964 1210 996 sibi,
1227 969 1326 991 :cterna
1344 965 1431 991 salute
1450 965 1570 990 donabit.
1592 965 1717 997 Quomodo
1734 970 1792 990 amen

1055 1009 1180 1039 Christus
1194 1016 1242 1043 pro
1265 1009 1478 1036 nobismortuus
1495 1010 1534 1036 ‘sil
1546 1030 1553 1043 ,
1569 1015 1596 1036 et
1620 1010 1737 1044 quomodo
1754 1017 1793 1034 rem

1055 1056 1089 1082 sit
1105 1055 1197 1090 Agnus
1214 1056 1258 1082 Dei
1272 1055 1306 1086 δ’,
1327 1055 1418 1082 tulerit
1432 1061 1575 1090 peccatum
1601 1056 1686 1082 mundi
1696 1076 1703 1086 ,
1714 1061 1735 1082 et
1749 1054 1794 1081 ittﬁr‘

1056 1102 1165 1128 mitates
1182 1106 1290 1128 nostras
1305 1101 1467 1135 portaverit,
1482 1106 1509 1128 et
1522 1109 1572 1135 pro
1587 1102 1661 1128 nobis
1674 1100 1794 1129 doluerit",

1054 1155 1125 1182 sa‘pe
1142 1155 1156 1174 a
1173 1147 1251 1173 nobis
1271 1147 1297 1173 in
1314 1147 1374 1174 aliis
1390 1147 1459 1173 dicta
1475 1152 1538 1173 sunt
1559 1146 1639 1178 locis,
1654 1147 1692 1173 ubi
1706 1146 1787 1173 adhclati

1055 1195 1154 1220 mus‘ct‘
1165 1201 1196 1220 ea
1209 1201 1268 1227 qme
1283 1195 1310 1220 in
1320 1193 1494 1219 saecularibus
1509 1193 1628 1220 historiis
1639 1192 1796 1226 ferunturtﬁftt,

1053 1239 1124 1273 quod
1148 1235 1228 1265 etiam
1256 1239 1325 1274 apud
1355 1239 1427 1273 ipsos
1453 1239 1584 1264 nonnulli
1600 1239 1796 1273 pestilentiast

1055 1284 1194 1316 turbines,
1211 1284 1318 1318 aliaque
1346 1284 1388 1310 his
1401 1283 1500 1310 similia
1516 1284 1689 1317 pethibcntur
1702 1284 1765 1310 morti
1780 1291 1798 1309 se

1053 1328 1203 1362 objicieudo
1223 1329 1369 1363 repnlisse,
1383 1333 1408 1356 et
1423 1329 1558 1363 patriam,
1579 1330 1618 1355 vel
1636 1335 1732 1363 gcntetu
1747 1337 1797 1355 suam

1053 1375 1220 1402 imminentis
1240 1375 1324 1401 eladis
1350 1375 1455 1401 excidio
1482 1375 1622 1402 liberasse.
1649 1377 1709 1409 Qute
1720 1376 1798 1409 quide

1052 1429 1134 1456 quam
1150 1428 1213 1448 vere
1230 1421 1331 1454 scripta
1350 1421 1418 1453 sint,
1434 1421 1474 1447 vel
1491 1421 1555 1455 quid
1582 1423 1689 1448 rationis
1707 1422 1798 1447 habeam

1052 1467 1074 1494 si
1085 1466 1151 1494 'vera
1167 1471 1248 1500 sunt,
1279 1466 1325 1493 Dei
1349 1467 1496 1494 est'nosse
1523 1467 1616 1494 solius.
1639 1468 1724 1495 Nullus
1739 1473 1798 1493 tantm

1052 1513 1184 1547 ipsorum,
1204 1513 1237 1540 de
1250 1513 1348 1547 quibus
1365 1514 1417 1540 ista
1433 1519 1590 1544 narrantur,
1607 1521 1640 1540 ne
1656 1515 1712 1540 ﬁcto
1725 1514 1798 1548 quidem

1051 1567 1177 1586 sermone
1195 1559 1277 1586 totius
1294 1559 1385 1586 mumli
1405 1564 1513 1594 peccata
1543 1559 1690 1586 absolvisse
1711 1560 1799 1594 penula-

1052 1610 1106 1637 tur,
1123 1605 1174 1631 nisi
1189 1603 1268 1632 Jesus
1279 1604 1363 1636 solus,
1381 1613 1390 1629 ι
1413 1605 1458 1638 qui
1473 1612 1534 1631 cum
1552 1609 1622 1631 esset
1642 1605 1749 1631 inlorma
1762 1603 1798 1629 Dei.

1051 1657 1104 1676 non
1119 1651 1239 1684 rapinam
1252 1648 1398 1677 arbitratus
1406 1655 1446 1676 est
1459 1657 1519 1676 esse
1531 1657 1560 1677 se
1572 1642 1701 1685 a'qualcm
1711 1651 1760 1680 Deo,
1770 1651 1798 1675 se?

1050 1697 1224 1730 semetipsum
1237 1696 1387 1722 cxinanivit
1399 1696 1433 1728 ⁵η,
1447 1706 1455 1721 ι
1473 1701 1500 1724 et
1511 1696 1661 1723 secundum
1673 1696 1797 1722 voluutunu

1050 1742 1148 1774 Patris,
1165 1741 1249 1768 forma
1263 1742 1333 1768 servi
1356 1747 1480 1776 suscepta
1494 1762 1500 1773 ,
1515 1742 1614 1768 obtulit
1636 1741 1756 1769 victimam
1768 1748 1796 1773 pri

1049 1788 1178 1814 universo
1193 1787 1304 1819 mundo,
1324 1788 1436 1814 tradens
1452 1789 1614 1822 sanguinem
1632 1795 1705 1814 suum
1717 1785 1795 1821 prino;2

1050 1832 1128 1866 hujus
1156 1833 1266 1864 mundi,
1300 1832 1445 1859 secundum
1478 1834 1640 1866 sapientiam
1673 1833 1716 1859 Dei
1745 1831 1794 1866 (Si.

1051 1888 1060 1903 ι
1079 1886 1160 1912 quam
1184 1886 1263 1905 nemo
1286 1879 1438 1912 principum
1467 1879 1546 1912 hujus
1573 1879 1663 1906 nnmdi
1686 1878 1794 1913 cuguo'iili

1047 1924 1069 1950 si
1086 1924 1156 1950 enim
1186 1923 1395 1958 cogitavissent.
1424 1933 1561 1959 nunquam
1587 1925 1720 1952 Domiuutn
1740 1922 1794 1955 nujv-

1048 1970 1124 1997 statis
1138 1969 1341 1996 crncitixissent
1356 1969 1390 2002 ⁸⁵,
1407 1979 1416 1995 ι
1434 1977 1483 1996 nec
1499 1971 1611 2005 sanguis
1630 1971 1672 1998 ille
1682 1970 1730 2005 (85)
1744 1977 1794 2002 quem

1048 2015 1181 2048 sitieranl,
1200 2022 1252 2041 non
1269 2019 1322 2040 tam
1336 2015 1420 2047 sitim,
1438 2023 1519 2050 quant
1536 2016 1608 2044 vires
1626 2024 1712 2043 eorum
1729 2015 1789 2042 exstin

1047 2067 1157 2092 gueret,
1183 2069 1351 2096 regnumque
1373 2062 1546 2089 destrueret:
1565 2069 1615 2090 nec
1640 2063 1756 2089 accideret
1772 2069 1792 2085 t-

1048 2108 1110 2134 illud
1139 2108 1210 2142 quod
1237 2108 1368 2134 Dominus
1390 2108 1415 2134 in
1440 2108 1586 2142 Evangelia
1611 2110 1674 2135 dicit
1695 2117 1702 2135 :
1720 2117 1728 2133 ι
1751 2107 1794 2132 Em:

1048 2162 1120 2181 nunc
1146 2155 1272 2188 princeps
1298 2154 1377 2186 huius
1400 2155 1492 2181 mundi
1515 2155 1650 2188 judicatus
1669 2154 1794 2185 est";H‘2

208 2199 270 2224 dlllll
288 2196 368 2225 etiam
389 2198 414 2224 hi
431 2198 475 2232 qui
500 2199 549 2225 sub
569 2199 626 2232 lege
642 2205 704 2226 sunt
717 2219 724 2232 ,
751 2205 778 2227 et
795 2200 879 2228 Dettm
902 2201 992 2228 colere
1011 2193 1032 2220 D
1049 2201 1112 2228 illttd
1130 2209 1136 2227 :
1155 2209 1164 2226 (
1184 2200 1252 2226 Ecce
1268 2201 1392 2227 videbam
1408 2200 1537 2227 Satanam
1550 2201 1620 2227 sicut
1634 2201 1715 2234 fulgur
1727 2200 1793 2226 cadcnr

207 2243 349 2276 videntur,
377 2239 450 2279 impii
478 2245 503 2272 itt
520 2245 668 2278 Scripturis
684 2246 782 2273 divinis
797 2247 988 2280 nominantur;

627 2319 650 2335 ⁷³
666 2319 732 2346 Dan.
761 2327 804 2354 ιιι,
826 2320 862 2347 90
886 2327 946 2353 seq.

244 2319 266 2334 ⁷³
286 2318 306 2345 II
321 2319 408 2346 Maeli.
429 2327 478 2349 \‘Il,
497 2319 507 2345 1
530 2327 587 2354 seq.
627 2319 650 2335 ⁷⁵
666 2319 732 2346 Dan.
761 2327 804 2354 ιιι,
826 2320 862 2347 ΞΟ
886 2327 933 2353 seq

244 2353 320 2381 [ιοιιι.
337 2363 363 2382 v.
375 2354 401 2381 8.
438 2355 461 2370 "°
476 2354 565 2382 Gal-at.
590 2362 619 2382 ιι.
634 2355 678 2381 15.
716 2355 739 2370 ³ο
752 2354 771 2381 ll
791 2355 853 2382 Cor.
865 2362 890 2382 ν.
904 2356 933 2382 21

804 2363 853 2382 ιΟΓ.
865 2362 890 2386 ν,
904 2362 948 2382 21.

207 2352 231 2369 ⁹⁶
243 2353 320 2381 Rom.
337 2363 363 2384 ν.
375 2354 401 2381 8.
438 2355 461 2370 "°
476 2352 575 2382 Galat.‘
590 2362 619 2386 II,
634 2355 678 2381 15.

984 2321 1006 2336 ⁷³
1019 2320 1094 2346 Rom.
1117 2326 1141 2350 v,
1158 2318 1184 2347 8.
1207 2317 1235 2344 9.

985 2356 1007 2370 ⁸¹
1021 2354 1135 2381 Β.ιι·ιιρΙι.
1159 2361 1200 2384 ιιι,
1215 2353 1258 2384 56,
1282 2352 1326 2378 '58.

1046 2253 1098 2275 tem
1127 2247 1160 2274 de
1188 2246 1257 2273 cosio
1285 2245 1318 2271 ⁸⁷.
1340 2261 1375 2265 --
1400 2245 1482 2272 Multo
1499 2253 1583 2280 ergo,
1613 2247 1713 2280 inquit,
1738 2245 1794 2277 magn

1274 2317 1297 2331 ⁷⁸
1313 2316 1331 2342 ll
1348 2316 1409 2343 Cor.
1438 2324 1476 2346 xi,
1498 2316 1525 2342 6.
1562 2316 1586 2331 ⁷⁷
1599 2316 1666 2343 ΡεηΙ.
1689 2323 1752 2345 xm.
1769 2313 1793 2339 Ιῗ.

1365 2350 1476 2378 “Joan.
1495 2359 1514 2383 t,
1530 2351 1577 2379 29.
1614 2351 1707 2378 “lsai.
1721 2350 1794 2380 uini;

208 2387 303 2416 Matth.
317 2398 373 2418 vut.
391 2390 434 2416 17.
471 2389 493 2406 ⁸⁸
506 2389 605 2425 Philip.
625 2397 653 2423 ιι,
669 2390 696 2416 6.
734 2390 757 2406 ⁸⁵
773 2391 782 2417 l
796 2390 859 2417 Cor.
879 2398 911 2423 ιι,
929 2391 955 2418 8.

1055 2398 1108 2416 tan.
1128 2396 1183 2420 xw,
1205 2388 1248 2414 ll.
1289 2387 1309 2402 ⁸⁷
1327 2386 1391 2413 Luc.
1407 2394 1433 2418 κ,
1448 2387 1490 2413 18.

219 2483 222 2486 ,
245 2455 299 2491 (76)
315 2456 405 2487 Alias,
422 2464 471 2490 pro
489 2465 498 2482 ι
517 2457 628 2484 audacia
650 2467 658 2483 ι
686 2456 786 2489 legitur
815 2466 824 2481 ι
846 2456 961 2489 [idm-ia;
981 2465 990 2481 ι

208 2491 273 2519 ΩΙ...
293 2499 353 2517 cum
370 2492 442 2518 omni
464 2491 558 2518 ﬁducia
576 2497 604 2519 et.
620 2492 742 2518 audacia.
761 2501 769 2514 ι

244 2526 300 2560 (77)
321 2526 403 2556 Alias.
421 2535 430 2552 ε
447 2527 490 2552 vix
519 2527 662 2555 toleratur.
684 2527 727 2553 vix
751 2526 857 2553 subitur
872 2525 954 2553 etiam
969 2526 991 2553 si

204 2560 276 2595 justa
286 2561 331 2589 sit.
341 2565 366 2586 et
379 2561 502 2589 humanm
515 2562 676 2588 conditionis
687 2561 738 2596 legi
752 2562 961 2588 eondcscendat.
980 2570 988 2586 ι

244 2595 300 2626 (78)
319 2595 404 2628 Edili,
425 2605 434 2621 ι
453 2596 578 2623 Christus
593 2605 641 2631 pro
657 2597 736 2623 nobis
753 2597 899 2623 secundum
923 2601 990 2622 tem-

208 2638 260 2665 pus
271 2635 398 2669 mortuus
408 2636 458 2658 cst.
476 2641 485 2657 ι
503 2631 555 2658 Sed
568 2639 662 2658 omnes
675 2640 740 2658 mss.
755 2631 837 2658 nostri
850 2631 988 2664 etuittunt,

212 2674 221 2690 ι
240 2668 386 2692 secundum
405 2671 520 2700 tempus.
539 2675 549 2691 ι

243 2700 298 2735 (79)
321 2700 399 2732 Editi,
418 2711 428 2726 ι
445 2699 566 2732 nomina,
587 2709 596 2726 ι
611 2700 718 2731 deinde,
740 2711 748 2726 ε
766 2699 819 2727 Aut
832 2702 903 2728 enim
917 2701 993 2735 igno-

208 2743 271 2762 rans
291 2735 372 2762 Deum
384 2736 458 2770 quis,
473 2740 501 2762 et
517 2735 610 2761 volens
625 2742 747 2766 servare,
767 2745 777 2761 ι
793 2741 858 2766 etc.,
882 2737 992 2763 ouussis

207 2770 309 2801 verbis,
331 2779 341 2795 ε
370 2775 463 2805 peccat
488 2770 514 2796 in
540 2770 675 2801 tenebris,
691 2775 719 2796 et
740 2776 852 2798 vocatur
876 2771 991 2806 impius;

243 2839 298 2873 (80)
318 2839 362 2866 Sic
385 2847 478 2867 omnes
502 2847 568 2867 mss.
595 2845 622 2866 et
651 2838 789 2867 ltabauus.
820 2839 890 2867 Edili
917 2848 993 2874 vero,

1050 2464 1059 2481 ι
1088 2455 1265 2490 praedicatur,
1293 2459 1320 2481 et
1350 2457 1472 2481 mortuus
1503 2461 1564 2481 esse
1590 2454 1796 2481 commemoratur.

1047 2491 1207 2524 complexus
1224 2495 1275 2521 est,
1294 2499 1302 2515 ι
1324 2493 1376 2516 etc.

1081 2521 1137 2559 (8i)
1151 2524 1207 2552 Fit.
1225 2523 1338 2560 Deestin
1353 2523 1444 2556 editis,
1460 2527 1485 2550 ct
1497 2523 1568 2558 apud
1579 2522 1723 2552 Rabanum.
1741 2521 1797 2547 Δίων

1050 2569 1058 2586 t
1079 2565 1131 2586 est.
1150 2569 1158 2585 ι

1082 2594 1137 2631 (82)
1159 2594 1238 2631 Dens.
1257 2592 1431 2631 Desideralur
1444 2593 1471 2619 in
1487 2592 1681 2631 anteagcditisq
1715 2628 1730 2631 __
1774 2626 1787 2631 Γ

1085 2627 1140 2666 (85)
1163 2628 1212 2655 Ubi
1225 2629 1393 2666 adhibuimus
1404 2633 1473 2666 einen
1492 2636 1550 2662 qua!
1563 2629 1591 2653 in
1604 2628 1758 2666 maioribus
1771 2627 1795 2647 5‘-

1043 2662 1136 2692 storiis
1157 2665 1285 2693 feruntur.
1314 2663 1381 2690 Vide
1417 2663 1515 2689 librutn
1551 2671 1557 2689 ι
1590 2668 1680 2689 contra
1705 2662 1793 2689 Celmi.

1046 2708 1119 2726 ιιιιιιι.
1154 2700 1198 2730 51,
1229 2704 1257 2726 et
1291 2703 1355 2725 tom.
1383 2706 1408 2724 vt
1450 2698 1596 2732 (Idumam.
1635 2698 1662 2723 in
1700 2697 1793 2732 qunff

1046 2735 1175 2766 mnu.36,
1196 2740 1221 2761 et
1237 2738 1303 2761 tum.
1318 2742 1401 2761 xxvm
1422 2733 1504 2759 etiam
1528 2733 1555 2758 in
1578 2731 1670 2765 1οιιιι.,
1695 2740 1755 2759 nunt.
1768 2730 1791 2767 (δι

1083 2770 1138 2806 (Si)
1157 2770 1212 2796 Dei.
1231 2769 1311 2796 Deest
1326 2770 1352 2795 in
1370 2768 1446 2795 horis
1462 2773 1544 2795 antea
1555 2767 1635 2795 editis
1648 2774 1674 2795 ct
1687 2768 1710 2794 in
1728 2768 1784 2801 plcrn

1067 2813 1098 2830 illi
1117 2813 1177 2834 IIISS.

1047 2812 1098 2839 que
1117 2813 1177 2834 mss.

1084 2840 1139 2874 (83)
1158 2838 1242 2873 Alias,
1262 2851 1271 2867 ι
1289 2847 1321 2867 ac
1333 2837 1444 2872 sanguis
1456 2836 1513 2872 ille,
1534 2848 1543 2864 ι
1563 2844 1615 2868 clc.
