1827 3053
226 57 298 86 1005

997 59 1158 89 ORlGENlS

1780 64 1824 90 ltiti

227 123 261 150 ab
283 130 313 150 ea
340 129 399 157 qua!
436 121 536 149 dicitur
558 121 730 149 circumcisio
757 121 782 148 in
808 129 900 154 carne,
930 129 1010 149 manu
1026 125 1048 152 Α
1063 121 1224 156 sanguinem
1249 129 1329 148 suum
1350 121 1472 149 homines
1494 121 1561 154 Deo,
1587 129 1636 150 eos
1661 121 1785 150 duntaxat
1798 135 1827 159 qm

227 169 314 201 facta,
330 168 457 203 quoniam
486 167 571 196 eratis
603 167 647 195 illo
671 173 790 202 tempore
812 168 871 195 sine
890 168 1010 201 Cltrislo,

227 214 338 241 alienati
357 221 372 240 a
398 212 604 240 conversatione
627 212 727 245 Israel,
749 217 776 239 et
789 213 926 248 peregrini
948 220 1011 248 pro-

227 258 364 286 missionis
381 261 603 284 tcstamenlorum
618 257 688 292 ejus,
705 265 780 291 spem
797 266 850 285 non
865 258 1008 291 habentes,

225 310 251 332 et
271 305 330 331 sine
346 304 400 331 Deo
415 303 441 330 in
461 304 511 331 hoc
526 305 637 331 mundo.
652 303 728 331 Nunc
750 308 839 331 autem
860 304 886 331 in
902 304 1010 332 Christo

224 350 287 378 Jesu
300 358 358 381 vos,
371 350 416 384 qui
430 350 572 384 aliquando
581 350 663 376 eratis
678 349 768 384 longe,
782 350 918 390 laetiestis
927 358 1010 384 prope

226 397 252 423 in
275 397 405 431 sanguine
421 396 535 424 Christi.
552 396 612 431 Ipse
632 401 674 424 est
688 396 758 423 enim
774 403 824 430 pax
843 401 946 428 nostra,
961 397 1008 431 qni

224 442 289 470 fecit
307 447 422 477 utraque
441 450 534 475 unutn,
555 447 582 469 et
599 442 717 469 medium
736 442 866 476 parietem
885 443 1009 469 maceria:

222 488 332 516 solvens
343 508 351 523 ,
367 488 538 515 inimicitiam
554 488 579 515 in
592 495 674 516 carne
706 495 765 520 sua,
783 488 870 523 legem
899 488 1008 515 manda-

223 539 313 562 torum
340 534 367 562 in
385 534 502 561 decretis
519 541 673 567 evacuans,
693 539 723 562 ut
750 535 817 562 duos
833 534 962 562 conderet
980 535 1006 562 in

225 581 373 614 semetipso
386 599 394 612 ,
410 580 437 607 in
454 587 508 607 uno
524 587 593 607 novo
611 579 720 607 homine
739 579 844 608 faciens
859 587 965 614 pacem,
978 584 1008 607 ut

224 626 305 662 55,3
326 626 515 653 reconciliaret
535 631 667 661 utrosque
692 626 719 652 in
741 633 795 652 uno
818 633 932 660 corpore
949 625 1005 661 (99)

223 673 291 704 Deo,
310 679 357 706 per
375 679 485 698 crucem
501 672 670 699 interﬁciens
685 671 842 699 inimicitias
863 672 889 699 in
903 677 1006 699 semet-

223 718 296 752 ipso,
319 721 348 744 et
366 717 476 744 veniens
489 717 685 752 evangelizavit
704 723 796 752 pacem
811 717 889 744 vobis
906 717 944 752 tl)
960 717 1006 752 qui

220 763 313 797 longe,
331 766 359 789 et
373 769 467 796 pacem
482 762 525 790 his
543 763 590 797 qui
606 770 701 797 prope,
713 762 841 797 quoniam
856 770 904 796 per
919 762 1006 797 ipsum

218 809 355 836 habemus
370 815 509 836 accessum
531 808 640 843 utrique
658 808 685 835 in
701 815 755 835 uno
772 807 874 840 Spiritu
897 807 930 835 ad
954 808 1006 836 Pa-

223 859 322 881 trem.»
340 853 392 881 Sed
405 854 541 888 praecipue
557 854 582 881 in
598 854 641 881 his
655 853 719 880 illud
734 854 849 882 observa
866 854 916 890 (Ξ),
932 854 1005 888 quod

219 899 350 927 Christus
361 899 478 926 medium
491 899 621 933 parietem
640 899 768 927 maceria:
779 899 858 927 solvit
876 900 902 927 in
921 907 1005 928 carne

223 953 284 977 sua,
298 945 324 971 id
336 950 377 972 est
390 944 572 977 inimicitiam,
583 949 610 973 et
621 945 692 979 quod
716 945 902 972 reconciliavit
914 950 1004 973 utros-

220 998 276 1025 que
288 990 314 1017 in
330 997 385 1017 uno
400 997 514 1025 corpore
526 990 581 1018 Deo
593 997 641 1025 per
656 997 778 1023 crucem,
796 995 823 1018 et
836 991 907 1026 quod
920 991 1004 1019 inter-

220 1035 287 1064 fecit
309 1035 478 1063 inimicitiam
500 1035 527 1063 in
550 1042 642 1063 cruce.
660 1035 688 1063 lo
704 1043 756 1070 quo
772 1043 825 1063 non
840 1037 900 1064 sine
923 1043 1005 1064 causa

223 1081 289 1108 mihi
305 1080 403 1109 Paulus
414 1081 534 1108 secundo
544 1080 825 1108 vitleturiuimicitiam
841 1082 1005 1115 nominasse,

221 1131 249 1153 et
264 1126 291 1153 itt
306 1133 360 1153 uno
374 1125 485 1160 quidem
499 1125 600 1153 dixisse
614 1125 684 1160 quod
706 1125 817 1152 solverit
836 1126 1004 1153 inimicitiam

222 1171 349 1199 Christus
364 1170 403 1207 (5)
418 1170 445 1198 in
463 1178 557 1203 carne,
574 1171 599 1197 in
622 1171 740 1197 secundo
757 1178 820 1197 vero
837 1170 1006 1198 interfecisse

221 1225 281 1246 eam
302 1217 328 1245 in
353 1225 444 1244 cruce.
460 1216 573 1244 Solvere
588 1223 705 1250 namque
721 1216 785 1243 mihi
798 1216 905 1244 videtur
920 1217 947 1244 in
963 1217 1005 1245 bis

221 1264 268 1298 qui
287 1263 376 1291 adhuc
388 1267 528 1290 certamen
544 1265 641 1296 gerunt
656 1262 798 1288 adversum
813 1266 963 1296 peccatum,
978 1267 1005 1290 et

221 1313 375 1344 repugnant
385 1309 409 1337 ei
422 1316 470 1344 pro
478 1308 581 1335 viribus
595 1316 602 1334 :
616 1307 770 1335 interlicere
783 1315 847 1335 vero
862 1307 888 1334 in
905 1308 948 1335 his
959 1308 1004 1343 qui

220 1360 362 1391 peccatum
377 1354 434 1390 iam
452 1360 626 1389 nequaquam
652 1353 764 1381 omnino
788 1353 934 1388 recipiunt,
955 1355 1004 1382 sed

220 1401 293 1429 omni
310 1409 343 1429 ex
363 1406 439 1435 parte
454 1401 576 1427 membra
597 1407 644 1428 sua
662 1400 893 1427 mortiﬁcavernnt
908 1407 1005 1435 pecca-

221 1455 248 1474 l0
264 1455 270 1473 :
285 1454 318 1474 ex
343 1445 440 1481 quibus
463 1450 523 1473 erat
539 1450 567 1473 et
589 1445 634 1472 ille
658 1445 703 1479 qui
728 1445 834 1472 dicebat
851 1453 857 1472 :
872 1454 882 1471 ε
894 1445 1005 1473 Christo

218 1492 419 1520 concruciﬁxus
431 1499 503 1519 sum.
517 1490 586 1517 Vivo
598 1495 697 1520 autem.
711 1491 767 1525 jam
784 1499 837 1518 non
854 1499 920 1524 ego;
938 1492 1003 1520 vivit

216 1545 284 1566 vero
296 1538 323 1565 in
339 1545 381 1565 me
394 1538 546 1565 Christus’.
563 1547 572 1563 ι
586 1537 642 1564 Hoc
655 1544 719 1572 ergo
733 1537 811 1564 modo
824 1537 905 1564 etiam
920 1538 1002 1565 Chri-

214 1587 278 1611 stus
294 1582 393 1609 occidit
407 1582 575 1609 inimicitiam
601 1581 627 1608 in
652 1588 734 1608 carne
750 1589 809 1614 sua,
829 1589 890 1609 cum
914 1587 1001 1610 morte

219 1633 343 1663 suscepta
361 1627 514 1662 exemplum
529 1627 604 1654 dedit
619 1627 776 1654 hominibus
787 1635 871 1662 usque
881 1628 914 1654 ad
929 1635 1002 1656 mor-

214 1680 273 1702 »tcm
295 1675 422 1703 resistere
442 1674 585 1702 adversum
609 1677 812 1709 peccatumzet
832 1674 868 1700 ita
893 1673 1000 1700 demum

217 1719 336 1748 resoluta
355 1720 496 1748 inimicitia
522 1720 548 1746 in
565 1727 648 1747 carne
666 1727 726 1753 sua,
746 1719 936 1746 reconciliavit
951 1726 1000 1753 per

1064 168 1223 195 inviolatum
1238 167 1467 195 reconciliationis
1480 167 1569 196 foedus
1584 168 1659 195 ultra
1677 176 1730 196 non
1740 177 1827 204 pects:-

1063 214 1097 241 do
1114 213 1282 240 custodiunt.
1301 212 1385 247 Igitur
1399 221 1473 240 mors
1491 213 1551 247 ejus
1568 219 1691 241 mortem
1706 215 1827 243 inimicior

1062 258 1136 286 dedit
1154 258 1178 285 ei
1195 265 1254 293 quae
1272 263 1330 285 erat
1345 258 1417 285 inter
1431 266 1480 285 nos
1493 263 1520 285 et
1536 259 1633 293 Deum,
1649 264 1679 286 et
1694 262 1827 287 reconda:-

1062 304 1144 331 tionis
1162 303 1281 331 initium.
1297 303 1472 331 llesurrectio
1490 309 1580 331 autem
1597 305 1687 339 ipsius
1701 311 1730 332 et
1743 306 1789 332 vita
1802 314 1827 332 sa.

1061 350 1144 377 lntem
1161 350 1337 377 credentibus
1354 350 1480 383 contulit,
1492 351 1562 377 sicut
1577 355 1606 378 et
1619 350 1691 377 alibi
1709 352 1827 386 Apostoiat

1061 395 1125 423 dicit
1141 395 1174 423 de
1190 395 1334 423 Christo‘:
1349 405 1358 421 ι
1373 395 1449 428 Quod
1461 405 1470 422 ι
1483 396 1557 423 enim
1572 405 1583 421 ε
1596 402 1730 424 mortuus
1741 403 1778 424 est
1789 406 1827 431 per-

1060 446 1132 473 cato,
1157 447 1279 468 mortuus
1298 445 1340 468 est
1358 441 1457 474 semel;
1482 441 1553 475 quod
1579 446 1677 469 autem
1696 442 1772 474 vivit.
1786 443 1827 468 γ]τί

1061 487 1148 514 Deo.»
1173 486 1288 514 Peccato
1312 490 1434 513 mortttns
1457 486 1570 519 dicitttr,
1594 495 1652 514 non
1679 495 1752 515 suo:
1768 496 1827 522 neas:

1059 533 1131 560 enim
1149 538 1289 568 peccatum
1310 532 1478 560 fecit’:sed
1503 533 1561 567 ipse
1588 538 1709 567 peccato
1734 540 1827 561 πνοι-ιω

1059 583 1111 610 est.
1128 580 1153 607 id
1168 584 1209 608 est
1237 579 1310 607 velut
1320 580 1367 614 qui
1392 585 1477 606 morte
1496 587 1544 606 sua
1563 585 1681 614 peccato
1702 581 1755 615 ipsi
1780 582 1827 607 inlu-

1059 625 1121 653 lerit
1134 625 1172 661 (4)
1190 631 1315 653 mortem.
1335 625 1433 653 Vivere
1458 631 1548 653 autem
1572 626 1678 652 dicitur
1699 626 1767 657 Deo,
1784 633 1827 653 utsi

1058 680 1109 699 nos
1124 679 1176 699 non
1190 672 1277 704 nobis,
1290 679 1378 706 neque
1395 676 1496 699 nostra;
1512 671 1663 704 voluntati.
1681 673 1732 699 sed
1751 673 1801 700 Deo
1811 674 1827 698 ri

1058 723 1152 743 vamns
1166 721 1194 743 ut
1216 716 1255 743 ita
1271 715 1380 744 demum
1406 717 1432 743 in
1450 716 1506 744 vita
1522 717 1607 752 ipsius
1625 717 1701 744 salvi
1716 725 1776 745 (ﬁse
1791 726 1827 752 μεθ

1058 762 1154 795 simus,
1169 762 1316 789 secundum
1335 770 1395 789 eum
1409 763 1453 797 qui
1470 763 1538 790 dixit
1552 772 1560 790 :
1578 773 1587 788 ι
1599 763 1670 790 Vivo
1684 769 1788 794 autem.
1798 765 1827 799 pa

1057 815 1110 835 non
1126 815 1193 843 ego;
1209 808 1274 834 vivit
1299 815 1363 834 vero
1382 808 1408 834 in
1434 816 1476 834 me
1488 808 1617 835 Christus
1628 811 1649 835 δ.
1665 818 1675 834 ι
1696 809 1775 842 Quod
1792 816 1827 835 ml

1057 854 1185 882 similiter
1207 859 1236 881 ut
1261 854 1287 880 in
1311 854 1497 889 superioribus
1531 855 1623 888 posuit
1640 864 1647 882 :
1666 864 1677 881 ε
1691 855 1752 883 Non
1771 856 1827 882 solum

1057 904 1162 932 autem,
1175 899 1221 926 sed
1238 904 1266 926 ct
1279 907 1349 927 nunc
1363 899 1511 934 gloriamur
1526 899 1552 926 in
1571 899 1640 931 Deo,
1655 909 1664 926 ι
1683 904 1714 927 et
1730 901 1827 927 nihilst

1057 944 1124 971 didit
1136 945 1169 971 ad
1190 953 1199 970 ι
1212 952 1265 972 non
1284 944 1370 972 solum
1392 950 1493 976 autem,
1509 954 1518 970 ι
1534 945 1668 973 similiter
1684 950 1718 972 ut
1734 947 1827 981 Superi-tt

1057 990 1259 1025 intelligendum
1278 994 1320 1017 est
1337 990 1370 1018 de
1388 990 1431 1017 Itis
1449 990 1551 1017 dictum
1574 999 1640 1026 qua:
1666 999 1758 1026 supra
1783 999 1827 1018 (ολ

1056 1035 1189 1069 prehensa
1215 1040 1277 1062 sunt
1290 1043 1296 1062 :
1311 1035 1336 1061 id
1360 1039 1410 1066 est,
1434 1035 1506 1069 quod
1525 1043 1578 1062 non
1601 1036 1699 1063 solum
1715 1037 1756 1072 (5)
1773 1047 1781 1062 ι
1793 1045 1827 1062 cm

1057 1080 1159 1107 inimici
1176 1087 1309 1113 essemus,
1330 1080 1498 1108 reconciliati
1512 1089 1609 1109 sumus
1626 1082 1687 1110 Deo
1709 1090 1761 1118 per
1782 1090 1827 1110 men

1058 1131 1110 1152 tem
1124 1125 1184 1152 Filii
1205 1126 1275 1160 ejus,
1288 1135 1297 1151 ι
1316 1130 1344 1152 et
1358 1133 1410 1153 non
1426 1126 1512 1153 solum
1530 1135 1539 1151 ‹
1553 1126 1580 1153 Ῑη
1596 1128 1656 1154 vita
1683 1128 1774 1162 ipsius
1786 1128 1827 1155 ssir

1056 1171 1169 1204 erimus,
1183 1172 1228 1199 sed
1244 1176 1270 1199 et
1283 1180 1354 1198 nunc
1368 1172 1517 1206 gloriamur
1530 1172 1558 1199 in
1571 1173 1628 1200 Deo
1641 1181 1696 1208 per
1713 1174 1827 1200 Domiw

1057 1221 1179 1244 nostrum
1195 1216 1288 1245 Jesnm
1300 1217 1448 1249 Christum,
1466 1225 1514 1251 per
1532 1225 1616 1252 quem
1643 1219 1827 1247 reconciliatio

1056 1269 1117 1289 nent
1142 1262 1329 1296 accepimus.»
1354 1261 1410 1288 Non
1432 1267 1521 1288 autem
1546 1262 1608 1290 sine
1636 1270 1726 1291 causa
1743 1264 1827 1290 addidit

1058 1316 1068 1332 ‹
1083 1314 1164 1338 nuttc,
1179 1315 1189 1332 θ
1207 1313 1268 1333 cum
1285 1306 1419 1340 potuisset
1433 1306 1524 1333 dicere
1538 1315 1545 1333 :
1563 1315 1573 1332 ε
1585 1307 1643 1334 Sed
1658 1314 1690 1334 et
1708 1308 1827 1343 gloriarum

1056 1352 1083 1379 in
1101 1352 1155 1379 Deo
1167 1359 1216 1387 per
1231 1351 1373 1378 Dominum
1389 1356 1512 1378 nostrum
1526 1351 1623 1380 Jesnm
1638 1353 1785 1382 Christum
1802 1355 1827 1379 ι’ῡι

1055 1406 1105 1434 per
1123 1406 1202 1434 quem
1237 1398 1485 1426 reconciliationem
1516 1400 1701 1434 accepimus;
1716 1410 1727 1427 ι
1758 1402 1799 1428 sed
1819 1410 1827 1425 υ

1056 1445 1214 1472 ostenderet
1226 1444 1414 1479 gloriationem
1431 1444 1510 1472 nobis
1523 1452 1577 1472 non
1596 1446 1692 1473 solum
1708 1447 1736 1474 in
1755 1447 1827 1473 lutum

1056 1490 1103 1517 sed
1131 1495 1157 1517 et
1184 1491 1210 1517 itt
1234 1491 1359 1525 prmsenti
1383 1491 1474 1517 datam
1507 1491 1540 1518 de
1572 1492 1726 1527 agnitione
1756 1493 1827 1521 Dem

1056 1536 1247 1564 emendatione
1261 1537 1334 1569 vitae,
1345 1541 1372 1564 et
1383 1544 1508 1564 errorum
1521 1538 1704 1565 correctione
1718 1538 1769 1574 (7),
1785 1538 1827 1564 sita

1055 1587 1082 1609 et
1100 1583 1125 1609 in
1138 1583 1198 1610 aliis
1212 1583 1280 1610 idem
1294 1583 1332 1618 (8)
1346 1583 1491 1617 Apostolus
1506 1584 1574 1611 dicit
1590 1594 1598 1611 :
1616 1594 1626 1610 ε
1637 1584 1727 1620 Spem
1751 1585 1827 1611 haben

1056 1633 1097 1655 tes
1111 1633 1137 1655 ct
1156 1629 1298 1663 praesentis
1309 1629 1381 1661 vitm,
1392 1633 1419 1656 et
1432 1629 1530 1657 futura:
1540 1631 1568 1657 ἐ
1586 1640 1596 1657 ι
1610 1632 1773 1665 prasentis,
1783 1639 1827 1665 qua

1055 1675 1195 1701 honestior
1207 1680 1235 1701 et
1250 1676 1420 1703 emendatior
1434 1681 1492 1709 est;
1509 1675 1623 1710 l'uturze,
1644 1679 1723 1712 quod
1753 1683 1827 1705 κιαι

1055 1724 1107 1746 est.

218 1800 1827 1812 *μὴ-*Ἢ

783 1880 957 1926 LIBER
996 1866 1282 1934 QUINTUS.

251 2043 279 2072 1.
300 2042 470 2078 (Propterea
486 2040 555 2070 sicut
573 2049 621 2078 per
636 2051 719 2071 unum
735 2044 874 2072 hominem
899 2052 997 2079 pecea-
1015 2048 1038 2078 ι)
1050 2045 1127 2082 legis,
1144 2051 1174 2075 et
1189 2053 1281 2074 eorum
1306 2046 1386 2083 5M
1409 2048 1455 2082 qui
1475 2055 1525 2084 per
1546 2048 1625 2076 ﬁdem
1644 2049 1827 2084 justiﬁeantct

216 2093 275 2116 tum
301 2089 328 2116 in
354 2088 426 2116 hunc
451 2088 581 2115 mundum
605 2088 727 2121 intravit,
743 2093 771 2116 et
795 2097 843 2124 per
858 2095 998 2124 peccatum

215 2142 300 2168 mors,
318 2138 346 2162 et
368 2135 408 2162 sic
425 2134 451 2161 in
469 2141 565 2162 omnes
585 2134 710 2161 homines
734 2141 810 2162 mors
828 2135 998 2169 pertransiit,

215 2180 242 2208 in
264 2187 319 2215 quo
338 2187 433 2207 omnes
453 2184 645 2214 peccaverunt.
663 2180 754 2214 Usque
768 2180 802 2207 ad
825 2180 911 2216 legem
926 2181 998 2208 enim

214 2231 355 2261 peccatum
372 2230 431 2253 erat
445 2225 484 2261 (9)
497 2225 522 2252 in
540 2225 591 2252 hoc
610 2225 721 2252 mundo.
747 2225 891 2253 Pcccatutn
907 2231 997 2254 autem

213 2279 267 2298 non
279 2271 437 2306 imputatur,
452 2277 514 2298 cum
530 2270 573 2298 lex
584 2277 638 2298 non
648 2275 700 2298 est.
716 2270 770 2298 Sed
787 2271 908 2306 regnavit
925 2279 998 2300 mors

213 2317 246 2344 ab
258 2317 345 2344 Adam
359 2323 446 2351 usque
458 2316 492 2342 ad
512 2315 633 2351 Moysen,
649 2316 675 2342 in
688 2323 734 2343 eos
753 2318 799 2350 qui
815 2321 998 2350 peccaverunt

214 2361 240 2388 in
252 2362 454 2389 similitudinem
471 2361 784 2396 prtevaricationisAdm,
796 2362 840 2396 qui
855 2366 897 2389 est
910 2361 996 2390 forma

213 2405 296 2433 futuri
307 2407 328 2434 '.
343 2417 352 2433 ι
372 2406 551 2442 Posteaquam
569 2407 676 2435 edocuit
691 2406 872 2435 differentiam
893 2407 954 2436 ﬁdei
970 2413 998 2437 et

249 2455 257 2470 ¹
269 2453 359 2482 Galat.
372 2463 403 2488 tt,
419 2456 463 2489 l9,
480 2457 525 2483 20.
566 2457 575 2472 ¹
588 2456 666 2483 llom.
685 2463 720 2488 γι,
741 2456 783 2483 l0.

211 2488 223 2504 ’
238 2489 314 2520 ibid.,
333 2490 376 2517 10.

822 2456 832 2471 ³
845 2456 855 2481 l
872 2455 944 2483 Pelr.
959 2457 1040 2490 11,22.

1051 2096 1132 2126 atque
1148 2099 1243 2119 eorutn
1257 2092 1303 2126 qui
1316 2093 1511 2127 promissiones
1530 2101 1591 2128 quze
1604 2094 1639 2120 ad
1657 2101 1765 2129 patres
1780 2096 1827 2122 hc;

1051 2137 1170 2168 l'ueruut,
1187 2144 1239 2165 non
1258 2143 1371 2173 possunt
1392 2146 1503 2172 sperare
1524 2147 1574 2173 per
1600 2139 1694 2175 legem
1712 2149 1722 2168 :
1738 2147 1827 2174 cum:

1051 2182 1202 2216 aperuisset
1223 2183 1317 2210 arcani
1343 2188 1451 2211 secreta
1479 2185 1623 2219 mysterii.
1663 2188 1751 2220 quod
1775 2195 1827 2213 (ω

1051 2227 1154 2255 inimici
1168 2235 1290 2256 essemus
1305 2228 1370 2260 Deo,
1386 2236 1434 2264 per
1450 2235 1568 2257 mortem
1586 2230 1650 2257 Filii
1675 2231 1748 2266 dus
1767 2238 1827 2259 rem

1049 2272 1135 2300 ciliati
1148 2275 1270 2306 sumus",
1280 2283 1289 2300 ι
1305 2282 1375 2301 nunc
1389 2279 1417 2302 et
1433 2281 1533 2303 causas
1543 2276 1586 2303 vel
1601 2284 1654 2303 cur
1665 2277 1785 2305 inimici
1799 2278 1827 2303 {ut

1050 2319 1147 2351 ritnus,
1169 2320 1211 2347 vel
1233 2327 1281 2347 cur
1296 2327 1383 2347 morte
1397 2319 1462 2348 Filii
1479 2321 1527 2349 Dei
1552 2322 1713 2357 indigner-it
1741 2325 1794 2350 ista
1815 2330 1827 2347 Vl

1051 2365 1204 2392 conciliatio
1236 2370 1436 2400 consequenter
1472 2367 1615 2401 exponit:
1643 2373 1677 2394 ul.
1714 2369 1827 2396 ἰιιιυερξι

1050 2415 1150 2445 quanta
1179 2411 1257 2438 nobis
1283 2412 1442 2446 praestiterit
1472 2412 1575 2445 Jesus,
1601 2413 1657 2439 imo
1692 2421 1752 2447 pro
1781 2414 1827 2440 nefa

1080 2458 1090 2474 ⁵
1105 2458 1193 2487 Galal.
1209 2467 1239 2492 tt,
1254 2459 1301 2486 20.
1339 2459 1350 2475 ⁸
1362 2458 1371 2485 l
1383 2459 1453 2487 Tim.
1466 2467 1502 2492 tv,
1519 2460 1547 2487 ὅ.
1587 2460 1597 2475 ⁸
1609 2460 1699 2488 Rom.
1719 2461 1827 2493 V,'2.ll

237 2533 303 2575 '(99)
317 2534 351 2562 In
366 2544 417 2562 uno
429 2526 561 2569 .corpore.
577 2536 660 2566 Alias.
679 2544 690 2562 ι
701 2536 728 2563 in
760 2526 892 2571 corpore;
906 2546 915 2562 ι
944 2536 991 2569 aL,

1070 2538 1210 2575 inhso‘lum.
1222 2547 1231 2564 ι

214 2577 224 2595 1
238 2577 268 2604 Illi
277 2577 327 2604 suo
339 2578 464 2604 corpore.
480 2580 490 2597 Ι

245 2603 284 2638 (l)
297 2603 380 2635 Editi,
391 2603 406 2630 't
419 2606 504 2632 nobis.
517 2615 526 2631 ι

228 2638 386 2702 δςὲὶνιξᾱίιὶ,
405 2648 413 2664 ε
425 2640 471 2666 sed
483 2639 615 2675 prmcipue
633 2641 659 2668 in
675 2641 720 2668 his
732 2640 808 2679 illud,
825 2641 858 2667 ad
873 2639 993 2674 Patrem,

328 2693 335 2700 .
347 2683 357 2700 θ

210 2680 335 2702 observa.
347 2683 357 2700 θ

258 2707 285 2742 3)
300 2707 501 2740 Genebrardus.
517 2717 526 2734 ε
539 2709 652 2742 Christi,
663 2719 673 2736 ι
689 2709 772 2737 male.

258 2709 285 2776 ὅ)
300 2709 501 2750 Genebrardus.
517 2717 526 2734 ε
539 2709 652 2750 Christi,

246 2709 283 2811 ii)
298 2742 380 2811 ἓῗιέἱέζ
396 2745 662 2811 ἱῗςῖθὲἓΐῗιίἐέξ¹¹ιξ3έι¹

257 2776 283 2812 5)
298 2777 380 2814 Editi,
400 2776 448 2807 (id
463 2784 515 2813 est,
531 2787 581 2813 pro
595 2787 649 2807 non
666 2780 770 2813 solum;
785 2790 794 2806 ι
811 2780 861 2814 aL,
879 2789 888 2806 ‹
901 2780 927 2808 id
941 2784 992 2813 est,

1079 2572 1117 2607 (6)
1130 2571 1182 2599 Sed
1195 2577 1219 2599 et
1231 2573 1376 2607 gloriamur
1387 2573 1414 2599 in
1429 2572 1483 2599 Deo
1495 2581 1543 2605 per
1556 2572 1716 2600 Dominum
1733 2582 1827 2602 unum

1042 2606 1134 2635 Jesnm
1150 2606 1295 2634 Christum.
1314 2606 1376 2634 Haec
1399 2607 1535 2635 desuntin
1552 2607 1628 2634 libris
1641 2614 1743 2637 antea
1757 2611 1827 2638 edint

1079 2642 1118 2677 (7)
1142 2640 1178 2668 Et
1200 2649 1321 2669 errorum
1348 2643 1520 2669 correctione.
1543 2642 1629 2672 Alias.
1648 2651 1663 2668 ι
1677 2650 1714 2671 ει
1741 2652 1827 2674 πωπω

1043 2677 1223 2709 correctione,
1236 2685 1246 2701 ι
1264 2677 1313 2708 aL,
1336 2685 1345 2702 ι
1356 2680 1382 2703 et
1395 2683 1522 2704 errarum
1536 2678 1739 2711 correptione.
1754 2690 1764 2706 ι

1078 2711 1117 2745 (8)
1134 2711 1216 2744 Editi,
1233 2720 1242 2736 ι
1253 2711 1332 2742 item;
1345 2719 1354 2736 ι
1370 2711 1437 2738 alias
1449 2711 1528 2739 deest
1546 2720 1556 2737 ι
1567 2711 1651 2738 idem.
1667 2722 1683 2740 ι

1079 2745 1117 2782 (9)
1134 2745 1211 2774 Erat.
1224 2746 1306 2774 Deest
1317 2746 1345 2774 in
1359 2746 1439 2774 libris
1453 2752 1536 2775 antea
1551 2746 1642 2775 editis.
