1833 3049
14 192 95 216 nostra
112 189 194 220 atque
207 185 306 216 animis
319 186 489 221 ordinantes,
506 196 578 217 nunc
589 190 644 223 jam
659 189 693 218 ad
707 190 790 224 ittspi-
805 192 829 223 Α

14 233 98 260 nenda
114 236 140 262 et
156 232 311 262 contuottda
325 240 356 261 ea
382 240 442 268 qua}
459 234 486 263 in
501 234 625 263 manibus
641 235 788 267 habentur,

14 287 51 306 ,ιι-ιι
68 278 169 306 viribus
184 283 387 307 convertamur.
407 279 439 307 Et
456 281 546 314 primo
564 281 710 309 videmnus
723 289 791 316 quu-

14 324 82 353 tuodo
106 333 116 350 ι
139 331 188 358 per
205 332 287 353 untun
307 325 444 353 hominem
470 331 611 359 peccatum
629 327 747 355 introivit
764 328 791 355 in

14 377 74 397 tunc
87 371 226 401 mundum,
239 375 267 399 et
281 378 329 405 per
347 377 487 405 peccatum
509 379 582 399 mors
602 373 636 400 ’⁵.
655 383 662 398 ι
681 374 791 402 Fortas-

14 416 39 442 .is
52 415 124 445 enim
139 416 261 450 requirat
274 416 383 450 aliquis,
402 416 424 444 si
440 423 504 444 ante
518 418 607 445 Adam
624 418 719 446 mulicr
730 428 792 454 pcc~

14 463 83 494 :avit,
99 463 133 489 do
147 470 200 496 qna
218 462 327 495 dicitur,
342 464 406 498 quia
420 472 430 489 ε
453 464 565 493 seducta
580 465 606 491 in
625 466 792 499 praevarica—

14 509 76 536 .ione
88 508 161 535 facta
173 513 214 535 est
234 509 273 541 “;
295 519 304 535 ›
322 515 349 537 et
363 518 468 537 rursum
488 516 551 538 ante
568 512 653 545 ipsam
670 512 792 546 peccavit

14 561 125 588 ierpens.
143 554 266 582 Peccavit
281 556 354 583 enim
369 563 430 583 cum
447 556 516 589 dixit
533 558 638 584 mulieri
651 569 656 584 ;
669 567 677 583 ι
694 557 791 590 thuid

14 607 55 628 ioc
69 600 137 629 dixit
160 601 242 634 Deus,
261 606 291 628 ut
307 610 359 628 non
384 603 554 630 manducetis
571 604 603 630 de
620 604 694 630 omni
720 603 792 637 ligno

14 646 119 672 taradisi
133 647 155 665 ¹⁷
169 647 182 673 l‘
199 657 208 673 ι
232 647 263 674 Et
281 647 378 674 iterum
401 648 536 683 peccavit,
552 656 614 675 eum
633 649 704 676 Deus
719 650 793 676 dixe-

14 692 38 718 ‘it
55 693 112 727 (57)
126 713 133 723 ,
150 693 214 726 quia
235 702 244 718 ε
263 701 425 728 qttacnnque
440 694 483 723 die
512 694 743 721 ntandncnveritis
759 702 791 721 ex

14 746 43 771 to,
61 743 149 769 morte
163 739 318 766 moriemini
330 740 362 771 “,
385 749 394 765 ι
413 746 439 767 et
461 740 507 767 ille
526 740 626 767 dixerit
640 741 672 767 ad
697 742 792 767 mulie-

14 794 55 813 ‘em
74 795 81 813 :
102 796 111 812 I
131 786 189 814 Non
214 792 303 815 morte
320 788 495 820 moriemini;
527 789 576 815 sed
595 788 698 816 sciebat
722 789 793 816 Deus

20 835 60 861 nia
89 841 253 869 quacunque
279 835 322 862 die
348 835 575 861 manducaveritis
599 842 632 861 ex
653 842 704 866 eo,
725 842 791 869 ape-

15 881 104 908 irntur
121 881 193 908 oeuli
210 881 290 907 vostri
301 900 308 910 .
329 884 356 907 et
373 880 447 907 eritis
468 880 538 907 sicut
556 880 592 907 dii
607 880 725 907 scientes
742 880 792 906 bo-
809 869 829 897 Π

14 929 62 948 tum
77 927 105 949 et
118 922 218 948 ntalem
235 924 268 949 ³³.
287 933 297 948 ι
316 923 343 950 Si
361 932 427 958 ergo
444 929 506 951 ante
522 926 607 952 Adam
623 926 720 953 mulier
732 934 793 960 pec-

16 968 82 998 avit,
104 971 134 994 et
150 973 214 995 ante
232 968 375 996 mulieront
388 977 512 1004 serpens,
527 976 556 998 et
572 971 599 997 in
612 971 666 998 alio
682 971 744 999 loco
756 972 793 998 di-

17 1013 198 1048 “Apostolus
213 1035 220 1046 ,
236 1015 300 1049 quia
319 1025 330 1040 ε
345 1015 430 1042 Adam
448 1024 501 1043 non
517 1022 559 1044 est
578 1018 716 1049 seductus,
731 1026 790 1045 mu-

18 1067 50 1085 er
70 1064 166 1086 autent
192 1061 304 1088 seducta
327 1065 369 1088 est
390 1061 424 1094 ³ο,
453 1071 463 1088 ι
488 1063 623 1098 quomodo
645 1071 694 1098 per
708 1072 790 1091 unum

17 1107 148 1138 ominem,
163 1111 190 1134 et
204 1114 258 1134 non
274 1108 361 1143 magis
373 1115 423 1142 per
435 1116 516 1135 unam
535 1109 674 1137 mulierem
689 1109 793 1137 videbi-

16 1160 42 1179 ιτ
63 1153 197 1181 introisse
221 1156 384 1188 peccatum?
409 1156 430 1182 A
454 1156 567 1184 muliere
585 1157 657 1184 enim
679 1157 786 1184 initium

14 1200 100 1226 necati
112 1219 120 1230 ,
145 1205 174 1226 et
197 1205 259 1227 ante
275 1201 416 1228 mulierem
434 1209 448 1228 a
472 1207 609 1239 serpente,
627 1203 685 1230 sive
700 1210 714 1229 ιι
733 1203 792 1229 dia-

14 1245 67 1276 nlo,
86 1246 123 1273 de
138 1253 193 1280 quo
214 1247 314 1274 dicitur
333 1248 360 1274 in
378 1248 528 1283 Evangelio
540 1269 547 1280 ,
567 1249 630 1284 quia
648 1258 657 1274 ‹
677 1249 721 1276 ille
741 1249 792 1276 ho-

14 1291 96 1319 Iicida
113 1292 222 1319 eratab
239 1293 316 1320 initio
329 1293 362 1319 ³¹.
384 1303 393 1319 ι
413 1295 466 1322 Sed
482 1294 544 1321 vide
562 1295 586 1321 in
602 1295 644 1322 his
674 1295 792 1330 Aposto-

14 1345 51 1364 tm
73 1343 187 1365 natura:
200 1339 323 1366 ordinem
346 1341 477 1373 tenuisse,
495 1345 523 1367 ct
541 1340 600 1367 ideo
613 1341 743 1376 quoniam
760 1341 793 1368 de

14 1389 109 1411 eccato
125 1383 300 1416 loquebatur.
313 1393 345 1413 ex
361 1394 415 1420 quo
429 1394 501 1414 mors
515 1387 540 1414 in
557 1395 652 1414 omnes
668 1387 793 1414 homines

14 1429 200 1457 ertransierat
217 1430 249 1462 ",
262 1432 466 1459 successionem
484 1433 650 1467 posteritatis
668 1432 792 1460 humana:

14 1483 54 1501 lli!
69 1476 138 1502 huic
156 1475 237 1502 morti
254 1477 400 1504 succubuit
419 1485 451 1504 ex
471 1483 583 1513 peccato
595 1479 790 1510 venienti,nou

14 1521 105 1548 iulieri
122 1521 248 1553 ascribit,
261 1523 308 1549 sed
323 1523 390 1549 viro.
411 1522 468 1550 Non
482 1524 554 1550 enim
569 1532 600 1551 ex
620 1525 731 1551 muliere
744 1533 792 1559 po-

17 1568 122 1598 eritas.
135 1568 183 1594 sed
203 1576 234 1595 ex
260 1569 319 1596 viro
334 1570 500 1603 nominatur,
521 1570 591 1597 sicut
607 1575 634 1597 et
650 1571 707 1605 ipse
719 1571 792 1605 Apo—

17 1614 81 1640 olns
101 1613 161 1647 (58)
185 1615 210 1640 in
234 1614 294 1641 aliis
317 1615 405 1643 dicit:
431 1625 440 1642 ί
466 1615 522 1643 Non
538 1616 610 1644 enim
636 1622 678 1644 est
702 1617 743 1643 vir
759 1625 791 1644 ex

14 1660 129 1690 mlicre,
146 1661 194 1686 sed
218 1660 315 1687 mulier
327 1669 360 1688 cx
378 1661 454 1694 viro;
476 1671 486 1688 ι
504 1667 531 1688 et
551 1663 648 1689 iterum
666 1671 673 1688 :
690 1671 699 1687 ι
718 1662 793 1689 Sicut

15 1705 68 1730 tim
88 1704 193 1731 mulier
209 1712 241 1731 ex
262 1706 320 1732 viro
333 1726 341 1738 ,
359 1707 394 1734 ita
407 1713 435 1734 et
450 1707 491 1734 vir
510 1717 519 1733 ι
538 1715 591 1734 non
606 1715 637 1734 ex
656 1707 770 1734 muliere
784 1728 791 1738 ,

14 1750 38 1776 id
58 1759 67 1775 ι
82 1758 136 1785 per
150 1750 292 1778 mulierem
307 1752 349 1784 ³³;
370 1761 379 1777 ι
393 1757 420 1779 et
440 1752 474 1779 ob
491 1752 543 1779 hoc
563 1752 684 1779 mortalis
702 1757 792 1786 postc-

14 1801 81 1829 tas,
110 1800 140 1822 et
171 1796 319 1830 corporalis
345 1799 506 1829 successio,
534 1797 592 1824 viro
619 1797 708 1832 potius
735 1802 792 1823 tan-

14 1851 77 1868 tam
97 1841 157 1878 (59)
183 1843 298 1874 auctori,
319 1848 347 1870 et
367 1851 420 1870 non
437 1844 542 1870 mulieri
557 1844 710 1878 deputatur.
735 1842 790 1870 Sed

45 1887 144 1913 adhuc
171 1887 323 1914 evidentius
351 1887 398 1914 ﬁat
413 1888 485 1922 quod
503 1888 619 1915 dicimus
633 1907 640 1919 ,
663 1888 793 1915 addemus

14 1935 77 1959 iam
98 1933 153 1960 hoe
176 1933 249 1966 quod
273 1933 343 1960 idem
359 1934 504 1968 Apustnlus
526 1934 559 1960 ad
576 1934 704 1961 Hebraeos
721 1935 792 1961 Scri-

16 1985 26 2005 t
48 1978 74 1994 “
90 1987 98 2006 :
117 1987 128 2004 ι
147 1978 200 2005 Sed
213 1983 239 2005 et
256 1978 320 2006 Levi
336 1979 382 2013 qui
405 1979 525 2006 decimas
540 1979 656 2013 accepit,
673 1979 791 2006 decima—

17 2034 33 2051 ξς
56 2029 112 2052 est.
133 2024 229 2051 Adhuc
248 2025 320 2051 enim
337 2025 363 2051 in
377 2024 476 2051 lumbis
489 2024 574 2059 patris
588 2029 647 2051 erat
661 2033 670 2049 ι
695 2024 793 2059 (Abra-

14 2071 44 2104 ι’)
73 2079 83 2095 ι
116 2077 180 2096 cum
205 2069 324 2096 ohviavit
353 2069 377 2097 ei
405 2069 605 2097 Melchisedech
627 2076 750 2103 regresso
777 2077 791 2095 a

14 2118 70 2144 :de
85 2124 194 2150 regum.
209 2125 219 2142 ι
233 2115 261 2143 SI
277 2124 341 2151 ergo
357 2116 433 2148 Levi,
449 2115 494 2150 qui
512 2116 685 2151 generatione
696 2120 793 2151 quarta

14 2168 58 2190 .st
77 2163 223 2189 Abraham
242 2163 381 2195 nascitur,
403 2162 542 2189 inlumbis
568 2162 683 2188 Abrahae
708 2161 794 2188 fuisse

479 128 657 157 COMMENT.
680 129 711 156 IN
733 129 842 158 EPIST.
859 129 904 158 AD
922 129 1084 158 ROM.LIB.
1103 130 1136 156 Υ.

1565 135 1634 163 1010

843 190 920 223 Adae,
946 198 1006 217 cum
1023 190 1114 217 adhuc
1136 193 1208 219 esset
1229 190 1254 216 in
1272 190 1415 224 paradiso;
1434 196 1461 219 et
1475 199 1569 220 ontncs
1585 194 1634 221 ho-

845 238 931 265 mines
944 246 1003 265 cum
1015 238 1072 272 ipso
1086 237 1126 265 vel
1143 237 1168 263 in
1183 237 1243 271 ipso
1254 236 1358 271 expulsi
1372 242 1434 265 sunt
1449 238 1481 266 de
1494 240 1632 273 paradisvt.

844 292 903 312 cum
928 284 985 318 ipse
1007 284 1069 312 itide
1085 283 1216 317 depulsus.
1241 288 1300 316 est;
1324 287 1351 309 et
1375 291 1422 317 per
1441 284 1529 318 ipsum
1548 293 1631 316 mors.

844 340 905 366 ‘IIIiB
920 331 946 359 ei
961 339 993 359 ex
1011 330 1235 365 praevaricatione
1252 335 1374 361 venerat,
1393 335 1591 364 consequenter
1605 337 1633 358 et

844 378 870 405 in
887 385 934 405 eos
950 377 1109 412 pertransiit
1122 376 1168 411 qui
1191 377 1218 405 in
1239 376 1336 404 intubis
1359 376 1417 409 eius
1438 377 1629 410 habebantur;

843 429 870 451 ot
888 424 948 451 ideo
961 429 1033 450 recte
1047 422 1192 457 Apostolus
1207 422 1270 448 dicit
1283 432 1289 448 :
1308 432 1317 448 ι
1333 423 1408 449 Sicut
1422 423 1493 450 enim
1507 423 1534 450 iu
1546 423 1630 450 Adam

843 476 938 498 omnes
953 468 1118 499 moriuntur,
1135 467 1171 494 ita
1187 472 1214 496 et
1230 467 1256 492 in
1272 466 1381 494 Christo
1397 474 1492 495 omnes
1510 468 1632 495 viviﬁca-

844 514 944 541 buntur
958 513 991 540 ³⁸.
1013 522 1021 541 ι
1040 511 1132 546 Neque
1141 519 1207 546 ergo
1229 519 1260 538 ex
1276 516 1400 546 serpente
1423 512 1469 546 qni
1491 517 1555 543 ante
1571 521 1630 541 tnu-

844 560 937 587 lienem
959 562 1131 593 peccaverat,
1149 564 1238 591 neque
1257 564 1289 584 ex
1309 557 1423 587 muliere
1438 565 1498 591 quia
1513 561 1578 587 ante
1592 558 1631 584 vi-

845 613 904 631 rum
923 605 949 632 in
966 604 1191 640 praevaricatione
1207 602 1281 630 facta
1307 606 1349 629 est
1365 602 1399 634 ³⁸,
1411 603 1459 630 sed
1477 610 1525 637 per
1544 603 1629 630 Adam

844 658 876 677 ex
896 657 949 685 quo
973 657 1068 677 omnes
1087 648 1215 677 mortales
1235 649 1371 683 originem
1394 648 1515 680 ducunt,
1533 649 1633 676 dicitur

845 695 970 722 introisse
989 699 1140 730 peccatum,
1157 699 1184 721 et
1200 701 1248 728 per
1265 698 1406 728 peceatum
1423 701 1508 721 mors.
1527 694 1579 721 Sed
1590 695 1633 725 hic

845 741 974 769 nimirum
991 745 1032 768 ost
1050 747 1120 768 unus
1132 740 1213 767 hoino
1225 747 1272 773 per
1285 747 1367 773 quem
1380 744 1520 774 peceatum
1537 740 1633 767 introi-

845 787 893 819 vit,
908 791 936 814 et
951 794 999 820 per
1020 790 1161 820 peccatum
1181 792 1254 812 mors
1269 784 1302 816 ³⁷,
1328 791 1409 818 quem
1437 788 1463 813 et
1483 784 1546 813 alibi
1576 785 1634 818 ipse

844 831 990 864 Apostolus
1002 830 1058 866 (άο)
1070 830 1136 857 dicit
1157 830 1272 864 primum
1286 829 1422 858 hominem
1437 820 1469 859 de
1489 834 1560 858 terra
1579 835 1633 857 ter-

844 883 958 908 renum,
974 876 1123 904 secundent
1140 883 1204 903 vom
1229 875 1262 902 de
1284 875 1357 903 coelo
1378 876 1519 905 cmleslotn
1538 896 1546 908 ,
1571 885 1632 904 cum

844 921 1007 948 exhortatur
1027 928 1075 948 nos
1092 921 1198 954 abjecta
1212 919 1331 954 imasiue
1348 921 1469 953 terreni,
1487 921 1631 955 imaginem

845 971 955 1002 portare
985 967 1110 995 caelestis
1123 966 1161 999 ‘3;
1189 967 1214 994 id
1231 971 1274 994 est
1301 971 1330 995 ut
1352 967 1500 994 secundum
1520 967 1631 995 verbum

845 1012 892 1040 Dei
909 1013 1030 1043 viventes
1045 1020 1218 1045 renovemnr,
1232 1018 1259 1039 et
1278 1012 1460 1040 reformemur
1481 1013 1631 1040 secundum

844 1059 1002 1087 interiorem
1021 1060 1156 1087 hominem
1171 1061 1204 1087 ad
1222 1061 1366 1094 imaginem
1393 1060 1441 1088 Dei
1457 1062 1504 1095 qui
1526 1062 1633 1088 creavit

844 1112 905 1132 eum
921 1105 953 1131 ³⁸.
976 1106 1025 1136 llic
1042 1113 1109 1141 ergo
1123 1107 1205 1133 homo
1220 1107 1265 1141 qui
1287 1106 1344 1141 jam
1364 1107 1531 1135 reformatur
1544 1113 1572 1134 et
1587 1115 1630 1134 re-

844 1156 955 1186 paratur
977 1153 1012 1178 ad
1027 1152 1174 1187 imaginem
1189 1153 1236 1180 Dei
1249 1173 1256 1185 ,
1272 1161 1362 1188 neque
1376 1159 1502 1180 terrenus
1516 1173 1523 1185 ,
1543 1161 1632 1189 noque

844 1196 871 1223 in
891 1197 940 1222 hoc
965 1197 1066 1224 mtmdo
1080 1201 1139 1229 est,
1156 1198 1205 1224 sed
1223 1198 1249 1225 in
1266 1198 1344 1226 coalis
1366 1206 1425 1226 esse
1451 1199 1552 1226 dicitur
1566 1206 1632 1226 eon—

844 1242 964 1269 versatio
979 1242 1038 1276 ejus
1050 1243 1072 1259 ⁸ο
1093 1252 1099 1269 :
1118 1249 1145 1270 et
1158 1243 1218 1271 ideo
1241 1245 1392 1272 secundum
1408 1252 1470 1271 cum
1488 1245 1534 1279 qui
1549 1245 1629 1278 dixit,

847 1296 856 1314 ι
876 1287 927 1316 Vos
942 1294 1032 1316 autem
1055 1297 1109 1318 non
1135 1291 1204 1317 estis
1225 1290 1258 1318 de
1278 1291 1329 1318 hoc
1353 1291 1455 1318 mundo
1470 1291 1503 1323 δι,
1522 1301 1531 1317 ι
1557 1298 1632 1317 mors

844 1335 871 1360 in
899 1341 961 1361 eum
979 1342 1031 1362 non
1047 1339 1135 1370 potest
1160 1337 1338 1371 pet-transire.
1355 1335 1407 1370 Qui
1435 1342 1525 1364 autent
1544 1337 1633 1364 adhuc

844 1381 870 1407 in
888 1381 938 1409 hoc
954 1385 1055 1410 mtlndo
1070 1388 1112 1410 est
1124 1402 1133 1416 ,
1146 1388 1174 1411 et
1191 1389 1317 1411 terrenus
1333 1389 1384 1416 est,
1402 1392 1433 1411 ac
1453 1384 1554 1411 terreni
1571 1383 1630 1418 Ml)

827 1428 988 1463 vimaginem
1005 1434 1117 1464 portat,
1144 1431 1178 1457 de
1202 1431 1260 1465 ipso
1280 1430 1390 1463 dicitur,
1415 1432 1486 1466 quod
1501 1439 1549 1466 per
1569 1438 1632 1457 eum

844 1480 985 1506 peccatur»
1004 1475 1030 1500 in
1050 1475 1122 1502 hunc
1136 1476 1265 1503 tnundum
1280 1476 1412 1509 introivit,
1431 1482 1456 1504 et
1470 1485 1518 1512 per
1533 1485 1629 1512 pecca-

847 1523 903 1546 tum
921 1527 994 1547 tnors
1006 1521 1039 1546 δ’.
1057 1521 1134 1554 Quod
1159 1522 1183 1548 si
1207 1527 1347 1556 peccaturo
1372 1527 1399 1549 et
1421 1531 1494 1550 tnors
1513 1523 1538 1550 in
1562 1524 1633 1551 luutc

845 1566 975 1593 mundum
1001 1566 1057 1603 (42)
1076 1567 1218 1600 introivit,
1234 1573 1260 1594 ct
1276 1568 1302 1594 ln
1327 1568 1380 1595 hoc
1399 1569 1499 1596 mundo
1518 1569 1632 1602 habitat,

845 1616 949 1638 certum
968 1617 1010 1639 est
1025 1613 1130 1639 alienos
1155 1620 1169 1639 ιι
1188 1619 1275 1640 morte
1300 1619 1328 1641 et
1352 1622 1366 1641 α
1381 1621 1494 1648 peccato
1510 1623 1571 1643 esse
1585 1623 1633 1643 eos

844 1656 890 1690 qui
908 1664 957 1690 per
971 1657 1110 1684 Christum
1125 1658 1167 1684 vel
1183 1666 1242 1685 cum
1257 1659 1368 1687 Christo
1382 1661 1484 1687 mortui
1497 1666 1559 1688 sunt
1571 1662 1634 1689 huic

845 1702 957 1734 ttmndo,
974 1707 1001 1729 et
1013 1710 1074 1729 cunt
1095 1704 1153 1737 ipso
1167 1705 1331 1737 resuscitati,
1349 1713 1410 1732 cum
1425 1707 1482 1741 ipso
1496 1707 1578 1733 etiam
1591 1715 1633 1734 se-

844 1747 908 1774 dere
932 1747 959 1774 in
980 1747 1137 1776 caelestibus
1160 1755 1317 1777 meruerunt
1335 1751 1376 1783 ",
1394 1753 1629 1779 conversMioncm

845 1800 898 1820 non
919 1793 976 1827 jam
995 1794 1052 1828 (45)
1069 1795 1095 1821 in
1111 1795 1162 1822 hoc
1178 1797 1278 1822 numdo
1292 1816 1300 1828 ,
1322 1797 1370 1824 sed
1385 1797 1410 1823 iu
1427 1797 1504 1824 cmlis
1531 1798 1633 1825 haben-

845 1846 887 1868 tes
904 1840 937 1867 δι.
955 1840 1033 1868 Unde
1044 1846 1072 1868 et
1087 1842 1146 1876 pari
1163 1843 1357 1877 consequentia
1374 1844 1538 1876 ostenditur,
1558 1846 1631 1879 quod

844 1888 933 1915 omnis
946 1889 1028 1915 homo
1043 1889 1132 1922 primo
1154 1898 1163 1914 ι
1187 1889 1220 1916 de
1237 1894 1308 1916 terra
1324 1894 1449 1916 terrenus
1469 1899 1477 1915 ι
1495 1894 1545 1921 est,
1563 1891 1634 1917 sicut

845 1933 917 1960 idem
931 1934 1078 1967 Apostolus
1095 1933 1158 1960 alibi
1175 1934 1196 1949 "
1216 1933 1302 1966 dicit;
1329 1941 1390 1960 cum
1416 1934 1561 1968 imaginem
1579 1939 1634 1960 ter-

845 1978 902 2005 reni
928 1983 1038 2013 portat,
1062 1983 1089 2006 et
1104 1979 1254 2005 secundum
1278 1979 1422 2013 imaginem
1449 1979 1550 2005 terreni
1579 1987 1634 2005 atu-

845 2023 920 2050 bnlat
945 2022 1013 2058 (44),
1041 2030 1152 2050 carnem
1172 2024 1292 2058 cogitat,
1319 2029 1348 2051 et
1373 2032 1434 2058 quae
1457 2025 1548 2051 carnis
1569 2029 1634 2051 sunt

845 2069 932 2103 sapit,
959 2073 987 2095 et
1018 2069 1062 2095 vix
1090 2068 1238 2103 aliquando
1264 2073 1306 2096 est
1338 2074 1367 2096 ut
1392 2074 1570 2097 convertatur
1598 2070 1633 2096 ad

847 2114 1012 2147 Dominum,
1038 2120 1065 2142 et
1095 2115 1193 2148 spiritu
1223 2115 1270 2142 Dei
1304 2121 1419 2148 agatur,
1447 2119 1530 2149 atque
1561 2115 1634 2143 ell‘e-

846 2159 906 2182 ctus
934 2155 1061 2190 spiritalis
1088 2155 1134 2184 fiat
1155 2165 1164 2181 ι
1194 2156 1356 2184 novissimus
1383 2157 1468 2184 Adam
1499 2158 1526 2184 in
1554 2157 1633 2193 541
1664 2176 1667 2178 ›

18 2209 173 2240 rltibetur,
188 2207 273 2234 multo
291 2209 377 2243 magis
386 2216 480 2235 omnes
498 2208 623 2235 homines
636 2209 681 2242 qui
697 2208 723 2235 in
742 2209 780 2235 ho

883 2201 977 2228 tiritunt
1001 2201 1184 2229 vivificantem
1209 2202 1232 2220 “
1259 2203 1338 2238 (45).
1368 2213 1377 2229 ι
1407 2203 1525 2237 Require
1553 2210 1634 2236 sane,

14 2254 101 2281 nudo
132 2258 292 2284 nascuntur,
314 2258 342 2280 et
367 2253 422 2280 uati
447 2259 532 2286 sunt,
549 2254 575 2280 in
599 2254 699 2281 lumbis
714 2258 793 2281 erant

17 2337 51 2352 ³³
63 2335 150 2362 Rom.
163 2342 189 2363 ν.
203 2334 246 2361 IS.

14 2380 55 2401 II,
69 2370 120 2397 ιι.
159 2370 181 2384 ³⁸
198 2369 276 2396 Rom.
289 2377 314 2400 v,
332 2370 374 2397 12.

19 2407 118 2433 “orti.
137 2412 162 2436 ν,
178 2404 221 2430 l2.
256 2404 278 2420 ³⁸
294 2404 373 2431 lCor.
386 2412 429 2434 xv,
442 2404 486 2436 L7,
499 2405 543 2431 49.
578 2404 599 2420 ³9
614 2403 718 2430 Coloss.
731 2411 772 2435 tu,
788 2403 831 2430 l0.

285 2335 309 2353 "
325 2334 331 2360 Ι
344 2334 413 2361 Tim.
429 2342 459 2365 ιι,
473 2334 514 2361 ll.

414 2369 458 2395 ³³1
478 2370 540 2398 Cor.
553 2377 592 2397 χι.
609 2369 634 2397 8.
652 2369 693 2395 19..
727 2369 750 2384 "
764 2368 848 2397 Hebr.
860 2375 909 2397 vn.
923 2368 950 2398 l,
967 2368 1054 2402 9,1n,

846 2246 975 2281 quoniam
989 2254 1038 2282 per
1054 2255 1138 2274 unum
1154 2247 1291 2277 hominem
1307 2248 1333 2275 in
1352 2248 1425 2276 hunc
1442 2250 1572 2277 mundum
1590 2249 1632 2277 di-

555 2334 576 2353 "
593 2333 660 2360 Gen.
678 2341 718 2365 ιιι,
733 2334 758 2360 l.

885 2351 893 2359 .
910 2340 942 2363 ιι,
959 2332 1003 2363 t7.
1033 2332 1055 2351 ³²
1070 2332 1135 2362 ibid.
1150 2331 1176 2362 ὦ,
1189 2331 1216 2359 5.
1249 2332 1271 2350 ³ο
1283 2331 1291 2358 l
1303 2331 1372 2360 Tim.
1392 2339 1420 2363 tt,
1435 2331 1478 2360 Μ.
1515 2331 1536 2351 ³³
1553 2329 1633 2360 Joan.

1387 2367 1410 2382 "
1428 2366 1435 2392 l
1454 2366 1526 2397 Tim.
1543 2374 1573 2397 tt,
1590 2367 1634 2393 ιιι.

1421 2402 1442 2417 ⁵³
1458 2401 1537 2428 Rom.
1551 2409 1575 2433 ν,
1591 2402 1634 2428 lz.

1098 2367 1120 2382 ³⁸
1138 2367 1144 2393 Ι
1158 2367 1220 2395 Cor.
1238 2375 1280 2399 xv,
1295 2367 1340 2394 “2‘2.

863 2402 885 2418 ⁸ο
897 2401 996 2436 Philip.
1013 2411 1053 2432 nt,
1067 2402 1111 2429 ‘20.
1149 2402 1169 2418 "
1184 2401 1261 2429 Joau.
1278 2410 1323 2433 xv,
1343 2403 1384 2429 l9.

22 2442 140 2476 Ephes.
159 2447 190 2471 ιι,
207 2439 237 2471 5,
251 2438 276 2468 ε.
310 2439 332 2455 δ”
352 2439 448 2473 Philip.
465 2447 504 2472 ut,
517 2439 563 2469 20.
599 2439 621 2454 ⁸⁸
637 2439 645 2465 l
661 2439 722 2466 Cor.
738 2447 780 2471 xv,

883 2444 896 2464 ι.
927 2437 951 2454 θα
963 2438 1029 2469 ibid,
1042 2437 1088 2465 45.

15 2521 94 2555 (57)
110 2519 149 2546 Ita
163 2526 230 2546 mss.
246 2520 330 2546 nostri
351 2524 379 2546 et
393 2519 530 2551 Rabanns,
547 2519 598 2545 nisi
616 2519 687 2553 quod
704 2519 794 2553 primo

18 2559 122 2584 beant
138 2555 210 2581 alius
224 2563 233 2579 ι
252 2555 330 2586 dixit,
346 2563 355 2579 ι
371 2555 440 2581 alius
457 2564 466 2579 Ι
485 2555 609 2586 dixerat;
629 2563 637 2579 ι
660 2555 789 2586 secundo,

20 2599 70 2618 us
92 2592 195 2617 iterum
217 2598 226 2615 ι
252 2590 339 2622 dixit,
360 2599 369 2614 ι
395 2590 464 2616 alius
484 2598 492 2614 ι
512 2590 637 2616 diceret:
658 2598 667 2614 ι
686 2590 733 2616 sed
753 2597 794 2616 re-

23 2634 72 2653 us
88 2632 161 2653 unus
179 2625 263 2651 codex
279 2624 380 2658 llegius
397 2632 472 2651 llulll.
498 2623 566 2651 1639
590 2624 670 2651 habet
685 2625 792 2652 utrobi-

19 2671 44 2689 e
66 2682 73 2693 ,
93 2669 103 2685 ι
131 2659 240 2687 dixerit.
259 2669 267 2684 ι
285 2659 354 2686 Editi
380 2667 461 2692 vero,
481 2668 489 2684 ι
506 2663 533 2687 et
550 2659 648 2685 iterum
667 2660 792 2692 peccavit

15 2705 59 2724 τι]
77 2696 168 2721 dixit:
186 2695 243 2721 Scit
260 2694 331 2721 enim
359 2694 427 2721 Dens
442 2695 503 2728 quia
528 2701 689 2728 quacunque
716 2702 792 2720 man-

16 2730 171 2759 careritis
194 2737 228 2757 ex
243 2737 276 2758 eo
289 2749 296 2762 ,
318 2730 488 2766 aperientur,
507 2738 515 2755 ι
536 2734 600 2761 etc.,
618 2729 728 2756 omissis
742 2738 792 2757 ca:-

14 2776 98 2839 ϊέὲ)
112 2798 268 2839 έροειοιιιδ.
283 2798 368 2839 pecs}
383 2799 409 2826 in
423 2799 543 2839 editis.”
571 2835 577 2839 _
731 2834 744 2839 __
763 2834 767 2839 η

14 2833 96 2874 (δι’)
116 2833 267 2870 Tanquam.
281 2834 457 2863 Dcsidcratur
471 2834 496 2862 in
516 2834 593 2863 libris
609 2839 686 2862 antea
704 2834 795 2862 editis.

884 2518 939 2553 (40)
953 2518 1039 2550 Alias,
1052 2527 1062 2543 ί
1082 2518 1153 2545 idem
1169 2519 1324 2552 Apostolus.
1342 2528 1351 2544 ι

883 2554 939 2589 (41)
955 2554 1038 2586 Alias,
1056 2562 1065 2579 ε
1082 2554 1110 2580 in
1124 2555 1224 2580 utundo
1237 2559 1299 2586 est,
1318 2558 1444 2581 terrenus
1459 2558 1513 2585 est.
1532 2561 1565 2582 ac
1579 2559 1635 2582 ter-

847 2590 914 2618 rcui.
936 2597 945 2613 ι
963 2594 1015 2614 etc.

859 2655 862 2658 ,
881 2623 939 2658 (4⁸2)
958 2623 1007 2650 Ms.
1027 2631 1108 2661 unus,
1129 2631 1138 2661 ς
1155 2623 1231 2656 Quod
1246 2624 1267 2650 si
1286 2629 1427 2658 peccatqu
1444 2633 1527 2657 mors,
1542 2629 1569 2651 ot
1587 2632 1636 2661 per

847 2664 987 2694 peccatum
1003 2666 1075 2694 mors
1089 2659 1114 2684 in
1131 2659 1202 2694 hunc
1220 2660 1361 2692 mundutn,
1380 2670 1390 2685 ι
1411 2665 1466 2689 etc.

883 2693 938 2726 (l5)
954 2692 1026 2718 Jam.
1040 2692 1121 2720 Deest
1139 2693 1164 2718 in
1182 2694 1271 2720 editis.

884 2729 940 2763 (tt)
953 2727 1039 2759 Alias,
1058 2737 1066 2753 ι
1086 2735 1147 2754 cum
1164 2728 1189 2753 in
1207 2729 1324 2763 imagine
1342 2730 1442 2757 terreni
1461 2729 1594 2762 ambulat,
1609 2733 1638 2756 et

849 2763 998 2792 secundum
1013 2764 1159 2798 imaginem
1177 2768 1277 2790 terrent
1293 2764 1425 2791 utitbnlat.
1448 2775 1457 2790 ι

886 2799 942 2834 (ιδ)
956 2797 1038 2831 Editi,
1054 2807 1063 2824 ε
1085 2799 1226 2834 inSpirilu
1243 2798 1408 2826 viviﬁcante.
1429 2809 1439 2825 ι
1459 2831 1463 2834 ι
