1833 3049
4 164 61 193 0I3

469 165 648 194 COIIMENT.
669 166 703 194 IN
724 166 832 195 EPIST.
850 168 896 195 AD
914 165 999 196 ROM.
1021 166 1086 196 LIB.
1105 166 1137 194 Υ.

1560 169 1627 198 ιοιιι

1 223 35 256 gui
48 221 169 249 muttdus
184 221 366 257 appellantur,
383 222 409 250 id
421 222 504 259 558
515 228 566 256 est,
579 229 700 253 terrenos
712 224 780 258 (55),
796 229 819 257 Α
838 226 900 253 terit
914 232 1021 254 Sensus.
1041 225 1093 252 Sed
1111 229 1138 252 et
1150 223 1216 252 illud
1232 232 1303 260 sarpc
1311 223 1368 259 jam
1386 225 1518 260 diximus,
1534 227 1560 255 in
1576 228 1626 256 hac

1 274 109 296 intrasse
131 268 198 296 dicit
212 273 365 303 peccatum,
389 274 415 296 et
441 278 576 305 nusquam
603 271 661 305 ejus
679 273 780 300 exitum

1 315 77 342 onit.
90 314 119 341 In
134 322 182 342 eos
195 322 260 343 vero
274 323 343 351 qttos
355 315 411 350 jam
434 316 558 344 homines
573 318 629 344 vult
653 318 780 353 intelligi,

3 362 52 388 icit
67 362 252 395 pertransisse
270 366 421 397 peccatum,
442 363 469 390 id
487 368 528 390 est
552 362 635 391 fuisse
657 364 780 399 quidem,

1 408 31 434 ed
52 415 103 442 per
126 408 315 443 pmnitentiam
341 409 532 437 conversionis
558 409 615 445 (54)
638 411 779 444 depulsum

1 459 56 483 sse,
71 457 100 479 et
115 453 309 487 pertransisse,
326 461 377 486 nec
393 454 464 482 ttltra
477 455 503 482 in
516 455 556 483 eis
571 456 691 483 stetisse.
704 455 781 483 Unde

2 502 113 532 pparet,
135 498 162 526 in
176 498 291 526 Litteris
309 499 384 527 Pauli
412 508 446 528 ne
463 508 544 528 unam
567 501 675 536 quidem
696 502 779 538 sylla-

3 551 46 570 am
65 551 180 570 vacuam
205 545 302 572 sentiri
330 544 431 573 debere
457 547 604 581 mysteriis.
634 546 780 576 Videamus

2 597 56 616 unc
70 590 209 624 quomodo
223 590 324 618 dictum
342 597 384 619 est
397 600 404 618 :
425 602 434 618 ι
453 591 544 626 Usque
556 593 589 620 ad
605 593 690 628 legem
705 593 779 621 enim

1 639 128 662 r-ccatum
145 635 172 663 in
187 637 238 664 hoc
256 637 371 670 nmndo;
387 643 530 672 peccatum
546 643 638 665 autem
654 647 707 666 non
726 639 778 666 im-

1 685 105 711 utatnr,
121 689 182 708 eam
196 681 237 708 lex
252 689 304 709 non
318 687 369 709 est.
388 692 398 708 ι
419 682 476 710 Iloc
499 683 524 710 in
548 684 607 711 loco
630 685 777 711 secundum

1 734 41 752 am
58 726 267 755 similitudinem
285 736 368 763 quam
393 736 475 764 supra
499 730 684 764 exposuimus,
705 731 779 758 vide-

1 781 24 799 ιι-
40 772 110 799 mihi
135 772 237 800 Paulus
259 781 306 808 per
322 774 405 801 alium
435 775 537 802 aditum
563 774 722 810 ingressus,
752 781 778 803 et

1 825 27 845 er
42 817 128 845 alium
152 825 289 853 egressus.
317 820 383 853 Quis
412 820 485 847 enim
501 828 563 847 etttu
589 826 679 856 potest
700 822 776 856 sequi

1 871 26 890 er
47 863 132 890 istum
149 864 253 891 aditum
276 871 330 899 quo
346 865 470 900 pluribus
487 866 595 893 videtur
623 867 775 901 ingressus,

1 909 52 936 ide
75 909 137 945 lege
159 909 245 946 Moysi
269 911 365 939 dicere
391 912 559 946 intelligatur
579 913 640 947 quia
659 922 668 938 ι
689 921 775 949 usque
791 907 812 936 Β

1 955 10 980 ηΙ
25 954 116 989 lcgcm
131 961 273 989 peccatum
287 957 313 984 in
329 957 380 984 hoc
394 958 496 985 tuumlo
510 967 516 985 :
531 964 673 993 peccatum
683 965 772 987 autem

1 1007 30 1026 au
45 1001 212 1035 imputatur,
227 1009 288 1030 cum
309 1002 351 1030 lex
375 1011 427 1030 non
442 1003 503 1031 est?
523 1013 532 1030 ι
548 1003 624 1039 quasi
646 1009 711 1033 ante
733 1005 772 1033 Ie-

1 1052 34 1072 :m
50 1051 195 1080 peccatum
212 1056 264 1076 non
279 1048 372 1081 luerit,
387 1054 414 1077 et
431 1057 510 1077 nemo
532 1051 697 1085 peccaverit,
722 1059 773 1079 nec

1 1096 134 1126 eputatum
156 1093 238 1121 fuerit
253 1095 299 1122 ulli
318 1101 459 1130 peccatutu
481 1096 537 1132 (55)
562 1102 708 1132 antequam
728 1099 772 1126 lex

1 1137 60 1172 oysi
84 1138 208 1171 daretur,
226 1147 287 1167 cum
314 1140 435 1175 legamus
454 1146 480 1169 et
503 1142 588 1176 Cain,
607 1149 633 1171 et
650 1143 770 1172 Lamech

1 1187 134 1216 putatum
150 1192 211 1212 esse
227 1191 377 1220 peccatum,
392 1191 420 1214 et
438 1188 483 1223 (ne
499 1196 548 1223 per
573 1189 695 1225 singulos
718 1190 771 1217 im-

1 1229 126 1265 oremur)
152 1231 178 1257 in
205 1236 308 1259 tantum
341 1240 390 1267 pro
419 1235 538 1267 peccatis
563 1235 700 1262 hominum
724 1245 771 1263 ex-

1 1275 138 1302 terbatum
154 1283 214 1303 esse
229 1277 322 1309 Deum,
339 1283 370 1305 ut
385 1279 514 1306 diluvium
527 1281 628 1308 tnttndo
645 1282 769 1309 introdu-

1 1326 57 1353 ‘ret,
81 1326 112 1349 et
135 1322 259 1350 diceret:
286 1333 295 1350 ι
314 1323 414 1352 Delebo
442 1332 550 1353 omnem
573 1334 682 1354 carnem
710 1334 770 1361 qua:

4 1375 53 1401 per
69 1373 177 1396 terrant
193 1375 237 1397 est
247 1369 287 1404 ⁶⁷;
307 1379 317 1396 ι
334 1376 362 1397 et
376 1378 485 1398 rursum
500 1372 658 1401 Sodomitas
674 1373 768 1408 igneus

1 1414 58 1441 tbcr
70 1419 101 1441 ct
116 1414 265 1449 sulphurea
281 1415 391 1443 llamma‘
403 1417 553 1445 vastaverit
566 1417 600 1445 ⁸⁸.
627 1418 769 1452 Quomodo

2 1468 34 1494 go
55 1461 84 1488 in
108 1461 164 1493 his,
180 1461 220 1488 vel
241 1462 267 1490 in
292 1463 478 1497 hujusoemodi
496 1465 552 1500 (56)
575 1467 694 1500 peccatis
715 1467 767 1495 dici

1 1512 58 1533 rtcst
76 1514 132 1534 non
153 1507 237 1536 fuisse
253 1515 404 1544 peccatum,
423 1511 465 1538 vel
479 1511 504 1538 in
524 1512 652 1539 vindictis
668 1513 768 1541 talibus

4 1554 117 1588 gabitur
147 1559 300 1588 reputatum
325 1563 386 1583 esse
409 1557 567 1591 peccatum?
600 1557 632 1585 Et.
648 1558 708 1586 ideo
721 1566 802 1604 oc-cI

4 1599 86 1627 ltiore
99 1599 177 1626 aditu
189 1600 326 1635 digressus
342 1601 419 1629 nobis
439 1602 617 1636 requirendus
632 1609 674 1631 est
687 1604 765 1632 Pauli

10 1653 41 1673 eo
62 1647 140 1681 quod
155 1646 230 1679 dicit,
253 1655 263 1672 ι
285 1647 374 1682 Usque
387 1648 420 1675 ad
435 1648 521 1684 legem
536 1649 608 1677 enim
622 1656 764 1685 peccatum

20 1693 73 1720 hoc
91 1694 219 1722 mundo:
241 1700 380 1730 peccatum
409 1700 498 1723 autent
528 1704 579 1724 non
604 1697 763 1731 imputatur,

4 1748 28 1766 tu
40 1740 85 1767 lex
101 1747 156 1767 non
171 1746 222 1768 est.
241 1751 251 1767 ι
265 1741 420 1769 Invenimus
435 1749 496 1769 eum
514 1747 542 1770 et
556 1744 581 1770 in
600 1743 655 1779 (57)
672 1749 763 1778 poste-

1 1785 90 1812 )ribus
104 1784 188 1819 hujus
206 1785 333 1820 Epistohe
347 1787 481 1815 dicentem
501 1789 552 1815 hoc
566 1790 663 1816 modo:
676 1799 685 1815 ι
699 1790 765 1818 Siue

1 1839 25 1865 ge
37 1831 116 1858 CIIIIII
136 1837 276 1866 peccatum
293 1838 428 1860 ιιιοηιιιιιιι
446 1839 526 1861 erat:
542 1842 592 1870 ego
610 1840 700 1862 autent
721 1836 762 1862 νὶ-

2 1878 64 1904 bam
79 1879 143 1905 sine
158 1877 216 1912 lege
235 1878 381 1913 aliquando
399 1879 432 1908 °'.
454 1890 462 1905 I
482 1879 509 1907 In
533 1889 586 1915 quo
605 1890 673 1910 umts
696 1883 763 1910 mihi

1 1931 47 1957 jue
62 1923 138 1950 idctu
153 1930 250 1951 sensus
265 1924 373 1952 videtur
389 1925 530 1961 utriusque
540 1927 664 1961 capituli.
685 1928 762 1961 Quod

2 1969 36 1996 im
53 1969 103 1996 hic
116 1969 212 1996 deerat
228 1969 254 1996 in
266 1977 402 2004 sermone,
417 1971 452 1997 ibi
466 1971 633 2007 adimplevit.
645 1980 654 1996 (
671 1972 763 2009 Usque

22 2014 115 2049 legem
141 2013 214 2041 enim
239 2020 379 2048 peccatum
400 2015 426 2041 in
446 2015 497 2042 hoc
523 2016 633 2049 mundo,
658 2026 667 2043 ι
687 2018 764 2045 deest

1 2066 157 2092 mortuum,
182 2068 192 2084 ι
214 2060 285 2094 quod
318 2060 354 2087 ibi
377 2060 529 2089 evidentius
556 2062 700 2097 expressit.
733 2062 762 2090 Si

1 2113 29 2140 go
46 2105 136 2132 etiam
153 2104 196 2132 hic
208 2105 356 2140 jungamus
372 2105 455 2133 istum
469 2114 634 2139 sermonem,
647 2112 674 2134 et
688 2107 763 2134 dica-

1 2160 42 2179 ts:
61 2159 71 2178 ι
96 2150 191 2186 Usque
203 2151 235 2177 ad
251 2151 338 2187 legem
351 2152 422 2179 enim
439 2157 579 2187 peccatum
596 2158 655 2180 erat
669 2154 694 2181 in
711 2155 762 2182 hoc

1 2197 67 2224 tudo
86 2206 98 2223 ›
118 2201 255 2224 mortuum
269 2205 276 2223 :
294 2206 303 2223 ι
317 2202 457 2232 peccatum
474 2203 563 2225 autetn
575 2207 628 2226 non
644 2200 762 2234 imputa-

1 2251 18 2275 τ,
35 2250 104 2270 cum
121 2242 165 2269 lex
181 2250 233 2269 non
248 2248 300 2275 est,
321 2252 331 2268 ι
346 2243 406 2270 vide
419 2243 482 2278 quia
499 2243 605 2278 integre
623 2249 696 2272 stare
713 2253 761 2280 po-
777 2255 799 2282 ι)

1 2299 18 2314 ⁵⁷
31 2299 107 2326 Gen.
122 2306 160 2329 v1,
177 2298 204 2325 7.
244 2299 265 2315 ⁸⁸
279 2299 347 2328 Gen.
366 2307 423 2333 nx,
439 2299 489 2328 24.

1 2334 106 2369 Philip.
126 2341 167 2366 ιιι,
179 2332 206 2361 5.

1 2393 56 2426 [55)
72 2393 165 2425 Alias,
182 2402 192 2418 ι
215 2395 326 2422 terreni.
346 2404 355 2420 ι

1 2430 54 2463 (54)
70 2429 161 2459 Alias,
181 2439 191 2456 ι
208 2429 436 2461 conversationis,
456 2439 465 2455 ι
485 2428 564 2456 male.

1 2430 42 2463 (54
70 2430 161 2459 Alias,
181 2439 191 2456 ι
208 2430 436 2461 conversationis,
456 2439 465 2455 ι
485 2430 564 2456 male.

1 2430 56 2501 [55;
75 2464 161 2501 [ἦιΙίιὶξ
186 2475 195 2490 ι
213 2472 263 2501 nec
288 2470 442 2499 reputatum
467 2464 515 2500 [aL
528 2485 536 2498 ,
553 2473 563 2490 ι
583 2472 634 2492 nec
664 2472 760 2499 pecca-

2 2510 18 2527 ιι
32 2499 68 2534 ι’)
90 2499 175 2527 fuerit
192 2500 228 2527 illi
247 2504 400 2534 peccatum.
417 2509 426 2525 ι

1 2534 169 2571 [56)ἈΙίιιε,
184 2545 192 2561 ι
209 2535 351 2568 Quomodo
363 2542 428 2570 ergo
442 2534 483 2563 vel
494 2535 520 2562 in
531 2535 732 2571 hujuscemodi,
747 2545 757 2562 ι

5 2590 26 2603 .,
43 2571 157 2604 absque
171 2581 180 2596 ι
196 2571 235 2597 vel
251 2571 277 2597 in
291 2571 345 2598 his.
363 2579 373 2596 ι

1 2606 54 2640 ζὲἰῖ)
76 2605 164 2638 Editi,
183 2615 192 2632 ι
210 2606 383 2633 Inveniemus
397 2613 459 2632 eum
477 2606 515 2640 in,
537 2615 546 2631 ›
561 2611 617 2633 etc.

1 2607 41 2637 [57
76 2606 164 2638 Editi,
183 2615 192 2632 ι
210 2606 383 2633 Inveniemus
397 2613 459 2632 eum
477 2606 515 2640 in,
537 2615 546 2631 ›
561 2611 617 2633 etc.

1 2606 54 2676 [58)
73 2640 125 2667 Sic
141 2646 214 2668 recte
237 2649 288 2667 ms.
305 2648 374 2667 untts
391 2640 492 2676 Regius
512 2649 587 2668 num.
610 2640 689 2668 1639.
703 2640 760 2668 Ca:-

1 2678 11 2703 ‘i
29 2683 102 2704 vero
113 2683 180 2703 mss.
195 2681 224 2704 et
237 2676 315 2710 editi,
328 2683 482 2710 perperam,
497 2685 507 2701 ι
528 2683 614 2710 usque
627 2677 659 2703 ad
672 2676 758 2710 legent

1 2712 32 2738 im
49 2711 219 2745 naturalem,
233 2719 293 2746 quae
309 2716 384 2738 certo
409 2712 497 2746 a-tatis
515 2716 648 2745 tempore,
678 2721 687 2736 ι
705 2717 759 2738 etc.

1 2747 54 2783 [59)
69 2746 120 2773 Sic
136 2745 311 2783 Otttrnesr’mss.
327 2746 424 2783 nostri.
441 2745 511 2773 Editi
527 2754 602 2777 vero,
624 2754 634 2783 ι
654 2753 702 2780 pro
725 2753 757 2772 eo

1 2783 31 2808 nd
46 2781 94 2809 est
105 2789 169 2808 cum
181 2782 347 2809 intrinsecus
359 2781 401 2808 lex
414 2788 473 2815 qua:
485 2785 568 2814 vetat,
584 2781 654 2808 ratio
664 2785 758 2809 osten-

1 2823 3 2842 ι
21 2825 78 2845 non
96 2824 160 2844 esse
173 2816 306 2844 facienda.

1 2848 111 2886 {60)}?
132 2851 177 2884 (ιιι
203 2850 261 2884 ﬁeri
287 2850 370 2885 solet)
391 2851 543 2885 indigna/us
570 2851 642 2886 virga
666 2859 759 2885 perru-

4 2889 23 2912 ι.
54 2885 102 2913 Sic
129 2891 204 2914 recte
232 2893 285 2914 ms.
314 2894 402 2922 unus;
432 2887 521 2915 caeteri
552 2885 630 2920 vero,
655 2896 664 2913 ι
694 2887 766 2915 sicut

541 2301 563 2316 "
581 2301 661 2332 Rom.
676 2310 723 2337 vu,
739 2303 767 2337 8,
783 2303 810 2331 9.

834 272 954 307 Epistola
969 271 1084 300 Paulttm
1097 271 1132 299 de
1146 270 1237 298 multis
1258 272 1368 306 quidem
1391 272 1510 307 legibus,
1528 273 1574 301 sed
1593 276 1627 302 do

833 318 949 345 naturali
964 318 1021 353 lege
1039 315 1210 352 frequentius
1233 317 1381 351 disputare,
1398 318 1470 352 quod
1491 322 1518 354 et
1532 319 1558 346 ιιι
1574 319 1626 347 hoc

833 364 892 390 loco
907 364 1042 399 pra-cipue
1058 362 1279 397 deprehenditur.
1296 362 1387 398 Usque
1400 364 1432 389 ad
1446 363 1531 398 legem
1551 365 1624 391 enim

833 409 984 436 naturalem
996 414 1138 444 peccatum
1157 413 1294 435 mortuum
1310 414 1351 436 cst
1366 409 1433 445 (58).
1456 409 1526 443 Ergo
1546 415 1625 437 certo

830 455 920 481 aetatis
938 460 1058 489 tempore
1073 454 1117 482 ubi
1146 454 1258 481 rationis
1279 461 1364 489 capax
1379 462 1439 482 esse
1455 455 1517 491 quis
1532 463 1624 491 etepe-

832 499 876 533 rit,
889 504 917 527 et
930 500 995 534 justi
1009 501 1169 536 iujustique,
1185 499 1255 533 :equi
1271 504 1298 526 et
1310 499 1395 534 iniqui
1414 500 1514 528 habere
1526 501 1624 528 discri-

832 553 904 578 ttteu,
921 549 985 572 tunc
1013 551 1166 580 peceatum,
1186 545 1258 580 quod
1283 545 1358 581 prius
1386 546 1456 573 intra
1484 546 1621 575 hominem

830 591 905 619 velut
923 597 1058 619 mortuutn
1075 592 1240 623 habebatur,
1258 591 1423 619 reviviscere
1440 592 1549 626 dicitur,
1570 600 1622 628 pro

831 645 863 663 eo
880 637 953 672 quod
970 642 1011 665 est
1024 637 1078 672 jaut
1100 637 1269 665 intrinsecus
1281 637 1325 665 lex
1341 644 1402 672 quas
1415 642 1497 670 vetet,
1509 644 1536 665 et
1550 640 1621 667 ratio

830 691 890 718 qua:
906 684 1032 712 ostendat
1045 692 1098 712 non
1112 691 1172 711 esse
1185 683 1340 712 faciendum
1355 684 1422 719 (59).
1439 683 1491 711 Sed
1504 690 1533 711 ut
1543 692 1622 719 aper-

829 731 884 757 tius
911 730 1079 766 intelligatur
1100 731 1172 765 quod
1193 730 1330 761 dicimus,
1358 729 1479 757 evidenti
1511 735 1621 757 utamur

828 777 965 811 exemplo.
981 777 1117 811 Scriptutu
1131 780 1174 803 est
1188 784 1194 802 :
1214 786 1224 803 ι
1240 774 1292 810 Qui
1318 775 1481 808 percusserit
1503 780 1618 810 patrem,

829 822 870 849 vel
885 827 1012 855 matrem,
1029 827 1117 850 tuorte
1131 822 1267 850 moriatur
1280 822 1322 855 ";
1342 829 1353 847 ›
1369 825 1396 848 et
1410 829 1416 847 :
1437 830 1446 846 ι
1463 821 1514 855 Qui
1534 821 1618 849 male-

828 868 927 895 dixerit
942 868 1022 903 patri,
1036 873 1082 896 aut
1101 869 1195 901 matri,
1211 873 1299 896 morte
1318 866 1454 895 moriatur
1468 867 1503 894 τί.
1523 877 1532 894 ι
1548 867 1619 895 Puer

826 922 890 950 ergo
905 915 1033 949 parvulus
1051 920 1169 950 quatuor
1185 915 1243 942 fere
1264 919 1311 942 aut
1337 916 1460 950 quinque
1481 921 1616 942 annorum

825 961 858 992 si,
889 965 919 987 ut
936 960 993 988 ﬁeri
1017 960 1096 993 solet,
1119 961 1273 995 indignatus
1304 961 1380 996 virga
1408 960 1545 995 percutiat
1560 960 1616 996 (60)

824 1011 929 1040 patrem
941 1011 988 1034 aut
1002 1012 1127 1040 matrem,
1143 1011 1276 1041 quantum
1303 1006 1336 1032 ad
1353 1009 1519 1040 praeceptum
1542 1013 1614 1032 man-

824 1052 879 1080 dati
896 1057 1001 1087 spectat
1017 1057 1132 1080 mortem
1149 1053 1227 1079 debet
1241 1051 1308 1087 (6|).
1328 1051 1381 1078 Sed
1394 1052 1456 1086 quia
1471 1052 1514 1079 lex
1530 1051 1555 1077 in
1572 1051 1617 1079 illo

824 1097 943 1124 nondum
956 1102 998 1124 est
1016 1097 1159 1128 naturalis,
1177 1103 1237 1131 qua:
1253 1104 1316 1123 eum
1331 1096 1429 1123 doceat
1448 1104 1501 1124 non
1515 1096 1615 1124 debere

824 1141 949 1176 iujuriam
975 1142 1067 1169 facere
1095 1141 1165 1177 patri
1188 1146 1235 1169 aut
1261 1141 1352 1174 matri,
1367 1148 1416 1169 nee
1438 1143 1490 1169 scit
1512 1142 1538 1169 itt
1562 1141 1614 1170 hoc

822 1189 925 1215 crimen
942 1189 1090 1223 itnpietatis
1104 1188 1210 1216 admitti
1225 1188 1282 1225 (62)
1301 1197 1307 1215 :
1324 1193 1365 1216 est
1380 1189 1490 1223 quidem
1506 1188 1613 1223 species

822 1234 927 1269 peccati
952 1235 1023 1269 qttod
1048 1234 1128 1268 facit;
1153 1234 1216 1269 quia
1233 1235 1352 1270 percutit
1367 1239 1471 1269 patrem
1498 1234 1538 1261 vel
1554 1242 1612 1261 ma-

823 1286 903 1313 trem,
922 1285 968 1307 aut
992 1279 1129 1307 maledicit
1150 1279 1223 1315 (65);
1248 1281 1294 1308 sed
1313 1285 1449 1308 mortuum
1477 1284 1519 1308 est
1539 1280 1564 1307 in
1578 1288 1612 1308 eo

821 1330 973 1360 peccatum,
988 1326 1052 1361 quia
1066 1334 1115 1362 per
1128 1327 1280 1353 absentiam
1298 1326 1431 1354 naturalis
1445 1326 1525 1361 legis,
1549 1334 1611 1361 qua:

821 1371 847 1398 in
864 1379 896 1400 eo
911 1373 1029 1400 nondum
1049 1377 1104 1405 est,
1119 1377 1260 1407 peccatum
1276 1373 1302 1399 ei
1325 1380 1378 1400 non
1394 1377 1484 1407 potest
1498 1379 1610 1408 reputa-

821 1418 853 1445 ri.
871 1417 994 1446 Nondum
1015 1424 1056 1446 est
1076 1419 1149 1446 enim
1170 1419 1241 1446 intra
1262 1427 1326 1446 eum
1353 1420 1424 1447 ratio
1445 1423 1534 1450 tanta,
1549 1427 1610 1454 qum

819 1472 881 1492 eum
906 1465 1002 1492 doceat
1020 1466 1071 1493 hoc
1088 1466 1160 1500 quod
1179 1465 1255 1498 facit,
1277 1465 1336 1492 lieri
1360 1473 1412 1492 ttou
1437 1465 1559 1493 debere:
1582 1471 1610 1492 ct

820 1509 880 1536 ideo
893 1510 976 1537 etiam
991 1518 1004 1537 a
1023 1510 1182 1544 parentibus
1205 1518 1259 1537 non
1282 1510 1369 1537 solum
1397 1518 1450 1537 non
1467 1515 1610 1545 reputatur

818 1557 854 1583 ad
871 1556 989 1591 culpam,
1003 1557 1052 1584 sed
1071 1557 1105 1584 ad
1121 1556 1236 1592 gratiam
1251 1556 1506 1592 jucunditatemque
1520 1557 1610 1584 susci-

819 1602 901 1636 pitur.
920 1602 952 1629 Et
971 1603 1022 1630 hoc
1037 1603 1117 1630 modo
1131 1607 1343 1636 consequenter,
1359 1607 1390 1630 ut
1410 1610 1461 1638 ego
1475 1603 1609 1637 arbitror,

820 1647 931 1681 intelligi
956 1652 1045 1681 potest
1066 1648 1139 1682 quod
1159 1648 1306 1682 Apostolus
1323 1648 1412 1675 dicit:
1432 1657 1441 1674 ι
1462 1647 1553 1683 Usque
1574 1648 1610 1675 ad

819 1693 904 1728 lcgetn
921 1694 993 1720 enim
1021 1699 1160 1728 peccatum
1182 1693 1208 1720 ιιι
1231 1694 1283 1721 hoc
1305 1694 1416 1726 mundo.
1438 1703 1447 1720 ι
1464 1699 1492 1722 ιιι
1506 1695 1609 1722 subau-

819 1739 920 1771 tliatttr,
943 1744 1090 1766 ntortuuttt.
1111 1748 1120 1765 ι
1138 1739 1282 1766 Peccatum
1296 1744 1386 1766 autent
1407 1747 1460 1766 non
1491 1740 1610 1775 imputa-

820 1789 873 1817 tur,
893 1792 955 1812 cutn
980 1786 1023 1812 lex
1040 1793 1094 1812 tton
1115 1790 1167 1812 est.
1186 1794 1195 1811 ι
1208 1784 1340 1812 Convenit
1361 1784 1433 1811 enim
1458 1786 1608 1813 secundum

819 1829 888 1857 hanc
916 1830 1116 1865 expositionem
1137 1831 1219 1856 etiattt
1242 1830 1306 1857 illud
1328 1830 1441 1863 intelligi
1467 1830 1609 1867 (διηυοά

818 1876 883 1903 dicit
903 1876 1049 1910 Apostolus
1066 1885 1073 1902 τ
1097 1886 1106 1902 ι
1123 1876 1179 1911 Ego
1198 1880 1289 1903 autetn
1313 1876 1438 1903 vivebam
1463 1877 1522 1905 sine
1548 1878 1608 1912 lege

817 1922 963 1957 aliquando
979 1923 1012 1950 ".
1032 1933 1042 1949 ι
1071 1922 1139 1949 Nam
1169 1922 1306 1957 quomodo
1334 1922 1433 1949 Paulus
1460 1923 1520 1950 sitte
1546 1923 1609 1958 lege

817 1967 902 2001 Moysi
916 1967 1052 1994 invenitur
1072 1966 1218 2001 aliquando
1237 1967 1350 2000 vixisse,
1371 1975 1433 1995 cum
1453 1968 1511 2003 ipse
1528 1969 1562 1996 de
1577 1976 1608 1996 se

817 2013 890 2040 dicat
904 2013 926 2028 ⁷³
943 2013 1007 2048 quia
1035 2012 1165 2040 Ilebrteus
1189 2020 1223 2040 ex
1246 2012 1368 2041 Hebraeis
1392 2014 1438 2046 sit,
1465 2018 1493 2041 et
1507 2018 1607 2042 octava

816 2059 861 2087 die
886 2058 1067 2086 circumcisus
1093 2058 1186 2086 statim
1199 2066 1213 2084 a
1228 2057 1371 2085 nativitate
1388 2059 1415 2086 in
1432 2059 1516 2095 Moysi
1538 2060 1607 2095 legis

815 2106 987 2133 observantia
1014 2105 1111 2132 fuerit?
1146 2103 1200 2132 Sed
1229 2109 1336 2131 constat
1358 2112 1419 2132 ettm
1447 2105 1606 2140 aliquando,

816 2153 868 2180 hoc
882 2157 923 2179 est
942 2153 967 2179 in
983 2151 1079 2187 puerili
1103 2155 1191 2184 mtate,
1221 2155 1366 2184 antequam
1389 2151 1504 2179 rationis
1519 2159 1606 2186 capax

817 2199 904 2230 lieret,
918 2198 976 2225 sine
991 2197 1108 2224 naturali
1121 2197 1179 2231 lege
1192 2197 1303 2224 vixisse.
1317 2196 1441 2224 Nondum
1454 2198 1526 2225 enim
1539 2199 1563 2225 ei
1578 2199 1605 2225 ιιι

816 2244 857 2270 illa
868 2248 947 2270 aetate
960 2245 1049 2271 inerat
1059 2243 1127 2277 justi
1142 2242 1292 2277 injustique
1310 2242 1459 2275 distinctio,
1475 2250 1526 2271 ttec
1535 2245 1603 2272 recti

846 2303 869 2319 "°
881 2303 965 2330 Exod.
987 2310 1045 2335 xxt,
1059 2301 1102 2329 l5.
1155 2301 1177 2317 '“
1192 2301 1257 2329 ihid.
1280 2300 1324 2328 I7.
1378 2301 1401 2317 "'
1412 2300 1491 2329 Rom.
1508 2308 1557 2332 Vtt.
1575 2302 1603 2330 9.

812 2392 871 2434 lieri
887 2394 958 2434 solet
972 2391 1126 2426 iudiguattts
1142 2391 1217 2427 virga
1229 2395 1374 2428 percutiat.
1394 2404 1405 2421 ι
1422 2395 1495 2424 Editi
1522 2397 1606 2427 omit-

813 2433 872 2455 tuttt
886 2437 895 2453 ι
915 2435 1000 2462 Virga.
1021 2436 1030 2452 ι

847 2463 903 2498 (61)
918 2463 955 2489 Ita
972 2469 1068 2490 omnes
1092 2469 1156 2490 mss.
1181 2466 1278 2494 nostri.
1305 2464 1376 2493 Editi
1401 2473 1484 2499 vero,
1502 2475 1513 2493 ι
1531 2467 1603 2496 mori

812 2499 905 2569 (102$)
921 2507 959 2570 Ita
975 2537 1050 2560 recte
1063 2540 1198 2570 ms._tmus
1212 2534 1313 2570 Regius
1337 2543 1414 2563 num.
1429 2537 1509 2564 I639.
1524 2538 1603 2565 Alter

811 2576 876 2595 vero
889 2569 989 2603 ltegius
1005 2576 1081 2594 mttu.
1097 2568 1162 2595 IGM
1180 2568 1273 2601 habet,
1291 2581 1300 2596 I
1319 2579 1372 2598 non
1386 2577 1428 2599 est
1440 2573 1467 2599 in
1482 2573 1534 2600 hoc
1545 2575 1604 2600 ιιι-ιε

813 2612 873 2630 tuett
890 2604 1040 2642 impietatis
1052 2604 1181 2642 :Aelllltlel
1195 2605 1259 2639 quia
1275 2610 1302 2632 et
1321 2608 1482 2641 estquidem
1497 2608 1603 2642 species

811 2638 953 2676 pecc_ati,_i
974 2643 1027 2676 etc.
1055 2637 1153 2676 Catteri
1170 2637 1234 2676 vero
1259 2648 1325 2668 mss.
1351 2637 1390 2668 et'
1404 2642 1469 2669 editi
1489 2637 1601 2676 habent,

814 2684 823 2698 ι
843 2673 883 2714 vel
897 2673 965 2700 sciat
979 2673 1005 2714 ιιι
1021 2674 1073 2699 hoc
1092 2674 1194 2714 crimen
1210 2675 1359 2710 impietatis
1375 2677 1482 2705 admitti
1500 2682 1548 2705 :et
1559 2673 1602 2706 esi

811 2712 920 2744 quidem
933 2712 1038 2742 spectes
1048 2712 1163 2744 peCeati,
1181 2718 1191 2734 ι
1210 2715 1262 2737 ete.

847 2744 903 2777 (65)
920 2744 965 2770 Sic
980 2751 1030 2770 ms.
1048 2750 1116 2770 unus
1126 2743 1225 2778 Regius
1239 2753 1314 2772 num.
1329 2747 1409 2774 I6“.
1423 2747 1519 2775 Caeteri
1535 2756 1600 2776 vero

811 2786 879 2819 mss.
903 2783 930 2805 et
954 2779 1030 2810 editi,
1050 2787 1059 2804 ι
1080 2784 1193 2806 matrem
1216 2781 1289 2808 enim
1309 2784 1437 2817 percutit,
1455 2783 1496 2809 Vel
1513 2784 1601 2814 male-

810 2815 1055 2886 ὡς(1δί)’1ιιιςηὶ9ῐ.
1076 2850 1156 2879 Deest
1176 2851 1202 2878 in
1223 2850 1313 2879 editis.
