1833 3049
450 133 628 163 COMMENI'.
651 135 684 164 ΙΝ
704 135 814 165 ΕΡΙδΤ.
835 139 882 167 AD
899 139 984 169 ROM.
1002 139 1065 169 Llll.
1085 139 1118 167 ι’.

1531 141 1602 168 Ν)ὶί

4 188 96 216 tulistis
110 189 192 217 vobis
209 190 239 217 ".
261 200 269 216 ι
288 190 365 218 Alius
377 198 442 219 vero
463 193 508 227 qui
535 193 637 222 formes
653 194 720 222 ista:
732 200 759 223 et
773 197 797 225 Δ
810 206 905 227 omnes
919 208 926 226 :
942 203 971 226 ut
985 199 1056 227 sicut
1079 206 1153 226 mors
1166 206 1216 234 per
1231 206 1315 227 unum
1331 204 1496 234 regnaverat
1509 199 1536 227 in
1553 200 1602 227 dc-

4 234 85 261 bram
100 233 173 269 legis
184 236 218 262 ad
232 235 351 263 luturutn
365 236 495 264 smeulum
511 239 653 273 transfert,
666 245 693 267 et
709 241 760 268 mi—

4 280 142 307 teriorunt
156 281 308 308 caelestium
322 282 372 309 has
390 289 451 310 esse
462 284 537 311 ducit
548 285 605 321 (94)
624 286 758 321 imagines

9 326 56 353 illa
89 326 200 354 caelesti
222 326 372 356 Jerusalem
396 330 583 364 complendas,
602 332 636 358 de
651 333 715 360 cibo
731 337 758 360 et

4 381 17 398 ιι
33 372 189 400 conabitur
207 374 349 408 assignare
371 377 520 403 secundum
536 385 569 404 ea
587 386 648 412 quae
664 379 757 406 Domi—

4 435 6 441 ,
21 417 94 445 dicit
109 418 133 434 "
147 427 154 446 ε
176 427 186 444 ι
205 419 295 447 Donec
313 420 403 447 bibant
419 420 484 448 illud
500 430 599 450 novum
618 424 756 452 vobiscum

4 470 86 497 regno
101 463 195 491 Patris
211 465 275 491 mei.
292 474 302 491 ι
319 465 371 492 Sed
383 469 411 492 et
425 466 496 493 diem
510 467 608 494 festum
623 469 696 496 dicet
712 478 757 497 se-

4 510 77 536 tdum
107 510 252 545 propheta:
266 511 389 540 dictum:
417 522 427 539 ι
446 513 515 547 Quid
532 513 640 542 facietis
666 516 692 543 in
714 517 758 544 die

4 556 157 588 :utnitatis,
172 561 201 584 et
217 557 242 584 in
259 557 302 585 die
324 557 395 586 festo
422 559 528 586 Domini
543 560 584 587 "7
601 570 610 587 ι
639 561 758 590 Nectite-

4 610 15 627 s
35 609 121 634 vero,
141 602 169 629 id
184 607 227 630 est
238 611 325 631 novos
344 612 461 638 menses,
479 606 504 633 in
518 606 573 634 illis
585 608 694 635 aternis
709 607 760 635 ιιηέ

18 648 151 682 requiret
173 649 208 676 de
230 649 328 682 quibus
346 651 413 678 dicit
426 651 580 687 Propheta:
596 662 606 679 ι
624 653 758 682 Memora-

11 702 74 721 sum
106 703 197 723 annos
217 701 344 730 :eteruos,
363 702 390 725 et
405 697 551 727 meditatus
569 707 628 727 sum
641 701 682 734 ";
699 710 708 727 ι
730 706 758 729 et

3 748 57 767 ἰιιη
85 740 118 768 in
135 743 245 770 cantico
272 743 499 774 Deuteronomii:
527 754 538 772 ι
566 745 757 775 Recordantinl

3 795 11 811 ς
37 792 167 814 aeternos
183 788 224 821 '°;
242 798 251 814 ι
270 794 294 816 et
311 789 345 817 de
361 789 482 818 Sabbato
495 791 596 819 dicitur
613 801 620 819 :
638 802 647 818 ι
666 792 758 820 lteliu-

3 837 48 858 tur
63 840 137 868 ergo
152 833 337 862 sabbatismus
351 837 451 870 popttlo
461 836 508 864 Dei
523 838 553 866 ⁸⁷.
573 847 584 864 ι
597 838 628 865 Et
640 843 756 872 astruct,

3 887 17 905 ει
35 879 117 906 sicut
131 879 191 907 haec
203 880 310 915 singula
327 881 441 909 fortnam
452 881 534 910 futuri
549 883 639 911 seculi
653 889 756 918 tenent,

4 929 104 959 potest
122 925 207 952 etiam
223 926 309 953 Adatn
332 928 365 955 de
394 935 448 962 quo
475 929 588 962 dicitur,
605 938 614 955 ι
640 930 691 963 Qui
716 935 758 958 est

3 979 43 998 ma
59 971 152 998 futuri
168 971 208 1004 η,
230 981 239 998 ι
260 973 380 1000 conferri
397 974 431 1001 ad
458 974 542 1002 futuri
559 977 652 1003 saeculi
671 977 758 1004 ratio-

3 1024 15 1043 rt
30 1023 78 1044 :et
95 1022 246 1051 propterea
259 1026 319 1046 etim
330 1022 622 1054 przentissutuessetde
634 1022 676 1050 his
690 1032 699 1048 ι
711 1023 757 1058 qui

3 1069 147 1091 caverunt
159 1065 184 1091 iu
194 1065 400 1093 similitudinem
419 1069 650 1102 prmvaricationis
663 1069 756 1103 Adae,»

3 1109 80 1136 iitum
97 1114 141 1137 est
157 1118 164 1137 :
184 1120 195 1136 ι
219 1110 268 1144 Qui
289 1116 331 1139 est
345 1112 434 1140 forma
452 1113 546 1141 futuri.
567 1123 577 1140 ι

3 1164 13 1183 ι,
31 1167 41 1182 ι
63 1156 124 1184 Sed
139 1165 194 1184 non
206 1157 276 1184 sicut
284 1158 421 1192 delictum,
433 1159 470 1187 ita
479 1165 505 1187 et
519 1161 630 1188 donum.
645 1161 674 1188 Si
685 1161 756 1188 enim

3 1211 34 1230 us
51 1203 163 1230 delicto
179 1204 256 1231 multi
280 1205 381 1233 mortui
400 1211 475 1239 sunt,
491 1207 576 1234 multo
591 1208 678 1242 longis
692 1215 756 1242 gra-

6 1249 55 1275 Dci
73 1253 105 1276 et
116 1248 220 1276 donum
239 1249 264 1276 in
276 1251 364 1283 gratia
377 1251 458 1278 unius
471 1251 589 1279 hominis
601 1251 665 1279 Jesu
679 1252 758 1279 Citri-

3 1303 25 1321 ill
40 1295 144 1329 plures
161 1294 317 1322 abundavit.
332 1296 364 1323 Et
375 1304 430 1324 non
448 1297 520 1324 sicut
532 1305 580 1332 per
595 1306 677 1324 unum
691 1306 756 1333 pec-

3 1348 42 1366 ttn
60 1339 136 1374 (95),
156 1340 193 1366 ita
210 1345 237 1367 et
246 1341 357 1369 donum.
372 1341 439 1369 Nam
451 1342 583 1377 judicium
599 1343 710 1377 quidem
723 1351 756 1371 ex

3 1399 5 1409 ι
22 1387 51 1413 in
71 1387 336 1415 condemnationem
352 1398 359 1416 :
377 1390 466 1424 gratia
494 1396 584 1418 autent
602 1399 635 1417 ex
664 1391 756 1418 multis

5 1434 63 1460 ctis
79 1433 110 1460 in
124 1433 352 1468 justificationetn
371 1435 404 1462 υ.
422 1445 431 1462 ι
448 1435 516 1463 Cum
531 1437 556 1463 itt
570 1439 756 1471 superioribus

2 1482 72 1508 Isset
92 1479 243 1514 Apostolus
259 1480 292 1507 de
308 1481 415 1508 Adam:
436 1491 445 1507 ι
467 1483 517 1515 Qui
543 1488 585 1510 est
609 1483 697 1510 forma
715 1483 757 1511 fu-

2 1535 26 1560 ι,
47 1536 58 1552 ι
82 1526 186 1554 videns
203 1527 304 1562 requiri
330 1535 410 1562 posse
433 1528 513 1563 (96),
542 1529 603 1563 quia
629 1529 651 1556 si
669 1530 753 1557 Adam
769 1540 790 1568 ε

3 1581 38 1598 ua
74 1571 184 1599 Christi
205 1577 257 1606 est,
286 1580 352 1607 ergo
369 1577 396 1600 et
411 1573 437 1599 itt
450 1581 483 1600 eo
501 1581 555 1608 quo
569 1574 693 1608 peccavit
708 1582 757 1602 ne-

2 1627 29 1645 ~e
44 1625 91 1646 est
111 1623 141 1645 ut
155 1615 268 1646 fortnam
284 1619 386 1646 Christi
405 1620 542 1654 habuerit,
559 1625 586 1648 et
612 1621 639 1648 in
655 1629 688 1649 eo
703 1629 757 1656 quo

2 1665 80 1692 navit
99 1673 176 1692 mors
192 1665 225 1691 ab
238 1665 323 1692 Adam
338 1673 423 1699 usque
439 1666 472 1693 ad
484 1666 596 1701 Moysen
612 1675 620 1694 :
638 1668 690 1695 hoc
709 1676 758 1694 au-

2 1722 4 1736 ι
22 1711 59 1738 de
84 1710 202 1737 Christo
223 1710 326 1738 sentire
338 1711 482 1738 videbatur
495 1711 654 1745 absurdum,
667 1713 756 1740 conti-

2 1769 6 1782 ι
23 1756 176 1791 subjungit
194 1765 203 1783 :
219 1765 228 1781 ι
247 1757 301 1784 Sed
316 1765 369 1784 non
385 1758 456 1785 sicut
468 1758 609 1790 delictum,
621 1759 657 1786 ita
670 1763 698 1786 et
709 1759 757 1786 do-

2 1813 39 1832 n:
65 1813 76 1830 ι
93 1808 123 1830 et
149 1803 244 1838 ittcipit
257 1810 290 1830 ex
315 1803 366 1830 hoc
390 1811 517 1832 sermone
543 1804 626 1832 veluti
654 1809 756 1832 semet’

2 1858 49 1876 unt
66 1848 223 1883 explanare
245 1849 382 1883 quomodo
396 1849 510 1876 formam
526 1850 629 1877 Christi
657 1850 758 1878 dixerit

2 1903 11 1921 ε
25 1895 135 1921 Adam.
152 1903 161 1919 ι
180 1894 208 1921 Si
218 1896 301 1928 enim,
318 1906 327 1922 ι
343 1896 441 1931 inquit,
457 1905 466 1921 ι
480 1896 561 1923 uttitts
571 1896 670 1923 delicto
680 1898 755 1925 multi

2 1942 55 1968 rlul
75 1946 157 1973 sunt,
176 1949 186 1966 ι
216 1941 241 1968 in
267 1941 354 1969 Adam
384 1942 520 1974 videlicet,
542 1951 551 1968 ι
569 1943 654 1970 multo
673 1944 758 1978 magis

2 1989 42 2015 tia
67 1988 118 2014 Dei
138 1992 166 2014 et
180 1987 280 2014 donum
299 1988 325 2015 itt
344 1989 430 2024 gratia
455 1990 534 2016 unius
559 1990 676 2016 hominis
691 1989 756 2017 Jesu

5 2035 56 2062 isti
70 2035 100 2061 in
116 2033 210 2068 plures
222 2034 389 2062 abundavit:
404 2044 413 2060 ι
433 2035 523 2066 idest,
541 2035 563 2062 si
583 2036 608 2062 in
627 2043 681 2062 uno
695 2044 758 2070 pcc—

2 2089 30 2108 te
47 2081 148 2108 locum
177 2087 251 2107 tnors
270 2080 412 2108 inveniens
440 2081 466 2108 in
494 2081 586 2115 plures
602 2082 688 2115 potuit
703 2081 757 2109 dif-

2 2129 26 2154 ιΙί
49 2126 125 2161 (97),
146 2125 230 2152 tnulto
245 2127 332 2161 magis
349 2127 438 2161 gratia
457 2127 515 2160 Dei,
531 2134 593 2161 quae
610 2128 635 2154 itt
648 2127 758 2155 Christo

2 2174 102 2201 iosius
118 2177 148 2199 et
163 2171 243 2199 latius
256 2172 406 2199 abundavit
422 2179 502 2206 quatit
517 2179 592 2199 tnors
605 2172 632 2198 in
645 2173 731 2200 Adam
743 2193 752 2206 ,

810 245 892 277 lictis,
921 246 957 273 ita
974 252 1001 273 ct
1027 253 1075 281 per
1090 245 1170 273 unius
1197 246 1380 273 obedientiam
1397 246 1452 273 vita
1474 251 1604 282 regnaret

811 298 858 324 per
873 291 1020 326 jttstitiatu.
1033 291 1118 327 Igitur
1133 300 1185 319 non
1203 292 1263 319 sine
1277 291 1410 326 profunda
1419 296 1478 319 arte
1491 291 1600 319 dicendi

810 338 955 372 Apostolus
972 338 1086 366 fortnam
1113 338 1215 366 Christi
1241 346 1303 366 esse
1319 338 1405 366 Adam
1424 338 1524 373 posuit,
1540 346 1602 373 qur.

808 384 844 411 sit
861 392 908 418 per
920 392 1006 418 genus
1029 384 1142 418 similis,
1158 392 1206 418 per
1225 384 1347 419 speciem
1370 384 1521 412 contraria.
1549 383 1602 411 Per

811 433 897 460 genus
912 435 1029 462 namque
1043 428 1138 456 similis
1152 434 1194 456 est
1205 429 1291 457 forma
1307 431 1333 458 itt
1347 440 1379 459 co
1392 434 1464 468 quod
1480 434 1551 461 sicut
1565 435 1600 462 ab

811 477 866 496 uno
878 470 961 497 Adam
978 472 1004 498 in
1023 472 1115 506 plures
1135 473 1259 500 homines
1279 474 1451 509 dillunditur,
1469 477 1506 505 ita
1523 483 1549 506 et
1564 479 1599 506 ab

811 522 865 541 tttto
877 515 985 543 Christo
997 517 1022 543 in
1041 518 1131 552 plures
1144 518 1266 546 homines
1279 520 1453 549 diffundatur.
1470 523 1521 550 Per
1535 532 1598 559 spe-

810 559 878 586 ciem
893 567 955 586 vero
977 562 1126 592 contraria.
1141 563 1212 596 qttod
1225 571 1257 590 ex
1278 564 1362 591 Adam
1378 567 1598 600 przevaricatione

810 608 896 638 ccepta
907 624 915 636 ,
932 613 941 629 ι
965 610 1120 639 peccatores
1141 607 1280 634 constituti
1300 613 1364 636 sttnt
1386 610 1479 642 multi;
1496 621 1505 636 ι
1518 611 1598 639 (Ἆπιν

809 646 843 672 sti
859 654 924 673 vero
941 656 950 672 ι
968 647 1122 674 obedientia
1135 649 1201 683 justi
1221 650 1422 678 constituentur
1443 652 1519 679 ntulti
1535 654 1568 680 ’°.
1586 662 1597 680 ι

810 689 877 723 Quia
892 699 957 726 ergo
970 696 1104 726 quatenus
1118 693 1203 720 forma
1216 693 1316 721 Christi
1337 694 1418 722 fuerit
1429 695 1524 727 Adam,
1541 697 1600 725 sive

810 734 837 761 itt
852 734 994 767 similibus,
1009 735 1066 763 sive
1085 736 1111 763 in
1128 737 1284 770 contrariis,
1301 738 1450 766 secundum
1467 740 1599 768 rationem

809 777 909 812 eloquii
923 778 1008 812 ipsius
1023 780 1195 813 explanatum
1217 785 1268 813 est,
1289 788 1362 808 nunc
1376 781 1457 809 etiatu
1479 783 1542 816 quid
1558 783 1601 810 in-

810 821 918 848 terioris
932 830 1029 850 sensus
1040 823 1186 858 Apostolus
1199 824 1300 852 indicet
1316 825 1342 851 in
1359 825 1401 852 Itis
1414 826 1482 861 (99),
1499 827 1540 853 rcl
1554 835 1601 862 po-

774 868 793 894 Ιι
810 866 863 893 titts
889 872 1028 902 contegat,
1049 868 1197 895 videamus.
1221 868 1254 895 Et
1276 870 1399 904 quamvis
1415 870 1598 904 periculosum

808 909 932 937 videatur
946 918 977 937 ea
994 919 1054 946 qua:
1076 912 1209 939 occultius
1228 912 1255 938 itt
1277 912 1399 948 Apostoli
1423 914 1532 949 scriptis
1549 923 1600 950 po-

808 953 860 981 sita
875 959 940 982 sunt
955 956 1118 990 patefacere,
1132 961 1233 990 tamen,
1252 965 1304 992 qua
1324 965 1356 984 ex
1373 963 1449 993 parte
1471 959 1601 994 possibile

807 1003 859 1031 est,
881 999 979 1027 indicia
995 1000 1118 1034 quaedam
1140 1008 1173 1028 ex
1194 1001 1237 1028 his
1260 1001 1357 1028 divinae
1378 1001 1506 1029 bonitatis
1523 1002 1600 1029 colli-

807 1050 870 1077 gere
889 1051 944 1069 non
962 1048 1028 1077 puto
1041 1043 1187 1070 absurdunt
1208 1043 1303 1071 rideri.
1321 1044 1463 1079 Proposuit
1480 1044 1598 1079 Aposto-

807 1086 848 1113 lus
862 1087 1007 1114 ostendere
1020 1087 1084 1121 quid
1098 1087 1217 1114 humano
1228 1087 1319 1122 generi
1331 1087 1451 1115 intulerit
1468 1098 1476 1114 ι
1495 1088 1600 1123 primus

807 1129 903 1162 Adam,
922 1139 931 1154 ι
946 1129 991 1164 qui
1007 1139 1015 1155 ι
1036 1129 1123 1157 factus
1143 1135 1184 1157 est
1207 1130 1232 1157 ιιι
1248 1130 1365 1157 animam
1380 1131 1486 1164 vivant;
1506 1142 1515 1156 ι
1531 1132 1598 1166 quid

806 1171 888 1198 etiam
905 1181 914 1197 ι
934 1171 1071 1198 secuttdus
1092 1170 1192 1204 Adam,
1213 1181 1222 1196 ι
1236 1172 1281 1206 qui
1297 1177 1338 1199 est
1355 1183 1363 1198 ι
1379 1173 1405 1199 ἰιι
1420 1173 1544 1207 spiritum
1557 1172 1598 1200 vi-

807 1214 962 1242 viﬁcantem
976 1216 1009 1242 ".
1025 1225 1034 1240 ι
1051 1215 1089 1242 Ex
1105 1215 1185 1246 illius,
1199 1215 1295 1250 inquit,
1308 1216 1528 1251 praevaricatione
1540 1224 1599 1250 pec-

808 1264 896 1286 catum
912 1260 1054 1294 apparuit,
1069 1264 1096 1286 et
1111 1267 1159 1293 per
1176 1265 1315 1294 peccatum
1332 1268 1405 1287 mors
1420 1260 1540 1295 ingressa
1557 1264 1600 1287 est

808 1301 835 1330 i'n
852 1311 947 1331 omnes
963 1304 1088 1330 homines
1102 1304 1124 1319 ²²
1138 1313 1143 1330 ;
1156 1304 1219 1333 imo.
1235 1309 1264 1330 ut
1274 1311 1412 1330 servemus
1424 1304 1499 1330 Pauli
1515 1304 1599 1330 Litte-

807 1345 845 1372 ris
866 1344 1080 1372 moderationem
1111 1351 1189 1372 suam
1202 1351 1283 1380 quam
1299 1345 1326 1372 in
1342 1346 1468 1380 praesenti
1487 1346 1601 1375 locolo-

807 1390 876 1422 nuit,
895 1390 922 1417 in
946 1390 1047 1418 multos
1068 1391 1192 1418 homines
1221 1399 1295 1419 tnors
1323 1393 1483 1426 pertransiit
1497 1393 1532 1420 ’³.
1547 1393 1601 1421 Per

806 1436 987 1464 obedientiam
1007 1444 1070 1464 rero
1085 1436 1187 1464 Christi
1205 1436 1380 1472 justilicatio,
1398 1444 1426 1466 et
1442 1439 1600 1473 perjustill‘

807 1481 942 1509 cntionem
965 1482 1021 1508 vita
1044 1481 1129 1509 tnulto
1143 1482 1230 1517 magis
1246 1483 1272 1508 itt
1289 1482 1379 1516 plures
1396 1483 1544 1511 abundavit
1564 1485 1599 1512 “.

808 1526 840 1554 Et
849 1518 996 1554 ostendere
1013 1527 1069 1554 vult
1083 1527 1154 1562 qttod
1178 1527 1263 1555 tnulto
1281 1528 1317 1555 sit
1331 1527 1428 1556 fortior
1442 1529 1495 1556 vita
1518 1538 1600 1565 quam

810 1581 893 1607 mors,
908 1578 935 1601 et
947 1573 1051 1608 justitia
1069 1582 1152 1609 quam
1169 1579 1311 1608 peccatqu
1328 1584 1336 1602 τ
1352 1581 1380 1602 ct
1405 1584 1452 1611 per
1464 1576 1515 1604 hoc
1539 1578 1601 1605 edo-

807 1626 871 1646 cere
882 1620 944 1654 quia
962 1619 984 1647 si
1008 1620 1044 1646 ita
1069 1625 1209 1654 peccatum
1229 1625 1256 1648 et
1286 1629 1359 1648 tttors
1375 1621 1414 1657 (Ι)
1432 1630 1545 1657 regnare
1570 1624 1599 1650 itt

808 1665 932 1693 omnibus
945 1666 1042 1700 potuit,
1063 1666 1199 1700 accipiens
1214 1673 1246 1692 ex
1269 1665 1348 1693 unius
1363 1667 1483 1694 hominis
1505 1668 1601 1696 inube-

808 1711 912 1737 dientia
930 1711 1162 1745 initiutn,quanto
1178 1712 1314 1746 potentius
1329 1716 1355 1739 ct
1372 1713 1482 1747 dignius
1499 1721 1548 1747 per
1559 1714 1602 1749 ju-

808 1757 909 1784 stitiam
925 1757 979 1784 vita
999 1758 1141 1792 regnabit,
1167 1757 1274 1784 iuitiunt
1296 1758 1437 1792 accipiens
1453 1767 1500 1794 per
1515 1761 1598 1787 unius

808 1803 888 1838 553
904 1803 1086 1831 obedientiam
1102 1803 1141 1838 (2)
1155 1803 1275 1835 Christi;
1290 1803 1401 1837 Christi,
1416 1804 1540 1838 inquam,
1551 1806 1599 1840 qtti

808 1850 841 1876 ad
858 1849 908 1877 hoc
925 1857 994 1884 opus
1014 1857 1066 1876 ttott
1083 1849 1248 1877 conditionis
1270 1851 1433 1878 necessitate
1444 1871 1452 1884 ,
1477 1852 1525 1878 sed
1541 1851 1599 1879 sola

809 1895 985 1922 miseratione
1001 1899 1139 1929 permotus
1165 1896 1293 1924 accessit.
1316 1905 1327 1922 ι
1347 1895 1374 1923 lu
1393 1897 1479 1924 fornta
1496 1906 1506 1923 ι
1526 1898 1599 1924 enint

812 1952 820 1967 ι
839 1942 884 1969 Dei
903 1951 913 1968 ›
931 1945 1007 1975 erat,
1021 1947 1047 1968 et
1063 1942 1157 1969 videns
1172 1941 1252 1969 unius
1274 1943 1393 1970 hominis
1406 1943 1507 1971 delicto
1524 1951 1597 1971 mor-

811 1993 861 2014 tem
881 1995 996 2022 reguare
1011 1995 1059 2022 per
1077 1987 1191 2023 populos
1203 2008 1211 2021 ,
1236 1993 1370 2017 creatura:
1394 1997 1450 2017 sum
1465 1997 1517 2017 non
1530 1990 1600 2018 obli-

809 2032 941 2066 viscitur,
972 2041 981 2058 ι
1000 2040 1051 2060 nec
1077 2033 1200 2067 rapinam
1228 2033 1302 2060 ducit
1327 2041 1386 2061 esse
1413 2042 1443 2062 se
1466 2035 1598 2070 aequalem

811 2077 864 2104 Dco
878 2077 900 2094 "
916 2086 923 2105 :
944 2087 954 2103 ι
968 2078 1020 2105 hoc
1034 2082 1075 2106 est
1086 2098 1094 2110 ,
1120 2086 1173 2106 non
1190 2079 1242 2106 sibi
1260 2079 1349 2114 magni
1364 2079 1466 2115 aliquid
1488 2081 1600 2115 deputat

809 2124 880 2158 quod
895 2125 953 2158 ipse
974 2124 1084 2158 quidem
1099 2125 1212 2159 aequalis
1228 2125 1282 2152 Deo
1297 2130 1324 2152 ct
1346 2133 1430 2154 unum
1442 2134 1504 2154 cunt
1519 2126 1600 2154 Patre

809 2174 861 2201 cst,
879 2177 947 2204 opus
971 2177 1037 2197 vero
1049 2178 1127 2197 suum
1151 2171 1308 2206 depascitur
1325 2179 1398 2200 tuors
1416 2172 1495 2200 unius
1509 2173 1598 2200 homi-

5 2221 91 2246 lures
115 2216 336 2251 dillttnditur;et
353 2218 379 2244 iu
404 2221 507 2244 tantum
523 2225 576 2244 non
601 2223 644 2246 est
659 2220 753 2246 eadem
770 2209 793 2238 Ι)
808 2216 850 2242 nis
877 2215 998 2249 ingressa
1025 2215 1137 2245 delicto.
1172 2226 1181 2242 I
1206 2216 1363 2245 Exinanivit
1387 2227 1397 2244 ›
1422 2219 1504 2253 igitur
1528 2227 1538 2244 ι
1555 2226 1600 2246 se-

2 2267 80 2294 ditio
100 2264 221 2297 delicti,.
232 2272 293 2298 quia
307 2269 335 2292 et
348 2264 423 2297 doni,
438 2268 468 2291 ut
485 2272 545 2291 cunt
556 2264 690 2300 judicium
706 2266 755 2292 ha-

2 2321 41 2339 un
59 2312 100 2339 sit
127 2310 162 2338 de
186 2309 271 2336 Adam
285 2331 292 2343 ,
312 2318 344 2338 ex
372 2318 426 2337 uno
441 2309 498 2344 ipso
512 2310 568 2346 (98)
583 2310 756 2345 deliuqucnte

2 2355 159 2384 detnnatio
170 2354 198 2382 itt
209 2362 303 2382 omnes
317 2355 442 2382 homines
459 2355 583 2387 venerit;
601 2356 756 2383 econtrario

2 2412 16 2429 [ι
36 2409 94 2437 per
108 2400 252 2428 Christtun
266 2407 298 2427 ex
315 2400 409 2427 ntultis
424 2400 542 2431 delictis,
560 2401 658 2434 quibus
674 2408 757 2428 omne

2 2457 39 2475 us
57 2446 208 2475 hominum
235 2447 397 2480 tenebatur,
417 2445 578 2480 justifieatio
594 2446 658 2473 data
678 2446 713 2474 sit
728 2446 755 2473 in

2 2518 90 2545 ‘lsai.
111 2524 137 2547 ι..
153 2515 196 2543 Η.
237 2515 258 2531 ¹³
273 2514 368 2542 Matth.
383 2514 514 2545 xxVI,‘29.
553 2515 574 2530 ⁸⁸
582 2514 650 2542 Osee
665 2523 703 2547 Ix,
714 2515 741 2542 5.

5 2562 70 2580 um.
83 2560 114 2584 ν,
134 2551 176 2578 ιι.
211 2551 232 2566 ¹⁹
245 2550 310 2578 ibid.
324 2549 420 2582 15,16.
443 2549 465 2565 ’⁸
483 2550 549 2577 ibid.
580 2550 622 2577 l9.

2 2589 103 2623 'ltilip.
122 2595 160 2620 ιι,
186 2587 214 2614 6.
265 2587 288 2602 ¹⁶
303 2586 369 2613 ibid.
385 2585 412 2612 7.

2 2647 45 2681 Μ)
65 2645 158 2681 Alias,
174 2654 183 2669 ι
201 2644 277 2672 dicit.
293 2653 302 2669 ι

2 2678 46 2717 l5)
73 2680 143 2708 Mss.
159 2680 260 2713 plures,
282 2689 291 2705 ι
312 2679 345 2706 Ει
372 2686 425 2706 non
443 2678 513 2706 sicut
529 2685 576 2713 per
592 2686 673 2705 ututm
688 2686 753 2713 pec-

2 2726 79 2748 tetn,
103 2725 112 2741 ι
128 2720 184 2742 etc.

2 2754 48 2785 ιιι)
63 2750 151 2783 Editi,
170 2759 179 2776 ι
194 2749 256 2784 quia
273 2749 373 2784 requiri
388 2754 496 2785 posset.
510 2758 520 2775 ι

2 2784 48 2820 Π)
68 2786 156 2817 Editi,
174 2794 182 2810 ι
197 2785 354 2816 abundabit,
369 2785 394 2811 id
405 2790 460 2815 est,
475 2784 498 2811 si
512 2791 567 2820 uno
586 2788 725 2820 peccante.
740 2795 749 2810 ι

2 2824 71 2852 mle,
94 2830 104 2845 σ
121 2828 183 2855 qua:
197 2820 223 2846 in
237 2820 347 2846 Christo
376 2824 418 2846 est
432 2839 439 2850 ,
466 2819 604 2855 copiosius
619 2824 647 2845 et
673 2819 751 2845 huius

2 2857 120 2891 ttdabit,
131 2853 217 2892 quam
226 2863 301 2886 mors
315 2855 401 2884 Adam
413 2855 440 2883 in
455 2855 545 2888 plures
558 2853 750 2883 tllﬂtllttltllut‘.)

671 2551 693 2566 ¹¹
711 2550 798 2580 ICor.

806 2260 892 2294 ipsum
915 2270 925 2287 ι
952 2261 985 2288 de
1009 2261 1163 2296 aequalitate
1185 2267 1212 2289 et
1236 2263 1323 2290 forma
1340 2263 1398 2296 Dei,
1422 2269 1449 2291 et
1467 2273 1476 2289 ι
1494 2263 1565 2292 servi
1586 2273 1595 2290 ι

805 2306 925 2339 suscepit
941 2314 951 2331 ι
968 2305 1081 2333 formant
1097 2306 1120 2322 ¹⁶
1133 2326 1141 2338 ,
1158 2315 1168 2332 ›
1195 2311 1223 2334 ct
1239 2306 1269 2333 fit
1285 2308 1374 2341 honto,
1393 2309 1427 2335 ad
1443 2316 1522 2342 quem
1539 2313 1599 2335 ten-

806 2354 917 2380 tandutn
934 2354 1046 2381 auderet
1067 2353 1177 2388 quidem
1193 2354 1288 2380 venire
1302 2353 1346 2381 ille
1360 2356 1406 2389 qui
1421 2356 1551 2390 regnabat
1566 2355 1593 2382 in

805 2400 944 2432 otunibus,
970 2400 1017 2426 sed
1040 2400 1142 2426 intrare
1164 2406 1217 2426 non
1241 2404 1342 2434 posset.
1373 2398 1487 2427 Mortem
1503 2404 1595 2427 tamen

805 2447 885 2474 istum
903 2453 1074 2474 communem
1088 2446 1218 2481 suscepit,
1237 2453 1299 2473 cunt
1314 2445 1387 2472 illam
1404 2446 1520 2480 peccati,
1538 2454 1599 2480 qua:

781 2516 802 2531 "
815 2515 885 2543 Psal.
899 2523 990 2545 Lxxvt.
1008 2514 1035 2542 6.
1075 2514 1096 2530 ’⁸
1115 2514 1191 2541 Deut.
1213 2521 1301 2546 χχιιι,
1313 2514 1341 2541 7.
1380 2514 1402 2530 ¹⁷
1418 2513 1501 2542 ΙΙι-Ιιι.
1517 2523 1553 2549 ιν,
1569 2517 1596 2543 9,

817 2559 861 2583 κν.
875 2552 920 2578 45.
968 2552 990 2567 ²¹
1001 2549 1079 2577 Rom.
1096 2558 1122 2582 ν,
1137 2550 1180 2576 l2.
1231 2550 1254 2565 "
1269 2550 1338 2577 ibid.
1367 2551 1413 2582 ιδ,
1435 2549 1458 2565 ³⁸
1471 2550 1537 2577 ibid.
1554 2552 1597 2580 l9.

851 2644 896 2677 98)
911 2644 996 2677 Alias,
1011 2653 1021 2668 ε
1037 2649 1064 2670 et
1082 2651 1114 2669 ex
1132 2650 1186 2670 uno
1197 2643 1265 2676 ipso.
1285 2650 1295 2667 ι

851 2644 884 2670 98
911 2644 996 2677 Alias,
1011 2653 1021 2668 ι
1037 2649 1064 2670 et
1082 2651 1114 2669 ex
1132 2644 1265 2676 uuoipso.
1285 2650 1295 2667 ι

840 2644 898 2715 $99;
911 2679 982 2715 Editi
997 2683 1023 2705 et
1034 2686 1101 2706 mss.
1115 2679 1236 2712 quidam,
1256 2686 1266 2703 ι
1279 2675 1440 2715 _qua:__[al.,_r
1450 2677 1509 2715 qui,
1522 2686 1532 2703 ι
1546 2677 1598 2710 aL.

806 2723 817 2740 ι
835 2711 920 2750 quid]
937 2714 1052 2750 interior
1061 2711 1159 2750 sensus
1173 2712 1295 2747 Apostoli
1305 2711 1406 2739 indicet
1419 2711 1446 2739 ιιι
1461 2713 1530 2745 his,»
1541 2720 1596 2741 etc.

853 2749 878 2782 l)
894 2749 981 2782 Alias,
998 2758 1006 2774 t
1021 2749 1042 2776 si
1063 2749 1100 2775 ita
1115 2755 1165 2782 per
1176 2752 1316 2782 peccatum
1333 2753 1418 2780 tuors,
1439 2756 1449 2773 ι
1469 2752 1524 2775 etc.

840 2749 863 2785 (l
894 2749 981 2782 Alias,
998 2758 1006 2774 t
1021 2749 1042 2776 si
1063 2749 1100 2775 ita
1115 2755 1165 2782 per
1176 2752 1316 2782 peccatum
1333 2753 1418 2780 tuors,
1439 2756 1449 2773 ι
1469 2752 1524 2775 etc.

840 2749 878 2820 (si
898 2784 969 2812 Editi
983 2804 990 2816 ,
1010 2793 1019 2810 ι
1037 2783 1156 2820 Christi;
1174 2783 1319 2820 Christus,
1338 2782 1469 2820 inquam,
1481 2782 1523 2820 ad
1545 2782 1598 2811 hoc

803 2816 881 2856 opus,
895 2819 1035 2848 tethlss.
1054 2819 1165 2854 quidam
1179 2817 1263 2846 semel
1278 2818 1378 2846 habent
1398 2825 1408 2843 ι
1423 2816 1537 2846 (Πιι-ἱειι.
1549 2826 1558 2838 ι
