1833 3049
0 65 62 94 1029

473 68 653 98 COMMENT.
672 69 707 97 IN
726 69 835 100 El‘iST.
854 71 899 99 AD
916 72 1000 103 ROM.
1017 73 1080 102 LIB.
1098 75 1130 104 ν.

1559 86 1626 116 1050

0 134 46 158 ur.
67 133 134 153 cum
151 126 219 154 dicit
235 136 241 154 :
258 135 266 152 ι
281 127 372 154 Gratia
398 127 476 155 vobis
497 133 524 155 et
549 137 599 164 pax
625 130 786 165 multiplicc-
803 133 823 159 Α
840 137 999 165 peccatores
1013 134 1155 162 constituti
1171 140 1233 163 sunt
1262 138 1352 171 multi,
1374 140 1410 167 ita
1427 146 1456 168 et
1473 149 1522 177 per
1545 146 1625 171 unius

0 181 32 200 ιιι-
48 172 82 211 f‘.
99 182 111 198 ι
128 172 327 208 Multiplicatur
339 179 406 209 ergo
423 175 509 208 gratia
527 181 555 201 et
565 175 685 203 abundat
697 196 704 209 ,
719 177 741 204 si
757 181 784 204 et

0 226 80 245 ermo
99 223 199 245 noster
210 226 319 254 semper
336 219 362 246 in
377 220 466 254 gratia
481 221 538 248 sale
553 222 588 248 sit
602 222 740 254 conditus,
757 227 784 250 et

0 271 55 298 lpus
69 269 200 292 nostrum
213 272 275 292 cum
287 266 375 301 gratia
387 266 550 294 humilitatis
560 273 588 295 et
601 268 784 303 simplicitatis

0 315 42 342 at,
55 314 83 337 et
100 310 198 337 omnia
212 318 272 345 qua:
289 311 395 346 agimus
417 312 450 339 ad
464 311 577 347 gloriam
598 313 644 341 Dei
659 322 782 350 agamus.

0 357 123 384 timiliter
136 357 221 384 etiam
237 357 270 384 de
287 357 360 384 dono
377 358 491 393 justitite
517 359 704 394 accipiendum
729 367 781 389 est.

0 402 56 430 lihil
71 404 151 430 enim
165 403 224 431 sine
235 403 340 438 justitia
359 412 440 440 agere
460 406 539 433 debet
557 408 602 442 qui
615 408 782 442 justiticalur

12 449 131 477 Christo
144 470 152 483 ,
171 451 318 478 secundum
343 459 405 478 eum
432 453 478 487 qui
501 454 568 480 dicit
586 463 592 482 :
613 454 711 482 «Beati
734 455 780 490 qui

0 497 148 523 ustodinnt
164 497 293 531 iudicium
305 518 312 530 ,
340 503 368 525 et
389 498 492 526 faciunt
517 500 649 533 justitiam
666 501 691 528 in
707 501 780 529 omni

0 548 109 575 rmpore
124 542 168 574 ⁶⁷;
183 551 191 567 ι
207 548 234 569 et
254 543 403 570 secundum
419 545 490 578 quod
508 544 646 580 Sapientia
661 555 782 581 pronun-

2 592 28 613 at
46 587 160 620 dicens,
188 588 251 621 quia
267 597 276 614 ‹
292 593 319 615 et
335 589 357 615 si
381 589 518 623 perfectus
533 591 570 617 sit
583 593 645 626 quis
670 593 695 619 in
719 593 780 621 [iliis

0 633 143 665 ominum,
163 633 251 661 si-non
267 634 338 661 adsit
349 635 492 669 cijustitia
508 645 522 662 a
541 636 609 668 Deo,
623 638 649 663 in
666 638 779 666 nihilum

0 679 164 714 :putahitur
174 679 217 711 ⁶⁸;
236 689 245 706 ι
265 685 292 707 et
307 681 357 708 hoc
371 682 452 709 modo
476 683 521 717 qui
538 683 682 710 habuerint
693 684 779 711 abun-

0 726 107 752 autiam
123 726 221 760 gratia:
233 731 260 753 et
270 727 368 754 douutn
380 727 505 763 justitim,
519 730 545 756 iu
559 730 611 759 vita
629 731 779 767 reguahunt

0 777 24 796 ει·
40 778 133 796 ιιιιιιιιι
151 770 243 798 Jesunt
256 771 397 799 Christum
409 773 444 800 ⁸³.

9 817 37 844 4.
66 826 76 842 ι
91 817 192 852 Itaque
215 819 288 846 sicut
311 827 359 854 per
380 821 461 847 unius
477 821 605 850 delictum
631 823 657 850 in
683 831 778 852 omnes

0 862 106 890 )mines
125 862 153 889 in
167 863 434 897 condemnationem,
450 866 486 893 ita
498 872 524 893 et
541 875 589 902 per
603 868 682 896 unius
696 869 777 903 justi-

0 915 40 934 ant
58 908 89 935 in
112 915 212 936 omnes
227 909 351 938 homines
366 910 391 937 in
403 910 626 946 justiiicationcm
643 914 703 941 vita:
717 915 750 941 ⁷⁸.
763 924 773 941 ι

0 961 31 979 im
47 958 76 980 et
92 953 227 988 superius
240 954 359 982 dixintus
385 957 458 991 quod
481 964 529 992 per
555 958 684 986 delictum
711 959 776 987 Adae

0 999 46 1027 :lut
65 999 168 1027 aditus
184 1001 295 1035 quidam
313 1001 394 1030 dattts
406 1007 458 1036 est,
472 1011 526 1038 qtto
545 1004 571 1031 in
583 1012 677 1033 omnes
689 1006 776 1033 homi-

0 1053 20 1072 ξε
36 1046 83 1073 vel
98 1052 258 1081 peccatum,
272 1047 313 1074 vel
327 1056 401 1076 mors
413 1050 519 1083 peccati
533 1071 542 1083 ,
556 1051 597 1078 vel
612 1053 775 1080 condemna-

0 1099 8 1118 ι
33 1092 214 1126 perveniret.
248 1093 408 1122 Econtrario
426 1103 490 1130 ergo
515 1097 640 1126 Christus
671 1099 773 1127 aditum

0 1138 190 1165 stiticatiouis
216 1139 336 1173 aperuit,
354 1148 401 1174 per
417 1149 496 1176 quem
510 1143 562 1170 vita
585 1144 775 1179 ingrederetur

0 1186 2 1209 ι
22 1184 174 1217 homines,
207 1190 234 1212 et
258 1185 319 1214 idco
336 1187 444 1215 dicebat
460 1188 494 1216 de
510 1191 676 1225 setnetipso:
693 1200 702 1216 ι
719 1191 774 1227 Ego

3 1238 28 1256 tu
48 1230 172 1257 ostium.
189 1230 242 1258 Per
256 1239 300 1260 me
310 1233 331 1259 si
348 1233 408 1267 quis
422 1234 563 1269 ingressus
576 1236 668 1269 fuerit,
686 1237 773 1264 salva-

0 1281 46 1303 tur
60 1276 100 1302 ".
119 1285 129 1302 ι
151 1275 204 1303 Sed
217 1278 250 1304 de
265 1278 307 1305 his
321 1278 377 1312 jant
402 1279 429 1306 in
451 1281 637 1314 superioribus
653 1285 719 1310 satis
733 1289 774 1311 est

0 1327 89 1349 ctum.
117 1321 188 1348 Illud
206 1327 294 1350 latucn
320 1325 518 1352 observandum
543 1332 596 1359 est,
622 1329 693 1363 quod
719 1337 771 1357 non

0 1369 40 1395 xit
58 1377 66 1395 :
91 1378 103 1394 ‹
120 1368 204 1396 Sicut
225 1369 251 1396 iu
269 1378 363 1397 omnes
386 1371 508 1399 homines
526 1373 552 1398 in
568 1374 772 1402 condemnatio-

3 1422 30 1440 ιιι
47 1422 59 1439 ›
80 1413 199 1444 mortis.
224 1415 270 1442 sed
297 1416 494 1449 tantummodo,
529 1427 538 1442 ι
553 1418 577 1445 in
605 1419 770 1447 condemna-

0 1468 88 1492 rnem,
109 1469 119 1486 ι
152 1467 206 1494 quo
221 1461 326 1489 scilicet
355 1462 381 1488 in
416 1463 543 1491 omnibus
565 1465 663 1499 probet
689 1467 772 1495 multo

0 1507 167 1534 utulantins
186 1507 286 1534 doutun
300 1515 361 1535 esse
378 1517 458 1543 quam
472 1510 612 1538 delictum.
633 1512 772 1545 Quomodo

0 1561 44 1586 te,
64 1553 112 1580 vel
125 1560 190 1587 quae
202 1553 393 1581 condemnatio
408 1555 433 1582 in
446 1563 540 1582 omnes
553 1556 676 1585 homines
692 1566 772 1586 vene-

15 1598 180 1625 videndum
193 1603 244 1625 est.
264 1598 296 1625 Et
311 1599 434 1627 sulIiccre
448 1600 561 1628 forsitan
577 1608 664 1637 potest
675 1611 772 1632 secun-

0 1654 27 1671 ιιι
45 1643 213 1679 simplicem
230 1645 439 1678 expositionem,
455 1652 481 1673 ut
503 1647 625 1675 dicamus
641 1650 769 1677 condetu-

0 1691 117 1717 tionetn
146 1696 209 1716 esse
230 1689 320 1717 delicti
349 1698 520 1719 communem
546 1693 616 1721 hanc
645 1700 770 1728 mortem,

0 1744 23 1763 ιε
41 1735 187 1763 omnibus
199 1735 283 1767 venit,
299 1740 325 1762 et
341 1737 440 1767 veniet.
458 1739 540 1765 etiam
551 1739 572 1765 si
582 1738 647 1774 justi
663 1740 771 1767 videan-

0 1791 17 1810 -_
34 1781 126 1816 Quod
147 1781 170 1808 si
187 1780 258 1809 forte
271 1782 370 1817 aliquis
390 1783 503 1817 objiriat
517 1785 549 1811 de
564 1785 655 1813 Enorh
669 1792 696 1813 ct
712 1787 769 1813 Elia

0 1829 4 1855 i
36 1826 181 1854 translati
207 1831 272 1854 sunt
297 1834 331 1854 tte
359 1828 483 1855 viderent
513 1834 627 1858 mortem
647 1831 692 1859 7':
718 1832 769 1860 hoc

0 1874 46 1901 rdo
68 1873 135 1900 haec
150 1880 232 1900 causa
247 1873 368 1901 solvatur
385 1874 452 1910 (29),
473 1876 544 1910 quod
568 1884 620 1903 non
641 1879 770 1905 continuo

0 1929 28 1947 sa
61 1920 219 1946 videantur
244 1927 275 1946 ea
296 1928 357 1955 qua:
371 1923 404 1948 de
427 1923 554 1949 omnibus
579 1924 715 1956 dicuntur.
746 1925 767 1952 si

2 1973 56 2000 lua
77 1964 255 1999 dispensatio
267 1964 315 1992 Dei
329 1966 355 1992 iu
373 1974 427 1993 uno
443 1967 483 1994 vel
496 1968 600 1996 duobtts
616 1969 769 1998 hontiuibus

1 2018 31 2039 ta
52 2016 116 2039 εει.
149 2009 203 2038 Sed
225 2015 253 2037 et
277 2012 343 2039 illud
357 2013 418 2047 quis
435 2019 633 2048 competenter,
651 2019 681 2042 ut
695 2017 768 2043 arbi-

0 2068 27 2092 r,
50 2058 188 2094 proferet
204 2059 230 2085 in
251 2059 321 2090 loco,
336 2060 399 2093 quia
419 2067 480 2086 cum
493 2060 653 2095 deliquisset
669 2063 767 2094 Adam,

0 2105 107 2140 iptnm
122 2107 168 2130 est
183 2104 206 2119 ⁷³
218 2105 290 2139 quod
304 2105 384 2139 ejccit
407 2113 469 2132 eunt
493 2105 623 2134 Dominus
649 2107 719 2134 Deus
736 2110 768 2135 de

837 180 1021 208 obedientiam
1041 181 1107 215 justi
1125 184 1325 213 constituentur
1349 188 1426 215 multi
1448 189 1506 217 ⁷⁸,ι
1534 190 1626 218 Potest

838 226 948 260 quidem
968 227 1025 253 fieri
1039 232 1069 254 ut.
1089 229 1236 257 secundum
1254 238 1285 258 ea
1305 239 1364 266 qua:
1390 233 1416 260 in
1439 236 1625 270 superioribus

837 272 1053 306 observavimus.
1066 273 1183 308 Paulus,
1209 276 1303 304 volens
1324 280 1454 313 mysteria
1477 284 1622 309 secretiora

834 323 993 353 contegere,
1007 326 1075 353 quos
1086 320 1149 347 alibi
1166 330 1174 347 ι
1191 328 1289 350 omnes
1301 332 1310 349 ι
1333 324 1458 358 dixerat,
1472 326 1535 354 alibi
1555 329 1621 355 mul-

835 368 877 389 tos
894 369 994 398 ponat,
1011 372 1044 392 ne
1058 365 1130 393 forte
1150 367 1172 394 si
1195 367 1310 395 dixisset
1339 379 1348 394 ι
1360 377 1407 403 per
1424 372 1503 399 tutius
1527 373 1619 400 inube-

834 408 964 436 dieutiam
981 415 1142 444 peccatores
1153 421 1162 437 ι
1183 412 1269 440 factos
1285 423 1347 442 esse
1364 423 1470 450 omnes,
1489 423 1516 445 et
1531 427 1620 447 neres.

833 454 908 481 sario
923 455 1122 490 subjunxisset,
1142 467 1151 484 ι
1169 459 1204 486 ita
1226 466 1253 487 et
1271 468 1318 495 per
1342 462 1423 490 unius
1440 463 1619 492 obedientiam

830 498 895 532 justi
909 502 1115 528 constituentur
1127 512 1135 528 ι
1150 511 1255 537 omnes,
1266 506 1406 533 videretur
1421 515 1453 534 ex
1467 508 1619 543 hujusmodi

831 545 1024 579 promissionis
1049 549 1199 576 secttritate
1224 550 1360 578 resolvere
1390 553 1496 580 animos
1525 562 1619 582 eorum

832 591 929 625 quibus
941 593 1050 626 expedit
1065 601 1126 620 esse
1143 594 1193 621 sub
1206 600 1290 622 metu.
1305 596 1337 623 Et
1349 596 1409 625 ideo
1422 606 1471 625 nos
1484 599 1570 627 ﬁdelis
1591 605 1618 627 ot

832 638 973 671 prudentis
1005 638 1031 665 in
1052 640 1135 666 verbo
1163 639 1210 667 Dei
1248 641 1446 676 dispensatoris
1476 646 1618 673 consilium

830 689 982 717 servantes,
997 691 1048 719 pro
1063 692 1095 712 eo
1116 686 1202 721 magis
1227 687 1388 716 satisfacere
1402 689 1530 717 debemus
1549 699 1619 726 quo-

831 730 912 757 tuodo
936 738 983 765 per
1006 733 1086 760 unius
1116 733 1332 762 iuobedieutiam
1361 744 1414 763 non
1443 745 1548 770 omnes,
1571 739 1618 766 scd

831 777 906 804 multi
934 783 997 805 sunt
1016 784 1174 813 peccatores
1196 781 1270 809 facti.
1298 782 1365 810 Nam
1391 791 1440 818 per
1460 785 1539 812 ttnius
1554 786 1618 812 ohc-

829 823 958 851 dicutiam
977 826 1114 859 quomodo
1134 834 1187 853 non
1215 835 1322 861 omnes,
1346 829 1393 856 sed
1410 829 1487 856 tnttlti
1514 831 1618 858 consti-

829 872 952 901 tuantur,
976 869 1162 898 dt'lIicultatent
1201 880 1255 899 non
1283 873 1394 900 habebit
1420 874 1615 909 intelligentiae,

827 914 976 941 secundum
992 915 1057 942 illud
1069 917 1141 948 quod
1157 917 1288 946 Dominus
1300 919 1366 946 dicit
1381 920 1405 945 in
1423 919 1569 954 Evangelia
1581 921 1615 949 7':

830 968 839 985 ι
860 959 933 986 Multi
951 961 1023 988 enim
1040 963 1150 988 venient
1175 963 1209 990 ab
1223 963 1334 991 Oriente
1358 969 1385 992 et
1407 963 1563 998 Occidente,
1589 971 1618 993 ct

827 1006 1058 1034 recumbentcum
1073 1007 1229 1041 Abraham,
1250 1014 1276 1036 et
1303 1009 1387 1041 Isaac,
1417 1015 1446 1037 et
1477 1010 1561 1039 Jacob
1588 1012 1614 1039 in

826 1057 911 1085 regno
926 1052 984 1084 Dei,
1000 1061 1009 1078 ι
1031 1057 1056 1080 et
1073 1060 1127 1080 non
1141 1054 1222 1086 dixit,
1236 1056 1338 1083 Omnes
1351 1056 1472 1084 venient.
1488 1056 1615 1084 Peccatu-

825 1103 871 1124 res
884 1102 973 1124 atttem
988 1098 1124 1132 quomodo
1141 1098 1219 1125 tnulti
1236 1103 1262 1125 et
1276 1107 1328 1126 nott
1349 1107 1444 1126 omnes
1459 1101 1613 1133 videantur,

825 1151 887 1171 cum
905 1143 976 1169 idem
988 1143 1138 1177 Apostolus
1153 1144 1224 1170 dicat
1246 1145 1317 1178 quod
1344 1153 1353 1170 ι
1368 1153 1463 1172 omnes
1484 1152 1614 1179 peccaro-

825 1192 899 1220 runt,
912 1197 921 1214 ι
942 1188 1071 1215 debemus
1092 1189 1248 1215 ostendere.
1277 1189 1357 1216 Aliud
1374 1194 1415 1216 est
1444 1197 1558 1223 peccare
1574 1190 1611 1221 ",

825 1234 896 1261 aliud
929 1238 1098 1268 peccatorem
1124 1241 1195 1262 esse.
1235 1234 1366 1262 Peccator
1389 1236 1490 1263 dicitur
1513 1236 1535 1263 is
1564 1237 1611 1271 qui

825 1279 906 1307 multa
929 1279 1112 1314 delinqucttdo
1127 1301 1134 1313 ,
1152 1280 1178 1307 in
1197 1281 1442 1315 Consuetudinem,
1460 1285 1498 1314 et,
1523 1286 1552 1309 ut.
1573 1282 1610 1309 ita

824 1326 934 1357 dicam,
967 1326 993 1352 in
1028 1326 1149 1352 studium
1172 1326 1302 1360 peccandi
1330 1326 1386 1361 jatn
1415 1328 1508 1360 venit;
1538 1329 1612 1354 sicut

823 1370 978 1398 econtrario
995 1371 1086 1406 justus
1109 1379 1161 1398 non
1180 1371 1281 1398 dicitur
1302 1372 1324 1398 is
1342 1372 1388 1407 qui
1405 1372 1489 1399 semel
1504 1377 1551 1398 aut
1569 1372 1610 1398 bis

824 1417 925 1452 aliquid
955 1417 1070 1451 iustitia:
1100 1417 1220 1451 fecerit,
1264 1418 1311 1445 scd
1343 1419 1387 1445 ille
1417 1419 1462 1453 qui
1500 1426 1610 1452 semper

822 1464 895 1499 juste
920 1464 1032 1499 agendo,
1055 1463 1081 1490 in
1108 1471 1158 1490 usu
1188 1468 1215 1491 et
1248 1464 1447 1491 consuetudine
1474 1464 1609 1498 justitiam

826 1508 907 1544 557
924 1509 1013 1536 habet.
1035 1507 1101 1534 Nam
1119 1508 1141 1535 si
1155 1508 1217 1542 quis
1233 1509 1260 1535 iu
1277 1509 1385 1536 caeteris
1405 1508 1461 1536 fere
1478 1510 1605 1537 omnibus

824 1551 948 1589 iujustus'
956 1553 1001 1585 sit,
1017 1554 1101 1582 semel
1111 1561 1201 1582 autem
1217 1555 1258 1583 vel
1270 1556 1312 1583 his
1326 1555 1427 1590 aliquid
1436 1556 1503 1590 justi
1519 1559 1610 1591 operis

822 1600 919 1635 egerit,
935 1600 986 1627 iste
1011 1601 1121 1635 quidem
1144 1600 1171 1627 iu
1190 1608 1224 1628 eo
1241 1608 1324 1635 opere
1347 1601 1373 1628 in
1399 1609 1454 1636 quo
1475 1602 1608 1637 justitiam

824 1645 999 1680 temtit,juste
1013 1646 1102 1680 egisse
1110 1646 1228 1678 dicetur,
1245 1654 1297 1673 non
1311 1652 1401 1674 tamen
1414 1655 1446 1674 ex
1459 1647 1509 1675 hoc
1518 1647 1610 1682 justus

822 1690 1013 1725 appellabitur.
1033 1691 1071 1718 Ita
1091 1697 1118 1718 et
1139 1691 1230 1725 justus
1256 1699 1381 1726 peccasse
1407 1693 1518 1727 quidem
1537 1695 1610 1721 dicc-

823 1741 868 1764 tur
881 1736 937 1772 (50)
954 1737 977 1764 si
994 1737 1095 1771 aliquid
1109 1737 1278 1765 commiserit
1307 1738 1452 1772 aliquando
1468 1739 1539 1772 quod
1553 1747 1606 1766 tton

822 1783 895 1814 licet,
914 1791 967 1811 non
983 1788 1075 1811 tamen
1090 1790 1122 1810 ex
1149 1783 1199 1810 ltoc
1214 1787 1341 1817 peccator
1361 1783 1548 1818 appellabitur,
1562 1785 1607 1818 qui

821 1829 950 1866 peccandi
968 1837 1046 1857 usum
1070 1834 1098 1857 et
1112 1829 1336 1856 consuetudinem
1357 1837 1409 1856 non
1427 1833 1499 1856 tenet
1514 1837 1522 1856 :
1538 1830 1608 1857 sicut

820 1880 848 1902 et
865 1874 988 1902 medicus
1005 1874 1050 1901 ille
1070 1881 1122 1901 non
1138 1873 1241 1901 dicitur
1265 1873 1312 1908 qui
1340 1879 1387 1900 aut
1405 1873 1501 1901 leviter
1522 1879 1608 1909 ruptae

821 1920 918 1954 capitis
933 1920 987 1947 cuti
1001 1921 1052 1947 scit
1070 1920 1209 1954 imponere
1225 1926 1365 1951 araneam,
1388 1925 1435 1947 aut
1449 1920 1496 1954 qui
1515 1925 1606 1947 tumo-

821 1974 877 1993 rcm
894 1965 1015 1993 vulneris
1042 1973 1112 2000 aqua
1137 1966 1224 1993 calida
1255 1964 1362 1996 foVerit,
1388 1965 1512 2000 quamvis
1524 1967 1606 1994 etiam

820 2012 872 2039 hoc
888 2011 1030 2039 medicinae
1043 2019 1104 2039 esse
1122 2012 1249 2039 videatur
1265 2020 1272 2038 :
1289 2013 1335 2039 sed
1351 2011 1396 2039 ille
1412 2012 1511 2039 dicitur
1524 2013 1608 2040 medi-

819 2065 868 2085 cus
888 2057 933 2092 qui
953 2065 1043 2090 usum,
1068 2065 1101 2085 ac
1120 2057 1258 2090 studium,
1281 2063 1308 2084 et
1334 2057 1506 2092 disciplinam
1523 2058 1607 2085 habet

819 2104 954 2132 medendi.
967 2104 1004 2131 Ex
1015 2104 1115 2139 quibus
1127 2105 1254 2132 omnibus
1269 2109 1333 2139 puto
1344 2103 1508 2131 suﬂicicnter
1516 2109 1608 2131 osten-

1 2153 115 2184 :ttliso,
137 2154 166 2177 et
182 2151 324 2178 constituit
349 2158 411 2178 eum
441 2152 466 2178 in
492 2155 564 2179 terra
597 2153 648 2180 hac
671 2160 765 2180 contra
784 2149 805 2176 D
820 2151 845 2177 «Ii
864 2150 935 2185 quod
962 2151 1035 2177 aliud
1060 2150 1095 2177 sit
1113 2157 1237 2185 peccare.
1256 2150 1329 2177 aliud
1346 2154 1515 2184 peccatore!“
1533 2157 1605 2176 csse-

0 2198 134 2224 ‘adisum
149 2195 327 2230 deliciarum;
341 2202 368 2224 et
381 2197 438 2225 haec
455 2198 506 2225 fuit
519 2198 608 2226 delicti
627 2199 687 2234 ejus
698 2207 765 2227 con-

0 2242 125 2274 unatio,
146 2249 206 2276 qua:
225 2242 252 2269 in
269 2250 364 2270 omnes
379 2243 505 2271 homines
521 2245 579 2272 sine
595 2246 678 2273 dubio
702 2253 766 2281 per-

5 2291 45 2317 it.
63 2288 178 2316 Omnes
193 2289 265 2314 cultn
291 2289 316 2315 itt
337 2289 396 2316 loco
420 2289 470 2316 hoc
486 2291 682 2319 humiliationis
696 2297 723 2319 et
739 2292 764 2319 in

5 2334 99 2361 valle
117 2332 200 2360 ﬂetus
220 2333 309 2361 eﬂ‘ecti
337 2339 422 2367 sunt;
440 2335 497 2362 sive
520 2335 592 2369 quod
618 2335 644 2362 in
668 2336 767 2364 lumbis

0 2389 17 2407 c
35 2380 166 2406 fuerunt
180 2385 275 2405 omnes
301 2379 347 2414 qui
367 2387 398 2406 ex
421 2387 453 2406 eo
477 2385 636 2412 ttascuntur,
655 2385 682 2407 et
703 2389 764 2408 cum

0 2438 7 2453 ι
27 2424 156 2460 pariter
168 2423 246 2456 ejecti
260 2429 324 2452 sunt
336 2433 342 2451 :
353 2425 411 2452 sive
425 2425 478 2452 alio
492 2426 613 2460 quolibet
625 2427 768 2454 inenarra-

15 2470 119 2500 πτοάο
129 2474 159 2497 et
173 2469 222 2496 soli
240 2470 294 2497 Deo
310 2471 418 2506 cognito
434 2472 619 2507 unusquisque
633 2473 666 2499 de
685 2480 767 2507 para-

0 2530 7 2545 ι
26 2524 140 2546 trusus
157 2517 273 2548 videtur.
291 2523 319 2545 et
336 2519 478 2553 excepisse
499 2519 764 2547 condemnationem.

3 2586 11 2592 .
40 2574 52 2591 ι
73 2563 160 2592 Sicut
174 2563 245 2590 enini
259 2571 308 2599 per
322 2563 533 2592 inobedientiam
548 2564 627 2597 unius
643 2564 764 2592 hominis

0 2645 6 2658 ι
22 2643 34 2669 1
59 2640 146 2667 Petr.
159 2647 180 2671 ι,
191 2639 220 2667 2.
257 2640 279 2656 ⁸⁷
295 2640 365 2667 Psal.
382 2648 426 2672 cv,
441 2640 469 2667 5.

0 2678 69 2709 Ξ4;
88 2673 125 2710 ιγ
146 2673 213 2710 Reg.
234 2682 264 2707 tt,
280 2675 322 2703 Η.
359 2676 382 2692 ⁷³
400 2673 636 2710 Gen.tn,23,"24.

0 2713 70 2745 ,ι,
91 2709 121 2737 5.

0 2773 56 2807 :9)
79 2769 172 2809 ﬁlias,
193 2778 202 2795 ι
221 2769 247 2796 id
268 2769 436 2809 qttod‘modo
454 2768 524 2809 [ξιιμ
541 2776 551 2793 ι
578 2774 604 2809 ιιι
620 2767 673 2809 hoc
688 2774 765 2809 mun-

6 2820 19 2836 ι
43 2801 119 2838 ἐιΙ.,
140 2813 151 2830 ι
165 2805 215 2832 hoc
232 2801 310 2832 modo
324 2803 356 2840 ι]
370 2801 569 2831 excusabitur.»
586 2801 639 2829 Sed
659 2802 760 2830 rectius

507 2639 529 2656 "
545 2639 609 2674 Sap.
628 2648 666 2672 ix,
680 2640 706 2666 6.

746 2641 768 2656 ⁶¹
791 2640 869 2666 Rom.
883 2647 911 2671 ν,
931 2639 973 2666 Π.

675 2676 697 2691 ⁷³
712 2674 792 2702 Rom.
811 2682 839 2707 v,
854 2675 897 2702 I9.

819 2195 920 2224 Omnes
943 2197 1015 2224 euint
1043 2201 1132 2231 potest
1155 2196 1213 2222 ﬁeri
1228 2200 1258 2223 ut
1284 2197 1469 2230 peccaverint,
1495 2195 1604 2223 etiamsi

820 2243 906 2269 Sancti
924 2242 1034 2273 fuerint,
1054 2242 1118 2276 quia
1135 2250 1144 2266 ι
1166 2248 1245 2268 nemo
1259 2242 1375 2267 mundus
1391 2248 1405 2267 a
1417 2241 1507 2273 sorde,
1522 2248 1571 2268 nec
1582 2241 1605 2267 si

820 2289 901 2315 ttnius
915 2287 967 2314 diei
986 2287 1067 2314 fuerit
1084 2287 1136 2314 vita
1158 2287 1217 2321 ejus
1230 2287 1264 2314 ".
1280 2296 1288 2312 ι
1306 2286 1372 2319 Quis
1396 2287 1468 2313 enim
1494 2291 1534 2313 est
1558 2286 1604 2321 qui

822 2341 875 2360 non
891 2336 938 2359 aut
955 2332 982 2359 in
998 2332 1080 2365 facto,
1094 2336 1140 2358 aut
1157 2331 1182 2358 in
1200 2331 1297 2363 verbo,
1312 2336 1360 2358 aut
1374 2331 1420 2365 qui
1433 2330 1606 2358 cautissimus

822 2382 897 2405 certe
914 2381 966 2410 est,
982 2377 1023 2403 vel
1044 2377 1069 2403 in
1081 2377 1244 2412 cogitatione
1258 2375 1433 2410 peccaverit?
1446 2373 1479 2400 Et
1491 2374 1562 2407 idco,
1578 2379 1607 2401 ut

822 2424 889 2456 dixi,
904 2431 1031 2458 peccasse
1042 2422 1150 2458 quidem
1165 2429 1260 2449 omnes
1285 2421 1380 2448 merito
1395 2420 1528 2452 dicentur,
1545 2427 1606 2453 pce-

822 2475 932 2497 catures
944 2475 1035 2496 autem
1059 2468 1122 2494 facti
1141 2475 1194 2494 non
1211 2474 1322 2497 omnes;
1350 2467 1396 2492 sed
1412 2465 1499 2492 multi.
1517 2463 1604 2491 Simili

821 2522 928 2550 quoque
940 2515 1024 2542 forma
1036 2518 1063 2541 et
1073 2513 1139 2548 justi
1149 2514 1224 2540 tttttlti
1235 2513 1417 2543 habebuntur,
1431 2518 1484 2538 non
1499 2517 1605 2541 omnes,

821 2561 929 2589 etiamsi
945 2567 1039 2588 omnes
1053 2559 1118 2595 justi
1142 2559 1243 2593 aliquid
1256 2559 1345 2593 operis
1360 2562 1451 2593 agant.
1468 2556 1539 2584 Bene
1555 2564 1605 2582 au-

1488 2635 1511 2652 ”
1533 2634 1605 2662 Gen.

1512 2669 1534 2686 ⁷⁷
1554 2668 1606 2697 Job

1221 2638 1243 2653 "
1266 2636 1344 2663 .Ioan.
1369 2644 1395 2666 x.
1414 2636 1440 2663 9.

1251 2673 1274 2688 7"
1285 2672 1362 2699 Rom.
1380 2679 1407 2704 ν,
1422 2671 1463 2698 12.

1011 2639 1034 2654 ⁷⁸
1045 2638 1112 2666 ibid.
1128 2638 1172 2666 18.

936 2675 960 2690 ⁷⁵
977 2673 1071 2700 Matth.
1091 2681 1151 2705 vttt,
1170 2673 1214 2700 ll.

819 2773 872 2794 nts.
885 2773 955 2792 “IIIIS
974 2769 1002 2791 III.
1018 2772 1044 2792 III
1062 2769 1155 2791 IIOSlI‘O
1172 2769 1256 2794 [CXII].

851 2801 906 2836 (50)
925 2800 1008 2834 Alias,
1029 2809 1037 2826 t
1054 2799 1163 2828 dicitur.
1180 2809 1191 2827 ι
