1827 3053
268 87 340 114 $035

1798 30 1800 56 l

1016 91 1178 122 ORICENIS
1782 99 1800 127 ἱ]

269 153 352 172 suave
368 151 419 178 est,
441 151 467 172 et
496 154 562 173 onus
587 147 645 174 leve
658 147 667 163 '
679 156 685 179 ;
698 153 725 175 ct
741 156 792 176 uott
811 149 947 177 diabolum
960 169 967 183 ,
984 150 1062 186 eujus
1077 152 1098 180 Α
1114 153 1158 186 qui
1177 161 1186 176 ι
1213 158 1261 185 pro
1279 151 1367 186 impiis
1385 156 1509 180 ntortuns
1531 156 1574 179 est
1588 152 1622 185 “,
1639 161 1647 178 ι
1668 153 1800 187 pertimuit

268 199 382 227 regni-tn
397 200 477 226 grave
493 198 542 218 est.
561 191 690 228 luiquitas
705 195 777 221 enim
795 201 835 222 est
850 203 910 230 qum
929 197 1006 224 sedet
1017 205 1061 225 su-

266 247 316 272 per
332 238 459 267 talentum
479 238 579 273 plumbi
598 241 617 266 “.
635 241 759 268 Christus
779 247 869 269 autem
895 243 939 269 tibi
955 250 1058 276 rt‘gnat.

270 285 304 311 ibi
326 284 782 319 superabumlantgratiaetjustitia
805 287 830 314 in
846 288 900 315 vita
913 294 1025 317 anei-ua.

305 331 330 356 7.
352 340 361 355 ι
380 330 448 364 Quid
472 339 537 367 ergo
553 332 695 360 dicemus?
711 332 938 361 Pcrmanebimus
955 335 981 362 in
996 342 1060 367 pec-

268 381 339 407 cato.
357 383 385 404 ut
405 378 494 413 gratia
519 378 664 405 abundet?
680 379 768 407 Absit.
791 379 842 412 Qui
862 381 935 408 enim
961 382 1060 408 mortui

265 430 362 449 smnus
377 428 503 457 peccato.
519 424 654 458 quomodo
674 425 763 451 adltttc
777 425 900 453 vivemus
916 426 941 453 in
958 427 1007 454 eo7
1023 427 1034 454 τ
1049 437 1058 454 t

266 468 402 502 Quoniam
424 469 550 504 superius
563 469 574 484 ⁸
589 469 707 502 dixerat.
723 470 787 504 quia
802 480 811 497 (
840 470 884 498 ubi
912 472 1061 499 abundavit

267 519 422 547 peccatum,
451 514 682 549 superabundavit
707 515 805 547 gratia,
825 524 835 540 ι
856 520 1011 542 nascentem
1027 523 1059 542 ex

266 560 318 587 hoc,
335 560 516 594 qua-stionem
541 567 613 586 nunc
639 560 690 587 sibi
709 560 766 593 ipse
791 561 927 595 proponit,
952 561 1016 596 quia
1037 562 1059 589 si

266 605 430 632 abundantia
446 606 551 639 peccati
568 605 663 639 gratia:
675 606 954 639 superabundantiam
978 607 1058 641 parit,

264 659 333 685 ergo
351 650 517 685 peccandum
542 656 594 682 est,
618 655 648 678 ut
663 651 748 686 gratia
772 652 831 686 plus
849 653 977 679 abundet.
1006 653 1059 680 Sed

267 697 464 729 absolutionem
482 698 562 724 citam
589 697 644 732 (5i)
666 697 825 732 quzestionis
850 699 971 726 ostendit
997 707 1058 726 cum

267 743 353 774 dicit,
376 751 384 767 ι
407 743 508 770 Absit:
531 753 539 768 ι
561 749 587 770 et
615 744 745 771 Continuo
774 743 890 777 subjecit
914 745 1057 777 rationem,

266 795 389 816 mortuos
405 790 498 816 dicens
519 797 579 816 esse
605 795 716 824 peccato
734 797 782 818 eos
808 791 834 818 in
859 791 958 826 quibus
974 792 1059 819 abun-

265 835 371 862 daverit
399 835 499 870 gratia.
524 835 633 861 Cerlunt
657 840 700 861 est
720 839 810 862 autem
843 840 979 863 mortuum
995 844 1058 871 pec-

263 887 326 907 cato
352 886 522 915 pet-calorem
549 888 608 907 esse
637 888 688 909 non
716 887 795 915 posse
816 880 883 917 (ΒΞ).
912 881 969 908 Non
993 890 1058 917 ergo

265 935 426 961 permanere
441 927 542 962 poterit
562 928 587 953 in
604 931 718 961 peccato
732 927 777 962 qui
793 933 917 957 mortuus
933 934 975 956 est
996 937 1058 963 pec-

265 979 335 1001 cato.
358 973 455 1000 Verum
474 974 530 1001 haec
549 978 576 999 ut
601 974 722 1009 apertius
745 973 908 1006 clarescant,
933 976 1056 1009 requira-

265 1029 325 1047 mus
338 1020 400 1055 quid
419 1025 458 1047 cst
483 1020 574 1047 vivere
591 1025 714 1054 peccato.
732 1024 759 1047 et
773 1021 838 1056 quid
851 1027 893 1048 est
909 1022 976 1049 mori
991 1029 1055 1056 pec-

263 1073 335 1095 cato.
364 1067 440 1094 Sicut
465 1066 518 1093 Deo
550 1066 641 1092 vivere
657 1066 759 1094 dicitur
783 1066 808 1094 is
832 1067 878 1101 qui
907 1068 1055 1098 secundum

264 1112 431 1139 voluntatem
451 1111 496 1138 Dei
514 1110 588 1140 vivit.
603 1111 638 1137 ita
662 1115 689 1138 et
713 1115 825 1144 peccato
841 1112 932 1139 vivere
956 1113 1056 1142 dicitur

265 1159 286 1186 is
303 1159 346 1192 qui
363 1158 513 1185 secundum
535 1157 699 1184 voluntalent
715 1158 819 1190 peccati
838 1158 913 1191 vivit,
937 1164 966 1186 ut
984 1159 1054 1187 ident

264 1205 386 1239 designat
410 1204 567 1239 Apostolus,
584 1211 646 1230 cunt
668 1204 755 1230 dicit:
774 1212 783 1229 ε
803 1204 860 1231 Non
877 1212 942 1240 ergo
962 1211 1055 1241 regnet

262 1257 404 1287 peccatum
419 1252 445 1278 in
464 1256 553 1277 vestro
566 1250 673 1276 mortali
690 1257 814 1284 corpore,
827 1251 860 1278 ad
875 1251 1053 1281 ohedicudunt

263 1297 406 1324 desideriis
421 1296 480 1332 ejus
496 1296 534 1323 ³.»
554 1295 580 1322 In
597 1303 650 1331 quo
665 1289 785 1323 ostendit
798 1298 868 1330 qttod
886 1297 996 1325 obedire
1009 1299 1056 1324 de-

261 1343 370 1371 Sidet-iis
386 1343 501 1377 peccati,
519 1342 571 1370 hoc
588 1346 630 1368 est
645 1341 735 1368 vivere
747 1347 870 1377 peccato.
887 1342 962 1376 Quod
978 1344 999 1370 si
1015 1343 1054 1371 fa-

261 1397 326 1417 cere
341 1389 474 1417 desideria
491 1389 594 1423 peccati
614 1393 726 1422 peccato
745 1389 836 1416 vivere
856 1394 914 1421 est;
941 1397 995 1416 nou
1014 1389 1054 1416 fa-

259 1443 326 1462 cere
344 1435 479 1462 desideria
495 1434 611 1469 peccati,
634 1441 685 1460 nec
707 1434 818 1461 obedire
835 1434 963 1462 voluntati
983 1434 1054 1472 ejus,

262 1483 314 1511 hoc
327 1486 368 1509 est
383 1481 450 1508 mori
468 1485 600 1516 peccato:
618 1482 689 1515 quod
712 1485 801 1508 tamen
823 1486 963 1516 peccatum
981 1483 1053 1513 velut
1066 1494 1088 1525 ρ

261 1529 353 1557 sedem
372 1527 515 1561 quamdam
536 1531 563 1554 et
578 1526 674 1554 solium
690 1528 763 1562 regni
779 1528 819 1554 sui
842 1528 867 1554 in
883 1533 976 1556 nostro
990 1536 1053 1565 cor-

260 1582 328 1609 pore
353 1573 513 1601 collocatum
541 1572 642 1601 habere
658 1574 723 1600 dicit
738 1573 893 1607 Aposto‘lus.
911 1575 958 1602 Est
977 1576 1052 1604 enim

262 1619 424 1647 familiarior
436 1619 460 1646 ei
472 1626 536 1653 pars
549 1619 599 1646 ista
615 1619 775 1647 substantize
789 1625 815 1649 et
829 1620 913 1649 antica
929 1622 1052 1657 quaedam

262 1674 323 1692 cum
337 1665 426 1692 carnis
441 1665 625 1699 voluptatibus
640 1665 758 1693 societas
774 1666 842 1701 (55),
854 1674 888 1695 ex
905 1675 958 1702 qua
974 1676 1053 1696 occa-

260 1712 354 1740 siones
367 1710 535 1738 iucitamenti
550 1711 681 1739 naturalis
697 1719 850 1745 assumens,
868 1721 950 1747 parvo
964 1714 1053 1742 diver-

260 1759 344 1786 ticulo
358 1759 383 1786 iu
399 1757 576 1793 praecipitium
590 1758 687 1785 mortis
701 1762 806 1786 natura:
820 1760 942 1786 ordinem
954 1761 1050 1795 vergit.

258 1805 315 1831 Sed
341 1808 369 1830 ut
391 1804 462 1838 quod
482 1803 598 1833 dicimus
621 1803 710 1831 adhuc
735 1805 855 1840 apertius
879 1806 1049 1840 explanetur,

258 1851 373 1885 exempli
387 1858 498 1880 causam
514 1858 656 1884 ponamus.
667 1849 811 1877 Naturales
826 1853 996 1885 appetentias
1004 1852 1050 1882 tta-

243 1884 302 1926 ⁸ιιει
313 1905 377 1925 caro
389 1898 440 1924 cibi
457 1902 484 1924 et
509 1902 588 1932 potus
600 1917 608 1929 .
624 1905 683 1932 qua:
711 1898 781 1924 intra
804 1902 893 1925 certas
910 1905 1050 1927 mensuras

257 1944 424 1971 suilicieuliae
434 1943 627 1972 continentur:
651 1950 717 1977 qttas
734 1943 755 1970 si
772 1943 833 1977 quis
855 1945 969 1972 excedat
988 1953 1050 1979 per-

258 1990 386 2017 suasione
400 1989 514 2024 peccati,
528 1988 584 2023 jam
601 1996 655 2018 non
676 1989 767 2017 cibum
780 1994 807 2016 et
831 1993 925 2023 potum
937 1990 983 2024 qui
1002 1998 1049 2017 na-

257 2040 325 2062 tura:
347 2034 455 2066 sullicit,
471 2042 554 2067 caro,
579 2033 626 2062 sed
648 2034 784 2062 luxuriam
809 2034 1050 2070 tentulentiamque

256 2081 389 2117 deposcit.
404 2080 490 2109 Simili
503 2081 586 2110 etiam
603 2082 683 2108 modo
709 2081 778 2109 inest
793 2082 869 2111 carui
885 2082 1046 2110 incitamen—

257 2133 312 2154 tum
328 2126 464 2158 uaturalc,
476 2133 529 2161 quo
544 2125 651 2154 misceri
667 2125 774 2155 femiute
788 2133 870 2155 causa
888 2128 1047 2161 reparandae

1114 197 1249 229 omnibus,
1260 202 1287 225 ct
1301 198 1372 225 velut
1385 199 1532 231 pessimum
1548 205 1638 233 regem
1651 201 1800 233 rcgnautem‘asi

1113 251 1194 269 carne
1209 243 1337 278 depellat,
1353 244 1526 280 alietnunque
1546 253 1576 272 se
1590 245 1625 271 ab
1642 245 1691 278 ejus
1703 246 1800 271 derideant

1112 287 1165 314 eiat
1183 296 1215 314 ac
1228 289 1379 322 praeceptis,
1400 289 1451 316 iste
1465 296 1526 315 vere
1539 289 1596 325 (54)
1615 297 1658 324 per
1675 296 1758 317 mortem
1766 291 1800 317 (in:

1112 340 1226 368 peccato
1240 339 1365 363 tuortuus
1379 344 1439 364 csse
1455 337 1565 364 dicitur.
1584 336 1633 365 llic
1655 344 1728 365 autem
1742 346 1800 370 perm

1113 380 1199 414 ipsum
1215 380 1317 414 peccati
1339 386 1480 408 auctorcnt
1500 381 1623 409 arbitror
1637 382 1800 416 Itomiuari.S:trt

1113 425 1228 452 moritur
1238 426 1299 460 quis
1313 431 1436 461 peccato,
1450 432 1554 453 certum
1565 431 1609 453 est
1625 427 1681 461 quia
1699 435 1734 460 per
1744 428 1800 460 penita

1114 471 1177 498 tiam
1201 472 1328 499 moritur.
1346 472 1489 505 Quomodo
1506 480 1572 507 ergo
1600 472 1659 507 quis
1678 474 1800 507 permanebit:

1113 521 1224 550 peccato
1239 521 1268 542 ut
1284 517 1370 550 gratia
1387 517 1518 548 abundet,
1535 525 1598 544 cum
1619 518 1698 552 gratia
1715 520 1800 544 excitati

1111 562 1167 593 det,
1181 562 1250 595 quod
1267 567 1377 595 peccato
1390 562 1450 596 quis
1471 562 1586 588 moritur
1595 563 1606 588 ?
1615 562 1644 589 Si
1656 563 1716 589 cuitn
1729 570 1800 596 pt‘nmz‘

1112 613 1184 638 mus,
1209 611 1238 632 ut
1258 607 1433 641 proponitur,
1451 607 1476 633 in
1500 611 1630 640 peccato,
1652 613 1736 633 certum
1754 614 1777 632 £21
1790 615 1800 637 ni

1112 659 1164 678 non
1180 652 1323 684 morimur,
1340 652 1387 679 sed
1410 653 1526 679 vivimus
1539 658 1652 687 peccato
1665 661 1672 678 2
1686 653 1800 678 rivcuii‘w

1112 703 1164 725 teut
1186 703 1298 732 peccato
1314 697 1401 734 gratia
1418 706 1470 724 non
1492 703 1583 732 potest
1603 698 1736 725 abundare.
1753 697 1800 731 litt“:

1112 750 1155 771 tur
1170 752 1252 775 sane.
1265 744 1286 771 si
1303 745 1329 771 itt
1346 744 1410 771 soiis
1433 744 1589 771 hominibus
1615 745 1775 780 superabundat
1790 752 1800 776 gi

1113 791 1158 820 tia.
1175 791 1200 817 itt
1214 790 1314 825 quibus
1326 790 1476 818 abundavit
1488 789 1639 824 aliquando
1655 794 1765 824 peccatum
1775 795 1800 818 vt

1110 837 1137 864 itt
1151 836 1224 863 ttullo
1238 835 1442 870 superabundet
1458 835 1558 870 gratia,
1577 835 1630 862 nisi
1652 836 1676 862 in
1689 837 1800 870 quantum

1109 885 1252 916 peccatum
1265 890 1273 915 ;
1287 881 1368 916 560
1394 888 1427 907 an
1443 886 1471 908 et
1489 881 1514 907 in
1537 880 1672 915 aliquibus
1693 886 1760 916 potest
1775 888 1800 907 sui

1109 928 1248 955 abundare
1263 928 1362 962 gratia,
1379 927 1405 954 itt
1424 927 1522 961 quibus
1538 936 1676 963 nunquam
1692 928 1724 954 vel
1736 929 1799 952 aliter.

1109 974 1154 1005 rit,
1181 973 1221 1001 vel
1250 973 1333 1000 fuerit
1355 978 1511 1007 peccatum.
1537 974 1608 1001 Etsi
1627 975 1683 1008 quis
1696 973 1747 1000 illud
1764 978 1800 1002 M1

1107 1020 1178 1054 quod
1195 1020 1261 1047 dicit
1278 1020 1435 1054 Apostolus,
1449 1020 1512 1054 quia
1530 1029 1540 1045 ι
1551 1020 1700 1054 paciﬁcavit
1713 1020 1795 1046 Christo

1107 1066 1267 1100 sanguinem
1283 1073 1361 1093 suum
1379 1074 1430 1092 non
1446 1066 1533 1093 solum
1548 1074 1611 1100 qua:
1631 1067 1656 1092 itt
1673 1066 1738 1092 terris
1748 1071 1794 1092 sutl.

1106 1116 1132 1140 et
1148 1119 1208 1146 qua:
1224 1112 1248 1138 iu
1267 1111 1344 1140 cmlis
1356 1112 1395 1144 “;
1414 1122 1424 1138 ι
1438 1117 1465 1139 ct
1480 1112 1576 1145 illud,t
1596 1112 1630 1143 Ut
1643 1113 1698 1139 sine
1710 1112 1752 1138 Ι)πο
1761 1119 1800 1144 pm

1107 1161 1186 1188 nibus
1198 1164 1320 1193 gustaret
1335 1164 1450 1189 mortem
1467 1160 1488 1174 ¹²
1504 1159 1572 1194 (55),
1597 1168 1607 1185 ι
1625 1159 1719 1194 putabit
1730 1158 1800 1184 [‘lilﬂsl

1106 1205 1168 1232 liter
1183 1205 1300 1240 aliquam
1324 1205 1520 1234 abundantiam
1535 1204 1624 1233 fuisse
1645 1205 1746 1236 peccati.
1760 1208 1779 1229 ut
1792 1211 1800 1227 ti

1106 1251 1222 1278 lontiuus
1252 1251 1334 1279 etiam
1362 1251 1456 1286 gratim
1480 1251 1724 1286 super-abundanti:
1744 1251 1798 1275 (λίπ’.

1106 1304 1169 1324 vero
1183 1297 1217 1324 ad
1235 1297 1285 1324 hoc
1298 1297 1369 1332 quod
1385 1298 1511 1333 superior
1524 1297 1609 1325 lectio
1624 1298 1800 1325 commemorant

1105 1343 1212 1375 lendas,
1229 1343 1273 1370 tthi
1289 1348 1430 1379 peccatum
1459 1343 1485 1370 iu
1507 1343 1581 1370 hunc
1601 1343 1725 1370 mundum
1743 1347 1800 1374 per“

1105 1388 1241 1418 hominem
1263 1389 1363 1417 dicitur
1388 1388 1446 1427 (ὅθ)
1475 1389 1629 1422 introisse,
1647 1393 1674 1416 et
1699 1396 1739 1422 per
1749 1394 1800 1420 pce!

1104 1441 1178 1461 mors
1191 1433 1258 1469 (57),
1273 1439 1301 1460 et
1313 1434 1348 1461 ita
1360 1434 1487 1462 iuomnes
1496 1434 1800 1469 pertransisse";dice:d

1105 1478 1183 1505 initio
1200 1478 1309 1513 prodire
1321 1480 1402 1508 etiam
1419 1479 1468 1506 ista
1491 1487 1551 1513 qua:
1564 1479 1705 1506 habentur
1719 1480 1740 1505 iu
1754 1483 1800 1503 am

1106 1529 1134 1552 ut
1149 1524 1182 1552 de
1196 1523 1238 1551 Itis
1247 1525 1313 1552 solis
1323 1532 1383 1560 qute
1395 1525 1422 1553 itt
1436 1525 1514 1552 initio
1525 1527 1670 1560 proposuit
1679 1524 1797 1560 Apostoh;

1104 1576 1180 1598 ctare
1199 1571 1332 1604 videatur,
1346 1572 1372 1598 id
1388 1577 1440 1603 cst,
1456 1580 1516 1606 quae
1530 1573 1564 1599 ad
1580 1573 1707 1600 homines
1715 1577 1800 1598 tantum:

1105 1621 1240 1650 spectant.
1257 1616 1462 1645 Observandum
1479 1624 1548 1644 sane
1562 1623 1608 1645 est
1624 1626 1704 1652 quam
1720 1618 1790 1643 librati}

1103 1669 1183 1689 moue
1201 1670 1265 1689 usus
1281 1662 1317 1690 sit
1335 1663 1484 1697 Apostolus
1502 1668 1530 1689 ut
1547 1664 1660 1692 diceret
1676 1673 1684 1691 :
1699 1674 1708 1690 ι
1725 1663 1800 1690 Pet-ara

1103 1715 1162 1735 mus
1189 1707 1214 1734 in
1239 1713 1350 1742 peccato
1371 1708 1393 1724 “
1409 1708 1420 1735 ?
1439 1718 1449 1735 ι
1465 1708 1640 1738 Permanere
1671 1715 1800 1744 ttamque,d

1101 1759 1190 1788 empto
1203 1762 1255 1781 non
1269 1755 1402 1786 desinere.
1417 1756 1493 1793 Quod
1512 1758 1610 1792 utique
1627 1758 1651 1785 si
1662 1759 1722 1793 quis
1735 1756 1800 1784 tacut.

1103 1807 1158 1829 tum
1168 1807 1208 1830 est
1217 1804 1288 1837 quod
1299 1810 1348 1832 nec
1360 1803 1467 1832 initium
1477 1804 1672 1832 conversionis
1679 1808 1795 1837 κτενεῖ-ι

1101 1853 1190 1876 autent
1209 1849 1344 1878 interdum
1360 1850 1469 1882 accidit.
1482 1855 1511 1878 ut
1530 1857 1585 1878 n0u
1608 1851 1721 1885 quidem
1735 1856 1800 1885 pem-1

1100 1895 1161 1928 quis
1175 1895 1200 1922 in
1221 1900 1345 1930 peccato,
1364 1896 1411 1924 sed
1433 1904 1494 1923 cum
1520 1896 1653 1929 desierit,
1678 1903 1771 1923 rursum
1787 1900 1800 1919 ri

1101 1942 1134 1970 ad
1148 1943 1290 1975 vomitum,
1300 1947 1327 1970 et
1342 1933 1389 1971 liat
1405 1943 1629 1976 infelicissimus,
1644 1949 1674 1971 ut
1687 1949 1741 1980 post
1751 1938 1800 1975 der

1099 1995 1114 2014 a
1129 1995 1159 2016 se
1176 1987 1233 2023 (58)
1248 1996 1358 2024 regnum
1377 1989 1479 2023 peccati
1495 1994 1522 2016 et
1539 1991 1655 2023 mortis,
1671 1996 1697 2017 et
1711 1998 1795 2023 regnet.

1096 2031 1265 2067 iustitiaque
1280 2039 1446 2068 susceptum,
1472 2034 1575 2066 iteruut
1591 2042 1626 2063 se
1641 2035 1791 2061 duiuiuatioai

1099 2079 1151 2106 cati
1169 2079 1324 2109 substernat
1336 2084 1364 2108 et
1381 2081 1485 2107 mortis.
1500 2081 1532 2108 Et
1553 2081 1611 2108 ista
1631 2087 1698 2110 sunt
1712 2090 1762 2116 qua:
1775 2086 1800 2105 mi

1098 2126 1141 2160 gia
1170 2125 1231 2153 tidei
1251 2125 1369 2160 appellat
1394 2126 1542 2159 Apostolus
1566 2127 1603 2154 ".
1623 2127 1791 2154 Verumtamen

255 2173 437 2201 successionis
448 2176 597 2208 exposcat;
613 2173 660 2199 sed
675 2172 697 2199 si
713 2179 745 2200 ex
761 2172 813 2199 hac
827 2172 971 2202 oceasione
985 2180 1046 2207 per-
1059 2175 1084 2205 ι)
1097 2172 1221 2206 quamvis
1244 2177 1403 2206 permaneat
1418 2173 1481 2206 quis
1504 2173 1531 2200 in
1559 2180 1693 2208 peccato,
1712 2178 1800 2208 quantm

255 2221 386 2247 suadente
398 2223 509 2254 peccato
525 2218 677 2246 deciiuetur
693 2226 707 2245 a
723 2218 791 2253 lege,
806 2222 834 2245 et
846 2218 976 2247 naturalis
989 2217 1046 2249 libi-
1072 2229 1076 2234 ~

255 2266 326 2294 dinis
341 2271 430 2293 ntotus
439 2265 471 2293 ad
486 2265 579 2293 illicita
592 2265 776 2298 concitentur,
793 2269 908 2299 peccato
922 2265 987 2292 vivit
998 2265 1044 2300 qui

254 2312 281 2338 iu
295 2312 337 2339 Itis
349 2312 462 2347 singulis
479 2320 531 2338 ttott
545 2311 590 2339 Dei
607 2311 672 2347 legi,
688 2311 733 2338 sed
746 2311 850 2346 peccati
863 2311 1043 2346 persuasioni-

254 2357 305 2384 bus
328 2363 414 2393 paret.
432 2358 460 2385 Si
482 2365 547 2392 ergo
571 2357 753 2385 commonitus
767 2357 828 2392 quis
841 2362 928 2385 morte
942 2358 1043 2386 Christi

290 2403 300 2418 ⁸
317 2403 408 2431 Matth.
424 2412 460 2435 at.
479 2405 524 2432 50.
563 2404 573 2419 °
585 2403 669 2431 Zach.
686 2411 712 2434 ν,
728 2403 752 2436 7,
776 2404 802 2431 8.

254 2437 275 2453 ⁴¹
289 2438 391 2466 Coloss.
416 2447 436 2469 ι,
447 2439 493 2466 ΞΟ.
531 2440 552 2456 ¹¹
570 2439 650 2466 Hebr.
666 2446 696 2471 tt,
709 2439 735 2466 9.
777 2439 797 2454 “
814 2439 890 2466 item.
905 2447 930 2471 v,
949 2439 992 2466 12.

289 2485 346 2520 (51)
364 2486 444 2518 Editi,
465 2497 474 2512 ι
491 2487 584 2519 etiam,
604 2497 613 2513 ι
629 2487 708 2514 tnale.

289 2521 346 2556 «‘52)
362 2521 425 2549 Mss.
441 2521 559 2556 βιιιι·θε,‹
573 2527 709 2550 mortuum
725 2529 838 2556 peccare
854 2530 907 2549 non
924 2530 1018 2557 posse;
1033 2534 1042 2550 ι

254 2556 302 2587 aL,
315 2565 327 2596 ῥα
345 2562 479 2597 mni-tuum
498 2564 666 2592 peccatorem
684 2565 744 2586 esse
764 2565 817 2584 tton
840 2565 930 2591 posae.
956 2567 965 2583 ι
990 2559 1042 2585 Sed

255 2597 354 2618 l'L’CllllS
369 2597 399 2618 ul
416 2600 442 2618 ιιι
460 2598 551 2619 ποδιΓο
566 2598 651 2620 textu.

290 2626 345 2661 (.35)
361 2626 489 2653 Societas.
519 2628 597 2654 Deest
617 2628 643 2654 in
673 2627 749 2655 libris
773 2632 850 2654 antea
874 2629 965 2655 editis.
992 2628 1040 2656 llis.

255 2668 326 2688 unus
339 2669 387 2696 pro
403 2671 411 2687 ι
432 2662 549 2688 societas
573 2672 582 2686 ι
599 2663 680 2690 habet
695 2671 705 2688 ‹
729 2663 857 2697 obligatio
874 2683 882 2695 ,
906 2673 915 2688 ι
931 2669 958 2690 et
974 2664 1042 2691 alter

254 2703 301 2728 pro
320 2706 329 2722 ‹
352 2697 533 2729 voluptatibus
549 2706 558 2721 ι
575 2697 654 2723 habet
684 2706 692 2722 ι
711 2698 859 2725 voluntate.
876 2708 886 2724 I

291 2730 345 2767 (gift)
368 2730 444 2767 _V_et;e.
460 2731 486 2756 lu
499 2731 578 2757 editis
589 2732 732 2758 omittitur.

290 2765 346 2798 (335)
367 2765 491 2791 Sic'mss.
507 2766 591 2792 nostri
606 2774 710 2792 omnes.
727 2767 888 2794 Salodianus
903 2775 977 2799 vero.
990 2777 999 2793 ι
1009 2773 1036 2794 et

258 2798 321 2827 illud
335 2799 406 2825 velut
420 2799 477 2826 sine
496 2799 550 2826 Deo
563 2801 621 2827 sine
639 2801 720 2827 duhio
745 2809 793 2834 pro
805 2803 931 2830 omnibus
943 2809 1035 2836 gusta-

842 2404 851 2419 ⁷
868 2403 947 2431 Rom.
972 2405 1091 2437 νι,1,2.

1030 2441 1049 2455 ί·
1065 2441 1144 2467 Rom.
1159 2447 1198 2472 vt,
1212 2439 1238 2466 t.

1100 2218 1194 2246 mortis
1210 2225 1293 2253 regno
1315 2223 1342 2246 et
1357 2223 1493 2252 potestate
1512 2220 1672 2254 perduret,
1687 2227 1735 2247 non
1750 2223 1800 2244 ueri

1098 2269 1230 2292 aeternum
1246 2263 1317 2292 istud
1342 2265 1438 2291 mortis
1459 2272 1521 2291 esse
1545 2266 1679 2293 arbitror
1693 2261 1800 2300 regnanti

1099 2316 1128 2339 ut
1140 2316 1182 2339 est
1200 2311 1262 2338 vitae
1275 2315 1356 2345 atque
1366 2310 1493 2343 iustitiae;
1507 2312 1636 2339 maxime
1647 2320 1710 2340 cum
1722 2316 1800 2338 noui-4

1098 2357 1236 2385 inimicum
1252 2362 1365 2384 ntortem
1381 2357 1415 2384 ab
1425 2357 1630 2394 Apostoto(60)
1640 2358 1800 2386 audiamdcsr

1137 2405 1148 2420 ⁸
1166 2404 1243 2432 Rom.
1263 2411 1290 2435 v.
1303 2403 1349 2431 2t).
1397 2405 1407 2420 ⁹
1424 2403 1502 2430 Rom.
1526 2412 1564 2437 vt,
1593 2405 1641 2433 1!.
1694 2406 1714 2420 "
1733 2404 1800 2430 Rom.‘

1279 2439 1320 2466 “’l
1334 2438 1403 2466 Tim.
1420 2447 1440 2470 t,
1454 2439 1498 2466 it).

1097 2492 1138 2514 ret
1165 2491 1289 2513 mortem.
1314 2496 1323 2512 ι
1343 2486 1439 2514 Cazteri
1462 2487 1548 2519 editi,
1571 2492 1601 2516 et
1623 2498 1633 2514 ε
1659 2488 1723 2515 illud
1736 2485 1800 2510 rrl.:t

1094 2523 1152 2550 sine
1169 2522 1250 2548 dubio
1267 2529 1318 2556 pro
1328 2522 1456 2552 otnnibus
1466 2523 1590 2557 gustarit
1610 2531 1735 2551 nionem.
1747 2532 1753 2544 ι

1129 2556 1184 2591 (56)
1201 2557 1284 2588 Alias,
1302 2566 1311 2582 (
1329 2557 1406 2588 dicit,
1428 2566 1439 2582 ι
1452 2556 1533 2588 male.

1129 2592 1186 2628 (57)
1204 2591 1285 2624 Editi,
1303 2597 1459 2628 rimortem.
1477 2602 1489 2618 ι

1129 2628 1186 2662 (58)
1205 2629 1224 2653 Α
1239 2635 1275 2653 re.
1294 2627 1378 2662 Alias,
1396 2636 1405 2652 ι
1423 2627 1450 2657 in
1465 2635 1505 2654 se.
1523 2637 1534 2653 ι

1127 2661 1273 2723 (59)¹ἔίάθ
1309 2661 1533 2697 Origenianorum
1561 2663 1618 2690 lib.
1650 2673 1686 2694 tt.
1713 2667 1787 2697 anél-

1133 2707 1168 2723 ΙΙΙ.
1221 2716 1228 2723 ι

1093 2707 1168 2725 ΙΙυΙΙΙ.
1187 2707 1228 2723 10.

1128 2733 1194 2770 (ὗερξ)
1207 2732 1300 2770 Δ(ξτιιιιθ
1315 2731 1384 2767 lege.

1090 2803 1105 2830 ά
1127 2766 1183 2804 (60)
1199 2766 1283 2801 Alias,
1309 2777 1318 2794 ι
1340 2766 1520 2796 novissimam
1538 2767 1730 2797 inimicum...
1748 2768 1800 2795 item

1109 2812 1161 2830 illi].
1180 2813 1188 2830 Ι

1109 2812 1161 2830 ilill.
1180 2813 1188 2830 Ι
