1833 3049
63 99 127 128 tum
555 95 734 124 COMMENT.
753 95 785 121 tu
800 95 910 121 EPIS’I.
928 95 972 120 Αυ
988 95 1070 120 non.
1087 96 1149 121 Lm.
1176 97 1202 120 ν,
1624 96 1692 122 tn'tt

62 160 124 186 dum
140 159 174 185 ¹⁶.
190 157 222 184 Et
235 164 328 185 revera
343 156 365 183 si
378 156 471 184 eadem
495 155 633 182 mteruitas
654 155 749 182 mortis
768 162 851 189 pona-
867 157 887 184 Α
907 163 916 179 ι
934 154 972 180 An
999 153 1130 188 ignoratis
1145 154 1206 188 quia
1225 155 1380 188 quicunque
1404 154 1533 188 baptizali
1549 163 1643 183 sumus
1663 157 1689 183 in

61 208 104 232 tur
118 211 190 234 esse.
206 211 266 237 quae
280 203 342 229 vitae
358 207 410 234 est,
424 202 480 235 jam
499 209 552 228 non
567 202 619 228 erit
629 209 702 228 mors
713 201 772 228 vitae
786 209 848 229 con-
858 212 891 230 α
904 200 1009 227 Christo
1019 199 1094 231 Jesu,
1106 201 1132 226 in
1146 205 1234 226 morte
1250 200 1335 234 ipsius
1349 201 1442 235 baptiz
1452 202 1480 228 uti
1495 210 1589 229 smnus
1599 203 1691 230 ?Con-

62 251 157 282 traria,
172 251 218 276 sed
234 249 357 284 mqnalis.
379 249 521 276 [Etet-num
536 256 652 284 namque
668 254 768 275 a‘terno
785 256 850 275 cou-

60 297 173 324 trarium
198 304 251 322 uou
276 296 340 327 erit,
363 296 409 322 sed
430 295 509 322 idem.
534 294 612 321 Nunc
634 299 723 321 autem
743 299 848 321 certum

60 347 102 369 est
117 346 230 369 tuorlem
254 343 315 369 vitae
331 349 393 369 esse
405 341 569 369 contrariam
583 349 591 375 ;
606 346 711 368 certttm
728 346 769 368 est
785 349 849 376 ergo

59 391 130 429 quod
146 390 169 416 si
181 389 234 416 vita
253 395 355 416 aeterna
371 393 414 416 est
430 389 499 423 (61),
519 397 594 416 mors
607 396 670 417 esse
692 396 745 416 non
765 389 849 424 possit

59 440 160 461 :eterna
169 442 176 460 :
185 435 256 460 unde
264 440 291 462 ct
305 435 489 462 necessarium
500 434 587 462 locum
600 439 676 462 tenet
685 435 849 463 resurrectio

60 485 240 507 mortuorum.
257 479 326 507 Cum
358 479 430 508 enim
447 488 520 508 mors
534 481 643 512 animte,
664 488 724 515 quae
738 485 780 508 est
799 489 847 509 no-

57 525 186 552 vissimus
197 525 335 558 inimicus,
348 525 431 552 luerit
445 526 687 558 destructa,etiam
703 527 761 554 hate
774 534 849 553 com-

58 571 146 598 munis
161 579 243 603 mors,
262 579 342 605 quam
367 571 440 598 illius
461 571 535 598 velut
551 573 673 600 umbram
696 580 758 600 esse
776 574 847 600 dixi-

58 625 134 649 mus,
160 617 314 644 necessario
333 617 506 650 abolebitur;
522 623 550 646 et
571 623 634 646 tunc
650 625 848 654 consequenter

57 663 249 690 resurrectioni
267 669 434 690 mortuorum
451 664 559 691 dabitur
572 664 659 696 locus,
674 665 718 692 ubi
732 672 847 700 regnum

57 709 152 736 mortis
168 709 270 743 pariter
285 717 345 736 cum
367 715 453 737 morte
467 711 634 738 destructum
651 712 713 739 erit.
729 711 780 739 Sed
799 719 847 740 nos

55 763 107 781 non
127 761 321 789 exspectemus
342 757 450 790 quando
471 758 522 784 istc
537 757 703 785 novissimus
721 757 847 786 inimicus

56 800 223 832 destruatur,
240 810 250 826 ι
268 801 313 836 qui
328 802 413 829 semel
436 801 580 830 illuminati
598 813 607 829 ι
623 811 728 836 sumus,
745 809 772 832 et
793 812 845 839 gu-

55 846 186 874 stavimus
200 856 210 872 ‹
229 848 328 874 donum
345 848 467 880 ctelesle,
484 856 515 876 ac
529 850 676 884 participes
687 850 750 877 facti
768 860 778 877 ι
797 858 845 878 sn-

56 899 113 919 mus
129 902 139 918 ‹
157 892 275 927 Spiritus
289 895 388 927 sancti,
403 900 431 923 et
446 896 546 923 bonum
563 905 573 921 ι
589 896 756 931 gustavimns
773 905 782 922 t
801 896 845 924 Dei

53 938 166 965 verbum
181 958 189 970 ,
207 940 322 967 virtutes
344 949 454 975 quoque
472 942 563 969 saculi
584 943 691 969 venturi
707 943 727 958 ¹⁷
741 951 749 973 ς
765 952 774 969 ι
799 943 845 970 sed

55 992 262 1018 permaneamus
274 986 300 1012 in
319 987 422 1021 gratia,
436 996 486 1015 nec
499 992 688 1022 exspectemus
704 994 733 1015 ut
749 989 845 1016 iterum

53 1035 114 1063 post
130 1030 235 1064 lapsum
257 1039 421 1060 renoventur
443 1043 452 1059 ι
469 1035 503 1060 ad
525 1034 723 1068 pmnitentiam,
738 1043 844 1062 rursum

53 1075 245 1109 cruciligentes
262 1085 270 1101 ι
287 1076 365 1104 nobis
389 1077 456 1112 ipsis
476 1087 485 1103 ι
506 1077 602 1105 Filium
616 1078 675 1109 Dei,
690 1082 718 1104 et
728 1079 844 1105 ostentui

53 1119 200 1152 habentes,
218 1133 227 1147 ι
247 1121 294 1148 sed
320 1130 433 1157 regnum
453 1123 565 1157 justitite
585 1123 611 1150 in
635 1123 712 1150 nobis
733 1123 781 1150 liat
801 1131 844 1150 re-

53 1175 132 1199 gnum
148 1172 281 1194 mtcrnum
294 1177 302 1202 ;
314 1176 364 1196 nec
382 1169 478 1196 iterum
491 1169 678 1204 confugiamus
690 1169 715 1196 in
733 1177 843 1203 regnum

54 1212 147 1239 mortis
155 1211 228 1249 (62),
243 1219 277 1240 ex
293 1221 346 1247 quo
361 1213 469 1241 liberati
485 1215 519 1250 ad
532 1222 643 1248 regnum
659 1214 721 1241 vitae
735 1218 845 1247 aeterna

52 1258 234 1291 pervenimus,
256 1264 287 1285 ut
302 1268 311 1284 ‹
335 1259 424 1293 gratia
444 1266 492 1294 per
511 1259 647 1294 justitiam
672 1264 767 1295 regnet
787 1270 796 1286 ι
817 1261 844 1288 in

53 1303 128 1330 nobis
147 1313 157 1329 ε
180 1304 206 1330 in
221 1304 274 1330 vita
295 1309 396 1331 :etcrna
415 1313 463 1340 per
477 1304 569 1332 Jesum
585 1305 723 1333 Christum
752 1305 844 1332 Domi-

53 1355 114 1375 num
129 1353 254 1376 nostrum
267 1350 315 1377 ‘3.»
333 1350 410 1384 Quod
425 1358 491 1386 ergo
503 1351 574 1378 dixit
587 1359 593 1377 :
609 1360 618 1377 ι
637 1351 736 1378 Μοτιυί
751 1359 844 1379 sumus

52 1400 175 1428 peccato,
197 1405 206 1420 ι
227 1397 276 1422 hoc
299 1402 341 1423 est
371 1397 442 1431 quod
462 1397 525 1424 alibi
551 1399 599 1431 ait,
615 1398 770 1426 conloriues
792 1406 840 1426 nos

51 1439 147 1468 Christi
165 1442 246 1468 morti
263 1441 373 1469 eﬂ'ectos
383 1462 391 1474 ,
405 1443 452 1477 qui
474 1452 484 1469 ι
498 1443 580 1471 semel
595 1450 706 1477 peccato
721 1449 844 1471 mortuus
869 1474 871 1476 η

902 246 998 280 sepulti
1010 247 1081 273 enim
1097 246 1219 273 sumusei
1232 254 1279 280 per
1289 247 1451 281 baptismum
1463 248 1489 275 iu
1501 254 1616 276 mortem
1624 249 1647 265 "
1659 257 1666 275 :
1679 259 1687 275 I

902 291 1001 318 docens
1013 299 1060 326 per
1079 292 1135 318 luce
1146 292 1210 326 quia
1229 292 1250 318 si
1267 292 1328 326 quis
1343 293 1419 326 prius
1436 298 1561 321 mortuus
1571 300 1615 321 εκι
1629 302 1691 329 ρεισ-

901 343 976 367 cato.
1005 338 1027 364 is
1056 338 1210 365 necessario
1234 338 1259 364 iu
1289 338 1422 372 baptismo
1449 343 1626 376 consepultus
1649 349 1690 370 est

900 383 1010 411 Christo
1021 393 1028 416 ς
1039 385 1060 411 si
1081 392 1144 411 vero
1160 393 1212 411 non
1225 391 1287 414 ante
1302 387 1363 422 quis
1379 387 1492 414 moritur
1502 393 1624 423 peccato,
1635 397 1688 416 non

901 435 987 463 potest
1000 431 1107 464 sepeliri
1132 439 1193 458 cum
1212 432 1332 460 Christo.
1359 433 1444 460 Nemo
1458 434 1529 462 enim
1549 435 1626 462 vivus
1639 435 1690 462 ali-

899 476 1007 508 quando
1019 476 1160 510 sepelitur.
1174 477 1250 510 Quod
1263 479 1285 506 si
1300 486 1352 506 non
1369 480 1552 514 consepelitur
1566 480 1687 512 Christo.
1715 507 1719 510 .

900 528 951 547 nec
977 521 1096 556 legitime
1114 523 1280 557 baptizatur.
1307 525 1406 552 Verutn
1425 526 1458 554 de
1482 528 1587 554 ratione
1602 529 1689 562 bapti-

899 567 1005 598 smatis,
1033 576 1093 595 cum
1124 577 1323 604 exponerentus
1340 572 1515 607 Evangeliiun
1539 575 1687 601 Set'lllllllllll

898 610 1030 639 Joannem
1048 632 1055 645 ,
1073 613 1116 640 ubi
1146 620 1254 642 rentum
1281 621 1324 642 est
1341 618 1374 644 ad
1401 626 1462 645 eum
1486 619 1574 646 loctnn
1592 620 1617 646 in
1634 628 1688 654 quo

898 658 965 685 dicit
990 659 1109 687 Joannes
1126 663 1159 688 de
1185 661 1247 688 Jesu
1263 662 1335 698 (63)
1355 669 1363 689 :
1382 673 1390 688 ι
1418 663 1477 698 Ipse
1498 672 1546 691 vos
1569 665 1688 698 baptiza-

898 703 936 730 bit
949 704 974 731 in
988 705 1091 739 Spiritu
1105 711 1199 733 sancto
1210 707 1249 738 ¹⁶;
1265 717 1274 732 ι
1291 712 1318 734 et
1337 708 1399 734 item
1418 709 1462 735 ubi
1481 709 1538 743 ipse
1564 709 1689 737 Salvator

897 749 964 776 dicit
980 759 987 777 :
1005 760 1014 776 ι
1030 751 1088 779 Nisi
1101 753 1163 787 quis
1185 759 1294 780 renatus
1313 753 1394 781 fuerit
1410 755 1499 783 denuo
1517 762 1548 782 ex
1574 763 1641 790 aqua
1661 761 1689 783 ct

898 796 975 832 561
987 796 1100 832 Spiritu,
1111 806 1162 825 tton
1171 804 1259 834 potest
1268 800 1381 827 introire
1396 801 1421 827 itt
1433 809 1545 835 regnum
1558 803 1603 829 Dei
1611 803 1633 817 “
1642 803 1663 835 ‘.
1676 813 1686 828 ο

899 853 947 880 pro
972 845 1075 872 viribus
1093 846 1193 872 nostris
1209 853 1269 879 qua:
1289 853 1436 874 occurrere
1455 853 1619 881 potuerunt,
1634 847 1688 875 imo

898 899 959 926 qum
972 891 1081 918 donavit
1099 891 1229 919 Dominus
1244 892 1379 924 diximus,
1400 893 1443 919 ulii
1461 898 1488 920 et
1503 895 1635 921 sermonis
1649 895 1686 929 ip-

897 937 954 964 sius
963 936 1017 963 vim
1031 944 1084 971 quo
1100 936 1202 964 dicitur
1219 936 1275 972 (64)
1291 945 1297 964 :
1319 946 1328 962 ‹
1347 937 1404 964 Nisi
1422 938 1483 972 quis
1502 939 1686 966 renatusluc-

898 984 935 1010 rit
955 983 1055 1016 denuo,
1075 992 1084 1009 ι
1107 983 1187 1010 altius
1201 984 1309 1018 aperire
1325 985 1500 1011 tentarimus.
1513 985 1591 1018 Quod
1609 987 1682 1012 enim

904 1036 954 1056 nos
978 1028 1066 1055 Latini
1091 1028 1224 1056 habemus
1246 1038 1256 1054 ι
1274 1029 1378 1062 denuo,
1397 1039 1405 1054 ι
1423 1029 1511 1057 Gneci
1532 1030 1634 1057 ἄνωθεν
1648 1031 1688 1058 di-

897 1078 972 1106 cunt,
987 1074 1033 1109 qui
1047 1081 1137 1101 sermo
1155 1079 1300 1109 utrumque
1319 1075 1465 1108 signiﬁcat.
1484 1080 1511 1102 et
1528 1084 1537 1100 ι
1560 1077 1658 1108 denuo,
1674 1086 1684 1102 ι

896 1124 922 1146 et
936 1129 946 1144 ι
960 1119 1198 1157 de‘sttpcrioribus.
1214 1129 1223 1146 ι
1233 1120 1260 1147 lit
1277 1121 1327 1148 hoc
1339 1128 1405 1155 ergo
1421 1121 1490 1152 loco,
1504 1120 1566 1155 quia
1581 1122 1626 1156 qui
1641 1123 1688 1148 bi-

896 1167 1014 1201 ptizatur
1035 1174 1049 1193 a
1071 1166 1149 1198 Jesu,
1163 1166 1190 1193 in
1212 1166 1314 1201 Spiritu
1338 1172 1433 1194 sancto
1449 1167 1614 1201 baptizatur,
1634 1175 1686 1194 non

897 1212 934 1239 ita
948 1221 957 1238 ι
975 1213 1062 1240 denuo
1078 1212 1153 1247 (65)»
1178 1212 1287 1245 dicitur,
1307 1217 1335 1238 ut
1354 1212 1386 1239 de
1399 1211 1587 1246 superioribus
1605 1213 1686 1240 intel—

896 1258 941 1293 ligi
954 1258 1099 1285 conveniat
1113 1267 1120 1285 :
1135 1266 1197 1285 nam
1217 1267 1227 1283 ε
1243 1258 1330 1285 denuo
1343 1267 1353 1284 ι
1369 1258 1497 1290 dicitnus,
1512 1266 1573 1285 cum
1590 1259 1685 1285 eadem

896 1312 957 1339 qua:
974 1308 1049 1339 gesta
1068 1310 1129 1332 sunt
1150 1309 1310 1339 repetuntur
1327 1313 1333 1330 :
1357 1304 1400 1331 hic
1415 1309 1505 1331 autem
1523 1311 1575 1330 non
1590 1305 1685 1331 cmlein

896 1351 1024 1377 nativitas
1051 1351 1184 1386 repetitur
1202 1351 1243 1377 vel
1272 1350 1397 1381 iteratur,
1419 1351 1476 1382 sed,
1505 1355 1612 1376 terrena
1636 1350 1688 1377 hac

895 1399 994 1426 omissa
1010 1397 1082 1432 (66),
1100 1397 1134 1425 de
1154 1397 1342 1432 superioribus
1356 1397 1505 1430 suscipitur
1527 1405 1596 1423 nova
1612 1397 1684 1423 nali-

897 1444 968 1470 vitas
984 1452 992 1477 ;
1009 1448 1036 1469 et
1049 1443 1109 1469 idco
1125 1451 1161 1470 rei
1172 1443 1225 1469 tius
1241 1443 1395 1478 legeremus
1407 1443 1432 1469 in
1448 1443 1612 1476 Evangelio:
1631 1452 1640 1468 ι
1656 1443 1684 1470 Si

51 1491 90 1513 est
105 1486 138 1514 ¹⁹.
156 1496 165 1512 ι
184 1486 258 1520 Quod
270 1493 358 1514 autem
373 1488 439 1515 dicit
450 1497 459 1514 ε
469 1488 564 1521 semel,
574 1498 584 1515 ι
594 1496 626 1517 ex
642 1489 748 1525 integro
761 1490 845 1525 signi-
859 1500 879 1528 c
897 1489 957 1524 quis
975 1497 1027 1516 non
1043 1489 1126 1516 fuerit
1143 1494 1252 1516 renatus
1270 1489 1303 1516 de
1319 1489 1516 1524 superioribus.
1530 1497 1583 1516 non
1598 1494 1686 1524 potest

52 1532 121 1559 fucat.
139 1532 180 1559 Ex
194 1532 299 1568 integro
310 1541 427 1568 namque
444 1534 570 1562 Christus
587 1540 702 1569 peccato
718 1541 841 1564 mortuus

50 1583 100 1612 est,
119 1587 129 1604 σ
147 1579 195 1614 qui
214 1584 356 1614 peccatum
369 1588 422 1607 non
439 1580 515 1614 fecit,
533 1589 583 1609 nec
596 1581 722 1610 inventus
736 1587 778 1610 est
791 1582 840 1610 do-

51 1623 89 1651 lus
105 1625 132 1652 in
148 1633 198 1652 ore
215 1625 274 1659 eius
289 1626 323 1652 '°.
345 1635 354 1651 I

82 1671 109 1698 8.
126 1681 135 1697 ε
160 1672 202 1699 An
230 1672 362 1707 ignoratis
380 1672 443 1707 quia
466 1673 622 1708 quicunque
646 1673 774 1708 baptizati
790 1681 840 1700 su-

50 1725 108 1744 mus
123 1718 149 1745 in
166 1718 275 1746 Christo
291 1718 368 1751 Jesu,
388 1719 415 1746 in
431 1723 519 1746 tuorle
542 1719 629 1752 ipsius
649 1719 778 1754 haplizati
793 1727 840 1747 su-

50 1765 133 1792 mus?
152 1764 310 1800 Consepulti
333 1765 404 1792 enim
423 1772 519 1792 sumus
545 1763 582 1791 illi
602 1772 650 1798 per
676 1765 839 1799 baptismum

51 1810 76 1837 in
93 1816 226 1842 mortem;
240 1815 269 1838 ut
291 1811 521 1846 quemadmodum
539 1811 659 1838 surrexit
679 1811 806 1839 Christus
825 1820 840 1838 a

49 1858 161 1884 mortuis
185 1865 234 1892 per
253 1857 367 1893 gloriam
388 1857 491 1891 Patris,
508 1857 544 1884 ita
566 1861 594 1884 et
611 1865 660 1884 nos
678 1858 704 1884 in
721 1858 841 1885 novitate

49 1903 106 1930 vita:
116 1904 345 1931 ambulemus“.i
358 1903 478 1931 Observa
495 1903 652 1938 diligentius
659 1903 780 1930 ordinem
798 1903 840 1931 di-

48 1953 148 1976 ctorum
166 1949 438 1984 eteousequentiaut.
463 1949 609 1983 Comparat
631 1950 703 1977 enim
726 1953 840 1976 mortem

46 2000 103 2027 qua:
116 2002 166 2029 per
176 1995 262 2022 Adam
273 1995 394 2027 est,vitae
402 2001 463 2028 quat
477 2001 525 2028 per
537 1994 675 2022 Christum
687 1998 729 2021 est
738 2002 745 2027 ;
755 1999 783 2021 et
798 1994 840 2021 di-

46 2040 95 2067 cit:
105 2050 114 2067 ι
124 2040 183 2068 Non
193 2041 264 2068 sicut
272 2041 410 2073 delictum,
419 2041 457 2067 ita
465 2045 492 2067 et
502 2040 637 2073 donum“;
645 2050 654 2066 I
667 2046 695 2068 et
703 2041 767 2068 item
782 2043 842 2075 post

45 2086 100 2114 hac
110 2087 179 2115 ait“
189 2087 275 2123 legem
288 2087 468 2115 subintroisse
482 2091 511 2113 ut
519 2087 669 2114 abundaret
681 2091 838 2122 peccatum;

46 2132 199 2160 abundante
215 2141 278 2160 vero
294 2138 407 2168 peccato
417 2132 655 2168 superabundasse
665 2134 781 2167 gratiam
794 2143 802 2166 ς
814 2137 841 2161 et

896 1536 1009 1564 introire
1023 1535 1050 1562 in
1069 1542 1181 1570 regnum
1200 1534 1246 1561 Dei
1267 1545 1272 1562 :
1292 1544 1301 1560 ι
1318 1535 1368 1562 hoc
1382 1536 1456 1562 enim
1476 1540 1518 1563 est
1532 1535 1558 1562 in
1581 1535 1684 1570 Spiritu

893 1587 988 1610 sancto
1000 1581 1144 1616 baptizari.
1157 1581 1205 1609 Cui
1219 1582 1329 1614 rationi,
1343 1587 1372 1609 ut
1381 1583 1414 1610 de
1426 1583 1686 1618 superioribusesse

894 1629 1057 1663 baptismum
1075 1627 1266 1658 conﬁrmetur.
1282 1636 1336 1655 non
1352 1629 1492 1657 immerito
1508 1629 1541 1656 ad
1557 1635 1684 1656 sanctum

894 1676 1025 1710 Spiritum
1038 1675 1188 1711 iungentur
1205 1676 1286 1703 etiam
1306 1684 1316 1701 ι
1342 1683 1418 1710 aqua:
1434 1683 1494 1710 qua;
1508 1683 1590 1709 super
1601 1675 1686 1702 cuilos

892 1725 967 1754 sunt,
983 1726 1011 1748 et
1029 1721 1138 1748 laudant
1149 1722 1206 1756 (67)
1224 1728 1321 1748 nomen
1338 1721 1444 1747 Domini
1457 1721 1491 1748 ".
1510 1730 1520 1747 ›
1541 1721 1573 1747 Ει
1588 1728 1685 1755 quam-

893 1767 933 1793 vis
947 1767 1094 1794 secunduin
1107 1772 1199 1802 typttm
1218 1766 1350 1794 Ecch-siis
1369 1767 1497 1793 traditum
1514 1766 1571 1802 (68)
1589 1774 1686 1793 Otones

893 1812 1023 1848 haptizati
1037 1813 1122 1840 simus
1138 1813 1165 1840 in
1181 1813 1258 1847 aquis
1270 1812 1331 1839 istis
1343 1812 1506 1845 visibilibus,
1522 1816 1550 1838 et
1568 1813 1593 1838 in
1612 1813 1686 1839 chri-

892 1865 978 1886 smate
993 1859 1108 1891 visibili,
1130 1864 1219 1886 tamen
1242 1859 1288 1893 qui
1311 1863 1434 1885 mortuus
1456 1863 1497 1885 est
1516 1863 1638 1892 peccato,
1656 1863 1684 1883 et

892 1913 956 1933 vere
968 1905 1122 1939 baptizatur
1134 1906 1160 1932 iu
1177 1909 1263 1932 tuorte
1281 1905 1394 1935 Christi,
1411 1909 1438 1931 et
1457 1903 1643 1938 consepelitur
1658 1905 1683 1930 t-i

892 1958 940 1985 per
953 1951 1115 1985 baptismum
1129 1950 1155 1977 in
1171 1956 1300 1982 mortem,
1313 1950 1365 1978 iste
1376 1958 1441 1977 vere
1457 1950 1483 1977 in
1499 1949 1603 1983 Spiritu
1621 1957 1683 1977 san-

893 2001 936 2023 cto
953 2001 980 2024 et
1000 2004 1070 2031 aqua
1089 1997 1122 2024 de
1138 1996 1326 2031 superioribus
1345 1996 1507 2029 baptizatur.
1527 1995 1558 2022 Et
1577 1995 1683 2022 intuere.

892 2042 981 2070 adlmc
1005 2042 1164 2078 diligentius
1188 2042 1295 2078 mystici
1318 2041 1423 2069 ordinis
1446 2040 1668 2075 consequentiam

893 2088 960 2116 litori
979 2089 1055 2123 prius
1077 2092 1185 2123 oportet
1207 2092 1233 2116 te
1250 2092 1382 2122 peccato,
1400 2092 1430 2114 ut
1456 2087 1546 2122 possis
1571 2086 1681 2120 sepeliri

893 2141 954 2161 eum
981 2133 1101 2161 Christo.
1121 2133 1228 2161 Mortuo
1249 2134 1322 2161 enim
1345 2133 1484 2168 sepultura
1502 2132 1625 2159 debetur.
1652 2130 1682 2159 Si

45 2177 71 2205 in
81 2178 123 2206 Itis
132 2179 299 2214 solvitquod
310 2180 452 2208 videbatur
461 2181 705 2213 essecontrarium,
718 2180 834 2208 etdicit:
851 2176 875 2205 Ι)
888 2180 961 2207 enim
983 2180 1053 2207 vivis
1072 2179 1163 2207 adhuc
1183 2183 1306 2213 peccato,
1335 2177 1495 2212 conscpeliri
1525 2184 1578 2204 non
1606 2182 1682 2211 poles

47 2232 58 2250 ι
75 2224 125 2258 Qui
142 2225 217 2252 enim
237 2225 335 2253 mortui
349 2233 444 2253 sumus
457 2230 578 2261 peccato,
594 2226 730 2260 quomodo
757 2226 832 2254 vive-

45 2276 103 2298 mus
115 2270 206 2297 adhuc
219 2270 245 2297 iu
256 2277 289 2298 eo
305 2271 348 2297 ⁸⁸2
366 2280 375 2297 i
387 2271 464 2298 Nunc
479 2278 547 2306 ergo
563 2271 655 2304 volens
670 2272 753 2299 rebus
767 2272 833 2305 ipsis

44 2317 187 2344 ostendere
213 2317 278 2352 quid
294 2322 338 2345 est
358 2321 496 2345 mortuum
513 2324 575 2345 esse
598 2321 728 2352 peccato,
741 2318 806 2346 dicit
824 2328 830 2346 :

95 2386 117 2401 "
131 2386 139 2414 Ι
153 2386 218 2415 Cor.
234 2396 277 2418 xv.
297 2387 343 2415 26.
396 2388 416 2403 "
433 2386 515 2414 llebr.
530 2395 568 2418 vt,
590 2387 646 2415 ιδ.

46 2421 122 2456 ωδ,
137 2422 166 2449 4.
217 2425 239 2439 ιι
250 2423 327 2450 nom.
345 2423 428 2456 v,15.
478 2423 502 2438 ιι
516 2422 583 2450 ibid.
596 2423 643 2450 so.

44 2455 65 2470 ¹⁷
81 2455 153 2485 Psal.
166 2465 276 2491 chvtn,
298 2458 325 2485 1.

79 2519 133 2554 (61)
154 2518 200 2546 Sic
213 2523 286 2546 recte
301 2526 353 2546 ms.
369 2526 438 2546 unus
458 2518 558 2554 Regius
577 2526 653 2546 num.
670 2518 749 2546 1659.
767 2518 826 2546 Eili-

45 2552 63 2589 ti
75 2552 148 2586 vero,
163 2563 172 2579 ι
190 2554 252 2589 quia
267 2554 306 2582 sic
321 2553 384 2581 vita;
399 2552 516 2589 :elernair
523 2560 596 2581 mors
609 2561 670 2581 esse
695 2562 748 2581 non
763 2561 827 2589 pos-

45 2588 78 2614 sit
100 2588 213 2616 aeterna.
231 2599 240 2615 ι
263 2589 361 2616 Caneri
388 2596 452 2616 mss.
471 2588 574 2621 :alius,
592 2598 601 2614 σ
628 2590 692 2623 quia
719 2591 741 2616 si
768 2589 831 2616 vita:

45 2628 148 2652 aeterna:
161 2629 202 2652 est
213 2632 286 2652 mors
297 2624 443 2656 contraria,
456 2631 517 2651 esse
531 2631 584 2650 non
596 2625 681 2658 possit
694 2630 827 2655 atteruau

45 2657 122 2692 alius,
138 2669 148 2685 ι
166 2660 229 2694 quia
248 2660 270 2686 si
285 2660 347 2687 vitae
367 2664 476 2686 aeternae
497 2665 570 2685 mors
591 2657 652 2686 esse
673 2667 726 2686 nou
748 2660 833 2693 possit

45 2695 189 2725 contraria.
205 2703 278 2722 mors
292 2702 352 2721 esse
369 2702 420 2721 nou
437 2694 522 2728 possit
537 2697 654 2726 mtcrna;
671 2704 680 2720 ι
697 2694 777 2721 male.

57 2762 62 2768 ν
77 2729 132 2765 (62)
153 2730 235 2761 Editi,
251 2739 260 2755 ‹
283 2731 332 2757 hoc
347 2729 454 2757 interim
469 2727 603 2764 fugiamus
631 2737 745 2764 regnum
760 2736 832 2756 mor-

46 2767 87 2791 lls.
112 2775 122 2791 ι

78 2800 132 2834 (65)
154 2801 219 2827 Vide
239 2804 302 2827 tom.
317 2808 343 2827 vi
359 2801 384 2826 iu
399 2800 539 2834 Joannem,
567 2807 641 2826 num.
665 2799 711 2833 26,
726 2799 769 2828 ubi
786 2799 831 2828 hic

47 2833 188 2865 Scriptura:
201 2836 276 2863 loms
288 2836 443 2867 exponitur.

704 2388 725 2404 "'
737 2388 815 2417 Rom.
832 2397 856 2422 ν,
868 2389 914 2417 21.

696 2423 718 2439 ⁸⁸
735 2424 812 2452 Rom.
830 2432 867 2458 vr,
891 2425 919 2452 2.

889 2226 1012 2258 Christo,
1031 2233 1081 2253 nec
1101 2226 1128 2253 in
1143 2233 1214 2252 novo
1227 2225 1285 2260 eius
1304 2224 1430 2259 sepulcro
1450 2223 1594 2256 collocari,
1615 2225 1679 2258 quia

888 2277 966 2300 vetus
978 2273 1061 2300 homo
1070 2277 1133 2299 tuus
1154 2271 1229 2304 vivit,
1244 2276 1272 2299 et
1285 2278 1339 2298 non
1351 2275 1440 2306 potest
1453 2270 1480 2298 in
1503 2270 1623 2297 novitate
1640 2270 1680 2296 vi-

889 2323 923 2346 tae
946 2318 1096 2347 ambuL'ire.
1114 2319 1259 2353 Propterea
1273 2325 1389 2352 namque
1404 2323 1476 2345 cur.»
1490 2316 1541 2344 fuit
1566 2316 1680 2351 Spiritui

955 2389 976 2404 "
991 2388 1068 2415 Rom.
1085 2395 1124 2421 vt,
1136 2386 1193 2418 ιδ,
1207 2386 1250 2414 40.
1290 2385 1313 2401 ²⁰
1329 2385 1336 2411 l
1353 2384 1425 2411 Petr.
1441 2383 1523 2421 "12?.
1561 2383 1581 2400 "
1598 2383 1678 2421 Rom.

956 2425 980 2440 "
995 2423 1058 2451 ibid.
1079 2418 1120 2450 5f
1143 2423 1165 2438 “
1184 2421 1280 2449 Matth.
1299 2429 1341 2452 In,
1357 2421 1400 2447 11.
1439 2420 1474 2435 '°'
1493 2418 1572 2446 Joan.
1598 2419 1678 2448 tn.5.

930 2518 976 2552 61)
992 2517 1078 2549 Alias,
1101 2525 1110 2542 ι
1129 2515 1173 2543 ubi
1191 2520 1218 2543 et
1241 2515 1375 2552 sermonis
1397 2514 1511 2552 id_quod
1532 2514 1645 2552 dtcitur._
1665 2523 1677 2540 ι

930 2518 976 2552 61)
992 2518 1078 2549 Alias,
1101 2525 1110 2542 ι
1129 2518 1173 2543 ubi
1191 2520 1218 2543 et
1241 2518 1375 2542 sermonis
1397 2518 1422 2541 id
1440 2518 1511 2548 quod
1532 2518 1641 2541 dicitur.
1665 2523 1677 2540 ι

920 2518 977 2588 165)
995 2552 1045 2580 Ms.
1060 2559 1130 2579 unus
1143 2551 1244 2588 omittit
1260 2559 1270 2575 ‹
1285 2550 1388 2578 denuo.
1404 2559 1413 2576 ι
1427 2550 1529 2577 Deinde
1541 2557 1607 2576 mss.
1620 2549 1680 2584 plu-

888 2596 931 2616 res
949 2588 1048 2615 habent
1064 2595 1074 2612 t
1092 2587 1230 2614 convenit.
1250 2594 1260 2611 ι

923 2623 979 2658 (66)
995 2622 1111 2650 Terrena
1123 2623 1174 2648 hac
1187 2622 1297 2648 omina.
1313 2620 1376 2649 Haec
1397 2620 1496 2648 desunt
1511 2619 1538 2646 in
1554 2619 1637 2646 editis
1652 2624 1678 2646 et

889 2659 915 2686 in
933 2658 1072 2693 plerisque
1085 2665 1150 2684 mss.

922 2689 979 2729 (67)
996 2689 1081 2724 Alias,
1095 2701 1104 2718 ι
1118 2692 1314 2728 junguntur....
1327 2698 1388 2726 qua:
1400 2691 1451 2718 sub
1469 2689 1540 2718 coelo
1555 2695 1630 2721 sunt,
1648 2693 1677 2715 ut

886 2729 1033 2764 laudent.)
1052 2733 1104 2764 etc.
1126 2762 1145 2764 _
1180 2761 1186 2764 _
1222 2762 1228 2764 _
1317 2761 1333 2764 __
1453 2761 1477 2764 __
1598 2760 1603 2764 _
1639 2759 1644 2764 Ι

922 2764 977 2800 (68)
998 2763 1080 2800 Editi,
1099 2761 1404 2800 rEcclesimlraditum.
1424 2770 1433 2788 ι
1447 2761 1503 2794 AL,
1522 2769 1531 2786 r
1548 2760 1679 2788 ecclesia:-

886 2798 961 2828 stiL-a:
977 2798 1143 2827 traditionis.
1162 2807 1170 2823 ι
