1833 3049
205 189 273 217 1943

202 245 372 280 Imperfectis
389 252 453 273 vero
469 250 493 272 cl
509 246 598 274 adhuc
613 246 688 274 initia
707 249 870 276 habentibus
892 249 992 275 dicitur
1008 250 1028 278 Α

203 299 232 320 ιιι
247 293 386 320 ambulent
399 297 459 328 post
475 293 616 320 Dominum
633 294 715 321 Deum
731 302 821 327 suum;
836 299 863 321 et
879 294 912 321 de
930 294 991 320 aliis

201 339 301 365 dicitur
314 347 321 365 z
338 348 346 364 ι
362 338 503 366 Dimitterc
519 347 566 367 eos
580 340 687 375 jcjttnos
701 340 775 373 nolo,
792 347 826 367 tte
841 340 911 367 forte
923 339 990 368 dell-

199 383 271 417 cjant
287 384 313 410 in
328 384 372 410 via
380 383 412 410 ⁵⁷.
431 394 440 409 ι

200 432 203 436 ·
233 429 260 455 9.
281 438 290 454 ι
308 429 335 456 Si
350 423 424 458 enim
442 431 618 465 complantati
635 432 699 459 facti
711 439 804 462 sumus
816 432 987 460 similitudini

199 474 296 502 tnortis
311 475 380 509 ejus,
397 476 479 503 etiam
500 478 712 505 resurrectionis
725 478 828 505 erimus
844 478 910 514 (94),
933 479 988 507 hoc

197 521 329 554 scientes,
344 522 406 556 quia
422 527 499 549 vetus
517 523 599 551 ltonto
623 528 717 550 noster
741 524 821 551 simul
839 525 987 553 cruciﬁxus

197 571 238 593 cst
254 567 292 599 ei,
311 572 340 594 ιιι
357 568 515 595 destruatur
538 577 638 603 corpus
662 571 781 604 peccati,
800 575 829 598 ut
846 571 916 598 ttltra
934 579 986 598 non

196 613 349 642 serviamus
373 617 495 648 peccato.
528 614 579 648 Qui
606 615 662 649 (95)
684 617 757 643 enim
793 622 915 645 mortuus
934 622 986 651 est,

194 658 358 691 justilieutus
378 665 420 686 est
434 667 449 687 a
464 667 577 694 peccato
592 661 626 688 ⁵⁸.
648 672 657 688 ι
677 662 773 689 Omnia
793 663 850 691 haec
864 663 896 690 ad
914 663 986 691 illam

195 704 351 738 respiciunt
368 706 559 741 quaestionem,
576 714 610 734 ne
625 707 749 735 videatur
770 709 858 735 loettm
879 710 987 737 dedisse

195 749 329 782 peccandi
346 750 372 777 in
388 758 420 778 co
435 752 506 785 quod
521 751 589 778 dixit
607 751 662 787 (96)
676 762 682 779 :
703 762 712 778 ι
731 752 779 780 Ubi
797 758 886 781 autent
901 754 987 781 abun-

194 791 269 820 davit
283 801 438 829 peceatum,
456 797 687 832 superabundavit
702 799 789 832 gratia
802 799 835 826 ⁵³.
854 809 863 825 ι
880 799 986 827 Idcirco

195 847 312 876 namque
335 849 363 869 et
389 849 509 870 tnortttos
540 852 589 871 nos
610 845 675 872 dicit
714 853 774 872 esse
801 852 934 880 peccato,
959 851 986 874 et

193 888 348 923 quicunque
375 889 504 924 baptizati
528 899 622 919 sumus
649 892 675 918 in
701 892 822 924 Christo,
848 892 874 919 in
896 899 984 921 tnorte

194 934 279 968 ipsius
296 935 445 970 baptizatos
455 945 503 965 nos
518 939 613 966 dicit“
631 944 672 966 :et
694 947 766 966 nunc
785 940 983 974 eomplantatos

195 987 245 1007 nos
259 981 290 1007 ad
311 983 407 1009 mortis
424 983 483 1017 ejus
496 983 701 1012 similitudinem
715 985 811 1012 scribit
829 986 862 1018 “,
883 987 984 1014 addens

194 1025 265 1058 quod
291 1025 313 1052 si
339 1027 544 1056 similitudinem
571 1031 667 1057 mortis
687 1031 758 1065 ejus.
788 1039 844 1066 qua
871 1037 984 1066 peccato

192 1075 317 1097 mortuus
333 1076 386 1103 est,
398 1080 536 1107 geramus,
552 1075 635 1103 etiam
656 1078 866 1105 resurrectionis
883 1079 977 1107 simili-

192 1116 313 1144 tudinem
330 1125 442 1152 sperare
454 1120 611 1149 debeamus.
631 1121 683 1148 Sed
700 1122 751 1151 hoc
766 1129 901 1158 quatenus
922 1134 982 1160 pos-

191 1164 225 1189 sit
243 1162 301 1190 ﬁeri
319 1165 436 1191 ostendit
465 1166 569 1199 dicens,
595 1168 656 1202 quia
676 1175 758 1196 vetns
783 1170 866 1198 homo
889 1178 982 1199 noster

190 1210 368 1244 coneruciligi
393 1211 449 1246 (97)
474 1213 571 1240 debeat
600 1214 709 1241 Christo
730 1216 763 1242 θ’.
789 1216 872 1244 Vetus
889 1223 979 1244 autent

189 1254 271 1282 homo
288 1261 382 1284 noster
398 1257 590 1293 intelligendus
606 1266 648 1287 est
663 1261 716 1288 vita
737 1262 812 1296 prior
831 1271 914 1298 quatn
932 1265 981 1291 du-

189 1300 279 1327 ximus
297 1301 322 1328 in
342 1304 475 1336 peccatis,
493 1304 571 1338 cujus
586 1305 665 1333 linem
682 1312 708 1334 et
723 1307 864 1336 interitum
882 1318 979 1345 quem-

189 1346 250 1373 dam
268 1348 382 1376 l’aeitnus
392 1349 435 1376 ubi
452 1351 600 1386 recipimus
615 1353 640 1379 itt
659 1354 736 1381 nobis
754 1355 834 1382 [idem
849 1356 906 1391 (98)
917 1365 980 1385 crn-

188 1392 229 1419 cis
245 1393 357 1425 Christi,
372 1402 421 1428 per
432 1402 514 1428 quant
527 1396 563 1422 ita
580 1398 734 1426 destruitur
746 1407 847 1435 corpus
863 1402 977 1435 peccati,

188 1443 218 1465 ut
235 1439 355 1466 membra
370 1446 474 1472 nostra,
489 1450 548 1475 qum
563 1445 719 1473 serviebant
732 1452 855 1480 peccato,
872 1449 940 1476 ttltra
954 1450 977 1476 ei

187 1491 240 1510 non
260 1486 391 1519 serviant,
402 1488 448 1514 sed
462 1487 528 1516 Deo.
547 1489 600 1517 Sed
615 1496 686 1518 nunc
704 1497 860 1527 repetentes
875 1502 978 1523 sermo-

188 1537 260 1560 nem,
276 1530 418 1558 videamus
441 1534 505 1567 quid
532 1540 574 1562 est
601 1536 782 1570 complantari
805 1539 975 1568 similitudini

189 1577 284 1603 mortis
299 1577 412 1610 Christi,
429 1578 453 1605 itt
471 1587 525 1614 quo
543 1581 614 1608 velut
630 1582 748 1616 plantam
764 1584 879 1619 alicujus
895 1588 976 1615 arbo-

186 1622 224 1648 ris
238 1623 356 1649 ostendit
377 1630 490 1652 mortem
506 1627 619 1661 Christi,
640 1629 684 1655 etti
709 1638 758 1657 ttos
777 1631 976 1666 contplautatos

186 1667 243 1694 vnit
262 1676 332 1701 esse,
354 1673 383 1696 ιιι
400 1678 432 1696 ex
451 1678 535 1699 succo
554 1674 654 1701 radicis
677 1674 736 1709 ejus
766 1676 843 1703 radix
868 1685 976 1714 quoque

185 1718 278 1740 nostra
296 1716 447 1750 suscipiens
473 1718 604 1752 producat
627 1728 717 1747 ramos
736 1721 860 1755 justitite,
876 1730 903 1750 et
919 1725 976 1751 fru-

185 1767 246 1789 ctus
260 1761 356 1789 all'erat
374 1763 445 1791 vitat.
461 1764 536 1798 Quod
559 1766 581 1792 si
608 1767 648 1793 vis
664 1767 697 1794 de
716 1767 866 1803 Scripturis
890 1779 974 1806 agno-

185 1815 262 1835 scere
280 1817 341 1844 qum
360 1810 410 1837 ista
426 1811 462 1837 sit
477 1811 566 1845 planta
583 1813 626 1839 cui
644 1813 819 1848 contplautati
842 1823 904 1844 esse
926 1817 975 1844 de-

184 1852 309 1886 beamus,
332 1859 360 1881 et
386 1856 463 1890 cujus
480 1857 589 1892 generis
607 1858 700 1892 arbor,
716 1861 776 1887 attdi
795 1861 860 1895 qttid
879 1863 911 1888 de
926 1861 976 1889 Sa-

183 1897 286 1932 pientia
304 1899 452 1928 scribitur:
467 1910 476 1926 ι
491 1901 591 1935 Arbor,
603 1903 700 1938 inquit,
715 1905 776 1932 vita:
792 1911 833 1932 est
847 1907 973 1934 omnibus

183 1944 358 1978 sperantibus
373 1946 398 1972 iit
417 1954 464 1979 se;
484 1951 512 1974 et
532 1948 577 1982 qui
594 1949 736 1976 conlidunt
751 1951 776 1977 in
791 1959 820 1977 ea
842 1940 970 1985 tanquam

183 1988 211 2014 in
229 1989 344 2016 Domino
363 1990 396 2017 ”.
419 2000 428 2017 ι
457 1991 585 2020 Christus
606 2001 671 2028 ergo
693 1995 738 2022 Dei
758 1996 856 2028 virtus,
877 2002 905 2024 et
925 1998 971 2025 Dei

182 2034 317 2068 sapientia
333 2036 366 2068 θ’,
387 2036 443 2071 ipse
466 2042 508 2064 est
527 2039 610 2066 arbor
630 2041 705 2073 vine,
727 2042 770 2068 cui
793 2043 972 2077 complantari

184 2079 325 2114 debemus,
342 2086 368 2108 et
382 2089 451 2108 ttovo
468 2083 585 2116 quodam
607 2089 689 2120 atque
707 2087 816 2113 amabili
836 2087 881 2115 Dei
903 2088 973 2116 dono

182 2135 258 2154 ntors
283 2127 354 2156 illius
378 2129 454 2156 nobis
475 2129 557 2156 arbor
574 2131 635 2158 vita:
648 2131 775 2159 ellicitur.
792 2133 864 2160 Bene
880 2140 971 2162 autem

181 2174 340 2209 Apostolus,
362 2175 452 2203 Sciens
467 2184 495 2203 se
510 2177 536 2204 in
549 2179 676 2213 praesenti
698 2179 756 2206 loco
781 2188 834 2207 tton
850 2181 883 2208 de
898 2189 973 2208 com-

181 2220 255 2246 tntmi
275 2220 336 2253 hac,
356 2221 405 2248 sed
420 2221 454 2248 de
473 2224 577 2256 peccati
604 2229 691 2251 morte
716 2231 845 2259 tractare,
861 2235 913 2254 non
931 2227 972 2255 di-

181 2265 240 2293 xit:
260 2276 268 2291 ι
288 2266 398 2294 Sicnim
413 2269 590 2304 coutplautati
606 2278 700 2298 sumus
716 2281 724 2297 ι
740 2273 821 2299 morti
832 2272 970 2306 ejus,sed,
989 2283 1010 2310 ι)

183 2322 192 2336 ι
205 2313 376 2342 similitudini
394 2316 491 2343 monis
506 2315 576 2350 ejus.
594 2327 602 2342 ι
621 2316 749 2345 Christus
770 2319 842 2346 enim
865 2319 900 2346 ita
927 2328 970 2347 se-

181 2360 233 2385 mcl
251 2365 375 2389 mortuus
391 2367 432 2389 est
448 2369 574 2397 peccato,
591 2368 621 2391 ut
634 2369 776 2399 peccatum
790 2365 901 2393 omnino
915 2374 969 2393 non

179 2405 287 2437 fecerit.
313 2415 363 2436 nec
399 2409 478 2437 dolus
505 2410 632 2438 iuventus
663 2411 700 2437 sit
728 2411 755 2437 in
783 2419 831 2438 ore
853 2412 911 2446 ejus
935 2413 968 2439 “.

181 2451 261 2484 Quod
275 2452 301 2479 itt
320 2453 374 2481 alio
396 2455 507 2483 homine
533 2463 565 2483 ex
593 2456 699 2491 integro
725 2457 840 2484 inveniri
858 2458 969 2485 omnino

177 2505 231 2524 non
249 2500 358 2532 poterit.
376 2509 385 2526 ι
402 2500 486 2528 Nemo
498 2511 506 2527 ι
516 2503 587 2529 enim
600 2511 608 2528 ι
623 2503 740 2529 mundus
754 2509 767 2528 a
777 2508 901 2536 peccato,
919 2511 969 2531 nec

213 2544 235 2582 ξ’
247 2544 342 2572 Matth.
361 2547 464 2579 “,32.
518 2548 541 2564 ⁵⁸
565 2548 642 2576 Rom.
660 2556 698 2582 νι,
712 2549 769 2576 5-7.

177 2579 200 2640 ;³
212 2580 291 2641 grav.
308 2589 348 2613 ιιι,
367 2583 407 2610 l8.
445 2583 468 2598 ⁸⁸
482 2582 491 2608 l
506 2584 568 2611 Cor.
581 2593 601 2617 ι,
612 2584 657 2611 24.
691 2579 734 2599 ’⁵⁵
748 2585 755 2613 l
768 2583 841 2612 Petr.
854 2593 883 2617 tt,
901 2584 946 2611 Ἠ.

212 2661 269 2695 (94)
288 2661 372 2692 Alias.
392 2671 402 2687 ι
420 2663 501 2690 simul
516 2668 543 2690 et
558 2666 766 2693 resurrectionis
782 2667 895 2693 erimus.
918 2676 927 2691 ι

211 2696 338 2736 (95)ρηί
353 2697 422 2736 enim
440 2703 559 2736 mortuus
575 2706 624 2731 est,
637 2700 803 2734 jttuiﬁcalus
821 2707 858 2728 est
875 2710 891 2727 rt
906 2710 966 2736 pec-

174 2737 243 2756 cato.
262 2730 324 2758 Iltre
337 2733 418 2759 verba
440 2733 537 2760 desunt
553 2735 578 2760 in
592 2730 718 2763 omnibus
740 2744 806 2764 mss.
824 2730 966 2764 codicibus

174 2766 287 2797 nostris,
304 2765 351 2793 sed
364 2772 472 2795 exstant
487 2768 513 2794 ιιι
528 2769 622 2796 editis.

210 2800 255 2833 (96
281 2801 362 2834 Editi,
376 2812 386 2828 ι
402 2802 533 2830 diximus.
548 2813 556 2829 ι

210 2802 267 2869 (97;
283 2835 347 2864 lllss.
363 2838 466 2869 plures,
478 2847 488 2864 ι
503 2838 645 2869 ετυεὶῐίιιῖξ
663 2849 671 2865 ι
689 2841 753 2869 editi

210 2835 267 2896 (97f)
283 2835 347 2876 lllss.
363 2838 466 2873 plures,
478 2847 488 2864 ι
503 2838 645 2873 cruciﬁgi;
663 2849 671 2865 ι
689 2841 764 2876 editi,
780 2851 787 2867 t
805 2841 884 2869 simul
901 2850 966 2870 cort-

191 2877 245 2896 ruet
259 2878 303 2897 tm.
319 2881 328 2896 ι

174 2876 361 2937 ωέδὲςὲἓόῖιί.
384 2917 393 2933 ι
408 2907 502 2938 linem.
518 2917 528 2934 ι
546 2909 625 2937 male.

999 927 1021 956 Β

992 1603 1013 1632 C

927 188 1089 217 ORlGENlS

828 2549 851 2565 '9
868 2549 946 2576 Rom.
964 2558 990 2576 ν.
1007 2549 1052 2576 20.

919 2559 946 2576 ιι.
964 2559 990 2582 v,
1007 2559 1052 2576 zu.
1110 2559 1131 2564 ’ν
1145 2559 1223 2575 nom.
1238 2559 1248 2574 ν

920 2585 946 2611 '2.
1000 2585 1022 2600 ⁸⁵
1036 2584 1086 2611 Job
1112 2591 1167 2616 xtv,
1181 2583 1208 2615 4,
1221 2583 1248 2610 5.

1739 188 1788 216 lilii

1044 248 1066 274 si
1084 247 1162 274 unius
1178 246 1228 273 diei
1245 246 1326 273 fuerit
1341 246 1398 273 vita
1416 245 1475 281 ejus
1486 246 1519 273 “.
1544 255 1552 271 ι
1574 245 1673 274 Idcirco
1685 254 1735 282 ergo
1747 248 1788 282 ipsa

1044 293 1152 328 quidem
1181 298 1270 319 morte
1285 300 1339 326 qua
1356 291 1436 319 Jesus
1452 297 1577 320 mortuus
1597 297 1635 319 est
1656 298 1753 327 peccato,
1770 299 1790 321 ut

1043 345 1185 375 peceatum
1206 340 1318 366 ontttino
1335 346 1388 365 non
1403 338 1500 365 iecerit
1517 337 1582 373 (99).
1604 345 1652 365 nos
1666 346 1708 364 non
1722 346 1790 372 possu-

1042 393 1104 412 mus
1120 385 1188 412 tnori
1205 389 1234 411 ut
1249 384 1360 411 omnino
1376 384 1531 410 nesciamus
1546 389 1679 417 peccatum
1696 393 1701 410 :
1716 384 1790 410 simili-

1041 430 1162 457 tudinem
1178 434 1267 456 tamen
1282 429 1384 456 habere
1395 435 1540 463 possumus
1564 428 1613 464 (i),
1637 433 1664 455 ut
1683 429 1791 456 imitantes

1040 484 1113 510 eum,
1131 480 1158 503 et
1175 475 1290 511 vestigia
1316 474 1374 509 ejus
1392 480 1538 509 sequentes
1547 475 1717 502 abstineamus
1733 482 1791 501 uosa

1039 528 1165 558 peccato.
1180 522 1236 550 Hoc
1250 527 1292 549 est
1308 529 1372 556 ergo
1387 522 1462 556 quod
1478 522 1599 557 recipere
1611 526 1690 557 potest
1700 522 1791 549 humana

1039 575 1150 600 natura,
1170 572 1200 594 ut
1227 567 1254 594 in
1282 564 1492 594 similitudinem
1516 567 1611 594 mortis
1634 566 1686 601 ejus
1699 566 1738 593 liat
1754 567 1792 602 (‘2),

1038 615 1102 642 dum
1119 615 1207 650 ipsum
1223 613 1359 641 intitando
1382 621 1437 640 tton
1459 617 1564 648 peccat.
1578 612 1646 640 Nam
1661 614 1754 641 omnino
1768 622 1792 641 ex

1038 661 1146 697 integro
1173 661 1281 688 nescire
1303 665 1456 695 peccatum,
1477 660 1561 687 solius
1586 660 1680 687 Cbristl
1694 666 1737 688 est.
1754 662 1795 688 Sed

1039 706 1090 734 hoc
1107 713 1160 733 non
1177 705 1362 740 intelligentes
1384 705 1495 740 quidam
1515 706 1708 739 haereticorum,
1725 707 1795 734 conati

1038 756 1102 778 sunt
1118 759 1151 779 ex
1176 752 1228 778 ltoc
1244 750 1364 785 Apostoli
1391 751 1450 777 loco
1471 757 1596 778 asserere
1618 751 1684 785 qttod
1697 751 1798 778 Christus

1039 797 1120 834 564
1149 805 1202 825 ιιοιι
1231 805 1296 825 vere
1317 802 1442 824 mortuus
1469 798 1517 830 sit,
1544 797 1591 825 sed
1618 798 1798 824 similitudinem

1039 845 1135 871 tnortis
1151 843 1288 876 habuerit,
1298 848 1324 871 et
1340 844 1413 871 visus
1426 844 1461 871 sit
1474 844 1560 879 magis
1572 843 1650 875 mori,
1663 851 1736 878 quam
1749 851 1800 870 vere

1038 893 1161 916 mortuus
1175 889 1220 916 sit.
1239 888 1343 922 Quibus
1361 890 1528 924 respondere
1543 889 1671 925 quoniam
1694 889 1801 924 perfacile

1036 939 1088 967 est,
1106 942 1158 961 non
1179 939 1244 969 puto
1257 935 1443 962 necessarium
1461 942 1492 962 ex
1513 935 1621 963 emeris
1636 935 1676 962 vel
1689 936 1801 970 Apostoli,

1036 981 1077 1008 vel
1097 981 1311 1016 Evangeliorum
1324 981 1415 1013 dictis,
1431 981 1475 1008 ubi
1489 981 1651 1016 simpliciter
1664 990 1734 1010 mors
1745 982 1800 1015 eius,

1034 1030 1061 1054 ct
1082 1034 1135 1053 non
1153 1026 1309 1054 similitudo
1330 1027 1425 1053 mortis
1441 1027 1585 1060 scribitur,
1605 1028 1801 1055 testimoniorum

1034 1073 1139 1108 pondus
1155 1073 1298 1105 adhibere,
1319 1079 1379 1100 cum
1400 1073 1533 1107 possimus
1553 1074 1586 1100 ad
1601 1081 1648 1101 eos
1663 1075 1747 1101 dicere
1761 1083 1767 1100 :
1780 1074 1802 1101 Si

1034 1119 1184 1146 similitudo
1199 1119 1296 1146 tnortis
1311 1118 1372 1152 init,
1389 1124 1416 1146 et
1435 1127 1489 1146 non
1505 1127 1569 1146 vera
1600 1122 1765 1153 resurrectio,
1782 1125 1804 1148 et

1033 1174 1086 1193 ttos
1106 1172 1171 1199 ergo
1186 1166 1343 1192 videbimur
1357 1173 1509 1199 resurgere,
1538 1172 1566 1193 et
1591 1174 1643 1194 non
1656 1175 1717 1194 vere
1730 1175 1804 1194 resur-

1033 1218 1128 1245 gemus
1150 1220 1157 1237 :
1178 1216 1205 1238 et
1226 1211 1382 1237 videbimur
1404 1211 1472 1238 tnori
1499 1217 1623 1246 peccato,
1641 1217 1667 1239 et
1686 1220 1736 1240 non
1754 1221 1806 1239 vere

1033 1255 1192 1282 moriemur.
1209 1255 1242 1282 Et
1257 1263 1339 1282 omne
1353 1262 1419 1289 ergo
1432 1257 1503 1289 quod
1518 1261 1626 1288 gestum
1640 1262 1692 1288 est,
1707 1263 1732 1284 et
1746 1257 1806 1291 geri-

1034 1305 1088 1333 tur,
1105 1301 1195 1328 visum
1210 1306 1252 1328 est
1264 1302 1333 1335 geri,
1349 1301 1395 1327 sed
1417 1308 1469 1328 non
1488 1306 1530 1329 est
1554 1307 1671 1335 gestum.
1694 1303 1807 1337 Superest

1031 1346 1117 1381 igitur
1132 1352 1163 1374 ut
1177 1352 1205 1374 et
1219 1347 1293 1381 quod
1310 1345 1406 1373 salvati
1422 1354 1527 1379 sumus,
1545 1347 1595 1374 \‘lsi
1608 1348 1695 1376 simus
1708 1349 1807 1381 salvari,

1030 1395 1078 1421 sed
1094 1400 1148 1420 non
1162 1399 1227 1420 vere
1241 1392 1337 1420 salvati
1349 1391 1448 1419 simtts.
1467 1391 1544 1420 Unde
1556 1393 1684 1427 queuiam
1697 1395 1751 1421 haec
1763 1399 1807 1420 tam

1030 1439 1147 1466 absurda
1166 1443 1241 1472 sunt,
1256 1443 1285 1466 ut
1303 1446 1356 1466 non
1375 1438 1514 1473 indigeant
1534 1440 1749 1473 probationibus.
1769 1449 1809 1467 nos

1031 1486 1065 1512 ad
1080 1485 1302 1520 explanationem
1319 1493 1416 1512 eorum
1430 1492 1494 1519 qua:
1509 1485 1647 1513 habentur
1660 1487 1686 1514 in
1703 1495 1809 1522 sequen-

1031 1533 1104 1559 tibus
1131 1537 1336 1559 convertamur.
1365 1531 1452 1566 igitur
1479 1531 1660 1567 complantari
1689 1542 1737 1561 nos
1764 1534 1810 1560 vult

1031 1578 1125 1605 mortis
1142 1578 1200 1612 ejus
1227 1578 1407 1609 similitudini,
1430 1585 1482 1611 qua
1510 1582 1623 1612 peccato
1649 1586 1811 1606 mortunscst

1031 1624 1125 1656 semel,
1139 1629 1168 1650 ut
1186 1624 1321 1658 possimus
1331 1628 1358 1650 et
1378 1625 1573 1651 resurrectioni
1593 1625 1652 1658 ejus
1670 1633 1732 1653 esse
1742 1634 1808 1653 com-

1029 1669 1145 1705 plantati
1155 1669 1234 1696 ⁸⁷.Αά
1249 1674 1394 1704 utrumque
1402 1671 1474 1698 enim
1487 1671 1627 1698 subaudiri
1639 1673 1720 1699 debet
1729 1681 1738 1697 ι
1748 1679 1812 1699 com-

1029 1716 1154 1750 plantati.
1169 1725 1179 1742 ι
1199 1715 1232 1742 Et
1249 1715 1309 1743 vide
1323 1724 1405 1750 quam
1423 1717 1584 1744 necessario
1608 1718 1727 1744 fortnam
1747 1717 1814 1752 plan-

1030 1763 1141 1789 tationis
1167 1763 1354 1795 assumpserit.
1383 1762 1480 1790 Omnis
1505 1763 1608 1790 etenitn
1641 1763 1736 1798 planta
1763 1767 1814 1797 post

1028 1809 1125 1836 hietnis
1147 1813 1261 1836 tnortent
1282 1809 1507 1836 resurrectionem
1526 1809 1596 1836 veris
1622 1815 1774 1844 exspectat.
1790 1809 1814 1834 Si

1027 1861 1094 1891 ergo
1110 1860 1137 1881 et
1153 1854 1246 1894 nosin
1263 1854 1363 1882 Christi
1377 1860 1464 1882 ntorte
1483 1855 1663 1889 eomplautati
1687 1862 1781 1882 sumus
1792 1854 1814 1880 in

1028 1900 1117 1927 hieme
1137 1900 1228 1927 saculi
1243 1899 1321 1933 hujus
1335 1905 1362 1927 et
1375 1900 1518 1934 prtescntis
1533 1900 1606 1932 vitae,
1621 1901 1706 1928 etiam
1729 1901 1762 1927 ad
1777 1900 1814 1926 fu-

1027 1951 1118 1973 tttrttttt
1134 1954 1182 1973 ver
1199 1946 1487 1973 lnveniemurfructus
1499 1947 1611 1982 justitiae
1626 1954 1660 1974 ex
1677 1947 1764 1981 ipsius
1780 1953 1814 1971 ra-

1027 1991 1086 2018 dice
1103 1991 1273 2026 proferentes
1288 2000 1295 2024 ;
1310 1996 1337 2018 et
1352 1992 1374 2019 si
1402 1992 1579 2026 complantati
1599 2000 1699 2020 sumus
1718 1993 1756 2024 ei,
1774 2001 1814 2018 nc-

1025 2045 1101 2065 cesse
1126 2043 1169 2066 est
1195 2044 1224 2065 ιιι
1253 2038 1335 2065 Pater
1363 2038 1480 2073 agricola
1498 2043 1596 2073 purget
1615 2046 1668 2066 nos
1690 2044 1816 2073 tanquam

1024 2085 1150 2119 palmites
1167 2085 1228 2112 vitis
1243 2091 1323 2117 verte,
1349 2090 1379 2112 ut
1404 2087 1522 2112 fructum
1546 2084 1700 2118 plttrimum
1725 2086 1818 2112 attera-

1025 2138 1093 2163 ntus,
1112 2131 1182 2157 sicut
1195 2136 1222 2157 et
1238 2130 1295 2165 ipse
1313 2131 1337 2158 in
1358 2131 1511 2165 Evangeliis
1530 2131 1598 2158 dicit
1615 2140 1622 2158 :
1649 2140 1663 2158 ρ
1687 2131 1748 2166 Ego
1764 2138 1817 2158 sum

1024 2177 1086 2203 vitis
1103 2184 1177 2209 vera,
1191 2185 1238 2204 vos
1253 2177 1392 2213 palmites,
1407 2184 1434 2204 et
1446 2177 1530 2207 Pater
1541 2187 1617 2206 meus
1631 2178 1761 2213 agricola
1772 2182 1817 2204 est.

1024 2222 1137 2250 Omnem
1168 2223 1305 2258 palmitem
1331 2224 1377 2260 qui
1399 2224 1424 2250 in
1443 2232 1556 2252 menon
1580 2227 1690 2258 m'anet,
1716 2224 1819 2251 excidet

1026 2268 1099 2295 illutn
1116 2269 1197 2296 Pater
1214 2277 1300 2296 meus.
1322 2270 1372 2303 Qui
1390 2275 1481 2297 autem
1494 2275 1586 2297 manet
1605 2271 1631 2298 in
1650 2278 1708 2302 me,
1726 2277 1819 2305 purga-

1025 2316 1064 2343 hit
1085 2324 1157 2347 cum,
1178 2322 1208 2343 ιιι
1231 2316 1350 2343 fructum
1374 2316 1521 2351 plurimum
1546 2316 1645 2344 θῆαι-ιιι
1669 2317 1707 2345 ⁸⁸.
1734 2327 1745 2343 ι
1771 2316 1819 2343 llo-c

1024 2369 1090 2397 ergo
1105 2362 1184 2389 tttodo
1202 2363 1380 2397 Complautati
1400 2370 1496 2391 sumus
1519 2363 1699 2391 similitudini
1731 2362 1822 2390 mortis

1023 2408 1093 2443 ejus.
1124 2413 1152 2436 ut
1171 2413 1198 2437 ct
1227 2409 1436 2436 resurrectionis
1459 2409 1518 2444 ejus
1542 2410 1725 2437 similitudini
1751 2415 1822 2436 catu-

1022 2455 1137 2490 plantati
1165 2456 1263 2483 simus.
1279 2455 1350 2489 Quid
1363 2455 1497 2483 sitautent
1521 2456 1702 2484 similitudini
1731 2462 1822 2483 resur-

1023 2502 1151 2529 reetiottis
1169 2501 1228 2535 ejus
1240 2509 1301 2529 esse
1315 2502 1533 2536 complantatum
1559 2501 1684 2530 Joannes
1710 2506 1822 2536 apostoc

1109 2549 1131 2564 ευ
1145 2548 1223 2575 Rom.
1235 2556 1273 2580 vn,
1286 2547 1314 2577 2.
1328 2548 1354 2575 5.
1411 2548 1431 2563 ⁶¹
1446 2547 1526 2576 Rom.
1541 2548 1617 2580 vt,5.
1677 2547 1703 2563 "
1720 2548 1789 2574 ibid.
1799 2545 1822 2570 ιτ.

1265 2567 1273 2581 ’
1288 2567 1421 2610 Ἶῖίὶοιιι.
1438 2567 1617 2615 ω
1640 2582 1764 2610 ⁶⁹.Ιο;ιιι.
1783 2587 1823 2609 Π,

1055 2666 1111 2701 (99)
1125 2665 1157 2693 Ut
1171 2670 1307 2700 peccatum
1321 2665 1427 2692 omnino
1444 2673 1496 2692 non
1509 2666 1611 2700 fecerit.
1635 2665 1706 2693 Haec
1725 2665 1822 2691 deswl

1022 2701 1048 2728 in
1069 2701 1162 2737 editis,
1176 2707 1202 2728 et
1217 2701 1243 2737 in
1259 2701 1395 2734 plerisque
1407 2708 1473 2728 mss.
1751 2734 1767 2737 __

1055 2737 1092 2771 (l)
1110 2736 1143 2763 UI
1164 2735 1270 2762 ontnina
1287 2736 1434 2775 nesciamus
1444 2741 1591 2775 peccatum,
1609 2734 1822 2775 similitudini!

1019 2769 1106 2798 tamen
1121 2772 1216 2811 habere
1231 2778 1382 2804 possumus.
1401 2769 1464 2798 Haec
1476 2772 1670 2798 desiderantur
1696 2770 1731 2796 in
1751 2769 1823 2795 ltbt’ti

1019 2815 1097 2832 ιιιιιιξει
1115 2815 1205 2832 CUIUS.

1018 2812 1097 2874 “(‘3'
1111 2807 1329 2878 Eiiitisjtlerique,
1349 2851 1358 2868 ι
1373 2846 1401 2869 ιιι
1427 2841 1460 2869 ad
1483 2841 1699 2870 similitudinem
1729 2835 1821 2866 ωοηὶε

1019 2880 1077 2912 ejus
1090 2878 1139 2904 hoc
1155 2878 1210 2904 liat.
1227 2886 1235 2903 ι
