1833 3049
3 91 54 119 L53

494 93 670 122 COMMENT.
690 93 722 121 ΙΝ
739 94 845 122 ιεινιετ.
861 95 905 122 Al)
921 95 1002 123 liOM.
1024 96 1086 122 Liii.
1110 95 1140 122 ν.

1554 97 1627 126 tum

3 159 18 174 δ
38 150 161 178 (locet:
178 159 187 175 ι
203 150 289 177 Filioli
307 151 356 186 (5),
376 151 494 178 nondum
511 153 613 181 scimus
627 154 690 189 quid
708 154 790 182 futuri
807 161 828 187 Λ
844 157 913 183 milli
935 161 1034 191 potest,
1056 156 1090 183 de
1106 161 1220 190 tttrnquc
1235 156 1298 189 quid
1312 156 1390 183 nobis
1406 158 1530 184 νὶιΙι-ιιιιιι·
1542 167 1626 193 inpo-

3 203 104 223 ηηιιιε.
127 197 155 224 Si
175 202 264 224 autem
279 198 411 225 revelatus
430 199 507 226 nobis
529 200 621 233 fuerit,
636 201 737 228 similes
753 201 789 228 illi

6 243 101 270 iuius
116 244 149 270 σν.
171 250 180 269 t
198 244 230 271 Et
248 245 344 271 iterum
362 245 418 280 ipso
435 245 559 274 Salvator
571 247 670 274 dicit"
687 257 695 275 :
712 257 722 273 ι
739 248 787 275 Pa-

5 297 34 321 r,
57 290 134 317 volo
152 295 181 316 ιιι
197 291 241 317 ubi
256 297 306 325 ego
325 298 396 323 sunt,
408 296 435 318 ct
451 293 493 319 isti
510 294 564 320 sint
579 295 731 329 mecum“)
749 303 756 324 :
778 304 788 321 ι

19 336 142 363 iterum
158 345 165 363 :
181 345 190 362 ‹
208 336 284 364 Sicut
301 342 351 370 ego
367 337 394 364 iii
412 342 447 372 te,
460 343 487 366 et
501 344 526 366 tu
545 340 572 366 in
591 348 645 372 me,
662 346 690 368 tit
705 346 731 368 et
745 342 789 369 isti

25 383 127 410 nubis
140 390 223 409 uuutn
239 383 338 410 sint“.
355 392 364 409 ι
383 384 459 416 Quod
482 385 576 419 utique
591 386 623 413 de
647 386 700 413 illis
713 387 788 420 dicit,

4 430 25 454 ii
55 430 90 455 in
117 430 243 463 pratsettti
266 430 321 456 vita
346 432 523 465 coutplanlati
545 432 790 460 ltterintsiinilitu-

7 474 40 499 ni
60 475 171 501 mortis
185 474 253 508 ejus.
275 475 342 502 l‘uto
358 480 449 502 autem
465 477 537 511 quod
551 483 628 510 grate
642 475 694 506 hoc
714 486 741 506 et
757 479 790 507 de

5 528 26 547 ο
46 521 170 548 latrone
185 519 238 549 dici
254 523 352 556 possit,
369 523 413 556 qui
431 523 512 549 simul
528 523 554 550 in
569 529 650 553 cruce
664 527 790 561 pependit

3 574 43 592 Illl
73 563 148 594 Iesu
168 575 176 599 ;
202 572 226 594 ci
254 575 303 602 per
327 567 526 595 confessionem
547 575 623 597 suam
641 578 694 606 qua
710 573 788 606 dixit,

10 611 171 639 Mettiento
187 613 250 645 mei,
274 613 399 646 Domine,
415 619 475 641 cum
491 616 598 643 veneris
623 616 650 643 in
676 622 788 652 regnum

10 667 65 685 nm
86 659 128 692 ",
146 669 155 685 ι
173 663 199 686 et
213 659 294 685 alium
312 659 543 693 blaspheinantetn
557 663 700 697 corripuit,
715 671 790 690 cout-

5 710 85 732 auta
93 705 118 732 ri
136 713 185 739 per
204 705 261 732 haec
279 706 356 733 visus
367 706 403 733 sit
417 707 587 735 similitudini
603 709 698 736 mortis
713 709 787 744 ejus:

3 751 27 776 id
45 755 81 777 et
101 750 298 778 resnrrectioui
314 750 373 784 ejus
391 752 592 786 complantntus
617 753 653 781 sit
671 761 718 789 per
738 755 789 782 hoc

4 797 58 822 tod
97 797 125 823 ei
152 796 278 823 dicitur:
302 804 311 822 ι
334 796 420 824 liodie
442 805 547 825 mecum
574 799 628 826 eris
651 799 678 826 iii
709 807 789 836 para-

6 851 44 870 so
57 843 102 870 ⁷³.
122 851 132 868 ν
150 844 234 877 Digna
249 848 367 877 namque
392 848 451 870 erat
466 844 557 878 planta
575 846 703 879 paradisi,
726 853 787 881 quae

10 890 86 916 bnrl
108 890 173 916 vitae
189 890 293 916 sociata
307 893 357 916 est.
377 888 524 924 Propterea
541 896 606 925 ergo
621 893 694 926 quod
711 892 787 920 dixe-

3 941 21 962 tt
40 936 202 969 Apostolus
215 937 395 971 complantari
415 937 588 964 similitudini
603 938 699 965 mortis
712 938 788 966 Chri-

6 982 27 1010 i.
49 981 112 1007 alia
131 986 226 1008 rursus
238 981 323 1015 ﬁgura
338 981 529 1016 repetit(5),et
540 982 604 1008 dicit
618 992 625 1009 ε
641 991 651 1008 ι
663 983 729 1016 Quia
742 990 788 1010 ve-

3 1034 26 1053 is
46 1027 141 1053 homo
153 1029 246 1052 noster
257 1026 337 1052 simul
351 1026 497 1054 cruciﬁxus
511 1031 553 1054 est
567 1028 603 1059 ei,
620 1033 648 1054 ιιι
665 1029 787 1056 destrua-

3 1080 28 1098 ir
60 1079 170 1106 corpus
191 1071 298 1106 peccati
314 1070 346 1098 ⁷⁸.
365 1077 374 1096 t
390 1071 418 1098 ln
435 1072 539 1105 multis,
552 1078 579 1100 et
595 1081 666 1108 saepe
676 1074 732 1109 jam
747 1075 788 1102 dl-

3 1120 97 1149 iutus,
122 1119 184 1152 quid
202 1122 244 1145 est
258 1117 431 1152 concruciligi
450 1116 561 1146 Christo
579 1127 586 1153 ;
610 1126 637 1147 et
655 1121 688 1147 de
701 1121 786 1148 veteri

3 1166 108 1191 omine
125 1171 197 1198 saepe
214 1165 390 1192 tractavimus
413 1173 420 1198 ;
447 1165 519 1192 unde
538 1165 657 1193 breviter
677 1168 702 1193 in
719 1174 788 1202 prte-

3 1211 59 1237 :uti
79 1210 145 1237 loco
161 1212 283 1237 veterem
308 1210 447 1237 hominem
472 1211 598 1243 dicimus,
624 1212 669 1246 qui
691 1219 788 1240 secun-

4 1264 52 1282 mu
74 1257 167 1283 Adam
195 1256 261 1282 vixit
287 1255 507 1290 prmvaricationi
534 1257 667 1285 obnoxius
682 1263 786 1293 etpeo-

3 1307 65 1335 ato,
84 1308 115 1330 et
136 1303 178 1329 cui
200 1302 340 1329 dominata
370 1307 410 1330 cst
437 1308 511 1330 tnors
539 1303 652 1338 peccati,
677 1304 710 1331 de
735 1312 788 1339 quo

7 1349 186 1382 liirograplta
203 1348 307 1383 peccati
324 1349 412 1376 tenuit
427 1348 471 1376 ille
485 1350 530 1383 qui
555 1349 672 1376 habebat
693 1350 789 1378 mortis

3 1397 144 1430 inperium
159 1404 167 1422 :
183 1402 242 1430 quae
255 1396 316 1430 quia
333 1395 458 1424 Christus
479 1395 611 1430 sanguine
630 1402 680 1424 suo
695 1397 789 1425 deletis

7 1443 70 1469 ruci
100 1450 157 1469 sum
173 1442 256 1469 allixit
270 1443 304 1475 ⁷⁵,
324 1444 406 1470 etiaiit
433 1450 481 1469 uos
498 1443 644 1469 secundum
668 1447 788 1470 veteretit

3 1488 141 1514 ioniincni
160 1488 204 1522 qui
222 1486 484 1522 peccatu‘obnnxius
506 1487 566 1520 fuit,
587 1487 710 1515 cruciﬁxi
728 1496 788 1516 esse

3 1536 144 1567 lebetnus,
173 1545 182 1561 ι
203 1540 232 1562 ut.
255 1534 416 1563 destruatur
440 1541 539 1570 corpus
564 1536 678 1570 peccati,
705 1541 732 1563 ct
749 1537 789 1563 ul-

5 1591 34 1609 i-a
51 1582 95 1617 (6)
118 1590 171 1609 non
190 1582 342 1609 serviamus
358 1586 470 1617 peccato
487 1582 521 1608 '”.
544 1590 554 1607 ι
582 1582 789 1609 Observandum

4 1634 92 1656 intem
113 1634 178 1663 puto
194 1628 265 1663 qttod
282 1627 426 1661 Apostolus
442 1627 487 1654 ubi
510 1627 576 1654 dicit
596 1627 789 1654 destruendum

4 1684 55 1702 'ssc
75 1686 84 1701 ι
101 1682 212 1709 corpus,
231 1683 240 1700 ι
259 1675 333 1709 potiit
354 1680 363 1699 ι
380 1675 504 1708 peccati:
526 1683 536 1699 ι
564 1673 607 1700 ubi
625 1679 715 1700 :tutetn
736 1681 788 1700 non

4 1722 63 1748 iicil
85 1720 296 1752 destruendum,
309 1727 362 1747 non
382 1728 391 1745 ι
405 1727 504 1754 corpus
519 1719 635 1753 peccati,
655 1726 664 1744 ι
681 1719 728 1745 sed
741 1726 789 1746 nos

6 1774 71 1799 psus
93 1765 160 1794 (ἰὴ-ΙΙ,
176 1772 239 1793 esse
256 1766 303 1800 qui
320 1772 372 1792 non
391 1765 544 1792 serviamus
559 1767 682 1797 peccato,
700 1767 729 1789 ut
746 1769 790 1789 os-

4 1814 92 1840 tendat
110 1813 172 1847 quia
199 1813 220 1840 si
248 1810 416 1839 desum-tuin
446 1810 530 1837 luerit
554 1814 653 1844 corpus
672 1807 789 1842 peccati,

6 1867 50 1886 am
69 1867 121 1886 nos
138 1866 191 1885 noti
206 1859 358 1885 sertiatnus
372 1859 496 1891 peccatu,
516 1856 560 1883 cui
579 1854 684 1882 scilicet
705 1853 791 1881 servi-

4 1906 90 1932 iimus
116 1907 201 1933 donec
228 1904 253 1932 it'i
280 1904 358 1932 nobis
378 1910 431 1930 non
456 1906 515 1929 erat
539 1901 718 1932 destructum,
740 1907 790 1927 nec

4 1957 78 1978 :rant
95 1950 260 1977 mortiﬁcata
283 1949 404 1976 membra
433 1951 528 1975 nostra
549 1954 610 1981 qua-
631 1950 694 1973 sunt
709 1953 790 1980 super

4 2004 103 2023 terram
126 1996 159 2023 "".
181 1994 236 2023 Sed
256 1994 411 2029 diligentius
437 1995 524 2021 adhuc
547 1993 724 2027 repetendum
748 1996 791 2019 est

7 2043 136 2075 iuomodo
149 2042 249 2070 dixerit
266 2051 275 2067 ι
293 2048 392 2076 corpus
404 2040 520 2075 peccati.
540 2048 548 2065 t
568 2038 598 2066 in
617 2046 674 2073 quo
692 2037 789 2072 duplex

5 2089 55 2116 lari
77 2089 185 2116 videtur
208 2087 376 2119 intellectus,
398 2086 441 2114 vel
460 2086 525 2120 quia
542 2089 667 2112 nostrum
690 2091 790 2119 corpus

5 2133 106 2166 peccati
122 2140 182 2160 esse
199 2132 298 2159 dixerit
319 2138 417 2166 corpus
433 2130 472 2166 (7)
492 2139 499 2163 ;
525 2130 566 2156 vel
592 2129 655 2164 quia
681 2129 787 2163 peccati

843 210 947 230 nemus.
970 202 1074 229 Etenim
1090 211 1111 230 si
1129 202 1265 238 proprium
1285 209 1384 237 corpus
1405 210 1540 238 ponaintts
1566 212 1626 232 esse

846 248 958 286 l‘eccati,
979 248 1115 275 videbitur
1129 248 1198 283 quod
1213 249 1285 274 sicut
1299 249 1332 276 de
1352 249 1395 276 his
1411 249 1456 284 qui
1483 251 1509 277 in
1526 259 1629 278 novum

843 293 979 320 hominem
997 295 1114 329 reparati
1129 299 1193 322 sunt
1208 294 1310 322 dictum
1326 300 1380 328 est,
1392 295 1454 329 quia
1475 304 1485 321 ι
1497 303 1545 324 vos
1560 298 1626 324 cstis

841 345 940 373 corpus
957 339 1070 372 Christi,
1084 345 1112 367 et
1128 340 1248 368 membra
1261 348 1294 368 ex
1307 346 1383 376 parte
1394 341 1418 357 ⁷⁸
1441 342 1495 377 (8),
1517 351 1527 368 ι
1547 343 1583 369 ita
1599 347 1628 370 et

841 385 874 411 de
889 383 931 412 his
942 385 988 420 qui
1006 390 1124 412 veterem
1138 387 1274 414 hominem
1287 387 1404 414 nondum
1417 387 1628 421 ttruciﬁxerunt,

841 431 894 458 dici
914 437 993 465 posse
1012 433 1085 466 quod
1099 432 1155 459 siut
1167 439 1267 466 corpus
1277 433 1381 466 peccati
1397 438 1422 460 et
1435 433 1567 466 mcnthra,
1583 439 1628 460 cu-

827 477 884 512 'jllS
903 479 1025 512 corporis
1047 478 1084 513 (ti)
1100 484 1181 513 caput
1207 480 1242 507 sit
1265 480 1398 512 diabolus,
1416 479 1487 507 sicut
1501 479 1628 507 Christus

842 528 920 556 caput
941 525 982 550 est
1002 524 1125 558 corporis
1147 524 1274 551 Ecclesiic
1302 533 1354 551 non
1383 522 1508 551 habentis
1533 532 1627 551 inacti-

841 568 894 595 lam
905 573 953 595 aut
965 576 1057 604 rugam
1071 570 1104 596 ".
1116 569 1232 597 Possunt
1245 575 1333 597 autetn
1347 571 1468 597 membra
1481 577 1513 596 ex
1530 570 1629 604 quibus

841 621 939 648 corpus
958 614 1028 641 istud
1052 615 1156 648 peccati
1184 620 1303 646 constat,
1330 615 1375 643 illa
1405 617 1488 643 rideri
1506 624 1565 650 qua:
1580 624 1628 644 su-

842 659 933 693 perius
958 659 1037 694 565
1063 662 1233 687 enutneravit
1254 660 1309 696 (l0)
1341 661 1486 695 Apostolus
1508 662 1633 688 membra

841 711 900 731 esse
924 712 1005 738 super
1029 710 1148 737 terram,
1165 705 1189 732 id
1205 711 1245 732 est
1260 705 1476 738 lornicationem,
1507 707 1625 734 immun-

841 749 954 780 ditiam,
981 750 1178 785 impudicitiam
1193 769 1200 782 ,
1227 752 1370 778 avaritiam
1383 769 1390 782 .
1414 753 1603 779 contentiones
1615 771 1627 783 ,

842 796 920 828 iram,
951 796 1037 828 dolos,
1061 797 1146 829 rixas,
1173 797 1369 828 dissensiones.
1399 798 1529 830 itmrcscs,
1559 799 1628 825 inti-

840 843 926 874 diam,
943 843 1154 870 comessationes
1165 843 1200 876 ⁸⁸,
1223 849 1251 871 et
1270 844 1312 870 lils
1336 844 1434 870 similia
1453 852 1504 871 :ex
1525 846 1625 879 quibus

841 889 968 915 omnibus
991 889 1121 916 membris
1149 889 1228 923 digne
1254 889 1361 916 dicatur
1377 898 1476 924 corpus
1501 895 1629 918 constare

840 935 958 968 peccati,
976 939 1004 962 et
1029 936 1078 962 hoc
1094 942 1193 970 corpus
1208 940 1285 962 vetus
1308 935 1390 962 homo
1408 936 1462 971 (ll)
1485 937 1628 971 appellari.

842 981 917 1014 Quod
934 981 956 1007 si
972 981 1032 1015 quis
1053 988 1100 1015 per
1122 988 1231 1008 crucem
1245 981 1346 1009 Christi
1367 982 1488 1009 destruat
1506 983 1583 1016 (l2),
1601 988 1628 1009 ct

842 1027 868 1054 iii
885 1034 983 1054 novum
997 1027 1133 1053 hominem
1148 1027 1194 1061 qui
1205 1028 1353 1053 secundum
1370 1028 1451 1054 Deum
1467 1033 1577 1055 creatus
1587 1032 1629 1055 est

841 1077 1024 1100 cotnuiutetur
1036 1073 1071 1104 θ’,
1086 1072 1155 1099 ultra
1187 1077 1240 1099 non
1257 1073 1363 1100 dicetur
1379 1073 1484 1100 servire
1503 1078 1631 1108 peccato,

841 1120 882 1146 cui
896 1119 956 1146 sine
973 1119 1056 1146 dubio
1073 1119 1158 1146 servit
1176 1119 1262 1146 donec
1280 1118 1360 1145 alicui
1387 1119 1484 1146 hor-ini
1505 1120 1629 1153 subjacet

841 1171 901 1199 quae
923 1171 1005 1198 supra
1031 1164 1209 1199 exposuimus
1233 1165 1355 1191 membra
1384 1172 1444 1191 esse
1461 1164 1580 1198 peccati.
1599 1165 1627 1191 Si

841 1217 906 1237 vero
925 1210 1010 1244 magis
1035 1210 1085 1237 huc
1104 1215 1205 1244 corpus
1229 1214 1351 1237 nostrum
1369 1210 1471 1238 dixisse
1489 1210 1627 1245 intelliga-

843 1260 886 1282 tur
899 1255 1044 1290 Apostolus
1059 1262 1158 1289 corpus
1171 1256 1288 1290 peccati,
1305 1256 1453 1283 secundum
1469 1255 1543 1283 illam
1564 1263 1627 1290 pro-

843 1301 914 1328 lecto
938 1301 1089 1335 accipietur
1113 1301 1340 1336 intelligentiam,
1356 1309 1408 1336 qua
1435 1307 1462 1329 et
1485 1302 1568 1328 Dat-id
1595 1303 1629 1328 de

842 1348 988 1382 semetipso
1008 1347 1084 1379 dicit,
1103 1348 1166 1381 quia
1192 1356 1200 1372 ι
1217 1347 1243 1373 iu
1270 1347 1459 1381 iniquitatibus
1480 1351 1639 1382 conceptus.

842 1402 913 1426 sutn,
930 1398 957 1420 et
973 1394 998 1420 in
1013 1394 1131 1428 peccatis
1146 1394 1269 1427 concepit
1281 1401 1324 1420 tne
1338 1398 1424 1420 mater
1434 1398 1491 1420 mea
1502 1393 1535 1420 δ’.
1549 1401 1558 1418 ι
1573 1392 1636 1421 εαι

841 1445 869 1468 et
886 1441 941 1475 ipse
956 1438 1099 1474 Apostolus
1115 1440 1141 1466 iii
1158 1440 1220 1467 aliis
1231 1441 1295 1467 dicit
1312 1449 1318 1467 :
1335 1447 1344 1466 ι
1359 1440 1424 1473 Quis
1444 1447 1486 1466 me
1503 1439 1629 1467 liberabit

842 1487 875 1513 de
900 1492 1015 1520 corpore
1039 1487 1135 1514 mortis
1163 1486 1243 1521 hujus
1254 1487 1295 1514 ⁸³2
1312 1496 1321 1513 i
1340 1490 1367 1514 et
1391 1487 1488 1513 ltcrutn
1507 1495 1516 1511 ‹
1529 1492 1629 1520 corpus

843 1531 1027 1559 humilitatis:
1046 1532 1167 1559 iiotitinat
1185 1539 1285 1567 corpus
1303 1531 1466 1559 nostrum”.
1483 1531 1534 1558 Sed
1553 1536 1579 1558 et
1596 1532 1629 1558 dc

843 1576 985 1604 Salvatore
997 1579 1112 1611 quodam
1130 1578 1190 1606 loco
1206 1579 1280 1610 dicit,
1296 1578 1359 1612 quia
1374 1578 1479 1605 venerit
1491 1586 1500 1602 ι
1514 1578 1540 1604 in
1552 1577 1629 1604 sitni-

842 1622 983 1648 lituditicni
997 1624 1088 1650 carnis
1101 1624 1215 1658 peccati,
1231 1633 1240 1649 ι
1261 1628 1289 1650 ιιι
1310 1633 1318 1648 ι
1333 1624 1366 1650 de
1390 1629 1502 1659 peccato
1515 1633 1524 1650 υ
1550 1625 1628 1651 dam-

842 1672 918 1693 naret
935 1677 944 1693 ι
957 1674 1097 1702 peccatum
1111 1670 1137 1696 iti
1146 1676 1228 1697 carne
1241 1670 1274 1696 ⁸⁵.
1289 1680 1298 1696 i
1317 1670 1345 1696 in
1358 1676 1412 1703 quo
1427 1669 1545 1696 ostendit
1557 1669 1629 1704 quod

842 1718 934 1740 nostra
951 1715 1061 1747 quidem
1079 1723 1145 1742 caro
1158 1716 1260 1750 peccati
1279 1716 1314 1742 sit
1328 1723 1403 1747 caro,
1421 1716 1521 1742 Christi
1538 1721 1629 1742 autem

841 1766 908 1786 caro
924 1760 1021 1787 similis
1034 1761 1069 1787 sit
1083 1762 1160 1788 carni
1176 1763 1291 1795 peccati.
1311 1762 1368 1788 Non
1382 1762 1456 1788 enini
1471 1769 1505 1788 ex
1525 1763 1630 1790 semine

841 1807 892 1834 viri
910 1811 1042 1841 concepta
1061 1812 1115 1840 cst,
1135 1809 1182 1835 sed
1193 1808 1313 1842 Spiritus
1328 1812 1439 1835 saueius
1452 1809 1526 1835 venit
1545 1816 1629 1843 super

842 1853 965 1885 Mariam,
978 1857 1004 1879 et
1016 1854 1101 1881 virtus
1118 1854 1248 1881 Altissinii
1266 1854 1440 1881 obumbravit
1457 1854 1493 1885 ci,
1510 1856 1537 1880 ut
1556 1855 1629 1888 quod

842 1899 1007 1926 nascebatur
1026 1905 1059 1925 cx
1077 1906 1120 1932 ea,
1143 1899 1227 1925 Filius
1245 1904 1389 1926 vocaretur
1416 1899 1521 1927 Excelsi
1533 1899 1566 1927 ⁸⁸.
1581 1900 1628 1927 Sic

841 1951 906 1980 ergo
929 1944 1030 1972 Paulus
1055 1953 1104 1980 per
1124 1945 1288 1972 liielfabilciit
1318 1946 1364 1973 Dei
1383 1946 1555 1981 sapientiam,
1568 1955 1628 1981 qua:

841 1992 905 2019 data
930 1995 971 2019 est
985 1992 1020 2024 ei,
1035 1999 1162 2019 arcanum
1183 1993 1275 2019 nescio
1292 1992 1355 2027 quid
1369 1993 1475 2020 intuens
1491 1997 1519 2020 ct
1534 2001 1631 2020 recou—

841 2039 938 2071 ditutn,
951 2042 1048 2073 corpus
1065 2043 1187 2066 nostrum
1200 2046 1313 2074 «corpus
1325 2040 1453 2073 peccati,i
1467 2045 1494 2067 et
1507 2049 1516 2066 ι
1531 2048 1630 2075 corpus

842 2085 947 2117 mortis,
963 2094 973 2110 ι
992 2089 1019 2112 et
1038 2094 1047 2110 ι
1060 2090 1159 2119 corpus
1183 2085 1344 2112 humilitatis
1359 2095 1368 2111 t
1387 2086 1515 2120 appellat.
1533 2086 1587 2113 Sed
1602 2092 1630 2113 et

843 2129 926 2156 David
940 2130 973 2157 de
989 2130 1084 2157 eodem
1099 2131 1202 2165 Spiritu
1220 2136 1386 2158 secretorum
1396 2132 1547 2159 catlcstittm
1562 2141 1629 2167 gita—

5 2180 86 2212 ipsius
112 2179 184 2206 dicat
206 2184 267 2206 esse
296 2177 437 2212 proprium
457 2175 566 2210 aliquod
588 2181 702 2209 corpus,
716 2174 788 2208 quod
806 2177 827 2203 Ι)
844 2183 889 2201 rus
906 2175 1014 2203 dicebat
1034 2176 1068 2203 de
1087 2183 1222 2211 corpore:
1239 2177 1293 2204 «Et
1315 2177 1342 2203 in
1367 2178 1506 2212 pulverem
1533 2179 1629 2205 mortis

5 2223 199 2251 destruendum
217 2223 253 2250 sit
276 2223 318 2250 his
341 2224 388 2258 qui
413 2227 467 2249 non
483 2221 582 2248 debent
596 2220 664 2247 ultra
687 2221 789 2248 servire

5 2274 124 2301 peccato.
143 2269 211 2303 Quia
231 2277 296 2303 ergo
312 2274 427 2303 uterque
444 2273 540 2294 sensus
556 2266 583 2292 iti
599 2266 649 2292 ltoc
668 2265 726 2292 loco
741 2266 789 2292 ad-

55 2339 77 2353 "
94 2337 103 2364 I
118 2337 195 2364 Joati.
211 2345 252 2368 ιιι,
266 2337 294 2364 2.
350 2336 372 2352 ⁷⁰
388 2335 466 2363 Joan.
483 2343 547 2367 xvii,
559 2334 604 2361 24.

5 2371 23 2386 "
37 2373 142 2399 Culuss.
161 2381 191 2402 it.
208 2372 254 2400 M.
292 2372 314 2387 ⁷⁵
328 2372 405 2398 liont.
423 2378 458 2403 νι,
475 2371 501 2396 6.
539 2370 560 2385 '”
579 2369 682 2395 Coloss.
705 2375 745 2400 tit,
762 2368 788 2395 5.

5 2407 108 2434 Culuss.
124 2415 164 2438 ιιι,
185 2407 213 2435 5.
263 2407 285 2424 ⁸¹
305 2407 403 2441 Ephes.
424 2413 461 2436 tv,
473 2402 547 2441 “lim
563 2404 675 2441 _”Psal.
696 2411 721 2434 ι,
738 2403 765 2441 7..

5 2440 27 2456 ⁸⁸
38 2441 105 2470 Luc.
120 2451 140 2474 i.
159 2441 206 2471 55.
245 2442 267 2458 ⁸⁷
285 2438 356 2469 i'sal.
374 2449 431 2473 XM,
448 2441 489 2468 tb'.
527 2439 550 2455 ⁸⁸
561 2439 633 2466 Psnl.
651 2446 727 2470 xLiii,
744 2438 788 2467 25.

41 2503 79 2536 (5)
94 2503 178 2534 Alias,
199 2511 208 2528 ι
223 2501 293 2534 Quid
310 2505 351 2528 est
369 2505 458 2527 autent
479 2497 652 2536 similitudini
671 2504 792 2536 resur_rc--

8 2533 103 2563 ctionis
117 2533 176 2571 rjus
188 2533 249 2564 esse
266 2537 465 2570 conqtiantatos
480 2535 491 2560 Υ
518 2533 637 2561 Joannes
654 2533 791 2567 apostolus

9 2572 90 2598 dicit:
110 2572 211 2604 Filioii,
225 2582 235 2597 ι
252 2578 317 2608 etc:
336 2606 341 2608 ,
379 2604 402 2608 ..
591 2602 596 2608 ’

41 2607 79 2642 (Δ)
92 2607 137 2633 Sic
154 2602 218 2634 mss.
235 2612 261 2634 et
276 2606 353 2633 editi.
378 2604 428 2642 bis.
443 2610 534 2631 tatuen
552 2602 673 2637 quidam,
698 2611 707 2628 ι
735 2603 790 2631 illic

10 2643 41 2668 sit
54 2641 223 2680 itiiiiister
241 2649 327 2673 incus,
345 2651 354 2667 ι
372 2641 453 2680 ttiaie.
493 2675 497 2680 '
675 2677 692 2680 ν,

42 2677 79 2711 (5)
96 2676 132 2704 ita
149 2682 221 2704 recte
236 2684 300 2703 mss.
315 2675 498 2703 llilllS.ClL'lel‘i
510 2681 574 2701 vero
590 2680 656 2701 mss.
669 2677 693 2699 et
710 2673 785 2707 editi,

14 2718 23 2735 ι
37 2714 115 2737 aliam
133 2719 227 2738 rursus
245 2712 358 2746 ligurani
380 2712 487 2745 repetit.
501 2719 510 2735 ι

44 2747 81 2780 (ὕ)
93 2747 177 2778 Alias,
197 2756 206 2772 ε
221 2748 302 2774 etiam
320 2754 369 2774 uos
385 2747 430 2781 qui
449 2750 562 2780 peccato
575 2747 724 2774 secundum
742 2753 789 2772 vc-

17 2786 94 2808 ll'l‘ettl
107 2782 240 2835 houun‘em
256 2782 365 2809 obnoxii
380 2782 488 2815 luimus,
504 2783 625 2810 cruciﬁxi
641 2791 700 2811 cssc
710 2782 789 2810 debe-

18 2823 70 2835 lltll:
134 2822 159 2835 III
177 2825 191 2835 Il
205 2822 244 2835 ll"!
276 2826 284 2835 ι

18 2823 115 2845 nius....
134 2822 162 2844 ut
177 2822 256 2844 titli'a.
276 2826 285 2843 i

658 2333 678 2348 ⁷¹
693 2332 757 2360 ibid.
772 2334 816 2360 2i.

844 2221 978 2248 deduxisti
993 2222 1079 2255 me";
1096 2231 1105 2248 ι
1123 2227 1150 2249 et
1165 2223 1260 2249 iterutn
1274 2229 1282 2247 :
1295 2231 1304 2247 ‹
1319 2221 1462 2250 liuntiliata
1477 2229 1518 2250 est
1531 2223 1556 2250 iii
1571 2224 1631 2258 pul—

844 2272 907 2293 vcre
934 2268 1024 2294 anima
1049 2268 1184 2296 nostra”.
1200 2279 1210 2295 I
1233 2269 1366 2297 Jcremias
1393 2275 1502 2303 quoque
1532 2270 1630 2297 similis

1204 2338 1227 2353 ⁷³
1244 2337 1309 2364 ibid.
1324 2337 1367 2364 43.

1131 2373 1153 2388 ⁷⁹
1170 2373 1268 2407 Eplics.
1287 2380 1311 2406 ν,
1325 2372 1370 2399 ‘27.

1114 2407 1137 2424 ⁸⁸
1151 2407 1248 2443 Philip.
1264 2414 1305 2441 ιιι,
1318 2408 1345 2434 2.

869 2335 891 2349 ⁷¹
905 2333 971 2363 Luc.
1006 2344 1085 2370 uiti,
1105 2337 1150 2364 4‘2.

827 2369 849 2384 ⁷⁸
863 2368 870 2395 i
886 2371 949 2397 Cor.
965 2379 1013 2403 xu,
1032 2372 1077 2400 27.

815 2404 838 2420 ⁸³
857 2404 935 2433 ilom.
956 2413 1002 2440 vn,
1016 2406 1061 2436 24.

1421 2337 1443 2352 ⁷⁵
1458 2337 1536 2364 Boni.
1553 2346 1589 2368 Vl,
1601 2339 1629 2366 ϐ.

1421 2372 1443 2388 ⁸⁸
1458 2373 1535 2400 “Olli.
1551 2381 1568 2404 i,
1577 2373 1628 2406 ‘29;

1396 2408 1419 2423 ⁸⁵
1434 2408 1512 2435 ltum.
1529 2413 1588 2442 vin,
1602 2409 1630 2436 5.

884 2500 1028 2538 (7)”Alias,
1048 2512 1056 2528 ι
1069 2502 1110 2530 vel
1125 2503 1188 2536 quia
1203 2508 1324 2530 nostrum
1338 2510 1440 2537 corpus
1458 2503 1561 2536 peccati
1589 2503 1630 2538 ip-

846 2537 990 2572 siusrdicat
1007 2545 1077 2569 esse,
1095 2538 1136 2563 vel
1156 2540 1295 2572 proprium
1311 2539 1420 2572 aliquod
1437 2546 1546 2572 corpus.
1563 2547 1573 2564 ι

881 2571 919 2606 (8)
936 2572 1017 2604 Editi,
1035 2581 1044 2598 ι
1061 2579 1108 2599 vos
1125 2573 1192 2599 estis
1207 2571 1328 2601 membra
1346 2571 1459 2606 Christi,
1483 2571 1510 2600 ct
1532 2581 1632 2608 corpus

897 2612 984 2640 parte.
999 2616 1008 2632 ι
1669 2610 1674 2614 “

879 2641 918 2676 (9)
939 2641 1074 2676 Corporis.
1090 2642 1169 2670 Deest
1181 2642 1206 2669 ιη
1221 2642 1296 2671 libris
1312 2648 1392 2671 antea
1410 2644 1504 2672 editis.

876 2676 932 2711 (ιθ)
946 2676 1030 2708 Alias,
1047 2685 1056 2702 4
1069 2679 1236 2704 memoravit.
1250 2687 1259 2703 ι

877 2712 934 2747 ill)
951 2711 1033 2744 Editi,
1052 2721 1061 2738 ι
1072 2717 1098 2739 et
1113 2713 1163 2740 hoc
1176 2720 1276 2747 corpus
1290 2714 1394 2748 peccati
1412 2719 1490 2741 vetus
1514 2714 1605 2747 homo,
1618 2723 1629 2739 ο

843 2754 919 2781 ctc.;
937 2748 983 2778 al..
1002 2757 1011 2773 ‹
1023 2754 1050 2775 et
1070 2749 1122 2774 hoc
1138 2755 1235 2782 corpus
1249 2749 1348 2776 veteris
1363 2749 1493 2783 hominis,
1504 2758 1513 2774 ι
1532 2755 1586 2779 etc.

880 2784 935 2819 (l2)
954 2783 1033 2817 Edili,
1053 2793 1063 2809 ι
1076 2783 1241 2811 destruatur.
1258 2792 1267 2809 i

843 2614 876 2633 CX
