1827 3053
4 117 64 147 ιῡιϋ

471 120 650 148 COMMENT.
672 119 704 147 l-N
722 118 831 148 EPlST.

852 119 897 146 AD
914 119 998 147 ROM.
1017 119 1081 147 LIB.
1103 119 1135 147 V.
1561 120 1629 148 1050

6 177 71 204 nobis
91 182 223 212 operatur
236 179 258 206 ⁹.
274 188 283 204 ι
306 176 400 206 Tertio
416 186 491 212 vero,
505 188 566 206 cum
585 180 640 215 jam
657 179 778 213 resurgi-
796 181 815 208 Α
832 187 911 213 quem
935 180 982 214 qui
1004 187 1065 207 eum
1089 179 1176 214 possit
1195 178 1222 205 in
1243 185 1337 205 amore
1358 177 1458 205 Christi
1476 185 1625 213 superare:

5 232 54 250 nus
69 231 84 250 ιι
101 224 229 256 mortuis,
244 230 271 252 et
292 224 317 252 iu
338 225 457 253 novitate
483 227 544 253 vita:
570 227 739 253 utubulatutts
753 226 785 252 '°.

4 269 27 294 ἐι
49 272 77 295 ιιι
93 269 204 296 brevius
228 277 259 296 ac
284 264 401 297 lucidius
424 271 601 304 explicemus,
623 272 708 305 prima
729 271 788 297 dies

5 315 90 341 uortis
118 319 161 342 est
194 316 369 343 renuntiasse
396 318 512 350 smculo;
532 318 663 349 secunda,
686 326 787 344 renun-

8 360 76 388 iasse
91 361 175 387 etiam
191 361 265 389 vitiis
281 362 391 395 carnis;
404 363 545 396 plenitudo
566 372 630 390 vero
646 363 789 398 perfectio-

4 407 36 434 tis
60 408 84 434 in
104 408 208 435 lumine
236 408 388 442 sapientiae,
418 410 497 436 tertia
515 409 724 437 resurrectionis
746 414 787 436 est

4 453 62 481 iies.
84 454 159 488 Quas
178 458 268 481 tamen
291 455 318 481 in
341 463 505 489 unoquoque
521 456 692 482 credentium
712 455 787 482 dilic-

4 501 105 533 rcntias,
121 505 150 527 et
171 500 340 535 prolectunm
355 501 456 535 gradus
469 501 543 528 solus
555 501 599 528 ille
613 506 703 536 potest
716 502 786 529 scire

4 552 22 573 ‘t
40 546 208 577 discernere,
228 547 271 573 cui
293 547 343 573 soli
366 551 461 581 patent
487 547 578 574 cordis
593 547 712 574 occulta.
732 548 784 575 Ve-

4 600 53 618 ‘nm
72 596 98 618 ιιι
115 593 178 619 vide
196 591 272 619 Pauli
290 592 317 620 in
344 592 491 627 scribendo
505 593 677 627 sapientiam,
693 594 738 628 qui
752 595 784 620 ad

4 638 169 665 Timotheum
194 638 318 666 scribens
342 639 420 670 dixit,
435 640 498 674 quia
520 640 559 666 «si
580 641 784 672 commorimur,

4 688 21 710 ιι
35 685 215 711 convivemus
226 684 263 717 ¹¹;
278 694 286 710 ι
303 685 404 718 quique
418 686 660 712 commorientibus
676 686 786 713 Christo

4 730 68 763 ptasi
94 738 268 764 consequens
288 735 316 757 et
333 731 518 758 necessarium
544 739 606 758 cttm
620 731 711 766 juuxit
729 731 785 768 (25)

4 775 62 809 μιοά
75 776 225 803 convivam
236 776 272 808 ei,
286 776 331 804 hic
341 777 454 809 addidit,
467 778 647 809 «credimus,»
660 784 687 805 ut
697 784 784 806 OSIEIL

4 822 66 849 teret
83 822 148 857 quia
163 823 288 857 quamvis
314 830 488 858 consequens
504 829 532 852 et
550 825 734 852 necessarium
751 825 785 852 sit

4 870 183 897 :ommorieuti
208 870 364 902 convivere,
386 870 438 898 [ide
463 877 554 899 tamen
581 872 632 899 hoc
655 871 743 898 media
759 876 786 899 et

4 916 160 942 :redulitate
181 916 334 951 perlicitur,
355 917 441 950 certi,
468 918 567 953 inquit,
585 923 612 945 et
641 927 650 944 ι
664 918 785 946 scientes

4 963 54 995 tuia
73 962 201 990 Christus
221 971 337 998 surgens
357 971 370 990 a
395 965 512 991 mortuis
538 963 595 998 jam
621 972 674 992 nou
700 965 785 991 mori—

10 1015 40 1033 ur
55 1008 108 1034 η.)
125 1007 152 1035 Si
172 1009 244 1035 enim
273 1009 370 1036 iterum
401 1015 565 1042 moreretur,
590 1010 661 1037 sicut
689 1017 786 1037 conse-

4 1061 77 1086 ptens
93 1059 120 1080 et
135 1056 318 1081 necessarium
331 1055 502 1082 Ostendimus
521 1056 592 1091 quod
609 1056 635 1083 hi
651 1057 696 1090 qui
711 1063 786 1082 com-

4 1101 147 1127 uoriuutur
161 1101 243 1127 etiam
263 1101 409 1128 conviveut
424 1102 460 1133 ei.
485 1102 523 1129 ita
540 1103 600 1129 sine
622 1103 703 1130 dubio
719 1110 785 1130 con-

4 1153 113 1178 ,cquens
133 1146 275 1173 videbatur
294 1146 364 1181 (21),
382 1151 412 1174 ιιι
433 1147 456 1174 si
475 1152 536 1182 post
556 1149 784 1175 resurrectionem

4 1198 19 1218 et
35 1193 120 1219 vitam
142 1192 242 1219 iterum
255 1197 419 1226 moreretur,
438 1192 521 1220 etiam
537 1193 564 1220 hi
579 1194 623 1228 qui
642 1194 786 1221 conviveut

4 1239 27 1267 Ii,
43 1238 144 1264 iterum
172 1238 297 1265 morienti
313 1244 563 1267 commorerentur.
584 1239 688 1267 Idcirco
704 1241 786 1276 igitur

4 1284 117 1310 ibsolula
144 1285 280 1311 sententia
301 1285 396 1312 tlelluit
414 1285 563 1319 Apostolus
577 1287 649 1320 quod
663 1286 787 1314 Christus

5 1338 45 1356 am
57 1338 112 1357 non
127 1331 243 1357 moritttr
261 1329 329 1366 (‘25),
343 1335 372 1357 ut
388 1336 416 1358 et
433 1331 460 1358 hi
476 1331 521 1365 qui
539 1332 687 1359 conviveut
699 1333 734 1363 ei.
753 1332 786 1359 de

4 1376 150 1403 rternitate
173 1376 234 1403 vita:
253 1376 340 1403 securi
358 1376 424 1403 sint.
441 1376 504 1403 Post
525 1377 581 1403 haec
597 1382 687 1404 autem
706 1378 787 1411 (utet

4 1429 42 1456 *go
55 1421 144 1456 ipsius
156 1421 278 1456 Apostoli
296 1421 387 1449 verbis
405 1428 476 1455 utar,
493 1423 591 1457 quibus
604 1423 662 1450 ait:
679 1432 688 1448 ι
702 1424 786 1451 lsaias

4 1472 82 1494 Iulelll
98 1467 181 1493 audet
192 1467 351 1502 etdicit”),
366 1476 375 1493 ι
390 1468 562 1503 etegodieo:
580 1467 679 1495 Paulus
695 1474 785 1496 antetu

4 1514 74 1540 ludet
91 1518 120 1540 et
134 1513 201 1540 dicit
215 1521 222 1539 :
238 1522 247 1538 ι
259 1513 332 1540 Mors
351 1514 374 1541 ei
392 1513 463 1540 ultra
476 1513 780 1542 noudominahitur".p
799 1534 820 1563 ο

8 1559 115 1586 lm-cine
138 1566 221 1586 ausus
239 1566 268 1586 es
280 1558 349 1594 (26),
366 1566 382 1586 ο
397 1559 493 1591 Paule,
507 1559 600 1586 dicere
613 1559 646 1586 de
661 1559 785 1591 Christo.

16 1605 89 1632 Mors
109 1605 135 1631 ei
150 1604 219 1631 ultra
236 1611 288 1631 non
306 1604 504 1636 dominabitur,
518 1614 527 1630 ι
545 1605 622 1639 quasi
641 1605 786 1640 aliquando

4 1651 135 1678 lominata
152 1651 207 1678 sit?
219 1650 305 1685 Cujus
319 1659 371 1677 vox
387 1651 527 1685 Evangelii
542 1651 629 1678 l'ertur
644 1659 692 1686 per
705 1660 786 1680 omne

4 1705 93 1732 mpus
104 1697 235 1725 Ecclesia!
249 1697 309 1724 luce
326 1696 426 1723 clarior
442 1696 509 1732 (27),
531 1705 583 1731 qua
602 1690 666 1724 dicit
682 1706 688 1724 :
705 1707 714 1723 ι
738 1698 788 1725 Ne-

4 1753 37 1772 uo
59 1745 133 1772 tollit
154 1751 169 1771 a
193 1750 235 1771 me
252 1745 371 1771 animam
393 1751 480 1771 tneatn
494 1744 562 1779 (‘28),
580 1743 628 1770 sed
651 1752 702 1779 ego
717 1751 787 1779 pono

4 1798 64 1822 ram,
79 1795 108 1818 et
126 1794 291 1824 petcstatem
307 1789 396 1816 habeo
406 1790 523 1823 ponendi
535 1798 607 1822 eam,
624 1795 652 1816 et
668 1795 788 1824 potesta-

5 1844 46 1862 em
75 1837 166 1863 habeo
194 1835 293 1862 iterum
319 1836 446 1863 sumendi
476 1836 602 1863 eant”.n
634 1835 701 1863 lluic
723 1844 788 1871 ergo

4 1888 112 1909 uortem
133 1881 202 1908 dicis
221 1889 282 1908 esse
303 1881 490 1914 dominatam,
515 1882 560 1917 qui
585 1883 704 1908 animam
734 1889 786 1908 nou

4 1928 81 1955 .ohuu
93 1928 234 1955 voluntate
245 1927 344 1962 posuit,
356 1928 435 1955 sedet
445 1931 579 1962 potestate
590 1928 708 1962 suscepit
720 1927 789 1963 (29)?

4 1975 36 2009 pii
49 1975 128 2002 solus
141 1974 205 2001 [ηιμ
219 1974 290 2000 inter
308 1979 428 2001 mortuos
439 1974 510 2002 liber
522 1974 568 2008 "',
584 1984 593 2000 ι
606 1978 633 2001 et
648 1981 728 2008 quem
742 1982 788 2002 so-

5 2030 46 2047 um
65 2029 141 2048 mors
158 2026 250 2048 tenere
263 2028 315 2047 non
332 2021 438 2054 potuit?
452 2019 524 2051 Haec.
539 2026 569 2048 ut
583 2021 691 2054 opinor,
707 2025 733 2048 et
745 2021 789 2048 his

4 2069 96 2096 ;imitia
117 2067 264 2094 movebunt
284 2067 414 2094 adversus
430 2066 543 2094 Paulum
560 2067 587 2094 hi
605 2066 650 2101 qui
666 2066 723 2102 (30)
740 2072 783 2094 te-

4 2124 61 2142 nero
85 2122 151 2150 erga
170 2114 262 2141 Jesum
288 2118 414 2141 tenentur
433 2112 542 2145 aﬂ'eetu.
571 2117 599 2140 et
623 2113 691 2140 nihil
706 2114 741 2141 de
756 2121 789 2141 eo

4 2161 109 2192 unuile,
124 2160 191 2188 nihil
206 2161 345 2195 indignum
360 2158 502 2193 patiuntur
513 2158 618 2186 audire.
629 2158 683 2186 Sed
699 2163 726 2185 et
738 2167 790 2187 nos

841 226 912 252 unde
936 233 987 252 uec
1004 226 1141 259 putandus
1157 229 1199 252 est
1218 224 1321 259 aliquid
1344 225 1377 251 de
1391 231 1424 251 eo
1438 229 1531 251 contra
1545 232 1628 258 quant

842 272 900 305 ipso
914 271 1025 306 dignum
1039 275 1080 298 est
1093 271 1251 305 ptolocuttts
1261 278 1321 298 esse
1331 270 1437 305 (3|).Et
1449 270 1510 298 ideo
1521 270 1630 306 indage‘

839 326 900 345 mus
920 318 1046 345 subtilius
1062 326 1110 352 pr-r
1126 318 1241 352 gratiam
1267 318 1354 344 saucti
1382 317 1500 352 Spiritus
1514 318 1627 344 verbum

838 365 981 400 sapientize
1001 372 1056 399 quo
1073 371 1183 392 sensum
1208 363 1281 391 Pauli
1305 365 1441 399 possimus
1466 364 1624 396 advertere,

837 411 892 438 imo
903 418 1011 438 sensum
1023 410 1125 438 Christi
1134 411 1180 445 qui
1194 411 1219 437 in
1228 418 1260 437 eo
1271 416 1321 442 est,
1330 410 1478 437 secundum
1489 410 1560 444 quod
1569 409 1628 443 ipse

837 457 1008 492 prolitetur“
1022 467 1028 484 :
1043 466 1051 482 ι
1066 456 1120 483 Nos
1130 461 1219 483 aulctu
1231 464 1340 483 sensum
1352 456 1452 483 Christi
1467 455 1624 482 habemus.»

837 503 917 539 567
932 503 1021 530 Poiest
1034 511 1099 538 ergo
1113 503 1170 539 (32)
1183 502 1244 538 quis
1257 502 1477 536 compendiosius
1491 502 1516 529 itt
1529 502 1572 529 his
1586 501 1627 528 di-

836 559 899 577 cere
914 550 976 584 quia
993 550 1037 577 hic
1048 556 1177 581 mortem,
1190 551 1361 576 communem
1377 549 1447 575 hanc
1458 549 1561 575 dicitct
1573 555 1629 574 me-

836 596 907 623 diam
923 604 974 630 qua
991 606 999 622 ι
1018 602 1142 623 mortuus
1155 602 1206 627 est,
1219 606 1228 621 ι
1247 596 1316 623 sicut
1334 597 1404 622 idem
1423 595 1571 628 Apostolus
1585 595 1627 621 di-

837 643 885 674 cit,
901 651 910 667 (
924 642 1072 670 secundum
1100 642 1257 677 Seriptnras
1271 643 1323 674 ¹⁷,ι
1350 646 1378 668 et
1397 641 1464 668 nihil
1480 639 1627 667 absurdum

837 689 934 721 videri,
949 689 970 714 si
990 688 1012 715 is
1022 689 1068 722 qtti
1087 688 1202 715 formam
1220 688 1291 715 servi
1317 691 1485 721 susceperat,
1504 686 1628 713 domina-

838 741 893 762 tum
921 735 1063 769 pertulerit
1088 735 1194 765 mortis,
1209 742 1269 769 qua:
1285 734 1344 761 sine
1370 733 1450 760 dubio
1473 732 1630 759 dominatur

836 781 962 809 oluuibus
976 781 1021 815 qui
1037 781 1062 807 in
1076 788 1161 808 carne
1184 781 1265 815 positi
1286 781 1337 808 sub
1354 779 1445 807 servili
1460 779 1628 806 fortunen-

837 832 942 854 scutur.
959 827 1011 854 Sed
1032 831 1059 853 et
1076 827 1142 854 illud
1160 826 1307 854 assertioui
1337 827 1400 854 huic
1423 825 1540 860 adjacet,
1557 823 1629 858 quod

837 879 979 908 propterea
1004 871 1092 899 forma
1108 873 1166 900 lnge
1183 872 1267 905 servi,
1283 872 1308 899 id
1326 875 1369 898 est
1394 872 1451 905 ipsa
1473 870 1530 905 (55)
1544 870 1627 896 etiam

837 925 929 946 nostra
942 926 1019 950 caro,
1035 918 1187 946 seminatur
1202 919 1228 945 in
1243 917 1430 952 corruptione,
1446 921 1473 943 ut
1486 919 1581 950 surgat
1600 914 1627 942 in

837 965 1050 1000 incorruptione,
1074 969 1102 991 et
1117 965 1269 991 seminatur
1292 964 1319 991 iu
1338 963 1505 999 inlitjmitale,
1522 967 1551 988 ut
1566 969 1629 989 sur-

836 1017 883 1046 gat
901 1013 926 1039 in
943 1012 1054 1045 virtute,
1072 1016 1099 1038 et
1119 1012 1273 1039 seminatur
1290 1011 1316 1038 in
1332 1009 1509 1040 contumelia,
1524 1013 1553 1036 ut
1569 1016 1627 1035 sur-

837 1062 883 1092 gat
899 1057 926 1084 iu
942 1056 1039 1091 gloria,
1055 1060 1083 1083 et
1102 1056 1257 1083 seminatur
1279 1062 1380 1088 corpus
1397 1052 1522 1085 animale,
1540 1057 1566 1078 ut
1583 1058 1627 1078 re-

837 1107 931 1137 surgat
947 1109 1047 1137 corpus
1070 1101 1194 1137 spiritale
1210 1101 1243 1134 ‘3,
1259 1101 1318 1127 sine
1337 1100 1419 1126 dubio
1436 1104 1465 1125 ut
1489 1105 1562 1124 mors
1577 1096 1628 1132 ipsi

837 1149 909 1176 ultra
928 1156 981 1176 non
996 1148 1162 1180 dominetur,
1182 1155 1243 1182 quae
1259 1146 1397 1174 dominata
1416 1150 1456 1172 est
1468 1145 1492 1171 ei
1508 1145 1570 1171 dtttu
1586 1152 1629 1171 es-

837 1200 876 1222 set
894 1194 920 1221 in
935 1193 1105 1225 intirmitatc,
1122 1197 1148 1220 et
1161 1192 1338 1224 contumelia,
1351 1197 1379 1218 et
1393 1190 1578 1224 corruptione.
1590 1189 1629 1216 De

839 1240 883 1267 tali
896 1240 967 1267 cuitu
986 1247 1069 1266 Carne
1080 1246 1140 1273 qua:
1152 1239 1241 1266 adhuc
1258 1239 1284 1265 in
1302 1238 1344 1266 his
1359 1242 1402 1264 est
1417 1237 1573 1271 passionum
1589 1235 1630 1262 vi-

839 1287 892 1318 tiis,
906 1286 963 1320 ipse
981 1285 1081 1312 Paulus
1109 1285 1197 1312 dicit:
1218 1294 1226 1310 ι
1243 1285 1310 1318 Quia
1324 1291 1389 1311 caro
1404 1288 1431 1310 et
1454 1282 1565 1317 sanguis
1583 1288 1629 1308 re-

837 1340 919 1368 gnum
935 1332 981 1359 Dei
1002 1332 1142 1366 possidere
1161 1339 1214 1358 non
1232 1335 1358 1366 possunt,
1375 1337 1462 1364 neque
1488 1326 1628 1361 corruptio

839 1379 1070 1414 incorruptionem
1084 1377 1235 1413 possidebit
1247 1378 1278 1405 ".
1290 1387 1300 1403 ι
1320 1377 1373 1404 Sed
1391 1381 1418 1404 et
1439 1375 1510 1410 quod
1527 1374 1590 1402 alibi
1603 1374 1628 1390 “

838 1426 908 1454 idem
929 1426 1074 1460 Apostolus
1097 1432 1194 1460 corpus
1211 1434 1220 1450 ι
1235 1424 1329 1451 mortis
1342 1433 1350 1449 I
1369 1422 1529 1453 nominavit,
1544 1421 1566 1448 is
1582 1420 1627 1455 qui

838 1472 896 1499 luce
910 1472 1021 1504 asserit,
1039 1471 1119 1505 hujus
1133 1470 1230 1498 media:
1253 1469 1349 1497 mortis
1366 1468 1572 1502 intelligendum
1586 1466 1630 1493 di-

837 1518 885 1550 cit,
898 1525 958 1552 qutc
974 1516 1159 1551 hujuscemodi
1173 1516 1282 1551 corpori
1296 1515 1453 1542 dominatur
1466 1513 1552 1540 donec
1566 1511 1628 1539 ani-

838 1565 907 1592 male
925 1569 967 1592 est
986 1569 1013 1592 et
1040 1563 1230 1598 corruptibile,
1249 1566 1277 1589 ct
1298 1560 1411 1588 necdum
1431 1567 1478 1595 per
1505 1565 1631 1586 resurre.

837 1611 936 1639 ctiouis
960 1610 1073 1645 gloriam
1087 1613 1294 1640 commutatum,
1312 1612 1394 1641 atqtte
1408 1612 1441 1632 ex
1461 1603 1630 1639 corruptibili

838 1656 1046 1689 incorruptibile
1071 1655 1210 1686 eli'eetum,
1227 1659 1255 1681 et
1277 1661 1311 1680 ex
1329 1652 1440 1686 ignobili
1466 1650 1626 1686 gloriosum.

838 1702 905 1729 Illud
920 1707 1009 1728 autem
1026 1700 1097 1735 quod
1113 1700 1176 1727 huic
1191 1699 1339 1727 assertiOni
1357 1698 1414 1733 (54)
1429 1698 1507 1724 valde
1518 1702 1628 1724 contra-

838 1749 909 1776 rium
930 1753 970 1775 est
986 1747 1022 1783 (id
1037 1752 1095 1777 est,
1106 1748 1178 1780 quod
1194 1745 1294 1772 mortui
1319 1752 1413 1772 sumus
1431 1752 1492 1770 cum
1506 1744 1628 1777 Christo,

838 1799 866 1821 et
883 1793 1034 1828 consepttlti
1051 1800 1146 1820 sumus
1160 1793 1201 1825 ei;
1219 1792 1290 1826 quod
1303 1791 1396 1825 utique
1409 1789 1483 1817 nullo
1499 1790 1580 1816 modo
1593 1789 1628 1816 de

839 1841 974 1868 communi
996 1840 1047 1868 hac
1060 1844 1147 1866 morte
1161 1843 1250 1873 potest
1265 1837 1404 1872 intelligi),
1419 1837 1470 1864 hoc
1487 1836 1568 1864 modo
1579 1843 1630 1863 cx-

839 1886 951 1921 plauare
977 1886 1122 1913 conabitur
1139 1885 1205 1919 (35),
1226 1889 1256 1911 ut
1277 1883 1348 1911 sicut
1375 1884 1403 1910 iu
1428 1882 1630 1917 superioribus,

840 1941 899 1960 cum
915 1933 947 1959 de
960 1932 1119 1959 diversitate
1130 1930 1218 1966 legum
1232 1937 1446 1964 exponeremus,
1459 1927 1630 1955 ostendimus

839 1978 998 2014 Apostolum
1017 1977 1042 2004 iu
1060 1984 1112 2003 uno
1130 1976 1280 2010 eodemque
1296 1975 1355 2002 loco
1381 1975 1466 2008 legem
1486 1979 1558 2000 nunc
1581 1981 1630 2001 na-

841 2025 968 2055 turalem,
986 2031 1059 2050 lttltlc
1077 2023 1172 2058 Moysi,
1191 2029 1263 2049 nunc
1288 2021 1370 2048 etiatu
1386 2019 1489 2055 pecrati
1507 2019 1630 2046 nomina-

840 2078 880 2104 re,
896 2075 924 2097 et
939 2070 990 2097 hoc
1005 2069 1031 2095 in
1049 2076 1099 2095 usu
1117 2075 1178 2096 esse
1201 2067 1351 2102 Scriptura:
1376 2066 1474 2093 divinze
1497 2065 1580 2091 etiam
1597 2071 1630 2091 ex

841 2116 901 2144 aliis
919 2116 984 2142 locis
1001 2114 1132 2142 adhibitis
1148 2114 1290 2141 docuimus
1307 2111 1482 2143 testimoniis,
1497 2111 1534 2138 ita
1557 2115 1584 2137 et
1603 2110 1630 2136 in

840 2162 967 2198 praesenti
989 2169 1060 2188 nunc
1086 2166 1200 2188 mortem
1224 2166 1408 2191 communem,
1425 2165 1499 2184 nunc
1515 2155 1630 2191 peccati,

4 2216 54 2234 :um
79 2207 241 2241 respicimus
256 2207 290 2233 ad
307 2205 430 2236 Paulum,
449 2213 503 2232 non
520 2209 647 2239 putamus
661 2212 719 2232 esse
735 2205 787 2232 ali-
804 2204 826 2232 D
842 2216 913 2236 nunc
927 2209 1009 2235 etiam
1026 2207 1114 2242 ipsum
1127 2211 1266 2233 auctorem
1281 2206 1388 2238 mortis,
1405 2204 1451 2239 qui
1467 2208 1493 2230 et
1513 2201 1630 2230 novissi-

25 2254 36 2270 '
52 2254 71 2280 ll
87 2254 195 2285 Cor.tv,
215 2253 258 2280 12.

4 2290 13 2306 ³
27 2289 111 2317 Joan.
132 2296 161 2320 ι.
182 2289 224 2315 18.

4 2325 14 2340 ⁸
30 2325 115 2351 Rom.
131 2331 179 2356 vn,
194 2323 239 2350 24.

26 2370 89 2404 (9.5)
106 2369 188 2400 Editi,
207 2377 217 2394 ί
228 2373 256 2396 et
271 2367 458 2404 necessarium
479 2367 526 2400 sit,
545 2366 698 2401 conjunxit,
711 2375 720 2393 ι
737 2372 791 2396 etc.

27 2406 88 2439 (24)
106 2404 188 2435 Editi,
209 2412 218 2429 ι
231 2403 375 2431 videbitur.
389 2412 399 2428 ι

27 2441 88 2473 ι25)
110 2440 196 2470 Alias,
213 2449 222 2465 ι
236 2439 383 2471 morietur;
395 2447 404 2464 ›
424 2438 473 2469 al.,
493 2447 502 2463 ι
515 2442 676 2465 moreretur.
690 2447 699 2464 ι

27 2441 77 2473 (‘25
110 2441 196 2470 Alias,
213 2449 222 2465 ι
236 2441 383 2471 morietur;
395 2447 404 2464 ›
424 2441 473 2469 al.,
493 2447 502 2463 ι
515 2442 676 2465 moreretur.
690 2447 699 2464 ι

27 2441 89 2512 (26;
107 2474 311 2512 Sic‘ltabanus.
327 2473 412 2512 _Etl'l_l_i
438 2480 514 2512 vero,
529 2481 540 2512 ς
554 2473 602 2499 llic
618 2473 644 2499 in
657 2481 690 2500 eo
706 2480 789 2500 ausos

4 2507 36 2543 ss,
49 2521 59 2537 ›
78 2507 139 2537 ὀιιι.
160 2509 224 2536 Mss.
248 2509 334 2536 nostri
359 2508 417 2539 alii,
437 2517 447 2532 ι
460 2507 515 2534 lloe
529 2508 555 2534 in
568 2515 601 2534 eo
614 2515 696 2536 ausus
711 2516 760 2541 es;
775 2517 784 2534 ι

4 2548 39 2576 ιι..
59 2556 67 2570 ι
81 2545 139 2572 Hoc
153 2546 220 2571 adeo
235 2551 318 2572 ausus
333 2551 381 2576 es;
399 2552 408 2569 ι
425 2543 474 2573 aL,
497 2553 505 2568 ι
522 2542 579 2570 lloc
593 2550 673 2569 ausus
686 2551 724 2570 es.
741 2553 750 2569 ι

28 2581 92 2616 (27)
110 2580 157 2608 Sic
172 2585 314 2616 rectejtts.
336 2585 406 2605 unus
416 2577 521 2616 ‘liegitts
538 2585 612 2604 num.
632 2578 786 2616 l_t'i59._Cee-

4 2612 44 2644 eri
61 2612 129 2644 vero
149 2622 228 2647 mss.,
253 2615 392 2642 Rabanus.
415 2613 575 2640 Salodiauus
592 2617 619 2640 et
643 2612 786 2646 Met-linus,

17 2652 101 2685 cujus
126 2658 178 2677 vox
219 2658 249 2677 er
276 2648 450 2683 Evangeliqu
471 2648 558 2676 fertur
582 2649 655 2674 omni
673 2656 788 2683 corpore

22 2687 132 2711 cidior:
148 2694 158 2711 ι
183 2658 231 2711 al)”
251 2683 446 2711 «collucidior:
464 2693 473 2709 ι
492 2683 541 2711 aL.
557 2691 566 2707 ι
582 2683 760 2711 perlucidior.
778 2693 786 2709 ι

4 2683 132 2720 acidior;
148 2694 158 2711 ι
183 2683 231 2718 al.,
251 2683 446 2714 «collucidior;
464 2693 475 2720 ι
492 2683 541 2720 aL,
557 2683 761 2720 «perlucidior.
778 2693 786 2709 ι

4 2722 88 2749 ἰιιίιίυ
103 2718 169 2748 vero
187 2720 366 2751 Gcnebrardi,
385 2727 394 2743 ι
406 2719 477 2746 ouuti
498 2719 555 2745 sole
572 2718 696 2744 lucidior.
711 2727 720 2744 ι
740 2718 789 2746 Ms.

5 2757 100 2791 lcgius
115 2763 191 2782 nunt.
211 2755 291 2787 16M,
310 2764 319 2780 ι
332 2755 405 2781 οιιιιιὶ
425 2761 540 2781 corusco
556 2752 682 2791 lucidior.
698 2763 707 2779 ι

28 2789 89 2825 (ἰδ)
109 2791 136 2818 Ιιι
149 2791 229 2818 editis
254 2790 417 2817 omittuntur
441 2799 450 2815 ι
465 2796 565 2820 meam,
586 2789 632 2815 sed
647 2796 698 2822 ego
715 2795 785 2823 pono

4 2838 20 2854 ..l
27 2837 63 2853 ΙΠ-
78 2837 90 2853 ὶ

27 2863 87 2894 (ἓν)
107 2861 151 2890 Sic
170 2866 243 2890 recte
257 2868 309 2889 ms.
331 2867 400 2889 unus
414 2859 514 2891 Regius
536 2867 610 2887 utun.
635 2858 710 2886 1659.
729 2859 786 2887 ϐδε-

314 2252 336 2268 ¹⁰
350 2251 427 2278 Rom.
444 2259 479 2283 \'l,
501 2251 527 2278 ι.

264 2288 297 2303 ²²·
309 2286 380 2314 Putat.
405 2293 526 2318 Lxxxvn,
540 2285 567 2312 5.

581 2250 601 2266 “
618 2249 638 2276 ll
651 2250 721 2278 Tim.
735 2258 765 2283 ιι,
781 2252 823 2279 11.

606 2285 645 2312 “l
673 2285 736 2314 Cor.
754 2295 784 2320 n,
804 2288 849 2316 16.

1404 2250 1426 2266 ⁸⁸
1449 2249 1527 2276 ltom.
1554 2256 1590 2280 νι,
1606 2247 1633 2276 9.

1471 2285 1493 2301 ¹⁹
1507 2283 1571 2312 ibid.
1587 2283 1633 2312 50.

1136 2253 1157 2268 "
1173 2252 1250 2278 noui.
1274 2259 1300 2280 Χ,
1318 2250 1364 2278 20.

1148 2288 1169 2304 ¹⁸
1181 2287 1190 2314 l
1204 2287 1266 2315 Cor.
1280 2295 1325 2320 xv,
1339 2285 1432 2313 42-“.

879 2254 899 2270 ¹¹
913 2254 992 2281 Rom.
1005 2261 1042 2282 vt.
1058 2253 1085 2280 9.

889 2289 909 2305 "’
923 2290 932 2317 l
945 2290 1008 2317 Cor.
1025 2297 1070 2321 xv,
1081 2289 1108 2316 5.

849 2368 899 2395 teri
911 2375 976 2395 vero
997 2375 1074 2399 ntss.,
1090 2366 1219 2393 Rabantts
1231 2370 1258 2392 et
1271 2365 1347 2396 editi,
1367 2374 1376 2390 ι
1390 2365 1435 2399 qui
1448 2371 1508 2391 eam
1520 2370 1573 2390 non
1588 2369 1633 2390 so-

848 2403 902 2430 lum
916 2402 1064 2433 voluntate,
1078 2403 1126 2429 sed
1139 2408 1166 2428 et
1187 2406 1320 2435 potestate
1334 2399 1472 2434 suscepit?
1484 2408 1493 2422 ι

883 2438 940 2472 (50)
955 2437 1038 2468 Editi,
1057 2446 1066 2463 ι
1083 2444 1129 2463 eos
1145 2437 1203 2471 qui,
1214 2446 1222 2462 ι
1241 2437 1322 2472 male.

882 2469 939 2508 (51)
956 2472 1005 2508 his.
1027 2480 1102 2508 unus
1112 2469 1220 2508 Regius,
1236 2479 1287 2497 IIIS.
1306 2469 1492 2508 Vallis-Clara:
1506 2473 1532 2496 ct
1546 2469 1631 2508 editio

845 2504 950 2536 Veneta
965 2507 1116 2536 Salodiaui.
1134 2504 1231 2533 (unde
1248 2514 1296 2532 uec
1310 2506 1458 2539 putandum
1475 2509 1516 2531 est
1530 2504 1631 2538 aliquid

846 2545 879 2571 de
892 2551 925 2570 co
937 2549 1034 2569 contra
1059 2542 1121 2577 quia
1137 2546 1167 2577 ut
1188 2542 1245 2575 ipso
1272 2541 1382 2577 dignum
1406 2546 1444 2577 est
1474 2539 1631 2577 prolocutus

843 2584 896 2606 est.
911 2588 920 2604 ι
938 2577 976 2605 lta
988 2575 1075 2604 ctiaui
1085 2576 1215 2604 Merlinus
1225 2583 1257 2602 ac
1269 2575 1473 2606 Geuebrardus.
1489 2575 1539 2601 nisi
1555 2575 1627 2609 quod

843 2615 869 2641 in
892 2615 945 2641 line
956 2613 1089 2643 habeant,
1106 2621 1114 2637 ι
1129 2615 1223 2638 contra
1239 2618 1320 2645 quam
1336 2616 1363 2637 et
1378 2611 1435 2645 ipso
1451 2611 1562 2643 dignum
1579 2614 1630 2641 est,

843 2649 1022 2684 prolocutum?
1034 2654 1113 2674 esse:
1130 2647 1160 2674 Et
1173 2646 1241 2684 ideo
1267 2645 1463 2679 indagabimus.
1479 2655 1487 2670 ι
1507 2645 1561 2672 Sed
1586 2651 1630 2672 re-

845 2681 914 2712 ctius
931 2683 1024 2710 emteri
1045 2690 1112 2709 mss.
1128 2686 1156 2709 ut
1172 2681 1199 2708 in
1216 2685 1308 2708 nostro
1326 2686 1413 2708 textu.

879 2718 937 2752 (52)
958 2718 1039 2752 Ergo.
1058 2717 1271 2744 Desideraturiu
1287 2721 1369 2752 antea
1386 2715 1477 2743 editis.

879 2751 935 2788 (35)
953 2751 1029 2786 Ipsa.
1047 2752 1184 2788 Nusquam
1205 2752 1340 2786 reperitur
1358 2751 1385 2788 iu
1399 2751 1491 2778 editis.

878 2787 937 2822 (Μ)
958 2788 1041 2821 Editi,
1060 2796 1069 2813 ί
1082 2787 1154 2823 quod
1172 2787 1275 2814 addidit
1288 2787 1447 2818 asset'tioui,
1459 2795 1468 2811 ι
1485 2791 1539 2814 ets.

878 2824 937 2861 (55)
953 2824 1036 2857 Alias,
1051 2832 1060 2850 ι
1070 2823 1238 2852 conabimur.
1251 2831 1261 2848 ι
