1831 3052
4 165 33 193 55

5 228 50 248 tesi
70 221 127 247 ﬁeri
150 225 180 247 ιιι
207 219 232 247 in
256 226 416 254 quocunque
429 224 500 246 statu
516 219 597 247 fuerit
609 220 709 251 anima,
724 224 751 246 ct
766 222 787 249 Α

8 273 164 302 quacunque
181 265 348 300 perfectione
359 265 505 298 virtutum,
522 266 650 300 quoniam
665 265 750 292 virtus

4 313 100 340 nubilis
113 316 167 344 cst,
187 311 290 345 lapsunt
307 311 394 345 possit
419 311 571 343 incurrere,
596 315 625 338 ut
646 311 718 338 sicut
735 318 749 337 a

4 360 37 386 .iis
59 358 90 385 ad
112 358 253 389 virtutem,
271 357 308 384 ita
328 361 355 384 et
366 365 381 384 a
393 356 539 384 virtutibus
554 357 701 384 inclinetur
716 358 749 383 ad

4 405 43 432 lia.
59 404 133 436 Quod
152 403 177 431 si
195 408 248 435 est,
264 410 437 437 consequens
458 403 597 430 videbitur
612 403 751 437 requirere

4 451 96 478 edicum
111 449 157 476 ubi
175 449 287 485 languor
299 452 350 481 est,
366 449 441 483 quia,
456 449 606 476 secundum
626 448 751 475 Salvato—

4 505 7 522 i
20 496 101 529 ipsius
116 502 226 527 vocem,
242 502 327 530 «opus
341 498 381 521 est
393 494 497 522 medico
510 495 553 522 his
566 494 689 529 quimale
705 494 752 520 ha-

4 542 98 568 eut’m
122 540 188 568 Haec
216 548 281 575 ergo
301 544 330 567 et
360 541 402 568 his
430 539 531 567 similia
557 544 749 575 proponeutes,

4 588 68 614 sdem
81 587 166 613 etiam
190 586 217 613 in
241 586 341 614 futuris
365 586 475 613 saculis
495 585 713 619 dispensationes
735 593 751 612 a

4 631 70 657 iristo
97 631 264 666 repetendas
287 638 347 658 esse
371 630 550 657 arbitrantur.
568 630 619 657 Sed
637 630 670 656 ad
694 629 751 657 lucc

4 684 18 702 us
35 676 152 702 breviter
169 680 251 711 prout
271 682 415 714 possumus
435 675 674 710 respondebimus.
693 674 750 701 Ma-

9 729 32 748 rc
47 722 153 755 quidem
168 726 272 748 naturae
289 721 444 748 rationabili
459 728 566 755 semper
578 720 692 747 liberum
706 728 751 746 ar-

4 768 75 794 trium
91 774 143 794 non
162 774 311 801 negamus;
330 767 378 793 sed
398 771 500 794 tantam
516 774 576 794 esse
594 767 647 792 vim
664 766 753 793 crucis

4 812 75 846 ll'lSli,
90 817 118 839 et
131 812 232 839 mortis
251 812 342 846 huius,
360 820 441 847 quam
465 812 492 839 in
513 811 674 839 saeculorum
700 812 753 838 ﬁne

7 859 95 892 scepit,
107 858 271 889 asserimus,
282 865 342 892 qua:
355 858 387 884 ad
400 857 545 884 sanitatem
559 863 586 885 et
603 852 751 885 remedium

4 912 22 930 ιη
35 905 118 930 solum
133 902 278 937 praesentis
295 906 323 930 et
345 902 441 935 futuri,
465 902 511 929 sed
531 903 612 929 etiam
631 903 752 937 przeteri—

5 958 55 976 rttm
69 949 243 981 saeculorum,
261 953 289 975 et
305 956 357 975 non
382 948 468 975 solum
491 948 610 975 humano
628 948 690 975 huic
704 955 753 975 no-

4 1005 29 1023 ιο
41 997 140 1028 ordini,
158 996 208 1023 sed
227 996 308 1023 etiam
321 995 481 1022 ctelestibus
493 994 640 1022 virtutibus
650 995 754 1022 ordini—

4 1050 70 1076 isquc
98 1042 228 1070 sufﬁciat.
258 1040 415 1068 Secundum
443 1041 608 1067 sententiam
639 1047 756 1075 namque

4 1089 53 1115 sius
69 1087 141 1114 Pauli
160 1087 278 1121 apostoli
295 1086 419 1113 Christus
433 1086 586 1120 pacilicavit
605 1095 614 1111 ι
631 1093 680 1120 per
695 1093 756 1112 sau-

4 1134 75 1159 lilleln
85 1132 181 1159 crucis
192 1139 247 1158 suae
259 1141 268 1156 ›
283 1138 335 1158 ιιοιι
349 1130 437 1158 solum
452 1140 460 1156 ι
473 1137 532 1165 quae
546 1130 572 1157 in
581 1135 652 1157 terra
663 1135 753 1161 sunt,»

6 1180 20 1206 d
35 1183 59 1205 et
76 1188 85 1204 ‹
99 1186 161 1213 quae
175 1179 202 1205 in
225 1178 303 1205 cmlis
316 1177 349 1204 ³⁵.
363 1187 372 1203 ι
393 1176 462 1209 Quid
482 1180 572 1203 autem
591 1176 627 1203 sit
641 1177 714 1211 quod
729 1176 756 1203 in

4 1226 67 1252 ituris
91 1224 202 1252 saaculis
228 1228 319 1251 teneat
343 1222 449 1250 arbitrii
469 1221 635 1255 libertatem,
648 1229 681 1249 ne
700 1222 757 1257 (5i)

4 1279 76 1297 Irsum
94 1274 209 1297 corruat
237 1269 265 1296 in
290 1274 445 1302 peccatum,
468 1267 542 1294 brevi
562 1274 612 1294 nos
630 1274 758 1294 sermone

4 1315 112 1350 postulas
139 1316 230 1346 docet,
246 1314 339 1341 dicens
353 1322 360 1341 :
379 1322 389 1339 ι
405 1313 533 1341 Charitas
558 1320 697 1346 nunquam
713 1320 760 1339 ca-

8 1362 55 1388 t“.
70 1372 78 1388 ι
95 1361 202 1388 Idcirco
224 1360 298 1388 enim
311 1366 339 1387 et
357 1360 408 1387 fide
425 1363 453 1386 et
471 1366 519 1394 spe
540 1358 626 1392 major
641 1359 760 1386 charitas

4 1408 71 1434 icitur
88 1408 120 1439 ",
130 1407 196 1441 quia
208 1405 264 1434 sola
279 1407 331 1433 erit
345 1413 394 1439 per
404 1413 483 1439 quam
497 1404 614 1438 delinqui
629 1404 697 1430 ultra
708 1411 760 1431 non

4 1454 80 1480 Merit.
98 1454 127 1480 Si
148 1453 223 1480 enim
246 1452 273 1479 in
293 1452 320 1479 id
336 1452 427 1478 anima
442 1451 616 1485 perfectionis
633 1451 763 1477 ascende-

6 1504 22 1529 ι,
37 1504 63 1525 ut
78 1507 110 1526 ex
129 1504 188 1526 toto
207 1498 290 1525 corde
310 1505 369 1529 suo,
387 1501 415 1523 et
427 1504 460 1524 ex
481 1501 536 1523 tota
552 1496 641 1523 anima
661 1503 720 1528 sua,
736 1499 763 1522 et

4 1553 11 1570 ι
29 1546 88 1572 tutis
110 1545 220 1572 viribus
245 1543 304 1570 suis
331 1543 426 1578 diligat
442 1542 537 1574 Deum,
560 1547 588 1569 ct
606 1542 759 1577 proximum
775 1559 795 1586 Ω

5 1598 52 1616 ιιιιιι
68 1594 196 1624 tanquam
213 1589 333 1621 seipsam
349 1588 384 1620 ³⁸,
399 1588 443 1615 ubi
466 1588 518 1615 erit
540 1588 643 1622 peccati
668 1588 760 1615 locus?

4 1638 77 1664 lcirco
93 1638 214 1670 denique
230 1641 260 1663 et
277 1636 306 1663 in
318 1636 379 1670 lege
391 1636 442 1662 hoc
454 1636 552 1662 dicitur
567 1635 684 1669 primum
701 1643 762 1662 esse

4 1685 143 1716 ιθιιὼιιιιιιι,
159 1688 187 1710 et
211 1683 239 1709 in
268 1681 423 1716 Evangeliis
450 1689 530 1716 supra
547 1686 644 1709 caztera
670 1681 760 1708 omnia

4 1736 14 1755 r.
24 1729 150 1756 charitate
167 1728 328 1760 mandatur;
345 1732 371 1754 et
385 1727 466 1755 Petro
479 1735 540 1755 cum
553 1734 659 1754 Summa
673 1733 761 1753 rerum

4 1781 15 1800 e
27 1775 169 1808 pascendis
182 1774 280 1801 ovibus
292 1774 455 1806 traderetur,
467 1778 495 1799 et
516 1773 693 1808 superipsum
709 1771 764 1798 vel-

6 1824 15 1846 t
35 1828 112 1853 super
128 1825 231 1847 terram
253 1819 412 1846 fundaretur
431 1819 563 1852 Ecclesia,
581 1818 681 1846 nullius
695 1817 762 1844 alte-

4 1865 36 1892 ius
58 1867 91 1893 ab
112 1873 145 1893 eo
166 1865 277 1894 virtutis
303 1864 452 1896 confessio,
475 1863 526 1891 nisi
550 1862 762 1898 cliaritatis(5‘2)

4 1914 93 1948 tisitur
103 1914 145 1946 ³⁹;
164 1919 194 1940 et
205 1912 325 1940 Joannes
337 1921 399 1940 eum
410 1912 493 1939 multa
508 1913 541 1940 de
553 1913 697 1945 cliaritate,
708 1917 763 1939 tnui

4 1959 60 1985 tiam
76 1959 127 1986 hoc
143 1959 221 1991 dicit,
235 1959 298 1992 quia
319 1966 330 1983 ι
348 1960 394 1993 qui
418 1963 509 1985 tuanet
529 1959 555 1984 in
577 1951 764 1990 cliaritate,'in

4 2006 37 2030 leo
59 2008 150 2031 manet
158 2003 193 2030 ⁸⁸.
205 2012 214 2028 ι
242 2002 276 2029 Ει
295 2003 354 2030 ideo
375 2003 474 2030 merito
488 2003 609 2030 charitas
631 2011 693 2038 qua:
707 2003 766 2031 sola

4 2051 97 2077 iunium
115 2050 203 2083 major
214 2053 267 2082 est,
288 2056 397 2076 omnem
412 2054 567 2076 creaturam
589 2050 740 2076 continebit
752 2057 766 2077 a

5 2103 66 2129 Ipsa.
82 2096 161 2123 Tunc
185 2096 238 2123 erit
258 2095 329 2122 Deus
356 2094 413 2130 (ὕὸ)
429 2095 521 2121 omnia
543 2095 570 2121 in
597 2095 722 2122 omnibus
734 2095 766 2122 “.

4 2142 23 2168 id
38 2144 106 2170 hunc
132 2149 249 2176 namque
275 2141 452 2175 perfectionis
475 2141 590 2176 gradum
606 2142 768 2169 ascenderat

6 2190 118 2221 postulas
134 2189 248 2220 Paulus,
262 2192 290 2215 ct
312 2188 338 2215 in
355 2188 406 2215 hoc
431 2192 506 2215 stans
523 2187 694 2215 confidenter
711 2187 768 2223 (54)

769 887 791 916 Β

439 161 614 190 COMMENT.
636 160 671 188 IN
688 159 796 188 EPIST.

817 160 863 187 AD
883 160 964 188 ROM.
985 160 1049 187 LIB.
1070 159 1101 187 V.
1518 156 1584 183 ltl'il

803 220 864 255 quia
879 228 965 254 neque
982 220 1047 253 vita,
1067 225 1154 252 neque
1169 224 1252 249 mors,
1269 223 1356 250 neque
1368 214 1523 249 prtcsentia.
1536 223 1584 242 uc-

801 275 856 302 que
866 266 966 298 futura,
980 273 1067 300 neque
1078 264 1276 298 angelimeque
1288 263 1413 293 virtutes,
1422 268 1510 295 neque
1522 261 1585 288 alti-

802 311 878 342 tudo,
894 318 980 344 neque
991 309 1165 344 profundum,
1181 314 1268 341 neque
1279 311 1405 334 creatura
1419 305 1472 332 alia
1485 306 1586 339 poterit

802 363 851 383 nos
876 362 1003 389 separare
1027 361 1042 381 a
1067 353 1201 381 charitale
1217 352 1274 384 Dei,
1291 359 1351 382 ιιιιςιι
1366 355 1408 378 est
1431 351 1456 377 in
1473 350 1586 378 Christo

804 402 862 429 lcsu
889 401 1004 428 Domino
1024 405 1118 429 nostro
1130 400 1163 428 “.
1176 409 1185 426 ι
1207 399 1245 427 Ex
1262 398 1360 433 quibus
1384 397 1511 424 omnibus
1526 397 1585 424 evi‘

801 447 899 474 denter
921 445 1086 477 ostenditur,
1113 445 1176 479 quia
1204 444 1227 471 si
1251 443 1308 470 haec
1326 442 1417 469 omnia
1437 449 1498 476 quae
1519 449 1586 468 enu-

802 491 917 518 meravit
944 491 1101 526 Apostolus,
1125 496 1254 523 separare
1284 495 1333 515 nos
1360 495 1413 515 non
1439 491 1552 521 possunt
1571 493 1586 512 a

807 538 943 565 charitate
973 537 1032 569 Dei,
1051 544 1114 563 cum
1134 536 1161 563 in
1191 535 1256 562 illud
1284 535 1344 569 quis
1371 533 1478 561 culmen
1498 532 1588 567 perfe-

805 584 905 612 ctionis
946 582 1123 614 ascenderit,
1152 581 1237 608 multo
1269 581 1355 614 magis
1370 580 1486 607 libertas
1515 578 1589 605 arbi-

803 630 848 657 trii
879 637 930 656 nos
956 629 990 656 ab
1018 627 1076 662 ejus
1108 627 1243 654 charitate
1269 633 1399 660 separare
1420 633 1473 652 non
1505 623 1588 659 569

803 675 912 710 poterit.
940 674 1071 708 Quamvis
1096 673 1168 701 enim
1194 673 1230 700 sit
1254 671 1333 699 etiam
1363 669 1414 696 ista
1440 669 1506 704 (δν)
1536 668 1590 693 vir-

803 724 866 752 tus,
883 721 1031 745 etmaneat
1051 716 1078 744 in
1103 721 1215 748 natura,
1242 719 1330 741 tamen
1350 717 1423 740 tanta
1448 711 1590 738 charitatis

805 765 844 792 vis
858 769 917 796 est,
935 768 964 790 ut
982 764 1014 790 ad
1036 769 1065 790 se
1079 761 1171 789 omnia
1196 760 1302 792 trahat,
1316 765 1463 792 omnesque
1483 757 1534 784 sibi
1548 764 1591 784 so-

802 810 1042 844 cietvindicetque
1055 809 1188 840 virtutes,
1215 805 1332 833 maxime
1360 812 1420 831 cum
1449 803 1592 831 Citarilftlis

805 865 901 886 causas
915 857 991 892 prior
1010 855 1089 882 nobis
1106 854 1211 882 dederit
1226 852 1308 885 Dens,
1332 860 1341 876 ι
1360 850 1405 885 qui
1422 849 1499 876 unico
1522 848 1593 876 Filio

805 912 855 933 suo
871 911 924 931 non
938 901 1067 938 pepercit,
1081 901 1128 928 sed
1143 907 1190 934 pro
1202 898 1279 926 nobis
1293 896 1419 924 omnibus
1435 896 1544 923 tradidit
1561 894 1592 920 il-

804 952 859 978 lum
870 954 917 982 net
928 958 937 975 ι
948 947 1063 976 cumillo
1072 946 1149 974 nobis
1160 945 1250 972 omnia
1258 945 1368 972 doniavit
1383 942 1415 968 “.
1434 951 1443 967 ι
1463 941 1538 968 Unde
1551 939 1592 967 vel

805 998 849 1026 ille
865 997 908 1032 qui
926 995 1034 1022 Lucifer
1047 993 1107 1025 fuit,
1120 997 1147 1019 et
1161 993 1186 1019 in
1202 991 1272 1019 ccelo
1286 990 1424 1017 oriebatur
1436 987 1491 1023 (55)
1504 987 1537 1019 ι’,
1551 985 1593 1012 vel

806 1045 850 1072 ille
862 1043 907 1078 qui
926 1039 1113 1069 iinmaculatus
1124 1042 1184 1065 erat
1200 1045 1214 1064 a
1229 1036 1369 1064 nativitate
1380 1041 1428 1062 sua
1443 1033 1476 1066 ⁸³,
1493 1038 1593 1060 etcum

806 1089 947 1118 cherubim
969 1086 1072 1121 positus
1087 1084 1141 1111 labi
1157 1083 1245 1118 potuit
1265 1085 1410 1115 antequam
1432 1086 1495 1113 erga
1515 1079 1596 1104 bene-

808 1133 868 1160 ﬁcia
885 1131 948 1159 Filii
963 1131 1008 1158 Dei
1025 1130 1167 1158 charitatis
1191 1127 1307 1154 vinculis
1335 1125 1529 1158 stringeretur,
1546 1129 1595 1156 po-

808 1184 866 1207 stea
881 1186 944 1206 vero
959 1186 1039 1213 quam
1056 1176 1175 1204 charitas
1201 1175 1246 1201 Dei
1275 1171 1386 1200 dill‘undi
1416 1170 1442 1197 in
1467 1168 1595 1196 cordibus

808 1229 928 1257 omnium
941 1226 1055 1261 coeperit
1079 1232 1126 1259 per
1150 1222 1279 1257 Spiritqu
1301 1224 1423 1247 sanetum
1437 1218 1469 1250 ⁵⁷,
1489 1221 1594 1244 certum

809 1273 934 1303 eritillud
946 1271 1018 1306 quod
1034 1267 1221 1305 pronuntiavit
1241 1264 1403 1300 Apostolus,
1420 1261 1482 1297 quia
1500 1270 1509 1286 ι
1531 1261 1596 1287 cha-

811 1321 877 1349 ritas
915 1324 1051 1352 nunquam
1081 1315 1159 1342 cadet
1174 1312 1207 1339 ⁸⁸.
1235 1321 1243 1338 ι
1268 1311 1330 1338 llaec
1351 1313 1430 1345 prout
1459 1306 1596 1341 potuimus

810 1367 844 1394 ad
858 1374 890 1393 ea
907 1371 967 1399 qua:
980 1364 1032 1390 hoc
1045 1361 1103 1388 loco
1119 1362 1254 1387 conunota
1271 1356 1327 1391 (56)
1345 1358 1406 1382 sunt
1421 1353 1548 1382 diximus,
1568 1353 1597 1376 ut

811 1411 984 1441 manifestius
1012 1409 1176 1437 claresceret
1198 1402 1340 1440 quomodo
1357 1401 1440 1430 semel
1473 1399 1596 1427 Christus

813 1465 933 1488 mortuus
947 1462 988 1485 est
1004 1460 1124 1491 peccato,
1141 1458 1170 1482 et
1185 1452 1253 1479 ultra
1264 1451 1320 1485 jam
1341 1457 1393 1476 non
1416 1447 1547 1477 morilur;
1570 1447 1599 1471 et

813 1506 878 1540 quia
903 1504 974 1538 quod
991 1490 1076 1531 vivit.
1092 1499 1159 1526 vivit
1175 1498 1239 1525 Deo.
1260 1495 1356 1523 Vivere
1381 1499 1469 1520 autem
1494 1490 1597 1518 Deoita

815 1535 1020 1584 intellig-endam
1036 1552 1095 1578 cst,
1115 1545 1193 1580 quasi
1221 1542 1329 1577 expleto
1350 1548 1383 1567 eo
1399 1539 1456 1574 (57)
1476 1536 1547 1572 quod
1572 1535 1599 1562 in

813 1599 899 1625 forma
912 1596 957 1623 Dei
970 1595 1072 1628 positus
1083 1590 1232 1620 exiuanivit
1245 1588 1431 1622 semetipsum,
1445 1588 1472 1610 et
1484 1584 1597 1609 lormam

813 1643 884 1670 servi
901 1640 1018 1674 accepit.
1037 1643 1063 1665 et
1077 1638 1163 1664 factus
1178 1639 1219 1662 est
1233 1633 1362 1662 obedieus
1379 1637 1463 1664 usque
1476 1628 1508 1655 ad
1525 1634 1599 1654 mor—

814 1693 867 1715 tem
885 1687 921 1716 ",
948 1691 1055 1712 rursum
1079 1684 1237 1716 permaneat
1261 1679 1287 1705 in
1316 1678 1402 1704 forma
1431 1675 1497 1705 Dei,
1521 1677 1601 1706 atque

813 1731 924 1766 aequalis
950 1729 1035 1756 Patri.
1063 1726 1138 1754 Unde
1154 1729 1181 1751 et
1203 1724 1300 1750 merito
1323 1723 1348 1748 in
1373 1718 1601 1754 consequentibus

814 1778 890 1814 ponit
915 1775 969 1811 (58)
993 1783 1000 1802 :
1029 1783 1038 1799 ι
1054 1772 1091 1799 lla
1108 1777 1134 1798 et
1155 1778 1202 1797 vos
1228 1768 1384 1796 existimate
1411 1773 1458 1791 vos
1481 1769 1601 1790 mortuos

814 1809 924 1860 quidem
936 1809 996 1848 esse
1011 1823 1135 1854 peccato,
1146 1817 1267 1843 viventes
1281 1818 1370 1840 autem
1387 1813 1441 1838 Deo
1455 1810 1481 1836 in
1492 1809 1602 1859 Christo

815 1853 877 1898 ius"
900 1853 1018 1895 Domino
1027 1869 1119 1891 nostro
1132 1861 1207 1893 '°-";
1227 1870 1236 1886 ι
1259 1866 1312 1893 quo
1335 1853 1603 1884 scilicethuitatione

815 1914 915 1944 Christi
932 1916 1042 1948 peccato
1062 1909 1210 1936 moriamur
1236 1903 1316 1932 alieni
1340 1903 1373 1929 ah
1397 1909 1429 1928 eo
1453 1899 1603 1931 clfwti,ct

816 1963 871 1989 Deo
885 1960 1008 1988 vivamus
1020 1957 1164 1991 iungentes
1186 1961 1235 1979 nos
1249 1950 1290 1981 ci,
1319 1953 1343 1977 et
1371 1955 1439 1975 llnllS
1454 1954 1515 1974 cum
1543 1945 1604 1980 ipso

816 2008 931 2043 spiritus
942 2005 1005 2032 facti
1020 1990 1087 2036 (59).
1103 2000 1159 2028 Νοιι
1172 1999 1231 2026 sine
1245 2003 1326 2024 causa
1338 1999 1428 2021 autent
1443 1993 1494 2019 hoc
1512 1990 1580 2018 dixit

821 2036 1007 2080 iIExistimate
1024 2057 1069 2076 vos
1096 2051 1216 2075 mortuos
1246 2050 1308 2071 esse
1336 2045 1466 2076 peccato;
1495 2048 1505 2063 ι
1533 2036 1604 2070 quod

819 2101 917 2130 melius
932 2099 1039 2133 quidem
1060 2097 1086 2123 in
1109 2094 1203 2122 Graeco
1226 2090 1341 2117 habetur
1361 2094 1368 2113 :
1394 2095 1403 2111 ι
1419 2083 1544 2119 Cogitate
1558 2089 1605 2108 vos

821 2132 947 2176 mortuos
972 2150 1032 2172 esse
1049 2145 1170 2176 peccato.
1191 2147 1200 2163 ι
1216 2135 1272 2163 Res
1301 2135 1373 2162 enim
1391 2132 1424 2158 dc
1437 2138 1490 2165 qua
1516 2135 1606 2155 sermo

821 2199 875 2226 est,
892 2192 921 2219 in
934 2188 1097 2226 cogitatione
1111 2184 1206 2218 magis,
1223 2186 1250 2210 et
1266 2180 1371 2208 ratione
1386 2176 1522 2206 subsistit,
1542 2173 1606 2226 quia

4 2234 88 2262 licebat
103 2244 108 2262 :
130 2243 139 2259 ι
158 2233 224 2266 Quis
236 2233 309 2260 enim
325 2241 373 2261 nos
386 2233 524 2267 separabit
537 2240 552 2259 a
569 2233 703 2261 cbaritate
715 2220 757 2261 De

865 2220 983 2273 iusrnorli
999 2242 1072 2262 mors
1088 2240 1140 2259 non
1158 2231 1184 2257 in
1197 2229 1306 2259 effectu,
1326 2225 1374 2253 sed
1390 2224 1416 2250 in
1441 2220 1608 2274 cogitatione

4 2287 43 2311 [uie
53 2286 93 2307 est
109 2281 136 2307 in
155 2279 264 2307 Christo
282 2278 363 2306 Jesu?
388 2278 560 2306 Tribulatio?
577 2287 610 2306 an
626 2279 772 2314 angustia?

4 2333 22 2350 .n
39 2325 212 2359 persecutio?
228 2333 262 2351 an
278 2324 387 2352 fames?
410 2333 446 2352 au
472 2325 601 2352 nuditas?
614 2333 647 2352 an
665 2326 772 2359 pericu-

5 2371 59 2397 uin?
75 2380 108 2399 an
121 2371 229 2406 gladius
240 2370 280 2397 "?
291 2379 301 2396 ι
317 2375 344 2398 et
354 2371 453 2398 iterum
469 2379 475 2397 :
495 2379 504 2396 ι
519 2370 616 2398 Certus
627 2378 688 2398 sum
699 2372 770 2399 enim

26 2439 48 2455 “
60 2439 153 2476 Matth.
169 2447 208 2472 ix,
223 2439 328 2476 lgaj'
342 2438 447 2476 Coloss.
462 2446 479 2469 ι,
497 2439 543 2465 20.

4 2474 41 2503 |8:
56 2474 133 2503 Ιξοδιι.
148 2483 206 2506 xxi,
221 2474 312 2502 15-17.
351 2474 374 2490 ⁸ο
385 2473 478 2500 lJoan.
490 2481 526 2506 iv,
538 2473 582 2502 16.

6 2509 90 2537 ‘ihid.
125 2511 171 2538 ‘52.
209 2510 232 2525 “
260 2508 452 2541 lsai.xtv,t2.

4 2543 48 2562 *δ’
59 2546 137 2573 ltom.
152 2553 189 2578 vr,
206 2545 249 2572 ll.

622 2475 643 2490 “
654 2474 738 2507 ICor.
752 2485 800 2505 xm

29 2600 83 2636 (5|)
104 2601 259 2636 Legendum
277 2601 385 2628 videtur
400 2608 487 2634 «nec;
501 2610 510 2627 ι
537 2604 655 2627 attamen
681 2607 776 2629 omnes

4 2643 57 2663 mss.
73 2637 159 2664 nostri
172 2642 199 2664 et
210 2637 275 2663 editi
293 2637 405 2669 habent,
423 2645 431 2661 ι
442 2644 485 2664 ne.
497 2645 506 2661 ι

29 2671 83 2705 (52)
105 2671 185 2704 Editi,
200 2680 209 2696 ι
223 2672 354 2698 Charitas.
369 2681 378 2696 ι

30 2707 84 2739 (53)
105 2707 186 2739 Editi,
205 2715 214 2732 ι
231 2707 346 2732 maxima
361 2710 435 2734 est...
450 2710 514 2732 tunc
528 2712 588 2731 cum
605 2705 657 2732 erit
672 2706 753 2737 Deus,
764 2714 774 2731 ι

4 2746 46 2767 etc.
63 2742 111 2768 Ms.
132 2749 212 2773 unius,
234 2749 244 2766 ι
261 2747 346 2767 mater
361 2745 436 2767 est...
454 2748 514 2766 cum
531 2740 583 2766 erit
599 2740 680 2771 Deus,
696 2750 704 2765 ›
721 2745 776 2766 etc.

33 2777 86 2810 (5i)
97 2777 182 2807 Editi,
199 2787 209 2801 ‹
223 2776 387 2803 ascendebat
399 2775 554 2809 Apostolus,
565 2775 626 2801 etin
642 2775 691 2801 hoc
704 2781 778 2801 stans

4 2811 142 2871 animalem,
156 2811 222 2847 illis.
239 2819 319 2842 unus,
334 2820 342 2836 ‹
356 2817 382 2837 et
396 2812 421 2838 in
436 2811 486 2838 hoc
500 2817 577 2837 stans
588 2815 613 2836 cl
623 2810 777 2845 conlidens}

4 2854 54 2871 ure
74 2853 110 2871 at.
124 2857 132 2871 ι
377 2848 382 2853 ⁸

4 2848 110 2873 diu-cbai.
124 2857 132 2872 ι
377 2848 382 2853 ‘

35 2882 99 2913 (5")
119 2882 182 2910 15m.
203 2882 374 2910 Dcsideratur
389 2883 415 2910 in
431 2882 504 2909 libris
519 2886 593 2908 antea
616 2880 704 2905 inlitis.

581 2438 606 2455 ³⁸
616 2438 624 2465 l
633 2438 695 2467 Cor.
709 2449 769 2474 xui,
783 2443 810 2469 8.

805 2498 811 2509 ,
825 2477 874 2508 l5;
888 2476 897 2503 l
909 2475 972 2503 Cor.
983 2481 1028 2506 xv,
1041 2472 1087 2509 28.

500 2504 524 2524 δέ
533 2508 633 2537 Ezech.
657 2504 753 2546 xxvui,
772 2504 825 2540 νη.
862 2504 883 2528 ίτ
910 2511 987 2538 item.
1002 2504 1028 2540 v,
1041 2507 1068 2535 5.
1104 2506 1127 2522 ιδ
1139 2506 1147 2533 l
1161 2506 1225 2533 Cor.
1241 2512 1302 2537 xm,
1316 2504 1342 2530 8.

825 2265 1007 2312 habendaest.
1028 2279 1078 2313 Qui
1095 2278 1167 2305 enim
1187 2274 1288 2309 cogitat.
1310 2271 1353 2298 vel
1376 2265 1608 2313 existimat

825 2328 1000 2362 semetipsum
1016 2329 1152 2352 mortuum
1178 2328 1208 2347 se
1229 2326 1304 2351 esse,
1332 2324 1385 2343 non
1402 2316 1505 2349 peccat.
1527 2309 1607 2362 Verbi

824 2375 911 2412 gratia
950 2373 973 2400 si
988 2377 1030 2399 me
1053 2366 1273 2403 concupiscentia
1301 2362 1422 2392 mulieris
1451 2359 1560 2390 trahat;
1585 2356 1608 2383 si

1407 2431 1429 2447 υ
1443 2428 1537 2456 Matth.
1553 2433 1608 2459 va,

1399 2465 1421 2481 ⁸³
1434 2465 1498 2491 ibid.
1509 2463 1555 2493 58.
1564 2460 1608 2488 59.

1394 2501 1418 2517 ι’
1431 2499 1528 2533 Philip.
1539 2505 1570 2528 ti,
1581 2496 1610 2522 7.

1046 2437 1070 2452 ³⁸
1082 2436 1178 2464 Matth.
1190 2443 1259 2466 xxii,
1277 2432 1369 2461 57-59.

1126 2471 1148 2486 ’⁸⁸
1159 2471 1236 2496 lium.
1248 2477 1307 2500 vm,
1316 2468 1360 2494 '55.

848 2442 870 2458 ³⁷
883 2440 948 2467 ibid.
965 2438 1008 2466 15.

866 2598 922 2634 (55)
939 2595 1019 2629 Editi,
1037 2604 1048 2622 ε
1063 2593 1238 2630 operabatur.
1261 2601 1271 2618 ι
1291 2591 1395 2618 Deinde
1418 2599 1427 2616 ι
1451 2589 1612 2617 inuuacula—

831 2639 874 2662 tus
887 2635 948 2661 fuit.
972 2643 982 2659 ι

865 2669 920 2705 (56)
941 2667 1026 2705 lgdni,
1041 2674 1052 2692 ‹
1074 2667 1284 2705 commemora-ta
1296 2665 1369 2705 simi.
1390 2669 1412 2705 ι⁴
1440 2694 1446 2700 .
1492 2679 1495 2682 .

943 2694 1026 2739 ῥιψιέ
1043 2700 1147 2736 expleto
1168 2706 1207 2725 eo.
1236 2697 1298 2724 Hice
1320 2696 1416 2723 desunt
1440 2694 1467 2721 in
1492 2694 1614 2722 editione

828 2737 1005 2767 Geuelirardi.

865 2773 921 2809 (58)
944 2773 1024 2809 Editir,
1040 2782 1049 2797 ‹
1071 2772 1096 2798 in
1111 2768 1286 2809 consequenti
1303 2768 1359 2809 haec
1374 2766 1461 2809 ponit.
1476 2775 1496 2805 ι.

864 2804 920 2843 (Si!)
941 2808 1125 2843 Merlinusrct
1152 2804 1342 2832 chcbrardus
1356 2822 1362 2834 ,
1383 2812 1391 2827 ι
1410 2806 1438 2828 ιιι
1451 2804 1532 2828 unius
1548 2806 1609 2828 cum

832 2846 889 2879 ipso
902 2844 1012 2880 spiritus
1027 2842 1100 2869 fait-li.
1123 2851 1131 2865 ι
