1831 3052
263 140 331 168 1153

991 143 1152 172 οιιιιιειιιε
1784 153 1810 185 ιιι

260 197 382 231 argenti,
398 197 419 223 si
433 198 508 229 attri,
527 198 547 224 si
562 198 654 232 prtcdii
668 199 803 233 cupiditas
828 200 934 234 pulset,
952 206 979 227 et
999 209 1047 235 ρο·
1062 206 1083 232 Λ
1099 201 1183 233 didit,
1216 211 1224 227 t
1254 203 1378 232 Viventes
1417 205 1471 232 Deo
1496 204 1522 232 in
1561 205 1671 232 Christo
1691 205 1749 237 lusit.
1766 218 1772 233 I
1789 217 1810 236 ιιι

261 251 322 269 nam
339 242 363 268 in
382 243 464 270 corde
481 251 540 270 meo
555 245 625 278 quod
639 250 762 272 mortuus
779 246 832 273 sim
850 255 911 273 cuto
926 247 1046 281 Christo,

260 289 336 315 etde
356 292 442 315 morte
467 290 602 323 cogitent,
626 291 808 325 exstinguitur
827 292 956 319 continuo
979 301 1046 319 con-

260 334 426 368 cupiscentia
440 339 467 362 ct
482 334 615 369 cﬁ'ugatur
629 341 782 370 peccatntn.
799 338 852 364 Ant
879 339 900 365 si
924 339 986 365 odio
1007 338 1048 364 vel

260 380 298 407 ira
313 378 495 406 inﬂammatus
508 381 542 407 ad
558 389 650 408 necem
669 382 794 409 conciter
816 383 918 410 inimici
933 383 984 410 mci
997 392 1004 414 ;
1025 384 1048 410 si

259 430 301 450 me
322 425 475 451 existimem
495 431 631 453 mortuum
646 434 706 454 esse
727 435 789 454 cum
805 427 931 458 Christo,
956 434 983 455 et
1002 436 1048 455 co-

258 469 402 503 gitationes
419 473 514 497 mortis
535 480 630 506 ponam
648 473 674 499 in
691 473 783 500 animo
805 482 881 505 meo,
897 474 1049 508 exstingui-

259 519 302 540 tur
313 515 370 542 sine
383 516 466 542 dubio
482 517 567 548 furor,
582 523 671 544 cessat
690 518 795 550 odium,
807 520 978 554 conquiescit
993 519 1045 552 ira,

258 565 369 593 peccato
384 569 436 588 non
453 562 534 589 datur
550 563 635 596 loeus,
653 569 681 590 et
697 564 748 591 hoc
766 565 844 592 modo
860 570 971 598 peccato
984 565 1045 599 quis

258 605 324 631 mori
340 606 487 640 invenitur,
501 612 527 634 et
541 608 631 635 virere
647 609 710 636 Deo.
733 609 785 636 Sed
799 614 827 637 et
843 610 893 637 hoc
907 610 978 644 quod
994 610 1044 636 ad-

1098 249 1164 275 tnihi
1181 249 1297 276 otiosum
1312 250 1428 277 videtur.
1449 250 1545 278 Simile
1556 251 1631 277 enim
1647 258 1703 284 puto
1714 260 1766 284 esse,
1776 260 1810 287 qua

1097 294 1212 321 dixisset
1228 302 1236 321 :
1256 294 1383 322 Viventes
1398 296 1453 322 Deo
1469 296 1496 322 in
1510 296 1657 330 sapientia,
1670 298 1693 322 in
1707 305 1766 330 pacr,
1776 300 1810 332 inii

1097 340 1184 370 stitia,
1200 340 1226 366 in
1247 341 1481 373 sanctiﬁcatione,
1497 349 1558 376 qum
1577 344 1668 369 omnia
1688 343 1780 370 Christus
1792 349 1810 371 ei

1099 384 1127 411 lu
1143 385 1185 412 his
1202 393 1267 420 ergo
1285 386 1376 413 vivere
1393 387 1459 418 Deo,
1478 386 1530 413 hoc
1542 391 1585 413 est
1602 387 1629 413 in
1643 387 1737 415 Christo
1747 388 1788 415 issu
1799 389 1810 415 ιι

1098 438 1162 457 vere
1189 432 1254 459 Deo.
1279 432 1357 465 Quod
1389 433 1411 459 si
1436 433 1495 459 sine
1515 433 1711 466 justitia,siue
1721 435 1810 468 pace,sit

1099 477 1314 504 sanctiﬁcatione
1339 478 1497 512 ceterisque
1530 478 1677 505 virtutibus
1702 486 1762 505 uentu
1785 479 1810 504 tit]

1099 522 1170 555 Deo,
1188 528 1293 549 certum
1316 528 1358 550 est
1378 525 1450 557 quod
1477 531 1556 551 nemo
1586 523 1660 550 vivat
1683 524 1741 556 Deo,
1757 524 1810 551 utsii

1094 569 1202 596 Christo
1214 568 1288 596 Jesu.
1303 569 1385 596 Amen
1400 568 1468 604 (ϐυ).

262 696 1810 713 —_________—_____________—__

831 806 1006 850 LIBER
1045 805 1296 850 SEXTUS.

293 999 318 1027 1.
338 1011 347 1026 ι
376 1000 433 1028 Non
457 1009 522 1036 ergo
551 1006 644 1036 I‘cgnet
662 1006 805 1036 peccatum
828 1001 852 1028 in
868 1006 958 1029 vestro
976 1009 1047 1028 mor-
1063 1006 1084 1032 Β
1100 1001 1154 1034 bet,
1171 1001 1347 1035 concupiscat
1364 1001 1420 1036 (65)
1436 1010 1446 1027 ι
1465 1009 1533 1029 caro
1555 1003 1686 1030 adversus
1699 1003 1803 1036 spiritum,

253 1048 299 1074 tali
315 1056 444 1083 corpore,
469 1048 501 1074 ad
517 1048 698 1075 obedientium
723 1048 866 1075 desideriis
889 1048 946 1081 ejus
972 1047 1042 1084 (6|),

253 1100 341 1127 neque
363 1093 515 1120 exhibeatis
533 1094 654 1120 membra
673 1099 760 1120 vestra
783 1102 859 1120 arma
890 1093 1042 1127 iniquitatis

251 1144 363 1172 peccato
378 1148 384 1165 :
400 1140 446 1166 sed
460 1139 586 1167 exhibete
602 1148 649 1167 ros
675 1139 747 1172 Deo,
764 1145 893 1172 tauquam
918 1148 950 1166 ex
967 1148 1041 1166 mor-

252 1184 306 1211 tuis
320 1184 443 1212 viventes
460 1193 468 1212 :
484 1189 509 1212 cl
522 1185 642 1213 membra
656 1190 746 1213 vestra
761 1192 837 1212 arma
848 1185 962 1220 justitite
974 1185 1037 1212 Dco.

249 1229 393 1257 Peccatum
411 1231 482 1258 ettitn
499 1231 575 1258 vobis
591 1239 645 1258 non
666 1231 851 1258 dominabitur
869 1239 876 1257 ς
894 1239 946 1257 ιιοιι
965 1231 1037 1258 enim

249 1277 300 1302 sub
316 1276 375 1310 lege
390 1277 466 1309 estis,
483 1276 529 1303 sed
549 1278 600 1304 sub
616 1279 703 1312 gratia
720 1278 754 1305 ".
775 1278 834 1305 rln
853 1278 1041 1313 superioribus

248 1321 287 1348 ait
316 1329 323 1348 :
353 1330 362 1347 ι
382 1322 459 1349 Sicut
486 1325 612 1358 regnavit
633 1328 775 1358 peccatum
807 1325 833 1351 in
857 1329 943 1351 morte
968 1324 1000 1350 “.
1026 1333 1036 1350 ι

249 1366 326 1394 Nunc
340 1373 430 1395 autem
452 1376 506 1395 non
521 1368 611 1396 dixit:
630 1369 688 1396 Non
702 1377 767 1405 ergo
784 1375 879 1405 regnet
896 1375 1037 1405 peccatum

248 1413 275 1439 iu
292 1418 396 1445 morte;
417 1414 464 1441 sed
478 1415 516 1441 ait
531 1423 537 1440 :
555 1423 564 1440 ι
582 1414 640 1442 Non
659 1423 723 1450 ergo
744 1421 837 1450 regnet
851 1420 992 1450 peccatum
1010 1417 1036 1442 in

249 1463 339 1485 vestro
355 1459 461 1485 mortali
484 1467 616 1494 corpore,
636 1461 669 1486 atl
687 1461 868 1488 obedientium
894 1461 1035 1488 desideriis

247 1505 323 1537 ejus;
346 1514 355 1530 ι
374 1505 473 1532 docens
485 1513 534 1540 per
548 1506 598 1532 hoc
613 1507 703 1533 sedem
721 1507 864 1540 quamdam
881 1511 907 1533 et
923 1514 1032 1541 regnum

248 1556 386 1584 peccatum
402 1551 501 1578 habere
509 1552 565 1586 (62)
578 1552 693 1587 570m
705 1559 828 1586 corpore.
840 1551 895 1579 Hoc
907 1557 948 1580 est
962 1553 1032 1587 quod

1097 1047 1210 1081 spiritus
1230 1047 1360 1075 adversus
1371 1055 1492 1080 carnem,
1505 1053 1533 1076 et
1544 1049 1604 1075 haec
1615 1049 1665 1075 sibi
1680 1049 1773 1075 invicem
1785 1057 1810 1073 tu

1095 1098 1239 1119 versentur
1253 1093 1287 1120 ⁵³.
1302 1093 1372 1121 Illud
1401 1099 1492 1121 tamen
1506 1095 1638 1127 adverte,
1659 1095 1722 1128 quod
1733 1096 1810 1120 oslculu

1094 1137 1120 1164 in
1137 1143 1229 1165 nostra
1245 1143 1375 1173 potestate
1388 1139 1505 1173 positum
1521 1144 1552 1166 ιιι
1565 1147 1622 1166 non
1639 1144 1725 1175 regnet
1738 1140 1758 1166 in
1771 1144 1810 1165 nisi

1094 1183 1200 1209 mortali
1229 1191 1345 1218 corpore
1373 1187 1515 1218 peccatum
1542 1182 1620 1217 (66).
1647 1181 1810 1218 praceptumd

1093 1228 1248 1262 Apostolus,
1271 1229 1365 1256 dicens
1385 1240 1390 1256 :
1412 1238 1420 1254 t
1439 1228 1572 1262 Nonergo
1589 1234 1683 1264 regnet
1699 1234 1803 1264 peccatum

1093 1278 1183 1300 vestro
1201 1274 1310 1301 mortali
1329 1282 1460 1309 corpore,
1483 1275 1516 1302 ad
1540 1275 1720 1302 obedientium
1735 1271 1810 1300 desitteu

1091 1318 1150 1353 ejus
1164 1319 1198 1346 ⁶⁰.
1223 1329 1233 1346 ι
1252 1319 1307 1347 Nisi
1324 1321 1396 1348 enim
1422 1325 1495 1349 esset
1520 1321 1545 1348 in
1571 1327 1666 1348 nostra
1693 1325 1810 1356 potestatet

1088 1372 1143 1391 non
1162 1370 1291 1399 regnaret
1307 1366 1333 1393 in
1348 1367 1426 1394 nobis
1438 1372 1591 1401 peccatum,
1610 1372 1760 1402 prmecptum
1773 1368 1810 1398 tutu

1085 1417 1139 1437 non
1162 1410 1290 1438 dedisset.
1317 1411 1455 1445 Quomodo
1478 1419 1542 1447 ergo
1559 1413 1691 1447 possibile
1704 1418 1741 1439 est
1756 1418 1776 1438 ut
1792 1418 1810 1444 pe

1090 1461 1178 1483 catum
1194 1457 1219 1484 in
1234 1465 1317 1485 carne
1332 1463 1424 1485 nostra
1452 1466 1503 1486 non
1520 1460 1636 1493 regnet?
1652 1459 1680 1487 Si
1696 1456 1810 1485 faciamusi

1091 1501 1135 1528 lud
1147 1502 1217 1536 quod
1231 1502 1453 1537 idemApostolus
1465 1503 1545 1530 dicit:
1560 1512 1571 1529 ι
1587 1504 1740 1531 Mortiﬁcate
1748 1503 1810 1530 tuenti

1091 1552 1183 1574 vestra
1199 1555 1258 1580 qua:
1271 1553 1335 1575 sunt
1349 1555 1429 1583 supra
1449 1554 1548 1576 terram
1565 1548 1603 1582 σι,
1626 1559 1636 1575 ι
1662 1555 1689 1578 et
1703 1550 1723 1576 si
1743 1558 1751 1574 t
1763 1554 1810 1580 semp

248 1599 274 1620 et
285 1595 348 1622 alibi
362 1596 463 1623 dixit"
475 1606 481 1623 :
495 1597 658 1624 «Prudentia
671 1597 761 1624 carnis
773 1597 1033 1629 inimicaestDcop
1052 1590 1074 1618 (αἶ
1092 1598 1205 1620 "Ionem
1228 1593 1329 1621 Christi
1357 1594 1384 1621 ill
1413 1601 1529 1629 corpore
1549 1602 1647 1622 nostro
1665 1605 1675 1620 ι
1703 1594 1810 1622 circumitn

246 1643 275 1665 et
295 1639 416 1667 iterum:
436 1650 444 1666 t
464 1641 612 1669 Prudentia
639 1643 729 1669 carnis
754 1651 828 1670 mors
849 1648 888 1670 est
901 1643 935 1670 ⁸⁸.
956 1653 964 1669 ι
983 1643 1034 1671 Sed

246 1690 274 1713 ct
288 1687 379 1713 omnia
398 1692 508 1722 peccata
523 1688 666 1723 Apostolus
681 1696 762 1724 opera
779 1689 870 1717 carnis
889 1697 949 1717 esse
970 1697 1032 1725 pro-

246 1731 352 1759 nuntiat
367 1732 400 1766 ",
414 1741 474 1768 qua:
489 1734 554 1761 dicit
566 1742 628 1762 esse
646 1734 853 1762 fornicationem
863 1757 871 1769 ,
889 1735 1033 1762 immundi-

246 1777 322 1809 tiam,
339 1779 512 1812 passionem,
525 1780 772 1815 concupiscentiam
791 1781 902 1813 malam,
917 1781 1033 1816 impudi-

245 1822 338 1850 citiam
350 1843 357 1856 ,
378 1823 560 1852 idololatriam
571 1845 579 1857 .
595 1825 738 1859 maleﬁcia,
757 1826 925 1858 inimicitias,
942 1831 1032 1852 certa-

245 1868 317 1895 mina
327 1887 334 1900 ,
349 1869 456 1901 zelum,
475 1871 603 1904 furorem,
618 1871 819 1903 contentiones,
835 1872 1029 1904 dissensiones,

243 1914 372 1948 Inereses,
388 1915 529 1949 invidiam,
542 1917 940 1950 ebrietates,‘comessationes,
950 1922 976 1944 et
989 1918 1032 1945 bis

242 1959 353 1987 similia.
376 1961 430 1989 Sed
445 1961 468 1989 si
492 1962 616 1997 requiras
638 1964 773 1998 quomodo
798 1963 881 1990 etiam
911 1964 1031 1991 haereses

242 2005 315 2033 inter
338 2008 430 2035 carnis
453 2015 535 2042 opera
560 2015 754 2042 numerentur,
780 2009 903 2036 invenies
925 2016 972 2036 eas
997 2009 1031 2036 de

242 2061 323 2081 sensu
339 2054 432 2083 carnis
458 2057 616 2089 procedere.
636 2058 682 2085 Sic
706 2058 778 2085 enim
797 2057 863 2084 dicit
885 2057 1031 2091 Apostolus

239 2099 273 2126 de
287 2100 403 2134 quodam
419 2109 426 2127 :
443 2111 452 2127 ι
472 2101 594 2134 Frustra,
609 2103 708 2137 inquit,
723 2103 831 2130 inflatus
842 2111 856 2129 a
870 2110 950 2130 sensu
972 2101 1029 2137 (65)

238 2146 330 2172 carnis
348 2154 421 2180 stuc,
444 2151 472 2174 et
487 2156 543 2176 non
559 2153 652 2175 tenens
669 2149 793 2183 caput".
820 2158 829 2174 ι
853 2148 917 2176 llaec
937 2154 1028 2175 autem

239 2190 358 2219 diximus
377 2196 406 2218 ut
423 2191 595 2220 manifestior
617 2193 693 2221 ﬁeret
710 2193 873 2227 intellectus,
892 2193 1028 2228 quomodo

236 2242 380 2270 peccatum
395 2243 488 2272 regnet
507 2238 535 2266 in
561 2247 686 2274 corporo.
717 2239 813 2266 Omnia
839 2247 958 2274 nullique
982 2239 1025 2265 illa

236 2289 296 2316 quae
311 2284 437 2318 superius
450 2291 530 2319 opera
545 2286 634 2313 carnis
647 2294 707 2313 esse
725 2286 955 2317 enumeravimus,
968 2285 1026 2311 vel-

236 2333 266 2354 ut
291 2330 428 2357 exercitus
440 2331 551 2365 quidam
567 2336 688 2358 armatus
700 2337 740 2359 est
756 2331 814 2367 (64)
829 2331 878 2359 sub
894 2331 946 2358 hoc
964 2337 1026 2366 rege

237 2374 340 2406 peccati
356 2375 485 2408 militans,
501 2381 528 2403 et
545 2376 594 2410 legi
619 2376 678 2409 ejus
695 2385 793 2412 paretts
806 2397 813 2410 ,
825 2384 885 2411 qua:
899 2377 926 2403 in
942 2384 1026 2403 mein-

238 2419 295 2446 bris
309 2420 400 2447 carnis
414 2421 544 2456 inscripta
563 2428 616 2450 est.
629 2424 739 2450 Certum
759 2429 801 2451 est
820 2424 904 2456 cnim,
917 2424 979 2458 quia
993 2430 1026 2450 ex

236 2472 269 2490 νο
286 2465 358 2498 quod
377 2465 519 2494 desideriis
542 2470 648 2503 peccati
671 2477 737 2496 caro
758 2469 940 2496 obedientiam
955 2475 1026 2502 pra:-

284 2534 306 2550 ¹³
318 2534 395 2561 Rom.
414 2543 451 2567 \‘l,
466 2536 555 2565 12-11.
610 2538 632 2554 ⁵⁵
648 2538 726 2565 Rom.
739 2546 765 2569 v,
789 2538 833 2565 21.

237 2577 267 2602 ιι,
278 2569 321 2601 18,
339 2569 381 2597 19.
419 2571 442 2586 ⁵³
458 2571 548 2599 Galat.
559 2574 641 2604 v.17.
680 2574 702 2589 ιο
716 2573 793 2601 ltum.
807 2581 844 2606 vx,
866 2572 907 2599 l2.

266 2639 322 2673 (60)
343 2639 417 2667 -Ῑεδυ-
436 2641 528 2670 Amen.
545 2642 606 2670 "NEC
621 2645 719 2672 desunt
732 2645 757 2671 in
775 2645 852 2671 libris
872 2649 951 2670 antra
966 2644 1021 2669 edi-

231 2674 362 2711 tistA‘l’ss.
382 2681 470 2702 tamen
484 2677 607 2711 plerique
620 2680 750 2706 omittunt
769 2689 778 2704 ι
800 2681 884 2707 Amt'n
918 2689 926 2705 ι

265 2709 323 2745 (61)
343 2710 389 2736 Sic
407 2718 471 2739 mss.
488 2709 655 2746 Editi‘vcro,
673 2723 681 2740 t
706 2720 735 2742 ut
756 2715 892 2742 obcdiatis
917 2721 1018 2742 concu-

231 2744 372 2778 piscentiis
389 2747 458 2778 ejus.
477 2756 488 2771 ι

266 2779 427 2820 (ωειιςιιιιι,
447 2790 456 2806 ι
478 2789 525 2815 per
540 2782 596 2809 lucc
620 2783 710 2811 scdcm
736 2785 881 2818 quamdam
908 2791 1020 2820 regnum

231 2815 336 2848 pot-cati
353 2815 462 2848 habrrc,
481 2825 490 2840 ι
511 2823 565 2843 etc.

269 2848 326 2883 (65)
343 2849 426 2885 Editi,
442 2861 451 2878 ι
467 2851 569 2880 frustra
587 2854 656 2888 quod
671 2854 777 2883 atllatus
789 2855 821 2884 de
835 2864 926 2884 sensu.
945 2865 953 2881 ι

889 2537 912 2552 ⁸⁵
928 2536 1006 2562 Rom.
1022 2542 1080 2567 vui,
1105 2535 1129 2560 7.

946 2571 967 2587 '“
982 2570 1087 2598 Coloss.
1105 2578 1144 2602 ιιι,
1155 2570 1182 2598 5.

1091 1646 1152 1665 mus
1168 1639 1201 1665 ⁶¹.
1219 1639 1328 1666 Certum
1345 1647 1462 1674 namque
1476 1643 1527 1673 est,
1546 1641 1613 1675 quia
1632 1641 1678 1668 ubi
1693 1648 1756 1668 mors
1766 1638 1810 1666 ειπι

1091 1684 1293 1718 circumfertur,
1321 1692 1373 1712 non
1399 1690 1487 1719 potest
1509 1694 1633 1721 regnare
1658 1681 1810 1721 peccatumd

1089 1730 1161 1756 enim
1180 1735 1255 1757 tanta
1280 1730 1322 1758 vis
1344 1731 1435 1758 crucis
1455 1731 1556 1758 Christi
1571 1751 1580 1764 ,
1608 1737 1639 1759 ιιι
1661 1733 1683 1760 si
1708 1738 1761 1759 ante
1773 1726 1810 1756 ocul

1088 1780 1216 1809 ponatur,
1233 1781 1261 1804 et
1277 1776 1304 1803 in
1316 1782 1407 1804 tuente
1425 1776 1543 1804 ﬁdeliter
1555 1778 1724 1809 retineatur.
1738 1778 1766 1803 ita
1784 1781 1802 1802 ut

1088 1821 1174 1855 ipsam
1189 1827 1302 1849 tnortetn
1318 1823 1418 1851 Christi
1433 1824 1552 1850 intentus
1574 1824 1677 1851 oculos
1692 1826 1776 1851 mentis
1786 1827 1810 1854 ast

1087 1867 1152 1900 cial,
1168 1867 1239 1894 nulla
1255 1868 1493 1903 concupiscentia,
1511 1868 1586 1895 nulla
1612 1869 1711 1901 libido,
1726 1863 1810 1895 nullusi

1088 1920 1144 1946 ror,
1160 1914 1234 1940 nulla
1250 1922 1382 1948 superare
1393 1916 1479 1949 possit
1498 1916 1624 1948 invidia;
1642 1916 1690 1943 sed
1702 1914 1810 1942 continuo:

1085 1959 1144 1994 ejus
1159 1959 1334 1994 pratsentiam
1352 1965 1424 1988 totus
1438 1961 1482 1988 ille
1493 1968 1577 1996 quem
1596 1969 1680 1996 supra
1704 1962 1810 1988 enumerat

1086 2013 1148 2032 ntus
1174 2006 1278 2040 peccati
1304 2011 1332 2034 et
1356 2007 1446 2034 carnis
1472 2007 1584 2042 fugatur
1609 2005 1810 2039 exercituszipstl

1084 2058 1149 2079 vero
1166 2058 1305 2086 peccatum
1321 2061 1371 2081 nee
1393 2053 1526 2086 subsistit,
1540 2054 1646 2089 quippe
1661 2062 1719 2082 cum
1738 2061 1776 2080 nec
1791 2050 1810 2077 si

1085 2098 1185 2125 stantia
1200 2098 1258 2132 ejus
1277 2106 1391 2134 usquam
1410 2100 1446 2126 sit
1460 2100 1512 2128 nisi
1529 2101 1555 2127 in
1569 2109 1657 2136 opere
1677 2106 1704 2128 et
1721 2094 1810 2135 gestisi

1083 2151 1147 2178 ergo
1165 2144 1192 2170 in
1213 2145 1292 2172 nobis
1307 2149 1334 2172 ct
1356 2145 1581 2180 concupiscentia
1613 2146 1733 2182 peccati,
1747 2148 1810 2179 quin

1088 2197 1170 2224 gnum
1188 2190 1267 2217 habet
1284 2190 1310 2217 in
1329 2198 1413 2218 carne
1431 2199 1439 2224 ;
1455 2196 1499 2218 est
1512 2196 1540 2219 ct
1560 2191 1770 2228 concupiscentia
1781 2187 1810 2222 spil

1082 2239 1135 2267 tus,
1149 2243 1208 2269 quae
1223 2242 1334 2271 regnum
1351 2235 1432 2263 habet
1447 2236 1473 2263 in
1488 2241 1592 2268 tuente,
1603 2238 1746 2265 secundum
1758 2235 1810 2266 itii“

1078 2287 1158 2314 supra
1179 2280 1307 2312 diximus,
1331 2281 1395 2315 quia
1425 2291 1435 2308 ι
1463 2289 1530 2309 caro
1551 2283 1721 2318 concupiscit
1745 2282 1810 2309 aduri

1076 2327 1212 2361 spiritum,
1227 2327 1340 2362 spiritus
1354 2332 1444 2355 autem
1458 2329 1592 2357 adverstts
1605 2338 1714 2358 carnem
1727 2329 1754 2356 “.
1767 2338 1774 2353 ι
1786 2326 1810 2353 Cl

1083 2381 1148 2407 ergo
1161 2373 1379 2408 concupiscimus
1396 2375 1468 2408 quod
1486 2382 1540 2402 non
1558 2375 1627 2403 licet
1641 2397 1650 2409 ,
1668 2377 1709 2404 vel
1722 2374 1778 2408 quod
1794 2378 1810 2398 nt

1083 2419 1171 2451 decet,
1188 2419 1229 2446 vel
1245 2419 1316 2454 quod
1333 2428 1387 2446 non
1403 2421 1523 2455 expedit,
1542 2423 1756 2458 concupiscentia
1770 2425 1810 2446 cm

1081 2470 1134 2493 est.
1156 2465 1223 2493 Cum
1247 2473 1311 2493 vero
1328 2467 1497 2502 concupiscit
1512 2473 1540 2495 et
1561 2468 1661 2496 deﬁcit
1679 2469 1758 2496 anima
1770 2469 1810 2492 unm-ll

1187 2535 1209 2551 ιε
1224 2535 1289 2572 tutu.
1304 2536 1334 2572 tt.
1371 2536 1393 2552 ιτ
1408 2536 1495 2564 Galat.
1511 2545 1538 2569 ν,
1555 2539 1602 2569 to,
1620 2547 1680 2572 seq.
1730 2538 1810 2564 “Cum

1221 2571 1242 2587 ⁶¹
1258 2570 1278 2598 ll
1291 2570 1353 2598 Cor.
1368 2579 1405 2604 tv,
1418 2571 1462 2599 10.
1501 2570 1714 2608 ⁶³ϐιιιειι.ν,“17.

1107 2642 1165 2678 (64)
1186 2643 1281 2680 Alias,
1310 2653 1319 2669 ι
1346 2643 1491 2672 damnatus
1515 2652 1572 2680 est;
1605 2657 1614 2673 ι
1643 2647 1679 2674 al.
1706 2656 1714 2672 t
1738 2645 1810 2673 cluth

1072 2684 1131 2707 est;
1154 2687 1163 2703 ι
1181 2679 1262 2705 male.
1809 2683 1810 2686 “

1109 2713 1165 2746 (liii)
1189 2713 1271 2745 Editi,
1289 2723 1298 2739 ‹
1321 2715 1503 2750 concupiscit,
1520 2725 1530 2742 ι
1548 2721 1576 2743 et
1593 2718 1675 2752 paulo
1691 2722 1757 2752 post.
1775 2709 1810 2737 Ἀ

1075 2753 1232 2775 ὶὋΙἮὶΗὶΙΙῐΓ.
1259 2758 1267 2774 ι

1075 2818 1081 2823 _
1111 2783 1165 2823 (liti)
1190 2783 1216 2810 In
1233 2784 1352 2823 editione
1371 2785 1543 2823 Gcncbrardi
1566 2795 1620 2822 pro
1645 2791 1778 2823 [prL'Cleiii
1793 2784 1810 2812 .l

1074 2818 1173 2853 legitur
1192 2828 1199 2844 t
1220 2819 1251 2845 ad
1268 2820 1462 2847 obcdicndum.
1483 2831 1491 2847 I
