1827 3053
412 105 590 135 COMMENT.
613 108 646 135 IN
668 108 708 135 ΕΡ

799 110 843 135 Al)
858 111 940 137 ιιωι.
962 113 1026 138 LEB.
1052 115 1096 140 \'l.
1496 124 1563 149 tuas

10 161 42 187 do
66 161 154 187 videat
172 161 228 197 (67)
251 162 368 190 Salutare
396 163 441 190 Dei
460 165 493 196 “ﬂ
514 165 566 192 ista
592 166 724 200 conrnpi-
740 169 761 195 Α
778 166 811 192 tis
826 172 955 200 peccato;
974 169 1022 195 sed
1034 169 1159 197 exhibete
1171 179 1218 198 vos
1236 172 1289 200 Deo
1302 178 1429 209 tarqaam
1442 183 1473 204 ex
1491 186 1563 205 inor-

10 207 33 233 ia
48 207 161 241 spiritus
177 212 230 234 est.
248 208 323 235 Unde
337 214 450 243 apparet
460 211 577 238 mediam
591 212 722 245 qundam-

10 265 11 273 ι
31 260 93 280 esse
110 254 228 281 animam
255 254 327 281 inter
349 263 460 283 carnem
485 261 513 283 et
536 258 681 292 spiritum;
696 263 723 286 et

11 299 83 325 idem
99 299 223 334 iunxerit
239 307 268 327 se
290 300 347 336 (68)
373 302 449 328 carni
476 303 508 329 ad
539 304 719 332 obediendnm

10 345 72 372 eriis
98 346 222 380 peccati,
239 346 355 374 elIicitur
369 355 431 374 cum
456 356 486 375 ea
503 357 585 375 unum
601 357 718 385 corpus;

10 398 31 418 Ὀ
45 391 170 425 junxerit
186 399 215 419 se
230 392 294 424 Deo,
314 393 431 420 emeilttr
446 402 508 421 enm
528 402 563 421 eo
576 403 646 423 unus
663 397 720 431 spi-

32 439 183 465 secundnm
209 439 275 466 illud
303 441 375 474 quod
410 441 511 467 dictum
540 447 606 469 est:
634 452 644 468 ι
666 443 717 476 Qui

10 483 103 517 jungit
123 491 153 511 sc
176 485 332 518 meretrici,
351 494 434 513 tinum
462 495 562 522 corpus
582 494 639 522 est;
670 490 715 524 qui

10 537 17 555 I
38 529 131 563 jungit
154 537 184 557 se
207 531 338 562 Dounino.
364 540 435 559 unus
454 533 566 567 spiritus
588 540 629 562 est
650 535 684 562 ⁸⁵.
704 545 714 561 ι

10 575 106 602 nireris
129 576 153 602 si
170 584 279 603 carnem
295 579 466 605 meretricem
482 585 556 606 vocet
567 600 575 612 ,
592 588 649 615 qna-
665 582 716 609 illis

10 630 47 647 IIIS
64 630 127 656 qua:
139 629 222 656 supra
237 624 458 651 ennmcravimus
474 626 546 652 vitiis
558 631 640 660 atque
652 635 714 661 pec~

34 673 167 703 tnqnam
194 670 359 703 turpissimis
382 672 554 699 amatoribus
579 673 712 708 suhjarel.

13 722 43 739 ro
56 720 149 742 autem
167 723 217 742 cur
231 716 386 748 addiderit,
402 727 411 743 ε
434 717 460 744 in
480 725 596 753 corpore
619 724 713 746 vestro

14 761 48 793 li,
72 771 82 787 ›
111 769 172 788 cum
192 763 285 798 utique
312 762 465 790 sulfeeisset
491 764 605 791 dicere:
627 775 635 791 ι
655 765 712 793 Non

12 813 109 842 regnet
141 815 283 843 peccatum
310 811 336 836 in
362 815 453 837 vestro
481 818 606 845 corpore.
626 821 635 837 ι
666 812 713 841 Ut-

776 209 828 236 tnis
841 211 972 243 viventes,
987 217 1013 239 et
1031 214 1149 242 membra
1171 222 1259 244 vestra
1289 220 1374 253 magis
1391 228 1465 248 arma
1480 222 1563 255 justi-

775 255 817 282 tite
831 255 895 283 Deo.
912 267 921 283 ι
952 260 1056 286 intuere
1083 267 1132 294 per
1153 261 1258 297 singula
1279 265 1439 298 sapientiam
1460 266 1534 294 l’anli
1553 288 1561 299 ,

773 302 834 336 quia
853 302 909 338 (76)
931 305 1092 332 necessariis
1121 306 1368 341 discrepationibns
1383 312 1479 339 utitur.
1509 312 1559 341 Ubi

771 347 838 374 dicit
856 355 932 375 arma
956 357 1008 376 non
1024 357 1084 377 esse
1098 352 1242 385 prmbenda
1271 362 1382 389 peccato
1400 357 1440 384 vel
1459 358 1560 393 iniqui-

773 393 831 425 tati,
850 401 901 421 non
919 402 977 427 nos,
997 396 1043 422 sed
1060 398 1180 425 membra
1197 405 1288 427 nostra
1305 403 1378 436 ponit
1399 412 1405 430 :
1423 404 1466 431 ubi
1493 413 1559 434 vero

769 439 864 466 suadet
892 444 922 467 ut
938 440 991 468 Deo
1015 449 1065 469 nos
1087 444 1282 478 exhibe-amns,
1312 455 1364 474 non
1381 455 1444 477 ante
1469 458 1558 479 mem-

769 484 818 511 hra
833 484 899 521 (77),
914 494 995 521 quant
1020 496 1068 515 nos
1096 489 1168 523 ipsos
1188 492 1311 520 exhiberi
1327 494 1382 521 vult
1399 495 1453 522 Deo
1469 517 1476 528 .
1506 498 1558 526 hoc

767 535 807 556 est
836 533 963 563 animam,
983 533 1023 560 vel
1040 536 1206 568 propositum
1221 543 1342 566 nostrmn
1355 560 1362 572 ,
1378 546 1406 567 ut
1419 550 1479 569 cum
1499 544 1557 577 pios

768 584 817 602 nos
833 578 905 611 ipsos
917 579 1120 609 exhilnterimus
1135 583 1199 615 Deo,
1219 589 1245 610 et
1260 585 1456 614 adhaascrimns
1471 589 1506 620 ei,
1519 589 1554 616 ila

767 619 874 649 domum
891 624 971 650 etiam
999 627 1119 654 membra
1143 634 1233 655 no>tra
1257 629 1404 658 ciliciamns
1422 642 1495 660 artua
1510 634 1555 668 ju-

765 669 845 695 stitia:
864 669 928 697 Deo.
947 670 1022 699 Sieul
1039 674 1112 700 enim
1125 683 1220 702 manus
1235 682 1336 704 sanetae
1348 678 1486 711 dicuntur,
1496 688 1555 715 qua:

765 715 869 742 sanctis
883 717 1014 749 operibus
1028 719 1252 754 ministrarerint,
1268 728 1296 749 ut
1310 723 1454 758 Apostolus
1471 727 1552 755 dicit:

767 769 776 784 ι
794 759 927 789 Levantes
954 771 1035 796 puras
1060 773 1156 793 manus
1181 767 1241 795 sine
1263 769 1302 795 ira
1330 776 1357 797 et
1375 770 1552 806 disceptatio-

765 812 798 831 ne
809 805 831 821 ⁷ο
848 814 855 837 ;
876 816 885 831 ι
901 812 928 834 et
940 816 1047 836 rursum
1061 818 1156 839 manus
1173 812 1300 840 dicuntur
1311 815 1397 849 plenae
1408 805 1551 852 sanguine,

10 854 113 881 ηιάίυη-
124 860 151 882 ει
169 864 179 880 ι
197 855 302 882 morm];
316 855 382 890 (69),
397 865 406 881 ,
420 856 496 890 quasi
509 857 644 884 ιιυιήιεη-ρι
660 859 710 886 an,
730 846 750 875 Β
764 857 824 900 quae
833 851 1064 900 adrﬂ'nndendum
1075 857 1233 890 sanguinem
1248 846 1550 900 ministraverintv(78)i

11 906 97 934 orpns
122 907 185 927 esse
201 900 335 927 mortale?
352 900 405 927 Sed
433 901 498 928 mihi
515 902 622 929 videtur
638 905 709 936 quod

10 952 43 972 nc
53 953 139 974 causa
154 947 234 974 etiam
248 948 297 974 hoc
314 947 460 975 addiderit.
475 948 624 976 Admonuit
635 951 708 977 enim

10 998 27 1017 ic
44 991 185 1025 quomodo
209 992 266 1027 (70)
285 993 370 1026 possit
394 993 419 1019 in
446 1001 560 1028 corpore
586 1003 639 1022 non
667 1003 710 1023 re-

15 1042 170 1071 pecratum,
187 1038 337 1065 secundum
357 1039 428 1073 quod
444 1044 471 1066 et
483 1040 547 1067 alibi
561 1041 618 1075 ipse
631 1040 710 1068 dixe-

10 1092 13 1107 l
29 1082 141 1118 Corpus
156 1083 267 1117 quidem
284 1089 419 1111 ntortmnn
445 1090 488 1111 est
513 1091 622 1120 propter
644 1094 708 1120 pec-

16 1149 23 1159 .
52 1129 170 1162 spiritus
196 1137 262 1156 vero
287 1130 340 1156 vita
367 1135 408 1157 est
429 1130 485 1165 (7i)
502 1137 611 1165 propter
625 1132 708 1166 justi-

10 1177 24 1201 ι.
47 1184 56 1200 ι
74 1174 106 1202 Si
132 1182 197 1209 ergo
223 1176 343 1203 sciamus
368 1177 431 1211 quia
456 1184 555 1211 corpus
582 1183 705 1206 nostrutn

10 1221 72 1248 .eari
97 1226 204 1255 potest,
225 1226 253 1248 et
269 1226 405 1248 morlmnn
422 1230 484 1249 esse
508 1229 637 1256 peccato,
661 1231 708 1258 po-

10 1267 35 1293 tri
54 1273 86 1293 ut
103 1276 156 1294 non
177 1273 270 1302 regnet
286 1268 313 1295 in
329 1275 362 1295 eo
377 1274 531 1303 peceatum.
547 1270 704 1297 Secundum

13 1321 98 1348 mque
115 1314 186 1347 quod
205 1319 340 1341 tnortmnn
356 1320 414 1346 est,
429 1315 610 1349 justiﬁcatum
637 1316 707 1343 dici-

10 1360 26 1393 ι)
44 1367 58 1386 a
76 1366 191 1394 peccato
205 1360 238 1387 ".
271 1359 364 1394 Neque
383 1361 455 1388 enim
484 1366 609 1389 mortth
638 1370 705 1389 con-

10 1411 24 1432 il.
39 1411 89 1432 aut
105 1405 253 1438 irascitur,
281 1412 326 1432 ant
355 1405 421 1434 i‘nrit
449 1406 517 1442 (75).
540 1412 587 1435 aut
611 1407 705 1443 diripit

37 1451 67 1478 Si
97 1458 165 1486 ergo
191 1453 224 1478 ab
251 1451 293 1479 his
315 1453 442 1480 omnibus
475 1454 705 1487 concupiscentiis

21 1497 225 1531 reprimamns,
246 1503 379 1525 mortuum
398 1504 512 1532 peccato
524 1499 625 1526 dicitur
644 1507 704 1527 esse

10 1563 17 1570 .
40 1544 75 1570 Et
91 1543 145 1570 hoc
157 1545 281 1577 estquod
298 1544 323 1570 in
342 1545 469 1578 praesenti
488 1544 546 1572 loco
562 1545 612 1572 ista
627 1546 702 1580 Apo-

12 1596 177 1616 mnmonere
201 1590 307 1617 videtur
329 1589 446 1624 adjectio
482 1591 598 1618 dicentis
631 1592 700 1626 (74),

10 1644 105 1670 irpore
120 1641 213 1663 vestro
227 1636 344 1663 mortali.
368 1646 377 1663 ι
396 1636 474 1664 Alius
491 1637 606 1664 fortasse
617 1637 699 1671 dicet,

10 1683 22 1709 tl
44 1682 254 1710 distinctionem
271 1683 386 1710 alterius
408 1683 532 1717 corporis
548 1683 619 1716 qttod
649 1684 700 1710 im-

10 1736 18 1755 :
36 1733 95 1760 est,
111 1728 164 1755 hoc
182 1736 280 1763 corpus
298 1729 323 1756 in
340 1737 394 1764 quo
411 1737 483 1756 nunc
500 1737 606 1761 sumus,
621 1738 697 1757 mor-

10 1773 153 1800 nninavit.
179 1773 246 1806 Quid
268 1774 303 1800 sit
331 1779 422 1801 auten
448 1781 548 1807 corpus
587 1775 698 1802 immor-

11 1821 66 1846 lem
89 1819 234 1853 Apostolus
262 1820 341 1848 docet
367 1820 393 1848 in
421 1821 483 1848 aliis
506 1821 542 1853 ",
561 1822 605 1848 ubi
634 1822 697 1849 ait:

10 1874 55 1893 sse
85 1870 128 1893 est
153 1866 226 1893 enim
261 1871 290 1894 ut
318 1867 494 1900 corruptibile
515 1868 565 1895 hoc
602 1867 699 1895 induat

10 1914 251 1947 ncorl'llplllilletli,
268 1918 294 1939 et
309 1913 423 1940 mortale
452 1913 503 1941 hoe
528 1913 622 1941 induat
646 1913 697 1940 im-

11 1964 118 1988 tatem;
147 1968 156 1983 ι
176 1963 203 1985 ct
230 1959 342 1986 dubium
362 1967 414 1986 non
442 1964 486 1986 est
503 1958 567 1993 quin
586 1960 694 1993 dempta

10 2010 70 2031 tate
88 2003 146 2038 (75)
163 2003 214 2031 hoc
231 2005 317 2038 ipsum
335 2005 406 2040 quod
426 2013 499 2036 nune
512 2005 628 2032 mortale
642 2010 695 2037 est,

10 2051 53 2077 ale
85 2049 337 2085 cﬂiciatnrcorpns.
353 2051 416 2078 Post
443 2051 502 2079 haee
518 2052 641 2086 sequitur
652 2051 673 2067 ⁵⁸
688 2061 695 2078 :

10 2105 24 2124 e
42 2096 204 2124 exhibeatis
232 2099 353 2125 membra
369 2103 458 2124 vestra
473 2106 547 2124 arma
565 2097 696 2132 iniquita-

717 1519 738 1548 C

10 2171 49 2197 al.
70 2176 189 2201 Lxxxut,
205 2169 230 2196 5.
270 2168 313 2195 ⁵⁵1
332 2168 394 2195 Cur.
409 2176 446 2198 γι,
460 2168 556 2199 16.17.

27 2207 54 2221 ⁷⁰
68 2206 78 2231 l
93 2204 161 2231 Tim.
184 2212 214 2235 tt,
228 2204 254 2231 8.
293 2204 315 2219 '”
333 2204 408 2231 Rom.
422 2212 460 2235 v1,
473 2204 516 2230 M.
555 2204 578 2220 ⁷¹
593 2203 657 2232 ibid.
673 2203 700 2230 9.

10 2264 101 2295 \lias,
115 2262 272 2297 «quomodo
287 2262 393 2294 videat;
409 2271 417 2287 ι
436 2262 502 2293 al.,t
521 2262 630 2296 quando
653 2262 691 2289 vi-
710 2263 732 2290 Ι)

10 2333 99 2371 ειιῖιι,
117 2341 126 2358 ι
140 2331 231 2371 iunxit
245 2340 285 2371 se.
302 2342 310 2358 ι
355 2367 388 2371 _-_
545 2366 561 2371 __

10 2369 86 2396 ειιιιι
99 2386 107 2399 ,
124 2376 133 2392 ι
153 2368 207 2394 Cur
223 2368 307 2402 igitur
327 2367 437 2394 additur
457 2367 581 2399 mortali,
601 2376 610 2392 ι
637 2372 692 2394 etc.

10 2414 33 2431 ι.
55 2408 89 2430 ιιι
103 2403 131 2430 in
143 2407 235 2429 nostro
251 2408 336 2429 textu.

10 2439 86 2466 Evliti
99 2458 106 2470 ,
127 2447 136 2463 ι
154 2439 235 2472 quod.
258 2448 266 2464 ι

10 2474 83 2514 Vilq
99 2479 149 2500 ul.
172 2473 252 2514 Enliti,
276 2483 285 2499 ε
301 2472 377 2499 vivit.
397 2483 406 2498 ι
444 2506 449 2512 Ι
488 2507 523 2514 Μ
562 2512 566 2514 ί
629 2508 644 2514 __
665 2508 671 2514 ι

10 2508 94 2539 Editi,
115 2517 124 2534 ι
144 2509 214 2542 quod
234 2512 357 2535 tnnrluus
369 2513 422 2537 est.
439 2507 604 2541 justiticatus
619 2508 688 2534 dici-

10 2553 54 2572 ss.
73 2543 184 2578 quitiam
199 2549 225 2571 et
239 2543 377 2574 liabanus,
395 2552 405 2568 ‹
416 2543 461 2577 qui
477 2548 599 2570 mortuus
611 2547 663 2576 est,
676 2552 685 2569 ι

10 2582 16 2606 ι
40 2580 149 2606 rectius
164 2586 214 2606 ms.
231 2586 300 2606 unus
315 2583 341 2605 ut
361 2579 387 2605 in
402 2582 496 2605 nostro
511 2582 596 2605 textu.

10 2616 99 2646 Uias,
123 2622 132 2639 ι
150 2619 195 2640 aut
207 2614 322 2640 furatur.
342 2623 351 2639 ι

10 2651 60 2677 tls.
80 2655 161 2689 unus,
179 2657 188 2674 ι
209 2649 233 2675 in
250 2649 375 2689 praesenti
400 2647 688 2689 capitulonApostolps

10 2693 74 2713 iere
103 2685 210 2723 videtur
230 2684 386 2723 adj_icien_s_.
411 2693 420 2710 ι
447 2688 499 2710 etc.
524 2683 604 2714 Edui,
624 2693 633 2708 ι
657 2683 686 2723 in

10 2724 15 2747 i
35 2719 152 2747 locoita
165 2719 309 2754 Apostolus
323 2719 430 2745 videtur
453 2726 626 2754 comtnonere
647 2719 689 2744 di-

22 2757 56 2784 In
81 2752 207 2792 c0rp0ré_
221 2759 311 2792 vestro
333 2759 452 2781 mortuo.
476 2752 689 2792 Ahnsfurtasse

10 2791 103 2826 quod.
129 2798 138 2814 ι
163 2789 283 2826 Deinde,
310 2798 319 2814 ι
342 2795 477 2816 mortuum
498 2788 658 2816 nominavit.
675 2797 685 2814 ι

12 2824 86 2853 (ires
99 2830 209 2860 tnssaut
219 2824 245 2851 in
261 2829 353 2852 nostro
369 2828 453 2852 textu.

596 2168 618 2183 ⁶⁵
635 2167 716 2194 Rom.
730 2174 791 2199 \tn,
808 2165 852 2192 10.

764 894 798 921 ita
815 901 843 923 et
861 898 886 923 in
903 900 1028 932 prtesenti
1043 900 1103 928 loco
1118 904 1238 931 membra
1259 912 1319 939 qua:
1331 913 1442 940 peccato
1457 894 1551 936 deser-

763 939 839 967 viunt
853 947 879 968 et
896 942 1045 977 iniquitati,
1061 954 1136 973 arma
1155 947 1304 982 iniquitatis
1317 939 1505 984 appellantur:
1523 960 1551 982 et

763 993 871 1014 rursum
889 989 910 1015 si
935 991 1037 1021 percati
1050 993 1297 1027 cancupiscentiam
1312 997 1506 1026 mortiiieemus
1523 1000 1549 1027 in

762 1039 878 1067 θοι-νοΓο
893 1041 986 1062 nostro
1010 1038 1129 1070 mortali.
1144 1043 1169 1065 et
1187 1039 1212 1065 in
1228 1048 1309 1074 opere
1320 1042 1435 1076 justitia-
1448 1044 1550 1072 labore-

761 1087 833 1111 mus,
848 1084 930 1114 atque
956 1082 1081 1110 onmilms
1104 1085 1234 1112 membris
1254 1088 1354 1114 nostris
1367 1088 1422 1123 (79)
1435 1089 1548 1122 iustitia:

762 1124 959 1157 tninistremus,
977 1126 1111 1155 eﬂit‘imur
1139 1133 1266 1164 tanquam
1281 1140 1313 1159 ex
1328 1134 1442 1161 mortuis
1454 1135 1547 1163 viven-

761 1173 812 1201 tes,
828 1176 941 1204 peccato
952 1172 1057 1200 scilicet
1077 1175 1177 1201 mortui
1205 1181 1232 1202 et
1243 1175 1353 1209 justitize
1370 1178 1489 1206 viventes
1500 1189 1508 1213 ;
1521 1184 1548 1207 et

760 1221 960 1250 consequenter
971 1218 1054 1245 etiam
1072 1220 1193 1247 membra
1210 1227 1302 1249 nostra
1320 1222 1389 1251 lium
1409 1232 1485 1252 arma
1499 1225 1546 1261 ju-

759 1262 842 1288 stitiae
856 1263 920 1289 Deo.
934 1262 1007 1291 Bene
1020 1269 1112 1292 autem
1139 1269 1324 1301 metaphoram
1343 1270 1469 1302 superius
1483 1279 1546 1306 pro-

758 1307 872 1341 positam
887 1310 1048 1341 custodivit,
1065 1315 1094 1338 nt
1107 1311 1169 1346 quia
1186 1319 1301 1346 regnare
1315 1314 1421 1342 dixerat
1449 1324 1546 1349 pecca-

759 1356 914 1385 tum,arma
933 1355 1036 1388 peccati
1061 1356 1181 1383 membra
1208 1359 1378 1391 nominaret,
1394 1365 1421 1387 et
1438 1369 1544 1389 rursum

758 1398 813 1426 Deo
832 1400 885 1434 regi
902 1408 977 1428 arma
989 1402 1102 1433 iustitiae
1117 1402 1216 1430 ﬁerent
1231 1406 1351 1432 membra
1366 1411 1458 1433 nostra
1474 1407 1541 1442 (80).

756 1445 887 1480 Sequitur
900 1453 961 1481 post
973 1448 1030 1475 inec
1043 1457 1049 1476 :
1067 1457 1077 1474 ‹
1098 1449 1241 1477 Peccatum
1255 1451 1326 1478 enim
1340 1453 1416 1480 vobis
1430 1461 1483 1482 non
1496 1454 1544 1481 do-

757 1492 916 1520 minabitur.
934 1493 990 1521 Non
1006 1495 1079 1522 enim
1104 1497 1154 1523 sub
1179 1496 1238 1531 lege
1255 1498 1335 1530 estis,
1351 1499 1397 1526 sed
1412 1500 1462 1527 sub
1478 1508 1542 1534 gra‘

757 1539 792 1565 tia
808 1539 842 1566 τι.
861 1548 870 1565 r
889 1539 977 1567 Etiam
1001 1541 1046 1569 hic
1066 1542 1170 1570 intuere
1188 1544 1284 1570 miram
1305 1544 1330 1570 in
1348 1545 1468 1578 Apostoli
1484 1554 1544 1574 ser-

755 1593 834 1612 mone
849 1587 992 1613 cautelam.
1010 1587 1074 1614 Cnm
1088 1589 1122 1615 de
1137 1591 1214 1617 nobis
1235 1590 1366 1625 loquitur,
1381 1592 1447 1619 dicit
1462 1591 1517 1628 (81)
1532 1600 1541 1620 ε

755 1639 764 1656 ι
781 1631 925 1659 Peccatum
939 1634 1015 1660 vobis
1033 1642 1085 1660 non
1101 1635 1285 1662 dominabitur
1300 1645 1306 1662 :
1327 1646 1337 1662 ι
1359 1645 1419 1663 cum
1434 1638 1467 1665 de
1483 1638 1543 1665 Sal-

752 1681 845 1704 vatore
858 1677 1027 1712 loqueretur,
1041 1688 1092 1707 non
1110 1681 1178 1707 dixit
1194 1689 1200 1706 :
1224 1680 1367 1708 Peccatum
1383 1690 1436 1709 non
1454 1682 1542 1710 donti-

751 1724 980 1759 nahitur(neqne
995 1727 1068 1752 enim
1091 1727 1126 1753 ita
1143 1726 1176 1753 de
1190 1734 1223 1753 eo
1251 1726 1304 1754 dici
1320 1727 1432 1754 decebat
1444 1728 1453 1762 )
1466 1748 1473 1760 ,
1495 1730 1541 1756 sed

752 1769 808 1796 ait:
832 1778 841 1794 ι
859 1769 929 1797 Mors
944 1770 969 1798 ei
985 1771 1053 1797 ultra
1078 1780 1130 1799 non
1150 1772 1337 1799 dominabitur
1359 1773 1393 1800 τ’.
1413 1782 1422 1798 ι
1444 1773 1540 1802 Mortis

751 1815 823 1842 enim
835 1815 862 1842 in
877 1823 910 1844 eo
926 1816 976 1842 fuit
991 1816 1077 1848 locus,
1094 1817 1196 1851 peccati
1221 1818 1319 1845 nullus.
1334 1819 1369 1845 At
1390 1824 1493 1846 contra
1507 1820 1539 1847 de

751 1861 829 1889 nobis
846 1869 895 1889 nec
912 1862 1092 1889 conveniebat
1116 1863 1168 1890 dici
1188 1872 1194 1889 :
1225 1862 1298 1890 Mors
1313 1863 1390 1891 vobis
1419 1871 1471 1891 non
1489 1865 1538 1892 do-

749 1909 915 1941 minabitur;
929 1909 979 1935 hoc
994 1908 1066 1935 enim
1092 1915 1190 1935 cavere
1217 1916 1269 1935 non
1291 1916 1453 1943 possumus;
1470 1910 1516 1937 sed
1530 1930 1537 1941 ,

752 1964 762 1981 t
775 1955 917 1982 Peccatum
932 1954 1008 1981 vobis
1021 1963 1073 1981 non
1086 1955 1288 1987 deminabitur;
1306 1965 1315 1980 ι
1329 1956 1401 1990 quod
1414 1956 1472 1982 sine
1486 1956 1536 1982 du-

749 2001 796 2028 bio
811 2000 894 2028 sciret
911 2002 998 2027 vitare
1012 2008 1062 2027 nos
1085 2007 1165 2036 posse
1185 2000 1251 2035 (δῇ),
1266 2000 1414 2027 secundum
1435 2009 1465 2027 ea
1479 2007 1536 2035 qua‘

748 2046 875 2080 superius
891 2046 1022 2078 diximus,
1038 2045 1060 2072 si
1085 2045 1278 2072 tuortiiicemus
1304 2046 1537 2080 conctmisccnlias

750 2094 852 2126 carnis,
867 2091 1003 2127 inquibus
1019 2097 1159 2126 peccatum
1176 2096 1283 2126 poterat
1305 2092 1451 2119 dominari.
1471 2091 1536 2118 Pro-

890 2165 912 2181 "
927 2163 1006 2191 Rom.
1019 2172 1056 2197 ιι.
1067 2164 1093 2191 7.
1134 2164 1156 2179 ⁸⁸
1171 2164 1181 2191 l
1195 2163 1257 2200 Cor.
1276 2171 1321 2196 xv,
1337 2162 1381 2190 55.
1418 2164 1441 2179 δ’
1457 2163 1535 2191 Rom.

783 2259 840 2294 (75)
855 2259 934 2291 Edili,
947 2267 957 2283 ‹
973 2258 1066 2292 adepta
1083 2257 1299 2294 immortalitate.
1312 2267 1320 2283 ι
1336 2257 1399 2284 Mss.
1412 2256 1534 2292 quidam,

749 2304 758 2319 ι
776 2295 884 2328 indepta
902 2294 1118 2324 immortalitate,
1135 2303 1144 2319 ι
1159 2293 1237 2320 male.
1248 2293 1301 2320 Sed
1314 2297 1388 2320 recte
1402 2300 1453 2319 ms.
1465 2299 1535 2320 unus

744 2334 773 2357 ut
790 2330 815 2355 in
835 2334 927 2356 nostro
945 2333 1030 2356 textu.

779 2363 836 2398 ('76)
852 2364 938 2395 Alias,
971 2372 979 2388 ι
996 2371 1048 2398 qna
1063 2370 1070 2394 ;
1088 2372 1097 2388 ι
1112 2362 1172 2392 ειΙηι
1190 2369 1282 2396 quam.
1300 2372 1309 2387 ι
1329 2361 1363 2389 Ει
1378 2361 1458 2396 paulo
1475 2367 1533 2396 pes-1

742 2397 807 2427 editi
828 2397 984 2434 perperam,
1007 2406 1016 2423 ι
1032 2406 1108 2424 artua
1126 2402 1217 2425 nostra
1231 2397 1376 2432 praebenda
1391 2403 1531 2431 peccato,»

742 2440 797 2462 etc.

779 2470 836 2505 (77)
852 2469 940 2508 Alias,
971 2477 981 2492 ι
1002 2475 1055 2508 non
1071 2473 1124 2508 tam
1137 2467 1272 2508 membra.
1291 2475 1302 2492 ι
1388 2501 1394 2508 .
1418 2501 1423 2507 _

780 2501 837 2540 (78)
856 2504 943 2537 Editi,
963 2512 972 2529 ι
987 2503 1020 2529 ad
1052 2501 1244 2529 ell‘nndcudum
1271 2508 1333 2530 eum
1359 2501 1535 2529 ministrave-

745 2540 808 2567 riut.
826 2549 835 2565 ι

771 2549 840 2610 υ(79.)
856 2574 932 2601 Alias
949 2580 1114 2609 perperam,
1139 2581 1149 2597 ι
1166 2575 1248 2606 atque
1265 2570 1291 2598 in
1306 2572 1434 2599 omnibus
1449 2578 1534 2600 mem-

742 2611 799 2638 bris
813 2611 923 2637 nostris.
941 2619 950 2635 ι

779 2646 835 2681 (80)
855 2645 941 2681 Editi,
962 2653 972 2669 ι
991 2647 1094 2681 vestra.
1109 2651 1118 2667 ι
1133 2641 1212 2668 male.

780 2679 836 2715 (Si)
853 2679 921 2716 [idid
934 2699 941 2711 ,
961 2688 970 2704 ι
986 2679 1090 2716 dicens.
1109 2686 1125 2716 ι.
1154 2712 1159 2716 _
1220 2712 1226 2716 _
1249 2711 1273 2716 Η
1348 2711 1354 2716 Ι
1462 2711 1466 2716 _

779 2711 835 2751 (8-2)
855 2714 904 2741 Ms.
920 2721 988 2740 IlllliS
999 2734 1006 2746 ,
1023 2722 1032 2738 ι
1049 2713 1126 2751 Quod
1138 2712 1202 2751 sine
1211 2711 1294 2739 dubio
1316 2711 1388 2738 scire
1401 2717 1428 2738 et
1438 2711 1529 2751 vitare

745 2745 796 2777 non
815 2745 892 2784 posse
904 2745 1092 2784 coustat....fsi
1106 2747 1310 2784 tnorttlicenms,
1328 2757 1337 2771 ι
1352 2751 1404 2773 elc.
1432 2745 1507 2772 Alias
1521 2765 1529 2776 .

747 2796 755 2811 ι
771 2782 847 2819 Quod
862 2785 920 2811 sine
931 2784 1012 2819 dubio
1024 2783 1096 2809 scire
1107 2788 1134 2809 et
1157 2782 1244 2810 vitare
1267 2790 1320 2810 non
1336 2788 1527 2816 possuinus....

744 2821 765 2848 si
784 2818 835 2848 non
852 2818 1057 2848 mortiﬁcemus.
1075 2827 1083 2843 ι
1097 2822 1149 2845 ctc.
