1827 3053
295 82 364 111 1059

1026 69 1187 100 ORIGENIS

299 147 394 178 plcrea
410 140 482 167 enim
500 137 640 173 suhjnngit
656 144 662 162 :
690 145 699 161 ι
717 134 773 162 Non
788 135 861 162 enim
873 132 922 161 sub
941 133 997 167 lege
1008 131 1085 163 estis.
1101 131 1122 158 Δ
1140 129 1213 155 dicat
1229 134 1348 155 servum.
1368 123 1396 154 In
1408 133 1470 160 quo,
1489 129 1520 153 ut
1535 126 1600 158 diti,
1619 125 1711 161 absque
1728 123 1800 162 ulltmi

297 188 342 216 sed
357 187 407 214 sub
423 184 511 220 gratia
526 193 533 217 ;
554 194 562 209 ι
582 187 609 209 et
633 182 774 209 evidenter
796 179 915 207 ostendit
931 186 964 206 ex
982 178 1023 205 his
1039 185 1088 205 nos

299 241 351 260 non
369 239 430 258 esse
453 230 504 257 sub
521 229 581 263 lege
595 228 640 254 illa
658 233 739 261 quam
765 226 792 252 in
820 224 950 252 membris
972 223 1087 263 positam

299 283 453 311 repugnare
467 275 535 302 dicit
549 274 600 309 legi
619 273 719 300 mentis
730 271 766 304 τε,
790 271 854 305 quia
872 269 917 304 qui
942 268 1087 296 mortificat

298 325 419 352 att-mitra
427 331 487 355 sua,
499 325 604 349 certum
615 325 657 346 cst
669 319 740 353 quod
755 326 808 346 non
824 318 859 344 sit
868 316 918 343 sub
931 315 990 350 lege
1001 311 1088 341 mem-

297 372 419 401 hrorum,
436 369 483 396 sed
500 368 549 395 sub
563 367 650 402 gratia
668 365 726 392 Dei.
741 365 777 391 De
788 363 839 390 hac
851 363 911 397 lege
926 367 953 388 et
969 360 1034 387 alibi
1047 359 1089 386 di-

265 412 271 430 ’
298 416 348 447 cit,
365 416 428 449 quia
445 422 454 439 ι
473 414 561 440 virtus
574 411 677 446 peccati
695 410 737 437 lex
751 409 784 436 ⁷⁸.
806 418 816 434 ι
833 408 861 435 Si
879 407 942 441 quis
953 414 1018 433 vero
1032 405 1088 440 (83)

298 462 361 488 velit
390 461 445 489 luce
471 459 592 494 accipere
619 457 651 484 de
667 457 724 490 lege
737 454 835 489 Moysi,
852 452 918 480 illud
932 452 991 479 sine
1006 451 1089 478 dubio

297 509 381 539 dicet,
394 509 466 541 quod
486 513 539 532 non
561 511 655 531 sumus
675 503 724 530 sub
750 502 809 536 lege
825 500 923 527 littera:
942 506 1002 532 quin
1016 497 1090 524 oeci-

299 556 350 586 dit,
370 554 418 581 sed
431 553 481 580 sub
496 552 555 586 lege
568 550 679 584 spiritus
692 556 753 582 qua:
766 547 885 574 vivilieat
893 546 928 579 ",
944 553 1024 580 quam
1043 544 1088 572 ltic

300 601 414 635 gratiam
432 598 593 625 nominavit.

332 647 359 672 3.
378 656 388 671 ‹
404 646 474 678 Quid
487 643 572 678 ergo?
587 641 775 673 Peecabimus,
790 640 853 674 quia
869 646 921 666 non
934 645 1028 665 sumus
1038 636 1089 664 sub

298 693 369 726 lege,
382 692 428 718 sed
448 690 499 717 sub
514 687 708 723 gratia?Absit
724 685 757 712 ".
775 694 784 710 ι
802 684 899 711 Simile
915 683 1022 710 videtur
1039 681 1089 709 hoc

300 738 338 764 illi
362 737 447 767 dicto.
460 734 530 769 quod
547 733 675 767 superius
692 730 869 765 exposuimus
884 737 890 755 :
910 738 919 754 (
940 728 1008 762 Quid
1024 735 1089 762 ergo

298 782 444 810 dicemus?
460 781 683 808 Pet-manebimus
696 778 722 804 in
736 780 848 812 peccato
857 780 886 802 ut
903 775 988 810 gratia
1004 774 1089 801 abun-

297 830 363 856 det?
382 829 460 855 Absit
472 827 516 859 7’;
534 836 544 852 ι
562 832 589 853 et
605 827 666 852 ideo
679 832 731 851 una
748 827 830 857 atque
857 821 952 848 eadem
982 821 1089 855 utrique

298 875 357 901 loco
372 873 487 901 suﬁiciat
505 871 672 906 explanatio.
689 869 745 896 Hoc
764 869 850 896 solum
868 871 911 894 est
922 866 994 901 quod
1012 866 1086 893 videv

298 927 342 948 tur
356 921 456 947 habere
472 917 654 946 differentiam
668 936 674 947 ,
700 916 771 950 qttod
788 915 814 941 in
831 913 1023 948 superioribus
1043 910 1088 939 ubi

297 967 364 994 dicit
379 977 385 994 :
406 975 415 991 ι
435 966 506 998 Quid
525 964 612 999 ergo?
634 962 858 990 Permancbimus
874 961 901 988 in
918 963 1032 995 peccato
1045 958 1059 985 ?
1076 966 1086 984 ι

298 1013 377 1047 quasi
390 1012 432 1039 his
446 1011 491 1046 qui
512 1012 632 1038 nondum
648 1009 827 1037 discesserint
852 1015 866 1034 a
896 1011 1007 1041 peccato
1035 1004 1089 1032 dici

298 1059 415 1090 videtur.
429 1065 463 1084 ne
477 1060 653 1092 permaneant
668 1056 695 1082 in
713 1062 746 1081 eo
760 1055 785 1081 itt
798 1061 852 1088 quo
868 1060 930 1080 esse
940 1051 1029 1079 adhuc
1046 1051 1088 1077 vi-

297 1104 455 1131 debantur:
470 1102 517 1129 hic
533 1108 602 1128 vero
624 1105 752 1134 tauquam
773 1100 807 1126 ab
832 1099 874 1125 his
892 1097 937 1132 qtti
962 1096 1018 1131 jam
1032 1095 1088 1131 (84)

297 1149 476 1177 discesserint
497 1155 511 1174 a
531 1151 653 1181 peccato,
672 1145 730 1173 fieri
748 1145 857 1172 videtur
883 1142 1087 1177 interrogatio:

297 1199 325 1222 et
342 1195 390 1227 ibi,
407 1198 436 1221 ut
447 1193 527 1228 quasi
544 1192 640 1228 gratia.
655 1199 717 1227 qua!
729 1191 849 1218 ttottdum
875 1194 952 1221 erat.
967 1189 1088 1215 abunda-

299 1245 341 1267 ret
354 1249 361 1273 ;
383 1240 427 1268 hic
438 1243 528 1266 autem
543 1244 676 1271 tanquam
689 1240 826 1272 praesente
841 1235 896 1270 jam
909 1234 995 1270 gratia
1011 1234 1088 1266 dicit,

300 1295 310 1312 ι
326 1285 389 1320 quia
406 1293 458 1312 ttou
479 1292 573 1311 sumus
586 1283 637 1311 sub
651 1283 728 1317 lego.
744 1282 793 1310 sed
812 1281 863 1308 sub
877 1280 965 1315 gratia
996 1279 1048 1304 τ’.»

330 1333 358 1360 5.
377 1341 387 1358 ι
403 1331 518 1359 Nescitis
533 1331 596 1365 quia
609 1331 652 1358 cui
665 1329 802 1356 exhibetis
813 1335 861 1355 vos
872 1334 969 1355 servos
980 1326 1013 1353 ad
1024 1326 1089 1353 obe-

299 1379 439 1409 dicndum,
455 1377 527 1404 servi
543 1376 609 1404 estis
634 1374 692 1408 ejus
717 1374 760 1401 cui
787 1373 923 1403 obeditis,
949 1372 1006 1399 sive
1026 1378 1090 1405 pec-

298 1423 352 1450 cati
372 1423 405 1449 ad
426 1427 552 1452 mortem.
569 1422 627 1449 sive
643 1420 806 1448 obedientiae
821 1420 855 1445 ad
867 1417 1091 1452 justitiam(85)i

298 1468 410 1495 Gratias
427 1472 517 1494 autem
534 1466 590 1494 Deo
608 1467 736 1500 quoniam
755 1465 845 1492 fuistis
864 1465 936 1491 servi
963 1463 1066 1498 peccati
1081 1483 1088 1496 ,
1104 1480 1125 1509 ϐ

300 1513 434 1541 obedistis
447 1517 536 1539 autem
553 1519 586 1539 ex
602 1511 687 1538 corde
700 1510 725 1537 iu
741 1517 801 1536 cam
820 1509 934 1535 fortnam
945 1507 1089 1540 doctrinm,

300 1560 328 1586 in
347 1566 430 1593 quant
455 1558 547 1585 traditi
564 1557 642 1584 estis.
662 1556 782 1583 Liberali
809 1560 900 1582 autem
924 1562 939 1581 a
965 1558 1089 1589 peccato,

300 1606 372 1633 servi
390 1603 453 1632 facti
470 1604 539 1632 estis
550 1604 662 1638 iustitia:
682 1604 706 1619 7“
722 1603 789 1639 (86).
807 1611 817 1628 ι
835 1601 951 1629 Videtur
968 1601 1091 1630 fortassis

302 1652 394 1679 minus
414 1651 518 1685 integra
537 1650 656 1678 elocutio
670 1650 741 1684 quod
757 1650 794 1676 ait
809 1658 816 1678 :
836 1658 845 1674 ι
861 1648 941 1676 Servi
952 1648 1019 1676 estis
1033 1648 1089 1684 (87)

298 1695 358 1730 eius
373 1696 416 1723 cui
432 1695 573 1727 obedistis,
588 1695 646 1722 sive
659 1694 803 1729 peccatiad
816 1698 943 1726 mortem,
955 1693 1012 1720 sive
1026 1694 1091 1720 obe~

300 1743 411 1769 dientiaa
443 1742 476 1768 ad
505 1741 671 1776 justitiam;
703 1749 713 1765 ι
743 1747 805 1767 eum
836 1739 907 1766 ratio
936 1739 1090 1773 poposcerit

299 1788 352 1815 dici
373 1795 382 1815 ς
400 1787 477 1814 Servi
501 1787 568 1814 estis
596 1786 653 1820 ejus
673 1785 716 1812 cui
733 1785 874 1818 obedistis,
894 1785 952 1812 sive
963 1785 1066 1818 peccati
1081 1803 1089 1817 ,

300 1832 356 1859 sive
369 1832 481 1867 iustitia:
499 1839 549 1865 per
559 1831 754 1858 obedientiam.
772 1831 825 1857 Sed
841 1831 867 1857 in
883 1838 916 1857 eo
934 1830 980 1864 qui
999 1837 1028 1856 se
1040 1830 1092 1856 im-

301 1879 380 1913 periti
393 1877 529 1905 sermonis
541 1881 637 1912 sponte
648 1877 822 1911 profitetur."
835 1876 904 1911 (88),
917 1880 1002 1903 artem
1017 1883 1091 1902 com-

301 1924 445 1958 positionis
469 1923 617 1950 verborum
647 1923 788 1957 requirere
817 1921 983 1957 superﬂuum
1003 1927 1067 1956 puto
1081 1941 1090 1954 ,

299 1977 364 1998 eum
379 1977 475 1997 sensus
499 1969 613 1997 evidens
629 1969 773 1996 habeatur.
791 1969 848 1996 Hoc
874 1973 917 1995 est
937 1976 1002 2003 ergo
1018 1969 1090 2003 quod

300 2015 328 2043 itt
358 2017 409 2043 hoc
437 2015 497 2043 loco
525 2014 671 2050 Apostolus
702 2014 811 2047 docet;
842 2015 906 2049 quia
938 2015 1092 2048 unusquis-

300 2070 353 2096 que
366 2062 393 2089 in
404 2070 483 2089 ntanu
497 2069 544 2089 sua
557 2062 639 2089 habet
649 2067 678 2089 et
692 2062 719 2088 in
732 2061 839 2088 arbitrii
850 2065 997 2096 laetissime,
1009 2061 1090 2096 572

300 2115 331 2135 ιιι
345 2113 390 2135 aut
403 2108 504 2143 peccati
519 2115 613 2135 servus
628 2108 673 2140 sil,
692 2107 872 2141 autjustitizc.
882 2107 926 2135 Ad
942 2115 1092 2141 quamcun-

1139 180 1212 207 tione
1230 180 1257 206 in
1276 179 1355 206 nobis
1369 185 1430 206 esse
1449 179 1570 206 ostendit
1595 179 1694 206 arbitrii
1708 178 1800 209 libertatm.

1140 226 1218 252 nobis
1232 232 1351 258 namque
1376 228 1417 251 est
1435 223 1571 251 exhibere
1596 223 1751 252 obedientiam
1768 234 1800 252 lviii

1141 271 1317 306 vi-Ijnstitiae,
1333 270 1376 298 vel
1393 275 1517 304 peccato.
1541 279 1551 295 ι
1570 269 1654 297 Nemo
1671 280 1680 296 ›
1694 276 1800 299 autemmt

1141 318 1247 344 duolms
1267 315 1348 343 simul
1375 315 1494 342 dominis
1508 315 1626 347 servire,
1648 325 1658 341 ι
1674 321 1800 350 peccamina

1140 364 1194 390 tiae.
1213 371 1222 388 ι
1239 363 1292 390 Aut
1307 362 1382 389 enim
1400 369 1483 388 unum
1510 361 1574 389 odio
1597 362 1719 395 habebit.
1740 370 1800 396 ipsus

1139 409 1255 440 scilicet.
1271 417 1281 434 ι
1298 413 1325 435 et
1338 408 1418 435 alimn
1430 408 1544 440 amabit,
1562 417 1572 434 ι
1590 407 1616 435 id
1631 409 1800 442 estjustitim-u

1140 455 1260 489 patietur
1275 462 1371 486 unum.
1386 464 1395 480 ι
1418 454 1520 481 scilicet
1546 459 1683 489 peccatum
1701 456 1800 482 dunlstim

1139 504 1222 530 alium
1239 508 1395 531 contemnet
1408 503 1441 535 ει,
1460 513 1470 529 ι
1487 503 1514 530 id
1528 507 1571 530 est
1600 503 1729 537 justitiam.
1741 502 1800 531 Simian

1139 553 1219 576 estet
1231 549 1303 584 quod
1323 549 1392 576 dixit
1406 548 1553 583 Apostolus
1573 555 1580 575 :
1603 557 1612 574 ι
1638 548 1708 575 Servi
1720 549 1800 581 causa

1139 595 1282 625 obcdistis.
1303 595 1361 621 sive
1381 595 1483 629 peccati
1500 615 1510 627 ,
1534 595 1594 622 sive
1615 594 1718 628 justiti:
1735 594 1800 620 ".ifvi

1140 641 1211 676 quod
1229 641 1349 668 dicitur:
1365 649 1374 665 ι
1391 640 1485 668 Omnis
1495 640 1541 675 qtti
1551 640 1609 675 (90)
1625 640 1800 674 facitpectauw

1140 695 1191 715 vus
1207 692 1248 714 est
1262 687 1367 722 peccati
1377 686 1409 719 ⁸³,
1425 695 1435 712 ι
1454 687 1487 713 ad
1502 686 1554 714 hoc
1565 687 1684 721 respicit,
1699 687 1800 720 quamn-ﬁ

1145 740 1198 759 non
1212 732 1343 767 adjecerit
1361 739 1368 758 ι
1385 731 1418 758 ΕΙ.
1437 732 1527 759 omnis
1539 732 1586 765 qui
1603 732 1696 759 fecerit
1709 731 1800 765 justitim

1141 787 1192 807 vus
1210 784 1251 806 est
1265 779 1385 812 iustitize.
1401 779 1478 811 Quod
1500 778 1628 806 fortassis
1645 783 1713 812 putet
1731 780 1800 803 aliumet

1141 826 1330 856 subrelietum.
1348 829 1377 852 ut
1386 825 1463 859 quasi
1481 832 1513 851 ex
1531 825 1743 859 consequentibus
1754 824 1800 849 [lt-lea

1142 872 1238 906 telligi.
1253 871 1317 898 Mihi
1340 875 1431 898 tamen
1451 870 1558 898 videtur
1583 870 1641 904 (9i;
1660 870 1761 898 eousulto
1775 877 1800 894 rm

1140 919 1240 947 ditant.
1255 918 1348 952 Neque
1364 917 1437 944 enim
1463 916 1649 944 conveniebat
1674 916 1728 945 dici,
1745 916 1800 949 quita

1140 966 1185 1000 qui
1199 965 1264 992 facit
1273 964 1419 999 justitiam.
1433 970 1531 990 servus
1542 968 1583 990 est
1594 963 1710 997 iustitia.
1722 960 1800 988 Minui

1142 1012 1199 1046 ipse
1213 1011 1279 1038 facit
1291 1011 1437 1045 justitiam.
1453 1015 1480 1037 et
1498 1017 1552 1037 nou
1568 1010 1672 1036 idcirco
1691 1016 1766 1036 servus
1781 1008 1800 1039 iri

1141 1057 1195 1084 dici
1216 1062 1320 1092 potest,
1350 1058 1397 1084 sed
1413 1057 1528 1092 iustitia:
1554 1056 1684 1082 Dominus
1698 1054 1750 1089 (εΗ).
1765 1053 1796 1079 Ναι-

1141 1103 1178 1130 ita
1191 1104 1280 1130 omnis
1295 1102 1341 1137 qui
1360 1103 1421 1130 facit
1436 1102 1584 1136 justitiam,
1605 1109 1697 1128 servus
1708 1099 1800 1132 estiam

1141 1150 1230 1177 omnis
1242 1150 1288 1184 qui
1303 1149 1369 1176 facit
1384 1154 1540 1183 peccatum,
1556 1155 1655 1175 servus
1672 1153 1708 1174 est
1721 1151 1791 1180 pta-ai.-

1140 1198 1167 1221 et
1192 1194 1249 1228 ipse
1270 1193 1392 1221 diabolus
1416 1193 1475 1220 sine
1503 1193 1587 1219 dubio
1609 1191 1707 1226 peccati
1733 1197 1794 1216 senti

1141 1239 1241 1274 quippe
1254 1239 1298 1274 qui
1315 1239 1440 1266 discessit
1456 1246 1470 1265 a
1486 1239 1619 1266 servitute
1640 1237 1775 1272 justitile
1786 1243 1800 1259 are

1140 1291 1233 1318 spectu
1242 1284 1347 1312 Domini
1361 1283 1557 1318 omnipotentis
1573 1283 1719 1312 rebellavit,
1729 1286 1800 1315 μωρία

1141 1335 1169 1357 et
1182 1334 1304 1364 apostata
1320 1328 1470 1363 appellatus
1489 1333 1541 1356 est.
1560 1328 1674 1355 Constat
1687 1327 1800 1362 ergortlu

1141 1376 1184 1403 bis
1196 1375 1294 1410 quibus
1309 1375 1407 1402 Paulus
1424 1375 1492 1402 dicit
1519 1374 1575 1410 (93)
1593 1383 1599 1401 :
1620 1383 1630 1400 ι
1650 1375 1713 1407 Quia
1723 1374 1756 1401 cui
1769 1371 1800 1397 etii

1142 1430 1190 1450 vos
1202 1429 1297 1449 servos
1309 1423 1342 1448 ad
1361 1421 1556 1453 obedientium,
1566 1420 1640 1448 servi
1652 1421 1714 1448 estis
1721 1420 1754 1446 cui
1765 1420 1800 1444 οξέι

1142 1468 1199 1495 sive
1214 1468 1329 1502 peccati.
1346 1467 1406 1495 sive
1428 1467 1544 1502 iustitia:
1556 1467 1591 1500 ⁸⁸,
1610 1477 1619 1492 ι
1638 1468 1698 1501 quia
1715 1470 1800 1499 suum!“

1143 1514 1192 1549 ipsi
1210 1521 1259 1540 nos
1274 1513 1330 1549 (θῶ)
1348 1513 1520 1545 exhibemus,
1530 1513 1604 1540 nullo
1618 1518 1734 1547 cogente,
1748 1511 1800 1541 ινὶμιι

1142 1559 1246 1586 servire
1261 1559 1304 1586 vel
1325 1558 1435 1592 institue
1457 1565 1505 1593 per
1534 1558 1713 1586 obedientiam
1737 1560 1800 1583 sistat

1142 1605 1204 1632 ideo
1219 1612 1326 1639 semper
1342 1605 1439 1632 horum
1455 1604 1613 1631 meminisse
1631 1605 1756 1631 debemus.
1766 1606 1800 1626 ιιειτ

1142 1650 1270 1686 querelas
1284 1651 1311 1677 in
1335 1649 1439 1685 peccati
1469 1650 1649 1677 excusatione
1666 1649 1800 1684 proferatur.

1142 1696 1266 1723 diabolus
1281 1695 1377 1723 fecerit
1393 1700 1421 1722 ut
1441 1702 1632 1729 peccaremus.
1645 1700 1689 1721 aut
1702 1699 1778 1720 natura
1796 1698 1800 1716 il

1142 1741 1221 1774 sitas,
1237 1746 1284 1768 aut
1296 1741 1388 1768 fatalis
1399 1741 1530 1773 conditio.
1541 1745 1588 1767 aut
1606 1747 1701 1767 cursus
1708 1743 1800 1766 astrum

1142 1788 1196 1816 Sed
1214 1789 1275 1815 audi
1304 1793 1425 1822 apertam
1450 1787 1525 1814 Pauli
1547 1787 1707 1814 sententiam
1720 1806 1727 1817 .
1748 1792 1800 1817 uini

1145 1845 1154 1860 ι
1169 1834 1281 1862 Cuivos
1303 1834 1438 1861 exbihctis
1464 1840 1559 1860 servos
1581 1834 1615 1859 ad
1632 1830 1795 1859 obedientium.

1141 1881 1207 1908 estis
1222 1881 1267 1908 ctti
1294 1881 1439 1915 obedistis,
1472 1881 1529 1908 sive
1554 1879 1669 1914 peccati.
1695 1875 1800 1909 siteje'i1

1142 1927 1208 1954 Post
1228 1927 1312 1954 haec:
1341 1936 1351 1952 ‹
1378 1927 1498 1959 Gratias.
1524 1926 1633 1960 inquit,
1660 1925 1725 1955 Deo.
1746 1922 1787 1955 ψίλα

1142 1974 1215 2000 servi
1230 1974 1344 2009 peccati.
1361 1973 1492 2001 obedistis
1508 1978 1598 1999 autent
1617 1979 1651 1998 ex
1661 1971 1735 1998 corde
1747 1970 1765 1994 in
1776 1971 1800 1991 fit

1141 2027 1215 2047 mam
1229 2019 1370 2051 doctrinm,
1389 2019 1414 2045 in
1442 2026 1525 2053 quant
1540 2017 1632 2046 traditi
1641 2017 1704 2044 estis
1713 2015 1775 2037 “’"“-‘
1788 2009 1800 2030 τ

1143 2066 1200 2093 hate
1230 2066 1266 2092 ad
1292 2073 1340 2093 eos
1359 2065 1460 2096 dicere.
1477 2064 1511 2092 de
1537 2071 1654 2099 quorum
1681 2063 1728 2089 vita
1747 2058 1800 2094 pain

1143 2112 1295 2147 praesumit.
1308 2116 1336 2139 et
1351 2111 1383 2138 de
1393 2110 1493 2146 quibus
1502 2110 1558 2144 jam
1567 2110 1690 2145 superius
1700 2108 1793 2135 dixerat:

301 2162 355 2189 que
366 2154 441 2181 enim
457 2159 562 2189 partem
578 2153 751 2181 inciittaverit
766 2153 946 2181 obedientiam
963 2153 1020 2188 (89)
1034 2174 1041 2186 .
1064 2159 1091 2181 et
1108 2156 1130 2183 D
1146 2158 1198 2185 tias
1215 2165 1267 2193 ago
1286 2157 1341 2185 Deo
1355 2165 1402 2192 per
1414 2157 1507 2185 Iesum
1518 2157 1659 2185 Christum
1674 2161 1718 2189 pro
1733 2150 1800 2179 ouinil

300 2201 454 2236 cuicunque
470 2200 540 2236 parti
557 2208 655 2236 parere
670 2199 799 2232 voluerit.
817 2200 873 2227 hinc
887 2200 938 2228 sibi
952 2207 1013 2228 eum
1031 2201 1091 2228 vin-

355 2262 379 2278 "
392 2262 472 2289 ltom.
484 2269 532 2294 vu,
550 2261 594 2288 25.
648 2261 672 2277 ⁷⁵
689 2260 696 2287 Ι
711 2261 774 2288 Cor.
793 2269 837 2291 xv.
853 2260 898 2288 56.

300 2297 322 2332 ’(³
339 2297 404 2324 ibid.
425 2297 468 2328 16.
489 2305 547 2332 seq.
583 2297 606 2312 '°
621 2296 643 2322 ιι
665 2297 730 2324 Cor.
749 2304 776 2323 ιι
791 2316 798 2329 ,
815 2296 842 2323 6.

301 2331 362 2348 ⁸⁹⁶¹¹
377 2332 445 2361 ibid.
461 2332 504 2362 i7.

337 2380 393 2415 (85)
417 2379 493 2408 Vero.
515 2380 692 2407 Desideratur
705 2380 731 2407 in
747 2384 827 2407 antea
844 2380 937 2408 editis.

338 2415 393 2449 (84)
412 2414 486 2442 Jam.
512 2415 538 2441 ιιι
558 2415 638 2442 editis
651 2415 798 2443 omittitur.

338 2449 395 2484 (85)
420 2450 468 2477 Ms.
496 2458 589 2484 unus,
614 2459 623 2476 ι
642 2451 699 2478 sive
712 2449 824 2486 iustitiae
848 2450 873 2477 in
897 2450 1093 2478 sanctiﬁcatio-

303 2491 374 2510 ιιοιιι.
391 2494 400 2510 I

339 2519 384 2551 (86
412 2519 482 2547 Editi
496 2540 505 2554 ,
525 2529 535 2545 ε
550 2521 622 2547 servi
636 2525 726 2548 autem
743 2521 805 2548 facti
825 2519 1026 2554 estisjustitite.
1044 2529 1054 2546 ι

340 2528 396 2589 (87)
411 2554 485 2581 Alias
498 2575 505 2587 ,
523 2564 531 2580 ε
549 2555 610 2589 quia
631 2557 687 2583 ait:
712 2556 783 2583 servi
797 2556 865 2583 estis
877 2556 921 2583 cui
948 2555 1054 2582 obedist

319 2588 324 2594 _
340 2553 396 2589 (87)
411 2554 485 2594 Alias
498 2575 505 2587 ,
523 2555 610 2594 t_quia
624 2557 687 2594 ait;
712 2556 783 2594 servi
797 2553 930 2594 estisetii
948 2555 1090 2594 obedistis,

303 2591 361 2629 sive
376 2591 491 2629 peccati.
520 2591 578 2617 sive
605 2591 766 2629 obedientiaa
821 2591 881 2629 (at.
906 2591 1092 2629 obeditiouis)

303 2624 336 2666 ad
350 2624 495 2665 justitiam,
510 2633 575 2666 (cum
592 2627 662 2652 ratio
681 2630 807 2661 posceret
823 2635 830 2653 :
848 2625 926 2653 Servi
952 2626 1018 2653 estis
1042 2624 1091 2660 (al.

304 2658 376 2693 Ergo
395 2660 465 2686 servi
477 2659 570 2693 estis),
585 2666 650 2687 ιρις.
681 2657 688 2661 ’
1047 2657 1051 2660 ’

305 2694 497 2755 Ωιὲῗιξς)1ιξιιθε,
515 2704 524 2720 ‹
534 2696 580 2729 qui
595 2695 757 2730 imperitiam
772 2695 909 2724 sermonis
923 2701 1019 2731 sponte
1029 2703 1092 2724 con-

367 2735 407 2753 lll'.
426 2737 435 2752 ι

335 2761 402 2801 ,(89)
412 2761 493 2802 Eiliti.
508 2763 568 2802 cdd
583 2771 773 2802 quamcunque
786 2766 857 2793 euint
871 2769 1033 2801 potestatem
1048 2766 1090 2792 iu-

306 2795 450 2823 cliuaverit
462 2795 631 2825 obedientun.
643 2809 652 2824 ι
664 2798 714 2826 Ms.
729 2795 809 2831 unus.
827 2810 836 2827 ι
851 2795 890 2829 Ad
900 2808 1092 2837 quamcunque

951 2261 973 2277 ⁷⁸
994 2260 1015 2287 ll
1028 2261 1090 2289 Cor.
1109 2272 1159 2295 ιιι,
1189 2265 1216 2291 6.

880 2296 903 2312 ⁸¹
916 2295 1012 2323 Matth.
1026 2304 1064 2331 γι,
1075 2298 1120 2326 24..
1158 2299 1181 2315 ⁸¹
1196 2299 1275 2326 Rom.
1291 2306 1327 2330 Vl,
1340 2297 1384 2325 16.

1147 2202 1201 2237 bis,
1218 2202 1281 2238 quia
1293 2203 1361 2230 fides
1376 2206 1466 2230 vestra
1480 2201 1663 2229 anuuutiatur
1679 2201 1705 2227 itt
1715 2197 1800 2225 uniter-\l

1271 2263 1294 2279 ⁷⁸
1308 2263 1387 2290 Rom.
1402 2271 1428 2290 vt
1444 2283 1451 2291 .
1483 2262 1526 2290 15.
1575 2263 1599 2278 ⁷⁷
1615 2261 1680 2288 ibid.
1702 2260 1724 2286 i.
1754 2257 1800 2278 ’Νη

1424 2298 1447 2314 ⁸³
1458 2297 1538 2325 Joatt.
1552 2305 1613 2329 vttt,
1624 2297 1668 2325 δι.
1702 2295 1722 2310 ⁸⁸
1738 2294 1800 2320 [ΝΜ

1147 2381 1218 2408 enim
1236 2384 1339 2414 partem
1351 2379 1525 2406 iucliuavcrit
1540 2386 1571 2406 se
1586 2379 1668 2405 homo
1678 2374 1800 2414 oboluit“!

1183 2407 1242 2450 (90)
1256 2415 1337 2446 Editi.
1360 2423 1369 2439 t
1384 2414 1452 2441 Nam
1477 2415 1571 2450 omnis
1584 2414 1641 2447 qui,
1659 2417 1734 2450 I_OIC.

1146 2445 1210 2491 que,
1227 2445 1236 2476 ἐ
1254 2450 1309 2477 Sed
1322 2455 1350 2477 et
1364 2450 1455 2477 ontuis
1468 2449 1527 2483 qui,
1545 2458 1555 2475 ι
1573 2445 1646 2481 εἰς..
1661 2447 1766 2479 υἱιδιιυῑί
1782 2445 1800 2471 ‘l‘

1146 2490 1227 2512 CllUl‘.
1244 2494 1254 2511 Ρ

1181 2520 1237 2555 (9i)
1253 2520 1333 2550 Alias.
1351 2529 1360 2545 ι
1378 2519 1444 2546 Mihi
1461 2519 1679 2555 autentvitletur.
1698 2526 1706 2541 ι

1183 2554 1240 2590 (92)
1254 2555 1339 2587 Alias,
1360 2564 1370 2579 σ
1381 2555 1429 2581 sed
1439 2555 1532 2588 justus
1546 2554 1684 2581 Dominus.
1698 2561 1721 2590 ι.
1773 2589 1779 2590 7
1793 2581 1794 2584 η

1185 2586 1241 2626 (95)
1260 2586 1340 2626 Editi.
1362 2599 1371 2615 ι
1393 2597 1426 2626 ex
1439 2586 1486 2626 bis
1500 2597 1563 2617 esse
1573 2597 1667 2626 servos
1688 2586 1732 2626 (1⁷·
1759 2588 1800 2626 εξ¹¹

1149 2618 1200 2660 vis)
1216 2618 1315 2659 quibus
1333 2625 1434 2651 Paulus
1442 2625 1524 2660 utea.
1538 2635 1546 2651 ι
1560 2625 1607 2655 ςιΙη
1620 2635 1628 2650 ι
1646 2632 1677 2651 ει
1690 2624 1728 2650 ius
1738 2618 1798 2645 iam

1147 2668 1179 2687 ex
1193 2661 1235 2687 his
1247 2660 1427 2694 sermonibus)
1441 2659 1529 2692 Pauli,
1543 2662 1642 2695 quibus
1655 2660 1723 2685 dicit.
1739 2665 1746 2680 )

1184 2696 1240 2729 (94)
1257 2695 1339 2728 Etliti,
1358 2704 1366 2720 ι
1383 2697 1445 2729 quia
1466 2701 1574 2729 sponte.
1591 2695 1654 2721 Nam
1671 2696 1716 2728 ipsi
1729 2698 1787 2729 cfs:

1182 2726 1242 2765 (95)
1257 2726 1342 2761 Alias.
1362 2739 1370 2754 ι
1390 2726 1453 2763 quia
1472 2726 1488 2756 ί
1508 2734 1516 2764 (
1534 2731 1572 2757 al.
1592 2726 1693 2764 «quod.
1711 2737 1719 2753 ι
1736 2727 1762 2751 al.
1794 2726 1800 2754 1

1147 2766 1269 2792 diabolus
1297 2765 1361 2791 fecit
1381 2771 1410 2791 ul
1428 2772 1599 2797 peccatorcm
1612 2786 1619 2797 .
1647 2770 1692 2790 aut
1711 2767 1800 2788 natura»

1147 2808 1243 2828 cursus
1258 2806 1394 2828 astrorum
1406 2801 1520 2833 ellieiat,
1535 2811 1544 2826 ι
1561 2802 1596 2828 al.
1611 2810 1620 2826 ί
1634 2800 1719 2827 faciat.
1736 2807 1743 2821 ο
