1833 3049
5 128 66 154 1061

481 128 660 156 COMMENT.
679 128 711 156 IN
727 128 837 156 EPIST.
856 129 902 156 AD
921 129 1003 157 R031.
1022 130 1087 158 LIB.
1108 130 1154 158 Vl.

1568 135 1637 163 10ὓῆ

9 186 34 212 lo
49 186 83 213 ".
101 194 112 212 ι
131 185 199 212 Τυιη
216 185 315 213 deinde
337 191 366 214 et
385 186 449 214 illttd
464 189 594 220 ostemlit,
615 189 686 223 quod
702 196 797 216 omnes
812 191 832 219 Λ
851 197 923 216 mam
947 194 1028 224 atque
1046 190 1171 217 umbram
1198 190 1329 217 virttttum
1357 195 1452 220 tenero
1477 193 1636 227 possimus;

5 233 125 260 tomiues
135 233 221 267 primo
234 233 357 260 serviant
369 239 491 267 peccato.
510 234 556 261 Sic
570 235 641 262 enim
659 236 790 270 Scriptum

5 282 58 305 :st:
73 278 161 311 Quiat
189 286 241 305 non
261 283 304 306 est
319 279 410 313 justus
427 287 510 315 super
531 285 629 307 terram
644 282 690 316 qui
707 281 791 309 faciat

6 330 111 355 mnum,
123 327 150 350 et
171 331 223 350 non
239 329 334 358 peccet
347 324 382 352 ⁸⁸.
402 334 411 349 ι
436 325 526 352 Primo
543 326 614 353 enim
628 334 741 354 necesse
749 331 790 354 est

9 375 26 393 ιι
43 368 118 394 omni
140 368 249 396 homine
262 368 328 396 illud
344 370 476 404 compleri
486 371 558 405 quod
574 372 704 405 scriptum
723 377 764 400 est
781 382 788 399 :

5 420 9 436 ι
31 412 85 439 Sed
102 413 148 440 ubi
166 414 238 441 venit
256 415 425 448 mandatum,
442 420 586 450 peceatunt
611 417 710 444 revixit
723 418 757 444 ⁸³.
777 427 786 444 1

5 457 55 484 Hoc
74 465 140 485 vero
157 459 229 492 qttod
243 459 370 493 sequitur
384 460 418 486 ad
437 467 539 494 paucos
553 461 653 488 dicitur
665 481 673 494 .
701 467 730 490 et
742 470 789 491 eos

6 505 43 538 lui
57 505 116 538 jam
131 505 322 537 emendantur,
336 505 440 533 scilicet
454 507 526 541 quod
542 507 609 534 dicit
625 517 631 535 :
651 517 660 533 ι
679 507 789 537 Gratias

5 555 89 578 uitem
107 550 174 583 Deo,
191 551 254 586 quia
272 550 363 580 fuistis
375 553 446 580 servi
461 554 576 587 peccati.
594 555 726 582 ohedistis
739 563 788 582 an-

7 605 51 622 ent
71 605 105 623 ex
127 598 208 624 corde
228 597 253 624 iu
279 605 340 626 eam
359 598 473 626 formam
492 600 636 632 doctrinae,
656 602 682 627 in
703 609 786 637 quam

11 642 163 669 raditiestis
170 642 238 669 ⁹⁰⁴’¹.
257 652 267 668 ι
282 643 429 678 Serviergo
445 644 545 672 luimus
559 653 655 673 onmcs
665 648 786 680 peccati;

5 687 43 713 ted
63 687 107 713 ubi
129 688 230 714 tradita
247 693 287 714 est
303 689 382 715 nobis
411 689 499 716 forma
522 691 662 723 doctrinas,
682 696 707 720 et
725 692 787 719 huic

6 739 50 758 non
64 737 217 767 utcunque,
236 741 324 768 neque
339 733 405 761 solis
422 734 522 766 verbis,
538 736 584 762 sed
601 745 632 764 ex
649 737 784 768 corde,ex

5 779 100 809 mimo,
116 786 150 807 ex
166 783 220 806 tota
238 780 383 809 devotione
394 781 524 816 elegimus
536 782 647 809 obedire
661 803 669 813 .
684 782 785 811 libera-

5 831 57 849 uur
69 831 84 849 a
102 825 238 851 Servitute
254 826 370 859 peccati,
385 831 412 854 et
426 827 557 857 eliicimur
575 828 644 855 servi
660 827 783 862 justilim.

846 234 918 268 ipsas
936 242 1001 261 vero
1027 235 1153 267 virtutes,
1176 239 1239 262 tunc
1262 243 1325 262 cum
1352 236 1477 263 venerint
1503 237 1548 263 illa
1577 245 1637 271 quat

845 279 967 307 perlecta
984 283 1057 307 sunt.
1078 280 1110 307 Et
1129 281 1190 306 ideo
1211 280 1299 314 justus
1316 289 1386 308 nunc
1405 281 1461 317 (99)
1480 283 1579 317 magis,
1608 287 1637 309 ut

845 324 910 351 mihi
931 324 1037 351 videtur
1051 344 1059 356 ,
1076 325 1101 353 in
1129 326 1223 351 umbra
1252 326 1382 353 virtutum
1399 346 1406 358 ,
1424 335 1505 361 quant
1528 328 1554 353 in
1571 328 1638 362 ipsis

844 371 991 398 vittutibus
1007 371 1073 397 vivit
1090 371 1139 406 (1).
1161 371 1194 397 Et
1219 372 1253 399 ob
1274 372 1324 399 hoc
1352 373 1477 400 forlarsis
1500 372 1636 401 Jcremias

844 415 869 442 in
887 415 1147 444 Latneutationibus
1161 418 1227 445 dicit
1247 426 1253 444 :
1275 427 1284 443 ι
1306 418 1424 453 Spiritus
1439 419 1530 446 vultus
1546 421 1632 447 nostri

844 464 970 492 Christus
986 465 1128 497 Dotninus,
1145 466 1186 492 vui
1203 466 1322 493 diximus
1340 475 1347 494 :
1361 465 1389 492 lu
1406 467 1500 494 umbra
1515 467 1576 501 ejus
1590 467 1632 494 vi-

844 518 938 538 vemus
954 511 979 538 in
1002 512 1128 546 gentibus
1140 512 1177 537 “.
1199 521 1208 537 ι
1227 512 1303 544 Quod
1318 512 1340 539 si
1355 511 1481 540 Christus
1498 517 1540 538 est
1551 513 1633 545 justi-

843 556 891 588 tia,
903 561 928 582 et
941 556 1085 590 sapientia,
1102 561 1128 583 et
1142 557 1252 589 veritas,
1269 561 1296 583 et
1316 557 1442 588 dicitnus,
1460 566 1468 582 ι
1493 558 1519 584 in
1534 559 1630 585 umhra

841 601 900 635 ejus
912 602 1035 629 vivemus
1049 602 1075 629 in
1090 602 1215 636 gentibus
1232 611 1238 628 :
1260 611 1269 627 ι
1282 610 1346 636 ergo
1361 603 1386 630 in
1400 603 1493 629 umbra
1507 604 1629 637 justitize,

841 652 869 676 ct
883 648 909 674 ιιι
925 647 1020 675 umbra
1036 648 1189 681 sapientiae,
1212 652 1238 675 ct
1254 649 1281 676 itt
1305 649 1400 675 umbra
1420 650 1543 676 vetitatis
1560 650 1630 675 vivi-

842 701 918 725 mus,
937 694 1020 720 etiarn
1046 694 1070 721 si
1089 693 1168 729 justi,
1186 698 1211 720 et
1228 693 1367 728 sapientes
1386 693 1437 728 (‘2),
1462 701 1490 720 et.
1508 695 1632 721 Veritatis

841 743 979 767 amatores
996 746 1057 766 esse
1074 739 1223 765 videamur.
1250 738 1398 773 Propterea
1423 747 1488 774 ergo
1505 740 1605 766 dicitur
1621 747 1629 766 :

844 793 854 812 ι
880 784 908 811 Si
935 784 996 818 quis
1016 791 1046 811 se
1069 787 1146 817 putat
1171 784 1344 817 cognovisse,
1364 784 1483 810 nomium
1504 784 1631 819 cognovit

840 829 1066 864 qtteutadtnmlum
1088 829 1298 863 oporteatscire
1315 829 1347 856 νε.
1370 840 1379 855 ι
1400 829 1536 856 Fortassis
1551 838 1624 856 Clllm

5 869 74 897 Jnde
92 877 187 897 vereor
199 879 232 898 ne
246 871 313 899 forte
323 873 557 908 pluressimusqul
572 874 712 904 videamur
723 884 787 903 sus-
805 871 826 898 Β
839 876 923 902 etiam
946 876 1035 910 ipsum
1055 875 1172 903 Verbum
1201 876 1246 903 Dei
1261 896 1267 908 ,
1295 877 1447 902 Secundum
1476 876 1526 902 hoc
1555 875 1628 910 quod

5 915 102 948 tepisse
129 914 244 942 formam
265 917 532 953 doctrinmjustitim,
557 923 585 946 et
602 920 694 948 verbis
711 921 780 954 qui-

5 961 55 986 lem
69 960 112 987 vel
128 961 418 997 proiessionejustitiae
425 964 565 993 videamur
573 965 695 998 obedire.
703 968 786 996 conte

5 1014 61 1033 iero
74 1008 235 1035 obediamus
248 1014 373 1043 peccato,
399 1011 490 1040 carnis
503 1012 593 1040 adhuc
608 1012 634 1039 in
653 1013 731 1041 nobis
748 1015 786 1040 vi-

6 1052 38 1078 iis
54 1052 266 1080 dominantibus.
279 1054 311 1082 Et
326 1055 388 1082 ideo
396 1060 458 1085 ante
469 1057 559 1085 otnnia
575 1057 730 1092 indigemus
741 1059 787 1087 illa

5 1097 28 1124 Ie
43 1105 98 1132 qua
113 1099 242 1133 superius
256 1100 348 1128 docuit
361 1102 572 1130 tttortilicatione
586 1105 784 1134 membrorum.

5 1144 73 1177 )uod
90 1150 178 1172 autern
196 1145 265 1174 dixit
280 1156 286 1173 :
318 1157 326 1172 ι
344 1148 471 1176 Formam
497 1148 551 1185 (96)
576 1150 707 1180 doctrinae
724 1172 731 1183 ,
759 1152 785 1179 in

5 1198 79 1223 luam
97 1191 188 1218 traditi
203 1192 270 1219 estis
282 1213 293 1224 ι
308 1202 319 1218 ι
336 1194 526 1228 requirendum
557 1201 621 1230 puto
649 1200 786 1231 qumnodo

5 1236 189 1271 musquisque
203 1238 337 1267 tradatur.
352 1238 504 1268 Invenimus
517 1249 634 1276 namque
648 1243 719 1276 quod
737 1252 788 1272 eos

5 1282 38 1316 pd
56 1290 67 1307 ι
86 1289 138 1308 non
155 1291 166 1308 ι
192 1282 305 1316 probant
325 1292 335 1309 ί
355 1283 439 1314 Deum
455 1285 556 1313 habere
571 1286 599 1313 itt
616 1287 751 1319 notitiam,
773 1297 782 1314 ι

8 1328 90 1356 radat
107 1336 117 1353 ι
139 1328 209 1355 Deus
228 1329 376 1359 secundum
392 1330 526 1358 desideria
539 1333 629 1359 contis
646 1340 742 1361 corutn
759 1334 785 1361 in

6 1373 211 1406 inmunditiam,
231 1378 261 1403 ut
283 1375 454 1403 contumeliis
472 1376 591 1405 alliciant
606 1385 720 1413 corpora
736 1387 784 1406 sua

5 1428 20 1445 ιι
39 1419 195 1453 semetipsis
210 1427 216 1445 :
236 1428 244 1445 ι
258 1424 286 1445 et
303 1420 371 1447 alios
382 1420 428 1455 qui
446 1430 455 1446 ι
474 1426 712 1452 commutaveruut
727 1424 786 1460 glov

5 1466 65 1495 iam
88 1465 305 1499 incorruptibilis
326 1466 393 1498 Dei,
410 1476 422 1493 ι
451 1467 542 1494 tradat
558 1477 569 1494 ‹
595 1469 621 1495 in
644 1471 786 1504 passiones

5 1512 152 1546 gnnntinia:
166 1512 200 1545 9’,
216 1522 226 1537 ι
245 1512 280 1539 de
307 1513 405 1546 quibus
429 1513 454 1540 itt
483 1514 549 1542 locis
568 1515 626 1542 suis
639 1521 720 1549 prout
735 1525 784 1551 po-

6 1559 96 1584 nimus
110 1557 240 1585 diximus.
259 1558 292 1585 Et
308 1558 358 1585 hos
372 1566 437 1593 ergo
457 1560 501 1593 qui
523 1562 686 1597 semetipsos
705 1562 783 1589 exhi-

5 1609 55 1629 teut
75 1611 172 1630 servos
184 1603 297 1637 jusﬁtia:
313 1611 360 1638 per
375 1604 559 1634 obedientiam
568 1606 634 1641 (97),
649 1606 718 1634 Deus
734 1613 784 1634 tra-

5 1648 61 1675 lidit
78 1653 106 1675 ut
121 1648 302 1675 instituantur
321 1653 349 1676 et
379 1649 535 1677 imbuuntur
557 1653 708 1680 secundum
727 1652 783 1680 for-

5 1702 64 1721 nam
79 1695 211 1723 doctrinae
224 1693 346 1728 iustitiae.
360 1694 448 1723 Movet
461 1701 552 1723 autem
568 1704 609 1724 me
622 1698 703 1724 etiam
721 1699 785 1732 hoc,

5 1741 67 1774 laud
82 1748 134 1768 non
147 1740 228 1773 dixit,
249 1750 257 1766 ι
274 1741 410 1769 Ohedistis
426 1741 482 1777 (98)
500 1749 532 1770 ex
551 1744 633 1770 corde
649 1753 658 1769 ι
683 1745 785 1772 (lectri-

5 1794 43 1817 περ,
61 1795 71 1812 ‹
89 1788 114 1813 in
132 1795 214 1821 quam
234 1787 328 1815 traditi.
339 1789 416 1821 estis,
432 1798 442 1814 δ
459 1788 505 1816 sed
520 1797 530 1814 ι
549 1788 663 1817 l‘ormant
681 1790 779 1817 doctri-

5 1841 32 1860 κθ
46 1843 55 1858 ι
68 1834 168 1867 posuit.
182 1833 237 1864 Nec
250 1839 314 1870 puto
327 1835 398 1868 quod
412 1843 496 1863 unum
511 1842 571 1862 esse
585 1835 701 1863 senserit
716 1835 784 1869 Apo-

7 1881 78 1909 totus
95 1882 266 1914 doctrinam,
283 1887 310 1912 et
332 1882 448 1911 formam
473 1881 624 1914 doctrinm;
653 1882 699 1910 sed
716 1882 781 1909 ntilti

5 1928 101 1955 'idetut‘
111 1928 185 1962 quod
202 1920 320 1959 formant
331 1929 462 1957 doctrinae
478 1929 567 1957 minus
591 1936 653 1955 esse
667 1928 784 1960 scierit,

5 1981 71 2006 [nam
96 1974 184 2008 ipsam
205 1975 376 2007 doctrinam;
394 1979 509 2002 etnunc
530 1974 638 2008 quidem
662 1974 687 2001 in
713 1982 782 2008 pra:-

6 2021 59 2047 euti
79 2021 137 2050 vita
154 2021 217 2048 dttm
246 2021 273 2048 itt
299 2021 349 2048 huc
376 2028 490 2055 corpore
513 2027 628 2052 sumus,
656 2025 684 2047 et
710 2030 719 2046 ι
736 2028 784 2055 ag-

5 2071 86 2095 ;ravat
113 2071 255 2096 terrenum
279 2067 329 2095 hoc
359 2066 544 2094 habitaculum
571 2073 682 2093 sensum
699 2067 782 2095 multa

7 2111 160 2146 agitantem
185 2111 209 2127 ’³
225 2131 234 2144 ,
273 2122 282 2138 ι
309 2112 425 2140 formam
449 2111 579 2139 doctrinze
610 2111 758 2140 habeamus
773 2133 782 2147 η

5 2165 45 2184 mu.
69 2158 160 2192 ipsam
181 2158 334 2187 doctrinam
350 2179 358 2191 ,
383 2158 455 2185 sicut
480 2158 550 2186 idem
579 2157 728 2195 Apostolus
755 2159 781 2187 in

842 931 850 947 ι
869 921 984 949 Verbum
1004 930 1068 949 raro
1089 922 1190 948 factum
1220 927 1283 953 est,
1311 927 1338 948 et
1365 921 1499 947 habitavit
1524 921 1550 948 itt
1578 929 1628 948 tto-

838 967 883 994 bis
903 968 938 1000 ’7,
960 978 969 992 ν
988 968 1067 996 aliter
1095 968 1120 994 iit
1138 967 1262 1002 prtcsenli
1282 968 1343 994 vita:
1367 972 1450 998 statu,
1465 967 1544 994 aliter
1567 976 1628 995 cum

839 1014 943 1041 venerit
960 1016 1033 1050 quod
1048 1014 1199 1049 perfectum
1216 1019 1255 1040 Cal
1268 1014 1302 1045 ³⁸.
1317 1019 1501 1047 Cognoscetur
1515 1022 1521 1045 ;
1536 1019 1563 1039 et
1577 1014 1626 1040 ali-

842 1066 882 1089 ter
899 1069 970 1089 ltltllC
997 1061 1022 1088 in
1038 1061 1124 1088 forma
1143 1061 1225 1092 servi,
1243 1064 1305 1085 lllllC
1322 1067 1386 1085 vero
1402 1061 1480 1087 aliter
1496 1060 1521 1086 iu
1541 1059 1626 1086 forma

839 1108 896 1140 Dei,
920 1114 948 1136 et
963 1108 989 1135 in
1012 1107 1101 1134 l'att'is
1116 1105 1274 1140 aequalitate
1291 1106 1436 1132 sentietnr.
1461 1106 1512 1131 l'ro
1527 1105 1626 1139 quibus

836 1155 975 1188 omnibus,
990 1153 1031 1181 vel
1058 1163 1066 1179 ι
1087 1153 1112 1180 ίιι
1131 1153 1219 1181 iurata
1236 1152 1378 1182 doctrinm,
1404 1161 1412 1177 ι
1437 1155 1466 1177 ιιι
1483 1151 1628 1184 Apostolus

837 1201 903 1228 dicit
914 1220 922 1232 ,
941 1204 967 1226 et
1003 1199 1121 1226 nondum
1138 1199 1164 1225 in
1181 1199 1236 1232 ipsa
1260 1198 1395 1228 doctrina,
1409 1197 1449 1223 vel
1465 1206 1474 1222 ι
1490 1197 1516 1222 in
1531 1197 1624 1224 umbra

836 1245 948 1278 Christi,
975 1254 984 1270 ι
1010 1248 1038 1270 ιιι
1051 1243 1185 1271 Jcremias
1204 1242 1355 1270 nominavit
1368 1244 1438 1273 ",et
1455 1243 1572 1268 nondum
1598 1243 1624 1268 in

838 1290 1021 1326 ipsoCht-isto,
1033 1289 1126 1316 vivere
1139 1289 1262 1315 videmur
1277 1288 1347 1314 inter
1362 1292 1465 1323 gentes.
1477 1297 1487 1313 ι
1506 1287 1624 1314 Liberali

837 1342 926 1363 autem
943 1344 957 1362 a
974 1340 1097 1371 peccato,
1115 1334 1187 1361 servi
1202 1334 1265 1361 facti
1285 1333 1352 1360 estis
1369 1333 1484 1367 justitia:
1500 1335 1518 1360 ¹.
1539 1342 1547 1358 ι
1572 1333 1624 1359 Εκ-

837 1383 936 1418 ιιοεὶιὶυ
953 1388 995 1409 est
1024 1383 1049 1408 in
1067 1382 1108 1409 his
1133 1388 1227 1408 eorum
1252 1388 1312 1415 qua!
1341 1380 1471 1415 superius
1487 1380 1566 1407 dixit.
1594 1380 1622 1407 Si

836 1429 908 1456 cttim
925 1428 995 1455 ultra
1012 1435 1064 1454 non
1083 1427 1210 1454 serviatis
1233 1430 1361 1459 peccato,
1379 1430 1482 1452 certum
1498 1429 1539 1452 est
1561 1425 1624 1458 quia

837 1475 947 1502 liberati
961 1476 994 1502 ab
1011 1483 1043 1502 eo
1059 1475 1130 1502 servi
1149 1474 1213 1501 facti
1237 1473 1305 1500 estis
1322 1472 1446 1507 justitize.
1461 1471 1514 1498 Sed
1535 1472 1625 1505 requi-

839 1522 909 1548 ritur
930 1522 993 1556 quis
1019 1520 1121 1555 estqui
1145 1520 1243 1548 liberat
1268 1526 1283 1545 a
1307 1523 1428 1553 peccato.
1458 1517 1524 1545 Sine
1543 1518 1625 1543 dubio

836 1568 960 1597 veritatis
978 1567 1092 1603 agnitio.
1109 1566 1154 1593 Sic
1172 1566 1244 1593 enim
1259 1565 1364 1592 dicebat
1375 1564 1454 1591 Jesus
1470 1564 1502 1589 ad
1518 1563 1625 1590 ,ΙιιιΙςιιοε

835 1615 881 1650 qui
898 1613 1070 1641 crediderant
1087 1612 1110 1639 ei
1138 1620 1145 1638 :
1162 1620 1170 1636 ι
1191 1610 1219 1637 Si
1238 1610 1411 1637 credideritis
1436 1609 1520 1635 verbo
1540 1616 1600 1635 meo
1615 1628 1623 1640 ,

835 1659 992 1694 agnoscetis
1006 1658 1169 1689 veritatem,
1192 1661 1219 1683 et
1243 1657 1343 1683 veritas
1361 1654 1489 1681 liberabit
1509 1661 1555 1680 vos
1568 1654 1589 1679 ¹.
1610 1662 1620 1678 ι

836 1706 942 1734 Veritas
955 1709 999 1733 est
1014 1711 1080 1738 ergo
1094 1711 1154 1738 qua:
1173 1703 1272 1729 liberal
1287 1709 1300 1727 a
1316 1706 1439 1735 peccato,
1457 1706 1483 1727 et
1501 1699 1624 1725 veritatis

835 1752 947 1788 agnitio.
958 1750 1068 1777 Ccrttttn
1084 1755 1125 1776 est.
1139 1753 1231 1775 autent
1241 1748 1312 1782 quod
1328 1747 1418 1774 omnis
1432 1746 1476 1780 qui
1493 1745 1625 1772 liberatus

835 1798 917 1825 fuerit
933 1804 947 1823 a
961 1800 1086 1831 peccato.
1100 1794 1213 1828 iustitiae
1225 1793 1337 1820 serviat.
1351 1792 1427 1825 Quod
1451 1797 1542 1817 autem
1556 1790 1623 1816 dici—

835 1851 895 1871 mus
906 1863 914 1873 ,
928 1842 1041 1877 iustitiae
1058 1841 1180 1871 serviat,
1198 1839 1326 1873 quoniam
1345 1837 1450 1872 justitia
1465 1844 1516 1862 una
1534 1841 1575 1862 est
1589 1842 1622 1861 ex

835 1889 965 1915 virtutum
981 1887 1083 1919 choro,
1101 1885 1191 1912 simile
1208 1888 1249 1911 est
1266 1890 1298 1910 ac
1323 1882 1345 1909 si
1377 1882 1540 1912 diceremus,
1558 1879 1621 1913 quia

834 1935 856 1962 si
873 1935 933 1971 quis
956 1933 1085 1961 liberatus
1099 1936 1140 1960 est
1160 1939 1174 1958 tt
1198 1933 1322 1965 peccato,
1338 1927 1439 1954 serviet
1456 1926 1575 1956 veritati,
1595 1929 1622 1952 et.

834 1979 933 2009 serviet
947 1978 1089 2013 sapientia:
1101 1998 1108 2010 ,
1133 1981 1160 2004 et
1177 1975 1278 2004 serviet
1302 1973 1439 2009 pudicitite
1453 1992 1460 2005 ,
1476 1977 1502 1999 et
1520 1971 1622 1998 serviet

833 2025 928 2062 pietati
942 2025 991 2060 (5).
1008 2024 1053 2051 Sic
1070 2023 1142 2050 enim
1154 2030 1205 2058 ego
1219 2020 1299 2048 audio
1315 2024 1342 2046 et
1355 2019 1419 2045 illttd
1436 2017 1507 2052 quod
1519 2017 1621 2043 diettttn

833 2077 893 2098 est:
911 2079 920 2096 ‹
940 2070 1052 2105 Aperite
1066 2069 1131 2096 mihi
1148 2062 1242 2103 portas
1253 2065 1378 2102 justilize.
1393 2069 1421 2093 et
1436 2065 1577 2098 ingressus
1595 2062 1621 2088 in

833 2124 879 2146 eas
893 2116 1044 2144 conﬁtebor
1061 2115 1175 2142 Domino
1187 2114 1208 2140 ³.
1229 2122 1238 2138 ι
1257 2112 1315 2139 Νοιι
1330 2111 1402 2138 euitn
1415 2109 1498 2136 solius
1508 2107 1622 2142 iustitiae

833 2167 927 2199 portas
943 2162 1096 2197 ingreditur
1113 2161 1160 2195 qui
1177 2159 1300 2187 conﬁteri
1317 2157 1374 2183 vult
1391 2155 1516 2186 Domino.
1532 2153 1578 2181 sed
1594 2156 1622 2180 et

5 2202 68 2240 573
86 2204 152 2233 aliis
166 2205 232 2233 dm“
248 2213 255 2231 ε
279 2213 288 2230 ‘
305 2204 381 2232 Nunc
400 2209 492 2232 ίιυιθηι
514 2203 639 2232 “idem”
653 2211 702 2238 Per
718 2212 782 2240 ερθα
799 2216 822 2245 ο
836 2209 957 2236 veritatis
970 2229 978 2240 ,
994 2213 1025 2238 et
1045 2207 1187 2243 sapientiae
1201 2225 1209 2238 ,
1225 2209 1253 2232 et
1269 2203 1377 2240 pietatis
1388 2223 1396 2235 .
1420 2207 1447 2229 et
1471 2200 1619 2236 pudicitiae.

5 2253 78 2280 tilum
96 2253 127 2278 in
139 2251 301 2286 aenigmate:
324 2261 334 2277 ι
358 2251 414 2286 ἱρείη
437 2255 529 2278 alitem
548 2251 671 2277 dOCll'iIm
687 2251 723 2278 sil
749 2251 783 2279 de
804 2244 808 2245 ν
835 2255 962 2284 Omnium
988 2260 1105 2292 uanique
1132 2261 1184 2280 una
1213 2256 1256 2278 est
1281 2250 1341 2277 aula
1372 2249 1519 2276 virtutum.
1534 2244 1622 2292 cuius

5 2304 41 2331 tua
59 2297 150 2325 dicit:
171 2306 180 2322 ι
198 2297 275 2325 Tunc
289 2302 381 2326 autem
407 2297 560 2324 videbimus
579 2295 650 2323 facie
675 2297 707 2325 ad
740 2296 783 2325 τει-

7 2343 56 2371 iem
71 2344 109 2370 ".
130 2353 141 2371 ι
158 2343 234 2372 Unde
255 2348 283 2371 et
301 2343 327 2370 in
345 2343 474 2377 praesenti
486 2343 541 2369 vita
561 2346 628 2377 puto
642 2343 713 2377 quod
728 2343 783 2370 lor-

290 2424 313 2440 ⁸⁸
333 2425 414 2452 ticali.
441 2432 488 2456 vn,
501 2424 546 2451 Ἥ.

272 2460 317 2487 θδι
334 2460 398 2487 (lor.
412 2461 526 2493 xut,12.
581 2460 605 2474 π

272 2495 343 2526 L20.
392 2494 400 2510 ¹
418 2495 496 2525 ltom.
512 2501 548 2526 vt,
561 2492 605 2520 18.

35 2428 55 2444 ⁸⁷
69 2427 156 2458 Rom,
170 2433 190 2457 ι,
200 2425 226 2452 8.

5 2461 14 2478 ³
39 2463 106 2497 Sap.
124 2460 225 2493 tx,15.

7 2498 34 2526 θ.
79 2495 108 2514 δ’
124 2497 228 2524 Thren.
243 2503 286 2528 tv,
294 2495 343 2522 20.

23 2579 80 2612 (96)
97 2577 183 2609 Editi,
198 2577 309 2610 (Quam
325 2582 420 2605 autem.
433 2576 500 2603 dixit.
513 2576 643 2612 formam,
666 2585 675 2601 ι
688 2580 745 2612 ςιιι.

25 2609 80 2649 (97)
95 2613 218 2650 Alias,_t
237 2609 270 2638 tit
284 2612 328 2639 hic
344 2619 410 2646 ergo
440 2612 486 2650 qui
499 2610 571 2650 χαι..
591 2619 623 2637 eo
635 2609 718 2650 .qui].
737 2617 782 2636 se-

5 2646 123 2684 netipsos
133 2647 367 2684 exbibentserves
379 2654 426 2681 per
435 2646 618 2684 obedietttiam
631 2646 761 2684 iustitiae;
770 2655 777 2669 ι

5 2689 15 2725 Lt
31 2680 113 2725 paulo
140 2688 204 2717 post
225 2682 312 2715 editi,
333 2691 343 2708 ι
362 2682 509 2709 secundum
533 2681 649 2708 formam
669 2680 782 2716 iustitia:

5 2719 181 2789 Ιοῗὲἓόηέἀίίὶ.
193 2762 203 2779 ι
212 2752 391 2789 obedientia.
401 2762 411 2777 ι
423 2751 472 2789 itis.
483 2757 563 2789 tinus.
580 2749 760 2789 {obedientes
770 2759 778 2774 ι

35 2755 81 2789 98)
96 2755 181 2785 Editi.
193 2755 385 2783 «obedientiaz.
401 2762 411 2777 ι
423 2755 472 2779 Ms.
483 2757 563 2779 unus.
580 2755 760 2789 «obetttetttos.
770 2759 778 2774 ι

102 2788 193 2817 Nunc.
212 2788 292 2816 Deest
309 2787 336 2814 in
350 2787 515 2815 etlitionibus
529 2785 634 2814 Met-lini
652 2790 678 2813 et
693 2785 780 2812 tit-ne-

5 2831 94 2850 lfi‘l’tll.

26 2860 63 2890 ll)
79 2859 162 2890 Editi.
179 2869 189 2885 ι
207 2859 285 2888 vivit.
307 2869 315 2886 )
337 2859 414 2886 male.

586 2422 609 2438 ⁸⁸
626 2423 705 2451 Rom.
724 2432 772 2456 νιι,
788 2425 815 2453 9.

581 2458 605 2474 ⁹⁸
616 2457 717 2486 Tltren.
735 2467 772 2491 Iv,
786 2460 831 2487 ‘20.

658 2495 668 2510 ²
680 2494 759 2524 .loatt.
773 2503 833 2528 vttt,
851 2495 896 2525 51.

838 2301 889 2330 sibi
912 2301 1025 2339 iustitia:
1047 2290 1157 2329 nomine
1178 2296 1258 2333 pandi
1278 2295 1378 2332 januas
1395 2293 1514 2330 postulat
1529 2290 1567 2328 (ι)
1580 2291 1622 2326 ju-

836 2351 904 2375 stus.

868 2424 929 2440 ’Μ’
947 2422 1025 2450 Rom.
1047 2430 1072 2449 v1
1094 2421 1147 2454 .17.
1205 2420 1230 2436 "
1247 2418 1325 2446 Rom.
1341 2413 1538 2454 t,28._?f,_‘35
1551 2433 1558 2444 ,
1575 2412 1622 2440 ‘26.

884 2459 907 2476 "
920 2459 932 2485 Ι
947 2449 1063 2487 Corﬁni
1076 2477 1084 2487 ,
1095 2449 1132 2483 ’2.
1168 2455 1190 2471 ⁸⁷
1204 2454 1283 2483 Joau.
1299 2461 1307 2481 ι
1323 2473 1332 2487 ,
1346 2452 1390 2479 ιι.
1423 2450 1448 2467 ⁸³
1461 2449 1471 2476 l
1485 2450 1548 2476 Cor.
1563 2455 1623 2483 χιιι,

945 2494 955 2509 ³
970 2493 1040 2523 Dsat.
1053 2499 1125 2520 csvn
1137 2511 1145 2524 ,
1161 2491 1205 2517 19.

872 2573 912 2608 (2)
927 2571 978 2600 Ms.
996 2579 1078 2603 unus,
1096 2579 1105 2596 ι
1124 2569 1206 2596 etiant
1225 2567 1247 2608 si
1263 2566 1383 2608 iustitiae,
1399 2565 1589 2608 asapientia},
1608 2574 1619 2608 ι

836 2601 889 2635 etc.
902 2601 1007 2635 'Deinde
1022 2601 1093 2633 idem
1110 2612 1173 2636 ms.,
1187 2614 1196 2630 ι
1214 2604 1238 2631 si
1252 2603 1313 2637 quis
1326 2609 1356 2629 se
1370 2606 1446 2636 putat
1460 2601 1622 2636 cognovisse

838 2645 970 2671 Deum....
985 2645 1109 2675 oporteat
1124 2639 1199 2677 sciri.
1219 2648 1229 2664 ι
1248 2638 1302 2677 Alt,
1314 2647 1341 2677 ἰ.
1351 2644 1417 2663 eum
1431 2637 1512 2677 scire.
1526 2645 1543 2676 .D

873 2678 910 2713 (3)
930 2672 1016 2713 Ειιὶιίξ,
1036 2686 1044 2702 ι
1063 2682 1090 2702 et
1104 2675 1206 2702 serviet
1231 2672 1367 2713 pudicitia;
1381 2691 1387 2703 ,
1405 2672 1577 2713 prodeunte,
1594 2673 1622 2697 et

837 2706 940 2748 pietati.
964 2721 973 2738 ι
994 2712 1045 2738 Sed
1062 2706 1238 2748 omnesutss:
1254 2708 1407 2748 omittuntt
1428 2706 1588 2748 prudentiae.
1609 2713 1620 2730 ι

835 2742 949 2782 Quidam
972 2749 1055 2774 etiam
1079 2753 1133 2772 non
1159 2744 1259 2771 habent
1283 2751 1291 2768 ι
1310 2742 1409 2769 serviet
1428 2751 1436 2767 I
1453 2745 1516 2767 aute
1533 2749 1542 2765 ι
1562 2742 1620 2774 pie-

836 2789 894 2810 lalt.
913 2791 922 2807 1

871 2809 908 2852 (Α)
925 2816 1005 2848 Editi,
1027 2826 1036 2841 ι
1053 2815 1161 2852 nomine
1184 2813 1282 2841 Paulus
1300 2823 1311 2839 ν
1339 2812 1400 2847 (aL,
1423 2810 1510 2845 Pauli)
1525 2809 1620 2844 janttas

834 2851 953 2884 ooStulat
964 2851 1075 2882 aperiri.
1096 2860 1104 2876 ι
