1831 3052
218 107 289 136 ωϐὗ

255 170 282 197 4.
301 179 312 196 ι
330 170 482 198 lltnnannm
503 169 563 196 dico
588 173 701 204 propter
715 168 903 196 inﬁrmitatem
920 168 1012 195 carnis
1027 169 1049 196 A
1065 167 1112 193 dat
1136 175 1143 193 :

217 222 326 244 vestrm.
345 217 419 244 Sicut
437 218 508 244 enim
525 216 692 244 exhibuistis
707 215 829 243 membra
848 220 937 242 vestra
950 223 1009 242 scr—

219 265 276 290 vire
298 263 485 296 immtmditite,
508 268 536 290 et
551 263 690 298 iniqttilati
713 263 746 290 ad
762 262 937 296 iniquitatem
957 262 1007 298 (ες),

218 309 254 337 ita
273 317 345 336 nunc
362 309 488 336 exhibete
503 309 624 336 tnetnbra
645 314 736 336 vestra
762 309 869 336 servire
893 309 1009 344 justitiaa

216 355 501 384 insanclilicationem
519 355 539 381 ⁸.
557 364 566 381 ›
584 355 716 382 Pudorem
736 355 881 389 quemdam
893 355 1009 389 pcrha-c

215 400 316 428 incutit
333 400 479 435 Apostolus
494 400 666 428 auditoribus
682 421 689 433 ,
707 406 735 428 ιιι
751 401 802 428 hoc
818 400 916 428 saltem
929 401 1008 428 obse-

214 448 270 482 quii
286 447 440 482 dependant
449 447 563 481 iustitia:
575 452 602 474 et
610 448 834 480 sanetilicationi,
845 448 918 482 quod
931 448 1007 482 prius

215 494 393 521 immnntlitite
420 495 614 529 iniquitatique
642 494 811 521 detulerant.
841 494 913 528 Quid
941 502 1006 530 ergo

214 545 268 567 tam
288 541 436 567 humanum
453 561 460 571 ,
475 541 526 567 hoc
541 546 582 567 est
598 561 605 573 ,
621 541 686 575 quid
703 546 756 567 tam
778 540 849 572 leve,
866 541 931 574 qttid
949 545 1005 567 tam

213 585 273 613 sine
286 593 368 612 nitere
381 605 388 617 ,
411 591 438 612 et
453 586 525 620 qttod
543 586 615 612 nulla
632 593 745 621 prorsus
760 586 842 621 possit
857 587 949 613 carnis
965 586 1006 613 iti-

213 632 328 658 ﬁrmitas
343 639 475 659 excusare
491 632 554 668 (6)?
571 641 581 657 ι
598 631 676 658 Sicut
689 653 695 663 ,
719 632 808 666 inquit
820 653 827 664 ,
841 632 1005 660 cxhibuistis

213 678 333 706 tnetnhra
351 684 439 705 vestra
454 679 558 705 servire
571 678 760 710 immunditia’,
781 683 807 705 et
821 678 955 712 iniquitati
970 679 1003 706 ad

213 725 396 760 iniquitatem,
413 725 450 751 ita
464 732 536 751 nunc
551 725 680 752 exhibete
694 726 814 752 membra
836 731 925 752 vestra
942 734 1003 753 ser-

211 771 270 797 vire
300 770 414 803 jnstitiae
444 770 472 797 in
502 770 758 797 sanctiﬁcationem.
788 781 796 797 ι
824 770 1001 806 lngloriosnm

210 817 318 851 quidem
335 821 377 843 est
390 821 419 842 ιιι
434 816 469 842 ita
483 816 544 850 quis
560 817 708 843 virtutibus
723 817 875 844 sicutvitiis
889 817 999 844 serviat.

209 862 293 891 Multo
321 863 395 890 enim
413 864 529 898 amplius
543 867 570 890 et
585 863 670 890 multo
688 863 818 890 intentius
840 863 998 891 honoranda

206 909 313 945 justitia
330 915 381 937 est.
400 910 454 936 Sed
473 917 533 944 ego,
550 909 648 944 inquit,
666 910 784 937 lunnane
801 914 828 937 et
844 911 999 938 communi-

211 962 254 983 ter
270 963 321 990 ago
339 964 346 982 :
364 956 459 983 eadem
474 955 581 991 postulo
595 977 602 988 ,
628 955 726 983 similia
751 957 872 990 requiro.
893 957 998 984 Dudum

208 1003 357 1033 currebant
374 1003 458 1036 pedes
474 1002 558 1029 vestri
574 1002 607 1029 ad
620 1003 772 1029 daemonum
791 1003 904 1037 templa,
923 1011 997 1031 nunc

208 1055 321 1077 currant
345 1049 384 1085 (7)
400 1049 433 1076 ad
449 1048 598 1075 Ecclesium
621 1048 677 1076 Dei.
694 1049 849 1076 Currebam
865 1050 940 1083 pritts
965 1050 999 1076 ad

207 1095 401 1123 effundendum
419 1114 427 1126 ,
445 1102 516 1121 nunc
539 1099 631 1120 autent
647 1094 680 1120 ad
697 1093 867 1122 liberandum
888 1095 999 1129 sangui-

207 1150 268 1168 nem
282 1146 405 1168 currant.
419 1139 653 1168 Protendebantur
669 1140 744 1174 prius
753 1148 850 1168 manus
866 1147 895 1168 ut
909 1141 997 1168 aliena

207 1187 367 1222 diriperent,
385 1194 459 1214 nunc
483 1186 681 1222 protenduntur
703 1191 732 1213 ut
748 1187 857 1221 propria
884 1187 998 1222 largian-

208 1233 542 1267 tur.Circumspiciebant
569 1232 645 1267 prius
669 1232 741 1259 oculi
770 1231 931 1264 mulierem,
949 1239 996 1260 aut

206 1279 324 1308 alienum
340 1279 440 1314 aliquid
455 1280 488 1305 ad
502 1279 752 1313 concupiscendum
766 1298 772 1310 ,
789 1286 861 1306 nunc
876 1280 996 1307 circurn-

204 1326 322 1361 spiciant
338 1333 482 1360 pauperes,
497 1325 611 1357 debiles,
628 1332 728 1359 egenos
746 1325 778 1352 ad
797 1326 994 1354 miserandum.

205 1373 291 1399 Aures
303 1372 510 1399 delectabantur
526 1371 618 1398 attditu
634 1379 714 1403 vano,
734 1372 776 1399 vel
791 1372 924 1399 bonorum
949 1373 997 1400 de-

206 1418 402 1453 rogatiouibns.
415 1425 486 1444 nunc
501 1423 698 1445 convertantur
713 1418 746 1444 ad
761 1417 924 1445 audiendum
935 1426 996 1446 ver-

206 1465 268 1491 bum
286 1463 346 1495 Dei,
360 1463 394 1489 ad
406 1462 625 1496 explanationem
641 1462 720 1497 legis,
736 1468 764 1490 et
782 1464 815 1490 ad
833 1464 993 1499 capiendam

951 107 972 132 υ

1057 107 1110 131 M3
1758 111 1796 139 WJ

1173 167 1244 202 quod
1267 167 1361 203 utiqtte
1388 168 1446 196 ﬁeri
1474 177 1526 196 non
1542 175 1633 205 posset
1647 191 1654 204 .
1668 171 1687 198 si
1701 176 1798 199 autum.

1063 221 1091 240 ra
1107 213 1176 249 (1‘2),
1185 220 1214 241 ut
1228 214 1391 248 quibusdam
1403 216 1517 247 videtur,
1529 223 1797 253 rcpngnaret,autastm

1063 267 1122 285 rtttn
1145 267 1242 287 cursus
1256 261 1415 288 obsisteret.

1096 306 1125 334 5.
1145 316 1154 332 ι
1173 307 1240 335 Cum
1257 309 1330 335 enim
1343 309 1415 336 scrvi
1431 309 1528 336 essetis
1543 310 1655 344 peccati,
1669 310 1735 337 liberi
1747 317 1799 337 eius

1056 351 1178 386 jnstitim.
1188 352 1273 386 Quem
1294 361 1360 389 ergo
1376 355 1493 382 fructum
1511 356 1644 383 habuistis
1659 362 1715 384 tunc
1728 357 1747 384 in
1758 358 1798 387 illis.

1060 399 1085 425 iit
1103 398 1203 433 quibus
1217 407 1288 426 nunc
1301 401 1483 428 erubescitis?
1498 401 1564 428 Nam
1580 401 1640 428 linis
1653 402 1745 430 illorum
1754 411 1799 430 mors

1058 449 1110 471 est.
1124 444 1201 472 Nune
1217 451 1282 472 vero
1301 445 1407 473 liberati
1423 455 1437 473 ιι
1451 452 1575 481 peccato,
1590 448 1660 475 servi
1676 454 1749 475 autem
1760 449 1799 475 lacti

1060 490 1126 523 Deo,
1143 490 1251 518 habetis
1274 491 1392 518 fructum
1415 499 1531 520 vestrum
1551 493 1576 520 in
1592 495 1799 523 sanctilicationcm.

1058 537 1139 564 tinem
1155 544 1220 564 vero
1236 537 1318 564 vitam
1335 543 1466 565 aeternam
1482 539 1503 565 ⁷.
1523 547 1533 564 ›
1548 538 1689 571 Quomodo
1702 540 1747 575 (l3)
1762 542 1800 574 quis

1057 583 1161 618 peccati
1189 591 1284 611 servus
1299 583 1346 616 sit,
1365 583 1533 611 sulIicieuter
1546 585 1602 619 jam
1618 586 1642 612 iu
1660 587 1801 620 superioribus

1057 629 1157 656 dictum
1172 635 1213 657 est
1227 649 1234 660 .
1252 638 1313 656 cum
1327 637 1527 664 exponerenius
1543 631 1617 658 illum
1638 631 1719 658 locum
1731 642 1754 659 τι
1767 632 1800 659 Ne-

1057 675 1135 702 scitis
1150 675 1214 710 quia
1230 675 1273 702 cui
1289 683 1336 702 vos
1350 676 1486 703 exhibetis
1502 685 1596 704 servos
1607 677 1639 704 ad
1650 678 1801 710 obedieudnm,

1056 722 1127 749 servi
1144 722 1211 748 estis
1225 722 1283 756 ejus
1303 722 1348 749 cui
1372 722 1512 757 obedistis,
1530 725 1589 751 sive
1604 726 1714 759 peccati,
1726 726 1802 758 sirejtr

1054 768 1136 795 stitia:
1149 768 1183 795 '?
1202 778 1211 794 ι
1228 768 1294 795 Cum
1311 776 1379 803 ergo
1393 770 1456 804 quis
1473 775 1586 804 peccato
1599 773 1682 798 sort-it
1696 793 1703 804 ,
1721 772 1801 805 justiti:

1054 814 1123 842 liber
1142 819 1194 846 est,
1209 814 1260 842 hoc
1278 820 1329 847 cst,
1343 817 1448 843 alienus
1468 824 1482 842 a
1493 816 1610 851 justitia.
1624 817 1671 844 ilic
1687 818 1746 844 enim
1760 818 1802 844 lite

1054 869 1113 888 rtttn
1131 862 1250 889 alienum
1275 863 1359 894 dicit,
1380 868 1408 889 et
1435 869 1509 890 recte
1524 864 1644 897 quidem.
1669 863 1743 890 Nemo
1755 865 1801 890 enim

1052 913 1142 943 potest
1156 909 1235 936 simul
1249 914 1276 935 et
1289 915 1403 943 peccato
1424 910 1540 941 servire,
1556 915 1582 936 et
1592 909 1713 943 Ιιωίιὶτιι,
1726 911 1802 937 sicnte'.

1052 955 1180 983 Salvator
1191 956 1271 988 dixit,
1286 955 1350 990 quia
1368 965 1377 981 ι
1399 964 1478 982 nemo
1491 962 1582 991 potest
1602 956 1706 983 duobus
1719 957 1802 984 demittis

1052 1003 1157 1030 Servire
1173 1003 1195 1030 ν.
1214 1012 1222 1028 ι
1244 1001 1295 1029 Sed
1309 1002 1342 1029 de
1358 1002 1400 1030 his
1412 1002 1519 1037 plenius
1533 1011 1615 1038 supra
1632 1003 1748 1030 diximus.
1759 1001 1801 1028 Illul

1050 1056 1118 1076 sane
1132 1048 1281 1076 notandum
1300 1053 1352 1079 est,
1369 1055 1431 1075 esse
1447 1053 1474 1075 et
1495 1048 1651 1076 libertatem
1666 1049 1801 1083 culpabilem,

1050 1099 1077 1122 et
1091 1094 1257 1121 laudabilem
1273 1094 1444 1121 servitutem.
1468 1093 1536 1120 Nam
1563 1094 1679 1122 liberum
1692 1095 1803 1129 essejusn-

1051 1141 1106 1172 tite,
1122 1140 1224 1167 crimen
1242 1144 1303 1173 est;
1319 1147 1428 1167 servum
1439 1147 1503 1166 vero
1520 1147 1592 1172 esse.
1610 1141 1802 1173 laudabileouat

1049 1192 1140 1214 autem
1153 1185 1338 1220 dicitjustitizc
1353 1193 1463 1212 servum
1483 1186 1554 1218 ﬁeri,
1570 1186 1651 1213 simul
1667 1186 1771 1221 intelligo
1785 1192 1801 1211 rt

1049 1233 1200 1268 Sapientite,
1219 1237 1246 1260 et
1261 1233 1355 1268 pietati
1368 1253 1375 1264 ,
1392 1237 1418 1259 et
1432 1232 1582 1267 pudicitiae,
1604 1238 1630 1260 et
1644 1233 1759 1261 omnibus
1769 1240 1802 1258 um

1049 1279 1195 1307 virtutibus
1212 1289 1218 1307 :
1230 1279 1459 1306 sicutecontrario
1467 1281 1511 1315 qui
1521 1285 1642 1315 peccata,
1651 1287 1738 1307 servus
1744 1286 1772 1306 est
1781 1279 1802 1303 si-

1048 1325 1103 1352 mul
1121 1330 1148 1353 et
1164 1324 1392 1359 concupiscentiae
1408 1324 1485 1350 malae
1496 1344 1503 1357 ,
1521 1329 1550 1351 et
1567 1325 1626 1356 irze,
1641 1330 1667 1352 et
1683 1325 1803 1355 l‘nroris,et

1047 1371 1237 1407 impudicitiae,
1256 1377 1284 1398 et
1298 1371 1420 1405 rapinae;
1439 1376 1466 1398 et
1481 1371 1610 1398 omnibus
1623 1371 1702 1398 simul
1716 1372 1773 1397 vitiis
1783 1379 1802 1395 ac

1047 1419 1199 1447 sceleribus
1215 1419 1310 1445 servit.
1331 1418 1406 1445 Unde
1420 1417 1603 1452 nosmetipSOs
1621 1425 1728 1452 semper
1741 1418 1803 1444 tllSt‘tt'

1047 1469 1104 1491 tere
1120 1464 1248 1491 debemus
1265 1471 1312 1498 per
1329 1463 1434 1498 singula
1448 1470 1563 1498 qumque
1578 1471 1640 1497 qtae
1656 1464 1776 1497 gerimus.
1787 1467 1803 1487 tl

204 1509 346 1544 sapientia:
369 1508 541 1543 disciplinam
568 1508 617 1543 (8).
640 1507 742 1543 Lingua
761 1517 820 1541 quas
837 1510 970 1538 conviciis
984 1531 992 1544 ,
1006 1518 1028 1547 ο
1046 1511 1071 1538 iu
1096 1517 1258 1545 unoquoque
1271 1515 1331 1536 actu
1347 1510 1522 1537 considerare
1537 1511 1648 1537 cuinam
1667 1512 1800 1537 serviamus.

206 1555 359 1583 maledictis
370 1574 378 1586 ,
401 1559 429 1581 ct
445 1554 618 1589 turpiloquiis
634 1560 740 1582 assueta
757 1560 799 1583 est
813 1555 863 1592 (9),
880 1564 994 1585 conver-

205 1605 278 1628 tatur
304 1607 376 1626 nunc
401 1599 433 1626 ad
459 1599 674 1626 benedicendum
701 1599 845 1627 Dominum
875 1602 901 1628 in
919 1603 992 1630 omni

204 1646 342 1682 tempore'
353 1654 360 1672 :
371 1653 526 1672 sermonem
539 1653 638 1673 sanum
650 1646 781 1681 proferat,
795 1652 823 1674 et
837 1648 990 1682 honestum,

202 1698 232 1719 ut
247 1693 291 1719 det
305 1691 419 1727 gratiam
437 1692 611 1719 audientibus
623 1712 631 1723 .
655 1697 683 1720 et
704 1693 846 1722 veritatem
864 1694 992 1730 loquatur

201 1746 263 1765 ctttn
286 1738 410 1772 proximo
435 1745 484 1765 suo
499 1737 520 1764 ⁸.
542 1736 596 1764 Sed
612 1737 678 1772 qttid
694 1746 763 1772 opus
785 1744 826 1767 est
850 1740 907 1768 haec
934 1742 990 1769 sitt-

200 1785 261 1819 gula
280 1784 418 1819 persequi,
428 1792 489 1810 cum
504 1788 593 1818 pateat
603 1784 683 1811 etiam
700 1785 762 1817 tibi,
774 1786 989 1823 uniuscujusque

201 1829 314 1857 tuembri
331 1829 515 1857 ministerium
531 1849 539 1861 ,
554 1830 625 1863 quod
642 1831 767 1858 exhibuit
783 1832 857 1859 vitiis
870 1852 877 1864 ,
895 1838 990 1868 aptare

199 1876 355 1908 virtutibus,
368 1880 396 1903 et
410 1881 502 1904 actum
516 1883 597 1911 quem
610 1877 735 1904 exhibuit
747 1877 938 1911 immunditiae,
955 1879 988 1906 ad

198 1923 354 1950 castitatem
381 1929 454 1950 nunc
480 1922 784 1958 sanctilicationemque
801 1927 988 1953 convertere?

199 1967 314 1995 Videtur
329 1975 396 1996 Sane
411 1968 456 1996 hic
466 1967 603 2002 justitiam
619 1977 669 2004 pro
684 1970 813 1997 omnibus
830 1971 912 1998 simul
929 1972 986 1999 vir-

199 2013 301 2041 tutibus
318 2014 484 2047 nominasse,
497 2014 568 2042 sicut
580 2016 735 2043 econtrario
748 2016 920 2051 iniquitatem
936 2026 986 2053 pro

196 2059 322 2086 omnibus
339 2059 422 2086 simul
441 2059 516 2087 vitiis
542 2060 678 2094 posuisse.
697 2061 807 2090 Addidit
824 2062 881 2099 (10)
898 2071 983 2098 sane,

197 2113 208 2131 ι
224 2104 336 2139 justitite
354 2105 380 2132 in
394 2105 652 2139 sanctiﬁcationem,
669 2115 678 2132 ι
694 2114 748 2141 qtto
761 2108 886 2136 videlicet
896 2111 982 2137 casti-

195 2151 259 2177 tatis
274 2154 376 2185 partem
388 2155 416 2177 et
430 2151 593 2184 generaliter
607 2158 670 2178 cum
685 2153 809 2186 caneris,
825 2159 853 2181 et
867 2162 915 2189 per
938 2163 983 2182 se-

194 2196 337 2231 metipsum
366 2197 521 2231 specialiter
545 2199 759 2226 commendaret.
787 2199 840 2226 Sed
865 2205 892 2227 et
916 2201 981 2229 illud
1001 2193 1022 2220 D

193 2242 297 2276 aspice,
317 2244 389 2278 quod
417 2243 518 2279 ubique
534 2251 583 2278 per
606 2244 664 2271 haec
688 2245 795 2272 arbitrii
822 2245 979 2274 libertatem

192 2287 335 2322 designat,
351 2288 433 2326 574
453 2294 482 2317 et
498 2291 618 2318 ostendit
635 2296 861 2327 unumquemque
878 2293 980 2321 habere

194 2334 221 2360 in
238 2341 286 2361 sua
303 2339 448 2369 potestate,
474 2341 503 2362 ιιι
519 2344 579 2371 qua:
594 2342 658 2364 ante
674 2337 812 2372 iniquitati
828 2338 861 2365 ad
878 2339 979 2374 iniqui-

193 2383 274 2407 tatem
293 2381 404 2408 servitia
421 2381 594 2416 dependebat
609 2382 666 2418 (11)
681 2403 688 2415 ,
707 2383 765 2411 haec
777 2403 785 2416 ,
799 2391 932 2412 converso
951 2387 978 2414 iu

193 2426 289 2454 melius
303 2429 451 2462 proposito,
464 2429 579 2464 justitite
594 2430 861 2466 sanctiﬁcationique
876 2432 980 2467 depen-

236 2485 340 2523 fRom.
352 2495 390 2519 νι,
407 2487 452 2515 19.
500 2488 510 2504 ⁵
528 2489 702 2523 Psal.xnttt,
715 2491 744 2517 2.

189 2516 201 2533 '
219 2521 314 2549 Matth.
327 2529 364 2554 Vl,
379 2516 425 2550 Et.
470 2523 491 2539 ¹⁰
509 2523 587 2551 ltom.
602 2532 639 2558 vi,
653 2516 698 2552 2t:

238 2566 264 2636 5)
277 2566 362 2599 Alias,
382 2577 391 2593 I
411 2567 581 2602 iniustitiam.
604 2579 613 2595 ›

238 2603 252 2627 ὓ
280 2601 372 2633 ΕιΙίιί,
397 2611 406 2628 ι
433 2603 504 2629 nulla
529 2605 613 2631 ration

238 2570 255 2593 5
277 2570 362 2599 Alias,
382 2577 391 2593 I
411 2570 581 2602 injustitiam.
604 2579 613 2595 ›

225 2570 349 2642 lbjﬁditi
364 2623 372 2633 ,
397 2611 406 2628 ι
433 2603 635 2642 nullanratione
660 2613 774 2639 prorsus
795 2606 881 2640 possit
900 2607 977 2634 inlir-

189 2637 294 2664 mitatis
318 2638 456 2664 excusari.
479 2647 489 2664 ι
515 2639 568 2665 Sed
586 2637 681 2668 omnes
699 2648 764 2668 mss.
785 2637 814 2668 tit
832 2642 857 2669 iu
881 2648 975 2669 nostro

189 2676 276 2698 ιυκιιι.

226 2706 264 2740 (7)
278 2706 364 2739 Alias,
384 2716 393 2732 ι
414 2714 486 2735 nunc
504 2713 594 2736 autem
608 2714 785 2737 concurrant.
809 2720 818 2736 ι

279 2741 363 2778 ξιϋιί,
381 2751 390 2768 ι
408 2744 573 2777 sapientiam
587 2749 614 2770 et
629 2744 809 2778 disciplinam.
830 2754 839 2770 ι

223 2775 262 2810 (9)
275 2775 482 2810 Genebrardus,
497 2787 506 2804 ι
527 2783 585 2808 erat
596 2775 716 2807 assueta.
733 2788 742 2804 ι

222 2811 277 2844 (to)
294 2811 376 2845 Eiliti,
393 2821 402 2838 ι
421 2813 502 2841 Addit
519 2821 635 2849 quoque,
653 2823 662 2839 ι
679 2822 730 2842 ms.
746 2821 826 2847 unus,
839 2824 848 2840 ι
867 2815 972 2843 addidit

189 2852 303 2881 quoque.
324 2855 334 2873 ι

795 2490 937 2527 fAZaehar.
952 2501 977 2526 t,
999 2493 1029 2521 16
1047 2501 1054 2526 ;
1073 2493 1173 2527 Ephcs.
1191 2498 1228 2524 iv,
1243 2491 1288 2517 25.

750 2526 771 2542 “
794 2525 890 2554 Matth.
906 2535 942 2555 xu
957 2525 973 2561 ,7
989 2529 1036 2556 53.

1045 1562 1192 1592 peccatone
1203 1557 1236 1584 ad
1252 1557 1433 1591 iniquitatem,
1449 1565 1482 1583 an
1509 1557 1622 1590 justitim
1641 1558 1668 1584 itt
1683 1558 1801 1584 sanctim-

1045 1604 1157 1631 tiouem.
1185 1613 1194 1630 ι
1221 1604 1307 1637 Quem
1323 1611 1388 1638 ergo
1401 1623 1408 1635 .
1426 1603 1536 1638 inquit,
1564 1604 1684 1631 fructum
1702 1605 1800 1631 habuistis

1045 1655 1109 1677 tunc
1123 1651 1148 1677 itt
1165 1650 1230 1683 illis,
1245 1650 1271 1676 in
1289 1650 1388 1684 quibus
1407 1657 1478 1676 nunc
1494 1649 1681 1677 erubescitis?
1695 1651 1752 1677 Nam
1763 1650 1802 1675 ﬁnis

1043 1696 1152 1724 illorum
1169 1704 1243 1724 tnors
1259 1702 1301 1724 est
1316 1697 1348 1723 ¹⁰.
1368 1706 1377 1722 ι
1394 1696 1523 1724 Fructum
1538 1703 1566 1724 et
1588 1699 1752 1725 b0norumet
1765 1704 1803 1723 uu-

1043 1741 1132 1768 lortnn
1148 1749 1208 1769 esse
1216 1743 1295 1769 docet
1310 1742 1454 1777 Scriptura
1469 1742 1574 1775 divina,
1589 1748 1618 1770 ιιι
1635 1743 1693 1778 ipse
1708 1743 1805 1771 Salutat

1043 1789 1068 1816 iu
1088 1788 1241 1823 Evangeliis
1256 1787 1321 1815 dicit
1338 1797 1344 1815 :
1363 1798 1373 1814 ι
1396 1789 1450 1815 Aut
1471 1789 1554 1816 facite
1577 1789 1707 1816 arboreta
1723 1791 1803 1817 bonam.

1041 1839 1068 1862 et
1084 1834 1200 1860 fructum
1213 1833 1271 1867 ejus
1285 1833 1384 1860 bonum
1396 1842 1404 1866 ;
1418 1839 1466 1860 attt
1480 1833 1562 1861 facite
1576 1833 1704 1861 arborem
1720 1835 1804 1861 malam.

1040 1884 1067 1906 et
1085 1880 1202 1906 fructum
1227 1879 1285 1912 ejus
1302 1879 1402 1906 malutn
1421 1879 1452 1907 “.
1472 1879 1532 1906 Non
1549 1885 1640 1914 potest
1666 1881 1744 1908 arbor
1756 1880 1804 1906 bos:

1039 1925 1146 1953 fruetus
1164 1925 1250 1952 malos
1260 1924 1362 1958 facere,
1380 1933 1468 1960 neque
1485 1925 1569 1952 arbor
1585 1926 1658 1953 mala
1673 1926 1766 1953 frui-tus
1776 1927 1804 1951 bu

1040 1979 1090 1998 nos
1110 1972 1202 1998 facere
1219 1971 1251 1997 η.
1269 1980 1278 1996 ι
1304 1971 1333 1998 lit
1350 1971 1449 2006 quibus
1467 1973 1638 2006 propositum
1664 1978 1691 2001 et
1707 1974 1804 1999 voluntas

1039 2017 1159 2044 hominis
1171 2036 1179 2049 ,
1197 2018 1279 2043 arbor
1302 2017 1355 2044 dici
1373 2017 1480 2044 videtur
1496 2018 1538 2044 vel
1563 2020 1634 2046 bona
1647 2040 1656 2053 ,
1672 2019 1713 2046 vel
1736 2020 1804 2047 "till.

1040 2063 1147 2091 fructus
1160 2071 1226 2091 vero
1244 2063 1303 2098 ejus
1318 2070 1413 2098 opera.
1435 2063 1465 2090 Si
1485 2065 1548 2099 quis
1567 2071 1709 2093 convertat
1723 2067 1803 2092 animo:

1039 2115 1066 2137 et
1088 2111 1255 2144 propositqu
1275 2110 1307 2137 ad
1321 2110 1455 2144 justitiam
1468 2131 1477 2144 ,
1495 2111 1635 2139 erubescit
1650 2112 1708 2139 sine
1723 2112 1809 2142 dubio”

1039 2162 1067 2183 et
1083 2157 1140 2192 ipse
1155 2164 1184 2184 se
1209 2161 1284 2184 notat
1305 2157 1362 2192 (lt)
1379 2158 1412 2184 de
1437 2158 1574 2192 prioribus
1589 2159 1677 2194 gestis
1691 2166 1746 2193 qua:
1765 2163 1803 2191 egit

1036 2203 1142 2237 positus
1159 2203 1209 2229 sub
1223 2208 1348 2236 peccato,
1365 2203 1447 2237 quiat
1465 2203 1527 2231 ﬁnis
1542 2204 1650 2231 illorum
1667 2212 1737 2232 mors
1747 2208 1801 2230 est.»

1041 2247 1093 2275 Sed
1116 2249 1226 2283 requiro
1240 2256 1299 2283 quae
1316 2256 1390 2276 mors
1404 2249 1415 2276 ?
1430 2249 1542 2276 Certum
1556 2251 1679 2285 estquia
1694 2250 1746 2285 (l3)
1765 2257 1802 2275 neu

1035 2295 1086 2322 ista
1105 2295 1269 2321 communis.
1290 2294 1348 2322 Non
1364 2294 1437 2322 enim
1461 2296 1524 2330 quis
1541 2300 1603 2330 post
1626 2303 1738 2324 mortem
1753 2303 1802 2322 cou-

1034 2341 1151 2369 vertitur
1170 2342 1203 2368 ad
1216 2340 1363 2375 justitiam,
1380 2341 1423 2368 vel
1438 2349 1487 2376 pro
1511 2342 1584 2369 male
1601 2344 1686 2378 gestis
1710 2348 1800 2377 puem-

1034 2388 1080 2415 itis
1090 2387 1235 2414 erubescit.
1251 2387 1319 2420 Quid
1340 2394 1406 2422 ergo
1419 2387 1483 2414 est?
1499 2387 1693 2423 Nunquidnatn
1719 2387 1801 2423 peculi

1034 2438 1150 2460 mortem
1165 2432 1255 2459 dicere
1264 2432 1382 2463 videtur,
1399 2432 1528 2466 quoniam
1548 2442 1558 2458 t
1579 2435 1672 2460 anima
1683 2441 1739 2469 quae
1753 2440 1802 2467 px-

1340 2491 1350 2506 '
1368 2490 1447 2517 Rom.
1466 2497 1504 2524 vt,
1525 2491 1572 2524 20,
1587 2491 1634 2518 2'2.
1672 2491 1684 2507 ⁸
1697 2491 1755 2518 ibid.
1768 2489 1800 2516 tG.

1086 2525 1107 2544 ⁸⁵
1135 2527 1228 2554 Matth.
1248 2533 1284 2552 vn
1298 2545 1306 2558 ,
1325 2525 1368 2552 18.

1067 2573 1122 2608 (11)
1148 2573 1216 2599 Editi
1231 2593 1239 2604 ,
1257 2582 1265 2597 I
1287 2571 1495 2605 dependebant,
1515 2581 1525 2598 ι
1539 2577 1568 2599 et
1594 2571 1676 2604 intra,
1694 2582 1703 2598 ι
1720 2572 1799 2606 depta-

1030 2608 1182 2678 daﬂé),Sic
1197 2648 1261 2668 mss.
1280 2646 1308 2668 et
1324 2641 1463 2668 Ralianus.
1479 2641 1552 2669 Editi
1569 2649 1647 2675 vero,
1663 2652 1672 2668 ι
1689 2643 1710 2670 si
1726 2647 1798 2668 neces-

1027 2678 1094 2705 sitas
1110 2682 1222 2704 natum.
1244 2685 1253 2702 ι

1077 2712 1120 2746 15)
1136 2712 1222 2743 Alias,
1243 2720 1252 2737 ι
1271 2711 1423 2744 Quoniam;
1447 2720 1457 2737 ι
1473 2711 1524 2743 aL,
1543 2721 1552 2737 ι
1571 2712 1662 2745 Quod.
1680 2722 1689 2738 ι

1079 2748 1120 2783 14)
1134 2747 1209 2773 Alias
1221 2766 1228 2778 ,
1249 2756 1258 2772 ι
1282 2751 1310 2773 et
1323 2746 1380 2781 ipse
1393 2753 1423 2774 se
1438 2752 1574 2779 renovat,
1597 2757 1608 2774 ι
1624 2749 1674 2782 aL,
1691 2756 1701 2773 ι
1716 2751 1741 2776 et
1754 2746 1793 2780 iw
1808 2786 1809 2791 η

1028 2788 1119 2852 Miiit')
1132 2792 1214 2850 bum.
1228 2817 1308 2844 Deest
1322 2817 1347 2844 in
1364 2816 1441 2844 libris
1454 2821 1539 2844 antea
1555 2817 1661 2853 editis,
