1827 3053
16 155 37 174 νῦ

16 223 21 236 ,
37 203 97 239 ipsa
113 202 244 230 morietur
259 203 281 219 ¹³
296 203 307 230 ἳ
326 212 334 229 ι
353 202 391 230 An
409 203 474 230 illud
499 205 584 238 magis
600 209 689 239 potest
709 204 752 229 in-
771 205 790 233 Α

17 250 52 285 igi
66 250 142 284 quod
157 250 236 276 istam
257 254 369 276 tttortem
383 250 452 276 dicat
467 251 522 286 (l6)
539 258 590 284 qua
606 259 665 276 cum
677 250 757 276 Chri-

23 299 139 331 peccato
152 295 294 326 morimur,
311 300 339 322 et
361 296 433 323 vitiis
451 304 481 323 ac
503 295 650 323 sceleribus
674 295 755 321 liuent

16 349 74 372 nus,
92 345 122 366 ttt
136 345 247 375 propter
257 341 309 367 hoc
325 341 428 368 dixisse
454 342 586 373 videatur,
597 341 657 376 qttia
673 350 682 366 ι
697 341 757 368 linis

17 394 75 413 rum
94 394 170 413 mors
194 387 260 413 est?
285 386 363 413 Nunc
379 394 443 413 Vero
468 387 573 413 liberali
591 393 606 412 a
623 391 734 420 peccato
748 407 755 419 ,

16 433 36 458 vi
56 436 150 459 autem
170 432 233 458 facti
251 431 317 464 Deo,
334 432 441 459 habetis
460 432 577 459 frttctttm
593 437 714 459 vestrum
730 432 756 457 itt

18 478 235 509 ctiﬁcationem,
264 477 346 504 ﬁnetn
372 485 437 504 vero
465 477 547 504 vitam
573 482 712 504 :eternam.
745 486 755 502 ι

16 527 86 550 tctus
112 522 247 549 fructibus
272 527 412 556 coutparat
438 532 444 549 :
469 527 498 549 et
520 523 624 556 peccati
647 523 756 557 quidem

16 573 74 596 ctus
103 576 154 603 pro
173 568 272 602 quibus
286 576 368 600 nttnc,
384 569 434 596 hoc
449 573 500 600 est,
514 573 606 602 postea
624 576 704 603 quam
725 568 758 594 li-

18 614 53 640 ati
75 622 89 640 a
113 618 225 648 peccato
237 632 245 646 ,
259 618 286 640 et
307 613 378 640 servi
394 613 458 640 facti
475 614 541 646 Deo,
558 614 644 640 sancti
661 614 758 640 erube-

18 664 55 691 nt,
66 659 226 694 pronuntiat
238 663 327 686 morte
345 659 420 686 finiri
437 667 444 686 :
460 659 563 686 fructus
574 667 637 686 vero
648 659 759 693 iustitiae

36 711 100 733 sunt
126 707 152 731 in
167 705 414 732 sanctiﬁcationem
430 725 437 736 ,
453 705 534 731 linem
556 705 622 732 dicit
635 705 759 738 accipere

16 758 50 776 tm
66 755 211 777 aeternam.
236 750 264 776 ln
282 757 336 785 quo
354 750 419 777 illttd
445 751 532 785 primo
547 757 601 777 non
619 754 660 776 est
676 750 758 776 omit-

16 797 88 829 dum,
110 797 185 831 quod
201 796 309 823 fructus
321 796 432 831 quidem
449 803 497 824 eos
510 803 558 831 pro
572 796 670 831 quibus
687 803 759 823 nunc

20 843 159 870 bescimus
170 842 238 877 (i7),
252 842 279 869 in
292 849 346 876 quo
364 842 419 869 sittt
434 842 520 869 noluit
536 843 676 870 nominare
691 849 699 869 :
713 849 759 868 eo-

16 894 27 913 [ι
43 895 107 914 vero
131 887 252 914 fructum
270 890 314 922 qui
342 887 450 914 liberati
470 892 533 914 sunt
557 895 571 914 a
586 892 709 922 peccato,
727 892 755 914 et
772 880 791 906 Β

16 933 39 959 vi
53 933 118 960 facti
135 939 200 960 sunt
215 934 279 966 Deo,
297 933 363 960 dicit
377 940 437 961 esse
451 933 477 961 in
499 933 754 962 sanetilicationettt.

18 986 103 1006 torum
119 979 196 1006 enitn
212 979 381 1013 frequentius
394 987 474 1013 qttam
487 979 617 1006 malorum
633 979 755 1006 habenda

16 1025 98 1052 moria
115 1029 168 1052 est.
184 1025 260 1057 Quod
279 1029 370 1052 autent
390 1024 465 1059 prius
483 1024 517 1052 de
533 1025 611 1052 malis
624 1024 755 1052 fructibus

16 1069 64 1096 line
80 1077 190 1101 eorum,
205 1074 298 1103 postea
313 1077 378 1096 vero
392 1070 424 1096 de
441 1069 576 1096 fructibus
590 1069 635 1104 qui
655 1070 680 1096 in
693 1077 757 1096 san-

16 1114 162 1142 icationem
178 1118 240 1142 sunt
253 1114 323 1150 (18),
336 1119 364 1141 et
379 1114 412 1142 de
432 1115 485 1141 line
505 1122 597 1142 eorum
609 1135 617 1147 ,
632 1122 692 1150 qua:
715 1120 757 1143 est

16 1167 25 1186 ι
43 1165 156 1193 aeterna,
181 1161 353 1193 memoravit,
370 1161 431 1188 vide
453 1161 517 1195 quia
539 1161 626 1188 simile
641 1166 682 1188 est
705 1162 756 1189 hoc

16 1210 44 1232 to
56 1206 217 1240 prophetico
232 1206 269 1232 illi
291 1213 344 1240 quo
358 1207 415 1241 ipse
431 1208 469 1234 ait
485 1217 492 1234 :
509 1217 519 1233 c
538 1208 594 1242 Ego
610 1207 732 1234 occidam
747 1227 755 1240 ,

16 1258 61 1285 ego
85 1252 180 1279 vivere
204 1252 302 1279 faciant
320 1252 361 1286 “;
391 1262 400 1279 ι
417 1258 444 1280 et
463 1253 560 1280 iterum
586 1262 594 1280 :
621 1263 630 1279 ι
657 1254 756 1281 Perott-

16 1305 37 1323 m
51 1317 58 1329 ,
74 1303 101 1324 et
123 1305 174 1331 ego
197 1298 317 1329 sanabo;
337 1307 347 1324 ι
371 1302 398 1324 et
414 1305 519 1324 rursum
537 1299 561 1325 itt
581 1298 652 1325 Job:
669 1307 679 1324 ι
698 1299 756 1332 Ipse

18 1348 61 1368 ere
73 1341 146 1375 iacit,
164 1346 193 1368 et
215 1343 362 1369 remedium
376 1344 421 1369 dat
436 1352 443 1370 :
460 1344 587 1377 percutit,
607 1348 634 1371 et
656 1352 754 1372 manus

17 1394 28 1413 s
40 1393 118 1414 sanat
129 1388 163 1415 ¹³.
180 1397 190 1413 )
202 1388 266 1421 Quae
278 1388 368 1415 omnia
379 1389 441 1415 illuc
454 1389 598 1423 aspiciunt,
611 1390 680 1424 quod
692 1395 756 1417 ante

16 1432 136 1459 iriendum
157 1438 202 1460 est
215 1441 276 1460 cum
292 1434 412 1467 Christo,
428 1438 456 1460 et
471 1435 507 1461 ita
529 1436 724 1463 convivendum
746 1445 754 1464 :

16 1482 71 1504 ante
83 1479 318 1513 compatiendum,
340 1484 367 1506 et
388 1479 425 1506 ita
447 1481 680 1515 conregnandum.
696 1481 754 1508 Nisi

16 1524 43 1550 ιιι
64 1524 140 1558 prius
169 1532 220 1559 per
241 1525 431 1559 pmnitetttiam
457 1531 571 1560 peccato
595 1527 753 1560 moriamur,
768 1545 790 1575 ο

19 1579 24 1595 ι
42 1577 184 1604 possumus
200 1578 249 1604 per
259 1571 392 1605 justitiam
411 1571 501 1598 vivere
518 1571 583 1598 Deo.
595 1572 647 1599 Sed
661 1577 688 1598 ct
703 1573 754 1600 hoc

18 1615 40 1641 td
54 1615 108 1651 (l9)
119 1616 245 1651 superius
262 1616 379 1643 dixit”:
401 1627 409 1641 I
421 1616 541 1643 Liberali
556 1621 645 1643 autent
662 1625 676 1644 a
692 1625 754 1651 pec-

19 1669 40 1691 o,
56 1662 123 1688 servi
140 1661 205 1689 facti
226 1661 292 1688 estis
312 1661 425 1696 juSIitite
441 1670 448 1688 :
469 1671 477 1686 ι
496 1669 568 1688 nunc
586 1667 676 1689 autem
692 1670 753 1689 euut

20 1705 93 1732 iiliter
115 1706 238 1733 dixerit:
258 1715 267 1732 ι
285 1705 406 1733 Liberati
424 1710 513 1733 autent
527 1714 542 1732 a
559 1712 671 1741 peccato
687 1707 719 1739 ".
741 1716 751 1733 ι

21 1759 24 1776 ι
46 1752 171 1778 siutiliter
197 1751 283 1781 dixit,
302 1761 311 1776 ι
331 1752 403 1778 :ervi
422 1751 485 1778 facti
503 1753 570 1779 estis
586 1752 701 1787 justitia:
714 1772 721 1784 ,
741 1761 751 1778 ι

24 1816 30 1827 ,
46 1805 56 1821 ι
74 1797 143 1824 servi
159 1796 223 1824 facti
246 1798 311 1824 estis
327 1797 381 1824 Deo
402 1804 410 1824 :
438 1807 447 1822 ι
467 1805 521 1824 ιιοιι
535 1804 577 1824 est
591 1799 678 1825 otiosa
696 1799 753 1825 dis-

22 1843 72 1868 :tio.
96 1841 148 1869 Per
174 1842 225 1868 hoc
248 1841 320 1868 eniut
345 1842 515 1874 ostenditur,
544 1843 616 1876 quod
645 1848 751 1876 postea-

27 1894 49 1913 ut
66 1887 124 1921 quis
139 1887 271 1914 liberatus
286 1894 300 1913 a
315 1891 427 1921 peccato
443 1887 534 1920 fuerit,
551 1888 656 1915 servire
673 1888 754 1916 debet

24 1932 175 1965 nojustitize
190 1937 218 1959 et
232 1933 358 1959 omnibus
378 1932 524 1959 virtutibus
539 1932 630 1965 situul,
649 1938 676 1960 ut
691 1933 753 1960 inde

38 1977 186 2011 profectum
203 1976 333 2004 ascendat
345 1978 379 2004 ad
396 1978 460 2009 hoc,
477 1982 505 2004 ut
519 1985 614 2005 servus
630 1978 752 2011 ﬁatDeo,

27 2023 89 2050 utris
103 2027 130 2050 et
143 2023 250 2050 servire
272 2022 395 2057 iustitiae,
415 2024 518 2050 servire
529 2024 565 2050 sit
582 2023 648 2050 Deo.
674 2024 753 2051 Chri-

27 2074 31 2092 ι
49 2072 87 2094 est
102 2068 176 2095 enim
199 2067 304 2102 iustitia
317 2086 326 2099 ,
341 2072 368 2094 et
383 2068 487 2094 servire
500 2067 610 2095 Christo
623 2087 631 2100 ,
649 2068 753 2095 servire

48 2119 97 2141 est.
123 2115 171 2142 Est
201 2119 291 2142 tamen
317 2115 385 2141 ordo
413 2115 604 2149 profectuum,
631 2121 659 2143 et
689 2121 753 2143 sunt

28 2159 48 2194 5
67 2161 92 2187 in
112 2160 258 2188 virtutibus
277 2161 377 2195 gradus
390 2160 464 2196 (20):
480 2165 508 2188 et
524 2161 628 2189 idcirco
647 2162 751 2189 dicitur

29 2206 89 2234 istus
101 2215 223 2242 regnare,
239 2209 362 2242 profecto
379 2209 529 2235 secundum
542 2207 593 2235 hoc
608 2209 679 2243 quod
703 2209 750 2243 ju-
767 2216 790 2243 υ

30 2255 185 2286 aest,donec
205 2254 231 2281 iu
248 2261 413 2289 unoquoque
425 2254 595 2289 contpleatur
611 2254 750 2289 plenitudo

31 2301 112 2332 Itum,
139 2300 184 2326 ubi
209 2307 274 2326 vero
307 2307 432 2326 mensura
460 2299 543 2327 fuerit
572 2299 749 2334 perfectionis

32 2346 87 2379 leta,
102 2352 167 2376 tunc
185 2347 288 2375 dicitur
305 2347 413 2374 tradere
427 2355 436 2372 ‹
457 2353 568 2380 regnum
590 2345 645 2372 Deo
657 2349 685 2371 et
696 2344 749 2371 Pa-

35 2399 44 2416 ι
64 2393 156 2428 utjam
171 2394 205 2420 sit
226 2402 235 2418 ι
255 2393 324 2420 Deus
338 2393 429 2419 omnia
444 2392 470 2418 in
486 2391 612 2418 omnibus
626 2390 658 2417 ¹⁵.
672 2400 681 2416 ι
696 2390 748 2418 Sed

34 2435 78 2463 llud
91 2438 178 2465 adhuc
201 2437 404 2465 observandum
424 2440 487 2470 puto
504 2435 644 2471 (quoniam
665 2435 749 2462 colla~

39 2483 132 2512 Ezecb.
149 2493 226 2518 xvnt,
238 2485 265 2512 4.
301 2485 324 2501 ¹⁸
336 2485 412 2512 Deut.
427 2491 514 2515 xxxtt,
526 2483 569 2510 59.
610 2483 630 2498 "
643 2482 693 2510 Job
705 2483 784 2513 v.18.

35 2526 141 2554 :rem.tt,
156 2521 200 2547 2|.
238 2521 261 2536 "’
271 2519 367 2547 Matth.
382 2526 440 2550 xui,
454 2518 498 2545 27.
537 2519 559 2534 “
576 2518 642 2545 Luc.
656 2525 709 2549 xvi.
728 2519 769 2545 1'2.

36 2565 56 2605 Β)
68 2567 146 2600 Editi,
163 2577 173 2594 ι
187 2568 264 2596 dicit.
282 2578 295 2605 ιΔ
308 2567 340 2594 Et
351 2566 432 2605 paulo
440 2570 521 2605 post,
540 2573 549 2589 ‹
561 2565 740 2605 utpostltzect

51 2609 125 2635 unus,
146 2612 154 2628 ι
171 2608 198 2630 ιιι
218 2608 278 2638 post
291 2603 351 2630 hoc.
368 2611 378 2628 ι
397 2601 536 2633 Habauus,
560 2610 569 2627 ι
589 2602 746 2635 utAposto-

37 2643 90 2672 Ec?
108 2638 118 2672 )
133 2639 234 2666 dixisse
250 2639 384 2669 videatur,
403 2646 412 2662 ι
429 2641 482 2663 etc.

75 2670 152 2704 Editi.
169 2681 319 2707 perperam,
338 2681 348 2697 ι
366 2680 418 2699 non
435 2670 631 2698 erubescimus.
650 2679 658 2695 ι

39 2705 61 2740 β)
74 2707 153 2740 Alias,
169 2705 183 2733 ⁷(
202 2705 226 2734 in
245 2707 457 2735 sanctificatione
473 2710 545 2731 sunt.
562 2714 571 2730 ι

39 2739 60 2777 ρ)
74 2739 151 2773 E-Iiti,
169 2751 177 2767 ι
197 2743 258 2777 quia
275 2743 398 2777 superius
410 2741 519 2768 dixerit.
537 2750 546 2766 ι

54 2776 62 2809 )
77 2776 158 2808 Alias,
170 2786 179 2802 ι
192 2775 219 2804 et
233 2783 294 2804 sunt
309 2775 472 2810 profectibus
483 2777 600 2810 gradus;
614 2785 623 2801 ι
635 2775 682 2808 aL,
694 2783 703 2799 ι
716 2780 743 2802 ct

52 2811 212 2844 profectibus
232 2817 259 2839 et
280 2812 424 2838 virtutibus
442 2811 551 2845 gradus.
570 2819 579 2836 t

41 2844 62 2880 l)
74 2845 151 2880 Editi,
169 2856 178 2872 (
199 2847 265 2874 Nam
283 2847 320 2873 illi
336 2846 417 2873 alieni
434 2844 496 2873 sunt
509 2845 535 2872 in
551 2845 627 2873 ttobis
637 2852 689 2872 non
701 2852 743 2872 se-

86 2894 217 2925 ΡΑτιιοι..
241 2895 300 2925 GR.
325 2894 409 2924 XlV.

442 144 618 173 COMMENT.
640 145 672 172 IN
692 143 801 172 EPIST.

821 144 865 170 AD
886 143 967 172 R03“.
990 143 1054 171 LIB.
1076 143 1118 171 \‘l.
1527 145 1596 171 ιιίέθ

807 203 906 230 tionem
933 203 1054 229 diximus
1080 202 1215 228 fructuum
1241 202 1384 236 malorum,
1411 208 1438 231 et
1455 203 1592 230 fructuum

809 249 939 275 bonorum
967 249 1063 276 fecisse
1079 249 1249 285 Apostolunt)
1265 250 1335 284 qttod
1364 250 1398 276 ibi
1420 250 1528 283 quidem
1547 251 1591 276 ubi

808 295 840 322 de
859 295 936 322 malis
964 295 1097 322 fructibus
1123 295 1241 327 diccbat,
1269 303 1321 322 non
1345 295 1437 322 dixit:
1464 295 1591 322 Fructum

808 346 929 368 vestrum
954 341 1087 368 ltabuistis
1105 350 1114 366 ι
1132 341 1157 367 itt
1176 341 1272 375 quibus
1290 349 1361 368 ttnnc
1384 341 1506 367 crubcsoi
1521 342 1563 368 is:
1581 351 1590 365 ι

807 387 853 412 sed
869 386 959 413 dixit:
982 395 991 411 ι
1006 386 1091 419 Quem
1116 394 1180 421 ergo
1209 387 1325 413 frucluut
1343 387 1496 414 habuistis?
1513 397 1522 414 ι
1549 388 1593 414 ubi

809 439 872 458 vero
889 432 922 459 de
948 432 1027 459 bonis
1051 433 1182 459 fructibus
1207 433 1283 463 dicit.
1303 433 1379 459 addit
1406 443 1414 458 ι
1433 438 1565 461 vestrum.
1583 443 1591 459 I

809 478 854 504 Sic
876 477 948 504 cnim
976 478 1092 505 scribit:
1122 488 1131 503 ι
1152 477 1263 505 Habetis
1291 478 1407 505 fructum
1430 485 1549 506 vestrum
1566 480 1592 506 in

808 523 1050 550 sanetiiicationem
1067 532 1074 550 :
1093 533 1102 549 ι
1125 531 1172 558 per
1190 523 1260 556 quod
1279 524 1399 551 indicare
1425 524 1490 551 mihi
1518 524 1594 551 vide-

809 568 937 602 turquod
961 568 1066 596 fructus
1090 570 1187 602 Iunius,
1209 570 1314 597 fractus
1340 571 1542 597 crubescendus
1567 576 1594 597 et

808 613 991 646 paenitendus,
1011 620 1064 640 non
1082 618 1123 640 cst
1137 620 1228 641 noster
1244 615 1358 641 fructus.
1379 613 1435 641 Non
1453 615 1525 641 enint
1539 623 1594 641 uta-

809 659 860 685 lam
879 659 905 686 in
921 659 998 686 nobis
1013 660 1139 686 arborem
1170 661 1239 686 Deus
1267 659 1399 694 plantavit
1416 668 1475 693 qua:
1491 660 1594 687 fructus

809 703 893 731 malos
905 704 1047 738 proferret,
1066 705 1138 732 sicut
1153 710 1180 732 et
1197 706 1254 740 ipse
1266 705 1330 732 dicit
1346 713 1394 740 per
1409 705 1566 740 prophetam
1585 714 1592 731 ἶ

811 757 820 773 ι
837 749 892 783 Ego
906 754 930 775 te
947 749 1066 783 plantavi
1081 751 1161 777 vitem
1176 750 1342 777 fructiferant
1359 756 1442 777 totant
1459 758 1595 784 veracem,

808 794 943 826 quomodo
952 801 1080 821 conversa
1093 802 1122 821 es
1133 795 1157 820 in
1170 795 1348 821 amaritudine
1357 795 1419 822 vitis
1431 796 1524 822 aliena:
1535 795 1572 822 "‘1
1583 806 1592 821 ι

810 837 927 865 Fructus
945 845 1010 873 ergo
1029 838 1114 866 malos
1134 840 1215 866 etiam
1241 840 1263 867 si
1281 839 1437 873 aiferamns,
1455 848 1507 867 non
1532 846 1596 867 sunt

807 884 911 916 nostri,
927 885 973 911 sed
989 884 1082 917 alieni,
1097 884 1122 911 id
1144 889 1185 911 est
1202 886 1305 918 peccati
1319 894 1326 917 ;
1344 885 1447 912 fructus
1463 893 1527 913 vero
1543 886 1594 913 bo-

809 938 856 957 nos
874 931 895 958 si
917 929 1061 958 aﬂ‘eramus
1086 932 1113 958 in
1137 931 1394 964 sanetificationem,
1417 932 1501 960 nostri
1529 937 1594 960 sunt

809 975 920 1003 fructus.
936 975 1005 1002 istos
1021 976 1092 1002 enint
1106 976 1210 1004 fructus
1227 982 1254 1004 ut
1274 977 1385 1004 afferret
1408 978 1526 1005 humana
1543 986 1594 1005 na-

806 1026 867 1048 tura
889 1029 904 1048 a
918 1021 1060 1048 conditore
1076 1029 1125 1048 suo
1141 1023 1269 1056 suscepit.
1296 1023 1365 1050 Nam
1386 1024 1424 1050 illi
1441 1024 1522 1050 alieni
1541 1032 1594 1051 non

807 1071 870 1094 sunt
885 1067 910 1093 in
928 1068 1006 1095 nobis
1021 1067 1148 1095 seminati
1167 1076 1181 1094 a
1198 1069 1252 1094 Deo
1267 1067 1334 1104 (2|).
1353 1068 1398 1095 Vis
1414 1075 1504 1095 autent
1521 1070 1593 1097 scire

807 1111 869 1146 quia
887 1112 1014 1139 Dominus
1023 1120 1074 1139 non
1087 1113 1205 1140 seminat
1221 1114 1304 1140 malos
1317 1113 1438 1141 fructus?
1456 1115 1517 1141 audi
1532 1122 1594 1143 eum

807 1157 833 1184 in
850 1157 996 1193 Evangelio
1011 1158 1143 1186 dicentem
1160 1167 1166 1184 :
1184 1167 1194 1184 ι
1214 1159 1308 1186 Nonne
1327 1158 1426 1186 bonum
1445 1167 1537 1187 scmcn
1552 1167 1595 1188 se-

808 1205 968 1230 minavimus
983 1204 1009 1231 in
1023 1205 1106 1239 agro?
1127 1204 1202 1232 Uudc
1226 1212 1290 1239 ergo
1318 1205 1396 1232 habet
1421 1206 1544 1233 zizania?
1561 1207 1595 1234 Et

808 1248 975 1282 respondens
990 1249 1057 1275 dixit
1071 1248 1144 1284 (‘22):
1158 1249 1286 1276 Inimicus
1306 1250 1384 1276 homo
1401 1251 1451 1277 hoc
1466 1251 1530 1278 fecit
1542 1252 1591 1279 ".t

807 1290 840 1318 Et
852 1291 941 1319 adhuc
958 1292 999 1319 vis
1015 1293 1131 1327 amplius
1147 1293 1253 1320 discere
1277 1295 1339 1328 quia
1363 1295 1406 1322 isti
1422 1296 1513 1323 carnis
1534 1297 1593 1324 fru-

807 1343 866 1364 ctus
880 1345 931 1364 tton
950 1343 1013 1365 sunt
1030 1340 1126 1371 nostri,
1146 1341 1192 1366 sed
1214 1340 1293 1367 alicui
1308 1340 1319 1366 Ῥ
1333 1339 1394 1375 Ipse
1414 1342 1511 1369 iterum
1535 1343 1593 1379 (23)

809 1384 938 1412 Dominus
954 1385 979 1412 in
995 1385 1139 1420 Evattgclio
1158 1387 1240 1414 dicit:
1256 1397 1265 1413 ι
1282 1388 1308 1415 Si
1333 1388 1358 1415 in
1381 1389 1470 1416 alieno
1498 1390 1593 1418 ﬁdeles

808 1437 860 1457 uon
875 1430 974 1462 fuistis,
994 1432 1065 1465 quod
1086 1437 1207 1459 vestrunt
1224 1438 1263 1461 est
1278 1434 1339 1468 quis
1353 1434 1429 1461 dabit
1447 1435 1521 1463 vobis
1534 1435 1553 1451 ²¹
1565 1437 1590 1464 τι

808 1475 852 1502 Sic
870 1483 935 1511 ergo
951 1477 1090 1511 profundae
1115 1479 1230 1506 rationis
1256 1481 1386 1515 mysterio
1400 1481 1425 1508 ἰιι
1443 1482 1513 1510 malo
1529 1484 1591 1517 qui-

808 1521 866 1548 dem
883 1521 970 1549 fructu
986 1523 1130 1556 Apostolus
1149 1531 1200 1550 non
1227 1525 1330 1552 addidit
1347 1535 1355 1551 ι
1372 1531 1512 1560 vestrum;
1531 1537 1541 1554 ι
1559 1529 1593 1556 de

807 1566 876 1593 bono
894 1571 984 1593 autem
998 1568 1085 1596 dicit:
1108 1577 1117 1594 ι
1137 1569 1248 1597 Habetis
1271 1570 1389 1598 fructutn
1414 1577 1533 1600 vestrum
1562 1575 1589 1600 in

805 1612 1059 1640 sattctillcatiouem.
1079 1623 1088 1639 ι
1110 1614 1186 1646 Quod
1208 1620 1298 1642 autem
1321 1617 1496 1650 perfectiores
1520 1619 1593 1647 dicat

807 1656 855 1682 hos
871 1656 928 1691 (‘24)
944 1664 1012 1691 quos
1024 1658 1128 1685 servire
1144 1658 1197 1684 Deo
1213 1660 1344 1692 nominat,
1356 1668 1436 1694 quam
1452 1661 1512 1689 illos
1524 1669 1593 1696 quos

805 1702 892 1736 primo
907 1704 1011 1730 servire
1026 1703 1141 1737 iustitia:
1158 1706 1275 1737 dixerat,
1295 1706 1377 1733 etiam
1396 1715 1428 1733 cx
1450 1707 1501 1734 hoc
1527 1715 1593 1742 pro-

805 1747 893 1780 batur.
912 1749 984 1783 quod
1003 1749 1097 1777 horum
1114 1750 1230 1778 fructum
1247 1752 1273 1778 itt
1291 1752 1535 1779 sanctiﬁcatioucm
1545 1761 1594 1788 po-

804 1793 858 1820 suit
874 1802 881 1826 ;
900 1794 945 1828 qui
973 1794 1083 1830 intelligi
1102 1801 1214 1829 possunt
1234 1797 1259 1823 Ιιί
1276 1805 1336 1824 esse
1353 1798 1398 1832 qui
1418 1805 1447 1824 se
1467 1799 1588 1826 castitati

803 1844 831 1866 et
847 1839 1023 1866 cominentiat
1038 1840 1225 1874 dcvoveruut;
1248 1841 1284 1868 illi
1303 1848 1392 1868 autem
1407 1850 1476 1877 quos
1496 1851 1591 1870 servos

804 1885 872 1912 dixit
896 1893 957 1912 csse
977 1885 1103 1919 justitite,
1127 1892 1240 1920 possunt
1254 1887 1335 1914 etiam
1357 1889 1381 1915 lti
1398 1889 1482 1916 videri
1501 1891 1546 1924 qui
1563 1891 1589 1917 in

805 1931 939 1966 conjugiis
955 1931 1047 1965 positi,
1060 1931 1174 1964 iustitia!
1190 1938 1279 1959 tamen
1292 1938 1319 1960 et
1334 1935 1461 1962 omnibus
1479 1936 1589 1962 virtuti-

804 1976 853 2004 bus
868 1985 977 2012 operam
992 1978 1124 2012 praebent.
1140 1977 1177 2004 De
1191 1978 1244 2004 vita
1266 1984 1355 2005 autem
1372 1984 1473 2007 aeterna
1491 1988 1590 2015 quam—

804 2023 844 2050 vis
861 2028 887 2050 et
904 2025 929 2050 itt
946 2023 1006 2050 aliis
1020 2023 1086 2051 locis
1099 2031 1170 2058 saepe
1188 2032 1201 2050 a
1221 2025 1300 2051 nobis
1316 2025 1417 2052 dictum
1437 2027 1484 2057 sit,
1498 2032 1588 2054 tamen

802 2069 869 2096 etin
885 2070 1010 2104 prmsenti
1030 2064 1155 2097 breviter
1179 2069 1415 2104 perstringendum
1439 2076 1492 2102 est,
1515 2074 1588 2106 quod

802 2115 941 2141 aeternitas
959 2115 984 2141 in
1002 2115 1151 2149 Scripturis
1163 2114 1309 2148 aliquando
1323 2123 1372 2150 pro
1386 2123 1418 2142 eo
1431 2123 1546 2151 ponatur
1562 2123 1590 2144 ut

803 2159 880 2187 linem
905 2161 1024 2192 nesciat,
1041 2161 1185 2195 aliquando
1206 2168 1270 2187 vero
1285 2166 1314 2187 ut
1329 2161 1356 2188 in
1378 2163 1504 2196 praesenti
1528 2163 1590 2197 qui-

803 2205 864 2232 dem
878 2206 976 2233 sazcnlo
989 2206 1068 2233 linetn
1083 2215 1135 2233 non
1159 2207 1269 2239 habent,
1283 2207 1382 2234 habeat
1397 2211 1486 2234 tamen
1504 2209 1530 2234 itt
1548 2208 1590 2235 fu-

804 2256 876 2279 turo.
902 2253 1054 2287 Aliquando
1080 2254 1210 2287 temporis
1225 2253 1350 2286 alicujus,
1371 2252 1414 2280 vel
1429 2253 1511 2280 etiam
1527 2254 1589 2281 vitae.

803 2298 882 2325 ttnius
898 2298 1016 2325 hominis
1030 2300 1147 2333 spatiqu
1165 2299 1306 2326 :eteruitas
1322 2299 1487 2332 appellatur,
1504 2305 1532 2326 ut
1548 2307 1589 2327 est

803 2344 866 2371 illud
883 2345 908 2370 in
926 2344 985 2380 lege
1004 2345 1135 2379 scriptum
1152 2345 1184 2372 de
1201 2352 1280 2372 servo
1302 2344 1464 2372 Hebraeo":
1482 2356 1489 2370 ι
1507 2345 1535 2373 Si
1550 2347 1590 2374 di.

802 2389 907 2420 lexerit,
924 2399 934 2414 ι
951 2389 1048 2424 inquit,
1069 2399 1079 2414 ι
1098 2397 1210 2416 uxorem
1226 2397 1314 2422 suam,
1331 2394 1359 2417 et
1375 2391 1447 2417 lilios
1466 2398 1542 2423 suos,
1563 2397 1589 2418 ct

802 2443 962 2470 permanere
982 2435 1099 2462 voluerit
1118 2436 1144 2462 in
1162 2437 1293 2462 servitute
1308 2442 1418 2471 propter
1432 2437 1505 2471 ipsos
1517 2437 1587 2473 {25).

824 2484 845 2499 ¹⁶
862 2483 938 2510 llum.
954 2490 988 2513 Vl,
1004 2483 1046 2510 18.
1085 2483 1105 2498 ⁸⁷
1120 2483 1183 2509 ibid.
1201 2483 1246 2510 2‘2.
1286 2484 1328 2510 ³⁸1
1346 2483 1408 2511 Cor.
1425 2492 1468 2517 xv,
1486 2484 1587 2517 24,28.

808 2519 830 2534 ³¹
846 2518 931 2546 Exod.
952 2526 1009 2550 χιι,
1029 2518 1056 2549 5,
1071 2518 1098 2545 6.

799 2566 891 2602 minati
903 2574 917 2593 a
931 2566 996 2593 Deo.
1010 2575 1019 2592 ι
1032 2565 1084 2602 _Ms.
1101 2573 1180 2597 unus,
1196 2574 1207 2602 Vt
1223 2564 1339 2602 Namilli
1355 2571 1417 2593 sunt
1431 2567 1512 2593 alieni
1525 2566 1588 2602 [ειη

800 2609 810 2626 ι
822 2601 932 2629 alienati
946 2606 1008 2628 sunt
1018 2600 1042 2636 ι]
1052 2608 1105 2627 non
1117 2607 1178 2627 sunt
1195 2601 1220 2627 itt
1238 2601 1315 2627 nobis
1329 2602 1454 2628 seminati
1465 2609 1479 2627 a
1493 2600 1555 2628 Deo.
1575 2612 1585 2627 ι

833 2637 890 2671 (22)
919 2636 1002 2668 Editi,
1025 2641 1076 2662 ιιιι
1098 2638 1289 2669 respondentes
1315 2636 1459 2663 dixerunt;
1481 2645 1492 2662 ι
1519 2644 1586 2664 mss.

796 2672 917 2706 quidam,
938 2681 947 2697 ι
966 2671 997 2697 Et
1014 2671 1178 2705 respoudit.»

843 2707 888 2740 25)
904 2707 985 2739 Editi,
1000 2715 1009 2731 ι
1026 2707 1082 2740 ipse
1099 2706 1190 2732 etiattt.
1207 2715 1216 2731 ι

843 2709 888 2740 25)
904 2709 985 2739 Editi,
1000 2715 1009 2731 ι
1026 2709 1082 2740 ipse
1099 2709 1190 2732 etiattt.
1207 2715 1216 2731 ι

832 2709 888 2777 ἱδὶά)
907 2742 971 2769 Mss.
985 2741 1147 2777 plerique,_t
1165 2740 1234 2777 dicat
1254 2740 1307 2768 hic.
1323 2749 1332 2765 t

834 2775 888 2817 (ea)
901 2777 946 2804 Sic
957 2783 1008 2803 ms.
1019 2784 1098 2804 unus.
1112 2775 1209 2803 Caneri
1222 2783 1286 2803 vero
1298 2783 1365 2803 mss.
1379 2780 1406 2803 et
1415 2775 1492 2809 editi,
1502 2783 1512 2801 ι
1524 2782 1589 2810 pro-

797 2818 855 2847 pter
868 2819 965 2847 tpsatn.
978 2820 988 2836 ι

1389 2887 1427 2917 3ἃν
