1831 3052
246 111 314 138 1067

970 112 1129 140 ORIGENIS
1761 117 1791 143 ista

245 169 353 200 subula,
370 169 467 203 inquit,
484 169 630 203 pertundes
646 176 740 197 aurem
765 169 824 204 ejus
852 171 877 196 in
893 176 981 205 poste,
1008 176 1036 198 et
1050 175 1071 202 Α
1087 172 1120 198 de
1135 179 1187 206 qua
1214 172 1344 206 scripttttu
1369 178 1420 205 est,
1445 174 1507 208 qttia
1537 181 1548 199 ι
1567 174 1664 207 anima,
1678 183 1724 210 qua
1739 184 1792 211 terra,

245 215 298 242 erit
313 216 360 241 tibi
385 221 480 241 servus
505 214 532 240 in
550 219 693 241 attentum.
709 224 718 240 ι
739 214 881 242 ΔΞιειιιιιιη
906 216 949 243 bic
973 217 1033 244 sine

245 261 327 288 dubio
343 265 447 294 tempus
461 260 521 286 vita:
535 259 655 288 hominis
665 261 765 296 posuit.
781 261 813 288 Et
830 262 926 289 iterum
943 262 969 289 in
982 263 1033 289 Ec-

243 306 371 333 clesiaste
383 305 487 332 dicitur
500 305 542 332 ²³;
561 315 570 331 t
588 306 735 334 Generatio
748 307 831 340 vadit,
848 312 875 334 et
891 308 1032 343 generatio

242 351 328 382 venit,
349 355 419 378 terra
434 357 525 378 autem
542 351 567 377 in
589 355 722 378 aeternum
739 357 793 378 stat
814 360 821 378 :
850 353 930 381 )hiCl
950 358 1031 380 aeter-

243 406 306 425 ntttn
324 407 332 423 t
350 398 495 432 praesentis
510 397 601 424 saculi
619 403 725 432 tempus
744 399 872 426 ostendit.
899 399 950 427 Ubi
966 407 1031 428 vero

244 445 308 472 dicit
329 453 338 469 ι
362 443 446 470 vitam
474 449 616 474 aeternam,
637 454 645 470 ι
662 444 694 471 ad
712 444 777 471 illud
791 445 976 480 aspiciendam
990 451 1031 473 est

243 491 314 525 quod
339 491 396 522 ipse
421 489 550 516 Salvator
566 489 655 516 dixit:
677 499 686 515 ι
707 489 769 516 llmc
792 494 834 517 est
861 495 951 517 autem
977 491 1029 517 vita

242 541 355 567 :etcrna,
378 540 406 562 ut
431 539 599 570 cognoscant
617 540 642 562 te
657 534 746 562 solum
764 542 858 562 verum
885 535 980 567 Deum,
1003 541 1031 563 et

242 588 323 615 quem
337 579 432 607 misisti
448 579 539 607 Jesuui
552 580 688 606 Christum
701 580 725 595 “
737 589 743 606 :
757 589 766 606 ι
781 585 807 607 et
818 580 937 607 iterum:
955 589 964 606 ι
974 580 1030 615 Ego

241 635 301 654 sunt
321 628 375 658 via,
395 631 422 653 et
438 627 540 653 veritas
565 632 591 653 et
607 627 661 653 vita
677 627 710 653 “.
728 636 736 652 ι
759 625 792 653 Ει
808 626 865 661 ipse
884 626 1030 661 Apostolus

242 675 268 701 in
289 674 350 700 aliis
365 674 440 705 dicit,
462 673 525 707 quia
547 681 555 699 ι
575 673 716 707 rapicmur
740 673 766 699 itt
789 673 906 700 ntthibus
920 673 1028 700 obviam

240 720 351 749 Christo
363 720 387 747 in
397 726 471 752 aera,
479 724 506 746 et
515 720 550 745 ita
559 726 665 753 semper
674 727 734 746 cum
746 719 859 746 Dotnino
865 718 968 746 erimus
976 719 1007 745 ".
1016 728 1026 745 ι

241 766 318 793 Sicut
332 772 396 799 ergo
411 771 520 798 semper
532 772 592 791 cutn
611 763 725 791 Domino
736 770 808 796 esse,
820 763 901 790 linem
918 771 970 792 non
984 764 1029 791 ha-

242 811 297 842 bet,
312 810 347 836 ita
363 814 389 837 ct
405 809 458 836 vita
471 813 573 836 aeterna
588 808 690 836 nullum
705 809 785 836 tinent
799 809 901 837 habere
912 810 1027 837 creden-

241 857 274 883 da
292 861 343 883 cst.

277 903 303 929 6.
328 911 337 927 ί
356 901 495 936 Stipendia
515 900 587 927 enim
603 900 707 935 peccati
724 907 796 928 mors
811 910 817 928 :
836 900 923 935 gratia
937 905 1028 929 autem

242 948 299 979 Dei,
317 948 370 974 vita
383 951 497 978 acterna,
509 947 534 973 in
546 945 656 974 Christo
670 945 733 973 Jesu
746 946 860 974 Domino
870 952 963 974 nostro
976 947 1025 974 ¹⁷.ι

241 994 337 1021 Simile
359 998 412 1024 est,
440 993 492 1020 hoc
515 993 586 1027 quod
609 992 689 1024 dixit,
720 1001 729 1018 ι
762 992 903 1027 Stipendia
923 993 1027 1027 peccati

239 1047 323 1071 mors,
344 1049 352 1064 ι
376 1038 411 1065 illi
436 1038 506 1072 quod
522 1038 648 1071 Superius
662 1038 782 1070 dixerat,
804 1047 813 1064 ι
838 1038 914 1065 Finis
938 1044 1028 1066 autem

239 1086 347 1113 illorum
366 1092 439 1112 mors
454 1085 487 1110 ".
509 1093 518 1109 ι
535 1083 656 1117 Quorum
670 1084 779 1111 autem?
794 1084 901 1111 Illorum
912 1085 970 1112 sine
984 1085 1029 1111 du-

237 1133 283 1160 bio
300 1140 309 1158 t
330 1139 379 1166 pro
399 1131 500 1166 quibus
514 1138 586 1157 uttnc
611 1129 782 1163 erubescitis,
799 1139 808 1156 ι
834 1137 947 1164 quorum
972 1130 1030 1158 fru-

237 1183 299 1206 ctus
312 1185 361 1205 nec
377 1176 518 1204 nominare
533 1176 641 1211 quidem
657 1176 772 1202 restituat
784 1175 894 1211 dignum
910 1175 979 1213 (26).
995 1177 1028 1204 Et

237 1225 351 1252 iterum:
369 1232 378 1249 ι
397 1222 488 1251 Gratia
504 1228 596 1250 autem
617 1221 675 1254 Dei,
687 1221 743 1248 vita
754 1226 867 1255 teterna,
881 1223 906 1249 in
919 1222 1028 1250 Christo

236 1268 300 1296 Jesu
316 1268 432 1296 Domino
446 1273 552 1301 ttostro,
572 1277 581 1293 ι
606 1267 696 1296 simile
719 1272 761 1296 est
784 1267 820 1295 illi
846 1268 918 1302 quod
939 1268 1026 1295 dixit:

240 1325 248 1340 I
267 1314 378 1342 llabetis
394 1313 513 1341 fructum
525 1318 647 1341 vestrum
673 1314 700 1341 itt
719 1312 974 1346 sanctiﬁcatiouem,
994 1314 1026 1340 ii-

238 1369 298 1388 nctn
315 1368 380 1387 vero
396 1360 480 1386 vitam
497 1364 628 1386 aeternam
647 1359 681 1387 ".
702 1369 712 1385 ι
730 1359 803 1387 Bene
821 1364 913 1386 autem
938 1364 1027 1387 meta-

239 1407 365 1441 phoram,
392 1406 417 1433 id
430 1410 474 1433 est
488 1405 572 1440 figura
580 1413 604 1432 ιιι
630 1405 735 1433 tnilitize
751 1413 784 1432 ex
799 1405 878 1433 initio
901 1406 1027 1440 proposi-

240 1458 293 1480 tam
311 1457 413 1484 servat,
431 1456 460 1478 ut
473 1451 658 1479 militantibus
677 1452 727 1478 sub
742 1455 855 1486 peccato
878 1458 940 1485 rege
957 1450 1026 1487 (27),

1085 217 1143 251 ipsa
1161 218 1292 246 morietur
1302 219 1336 246 ¹¹.
1349 228 1358 245 ι
1378 218 1412 246 Ει
1426 219 1551 254 quamvis
1563 219 1596 247 de
1608 220 1737 249 diversitate
1745 231 1793 249 motu

1087 271 1102 290 a
1115 264 1194 291 nobis
1210 264 1343 299 saepeiam
1360 265 1461 292 dictttnt
1477 266 1524 298 sit,
1550 271 1637 293 tamen
1659 267 1710 301 quia
1728 275 1793 302 present

1084 309 1229 337 admonuit
1255 309 1349 342 locus,
1372 311 1492 345 apertius
1509 311 1602 339 eadem
1627 316 1739 346 repetere,
1755 315 1793 340 tliu

1083 363 1166 382 ttnum
1186 363 1246 390 qute
1261 357 1378 391 sparsim
1394 361 1459 384 sunt
1472 357 1546 384 dicta
1565 357 1683 393 colligere
1701 360 1794 392 uequemi-

1083 402 1110 429 hi
1125 403 1230 436 pigrum
1246 402 1292 435 sit,
1307 410 1395 436 neque
1410 402 1566 437 legentibus
1580 404 1794 430 onerosumJlorsu

1082 444 1234 480 Scripturis
1247 454 1330 474 unum
1351 447 1460 481 quidem
1486 455 1583 475 nomen
1600 452 1648 480 est.
1666 448 1704 475 sed
1715 449 1795 475 multati»

1083 493 1205 527 gnificat.
1221 493 1328 521 Etenim
1346 494 1484 528 separatio
1499 494 1622 529 corporis
1635 495 1665 522 ab
1678 495 1746 522 anima
1759 503 1796 522 mou

1083 540 1250 566 nominatur.
1267 538 1321 566 Sed
1338 539 1396 567 haec
1410 547 1499 574 neque
1513 540 1584 567 mala
1602 540 1664 575 (50).
1679 547 1746 575 neque
1760 541 1794 567 bona

1081 584 1133 611 dici
1148 589 1237 618 potest
1251 593 1258 612 :
1277 590 1319 612 est
1332 585 1404 613 enim
1415 586 1583 620 media,qtt2e
1590 586 1796 613 diciturindilfmu.

1081 629 1114 656 Et
1127 637 1223 657 rursus
1239 631 1376 666 separatio
1392 631 1491 659 animae
1507 639 1521 658 a
1541 632 1597 659 Deo
1616 639 1681 659 mors
1694 631 1797 665 appellatur.

1080 683 1140 708 qua:
1154 683 1203 710 per
1217 681 1359 710 peccatum
1376 677 1459 705 venit.
1478 677 1541 706 llaec
1552 683 1642 712 aperte
1653 677 1710 705 mala
1719 682 1756 708 est,
1768 684 1798 710 qua

1080 725 1107 748 et
1121 722 1224 756 peccati
1242 722 1408 756 stipendium
1432 723 1588 750 nominatur
1604 724 1636 750 ³⁸.
1652 723 1715 750 Hanc
1730 728 1798 749 mattea

1080 767 1152 794 Deus
1167 775 1220 795 non
1235 767 1312 800 fecit,
1330 775 1418 802 neque
1441 768 1549 796 lzetatur
1569 768 1595 795 itt
1619 768 1745 803 perditione
1759 767 1798 792 rita

1080 819 1139 839 rutn
1148 819 1155 839 :
1163 813 1210 840 sed
1220 813 1322 841 invidia
1331 813 1434 841 diaboli
1444 821 1518 842 mors
1529 814 1587 841 haec
1595 813 1704 841 introivit
1711 813 1798 847 (ὄψια-

1079 858 1141 886 bent
1161 864 1308 886 terrarum.
1324 859 1358 886 Et
1374 860 1471 886 iterum
1484 860 1540 893 ipse
1556 864 1649 887 auctor
1664 858 1741 886 mortis
1752 856 1796 889 ltju

1080 903 1203 932 diabolus
1217 912 1292 932 mors
1302 904 1462 940 appellatur,
1479 909 1507 932 et
1520 905 1578 940 ipse
1595 909 1635 933 est
1647 904 1686 939 qui
1697 902 1798 930 dicitutiti-

1079 949 1167 977 micus
1179 949 1282 977 Christi
1295 949 1461 977 novissimus
1473 949 1652 977 destruendus
1661 949 1690 976 ³⁸.
1704 947 1745 975 Sed
1757 947 1798 974 etin-

1079 994 1152 1022 ferni
1168 995 1244 1024 locus
1263 995 1290 1023 in
1307 1003 1362 1031 quo
1386 995 1485 1023 animae
1510 995 1695 1023 detinebantur
1714 1002 1725 1021 a
1744 998 1798 1024 metu,

1079 1042 1161 1069 etiam
1178 1042 1234 1076 ipse
1246 1049 1321 1069 mors
1331 1041 1492 1077 appellatur.
1507 1041 1610 1069 Dicitur
1622 1049 1681 1069 vero
1689 1045 1712 1068 et
1721 1041 1754 1066 illa
1762 1044 1798 1065 mut

1079 1087 1136 1122 (ὅὲ)
1150 1087 1294 1115 laudabilis
1308 1095 1360 1122 qua
1371 1092 1484 1122 peccato
1499 1087 1561 1122 quis
1579 1087 1694 1118 moritur,
1705 1091 1728 1114 et
1736 1085 1798 1112 Christi

1078 1133 1271 1168 consepelitttr,
1290 1140 1339 1167 per
1351 1140 1431 1167 quant
1442 1133 1597 1160 emendatio
1611 1132 1639 1160 fit
1653 1133 1735 1158 anima:
1746 1130 1798 1157 cuiu

1079 1183 1181 1205 mterna
1197 1177 1382 1212 conquiritur.
1397 1176 1465 1204 Cum
1483 1184 1548 1212 ergo
1570 1182 1641 1203 tanta
1662 1175 1777 1204 differentia
1789 1173 1798 1198 it

1079 1223 1129 1250 ltoc
1143 1231 1197 1250 uno
1212 1223 1322 1250 nomine
1339 1222 1434 1250 tnortis
1454 1222 1600 1255 habeatur,
1614 1223 1635 1250 si
1660 1222 1741 1249 audias
1756 1221 1798 1247 Deut

1078 1268 1223 1302 dicentem,
1242 1276 1251 1294 t
1268 1268 1326 1302 Ego
1336 1268 1470 1300 occidam,
1481 1274 1510 1296 et
1524 1276 1574 1302 ego
1587 1269 1673 1296 vivere
1684 1265 1798 1295 faciam“.l

1079 1315 1234 1349 intelligere
1249 1315 1331 1350 debes
1349 1322 1408 1349 quas
1420 1315 1457 1342 sit
1474 1322 1551 1342 mors
1568 1322 1647 1350 quam
1657 1315 1725 1341 decet
1742 1312 1798 1339 intem

1080 1360 1164 1388 Deum
1178 1360 1251 1396 (33):
1272 1361 1316 1387 illa
1332 1361 1391 1388 sine
1406 1360 1490 1388 dubio
1502 1368 1563 1394 quas
1579 1360 1695 1388 conferat
1715 1356 1798 1388 vitiabit

1077 1412 1118 1435 est
1137 1412 1166 1434 ut
1186 1408 1320 1434 moriatur
1334 1407 1397 1441 quis
1415 1412 1539 1442 peccato,
1554 1412 1581 1434 et
1593 1407 1662 1433 vivat
1680 1405 1734 1432 Deo.
1750 1402 1798 1429 tCtIt

1077 1453 1214 1480 occideret
1229 1460 1286 1485 eos,
1308 1461 1317 1478 I
1335 1453 1433 1487 inquit,
1453 1461 1463 1478 t
1478 1453 1741 1486 quterebanteum,et
1752 1455 1798 1475 rem

238 1499 293 1526 imo
307 1498 397 1533 potius
413 1497 548 1532 tyrannidi
564 1496 622 1530 ejus
644 1497 811 1531 parentibus,
830 1497 961 1531 stipendia
978 1497 1024 1524 tle-
1040 1508 1061 1538 ο
1079 1498 1281 1525 tebantur“-“.
1296 1497 1492 1532 tApertissime
1500 1498 1601 1525 docens
1609 1492 1798 1532 perhoc,qui.113l

238 1545 295 1572 bita
313 1549 428 1571 mortem
443 1543 516 1570 dicat
527 1542 642 1570 exsolvi.
661 1542 745 1569 Deum
761 1550 825 1570 vero
842 1550 893 1569 non
913 1547 971 1570 erat
987 1543 1028 1569 tli-

238 1598 321 1627 gnum
339 1590 471 1617 militibus
487 1589 543 1617 suis
567 1589 701 1624 stipendia
726 1589 804 1624 qttasi
834 1588 954 1616 debitum
978 1587 1028 1614 alio

239 1637 311 1672 quod
329 1637 405 1668 dare,
424 1636 471 1662 sed
493 1636 592 1663 donum
608 1641 635 1663 et
650 1635 776 1670 gratiam,
798 1642 857 1669 quae
872 1639 916 1662 est
941 1643 951 1660 ι
971 1634 1025 1661 vita

239 1688 340 1710 a:terna
355 1683 380 1709 in
397 1681 505 1710 Christo
528 1682 591 1709 Jcsu
609 1681 723 1709 Domino
738 1685 842 1709 nostro.
856 1690 865 1707 ι
889 1680 945 1716 Ego
974 1688 1026 1707 non

240 1734 305 1763 puto
322 1729 403 1756 etiam
417 1729 468 1755 hoc
485 1735 599 1755 vacuum
613 1734 687 1758 esse,
703 1726 774 1760 quod
789 1725 822 1752 ad
842 1726 924 1752 vitam
945 1730 1027 1752 mter-

239 1782 301 1802 ttam
318 1774 419 1801 addidit
434 1781 444 1799 t
463 1773 489 1800 in
501 1772 608 1800 Christo
623 1772 737 1799 Domino
749 1775 858 1804 nostro;
877 1780 885 1796 I
908 1770 955 1797 sed
964 1771 1026 1805 quia

239 1821 366 1849 fortassis
386 1819 449 1847 sciri
472 1819 557 1846 voluit
569 1818 640 1845 aliud
659 1825 720 1845 esse
734 1818 815 1845 vitam
834 1821 963 1844 aeternam
980 1825 1026 1844 so-

239 1867 304 1900 lutn,
325 1873 350 1893 et
367 1866 439 1893 aliud
454 1866 537 1892 vitam
557 1870 685 1893 aeternam
712 1865 738 1891 in
760 1864 872 1892 Christo
893 1863 966 1891 Jesu.
995 1863 1027 1890 Et

239 1912 276 1938 illi
294 1911 366 1938 cnitn
380 1911 425 1945 qtti
440 1914 552 1943 surgent
571 1910 596 1936 in
614 1909 799 1936 confusionem
809 1913 836 1935 et
850 1909 1025 1943 opprobrium

238 1957 433 1991 sctiipiternum
451 1955 485 1987 ‘°,
503 1955 641 1982 habebunt
657 1954 765 1988 quidem
779 1953 861 1979 vitam
881 1957 1025 1985 :eternatn,

240 2011 291 2030 non
308 2008 396 2029 tamen
418 2003 444 2028 in
459 2001 567 2028 Clu-isto
577 2000 652 2031 Josu,
669 1999 717 2027 sed
732 1999 757 2026 in
772 1999 931 2026 confusione
945 1998 1028 2034 576

238 2053 266 2075 ct
280 2047 424 2082 opprobrio
438 2051 559 2079 aeterno;
577 2046 644 2080 justi
660 2053 725 2072 vero
743 2045 787 2079 qui
802 2049 915 2078 surgent
930 2044 986 2080 (28)
999 2045 1025 2071 itt

238 2094 320 2120 vitam
350 2099 479 2120 tuternam
505 2092 532 2118 in
555 2092 664 2118 Christo
687 2090 749 2118 Jesu
782 2090 921 2117 habebunt
943 2090 1024 2117 vitam

239 2145 379 2166 mternam.
396 2138 539 2166 Peccatum
559 2144 624 2172 ergo
641 2136 697 2173 (‘29)
711 2136 842 2164 militibus
858 2136 914 2163 suis
928 2137 954 2163 in
967 2137 1027 2171 qui-

1081 1552 1161 1579 quem
1179 1543 1249 1571 Deus
1273 1544 1384 1576 occidit,
1412 1548 1558 1578 propterea
1583 1543 1689 1575 occidit,
1704 1541 1798 1576 utpecail

1082 1591 1225 1623 moriatur,
1248 1595 1275 1617 et
1297 1594 1402 1625 quaerat
1423 1590 1518 1617 Deum.
1539 1590 1585 1617 Sic
1596 1598 1645 1625 ego
1657 1589 1727 1616 audio
1740 1585 1798 1613 etillll

1081 1635 1152 1671 quod
1169 1636 1300 1670 scriptum
1315 1639 1358 1662 est
1370 1635 1403 1666 ⁸⁷,
1419 1635 1481 1669 quia
1497 1635 1597 1662 occidit
1618 1634 1686 1661 Deus
1703 1633 1745 1660 Her
1756 1630 1798 1656 iiut

1080 1681 1165 1714 Judre,
1183 1682 1310 1716 quoniam
1325 1681 1460 1716 malignus
1475 1685 1535 1707 erat
1548 1690 1555 1713 ;
1573 1686 1601 1708 et
1614 1681 1635 1707 si
1649 1680 1707 1714 quid
1720 1675 1798 1705 aliadht

1078 1727 1195 1763 jusmodi
1216 1727 1248 1755 de
1261 1727 1315 1754 Deo
1334 1726 1446 1760 legimus
1463 1727 1604 1761 scriptum.
1619 1726 1663 1753 Sic
1674 1730 1699 1753 et
1712 1720 1798 1758 Apost“!

1081 1776 1250 1807 peccatorem
1267 1772 1391 1799 tradebat
1404 1771 1431 1798 in
1450 1771 1589 1799 interitum
1614 1771 1706 1803 carnis,
1720 1774 1743 1796 ut
1759 1764 1798 1800 ερὶτί

1082 1823 1137 1844 ιιιιιι
1163 1817 1265 1844 faceret
1285 1817 1389 1843 salvum
1404 1817 1436 1848 ",
1455 1817 1505 1844 ltoc
1519 1821 1573 1848 est,
1591 1822 1621 1843 ut
1634 1815 1798 1843 moneretur?ei

1080 1869 1150 1896 cato,
1172 1868 1200 1891 et
1213 1863 1316 1891 viveret
1331 1863 1396 1890 Deo.
1410 1863 1443 1890 Et
1455 1863 1482 1890 in
1496 1863 1623 1898 presenti
1639 1862 1714 1896 igitur
1725 1860 1769 1887 loco
1780 1854 1798 1882 sti

1080 1909 1176 1943 pendia
1189 1916 1250 1944 quae
1261 1909 1306 1935 dat
1322 1913 1475 1942 peccatum,
1489 1916 1563 1935 mors
1577 1915 1635 1935 esse
1648 1907 1768 1934 dicuntur:
1778 1907 1798 1927 Il

1081 1955 1131 1982 ista
1148 1962 1220 1982 mors
1236 1962 1298 1989 quae
1318 1959 1428 1989 separat
1449 1961 1550 1988 corpus
1567 1953 1602 1980 ab
1626 1954 1718 1984 anima,
1736 1949 1770 1977 sed
1784 1945 1798 1972 ai

1080 2008 1133 2036 qua
1151 2008 1200 2036 per
1214 2005 1359 2036 peccatum
1377 2003 1521 2033 separatur
1541 1999 1630 2026 anima
1647 2006 1662 2025 a
1677 1998 1730 2025 Deo.
1743 1995 1798 2021 Et"?

1080 2035 1140 2074 sum
1161 2035 1250 2074 nosrin
1273 2050 1361 2073 morte
1372 2045 1475 2072 Christi
1492 2045 1607 2071 dicimur
1620 2042 1744 2078 haptiuti.
1757 2035 1798 2066 inii

1079 2093 1139 2120 sine
1154 2093 1236 2120 dubio
1249 2097 1337 2119 morte
1353 2091 1410 2126 (55)
1424 2099 1476 2125 qua
1492 2095 1603 2126 peccato
1617 2094 1727 2117 mortuus
1743 2090 1772 2112 est
1783 2088 1798 2109 σε

1081 2139 1144 2171 mel,
1166 2143 1195 2165 ut
1217 2144 1245 2166 et
1261 2145 1310 2166 nos
1333 2144 1493 2173 separemur
1508 2144 1522 2164 a
1545 2141 1666 2172 peccato,
1688 2139 1711 2161 et
1729 2132 1798 2159 tritasd

241 2187 292 2213 bus
309 2190 414 2221 regnat,
430 2184 567 2219 stipendia
583 2184 663 2217 digna
680 2182 793 2218 largitur
808 2188 936 2210 mortem.
951 2183 1026 2210 Mor-
1042 2189 1064 2216 ι)
1080 2184 1361 2218 Deo".Talinamque
1370 2188 1457 2211 morte
1465 2182 1510 2217 qui
1519 2177 1798 2221 tnoritur(36;iastiﬁall

241 2240 295 2262 tem
312 2237 402 2259 autetn
415 2231 528 2258 dicimtts
545 2237 597 2257 non
612 2230 682 2256 hanc
692 2228 873 2262 corporalem,
887 2229 935 2256 sed
952 2229 1025 2256 illam

275 2287 298 2303 ’³
311 2286 399 2314 Eccle.
413 2293 432 2319 t,
448 2286 475 2312 ι.
529 2284 551 2300 ’⁸
563 2284 640 2312 Joan.
665 2291 729 2319 uti.
747 2283 772 2310 5.

826 2283 848 2299 ’⁸
864 2282 941 2311 Joan.
957 2291 1011 2315 xw,
1029 2284 1055 2314 6.

1081 2238 1141 2258 esse
1154 2230 1254 2258 dicitur
1265 2238 1279 2257 a
1292 2216 1403 2264 peccato
1410 2229 1444 2255 “.
1456 2216 1500 2256 Sic
1513 2235 1579 2262 ergo
1593 2226 1708 2254 habenda
1719 2216 1798 2252 distuli”

1105 2286 1127 2301 "
1142 2284 1260 2312 lThcss.
1276 2292 1312 2316 iv,
1331 2283 1373 2310 16.
1425 2283 1448 2299 ’⁷
1469 2283 1548 2310 Boni.
1563 2290 1600 2313 vt,
1614 2281 1657 2308 25.
1693 2271 1798 2316 "ibit-91

239 2323 262 2338 ι’
276 2306 399 2348 ίυιῖῑῖὲἑξ
413 2306 729 2349 ’⁷ιῖπιιοιιιῖἷκῖἶιίὶόῗ
749 2306 773 2334 3i
785 2306 1015 2348 Ειει-ιῖἶῖἐνῖιῖξϊ.

1081 2306 1431 2352 Βυιιῇἷᾶηπίδοτ.
1449 2306 1553 2349 xviiii.
1570 2306 1698 2344 "hiis...
1714 2306 1798 2341 mu.“

240 2355 300 2372 ""‘
313 2356 383 2383 Psal.
402 2363 506 2388 uxvu,
527 2355 571 2382 54.
610 2355 631 2369 ³⁷
646 2354 714 2381 Gen.
736 2361 850 2385 ιιικγιιι,
863 2353 889 2379 7.

276 2413 333 2448 (26)
351 2414 429 2445 Editi,
448 2423 457 2439 ι
472 2421 587 2449 quorum
599 2413 702 2449 fructus
711 2413 894 2449 neuotninare
905 2412 1027 2447 dignum.

243 2446 285 2476 ΕΙ(
303 2446 402 2476 iterum
418 2459 424 2475 :
443 2446 535 2476 Gratia
561 2454 650 2476 autem
669 2447 715 2475 Dei
738 2447 763 2473 in
780 2446 901 2479 Christo,
924 2446 947 2474 ί
961 2454 1028 2480 etc.,

242 2484 351 2510 omissis
366 2484 484 2514 vocibus,
508 2493 517 2509 ‹
537 2488 589 2509 vrta
604 2489 717 2509 a‘tcrna.
735 2492 743 2508 ι

280 2519 335 2553 (27)
357 2518 405 2545 Ms.
425 2527 492 2545 unus
505 2526 564 2545 ctttn
579 2518 674 2550 editis,
693 2526 701 2542 t
729 2517 779 2553 sub
802 2516 904 2553 peccati
929 2524 1001 2553 rege.
1019 2526 1029 2543 ι

243 2551 412 2584 Alterius.”
429 2554 478 2588 sub
499 2554 599 2588 peccati
618 2553 683 2587 lcgc.
702 2561 711 2577 ι
727 2551 779 2578 Sed
795 2551 895 2578 rectius
912 2551 1032 2579 msilte-

241 2589 302 2623 gius
316 2596 387 2615 nunt.
404 2587 471 2615 1659
485 2594 509 2615 et
526 2588 651 2614 [tabanus
665 2592 694 2614 ut
711 2588 846 2623 ilbllOSlt‘O
867 2591 952 2623 tcstu.

278 2623 334 2658 (28)
351 2623 438 2655 Alias,
453 2632 462 2648 t
473 2628 606 2656 surgunt;
622 2631 631 2647 ι
650 2626 677 2649 ct
690 2621 770 2656 paulo
786 2626 856 2657 post,
871 2630 880 2647 t
896 2621 1027 2653 habent,»

243 2660 322 2684 male.

279 2694 334 2728 (29)
356 2692 437 2725 Editi,
455 2702 464 2718 ι
482 2691 625 2728 Peccatum
639 2699 717 2728 ivero.
735 2702 744 2717 ι

279 2694 323 2728 (29
356 2694 437 2725 Editi,
455 2702 464 2718 ι
483 2694 625 2720 Peccatum
643 2699 717 2719 vero.
735 2702 744 2717 ι

278 2694 334 2764 (5οἐ
352 2728 442 2764 Neque
456 2727 538 2755 mala.
556 2727 617 2754 llaec
631 2727 729 2754 desunt
753 2727 779 2754 in
798 2727 928 2764 editione
941 2727 1030 2764 Getic-

243 2761 346 2792 animi.
370 2761 474 2790 Deinde
497 2770 546 2789 tus.
570 2770 650 2793 unus,
676 2767 784 2795 tatqtte
808 2762 908 2789 dicitttr
923 2761 1030 2789 indiffe-

245 2806 316 2831 retis,
331 2808 340 2825 ι
363 2799 461 2832 quibus
479 2797 570 2824 verbis
590 2797 693 2823 addunt
713 2797 789 2829 editi,
810 2806 820 2823 ι
840 2797 865 2823 id
888 2802 930 2824 est
953 2804 1030 2824 cont-

244 2835 342 2868 ntunis,
360 2831 379 2859 ί
392 2833 463 2868 quod
489 2833 625 2859 omittitur
641 2831 666 2858 in
686 2833 812 2859 omnibus
827 2840 894 2860 mss.
915 2832 1028 2859 nostris.

929 2354 951 2369 ³⁸
965 2355 972 2380 l
986 2354 1048 2382 Cor.
1065 2364 1091 2388 v,
1107 2355 1133 2382 5.
1172 2355 1193 2371 ¹⁹
1208 2356 1285 2381 ltout.
1298 2362 1334 2387 vt,
1353 2354 1380 2387 5,
1393 2355 1421 2386 9,
1436 2353 1480 2382 10.
1516 2353 1541 2368 ⁸ο
1553 2352 1684 2379 Ιιοιιιηιι.

1115 2412 1170 2448 (51)
1186 2411 1273 2448 Editi,
1285 2420 1295 2436 ι
1314 2409 1412 2448 invidia
1428 2410 1526 2448 diaboli
1540 2417 1613 2437 mors
1629 2406 1798 2448 introivitgtfiﬁ

1080 2441 1182 2481 absque
1202 2456 1211 2472 t
1227 2441 1285 2473 sed.
1307 2455 1315 2472 ι
1336 2446 1412 2475 Al..t
1437 2445 1537 2474 invidia
1560 2450 1649 2472 autem
1665 2441 1747 2470 diaboli
1766 2441 1798 2464 mil

1081 2482 1211 2514 introivit,
1225 2491 1234 2507 ι
1250 2486 1301 2508 etc.
1654 2513 1657 2514 ν
1746 2507 1783 2514 ....

1117 2516 1172 2552 (5‘2)
1190 2509 1273 2552 Editi,
1290 2525 1300 2541 t
1317 2516 1398 2543 etiam
1411 2515 1469 2549 ipsa
1486 2522 1560 2542 mors
1573 2513 1723 2550 appellatur.
1746 2509 1798 2552 Didii

1081 2547 1218 2578 etiam'illa
1231 2547 1318 2583 mors;
1338 2559 1348 2576 ι
1368 2555 1395 2576 et
1409 2547 1501 2584 postea
1519 2558 1572 2576 tus.
1590 2547 1667 2579 unus,
1684 2556 1693 2572 ι
1706 2553 1745 2582 per
1758 2547 1798 2577 ii”

1083 2587 1237 2613 etnuudatio
1251 2587 1281 2613 tit
1294 2586 1400 2612 animm.
1417 2593 1428 2610 ι

1115 2621 1171 2656 (55)
1187 2621 1254 2648 Editi
1264 2627 1289 2648 et
1297 2628 1359 2648 mss.
1369 2620 1476 2654 quidam
1485 2627 1628 2655 pcrperant
1636 2619 1736 2649 habent,
1747 2614 1798 2647 «Qui

1081 2656 1146 2684 dicit.
1164 2656 1263 2683 inferre
1275 2657 1367 2682 Deum.
1381 2663 1391 2680 ι

1115 2691 1171 2726 (δι)
1187 2692 1270 2722 Alias,
1291 2700 1300 2716 ι
1313 2691 1378 2717 Ctun
1393 2689 1531 2717 occideret
1540 2697 1598 2722 eos,
1609 2683 1798 2724 inquirebant!”

1080 2727 1256 2761 Aperttssime
1271 2726 1374 2761 dicens,
1392 2725 1467 2760 qttia,
1485 2734 1494 2750 ι
1512 2730 1566 2753 etc.

1114 2761 1170 2795 ('55,)
1188 2760 1280 2787 Marte.
1296 2760 1322 2786 In
1335 2761 1416 2787 editis
1428 2760 1581 2786 omittitur.

1116 2784 1171 2831 (ἑὸ)
1188 2784 1240 2824 ag;
1249 2784 1600 2830 ait;:‘jtstsiiegius‘ea
1615 2803 1629 2821 a
1647 2797 1766 2830 peccaw
1777 2784 1798 2811 δέ

1081 2834 1114 2859 lc.
