1831 3052
9 119 77 147 1069

484 119 661 148 COMMENT.
683 118 717 146 lN
734 118 843 147 EPIST.
865 119 910 146 AD
930 119 1012 148 ROM.
1033 119 1098 147 LIB.
1120 120 1165 148 VI.

1567 123 1637 151 1070

8 183 59 210 est,
77 178 149 213 quod
165 178 235 206 Deus
254 178 361 205 etiamsi
385 178 512 206 occidere
536 179 645 206 dicatur
663 183 691 206 et
714 179 796 206 tnorti
811 181 834 209 Α
847 177 958 212 iunctm,
975 178 1010 205 ita
1025 183 1053 206 et
1061 177 1163 206 homini
1180 178 1283 213 quis-ub
1299 178 1357 214 lege
1375 185 1427 210 cst,
1440 180 1558 215 quandiu
1573 182 1640 210 vivit

8 224 128 255 tradere,
145 224 206 251 talis
222 225 346 258 qumdam
368 224 405 250 sit
429 232 503 252 mors
523 232 583 259 qua:
602 232 616 252 a
631 224 687 252 Deo
704 226 794 258 datur,

7 275 35 296 ut
53 269 176 296 conferat
190 269 281 296 vitam.
292 268 363 296 Nihil
373 269 443 296 enim
457 270 519 297 mali
533 270 637 297 datura
647 270 716 298 bono
726 271 795 305 (57),

7 316 71 343 licet
86 317 165 343 triste
178 315 224 347 sil,
241 315 306 344 licet
324 315 428 343 doloris
446 315 568 350 plenum,
594 322 739 352 prospectu
756 321 795 344 ta-

7 370 67 389 men
81 361 216 394 medendi,
233 366 261 388 et
275 362 504 396 contemplatione
520 362 646 389 sanitatis
662 362 793 397 infertur,

7 413 35 435 ιιι
56 408 175 435 animam
199 414 282 442 quam
310 412 489 443 separaverat
513 415 528 435 a
545 409 600 435 Deo
623 408 750 435 illecebra
769 413 797 435 et

7 454 120 482 dulcedo
148 454 268 490 peccati,
295 455 452 482 severitatis
477 455 627 482 austeritas
650 460 758 490 separet
779 464 794 483 a

7 505 127 535 peccato.
155 501 316 528 Econtrario
335 508 400 528 vero
426 505 568 535 peccatum
592 501 722 536 quidquid
747 501 795 529 de-

7 545 87 577 derit,
106 545 239 581 quidquid
250 545 410 578 contulerit,
425 547 524 574 anima:
546 554 620 574 mors
643 552 696 579 est,
711 548 795 575 etiam

7 591 28 618 si
43 592 177 626 stipendia
192 591 334 627 largiatur.

38 637 66 664 7.
83 646 94 662 ι
107 637 147 664 An
160 637 306 673 ignoratis,
324 637 424 666 fratres
439 637 599 670 (scientibus
615 639 688 666 enim
707 639 794 674 legem

7 681 110 716 loquor)
126 683 147 698 δ’
162 683 226 718 quia
245 683 288 711 lex
313 684 470 711 dominatur
492 684 519 711 itt
542 684 665 718 homine,
690 689 794 720 quanto

7 732 127 762 tempore
149 728 240 756 vivit?
260 728 328 756 Nam
349 737 412 764 qua:
425 729 477 757 sub
491 730 550 757 viro
571 734 613 757 est
629 730 735 763 mulier,
755 729 796 757 vi-

7 779 84 800 vente
98 774 155 801 viro
177 774 285 810 alligata
298 780 339 803 est
353 775 417 810 legi.
432 776 461 804 Si
476 781 567 803 autem
585 780 708 804 mortuus
733 777 792 804 fue-

7 819 37 846 rit
62 820 114 853 vir,
133 820 222 848 soluta
236 825 278 849 est
293 829 309 848 a
325 821 385 858 lege
397 821 460 850 viri.
480 822 574 857 Igitur,
591 822 700 850 vivente
721 822 791 856 viro,

7 865 241 898 cognominabitur
266 866 401 900 adultera,
427 868 450 895 si
473 867 555 895 fuerit
571 875 632 895 cum
651 868 704 896 alio
720 869 790 896 viro.

7 909 30 937 Si
43 916 136 938 autem
149 917 274 940 mortuus
284 913 367 941 fuerit
380 914 431 947 vir,
444 913 558 941 liberata
572 919 614 942 est
628 923 642 942 a
660 914 718 949 lege
730 915 792 948 viri,

7 960 30 982 ιιι
45 956 102 990 jam
120 964 172 984 non
185 959 222 985 sit
235 958 357 987 adultera
373 959 396 987 si
410 959 494 987 fuerit
507 967 568 988 cum
583 960 638 988 alio
651 961 722 988 viro.
738 961 793 988 Ita-

7 1008 64 1035 quo“,
91 1002 193 1031 fratres
221 1005 285 1037 mei,
305 1010 334 1032 et
354 1013 403 1033 vos
424 1006 579 1033 ntortillt-ati
596 1007 662 1034 estis
677 1007 729 1043 legi
744 1015 794 1043 per

7 1053 99 1081 corpus
114 1047 227 1080 Christi,
247 1053 277 1076 ttt
293 1049 353 1077 sitis
367 1049 480 1078 alterius
492 1051 539 1085 qui
554 1059 588 1078 ex
611 1051 727 1079 mortuis
748 1059 793 1080 re—

7 1093 132 1126 surrexit,
151 1098 181 1121 ut
195 1094 393 1124 fructificemus
408 1095 465 1131 (58)
480 1096 546 1124 Deo.
566 1096 635 1124 Cum
654 1098 728 1125 enim
747 1105 792 1126 es-

7 1144 92 1166 temus
117 1139 144 1166 iu
170 1147 266 1173 carne,
291 1140 356 1168 vitia
382 1146 556 1176 peccatorum
570 1142 640 1178 (39),
659 1150 720 1178 qua:
744 1151 793 1178 per

7 1183 86 1220 legem
107 1190 198 1218 erant,
218 1187 404 1221 operahantur
423 1187 449 1214 in
470 1187 601 1215 membris
626 1189 739 1221 nostris,
763 1195 793 1217 ut

7 1227 199 1258 lructifiearent
209 1231 302 1259 morti.
313 1231 390 1260 Nunc
402 1237 492 1260 autem
507 1233 587 1260 soluti
602 1241 696 1261 sumus
706 1242 722 1262 a
733 1234 792 1270 lege

7 1277 114 1310 mortui,
132 1276 159 1304 in
175 1285 229 1313 qua
247 1277 448 1312 detinebamur,
474 1279 510 1305 ita
533 1284 563 1306 ut
583 1279 738 1307 serviamus
763 1281 790 1308 in

7 1322 119 1350 novitate
133 1322 257 1358 spiritus,
271 1327 300 1351 et
313 1331 367 1351 non
380 1323 407 1350 in
426 1329 561 1351 vetustate
574 1324 682 1352 litteras.
702 1335 711 1352 ι
740 1325 790 1353 La-

7 1367 52 1394 tius
76 1368 104 1395 in
127 1368 317 1402 superioribus
330 1368 387 1404 (40)
403 1369 436 1397 de
450 1369 502 1397 lide
518 1375 545 1398 et
560 1370 618 1406 lege
635 1370 789 1405 disserens,

7 1418 47 1443 per
60 1413 155 1439 omnia
170 1421 230 1440 esse
245 1413 445 1448 praeferendam
458 1416 579 1443 ostendit
593 1416 672 1443 fidem
694 1423 789 1444 eorum

7 1457 131 1486 luntaxat
144 1459 191 1494 qui
204 1459 319 1487 credunt
335 1468 345 1485 ι
359 1459 385 1486 in
397 1467 458 1488 eum
468 1461 513 1496 qui
531 1461 675 1489 suscitavit
696 1461 788 1490 Jesum

7 1503 143 1530 Dominum
159 1508 285 1532 nostrum
299 1512 314 1532 a
329 1507 444 1533 mortuis
460 1506 494 1534 “.
509 1516 520 1534 ι
547 1507 612 1535 Post
627 1507 684 1535 haec
701 1508 789 1543 qualis

7 1549 78 1576 etiam
97 1556 193 1577 eorum
207 1551 351 1579 conversio
363 1551 421 1587 (41)
435 1552 548 1581 deberet
560 1561 620 1581 esse
631 1554 790 1589 subiungit,

12 1603 25 1621 n
40 1596 141 1630 quibus
159 1600 186 1623 et
202 1597 234 1624 de
248 1602 362 1632 peccato
381 1598 480 1632 Adam,
505 1607 537 1626 ac
554 1599 661 1634 justitia
687 1599 790 1628 Christi

8 1640 148 1669 lisscruit:
165 1641 213 1669 sed
230 1647 257 1670 et
268 1643 301 1670 de
319 1643 451 1670 servitute
466 1644 523 1680 (4Ξ)
537 1652 570 1672 ac
585 1645 714 1673 libertate
737 1653 789 1681 qua

8 1687 163 1721 veljustitia:
176 1689 238 1723 quis
251 1689 336 1716 servit
350 1694 378 1717 et
397 1689 466 1717 liber
489 1695 533 1718 est
552 1698 567 1718 a
595 1696 721 1726 peccato,
747 1692 790 1720 vel

8 1738 109 1761 let-cato
118 1734 355 1769 servitetjustitias
363 1735 431 1763 liber
438 1740 491 1768 est,
500 1735 656 1771 disputavit.
666 1735 742 1764 Nunc
749 1745 791 1765 er-

8 1787 30 1815 go
37 1784 101 1815 post
110 1787 254 1809 excessum
266 1781 411 1816 quemdam
420 1781 502 1809 latius
514 1781 637 1808 habitum
654 1781 711 1818 (45)
720 1783 789 1810 redit

8 1827 74 1862 577
91 1828 182 1854 denuo
207 1827 242 1855 ad
266 1832 412 1855 tractatum
441 1828 511 1862 legis
529 1832 556 1854 et
580 1827 692 1860 Christi,
723 1828 787 1855 talia

8 1875 118 1907 [utetiam
140 1874 167 1902 in
183 1875 310 1908 praesenti
329 1875 467 1902 disserens
480 1875 556 1902 loco:
573 1882 633 1909 qua:
648 1874 785 1909 paululum

8 1925 160 1953 'cpetentes,
177 1921 325 1948 secundum
345 1920 444 1948 littera:
467 1921 693 1955 consequentiam
710 1920 786 1956 prius

9 1967 101 1997 tperire
119 1967 306 1996 tentabimus:
329 1971 384 1994 lum
402 1967 485 1994 etiam
515 1975 564 2002 pro
591 1967 694 1995 viribus
720 1968 786 2002 quid

9 2014 184 2048 musquisque
212 2021 303 2040 sermo
330 2013 440 2040 virtutis
466 2013 575 2045 haheat,
603 2013 782 2048 requiremus.

9 2065 114 2092 .oquor,
136 2059 235 2093 inquit.
253 2059 330 2086 vobis
344 2060 390 2094 qui
413 2059 557 2086 scientiam
582 2059 650 2095 legis
665 2060 782 2093 habetis,

9 2109 20 2128 τι
35 2105 114 2133 scitis
130 2111 243 2133 sensum
262 2105 321 2140 ejus
333 2113 386 2132 non
403 2111 463 2133 esse
475 2105 501 2132 in
518 2110 654 2133 vetustate
674 2106 783 2140 littere,

9 2150 38 2176 ed
51 2151 77 2177 in
92 2150 207 2183 spiritus
224 2150 345 2178 novitate
357 2159 364 2177 z
377 2150 430 2178 hoc
442 2155 494 2183 est,
512 2160 522 2176 ι
536 2151 682 2178 scientibus
697 2151 781 2187 legem

848 228 875 252 ct
888 227 967 256 valet,
980 225 1136 252 dominatur
1148 224 1189 252 lex
1202 224 1269 260 (45).
1285 224 1338 252 Sed
1349 225 1420 253 sicut
1431 227 1500 259 viro,
1518 229 1560 255 ctti
1574 229 1640 263 legi-

848 269 900 296 hus
914 269 1056 304 subjuncta
1074 269 1163 297 fuerat
1178 269 1287 301 mulier,
1301 271 1323 296 si
1339 270 1447 298 accidat
1459 273 1540 306 mori,
1553 273 1638 302 libera

847 313 962 342 ellicitur
976 315 1082 347 mulier,
1100 319 1127 342 et
1139 323 1154 342 a
1172 315 1223 342 viri
1238 320 1373 350 potestate
1388 317 1544 351 resolvitur,
1560 319 1595 346 ita
1611 325 1640 348 et

848 360 871 388 is
888 361 932 395 qui
951 361 1001 388 sub
1016 361 1074 395 lege
1091 367 1144 392 est.
1158 362 1180 388 si
1197 362 1304 389 accidat
1321 362 1407 397 legent
1424 364 1505 397 mori,
1520 365 1555 393 ab
1572 374 1638 401 ope-

847 406 923 433 ribus
939 406 1006 441 legis
1022 406 1090 434 liber
1105 406 1220 434 edicitur
1234 415 1240 433 :
1253 412 1281 434 et
1295 407 1368 435 sicut
1384 408 1481 436 mulicr
1495 418 1555 444 quae
1565 411 1639 445 prio-

848 451 885 477 ris
904 451 953 477 viri
967 451 1071 486 legibus
1085 451 1207 479 absoluta
1221 456 1273 485 est,
1290 452 1373 481 habet
1386 453 1539 482 libertatem
1551 460 1581 483 ut
1591 456 1638 483 alii

847 496 904 524 viro
917 497 1056 532 jungatur,
1071 497 1108 524 ita
1122 501 1149 524 et
1167 497 1189 525 is
1205 498 1250 532 qui
1264 498 1316 526 sub
1333 503 1464 534 potestate
1481 500 1546 536 legis
1559 501 1639 536 vixit,

847 542 892 569 tthi
908 547 1044 570 mortuam
1058 543 1130 570 videt
1156 542 1293 576 litteram,
1315 544 1396 572 habet
1416 550 1577 579 potestatem
1595 547 1638 574 vi-

846 589 918 616 venti
935 589 1022 617 Verbo
1038 594 1164 624 tanquam
1177 591 1235 618 viro
1252 592 1361 619 sociari.
1378 592 1407 619 Si
1421 600 1485 620 vero
1499 593 1637 621 viventem

847 635 937 662 adhuc
957 635 1076 669 priorem
1092 636 1178 663 virum
1197 637 1314 665 voluerit
1325 638 1423 666 mulier
1438 639 1600 674 relinquere,
1610 645 1639 667 et

846 681 891 708 alii
911 681 1022 713 sociari,
1040 682 1163 710 adultera
1182 683 1242 711 sine
1262 683 1345 711 dubio
1355 684 1545 718 appellabitur.
1560 685 1638 718 Quod

845 727 927 754 simili
942 726 1028 754 forma
1043 728 1126 755 etiam
1141 728 1167 755 in
1185 735 1246 756 eum
1260 729 1333 756 cadit
1344 729 1387 763 qui
1405 730 1490 765 legem
1505 735 1533 757 ut
1550 731 1637 758 virum

845 772 981 800 viventem
1002 773 1059 808 (46)
1077 774 1190 806 deserit,
1216 779 1244 802 et
1259 775 1303 802 alii
1316 775 1449 810 jungitur.
1468 776 1530 804 llaec
1546 781 1637 804 autem

847 822 974 853 tanquam
1005 828 1014 845 ι
1034 819 1196 852 scientibus,
1220 830 1230 846 ι
1251 825 1281 847 ιιι
1298 821 1366 852 dixi,
1386 830 1396 847 ι
1415 821 1501 857 legem
1531 823 1637 857 loquor,

848 864 958 898 fratres,
975 874 986 891 ι
1001 871 1030 893 ιιι
1045 866 1205 902 intelligatis
1216 867 1277 902 quia
1293 873 1320 894 et
1335 875 1383 894 vos
1404 868 1489 902 legent
1506 873 1637 904 tanquam

846 912 935 939 virum
951 917 1090 940 mortuum
1107 913 1258 948 reliquistis
1275 914 1343 949 (4·ῗ).
1366 915 1439 942 Mors
1457 922 1548 943 autem
1566 917 1638 944 illius

847 965 894 992 per
912 959 1059 986 adventum
1084 958 1185 987 Christi
1217 966 1246 987 et
1268 963 1482 995 assumptionem
1511 963 1638 998 corporis

846 1003 904 1037 ejus
920 1008 973 1038 est,
993 1011 1041 1040 per
1052 1005 1124 1039 quod
1136 1013 1184 1033 vos
1195 1005 1285 1034 cll'ecti
1304 1007 1372 1034 estis
1392 1007 1507 1036 alterius
1522 1009 1591 1044 (48),
1611 1011 1636 1037 id

846 1054 889 1077 est
897 1049 984 1083 juncti
1003 1050 1048 1077 alii
1065 1050 1133 1083 viro,
1147 1050 1183 1078 illi
1198 1051 1301 1079 scilicet
1317 1052 1364 1086 qui
1378 1059 1392 1078 a
1414 1054 1528 1081 mortuis
1546 1061 1638 1082 resur-

847 1096 927 1128 rexit,
956 1100 983 1123 et
1009 1096 1080 1123 ultra
1100 1100 1217 1124 mortem
1234 1105 1287 1124 non
1314 1098 1422 1132 recipit,
1442 1106 1523 1134 quam
1533 1099 1636 1134 recepit

845 1143 921 1176 prior
935 1141 979 1169 ille
1000 1141 1050 1174 vir,
1068 1142 1094 1169 id
1114 1148 1156 1170 est
1173 1142 1226 1170 lex.
1241 1142 1296 1170 Vos
1312 1150 1378 1176 ergo
1402 1151 1475 1171 nunc
1491 1144 1554 1171 facti
1569 1145 1636 1172 estis

846 1187 906 1222 ejus
921 1188 971 1215 viri
989 1188 1034 1223 qui
1051 1196 1066 1215 a
1089 1188 1202 1216 mortuis
1221 1190 1372 1217 resurrexit
1391 1197 1490 1225 sponsa
1506 1199 1514 1218 :
1532 1195 1559 1218 et
1575 1191 1636 1219 ideo

846 1233 997 1261 secundum
1023 1234 1189 1262 voluntatem
1215 1235 1300 1270 ipsius
1317 1235 1410 1263 vivere
1425 1236 1542 1269 debetis,
1571 1238 1634 1272 quia

842 1278 897 1313 jam
915 1287 967 1306 non
981 1287 1076 1307 sumus
1100 1280 1126 1307 in
1153 1288 1248 1313 carne,
1262 1281 1309 1308 sed
1334 1281 1360 1308 in
1377 1281 1473 1316 spiritu
1489 1281 1523 1315 “,
1549 1282 1633 1309 etiam

844 1327 866 1352 si
880 1325 1026 1360 aliquando
1041 1326 1067 1352 in
1091 1334 1174 1353 carne
1191 1327 1273 1360 positi
1290 1327 1394 1362 peccati
1414 1331 1441 1354 ct
1457 1329 1550 1355 carnis
1570 1335 1633 1362 pas~

844 1371 966 1398 sionibus
980 1371 1160 1407 urgebamur;
1176 1380 1236 1407 qua:
1246 1373 1386 1407 passiones
1402 1380 1450 1407 per
1460 1374 1632 1401 occasionem

844 1415 945 1451 Iegisin
956 1416 1084 1444 membris
1095 1417 1195 1444 nostris
1209 1417 1422 1450 fructificabant,
1437 1425 1489 1445 non
1506 1419 1572 1451 Deo,
1587 1419 1634 1446 sed

843 1459 926 1486 morti
946 1479 954 1492 ,
969 1459 1006 1486 illi
1022 1460 1101 1487 morti
1116 1468 1198 1495 quam
1212 1461 1282 1488 Deus
1298 1469 1351 1489 non
1368 1461 1443 1489 fecit.
1463 1461 1541 1490 Nunc
1566 1471 1633 1498 ergo

843 1505 915 1533 sicut
929 1513 991 1533 ctlm
1006 1507 1120 1534 moritur
1133 1507 1185 1538 vir,
1201 1507 1286 1534 libera
1302 1515 1342 1535 esx
1354 1513 1381 1535 et
1397 1508 1520 1535 absoluta
1536 1509 1634 1537 mulier

844 1557 858 1577 a
875 1550 933 1586 lege
945 1552 1005 1584 viri,
1034 1552 1070 1579 ita
1083 1556 1110 1579 et
1124 1560 1173 1580 nos
1185 1552 1262 1581 liberi
1281 1553 1345 1581 facti
1357 1561 1455 1581 suntus
1471 1562 1485 1581 a
1503 1555 1562 1590 legc
1573 1563 1633 1590 qua:

843 1596 985 1624 videbatur
994 1598 1073 1625 nobis
1085 1597 1218 1625 dominari
1237 1603 1363 1634 tanquam
1375 1600 1426 1627 vir.
1444 1599 1493 1627 Cui
1510 1600 1559 1635 legi
1573 1601 1632 1628 sino

843 1640 925 1668 dubio
935 1642 1018 1669 etiam
1036 1649 1085 1670 nos
1101 1643 1201 1671 mortui
1226 1651 1331 1676 sumus,
1347 1649 1374 1673 et
1397 1645 1479 1672 alieni
1495 1654 1510 1672 a
1537 1647 1631 1673 condi-

843 1686 916 1713 tione
931 1687 990 1720 ejus
1003 1696 1012 1713 ι
1037 1689 1124 1725 inqua
1133 1689 1345 1723 detinebamum
1361 1695 1391 1718 ut
1408 1690 1465 1724 jam
1494 1696 1555 1726 post
1573 1692 1631 1719 hac

844 1740 854 1757 ι
873 1733 1024 1760 serviamus
1041 1741 1093 1760 non
1111 1734 1138 1760 in
1155 1739 1289 1762 vetustate
1312 1734 1411 1762 litteras
1427 1745 1437 1761 ι
1451 1737 1521 1763 sicut
1540 1737 1630 1771 prius,

841 1777 887 1805 sed
905 1786 915 1803 ι
933 1777 959 1804 iu
982 1778 1104 1805 novitate
1133 1778 1302 1813 spiritus“:
1324 1790 1334 1806 ι
1351 1788 1431 1816 quem
1456 1782 1582 1816 spiritum
1613 1791 1629 1810 a

839 1831 938 1858 sponso
949 1829 1042 1851 nostro
1057 1828 1185 1859 tanquam
1199 1825 1320 1859 nuptiale
1333 1827 1431 1862 pignus
1454 1829 1627 1862 acrcpimus,

838 1869 909 1896 sicut
924 1874 951 1896 et
969 1869 1033 1897 alibi
1049 1869 1116 1897 dicit
1130 1879 1137 1897 :
1152 1879 1161 1896 ι
1175 1870 1225 1904 Qui
1242 1871 1315 1898 dedit
1332 1872 1410 1900 nobis
1428 1873 1524 1908 pignus
1540 1875 1628 1908 Spiri-

839 1916 920 1943 tus“.
935 1925 945 1941 ι
964 1916 1012 1943 llic
1027 1921 1070 1944 est
1079 1917 1146 1944 ordo
1161 1917 1272 1952 eloquii,
1287 1922 1314 1945 et
1330 1919 1387 1945 haec
1400 1919 1540 1953 apostolici
1552 1928 1626 1947 com-

837 1969 906 1997 pago
917 1962 1065 1991 sermonis.
1074 1961 1128 1990 Sed
1142 1971 1213 1991 nunc
1227 1968 1381 1998 repetentes
1393 1972 1452 1999 quae
1462 1965 1532 1992 dicta
1549 1971 1623 1998 sunt,

836 2008 1017 2036 discutiamus
1032 2017 1080 2042 per
1103 2009 1221 2045 singula.
1239 2019 1248 2035 ι
1267 2010 1308 2037 An
1326 2011 1459 2045 ignoratis
1483 2010 1556 2047 (49),
1583 2012 1624 2038 iu-

835 2055 905 2088 quit,
932 2054 1032 2082 fratres
1055 2053 1215 2090 (scientibus
1230 2056 1302 2084 enim
1321 2056 1407 2091 legem
1434 2056 1542 2093 loquor)
1560 2058 1623 2092 quia

835 2100 877 2128 lex
895 2101 1049 2128 dominatur
1066 2101 1091 2128 in
1108 2101 1228 2132 homine,
1251 2107 1354 2137 quanto
1365 2107 1485 2136 tempore
1504 2104 1569 2130 vivit
1584 2101 1596 2130 ?
1610 2113 1620 2130 ι

835 2146 1007 2182 Hyperhaton
1035 2146 1125 2173 statim
1154 2147 1180 2174 in
1209 2148 1344 2183 principio
1366 2149 1457 2180 habet,
1484 2150 1556 2184 quod
1585 2150 1622 2176 ita

9 2202 88 2231 liquor
99 2196 132 2228 “,
152 2205 162 2222 ι
175 2199 201 2223 et
213 2195 320 2231 appello
329 2203 386 2230 vos,
397 2201 508 2231 propter
520 2197 600 2231 hujus
615 2196 679 2230 legis
696 2197 783 2224 scien-
799 2197 822 2226 Ι)
837 2192 959 2219 redditur
975 2201 982 2219 :
1001 2202 1010 2218 ι
1024 2192 1064 2220 Au
1086 2193 1233 2228 ignoratis,
1255 2194 1363 2226 fratres,
1383 2195 1446 2229 quia
1471 2195 1512 2221 lex
1535 2195 1622 2221 donti-

9 2242 65 2275 iam,
83 2252 94 2269 ι
117 2242 232 2275 fratres;
254 2252 264 2269 ι
281 2247 310 2270 et
321 2242 400 2271 dico:
419 2242 547 2278 Nunquid
565 2243 695 2278 ignoratis
716 2245 779 2278 quia

9 2294 32 2314 ex
48 2288 198 2322 unicuique
211 2289 364 2323 mancipato
380 2293 408 2316 et
430 2289 558 2316 servienti
581 2289 632 2316 sibi
656 2289 780 2316 domina-

9 2341 43 2365 ur,
68 2335 142 2362 sicut
165 2335 206 2362 vir
220 2333 321 2369 junctae
339 2335 389 2362 sibi
412 2334 468 2371 (44)
497 2334 602 2363 mulieri
629 2343 638 2363 :
659 2340 686 2362 et
710 2335 779 2362 sicut

10 2387 19 2406 rt
41 2381 119 2408 omni
142 2380 198 2408 vita
214 2388 262 2409 sua
290 2380 447 2408 dominatur
473 2380 580 2408 mulieri
607 2380 712 2415 legibus
728 2379 779 2407 sibi

25 2438 43 2455 “
64 2440 145 2467 Rom.
158 2446 205 2471 vtt,
223 2438 280 2465 1-6.
318 2438 340 2453 δ’
359 2438 437 2465 Rom.
454 2445 490 2471 tv,
506 2438 552 2464 24.

25 2497 80 2532 (57)
94 2497 140 2532 Sic
155 2495 277 2531 potiores
289 2503 354 2532 mss.
373 2494 468 2523 nostri.
484 2494 554 2532 Editi
565 2501 642 2532 vero3
654 2503 663 2519 ι
677 2493 775 2532 a_hono

10 2535 52 2559 leo.
66 2528 75 2558 ἰ
91 2531 141 2558 Ms.
156 2528 236 2563 unus,
254 2539 264 2556 ι
278 2531 311 2557 ah
324 2530 379 2561 illo,
392 2539 402 2556 ι
413 2534 441 2557 et
454 2529 533 2562 paulo
548 2533 607 2564 post
623 2528 775 2556 Genebrar-

11 2574 76 2603 usq
93 2566 215 2603 lenitatis
230 2575 239 2590 ι
257 2572 307 2603 pr_o
324 2574 333 2591 ι
347 2565 483 2603 sanitatis.
499 2573 509 2589 ι
520 2598 526 2603 _
631 2598 642 2603 _
694 2597 708 2603 γ’

25 2601 79 2637 (58)
101 2601 186 2633 Alias,
213 2609 222 2626 ι
239 2596 268 2626 ιιὶ
284 2599 462 2632 fructilicetis,
476 2608 486 2625 ι
502 2598 550 2631 al.,
565 2604 614 2625 «ut
630 2596 776 2625 fructifica-

10 2642 88 2663 emus.
106 2645 116 2660 Ι

23 2671 79 2705 (59)
94 2670 181 2702 Alias,
201 2678 210 2694 ι
226 2670 371 2707 passiones
380 2669 483 2707 peccati
494 2688 502 2700 ,
519 2678 528 2694 ι
547 2668 595 2707 al,
612 2677 622 2693 ι
636 2667 776 2707 vitia'pcc-

10 2703 52 2736 uti,
69 2715 78 2731 ι
97 2709 125 2731 et
140 2709 277 2738 pnstea,-t
297 2705 413 2731 absoluti
425 2711 518 2731 sumus
531 2711 545 2730 a
561 2703 617 2738 lege
631 2703 736 2733 mortis,
760 2711 769 2728 ι

10 2744 40 2767 lc.
59 2739 113 2767 Sed
128 2739 250 2774 potiores
262 2747 327 2767 mss.
343 2744 372 2765 ut
385 2740 410 2765 in
424 2742 509 2765 textu.

22 2775 77 2808 (40)
94 2774 175 2806 Editi,
194 2783 204 2799 ι
220 2774 246 2800 in
260 2774 409 2808 superiore.
427 2782 436 2799 ι

23 2775 67 2807 (40
94 2775 175 2806 Editi,
194 2783 204 2799 ι
220 2775 246 2800 in
260 2775 409 2808 superiore.
427 2782 436 2799 ι

23 2775 78 2844 (41)
97 2808 160 2836 Mss.
172 2809 298 2843 quidam,
320 2817 329 2834 ι
348 2808 529 2844 conversatio.
547 2817 557 2833 ι

23 2843 79 2879 us)
93 2844 174 2878 Editi,
194 2852 204 2870 ι
223 2844 333 2876 virtute,
351 2852 360 2869 ι
377 2843 456 2870 male.

590 2437 613 2452 "
627 2436 707 2464 Rom.
726 2443 774 2468 vn,
788 2435 812 2462 l.

834 2242 916 2264 natur
933 2239 958 2264 in
975 2239 1084 2266 h0mine
1108 2245 1210 2274 quanto
1239 2243 1359 2273 tempore
1384 2239 1475 2266 vivit?
1495 2249 1503 2264 ι
1519 2245 1545 2266 ct
1561 2243 1622 2273 post

835 2286 894 2312 haec
921 2285 1042 2312 redditur
1063 2285 1127 2313 illud
1144 2285 1215 2320 quod
1243 2286 1269 2312 iu
1294 2285 1382 2312 medio
1406 2286 1538 2312 insertum
1559 2289 1618 2311 est:

837 2337 846 2354 ι
863 2329 1018 2356 Scientibus
1045 2331 1117 2358 enim
1148 2330 1233 2364 legem
1266 2331 1372 2364 loquor.
1396 2339 1406 2355 ι
1425 2330 1503 2363 Quod
1529 2334 1619 2357 autem

835 2376 902 2403 dixit
918 2383 925 2401 :
949 2385 957 2401 ι
987 2375 1143 2403 Scientibus
1162 2375 1249 2410 legem
1267 2375 1375 2409 loquor,
1393 2384 1402 2400 ι
1418 2375 1508 2402 simile
1523 2381 1566 2402 est
1583 2374 1618 2402 illi

851 2433 966 2463 “.Rom.
982 2440 1041 2465 vttt,
1056 2431 1082 2459 9.
1133 2431 1155 2447 ⁸⁸
1174 2431 1253 2458 Rom.
1269 2439 1316 2462 vn,
1330 2430 1357 2458 6.
1394 2430 1417 2446 ’⁵⁸
1432 2429 1454 2457 ll
1468 2430 1531 2458 Cor.
1549 2438 1574 2462 ν,
1591 2429 1619 2457 5.

867 2490 925 2524 (45)
943 2489 1080 2516 Habitum.
1097 2488 1177 2516 Deest
1193 2488 1219 2515 in
1234 2488 1327 2517 editis.
1342 2487 1388 2515 sed
1405 2487 1558 2514 restituitur
1583 2494 1618 2514 ex

829 2533 894 2553 IIISS.

873 2559 917 2594 44)
936 2559 1004 2587 Sibi.
1019 2559 1099 2594 Deest
1115 2558 1141 2585 in
1153 2558 1244 2586 editis.
1272 2593 1275 2594 ν
1349 2593 1352 2594 ν
1447 2592 1449 2594 _

873 2561 906 2586 44
936 2561 1004 2587 Sibi.
1019 2561 1099 2586 Deest
1115 2561 1141 2585 in
1153 2561 1244 2586 editis.
1447 2592 1449 2594 _

861 2561 917 2629 (45)
929 2594 1013 2625 Alias,
1024 2603 1034 2620 ι
1045 2593 1098 2621 Sed
1109 2594 1179 2620 sicut
1188 2594 1229 2620 vir
1241 2593 1300 2628 (al.,
1310 2602 1320 2619 ι
1330 2593 1418 2620 virum
1432 2593 1501 2627 ι)ουὶ
1515 2592 1618 2628 legibus

825 2630 964 2664 subjecta,
975 2638 984 2654 ι
999 2633 1052 2656 etc.

862 2662 919 2703 (Isti)
939 2663 1088 2703 Υξρςιιιειη.
1104 2662 1278 2690 Desideratur
1292 2663 1318 2689 in
1332 2662 1408 2703 libris
1420 2667 1500 2703 antea
1517 2662 1610 2691 editis.

862 2699 919 2734 (47)
938 2699 1022 2734 Editi,
1035 2707 1044 2723 ι
1063 2704 1192 2734 tauquam
1208 2699 1517 2734 mortuamreliquistis.
1533 2706 1543 2734 ι

862 2701 906 2734 (47
938 2701 1020 2728 Editi,
1035 2707 1044 2723 ι
1063 2704 1192 2731 tauquam
1208 2704 1340 2724 mortuam
1359 2701 1517 2732 reliquistis.
1533 2706 1543 2723 ι

862 2701 920 2769 (48)
939 2733 1064 2759 Alterius.
1093 2732 1234 2759 Outittitur
1259 2734 1285 2760 in
1309 2733 1391 2760 editis
1409 2738 1436 2760 et
1456 2733 1482 2760 in
1500 2732 1616 2767 quibus-

826 2764 888 2796 dain
905 2764 970 2795 I'nss.

863 2803 920 2838 (49)
937 2802 1021 2836 Alias,
1039 2811 1048 2828 ι
1063 2802 1117 2829 Aut
1132 2802 1263 2837 ignoratis
1274 2821 1281 2835 ,
1302 2812 1310 2828 ι
1327 2802 1398 2836 quod
1424 2805 1517 2837 postea
1536 2809 1615 2837 repe—

828 2839 904 2866 titur.
