1831 3052
225 95 289 123 Ib”

225 156 295 189 quod
313 155 392 190 paulu
411 159 468 188 post
495 155 557 181 dicit
575 162 580 179 :
604 164 612 179 t
634 155 739 181 Scimus
760 160 848 181 autem
876 157 1004 189 qttoniam

226 203 266 228 lcx
282 201 412 236 spiritalis
429 206 479 227 cst.
499 210 508 226 ›
527 200 624 232 Legem
641 208 705 226 vero
722 201 870 234 spiritalem
884 208 1006 228 essenon

225 249 298 274 solus
315 246 411 274 Paulus
429 246 530 273 sciebat
549 246 616 279 (50),
633 246 678 272 sed
693 250 720 272 et
731 246 757 273 hi
774 247 818 280 qui
832 246 866 272 ab
883 246 941 280 ipso
957 247 1007 272 itu-

225 293 398 320 buebantur:
419 293 462 326 qui
487 297 576 319 tamen
592 292 728 326 spiritales
749 298 838 324 crant,
854 293 887 318 de
911 294 1007 327 quibus

224 341 289 367 dicit
303 349 310 366 :
329 349 338 365 ι
355 339 493 373 Spit-italis
507 343 596 365 autem
610 339 746 365 examinat
760 340 848 365 omnia
866 339 898 366 ".
920 349 927 365 ι
941 339 1006 366 Nam

224 387 256 414 de
267 386 370 413 Galatis
387 394 438 412 ttou
458 393 568 419 posstnu
581 385 754 420 pronuntiare
770 385 840 419 quod
867 385 953 411 sciant
968 385 1007 411 Ic—

223 439 281 463 gcm
300 432 448 466 spiritalem
461 439 530 461 esse,
542 431 575 457 dc
590 432 688 466 quibus
706 431 770 458 dicit
786 441 791 457 :
807 440 816 456 ‹
837 430 858 457 0
875 431 1005 457 in<eusati

223 478 325 504 Galatze
349 477 405 510 (51)
424 477 462 503 ⁸⁸1
483 486 492 502 ι
511 476 566 503 Nisi
583 477 654 504 forte
671 482 732 503 tttnc
750 477 862 504 scierint
876 485 937 504 cum
954 478 1008 511 spi-

225 525 275 550 titn
291 528 431 557 coeperant
444 530 450 548 :
464 523 510 549 sed
527 530 579 548 non
596 527 805 557 permattseruut
820 522 845 548 itt
857 524 905 549 hac
918 523 1007 549 scicu-

224 571 266 597 t3a,
286 569 347 603 quia
366 576 447 596 carne
459 569 638 595 consummati
657 572 728 594 sttnt.
743 569 931 602 Apostolorum
944 576 1007 596 vero

223 615 344 641 doctrina
358 613 425 649 (δέ).
441 618 466 640 et
481 621 574 640 eorum
597 614 643 648 qui
662 613 696 640 ab
711 614 776 648 ipsis
795 613 1008 641 instituebantur

223 660 254 686 ad
273 660 435 691 doreudum,
448 659 509 686 talis
523 664 593 689 erat,
611 667 670 693 qum
686 659 794 686 doceret
808 659 933 686 homines
947 667 1006 686 ser-

223 705 340 739 virelcgi
358 714 366 730 I
383 712 434 731 non
451 704 476 731 in
493 709 626 731 vetustate
641 704 748 735 litterae,
769 713 777 729 ι
794 704 842 731 sed
858 713 867 730 ‹
889 704 914 731 iu
932 705 1007 732 novi-

223 757 278 778 tate
302 751 413 784 spiritus
430 751 463 777 ⁵³.
484 760 492 775 ι
515 750 590 782 Quod
611 758 662 777 non
681 750 767 776 solum
786 751 935 784 apostolos.
959 750 1006 778 sed

222 803 249 823 ct
266 798 423 831 prophetas,
439 801 463 823 et
478 797 501 823 si
519 796 564 830 qui
585 800 664 822 erant
679 800 742 822 tunc
753 796 893 831 sapientes
907 796 932 823 in
958 804 1006 830 po-

222 843 286 875 pqu
302 843 359 874 Dei,
376 842 494 869 sensisse
515 841 642 871 arbitror,
660 841 721 875 quia
743 841 784 868 lex
810 842 940 876 spiritalis
952 848 1005 874 est,

224 887 285 914 licet
302 887 483 914 multitudinis
502 893 583 913 causa
601 886 682 912 etiam
697 885 832 913 carnalem
849 886 1006 914 viderentur

223 933 423 960 observantiam
443 932 588 960 custodire.
615 931 669 958 Nec
694 932 804 965 mirum,
820 940 881 959 cum
899 937 926 960 et
949 933 1007 967 ipse

223 979 324 1006 Paulus
350 978 422 1005 dicat
438 986 443 1004 :
466 978 533 1010 Quia
553 987 561 1003 ι
578 977 665 1005 factus
690 985 749 1005 sunt
763 976 863 1005 Iudaeis
880 983 1006 1013 tanquam

223 1024 341 1057 laudatus,
356 1023 501 1051 utJudacos
517 1023 706 1051 lucrifacerem
720 1024 754 1050 ⁸ο.
771 1034 779 1050 ι
795 1024 831 1050 lta
848 1032 913 1059 ergo
929 1025 1004 1051 tuulti

222 1071 250 1097 in
266 1070 362 1103 populo
375 1070 464 1104 priore
479 1069 657 1104 proﬁciebant
672 1070 697 1095 iu
715 1069 827 1096 scietttia
840 1069 966 1103 spiritali,
980 1075 1008 1097 et

224 1115 350 1142 videbant
376 1115 488 1148 gloriam
505 1114 585 1141 Verbi
612 1114 669 1147 Dei,
696 1115 767 1141 sicut
792 1114 877 1142 Isaias
906 1115 1007 1142 vidisse

221 1160 351 1187 scribitur
368 1159 479 1193 gloriam
496 1159 556 1186 Filii
572 1159 630 1192 Dei,
646 1165 674 1186 ut
692 1164 806 1187 testatur
817 1160 936 1187 Joannes
945 1168 1005 1187 cum

223 1205 285 1232 dicit
300 1213 321 1232 :t
334 1204 494 1232 llwcautem
505 1205 573 1231 dixit
589 1204 800 1239 lsaias,quando
816 1205 884 1232 vidit
896 1206 1006 1240 gloriam

222 1249 279 1283 rjus
291 1251 323 1276 “.
344 1259 352 1274 ι
372 1249 527 1276 Scientibus
540 1256 606 1283 ergo
621 1248 705 1284 legem
725 1249 844 1284 loquitur
860 1250 967 1282 Paulus,
982 1251 1007 1277 id

222 1300 264 1322 est
278 1295 425 1322 scientibus
436 1303 495 1329 qua:
513 1295 548 1321 sit
572 1294 626 1329 (55)
644 1295 669 1321 iu
688 1294 746 1329 lege
762 1300 885 1322 vetustas
900 1296 1006 1329 litteras,

223 1345 248 1367 et
263 1341 369 1368 novitas
381 1341 507 1375 spiritus;
526 1342 597 1374 quod
620 1341 665 1374 qui
683 1341 750 1367 bene
765 1341 827 1373 scit,
849 1341 924 1367 novit
950 1341 1008 1368 sine

222 1385 305 1412 dubio
319 1386 381 1419 quia
401 1385 436 1411 ita
453 1385 495 1411 lex
512 1384 668 1411 dominatur
685 1383 786 1411 homini
802 1383 920 1418 quandiu
931 1383 1007 1416 vivit,

223 1431 293 1457 sicut
309 1430 350 1456 vir
369 1430 490 1461 mulieri;
507 1434 533 1456 et
550 1429 618 1456 sicut
636 1434 724 1456 morte
741 1429 790 1455 viri
805 1429 935 1456 liberatur
950 1437 1009 1456 tnu-

223 1476 273 1502 lier
286 1484 299 1501 a
316 1475 373 1508 lege
389 1475 471 1509 578
496 1473 626 1508 coniugii,
651 1479 678 1500 et
704 1474 825 1500 sociandi
843 1481 873 1500 se
887 1473 944 1500 viro
962 1473 1007 1500 alii

223 1521 322 1554 accipit
351 1520 513 1552 libertatem,
541 1520 575 1547 ita
596 1524 624 1546 et
638 1519 727 1546 anima
748 1519 824 1553 cujus
839 1519 880 1546 vir
893 1519 933 1546 lex
951 1527 967 1546 e
984 1523 1003 1550 t,

223 1575 284 1593 cum
305 1570 465 1593 vetustatem
477 1565 576 1593 littera
590 1565 615 1591 in
635 1565 693 1599 lege
710 1566 929 1598 deprehenderit,
941 1565 1004 1600 quia

222 1611 294 1646 quod
311 1611 454 1637 veterascit
467 1618 550 1646 prope
565 1611 755 1638 exterminium
773 1615 824 1643 est,
841 1611 923 1637 veluti
934 1618 1004 1638 mors

223 1662 266 1683 tua
282 1656 332 1683 sibi
347 1655 404 1690 lege
420 1656 567 1683 secundum
583 1656 700 1683 litteram
717 1656 814 1691 accipit
829 1656 944 1683 nubendi
959 1656 1003 1683 alii

223 1703 289 1735 viro,
305 1701 349 1736 qui
365 1706 406 1729 est
416 1701 526 1735 spiritus
537 1701 602 1736 legis
618 1710 625 1728 :
648 1711 657 1727 ι
674 1701 791 1737 Spiritus
808 1706 897 1729 autem
912 1703 1003 1729 Domi-

223 1757 272 1776 nus
297 1749 382 1775 est“.
402 1756 412 1775 ι
428 1748 504 1780 Quod
530 1753 620 1776 atttetn
637 1749 716 1781 dixit,
743 1758 752 1775 ι
771 1749 826 1776 Lex
852 1750 1004 1776 dominatur

222 1794 323 1821 homini
339 1798 441 1828 quanto
459 1798 578 1828 tempore
594 1794 659 1821 vivit
674 1815 681 1827 ,
704 1804 712 1820 ι
732 1803 784 1822 ηοιι
798 1795 830 1822 ad
856 1795 1003 1827 hominem,

221 1841 268 1868 sed
285 1841 318 1867 ad
337 1840 420 1875 legem
438 1840 632 1869 refertur.Hoc
646 1841 718 1868 enim
732 1846 758 1868 et
770 1841 796 1868 itt
814 1841 1005 1875 consequenti-

220 1885 272 1912 bus
287 1885 399 1917 iudicat,
419 1885 463 1912 ubi
478 1885 564 1913 dicit:
580 1895 589 1911 ι
613 1886 729 1913 Vivcnle
750 1886 808 1913 viro
830 1886 937 1921 alligata
963 1890 1005 1913 est

222 1930 291 1965 legi;
311 1939 320 1956 ι
335 1935 363 1958 et
384 1931 467 1964 ipsius
487 1931 601 1966 exempli
618 1930 689 1966 qttod
706 1937 874 1966 assumptum
894 1936 934 1958 est
948 1931 1004 1966 plc-

222 1977 281 2002 nitts
295 1976 364 2002 idem
377 1976 445 2002 ordo
457 1976 578 2003 declarat
597 1984 605 2003 :
621 1976 707 2011 legem
731 1978 803 2004 enim
819 1977 878 2004 loco
892 1977 940 2004 viri
956 1985 1004 2012 po-

220 2022 284 2053 suit,
300 2021 370 2049 etde
386 2022 443 2056 ipsa
457 2022 522 2048 dicit
535 2029 543 2048 :
558 2031 567 2048 ι
580 2021 607 2049 Si
621 2028 711 2050 autem
721 2027 842 2050 tnortuus
856 2022 937 2050 fuerit
948 2023 1000 2055 vir,

259 2103 279 2118 ⁸⁷
297 2102 379 2129 lCor.
395 2110 423 2132 tt.
441 2102 483 2129 15.
535 2102 557 2118 ⁵⁸
568 2102 646 2130 Galat
663 2110 680 2134 ι,
698 2102 725 2129 3.

221 2138 242 2154 ¹⁸
257 2137 344 2165 Galat.
361 2145 397 2168 tv,
410 2137 436 2164 4.
474 2137 497 2153 ⁸⁵
512 2137 572 2164 lsai.
589 2145 642 2171 LIV,
660 2138 670 2164 1
685 2145 692 2170 ;
709 2137 797 2165 Galat.
812 2146 848 2170 tv,
865 2137 909 2164 27.

773 2103 795 2118 ⁸⁹
810 2103 887 2130 Rom.
905 2110 952 2133 vtt.
966 2102 993 2130 6.

256 2205 312 2239 (50)
331 2203 415 2234 Alias,
434 2214 442 2229 ι
461 2203 558 2239 Legem
577 2211 638 2231 vero
661 2203 808 2238 spiritalem
836 2211 888 2230 non
915 2203 1000 2230 solum

221 2239 318 2266 l'anlns
332 2239 443 2266 sciebat.
461 2248 470 2264 ι

256 2274 311 2309 (51)
333 2273 379 2300 Ms.
395 2281 464 2300 unus
476 2273 664 2309 chius_pum.
677 2273 743 2309 1611
761 2274 800 2300 sic
818 2273 912 2309 habet,
928 2281 936 2296 ι
954 2271 1000 2305 qui

223 2307 312 2336 tamen
327 2309 463 2342 spiritales
474 2312 560 2334 erant.
579 2307 644 2334 Natu
659 2308 684 2334 ἰιΙ
697 2309 806 2342 quidam
820 2307 944 2334 carnales
956 2314 1002 2332 uc-

221 2341 353 2375 sciebant,
385 2343 417 2370 de
434 2343 533 2376 quibus
553 2343 618 2370 dicit
633 2351 639 2369 :
657 2342 680 2370 0
700 2341 831 2369 insensati
849 2341 969 2368 Galatae!
990 2350 998 2366 ι

220 2378 318 2404 (Σωιειί
334 2385 397 2404 vero
410 2385 475 2404 mss.
491 2382 517 2403 et
532 2377 597 2404 editi
613 2382 642 2403 ut
658 2378 683 2403 in
695 2381 787 2404 nostro
800 2381 883 2403 textu.

257 2411 314 2446 (ὅῖ)
334 2411 383 2439 Ms.
401 2420 481 2444 unus,
503 2420 512 2436 ε
529 2411 718 2445 Apostolorum
736 2412 808 2438 enim
827 2411 961 2437 doctrina.
990 2419 998 2435 ι

223 2446 322 2474 Deinde
335 2447 398 2474 editi
412 2446 545 2480 plerique,
556 2455 564 2471 ι
577 2447 783 2473 instruebantur
793 2446 826 2473 ad
839 2446 1000 2478 docendum,

223 2481 284 2508 talis
300 2485 370 2512 erat,
385 2488 444 2514 qum
455 2481 545 2512 docet,
564 2491 573 2506 ι
592 2486 644 2507 etc.

257 2515 316 2551 (55)
336 2514 381 2542 Sic
396 2523 458 2551 mss.
473 2516 603 2551 plerique.
620 2515 690 2551 Editi
709 2522 772 2542 vero
785 2520 818 2551 et
833 2521 883 2541 ms.
906 2521 976 2551 unus
992 2522 999 2541 :

225 2558 233 2572 ι
245 2548 399 2586 Ιῐορξειιιιειιι
409 2548 640 2586 ἀίείίιεειίιιᾲψιοι]
649 2550 706 2586 (aL,
718 2559 727 2575 ε
738 2550 864 2586 quoniam
875 2554 898 2586 ι)
909 2548 999 2586 vidit.»

222 2590 274 2613 ctc.
301 2585 399 2611 Deinde
416 2592 479 2611 tnss.
502 2583 610 2617 quidam
634 2583 695 2611 cum
711 2583 801 2614 editis,
824 2593 833 2608 ι
849 2583 1003 2610 Srietltibus

221 2621 291 2646 enim
304 2619 362 2652 (aL,
376 2627 384 2643 ι
397 2626 461 2654 ergo
471 2619 494 2654 ι)
505 2619 588 2652 legem
598 2619 702 2653 loquor,
715 2618 915 2654 inquitPaulus,
927 2619 952 2645 id
963 2623 1003 2645 est

222 2654 370 2680 scientibus
384 2653 445 2686 quia
465 2655 511 2685 sit,
527 2662 536 2679 ι
557 2658 609 2680 etc.

256 2689 311 2724 (54)
331 2688 379 2715 ills.
393 2696 471 2720 unus,
486 2698 495 2714 ι
510 2688 581 2724 side
596 2689 708 2723 populis.
729 2698 737 2715 ι
754 2689 806 2722 AL,
824 2698 833 2714 ι
849 2689 871 2716 si
885 2688 916 2715 de
934 2694 998 2721 apo-

222 2725 364 2753 stolarum,
385 2732 394 2748 ι
410 2728 474 2754 etc.,
493 2723 572 2750 male.

256 2758 313 2792 (55)
335 2757 380 2784 Ms.
397 2765 475 2789 unus,
491 2767 499 2783 ι
517 2762 543 2784 et
570 2758 609 2785 sic
626 2757 681 2792 qui,
702 2767 711 2783 ›
725 2763 777 2785 etc.
797 2758 900 2785 Deinde
923 2756 998 2786 editi,

225 2802 233 2818 t
246 2793 472 2826 mulicr,spiritui
485 2793 598 2819 tutlmnt.
615 2802 624 2819 ι
644 2792 705 2820 Mss.
725 2794 844 2826 quidam.
860 2801 868 2817 ι
887 2793 982 2819 mulier
993 2811 999 2820 .

950 96 1109 124 ORICENIS

947 2137 970 2154 "
984 2136 1067 2164 Hebr.
1084 2145 1111 2169 x,
1126 2137 1150 2164 1.

1745 101 1785 128 ΙΟἿΞ

1022 158 1041 185 Α
1058 157 1146 183 soluta
1162 161 1203 183 est
1221 164 1234 183 a
1251 156 1308 190 lege
1322 156 1385 183 viri.
1404 166 1412 181 ι
1427 155 1491 189 Qum
1520 161 1606 183 tamen
1633 157 1652 183 si
1673 157 1699 184 de
1717 165 1785 191 aptato

1059 202 1091 227 lis
1104 201 1171 237 (54),
1189 201 1231 228 vel
1245 202 1277 228 de
1292 202 1334 229 his
1349 202 1393 235 qui
1407 209 1438 228 ex
1453 201 1655 228 (it-cutttcisione
1664 202 1785 230 crediderunt

1059 247 1129 273 dicta
1148 247 1345 282 intelligantur,
1376 247 1411 273 nil
1430 246 1641 274 commovebitur
1656 248 1784 281 quaestionis:

1058 293 1160 320 clarttm
1179 300 1293 327 namque
1307 297 1348 319 cst
1363 293 1433 327 quod
1449 293 1475 320 hi
1505 293 1589 326 legem
1608 292 1672 318 velut
1683 293 1747 318 virum
1758 293 1787 318 lu-

1060 339 1183 369 luterunt,
1193 338 1328 372 subcujus
1344 343 1480 372 potestate
1493 338 1625 364 vivebant.
1641 337 1685 364 Sed
1695 337 1730 364 tibi
1741 339 1786 364 venit

1059 384 1196 418 plenitudo
1211 389 1358 418 temporum
1373 385 1407 415 “,
1425 384 1466 411 lex
1492 383 1620 410 inlirtnari
1636 385 1706 416 cmpit
1721 382 1739 408 in
1750 390 1788 408 car-

1059 437 1102 460 ne,
1115 436 1143 456 et
1154 430 1338 456 inlirmitatem
1349 437 1422 456 mors
1433 434 1577 456 consecuta
1587 433 1634 460 est,
1646 434 1667 454 et
1680 427 1697 454 si
1713 427 1786 461 quit‘ﬁ,t

1058 475 1107 502 sub
1121 479 1253 509 potestate
1266 475 1346 510 hujus
1360 475 1410 501 viri
1436 475 1558 501 vixerant
1586 479 1697 508 tanquam
1716 473 1787 503 mulier,

1060 527 1164 548 mortua
1190 521 1280 548 littera
1299 522 1406 555 spiritui
1430 521 1534 547 ttttbuut
1554 520 1655 547 Christo
1676 521 1786 547 credentes.

1059 567 1089 594 lli
1110 575 1172 594 vero
1187 567 1231 601 qui
1251 575 1283 594 ex
1300 568 1422 602 gentibus
1449 567 1564 594 Domino
1584 566 1743 597 crediderunt,
1755 572 1787 591 non

1058 613 1220 640 videbuntur
1237 613 1292 647 (56)
1317 613 1366 639 sub
1385 613 1463 648 hujus
1493 613 1556 645 viri,
1585 612 1610 638 id
1626 617 1661 638 est
1685 611 1727 638 sub
1747 610 1789 644 legis

1058 662 1191 692 potestate
1206 659 1316 691 vixisse,
1336 666 1384 686 nec
1401 659 1528 686 habuisse
1542 659 1626 685 virum
1645 658 1704 692 legis
1718 665 1789 684 sermo-

1058 711 1129 730 nem.
1143 703 1338 731 Testimonium
1352 710 1441 731 autem
1458 704 1537 738 hujus
1554 704 1602 737 rei,
1619 705 1642 731 id
1653 709 1688 731 est
1711 704 1762 738 quoi
1774 703 1790 730 lii

1057 749 1102 783 qui
1119 756 1153 775 ex
1167 749 1374 776 circumcisione
1395 754 1458 777 sunt
1474 750 1523 776 sub
1548 750 1605 776 vit’o
1617 750 1713 781 fuerint,
1726 750 1745 775 lli
1758 756 1789 774 an-

1059 799 1111 821 tem
1130 794 1176 828 qui
1193 802 1226 822 ex
1249 795 1374 828 gentibus
1398 795 1456 822 sine
1471 795 1539 827 viro,
1555 795 1634 822 Isaias
1646 795 1745 822 declarat
1762 789 1788 820 ili"—

1057 848 1120 868 cens
1134 840 1189 875 (57)
1203 850 1209 867 :
1224 850 1232 866 t
1252 840 1354 868 Laetare
1365 841 1464 868 sterilis
1481 849 1540 876 quae
1558 849 1608 869 non
1623 841 1696 876 paris,
1711 847 1789 873 erumpe

1056 890 1083 912 et
1092 885 1177 912 clama
1193 893 1251 920 quae
1264 894 1315 912 non
1330 886 1466 919 parturis;
1494 887 1622 921 quoniam
1639 886 1703 912 tuttlti
1718 885 1753 911 ﬁlii
1762 887 1791 910 ilc—

1057 936 1146 964 εει-ιλιι,
1161 931 1245 967 magis
1259 940 1339 966 qttam
1353 931 1410 965 ejus
1424 939 1484 966 quae
1500 932 1582 959 habet
1595 933 1674 958 virutn
1684 931 1711 958 ".
1728 939 1735 956 ι
1749 930 1790 956 llul~

1057 983 1098 1006 tos
1120 977 1189 1005 ﬁlios
1200 978 1265 1005 dicit
1279 978 1394 1005 deserta:
1407 978 1491 1013 magis
1515 986 1596 1012 quam
1615 979 1668 1012 ejus
1680 976 1792 1012 quahabet

1058 1024 1156 1056 virum,
1168 1024 1238 1058 qttod
1254 1023 1337 1050 multo
1356 1024 1445 1058 plures
1460 1031 1492 1051 ex
1503 1024 1630 1058 gentibus
1643 1030 1712 1057 quam
1722 1029 1747 1048 ex
1757 1021 1792 1046 cir-

1057 1070 1224 1097 cumcisione
1235 1069 1417 1101 crediderint;
1434 1073 1461 1096 et
1478 1069 1597 1096 ostendit
1609 1076 1663 1096 eam
1679 1075 1728 1102 qua:
1740 1067 1793 1093 halat

1059 1115 1156 1147 virum,
1171 1115 1341 1150 Synagogant
1358 1121 1418 1141 esse
1433 1113 1487 1148 (58)
1499 1121 1559 1148 quae
1576 1114 1652 1140 habet
1666 1112 1749 1147 legem;
1761 1111 1794 1136 τῖεν

1057 1165 1157 1188 sertam
1175 1168 1249 1192 vero,
1267 1165 1293 1188 et
1310 1168 1420 1196 vagam,
1436 1168 1468 1187 ac
1483 1161 1541 1187 sine
1556 1159 1608 1187 ulla
1624 1162 1739 1194 potestate
1750 1156 1794 1190 legis

1059 1207 1204 1237 viventem,
1225 1207 1344 1241 gentium
1362 1205 1580 1238 multitudinem,
1605 1211 1661 1239 qute
1684 1208 1708 1230 et
1723 1202 1794 1229 sterilis

1058 1257 1135 1285 erat,
1154 1252 1253 1280 nullius
1268 1251 1380 1287 legitimi
1395 1251 1468 1278 verbi
1484 1251 1624 1285 proferens
1646 1256 1747 1284 germen.
1761 1246 1795 1273 PI.»-

1059 1299 1131 1325 ttitur
1144 1305 1210 1332 ergo
1229 1298 1255 1324 itt
1275 1298 1316 1324 his
1331 1297 1364 1324 ab
1388 1297 1517 1330 Apostolo
1544 1296 1624 1322 homo
1647 1295 1686 1329 qui
1706 1294 1746 1320 sub
1758 1292 1795 1325 lete

1059 1345 1132 1374 vivit,
1148 1349 1276 1378 tanquam
1292 1344 1388 1370 mulier
1399 1352 1459 1378 qua:
1475 1343 1525 1370 sub
1543 1343 1601 1370 viro
1615 1347 1663 1369 est.
1681 1340 1758 1368 Virum
1769 1346 1796 1363 tt-

1060 1395 1111 1416 tcm
1125 1390 1198 1424 pouit
1210 1397 1360 1417 sermonem
1378 1389 1453 1424 legis,
1468 1396 1549 1423 quem
1564 1393 1649 1415 tamen
1663 1386 1737 1412 virum
1748 1390 1796 1410 mtu-

1061 1440 1134 1463 tuunt
1150 1436 1215 1463 dicit
1231 1435 1298 1471 (59),
1313 1436 1358 1470 qui
1374 1439 1416 1462 est
1432 1434 1583 1462 secundum
1611 1433 1716 1460 litteram
1734 1436 1796 1457 sermo

1021 1486 1042 1513 c
1059 1481 1134 1515 legis.
1155 1481 1207 1508 Sed
1225 1481 1246 1507 is
1263 1480 1398 1514 quomodo
1425 1479 1462 1506 sit
1479 1483 1617 1509 tnortuus,
1643 1474 1796 1510 pervidendum

1059 1532 1110 1554 est.
1135 1526 1226 1553 Potest
1241 1525 1349 1560 quidem
1365 1525 1445 1552 ctiam
1468 1524 1494 1550 in
1512 1525 1564 1551 hoc
1582 1522 1661 1549 videri
1677 1520 1726 1554 (60)
1748 1524 1795 1545 mor-

1059 1577 1130 1602 tuus,
1152 1579 1213 1598 cum
1237 1571 1367 1606 spiritalis
1385 1569 1564 1604 intelligentia
1590 1566 1737 1594 excluditet
1750 1562 1797 1590 velut

1059 1617 1188 1644 interimit
1205 1616 1384 1650 corporalem,
1400 1621 1425 1642 ct
1442 1615 1562 1642 ostendit
1575 1611 1742 1647 reiagiendam
1758 1614 1795 1635 esse

1057 1661 1224 1688 occidentem
1251 1660 1381 1693 litteram,
1407 1665 1434 1687 et
1460 1659 1626 1694 sequendum
1656 1656 1796 1683 viviﬁcantem

1057 1707 1194 1742 spiritum.
1212 1706 1266 1733 Sed
1294 1711 1322 1733 et
1343 1706 1394 1733 ltoc
1413 1706 1491 1732 modo
1509 1709 1632 1732 tnortuus
1659 1709 1715 1729 esse
1728 1699 1762 1727 hic
1773 1697 1798 1722 Vir

1057 1752 1206 1779 evidentius
1219 1751 1422 1785 approbabitur.
1440 1751 1547 1778 Etenim
1561 1750 1643 1776 donec
1655 1750 1695 1775 lex
1708 1746 1798 1773 umbrat:

1058 1796 1168 1830 gerebat
1184 1796 1335 1823 futurorum
1349 1797 1480 1823 bonorum
1495 1796 1529 1827 ",
1543 1800 1571 1822 et
1585 1795 1610 1821 in
1621 1792 1753 1821 Jerusalem
1763 1794 1798 1815 ter-

1058 1849 1123 1869 rena
1136 1842 1192 1878 (6i)
1206 1842 1324 1869 cmlestis
1340 1841 1453 1869 cultura:
1466 1846 1544 1876 typus
1558 1846 1584 1868 et
1612 1841 1695 1873 imago
1718 1836 1799 1872 geret)»-

1059 1891 1111 1920 tur,
1125 1892 1150 1914 ct
1169 1887 1253 1915 altare
1269 1889 1408 1918 manebat,
1420 1886 1643 1918 etsacerdotium,
1653 1890 1737 1911 sermo
1747 1881 1798 1914 legis,

1059 1933 1148 1960 littera
1181 1932 1316 1965 videlicet,
1341 1933 1433 1959 vivere
1458 1932 1515 1967 (62)
1541 1932 1686 1958 videbatur.
1708 1928 1798 1956 Nondum

1057 1977 1128 2004 enim
1147 1977 1289 2004 introierat
1299 1978 1326 2004 in
1342 1982 1435 2004 sancta
1445 1984 1498 2004 tton
1508 1975 1659 2004 manufacta
1671 1970 1798 2002 Christus".

1056 2030 1106 2050 uec
1128 2027 1280 2050 accesserat
1301 2022 1333 2050 ad
1356 2022 1477 2050 velamen
1503 2022 1627 2054 interius,
1644 2020 1713 2056 quod
1728 2015 1799 2046 adllc-

1043 2102 1066 2118 ⁸⁰
1080 2101 1089 2127 l
1102 2101 1163 2129 Cor.
1179 2109 1218 2132 ιι,
1238 2101 1283 2128 20.
1320 2101 1342 2117 ⁵¹
1355 2100 1436 2128 JOan.
1451 2100 1554 2134 qul.

1189 2137 1213 2152 "
1224 2136 1307 2164 Hebr.
1323 2143 1362 2169 ιχ,
1377 2136 1421 2162 24.

1593 2101 1614 2116 ¹¹¹
1623 2099 1643 2127 ll
1657 2100 1716 2128 Cor.
1727 2107 1760 2130 tu,
1772 2099 1798 2125 li.

1020 2206 1040 2233 Ι)
1055 2202 1214 2229 maritaliter
1227 2201 1335 2235 spiritui
1357 2201 1469 2228 nubent.
1487 2211 1496 2227 ι
1517 2200 1570 2227 Sed
1588 2202 1685 2228 rectius
1700 2209 1755 2228 mss.
1768 2208 1798 2226 nn-

1055 2238 1103 2264 stri
1128 2242 1155 2263 et
1182 2236 1322 2270 Rabanus,
1340 2245 1349 2262 ‹
1372 2236 1478 2269 mulier,
1495 2240 1600 2263 mortua
1616 2235 1702 2263 littera
1724 2235 1798 2270 spiritui

1056 2272 1168 2298 nubunt.
1191 2282 1200 2297 ι

1090 2306 1146 2341 (56)
1166 2305 1250 2336 Editi,
1270 2315 1278 2331 t
1299 2305 1330 2332 ili
1357 2313 1420 2333 vero
1435 2305 1481 2340 qui
1499 2313 1530 2332 ex
1564 2306 1687 2340 gentibus
1710 2305 1798 2332 credide—

1057 2346 1128 2373 runt,
1147 2341 1260 2367 Domino
1277 2341 1459 2371 crediderunt,
1483 2346 1510 2367 et
1523 2349 1576 2367 tton
1597 2341 1729 2371 videntur,
1743 2350 1749 2365 I
1763 2344 1795 2365 etc.

1091 2376 1145 2411 (57)
1167 2376 1215 2402 Ms.
1239 2382 1321 2411 unus,
1337 2383 1351 2411 ιν
1366 2376 1448 2402 Isaias
1461 2376 1534 2402 dabit
1549 2376 1653 2403 dicens.
1671 2385 1680 2401 ι
1696 2375 1797 2402 Datianus

1056 2418 1065 2435 ‹
1083 2409 1166 2437 lsaias
1181 2410 1316 2436 clamabat
1328 2410 1428 2437 dicens.
1449 2420 1458 2436 ι

1088 2445 1143 2479 (58)
1166 2445 1239 2471 Esse.
1257 2444 1284 2470 ln
1302 2445 1382 2471 editis
1391 2445 1539 2479 omittitur.

1088 2479 1143 2515 (59)
1161 2479 1206 2507 Sic
1226 2486 1277 2515 ms.
1292 2478 1480 2515 unusaCmteri
1497 2486 1560 2515 vero
1574 2486 1656 2511 mss.;
1672 2478 1798 2506 Rabannul

1052 2513 1153 2545 edi‘ti,'«
1177 2513 1318 2541 mortalem
1332 2514 1407 2544 dicit,
1426 2523 1435 2539 ι
1455 2514 1534 2540 male.

1090 2549 1146 2584 (60)
1164 2549 1245 2579 Editi,
1264 2557 1273 2573 ι
1293 2548 1484 2582 previdendum
1502 2554 1554 2575 est.
1577 2547 1667 2575 Potest
1681 2546 1797 2583 quidemi-

1056 2584 1106 2610 ltoe
1119 2584 1213 2611 videri.
1236 2592 1244 2607 ι
1259 2584 1359 2610 omisso
1376 2592 1384 2608 I
1397 2584 1491 2609 etiam.
1509 2592 1516 2607 ι

1080 2617 1134 2652 (61)
1149 2618 1230 2649 Editi,
1247 2628 1257 2644 ι
1275 2623 1302 2646 et
1321 2619 1461 2646 inhiabant
1475 2619 1501 2646 in
1520 2625 1646 2651 terrena;
1665 2630 1673 2645 i
1692 2620 1795 2646 [tabanus

1045 2653 1135 2689 vetiti
1152 2653 1318 2681 llierusalem
1334 2659 1450 2681 terrena.
1470 2663 1478 2678 I
1495 2654 1558 2682 Mss.
1567 2655 1676 2689 quidam
1693 2656 1757 2681 alius.
1770 2657 1796 2677 ιιί

1043 2686 1164 2721 inhiabat
1184 2689 1312 2721 terrenis;
1331 2698 1340 2714 ι
1362 2689 1441 2721 alius,
1456 2693 1485 2716 et
1500 2699 1508 2714 ι
1527 2686 1668 2717 inhiabant
1682 2696 1777 2717 terrena.
1791 2698 1793 2709 ι

1043 2720 1358 2760 Sedapotioresrmss.7ut
1372 2725 1397 2750 in
1408 2729 1506 2760 nostro
1523 2729 1608 2751 textu.
1781 2756 1783 2760 _

1067 2757 1134 2818 1(ltiti)
1158 2757 1281 2785 Videlicet
1297 2759 1387 2785 virere.
1408 2758 1470 2786 llaec
1492 2760 1574 2787 verba
1594 2760 1766 2788 desiderantur
1781 2757 1794 2781 iu

1078 2801 1083 2818 1
1099 2801 1130 2818 lS.

1043 2798 1130 2819 C(llllS.
