1831 3052
29 140 95 168 1075

495 138 673 168 COMMENT.
694 139 728 167 ΙΝ
744 138 853 167 EPIST.
873 137 918 166 AD
936 139 1019 166 ΗΘΜ.
1038 139 1100 166 LIB.
1120 139 1164 166 Vl.

1570 142 1636 170 1074

25 198 111 224 llraPOS
122 193 390 230 scribensApostolus
401 193 423 210 ³⁷
432 202 540 222 carnem
548 195 806 224 Cliristiesseinterv
820 197 843 224 Α
857 203 955 229 corpus
971 195 1083 229 Christi,
1105 196 1130 222 in
1156 203 1209 230 quo
1232 202 1347 231 corpore
1372 194 1428 231 (69)
1458 205 1467 222 ‹
1482 196 1639 232 iniquitates

24 240 209 275 prclalttLUDl
219 248 280 268 vero
296 249 306 266 ί
325 240 438 267 Verbum
450 247 513 267 caro
521 241 618 268 factum
631 246 681 274 est,
693 242 804 268 ethabi-

23 286 88 313 lule
100 287 126 313 iu
140 286 215 312 nobis
228 285 297 316 ",Hl
307 286 449 320 praesentia
462 285 518 319 ejus
531 285 679 314 Jerusalem
695 291 801 314 terrena

24 339 80 358 cum
105 330 203 365 templo
219 330 276 365 (65)
296 335 323 357 et
341 331 430 362 altari,
446 335 527 365 atque
546 332 670 359 omnibus
686 340 745 366 qua:
766 332 801 359 ibi

21 376 193 411 gerebantur,
207 383 300 403 eversa
317 381 369 403 est.
379 375 454 403 Tunc
465 381 587 404 mortuus
597 382 638 404 est
646 378 688 405 vir
696 379 764 411 ejus,
777 378 802 405 id

21 427 59 448 est
70 422 217 449 secundum
230 421 346 448 litteram
364 421 416 448 lex.
430 422 469 448 An
480 422 706 456 nonjuredicilur
716 424 742 450 in
752 424 801 451 hac

20 473 94 501 parte
110 473 230 495 tnortuus
243 475 333 495 sermo
349 467 424 502 legis,
436 467 478 494 cui
493 468 565 495 nulla
579 469 725 501 sacriﬁcia,
739 470 801 496 nul-

19 515 70 539 lum
97 513 291 544 sacerdotium,
309 512 379 540 trulla
399 513 509 541 Levitici
532 514 635 542 ordinis
650 515 800 542 ministeria

19 557 192 585 deferuntur?
205 557 371 584 Homicidam
381 560 475 593 punire
485 567 538 586 non
548 564 645 594 potest,
664 568 713 588 nec
726 561 802 587 adul-

19 608 102 631 teram
120 603 174 639 (64)
189 604 308 638 lapidare
322 613 329 631 :
347 604 404 631 htec
416 604 486 631 enim
499 606 548 633 sibi
564 606 686 633 vindicat.
701 607 801 633 Roma-

18 657 112 676 norum
131 654 267 684 potestas:
287 655 314 677 et
329 650 436 677 dubitas
449 651 537 679 adhuc
554 652 575 679 si
589 656 693 679 mortua
707 653 742 679 sit
756 660 799 680 se-

17 695 132 722 cundum
144 695 261 722 litteram
275 695 338 722 lex?
351 696 404 723 Ter
421 697 446 724 in
461 705 532 724 anno
544 705 675 733 apparere
685 698 799 726 Domino

15 740 101 767 omnis
115 739 250 767 masculus
260 748 312 767 non
325 742 446 769 ascendit
459 743 515 777 (65)
527 752 533 769 :
544 744 602 770 ovis
615 743 641 770 in
653 743 799 772 festivitate

15 783 124 811 Pascha:
137 784 162 810 in
181 785 290 812 civitate
308 793 388 819 quam
414 787 526 822 elegisse
537 793 646 822 putatur
671 789 799 817 Dominus

15 827 82 856 Deus
95 829 166 857 nulla
179 830 334 865 jugulatur;
344 831 471 867 manipuli
493 833 672 867 primitiarum
689 843 742 862 non
757 836 798 862 of-

15 874 146 908 feruntur,
166 875 238 902 nulla
248 876 402 903 celebratur
412 878 527 912 oblatio;
539 879 609 907 nulla
623 880 708 915 lepra,
727 881 798 909 nulla

14 925 142 954 purgatur
153 921 323 948 immunditia
340 921 407 957 (66).
422 922 455 950 Ει
470 923 587 951 dubitari
604 930 691 959 potest
706 927 732 953 in
755 927 798 955 his

13 966 135 993 omnibus
148 971 281 994 mortuam
296 975 355 995 esse
368 967 485 995 litteram
495 969 580 1005 legis?
591 971 657 998 Cum
668 979 732 1006 ergo
745 973 797 1000 cla-

14 1011 95 1038 ruerit
105 1019 155 1046 per
168 1012 226 1040 hme
241 1014 333 1040 omnia
354 1021 488 1042 mortuum
501 1020 562 1044 esse
571 1017 656 1044 virum
666 1018 794 1052 priorem,

16 1057 84 1084 nulla
96 1059 288 1093 praevaricatio
309 1064 351 1087 est
371 1060 480 1088 Christo
497 1066 624 1098 tanquam
643 1064 700 1090 viro
716 1064 794 1092 alteri

13 1102 120 1136 sociari,
132 1104 204 1131 sicut
219 1105 324 1133 mulieri
342 1108 444 1134 crimen
463 1116 516 1135 non
537 1113 579 1136 est
592 1110 614 1136 si
637 1110 694 1137 viro
706 1111 795 1145 priore

14 1147 137 1176 defuncto
151 1151 280 1186 suscipiat
301 1153 419 1180 secunda
439 1155 583 1183 connubia.
604 1155 637 1182 Et
652 1161 792 1191 propterea

12 1193 92 1221 dicit:
105 1194 325 1230 tlgiturviveute
338 1198 397 1224 viro
408 1199 644 1233 coguominabitur
655 1201 790 1234 adultera,

12 1238 31 1264 si
44 1238 123 1267 fuerit
131 1247 193 1267 cum
204 1239 257 1268 alio
264 1241 334 1274 viro,
342 1252 351 1268 ι
363 1247 390 1269 ιιι
400 1245 526 1271 ostendat
536 1246 599 1279 quia
609 1250 635 1273 et
647 1247 735 1274 anima
746 1249 793 1274 ho-

13 1285 98 1318 minis,
122 1286 144 1312 si
158 1285 217 1320 jam
230 1287 305 1314 venit
325 1289 357 1315 ad
375 1288 528 1322 Christum,
556 1296 584 1318 et
598 1291 708 1320 Christo
719 1293 792 1320 velut

12 1331 126 1358 secundo
138 1331 198 1359 viro
213 1333 316 1360 sociata
325 1340 376 1366 est,
386 1335 456 1361 nullo
466 1342 565 1368 genere
579 1338 669 1364 vivere
678 1339 702 1365 ei
712 1339 791 1366 debet

12 1380 126 1404 vetustas
140 1377 248 1411 litterae,
265 1386 324 1414 quae
339 1384 381 1407 est
395 1382 471 1415 quasi
486 1383 559 1417 prior
579 1384 629 1416 vir,
642 1392 676 1412 ne
691 1385 758 1413 forte
765 1386 788 1413 si

10 1419 86 1456 579
103 1422 179 1449 illum
192 1423 291 1451 habeat
311 1425 338 1452 in
352 1433 381 1452 se
403 1427 546 1462 viventem,
562 1429 696 1457 elliciatur
712 1432 789 1459 adul-

10 1471 71 1500 tera,
87 1476 148 1503 quas
165 1469 200 1496 ita
215 1471 333 1498 secundo
347 1473 449 1500 sociata
464 1479 515 1506 est,
534 1480 562 1502 ut
577 1476 600 1503 ei
612 1477 701 1505 adhuc
714 1478 788 1506 vive-

855 247 961 268 nOstras
975 242 1045 274 tulit,
1067 246 1094 268 et
1110 246 1220 276 peccata
1233 247 1324 269 nostra
1343 243 1461 276 portavit
1473 243 1507 274 ‘°,
1522 253 1531 269 ι
1556 249 1584 270 et
1613 244 1638 270 in

854 294 906 321 quo
922 287 997 314 exuit
1018 287 1203 322 «principatus
1228 291 1255 314 et
1279 292 1437 321 potestates,
1467 288 1639 322 triumphans

853 340 899 359 cas
916 332 940 359 iu
955 333 1100 366 semetipso
1111 333 1144 359 ⁸⁸.
1157 342 1166 358 ι
1185 332 1378 359 Festinandum
1393 338 1434 360 est
1449 341 1513 367 ergo
1525 335 1557 361 ad
1573 335 1639 363 istas

852 378 986 404 secundus
1001 378 1120 412 nuptias,
1136 386 1196 413 qua)
1209 379 1345 405 beatiores
1363 384 1425 406 sunt
1450 380 1534 406 multo
1553 388 1635 414 quium

852 423 956 457 prima).
974 423 1006 450 Et
1027 424 1090 451 vide
1110 425 1132 451 si
1154 425 1224 451 forte
1238 424 1294 459 jam
1317 430 1382 452 tunc
1403 425 1446 452 lex
1468 427 1521 452 tale
1544 427 1638 454 nescio

852 469 914 503 quid
927 469 1383 506 adumbrabatineo,cuutjubebat
1400 471 1455 506 (70)
1476 477 1504 498 ut.
1528 472 1635 506 tnulier,

852 519 958 542 mortuo
975 516 1064 550 priore
1084 517 1154 548 viro,
1182 517 1213 544 de
1227 525 1281 552 quo
1303 525 1395 545 semen
1412 526 1464 544 non
1478 524 1637 552 susceperat

852 560 925 597 (talis
941 561 1012 588 enim
1039 561 1128 588 fuerat
1143 562 1187 596 qui
1207 562 1324 589 fructum
1343 571 1394 590 non
1414 569 1505 598 posset
1527 563 1635 599 aﬂ'erre)

847 606 990 640 juberelur
1003 608 1080 634 fratri
1093 607 1151 641 ejus
1164 608 1267 635 nubere
1281 608 1319 636 θ’.
1337 608 1432 636 Frater
1442 609 1513 636 enim
1530 611 1636 636 videtur

851 652 921 687 legis
946 652 1044 680 litterae
1068 654 1216 681 secundum
1241 654 1366 689 spiritum
1387 655 1441 688 lcx,
1467 660 1497 682 ut
1515 657 1547 682 de
1578 656 1635 689 ipso

851 699 939 732 magis
953 699 1049 726 mulier
1063 699 1161 726 afferat
1176 700 1305 727 fructum.
1323 701 1376 729 Sed
1405 702 1462 729 lucc
1480 702 1585 736 plenius
1608 702 1633 728 in

850 742 918 770 locis
941 744 998 771 suis
1019 745 1204 779 requirentur.
1230 745 1308 773 Nunc
1329 751 1430 779 autem,
1458 752 1486 774 ut
1505 747 1634 780 diximus,

849 787 924 822 prius
942 788 1112 816 moriendum
1133 794 1176 817 est
1193 790 1244 825 legi
1265 791 1380 824 litterae,
1406 797 1435 819 ut
1450 792 1488 819 sic
1506 792 1634 828 conjungi

850 834 984 868 possimus
995 834 1114 869 Christo,
1129 837 1173 871 qui
1186 844 1218 863 ex
1232 839 1346 865 mortuis
1362 840 1523 868 resurrexit.
1542 839 1634 867 Potest

814 865 835 892 Β
850 885 939 906 autem
968 879 1025 907 fieri
1041 885 1069 907 ut
1085 881 1135 909 hoc
1150 889 1201 909 non
1216 882 1304 910 solum
1328 884 1360 911 de
1383 884 1442 919 lege
1468 885 1553 921 Moysi
1573 894 1633 920 qtue

848 929 892 952 est
917 926 1067 953 secundum
1092 927 1211 954 litteram
1243 929 1384 961 sentiatur,
1419 930 1466 957 sed
1496 931 1528 957 de
1558 932 1632 958 omni

848 970 959 998 homine
971 970 1027 1007 (Ἡ)
1040 980 1047 998 :
1064 972 1191 1007 quoniam
1206 978 1310 1000 certutu
1327 976 1449 1009 estquod
1468 976 1633 1010 quibuscuu-

847 1023 900 1050 que
913 1016 1058 1050 institutis,
1070 1018 1277 1054 quibuscunque
1293 1020 1415 1047 moribus
1434 1027 1541 1055 agatur,
1555 1023 1632 1056 quasi

846 1063 896 1090 Sub
911 1062 969 1097 lege
982 1063 1033 1090 hac
1051 1071 1105 1098 qua
1126 1064 1212 1091 utitur
1235 1065 1326 1092 vivere
1346 1067 1497 1093 credendus
1513 1074 1573 1095 est:
1589 1068 1631 1095 cui

846 1106 938 1140 utique
957 1107 998 1133 vel
1018 1107 1076 1141 ipse
1103 1108 1170 1135 mori
1188 1109 1278 1138 debet.
1303 1110 1345 1137 vel
1372 1110 1431 1145 ipsa
1447 1111 1484 1138 illi
1503 1112 1570 1148 (72),
1597 1120 1631 1140 ne

844 1151 915 1179 forte
931 1152 981 1179 sub
1001 1153 1054 1180 alio
1073 1153 1132 1180 viro
1148 1155 1235 1188 posita
1255 1155 1344 1182 anima
1368 1156 1402 1183 ad
1421 1157 1559 1185 Christum
1585 1167 1631 1186 ve-

844 1198 931 1231 niens,
950 1206 1002 1225 non
1020 1204 1072 1226 tam
1091 1200 1197 1234 nuptias
1216 1200 1274 1234 ejus
1293 1201 1379 1235 adire,
1400 1210 1481 1237 quam
1505 1204 1629 1233 adultera

843 1243 911 1271 θα]ςὶ
928 1244 1062 1278 videatur,
1083 1245 1182 1280 quippe
1204 1246 1225 1273 si
1251 1247 1350 1281 prioris
1379 1247 1439 1284 (75)
1460 1249 1549 1277 adhuc
1576 1251 1628 1278 viri

842 1290 946 1324 legibus
961 1290 1038 1318 vivit.
1064 1291 1139 1324 Quod
1169 1296 1258 1319 tamen
1281 1293 1423 1327 Apostolus
1445 1295 1496 1322 alia
1517 1304 1626 1324 rursum

843 1335 927 1371 ﬁgura
942 1337 974 1364 ad
992 1337 1115 1364 eumdem
1131 1345 1240 1364 sensum
1257 1338 1313 1373 (74)
1328 1340 1525 1374 explanationis
1543 1342 1625 1368 addu-

840 1382 888 1408 cit.
902 1381 1046 1417 Subjungit
1061 1383 1133 1410 enim
1150 1391 1156 1408 :
1176 1384 1258 1412 «Cum
1271 1385 1343 1413 enim
1356 1392 1478 1414 essemus
1493 1387 1518 1414 in
1533 1395 1625 1420 carue,

841 1427 904 1454 vitia
919 1432 1093 1461 peccatorum
1111 1437 1171 1464 qua:
1194 1438 1242 1465 per
1261 1431 1348 1465 legem
1364 1437 1453 1466 erant,
1476 1434 1627 1468 operaban-

840 1478 884 1500 tur
916 1474 944 1502 in
968 1475 1097 1503 membris
1121 1478 1223 1506 nostris
1250 1484 1279 1506 ut
1305 1479 1502 1507 fructificarent
1534 1484 1625 1511 morti.

10 1518 46 1539 ret
62 1513 137 1547 prior
153 1514 221 1549 (67).
234 1515 290 1543 lloc
308 1521 349 1544 est
368 1518 438 1552 quod
459 1526 507 1553 per
523 1520 600 1547 aliam
624 1522 733 1557 ﬁguram
761 1529 788 1552 ει
801 1535 822 1564 α
839 1519 915 1548 Nunc
943 1526 1033 1549 autem
1062 1522 1142 1549 soluti
1167 1531 1261 1551 sumus
1285 1532 1300 1551 a
1318 1524 1377 1559 lege
1396 1527 1505 1559 mortui,
1524 1527 1548 1554 iu
1571 1536 1624 1562 qua

11 1555 34 1583 in
49 1559 238 1593 superioribus
253 1561 332 1595 dixit,
347 1563 410 1596 quia
431 1563 499 1590 mori
520 1565 595 1598 prius
615 1555 737 1601 oportet,
761 1574 788 1596 et

8 1602 41 1628 ita
56 1605 221 1638 consepeliri
236 1605 358 1634 Christo.
374 1607 495 1643 Denique
511 1610 592 1638 etiam
609 1612 660 1639 hoc
675 1613 749 1640 addit
761 1614 786 1641 in

8 1647 201 1680 posterioribus
218 1659 224 1677 :
247 1651 370 1686 «itaque,
390 1652 488 1681 fratres
501 1656 565 1689 mei,
581 1660 608 1683 et
621 1664 669 1684 vos
687 1660 785 1686 mortui

8 1692 69 1719 estis
85 1692 138 1728 legi
157 1701 205 1728 per
216 1702 315 1729 c0rpus
327 1696 441 1731 Christi,
456 1703 484 1726 ut
498 1700 557 1728 sitis
568 1701 679 1729 alterius
694 1703 739 1737 qui
752 1712 785 1731 ex

9 1739 115 1765 mortuis
134 1741 303 1774 resurrexit,
320 1746 349 1769 ut
365 1742 562 1773 fructificemus
587 1746 641 1774 Deo
653 1748 676 1764 '9
690 1749 756 1783 (68).
774 1759 783 1775 ι

10 1780 83 1811 Vides
99 1786 248 1820 quomodo,
265 1787 329 1816 licet
351 1788 498 1824 ﬁgurarum
521 1791 668 1821 diversitas
693 1780 785 1822 videa-

8 1832 57 1861 ιυι,
69 1832 102 1858 ad
127 1838 213 1858 unum
240 1836 330 1861 tamen
355 1841 464 1863 sensum
489 1842 586 1865 cuncta
614 1845 784 1867 revocantur.

8 1871 68 1900 Nam
80 1880 107 1903 et
123 1877 198 1910 quod
211 1877 297 1912 legem
316 1879 394 1906 nobis
412 1885 545 1909 mortuam
557 1882 634 1916 dicit,
648 1884 697 1912 hoc
713 1885 785 1912 idem

8 1919 56 1946 vult
70 1920 282 1957 intelligi,quod
300 1929 328 1951 et
351 1932 401 1952 nos
419 1927 517 1954 mortui
545 1935 638 1956 sumus
662 1929 714 1965 legi
735 1938 785 1965 per

841 1567 1040 1600 detinebamur,
1055 1569 1091 1594 ita
1111 1573 1140 1595 ut
1152 1570 1305 1598 serviamus
1325 1572 1351 1598 in
1370 1572 1488 1600 novitate
1502 1574 1625 1607 spiritus,

840 1617 868 1640 ct
883 1620 935 1639 non
950 1614 976 1640 in
992 1619 1127 1641 vetustate
1147 1614 1256 1642 littera).
1271 1625 1281 1642 ι
1297 1615 1418 1651 Apparet
1430 1623 1457 1645 et
1473 1618 1499 1644 in
1516 1618 1570 1652 his,
1597 1623 1625 1646 ut

841 1658 866 1684 in
892 1659 1081 1693 superioribus
1102 1667 1150 1694 per
1169 1661 1322 1696 exemplum
1339 1663 1478 1697 cujusdam
1497 1665 1625 1692 similitu-

839 1704 909 1732 dinis
935 1705 1055 1732 diximus
1072 1705 1139 1739 (75),
1167 1705 1279 1734 Paulum
1295 1715 1329 1734 ex
1350 1708 1403 1735 alio
1423 1709 1449 1736 in
1470 1710 1541 1737 aliud
1556 1718 1623 1738 con-

838 1749 914 1777 clave
928 1750 1039 1778 incertis
1062 1755 1089 1777 et
1111 1751 1226 1778 occultis
1252 1754 1395 1786 gressibus
1414 1755 1529 1789 digredi.
1555 1757 1622 1783 Curti

837 1796 909 1822 enim
934 1795 960 1821 in
979 1796 1166 1830 superioribus
1183 1796 1217 1823 de
1242 1796 1302 1832 lege
1325 1797 1422 1826 litterte
1446 1800 1622 1836 disputasset,

838 1840 908 1875 quod
925 1840 1017 1874 utique
1031 1841 1064 1867 ad
1080 1848 1126 1868 eos
1140 1841 1277 1869 videretur
1291 1848 1394 1871 tantum
1407 1845 1496 1879 quies
1507 1846 1624 1874 circum-

839 1885 943 1913 cisione
959 1886 1142 1918 crediderant,
1169 1888 1327 1922 pertinere:
1345 1897 1418 1917 nunc
1439 1891 1532 1919 latenti
1553 1901 1621 1928 qua-

838 1931 900 1958 dam
916 1931 1095 1959 conversione
1103 1932 1194 1960 carnis
1208 1937 1235 1960 et
1249 1933 1376 1962 vitiorum
1393 1936 1503 1964 discutit
1523 1937 1621 1973 legem,

38 1988 58 2004 "’
72 1987 156 2015 Hebr.
170 1988 251 2021 x,20.
289 1989 311 2006 ⁸⁸
324 1989 401 2018 Joan.
415 1999 435 2024 r,
447 1992 490 2021 Η.
529 1993 552 2009 ¹⁹
573 1993 651 2022 Rom.
666 2003 715 2028 vu,
727 1997 754 2024 4.
792 1998 814 2014 ⁶⁰
833 1998 897 2026 lsai.
913 2005 970 2030 Llll,
985 1997 1014 2031 4,
1030 1998 1073 2027 ll.
1111 1998 1130 2014 "
1143 1998 1247 2027 Coloss.
1261 2007 1290 2033 tt,
1306 2001 1350 2029 l5.
1387 2003 1409 2018 "
1422 2003 1498 2031 Deut.
1517 2013 1580 2038 xxv,
1593 2006 1621 2034 5.

37 2061 90 2098 (65)
105 2062 154 2090 Sic
165 2069 214 2090 ms.
229 2070 298 2090 unus
314 2068 340 2090 et
353 2063 489 2092 Rabanus.
508 2065 578 2094 Editi
597 2075 662 2095 vero
674 2073 700 2096 et
714 2077 779 2098 mss.

7 2096 137 2136 quidam,¢
152 2098 320 2136 aprtcseutia
339 2099 397 2133 ejus
424 2099 468 2136 les
485 2107 545 2136 cum
574 2103 682 2136 templo,
698 2113 708 2130 ι
726 2096 779 2132 etc.

7 2130 72 2157 Alter
84 2139 137 2159 ms.
154 2130 251 2168 codex,
272 2141 281 2158 ‹
299 2140 331 2160 ac
344 2130 487 2167 prmsentia
499 2130 713 2168 ejusJeru'salém
728 2130 782 2166 te};

7 2171 62 2191 rene
79 2173 143 2193 cum
157 2166 268 2200 templo,
288 2176 297 2192 ι
309 2166 363 2194 etc.

39 2199 92 2235 164)
111 2201 201 2232 Editi,
215 2199 228 2226 ⁷(
246 2209 295 2228 nec
309 2203 474 2232 adulterum.
493 2213 502 2229 ι

38 2234 91 2268 (65)
109 2235 193 2265 Editi.
207 2244 216 2260 ι
229 2235 324 2275 litterae
340 2238 413 2275 l_ex._r
429 2238 529 2275 Deinde
544 2247 596 2267 ms.
614 2249 695 2275 unus,
710 2252 718 2268 ι
733 2243 786 2271 Ter

7 2268 31 2295 in
44 2278 113 2296 anno
128 2277 263 2312 apparere
278 2270 392 2299 Domino
402 2271 513 2306 jubetur
527 2276 617 2302 omnis
629 2268 783 2312 masculus;

7 2311 50 2330 non
67 2305 201 2332 ascendit.
218 2313 226 2331 ι

35 2338 87 2373 (66)
108 2339 157 2366 Sic
181 2347 318 2376 ms._tintts
339 2341 438 2376 Regius
460 2351 536 2370 num.
556 2345 631 2374 l659.
657 2346 785 2376 [labantis

7 2379 72 2410 vero,
86 2383 97 2398 ι
117 2374 250 2410 manipuli
266 2374 448 2408 primitias—rum
463 2379 612 2407 efferuntur
622 2382 687 2408 nulli
702 2400 709 2408 .
724 2400 732 2409 .
754 2374 783 2410 ,ξ

7 2407 68 2445 nulla
87 2407 217 2445 expiatur
239 2407 419 2445 'tmtnuuditia,
448 2421 458 2438 ι
483 2418 535 2441 etc.
563 2407 660 2442 Caeteri
677 2407 784 2445 mss.ct

7 2442 75 2483 editi,
104 2452 114 2469 ι
127 2442 470 2486 manipuli"primitiarum
489 2448 576 2486 (_a_|.,}
592 2451 624 2478 de
640 2442 784 2486 manipulis

7 2477 187 2520 primitiarum.
197 2480 223 2520 ι)
233 2477 303 2520 nulla
316 2477 579 2520 celebraturoblatio
593 2494 597 2510 :
615 2477 685 2512 nulla
699 2477 783 2520 th'ral

7 2511 79 2553 ιιιιιιιιλ
93 2513 202 2553 pecoris
214 2512 273 2548 (aL,
283 2523 292 2539 ι
301 2517 452 2549 peccatoris
463 2517 487 2551 ι)
499 2511 656 2553 immundis,
664 2511 781 2548 dubitari

7 2551 91 2577 potest,
111 2557 121 2574 ι
137 2551 191 2574 etc.

35 2581 88 2624 (67)
104 2582 199 2624 _Alias,
218 2583 358 2624 {quiauita
372 2585 459 2624 adhuc
478 2588 596 2624 secundo
612 2589 714 2617 sociata
729 2595 782 2624 est,

7 2616 124 2655 utc‘i~_(al_.
137 2626 155 2655 _r
168 2618 231 2655 utsi
244 2616 368 2655 f_)_adhuc
382 2620 485 2648 viveret
501 2623 584 2655 prior.
601 2633 611 2649 ι

102 2652 201 2695 Editir‘:
220 2661 230 2678 ι
244 2649 324 2682 Vides
348 2656 484 2688 quomodo
501 2649 672 2693 'ligurarmn,
690 2669 699 2686 ι
714 2665 781 2695 etc.,

7 2685 95 2712 omisso
112 2695 121 2711 ι
139 2687 212 2713 licet.
224 2696 234 2712 ι

35 2719 88 2755 (69)
117 2721 170 2758 Sic
183 2729 252 2758 mss.
276 2730 346 2758 unus
370 2722 468 2758 Regius
499 2734 572 2753 num.
605 2727 683 2755 l‘Gll.
708 2729 783 2756 Alter

7 2760 47 2795 uls.
68 2755 243 2795 num._lti59:
264 2766 273 2781 ι
285 2757 351 2785 Nam
367 2755 491 2795 equidem
510 2761 594 2795 legerit
613 2763 691 2790 nobis
709 2755 781 2791 mor;

7 2788 215 2832 u‘licataiuldicit
223 2799 269 2825 per
283 2799 382 2832 corpus
392 2788 511 2832 'Christi,
523 2788 550 2822 iii
565 2805 618 2830 quo
633 2788 778 2832 corpore,»

7 2827 64 2857 etc.,
81 2825 195 2852 omissis
210 2825 392 2855 intermediis.
417 2825 512 2858 thteri
533 2825 596 2859 vero
611 2825 781 2864 mslelali'a-

834 2079 895 2104 nus,
909 2076 936 2097 ct
949 2071 1014 2098 editi
1030 2077 1038 2096 ε
1055 2079 1064 2095 ι
1077 2070 1142 2106 Nam
1155 2075 1182 2098 et
1199 2071 1269 2104 quod
1286 2071 1370 2106 legem
1387 2074 1467 2101 nobis
1484 2079 1619 2103 mortuam

834 2106 975 2144 dici_l,lht_)c
991 2106 1066 2144 idem.
1077 2105 1143 2144 libet
1158 2106 1240 2144 (al,,¢_
1248 2105 1354 2134 videtur
1367 2107 1389 2143 ι)
1404 2109 1529 2144 intelligi,
1545 2112 1616 2144 quod

834 2145 861 2167 et
872 2142 894 2168 si
911 2139 976 2175 (aL,
986 2149 995 2165 ι
1005 2144 1033 2176 et
1045 2141 1083 2176 sic
1093 2141 1122 2174 ›)
1143 2141 1240 2168 mortui
1254 2149 1347 2169 sumus
1363 2139 1449 2176 ('al.,t
1463 2139 1620 2172 miirtiticati

837 2177 974 2213 sumus»)
1003 2175 1054 2209 legi
1080 2183 1127 2210 per
1147 2183 1246 2209 corpus
1268 2175 1386 2211 Christi,
1401 2187 1410 2203 ι
1425 2175 1486 2205 ⁷ειε.
1507 2179 1619 2213 Deinde,

839 2210 1040 2247 «principatum
1061 2215 1089 2237 et
1117 2215 1290 2244 pOtestatem,
1319 2210 1491 2247 triumphans
1519 2222 1566 2242 cos
1590 2210 1616 2242 iu

836 2245 991 2279 semetipso.
1006 2254 1015 2270 ι

872 2279 997 2315 (Τωβία
1017 2280 1137 2313 potiores
1152 2288 1217 2307 mss.
1244 2280 1339 2312 nostri,
1361 2286 1388 2308 et
1409 2282 1548 2315 Rabauus,
1566 2283 1618 2311 uisi

835 2315 906 2352 quod
920 2314 989 2340 alius
1000 2321 1052 2352 pro
1065 2315 1208 2352 «jubebat,
1219 2324 1228 2341 ι
1248 2315 1327 2342 habet
1339 2316 1474 2350 «jubeatp
1487 2318 1555 2344 alius
1569 2326 1618 2352 pro

838 2349 1032 2388 gjuberetur,»_
1047 2350 1126 2376 habet
1149 2358 1157 2375 ι
1170 2351 1311 2388 jubeatur,
1329 2349 1391 2388 tot,
1401 2349 1468 2388 alius
1483 2360 1532 2386 pro
1547 2361 1557 2378 ι
1569 2349 1616 2388 ἱμιὶ

836 2383 1149 2421 [ιυειιιιιιμιηὴθιιίμιω
1169 2385 1298 2421 fructum.
1317 2395 1326 2411 ι
1345 2386 1415 2412 Editi
1430 2383 1505 2421 vero,
1526 2383 1618 2415 «in-eo

835 2425 895 2455 cum
926 2417 1032 2455 juberet
1065 2417 1111 2452 (ai.
1138 2428 1147 2444 ι
1166 2419 1259 2453 jubeat
1275 2418 1299 2455 ι)
1320 2425 1349 2447 ιιι
1374 2421 1483 2455 tnulier,
1498 2417 1618 2450 'mortuo

834 2453 926 2490 priore
945 2453 1001 2490 viro
1017 2453 1049 2480 de
1069 2460 1122 2490 quo
1142 2461 1234 2481 semen
1260 2453 1312 2481 non
1339 2453 1517 2490 susceperat,
1535 2457 1613 2485 fratri

834 2487 893 2521 ejus
913 2487 1036 2526 nuberet.
1052 2497 1061 2513 ι
1079 2487 1143 2526 lilss.
1158 2490 1287 2526 quidam,
1305 2499 1314 2516 ι
1328 2491 1354 2517 in
1376 2487 1485 2517 co'cum
1505 2487 1616 2526 conjux,

834 2527 941 2561 mortuo
953 2523 1043 2561 priore
1058 2523 1129 2561 _viro,
1147 2525 1248 2561 dequo
1266 2531 1360 2552 semen
1379 2533 1431 2552 non
1446 2523 1616 2561 susceperat,

829 2555 975 2592 jubebatur
989 2557 1064 2584 fratri
1073 2555 1132 2592 ejus
1143 2555 1254 2586 nubére.
1269 2568 1278 2584 ι

868 2591 925 2626 (71)
943 2591 989 2618 Sic
1005 2597 1079 2620 recte
1089 2591 1143 2620 ms.
1162 2601 1246 2626 unus,
1260 2599 1288 2621 et
1302 2594 1384 2627 editi;
1401 2594 1527 2624 llabanus
1551 2605 1616 2624 vero

833 2631 860 2652 et
874 2633 949 2661 mss.
960 2626 1096 2661 plerique,
1118 2637 1127 2653 ι
1142 2629 1188 2655 sed
1200 2629 1289 2656 omnis
1305 2626 1395 2656 homo.
1410 2639 1419 2655 ι

834 2695 839 2700 1
868 2659 1011 2720 (7231'Editi
1034 2659 1172 2697 plerique,
1203 2663 1266 2691 «vel
1288 2664 1345 2699 ipsa
1369 2665 1438 2692 mori
1460 2665 1551 2699 debet,
1574 2666 1616 2695 vel

834 2702 890 2720 IDSC
904 2703 909 2720 I
934 2703 950 2720 I.
964 2705 973 2720 I

833 2702 890 2723 ipse
904 2702 950 2723 Illl.
964 2705 973 2721 Ι

843 2704 1067 2769 νῑξὲΐιῇιέιιίηιις
1082 2737 1109 2759 et
1120 2732 1314 2761 Genebrardus
1329 2741 1336 2760 :
1351 2742 1362 2760 ι
1375 2735 1474 2770 quippe
1493 2744 1553 2772 quae
1563 2735 1615 2764 sub

852 2772 939 2795 l‘l0l‘lS,
952 2774 961 2790 ι
978 2772 1030 2792 εις.

832 2773 939 2799 prioris,
952 2774 961 2790 ι
978 2773 1030 2792 etc.

868 2799 925 2867 (76)
938 2799 1008 2840 Editi
1022 2800 1159 2843 plerique,
1176 2811 1185 2828 ι
1198 2810 1259 2830 eum
1273 2810 1393 2831 sensum.
1408 2815 1418 2831 ι

869 2834 914 2867 (75
943 2835 1007 2862 Vide
1024 2843 1104 2867 supra
1125 2837 1169 2865 ltb.
1187 2845 1211 2867 ν.
1233 2845 1306 2865 ιιιιιιι.
1323 2838 1348 2866 l.

869 2834 925 2868 (75)
943 2835 1007 2862 Vide
1023 2834 1107 2871 supra
1125 2837 1169 2865 lib.
1187 2845 1211 2869 v,
1233 2845 1306 2865 num.
1323 2838 1348 2866 l.
