1827 3053
214 92 283 120 ιυιε

933 93 1010 120 ORIG
1015 93 1091 120 ENIS
1753 97 1794 123 Ιοπ

215 157 251 182 ob
269 155 296 182 id
311 154 370 182 sine
387 155 469 182 dubio
493 158 523 180 ut
545 153 630 180 etiam
661 153 695 180 ad
721 157 834 180 caeteros
861 153 997 186 homines,
1011 158 1036 186 Α
1050 154 1076 180 in
1091 153 1213 181 novitate
1226 152 1358 188 spiritus,
1377 159 1430 179 non
1450 151 1477 180 in
1492 156 1623 181 vetustate
1637 153 1739 181 littera.
1759 154 1795 181 .Vos

214 209 266 228 non
284 208 332 228 eos
346 200 418 228 solos
432 199 477 234 qui
493 205 524 227 ex
543 199 753 226 circumcisione
766 203 846 232 sunt,
861 203 996 227 tractatus

215 247 268 274 iste
281 245 417 281 pertinere
434 245 568 273 videatur.
588 245 633 272 Ait
647 253 733 280 ergo:
750 245 830 272 (Cum
846 246 916 273 enim
927 253 998 273 essc-

215 299 274 318 mus
302 291 328 317 in
352 297 467 318 carne.)
500 289 533 317 Et
567 291 689 324 quidem,
719 295 848 325 quantum
876 291 908 317 ad
941 298 996 318 rem

214 341 329 370 spectat,
343 337 369 363 in
392 343 473 364 carne
491 337 584 372 utique
604 337 707 372 positus
731 337 782 365 ista
798 338 905 365 dicebat
923 345 930 366 :
951 339 998 365 sed

216 392 225 409 ι
238 390 299 410 cum
314 383 338 410 iu
355 390 437 410 carne
449 391 582 416 essemus,
595 393 604 410 ι
627 384 678 411 hoc
701 389 742 412 est
764 392 824 411 cum
847 385 997 412 secundum

213 436 322 456 carnem
347 430 520 463 viveremus,
549 440 558 456 ι
574 431 639 458 vitia
665 435 837 466 peccatorum
865 438 924 465 qua:
950 438 998 465 per

213 475 298 509 legem
323 481 411 508 erant,
431 477 614 510 operabantur
645 477 671 504 in
700 478 828 505 membris
857 477 968 504 nostris.
984 486 994 502 ι

213 520 341 554 Quartam
353 520 394 547 lex
404 521 454 548 ista
466 527 508 549 est
521 530 569 556 per
582 530 662 556 quam
679 523 741 550 vitia
759 523 862 557 peccati
879 529 996 556 operan-

215 571 258 592 tur
275 565 349 601 (76)?
381 565 507 600 Nunquid
531 567 572 593 lex
596 566 682 602 Moysi
698 567 779 593 etiam
800 567 822 593 si
849 565 996 593 secundttm

213 611 331 638 litteram
358 611 530 644 observetur,
563 612 628 638 vitia
659 617 771 646 generat
807 611 997 646 peccatorum?

213 655 267 684 Sed
283 656 309 683 in
328 661 424 690 aperto
438 661 477 683 est
500 658 570 690 quod
586 657 658 684 illam
677 657 762 692 legem
777 657 849 684 dicat
863 657 890 684 in
910 664 997 684 mem-

214 701 282 734 bris,
297 708 358 735 quae
372 702 474 729 resistit
490 702 546 737 (77)
563 702 613 737 legi
632 703 744 735 mentis,
762 702 794 729 de
816 710 868 737 qua
888 707 915 730 et
936 707 998 730 ante

215 744 401 776 tractavimus,
423 747 558 779 quomodo
579 755 588 771 ι
602 745 643 773 lex
664 746 836 774 subintroivit
860 753 889 774 ut
909 747 997 775 abun-

214 789 291 816 daret
308 794 448 824 peccatum
464 790 497 817 ⁸⁸.
512 801 521 817 ι
543 791 600 826 lpsa
618 798 683 826 ergo
695 792 736 819 lex
752 796 794 819 est
809 800 867 827 qua).
885 792 950 820 facit
971 793 996 820 in

1050 199 1121 227 enim
1138 198 1239 227 idcirco
1254 206 1304 226 nos
1316 198 1442 226 Christus
1456 198 1593 226 abstraxit
1612 206 1625 225 a
1639 199 1698 232 lege
1712 202 1794 232 pecua,

1049 249 1080 272 ut
1093 244 1220 272 vetustati
1238 244 1337 271 litterae
1353 244 1518 276 serviamus,
1535 244 1561 271 id
1582 248 1622 271 est
1644 248 1673 270 ut
1688 245 1796 271 circumi.

1049 291 1152 318 sionem
1180 290 1356 325 recipiamus,
1381 293 1408 316 et
1428 288 1546 316 Sabbata
1575 289 1614 316 vel
1640 293 1734 316 caetera
1759 297 1795 323 qua

1050 341 1170 364 vetustas
1188 337 1253 371 legis
1268 337 1363 364 litterae
1377 336 1499 364 continet
1517 345 1525 364 ε
1542 336 1590 364 sed
1602 341 1629 362 ut
1640 335 1724 370 legero
1736 335 1770 361 Dei
1781 337 1794 360 ἐι

1048 383 1160 419 spiritus
1192 383 1312 410 novitate
1330 390 1491 414 servemus,
1510 382 1536 409 id
1566 388 1607 409 est
1639 389 1674 409 ex
1703 381 1794 408 omuiltat

1049 429 1147 464 qutcln
1164 436 1195 456 ea
1212 429 1312 463 scripta
1337 432 1400 455 sunt
1424 427 1576 463 spiritalem
1605 435 1708 454 sensum
1724 426 1794 460 Spiritu

1049 475 1166 501 donante
1181 473 1333 508 capiamus,
1354 472 1422 500 sicut
1441 477 1469 499 et
1483 471 1554 499 idem
1569 471 1707 506 Apostolus
1723 470 1743 496 in
1757 470 1795 497 atii:

1049 520 1125 553 dicit,
1141 519 1204 554 quia
1223 528 1232 545 ι
1247 518 1372 545 velamen
1387 522 1430 545 est
1442 517 1559 552 positum
1580 516 1605 543 in
1628 516 1696 543 facie
1714 514 1793 549 Moysi:

1048 572 1109 593 cum
1139 569 1229 592 autem
1258 570 1404 591 conversus
1428 561 1511 589 fuerit
1535 562 1597 597 quis
1623 561 1656 588 ad
1684 561 1794 588 Dominam

1049 610 1188 638 auferetur
1202 610 1335 638 velamen.
1353 608 1484 637 Dominus
1498 609 1571 635 enim
1586 607 1694 642 spiritus
1707 611 1750 634 est.
1763 606 1794 633 [lii

1049 661 1137 684 autem
1152 656 1267 690 spiritus
1289 655 1405 687 Domini,
1428 654 1464 682 ibi
1479 654 1591 682 libertas
1603 653 1636 680 “.
1652 663 1661 679 I
1679 652 1794 679 Novitatest

1048 709 1113 729 Sane
1126 701 1237 736 spiritus
1250 701 1308 729 scio
1323 700 1453 736 quosdam
1475 699 1545 727 male
1573 698 1627 734 (85)
1651 697 1795 732 intelligente

1049 747 1112 774 illuc
1135 747 1265 779 traxisse,
1285 752 1315 774 ut
1333 747 1457 774 dicerent
1471 753 1573 773 novum
1601 751 1662 773 esse
1687 743 1795 778 Spiritum,

1050 798 1178 828 tanquam
1196 792 1242 827 qui
1256 796 1320 819 ante
1335 799 1388 819 non
1407 791 1510 824 fuerit,
1534 798 1584 818 nec
1596 789 1728 817 veteribus
1741 788 1795 815 inno-

214 833 257 861 his
270 835 315 869 qui
330 836 479 862 secundum
495 843 605 863 carnem
622 837 726 869 vivunt,
745 837 810 865 \‘itia
822 842 996 871 peccatorum
1015 831 1036 861 Β
1051 839 1134 866 tuerit
1149 847 1155 865 :
1168 843 1196 866 et
1210 838 1336 865 nesciunt
1359 845 1388 864 se
1402 837 1429 865 in
1453 838 1506 864 hoc
1519 835 1679 870 gravissime
1703 834 1796 866 blasphe-

214 879 352 908 abumlare
367 886 396 908 ut
410 881 576 909 frttctilicent
590 883 671 909 morti
693 883 761 918 (78).
786 884 826 911 Ad
848 884 899 911 hoc
918 891 996 910 nam-

214 933 267 960 que
285 930 327 953 est
354 926 397 952 illa
416 926 457 953 lex
485 927 510 953 in
537 928 666 955 membris
680 928 799 961 nostris,
825 933 853 955 ut
869 929 997 956 resistens

215 970 359 997 adversum
377 970 461 1004 legem
475 971 572 998 mentis
581 972 706 1006 captivos
720 979 770 1000 nos
779 973 858 1000 ducat
871 977 996 1006 peccato,

213 1022 240 1043 et
258 1015 307 1043 hos
319 1015 424 1044 fructus
440 1016 540 1044 oﬂerat
556 1017 647 1044 morti.
681 1026 691 1044 ι
709 1017 785 1045 Nunc
805 1022 894 1045 autem
916 1017 996 1045 soluti

214 1069 308 1089 sumus
324 1069 339 1088 a
355 1061 413 1097 lege
430 1062 540 1094 mortui,
559 1063 585 1090 in
598 1070 650 1098 qua
663 1063 878 1091 detittcbamur.»
892 1063 932 1091 Ab
947 1063 997 1091 hac

214 1107 358 1143 crgolege,
376 1108 402 1135 in
415 1116 467 1143 qtta
482 1109 681 1141 detinebamnr,
705 1117 777 1137 nunc
793 1110 874 1137 soluti
892 1117 995 1138 sumus.

217 1163 226 1179 ι
237 1153 323 1181 Nunc.
336 1163 346 1180 ι
363 1154 498 1187 Quando!
512 1153 577 1182 Sitte
591 1155 673 1183 dubio
686 1155 794 1190 quando
810 1163 872 1183 cum
888 1155 997 1184 Christo

215 1199 313 1226 mortui
325 1206 428 1233 sumus,
444 1205 470 1228 et
486 1201 638 1235 consepulti
649 1201 673 1228 ei
691 1200 748 1236 (79)
760 1208 807 1236 per
823 1201 996 1235 baptismum,

215 1249 241 1271 et
255 1245 377 1272 crucifixi
390 1253 451 1272 cum
466 1246 539 1280 ipso:
552 1251 579 1273 et
598 1247 660 1273 ideo
673 1246 739 1273 dicit
756 1254 764 1273 :
783 1254 792 1272 ι
804 1246 890 1274 Soluti
903 1253 997 1275 sumus

214 1298 229 1317 a
247 1290 306 1325 lege
322 1292 420 1318 mortui
434 1291 502 1327 (80).
513 1301 522 1318 ι
540 1292 596 1319 Nisi
614 1292 685 1320 enim
702 1292 764 1327 quis
779 1296 902 1321 mortuus
916 1292 998 1320 fuerit

215 1344 276 1363 cum
291 1336 413 1368 Christo,
431 1337 466 1365 ab
477 1338 527 1365 ista
554 1338 613 1373 lege
635 1346 689 1365 non
707 1338 832 1366 solvitur.
848 1338 914 1366 Scio
929 1339 997 1367 etin

214 1382 276 1410 aliis
297 1383 499 1417 exemplaribus
523 1384 652 1418 scriptum
670 1391 677 1410 :
693 1392 702 1409 ι
718 1384 737 1411 Α
756 1383 815 1420 lege
838 1385 944 1417 mortis,
970 1385 996 1412 in

215 1435 269 1462 qua
281 1428 489 1463 detinebantur;
503 1438 511 1455 ι
533 1429 580 1456 sed
593 1429 654 1461 hoc,
679 1429 704 1456 id
717 1433 759 1456 est
782 1438 792 1455 ι
808 1429 917 1462 mortui,
934 1439 944 1455 ι
970 1433 998 1456 et

216 1473 307 1501 verius
321 1478 362 1500 cst
373 1478 400 1501 et
412 1474 524 1503 rectius.
540 1474 616 1508 Quod
635 1482 698 1502 vero
714 1474 789 1502 addit
803 1475 830 1502 in
847 1475 998 1504 conclusio-

217 1527 251 1547 ne
265 1529 273 1547 :
291 1519 345 1546 clla
357 1524 386 1546 ut
400 1520 552 1547 serviamus
569 1520 595 1547 in
614 1520 735 1547 novitate
750 1520 871 1555 spiritus,
889 1525 918 1548 et
944 1529 995 1549 non

217 1565 243 1592 in
257 1568 391 1592 vetustate
403 1565 511 1598 litterae,
529 1574 540 1592 ι
556 1567 628 1600 quod
639 1566 698 1593 sine
709 1565 788 1593 dubio
803 1566 884 1602 530
897 1567 929 1594 de
940 1567 997 1602 lege

216 1611 313 1639 litterae
329 1612 431 1640 dictum
448 1612 568 1645 videtur,
581 1612 634 1640 hoc
649 1612 729 1639 modo
744 1617 928 1647 consequente
940 1612 996 1648 (Si)

217 1656 329 1691 intelligi
347 1656 457 1690 poterit.
475 1655 503 1682 ln
519 1663 602 1684 carne
622 1656 731 1691 quidem
746 1656 841 1690 positi,
861 1660 889 1683 et
902 1664 998 1684 secun-

216 1702 281 1728 dum
309 1709 418 1729 carnem
443 1702 577 1735 viventes,
602 1707 712 1737 propter
732 1707 904 1736 peccatorum
922 1703 997 1735 vitia,

217 1756 277 1783 qua:
300 1747 342 1775 lex
357 1747 412 1779 illa,
430 1755 489 1782 qua:
507 1752 567 1776 erat
579 1747 605 1775 in
626 1747 756 1775 membris
773 1747 885 1782 nostris,
910 1748 999 1775 alebat

218 1798 248 1819 ut
277 1792 473 1820 fructiﬁcarent
496 1793 594 1826 morti,
631 1800 683 1819 non
713 1797 866 1827 poteramus
896 1793 999 1820 servire

218 1839 329 1866 novitati
349 1838 462 1874 Spiritus
484 1840 544 1866 dmn
563 1839 607 1866 illa
623 1838 667 1866 lex
688 1838 870 1865 tnembrorum
893 1838 998 1865 vivebat

217 1885 244 1912 in
259 1885 349 1918 nobis,
377 1885 441 1918 imo,
469 1885 532 1912 dum
556 1892 606 1913 nos
625 1883 773 1913 secundum
791 1884 862 1911 illam
888 1883 998 1911 viveba-

218 1939 286 1959 mus.
306 1931 354 1959 Ubi
369 1938 435 1958 vero
448 1931 572 1958 Christus
591 1938 639 1965 pro
662 1932 740 1959 nobis
757 1936 883 1958 mortuus
903 1935 955 1964 est,
971 1934 999 1957 et

217 1985 266 2005 nos
279 1985 340 2005 cum
357 1977 415 2011 ipso
430 1978 527 2004 mortui
544 1985 637 2005 sumtts
649 1982 771 2012 peccato,
785 1976 890 2004 liberati
904 1983 999 2003 sumus

217 2023 274 2059 (82)
290 2031 338 2058 per
353 2023 439 2059 ipsum
455 2031 469 2051 a
486 2024 544 2059 lege
559 2024 665 2058 peccati
682 2024 707 2051 in
726 2031 778 2058 qua
794 2023 998 2055 detinebamnr,

217 2074 244 2096 ct
261 2076 404 2103 possumus
423 2068 478 2103 jam
495 2069 597 2096 servire
618 2068 668 2103 legi
695 2069 759 2102 Dci;
785 2067 887 2096 servire
910 2072 998 2094 autem

1051 891 1136 913 tnare.
1151 883 1211 918 Ipse
1224 884 1297 911 enim
1315 882 1432 917 Spiritus
1451 887 1493 909 est
1504 882 1532 909 in
1543 881 1612 914 lege,
1632 880 1689 913 ipsa
1702 879 1725 906 in
1738 878 1796 904 Eras-

1050 928 1131 963 gclio,
1152 929 1209 963 ipse
1225 935 1333 963 semper
1343 935 1404 955 cum
1416 926 1497 954 Patre
1511 931 1538 953 et
1552 925 1619 954 Filio
1634 929 1686 957 est,
1709 927 1733 951 et
1750 930 1794 949 ses-

1050 982 1098 1010 per
1111 979 1164 1007 est,
1179 980 1207 1002 et
1219 979 1290 1007 erat,
1307 979 1333 1001 et
1348 974 1410 1005 erit,
1424 973 1494 1002 sicut
1507 972 1588 999 Pater
1606 976 1632 999 et
1655 971 1741 998 Filius.
1761 966 1797 995 Non

1050 1026 1116 1054 ergo
1132 1019 1190 1054 ipse
1210 1026 1296 1046 novus
1308 1023 1359 1051 est,
1380 1019 1426 1045 sed
1451 1017 1594 1046 credentes
1618 1016 1741 1047 innovat,
1761 1020 1797 1041 at

1050 1071 1125 1092 eosa
1141 1065 1280 1092 veteribus
1300 1063 1380 1091 malis
1405 1063 1437 1091 ad
1454 1070 1553 1091 novam
1572 1064 1656 1090 vitam
1685 1066 1709 1090 et
1733 1065 1797 1088 Mm

1051 1110 1189 1146 religionis
1213 1110 1270 1146 (84)
1299 1109 1401 1137 Christi
1426 1109 1629 1137 observantiam
1658 1108 1764 1138 adducit.
1784 1111 1798 1131 tl

1050 1156 1186 1191 spiritales
1203 1164 1236 1184 ex
1249 1155 1405 1183 carnalibus
1418 1155 1495 1184 facit.

1084 1202 1111 1230 8.
1127 1202 1212 1236 «Quid
1223 1209 1286 1237 ergo
1299 1201 1418 1229 dicemus
1427 1201 1503 1229 iLex
1511 1205 1654 1236 peccatum
1667 1200 1722 1227 est!
1733 1199 1797 1226 Absit.

1051 1247 1103 1276 Sed
1118 1253 1258 1282 peccatum
1278 1255 1330 1275 non
1354 1247 1480 1282 cognovi,
1502 1247 1557 1276 nisi
1576 1253 1626 1282 per
1643 1246 1733 1281 legem.
1753 1243 1795 1270 liam

1050 1294 1300 1328 concupiscentiam
1327 1292 1479 1320 nesciebam
1504 1292 1557 1320 nisi
1574 1291 1618 1320 lex
1635 1292 1730 1319 diceret
1744 1288 1795 1316 :Nott

1050 1338 1238 1374 concupisces.
1255 1338 1406 1366 Occasione
1425 1342 1516 1364 autem
1539 1340 1649 1371 accepta
1661 1357 1670 1370 ,
1690 1339 1796 1370 peccatum

1050 1392 1100 1420 per
1114 1384 1271 1411 mandatum
1283 1387 1425 1417 operatth
1444 1386 1487 1409 est
1505 1382 1532 1409 in
1548 1390 1591 1409 me
1610 1389 1716 1409 omnem
1727 1386 1795 1407 conor

1052 1429 1224 1465 piscentiatn.
1251 1427 1317 1456 Siue
1341 1428 1399 1463 lege
1426 1429 1498 1455 enim
1527 1433 1669 1462 peccatum
1695 1430 1795 1453 mortuam

1051 1478 1119 1502 erat.
1135 1473 1190 1509 Ego
1202 1478 1293 1501 autem
1308 1473 1432 1501 vivebam
1456 1474 1515 1501 sine
1536 1473 1596 1508 lege
1609 1472 1752 1507 aliquando.
1761 1468 1794 1495 Sel

1051 1519 1095 1547 ubi
1107 1520 1181 1547 venit
1197 1519 1365 1551 mandatum,
1378 1524 1517 1554 peccatum
1535 1519 1645 1546 revixit.
1670 1518 1721 1553 Ego
1735 1522 1793 1543 autem

1051 1571 1172 1593 mortuus
1197 1572 1256 1592 sum
1272 1573 1280 1592 :
1299 1569 1326 1592 et
1351 1565 1490 1592 inventum
1516 1568 1557 1592 est
1575 1564 1641 1591 mihi
1667 1562 1793 1590 mandatum.

1051 1611 1122 1646 quod
1135 1615 1194 1638 erat
1208 1611 1242 1637 ad
1257 1609 1351 1642 vitam,
1364 1610 1415 1637 hoc
1429 1616 1489 1637 esse
1500 1609 1534 1637 ad
1549 1614 1675 1636 mortem.
1690 1607 1793 1634 Peccatum

1051 1657 1123 1685 enim
1140 1657 1286 1684 occasione
1299 1660 1410 1691 accepta
1426 1663 1474 1690 per
1488 1656 1647 1682 mandatum
1660 1654 1794 1682 sedoxiltnt.

1053 1707 1080 1730 et
1095 1710 1143 1736 per
1157 1702 1223 1730 illud
1247 1701 1358 1729 occidit.
1389 1700 1483 1736 Itaque
1504 1700 1547 1728 lex
1563 1701 1677 1735 quidem
1690 1700 1795 1727 sancta.“

1052 1748 1208 1775 mandatutu
1223 1751 1360 1779 sanctum,
1377 1750 1406 1774 et
1419 1747 1535 1782 justum,
1561 1751 1588 1773 et
1613 1745 1720 1772 bonum.
1746 1741 1796 1776 Quod

1051 1800 1115 1828 ergo
1130 1793 1231 1820 bonum
1247 1798 1298 1825 est,
1314 1791 1380 1819 ntihi
1397 1799 1470 1819 mors
1496 1795 1539 1818 est
1561 1790 1643 1826 (85)?
1666 1790 1742 1817 Absit.
1763 1787 1795 1813 Se!

1051 1842 1205 1874 peccatum,
1220 1842 1249 1865 ut
1265 1841 1396 1872 appareat
1412 1841 1552 1871 peccatum
1562 1856 1570 1868 ,
1586 1844 1635 1871 per
1649 1837 1739 1864 bonum
1754 1832 1795 1860 th‘

1052 1888 1194 1919 operatum
1208 1887 1250 1910 est
1266 1886 1393 1914 mortem,
1408 1886 1437 1908 ut
1452 1881 1500 1908 ﬁat
1515 1889 1599 1917 supra
1617 1882 1720 1909 modum
1733 1886 1795 1915 peca-

1052 1933 1095 1957 tor
1119 1929 1205 1964 ipsum
1223 1932 1363 1963 peccatqu
1384 1935 1432 1963 per
1458 1928 1618 1954 mandatum
1637 1927 1671 1954 ⁶⁸.
1688 1936 1697 1952 ι
1726 1926 1750 1952 Ιιι
1771 1924 1796 1950 his

1052 1973 1119 2002 locis
1141 1973 1245 2008 positos
1270 1972 1368 1999 crebro
1392 1978 1441 1998 nos
1457 1977 1569 1998 necesse
1581 1974 1624 1997 est
1638 1970 1670 1997 de
1684 1970 1757 2004 legum
1769 1968 1794 1991 di-

1053 2019 1228 2046 versilatibus
1241 2024 1416 2046 commouere
1431 2016 1498 2051 (86).
1516 2015 1574 2043 Hoc
1585 2016 1660 2043 enim
1680 2014 1730 2041 vult
1742 2010 1794 2047 581

1053 2065 1151 2093 Paulus
1165 2065 1210 2099 qui
1227 2065 1276 2092 sub
1289 2071 1342 2092 uno
1357 2063 1423 2098 legis
1439 2062 1549 2090 nomine
1562 2069 1671 2090 sensum
1686 2061 1715 2088 de
1727 2066 1766 2086 una
1776 2058 1794 2083 Id

252 2115 276 2132 “
288 2115 365 2142 liom.
380 2123 407 2148 v,
425 2115 470 2141 ‘20.
508 2114 532 2130 “
547 2113 568 2141 ll
579 2113 641 2142 Cor.
657 2122 698 2146 ut.
720 2114 813 2141 {5-17.
851 2113 875 2129 “
888 2113 965 2140 Rom.
981 2120 1028 2144 νιι⁷
1048 2111 1063 2138 7
1078 2119 1156 2146 seqq.

256 2160 313 2195 (76)
331 2160 406 2187 Alias
423 2169 429 2187 :
452 2169 462 2185 ι
478 2160 678 2194 uperahantur?
692 2169 702 2186 ι

255 2193 311 2230 (77)
327 2195 375 2222 Ms.
394 2193 525 2230 unusL’et
540 2195 603 2223 editi
620 2203 626 2221 :
646 2203 655 2220 ι
670 2195 757 2230 legem
777 2194 850 2230 dicat
862 2193 999 2230 membro-

220 2228 291 2262 rum,
305 2238 374 2265 quae,
389 2239 398 2256 ι
419 2235 472 2256 etc.
488 2229 617 2257 Rabauus
631 2238 637 2256 :
656 2238 665 2254 ι
678 2228 762 2265 legem
772 2228 846 2256 dicat
861 2228 889 2255 in
909 2235 997 2255 mem-

220 2266 276 2292 bris
294 2265 413 2299 operari,
427 2272 487 2298 qua:
509 2265 628 2298 resistat,
641 2274 649 2290 I
665 2269 719 2291 etc.

255 2300 312 2335 (78)
340 2300 411 2328 sunt
433 2307 439 2326 :

219 2336 308 2361 morti.
326 2343 336 2360 ι

253 2369 310 2404 (79)
330 2369 376 2397 Sic
396 2369 496 2396 rectius
514 2376 569 2404 ins.
589 2376 659 2396 unus
684 2367 783 2404 Regius
813 2374 886 2404 nutn_.
919 2366 998 2404 1639.

220 2401 315 2430 Cteteri
340 2412 401 2430 vero
422 2412 497 2438 mss.,
513 2403 651 2436 Rabanus,
670 2407 696 2438 et
709 2401 788 2438 editi,
823 2410 832 2427 ι
844 2401 956 2438 a‘lege.»
970 2402 997 2429 in

221 2446 272 2471 qua
287 2440 383 2474 mortui
401 2438 470 2474 (aL,
484 2435 522 2474 ira
538 2438 597 2472 lege
606 2436 742 2472 mortis”)
753 2435 780 2464 in
790 2444 842 2471 qua
858 2436 998 2474 detineba-

221 2480 291 2499 mnr,
308 2472 347 2499 Al)
363 2471 412 2500 hac
423 2481 489 2507 ergo
501 2473 558 2507 lcgc
568 2471 643 2500 hunc
658 2471 737 2499 soluti
756 2478 849 2498 sumus
860 2490 868 2502 ,
891 2471 999 2507 quando

221 2507 279 2533 sine
291 2507 373 2534 dubio
388 2505 572 2535 cum'Cltri'sto
590 2507 688 2534 mortui
701 2514 794 2534 suntus
806 2510 834 2532 et
848 2505 998 2539 consepulti

221 2549 280 2569 cum
296 2548 337 2572 eo,
350 2550 359 2566 ι
375 2546 427 2568 etc.

268 2576 312 2611 80)
328 2576 398 2603 Editi
413 2583 421 2602 :
439 2584 448 2601 ι
463 2583 476 2602 a
489 2576 548 2610 lege
562 2577 666 2609 mortis,
679 2585 688 2602 ι
707 2575 786 2602 tnale.

269 2611 314 2646 8|)
329 2610 399 2638 Editi
411 2630 418 2642 ,
446 2619 455 2636 ι
474 2617 680 2647 consequenter,
695 2620 705 2637 ι
734 2611 831 2638 deinde
846 2617 897 2637 ms.
917 2617 996 2642 uttus,

224 2647 316 2679 «quod
336 2646 361 2672 itt
389 2652 470 2673 carne
491 2646 598 2679 quidem
620 2646 712 2680 positi,
729 2654 738 2671 ι
758 2651 822 2677 etc.,
849 2649 878 2671 et
904 2649 996 2678 postea

221 2681 297 2713 editi,
317 2690 326 2706 ι
340 2685 369 2706 ιιι
384 2680 560 2708 fructiﬁcaret
583 2681 680 2712 morti,
700 2688 751 2707 non
770 2687 924 2714 poteramus
940 2687 998 2705 ser-

223 2715 279 2742 vire
289 2716 399 2742 novitati
417 2715 533 2750 Spiritus
547 2716 651 2742 Domini
665 2725 671 2741 :
690 2715 734 2742 illa
749 2715 788 2741 lex
811 2714 993 2741 utemhrorum

223 2750 329 2776 vivebat
345 2750 370 2776 itt
385 2750 471 2781 nobis,
488 2752 513 2776 in
529 2750 636 2777 modum
652 2757 704 2783 quo
719 2756 779 2781 nos,
792 2758 800 2774 I
817 2754 870 2776 elc.

259 2783 313 2819 (82)
327 2784 408 2816 E-liti,
426 2794 434 2809 ι
447 2785 524 2812 liberi
544 2791 646 2812 sumus.
662 2793 671 2809 ι
691 2783 793 2811 Deinde
811 2791 861 2811 ms.
884 2790 952 2810 unus
967 2787 994 2810 et

467 2307 476 2325 ι
490 2295 649 2332 νιιιθιίιιιξι
679 2303 707 2326 et
732 2303 851 2334 postea:
872 2306 882 2323 ι
905 2295 1001 2324 afferat

1017 2160 1039 2187 D
1054 2157 1192 2186 Rabanus.
1207 2164 1216 2181 ι
1230 2161 1384 2190 possumus.
1395 2162 1404 2179 ι
1417 2153 1494 2190 Alter
1510 2160 1562 2180 ms.
1584 2162 1594 2178 ι
1607 2158 1636 2180 ιιι
1647 2153 1772 2190 possimus.
1786 2157 1792 2174 ι

1090 2191 1149 2228 (85)
1166 2185 1245 2217 Mati.
1266 2190 1347 2228 Deest
1367 2189 1393 2215 iu
1423 2187 1596 2228 librisantea
1620 2185 1793 2228 editis._l’o_strt

1053 2221 1117 2253 vero
1136 2221 1184 2260 pro
1208 2233 1217 2251 ι
1231 2229 1260 2252 ιιι
1273 2224 1405 2255 dicerent,
1420 2231 1430 2249 ι
1446 2222 1511 2250 editi
1525 2222 1628 2249 habent
1641 2241 1649 2254 ,
1674 2231 1683 2246 σ
1697 2221 1734 2248 ubi
1745 2221 1793 2246 dice

1053 2264 1123 2288 rem.
1136 2269 1145 2286 ι

1088 2294 1144 2330 (84)
1161 2294 1209 2330 iis.
1224 2301 1304 2330 unus,
1315 2301 1332 2330 _g
1345 2291 1507 2330 Christianae
1518 2291 1689 2330 religionis.i

1089 2325 1145 2363 (85)
1163 2329 1242 2358 Edili,
1263 2336 1272 2353 ι
1286 2327 1351 2363 mihi
1371 2326 1471 2363 factu-tt
1487 2325 1640 2363 est_ntors?
1655 2334 1664 2351 ι
1739 2327 1791 2350 nulla

1054 2374 1064 2390 ε
1078 2360 1143 2391 mihi
1156 2363 1256 2390 malum
1277 2361 1337 2390 est?
1351 2370 1362 2388 ι
1383 2362 1435 2389 Sed
1451 2360 1543 2387 cteleri
1566 2367 1634 2387 mss.
1652 2364 1681 2387 ut
1693 2360 1716 2387 in
1729 2363 1792 2385 nostr“

1050 2403 1135 2427 textu.

1085 2424 1141 2469 (ὅθ)
1155 2432 1187 2469 In
1201 2432 1248 2469 his»
1261 2431 1326 2469 locis
1341 2431 1440 2465 positos
1455 2429 1547 2457 crebro
1566 2438 1614 2459 nos
1633 2424 1792 2469 εκεειιξιιξι

1049 2462 1137 2502 Ιεάιιιή
1151 2462 1348 2502 άίιιεηὶιαιῑῠιιὲ
1363 2473 1539 2502 commouere,
1555 2471 1610 2492 etc.
1633 2465 1688 2502 lluc
1705 2462 1791 2502 refert“:

1049 2500 1112 2530 dum
1125 2502 1232 2529 videtur
1243 2501 1423 2535 fragmentum
1435 2500 1559 2527 Caecum
1572 2500 1643 2534 quod
1653 2500 1790 2535 epartettolté

1051 2537 1077 2564 itt
1095 2538 1166 2564 hunc
1178 2531 1326 2572 Epistulam
1343 2535 1523 2572 adliomauos
1536 2531 1703 2572 desutttptom
1712 2531 1789 2572 exitiis)

1050 2577 1131 2606 caput
1147 2566 1419 2607 nonumVPLtilocalja!
1429 2588 1436 2600 ,
1450 2568 1522 2596 unde
1542 2566 1790 2607 iterunidiscetgnlitf"

1051 2600 1131 2641 qu'am
1146 2606 1227 2632 infida
1238 2606 1273 2633 sit
1285 2604 1373 2641 Bulini
1383 2604 1590 2641 interpretatio:
1606 2600 1790 2641 {Tl»o§v;'l')1'r

1052 2635 1101 2677 ilo;
1121 2641 1259 2677 ἁμαρτέα;
1279 2649 1288 2666 ι
1307 2640 1364 2677 Ορχ
1376 2637 1479 2677 ,ὥσπερ
1499 2638 1589 2677 ovo”
1606 2638 1635 2677 ἒιέ
1657 2639 1709 2677 s31:

1050 2672 1121 2703 eum
1136 2672 1262 2712 iqt'sicro
1277 2672 1436 2712 gapt‘vépou
1451 2672 1590 2712 ςι-ὲανῖαχοῠ
1606 2673 1657 2712 sibi
1665 2672 1789 2712 Teaﬁi?

1047 2719 1103 2745 γος.
1126 2710 1171 2736 me
1195 2711 1253 2736 καθ’
1277 2707 1392 2735 Eiectum}
1413 2708 1467 2745 χρὴ
1483 2707 1573 2745 Δἰτόειιειιν
1594 2707 1675 2745 αὐτῇς
1692 2707 1789 2745 slew
1807 2718 1808 2734 ξ

1047 2740 1230 2780 ἐπιστήσαντα
1243 2745 1388 2780 ﬂeatﬂeat,
1401 2740 1448 2780 νῆῦ
1461 2740 1512 2780 μὲν
1526 2740 1718 2780 sinuati/sset
1728 2740 1752 2780 ᾖ

1047 2781 1130 2816 νόμον
1138 2774 1242 2816 ξωνῆς,
1255 2774 1305 2806 νῦῦ
1313 2774 1340 2805 δὲ
1352 2778 1377 2805 τί
1392 2778 1444 2814 χρὴ
1453 2774 1484 2804 ἐὺ
1496 2774 1616 2804 τοιοῦτόῦ
1627 2777 1724 2803 ἐννοεῖν.
1737 2774 1786 2798 'A'NJ
1807 2777 1808 2787 ‘
