1831 3052
19 97 73 125 1091

470 92 649 121 COMMENT.
667 92 701 120 IN
721 91 831 120 EPIST.
848 91 895 119 AD
911 91 995 120 BOM.
1014 92 1077 121 LIB.
1098 92 1141 122 Vl.

1552 97 1621 126 1082

20 154 154 183 noverimus
171 153 240 180 inter
254 152 353 180 bonum
370 155 399 180 et
413 151 512 180 malum
528 152 697 186 discernere,
719 157 747 179 et
770 160 784 179 a
800 155 822 183 Α
837 151 992 185 aliquando.
1010 151 1063 179 Sed
1078 151 1121 179 rrbi
1141 152 1214 180 venit
1227 152 1383 180 mandatum
1394 173 1403 186 ,
1423 159 1562 188 peccatum
1576 164 1620 184 re-

17 199 161 228 conscientia
176 203 266 227 nostra
282 198 340 233 (9t)
365 198 543 225 audierimus.
559 197 694 233 Loquitur
710 199 782 226 enim

18 246 81 273 nobis
91 245 155 272 intra
168 244 361 271 conscientiam
379 242 447 277 (92),
465 248 492 270 et
509 243 593 270 dicit:
614 252 624 268 ι
641 242 699 270 Νοιι
715 251 782 270 con-

16 292 131 326 cupisces.
149 300 159 317 »
177 290 229 317 Sed
244 290 373 324 quoniam
388 296 440 315 non
453 296 578 323 semper,
594 296 644 316 nec
656 296 689 315 ex
707 288 783 315 initio

17 341 39 363 ut
53 336 163 363 nascitur
177 335 268 366 homo,
282 334 325 361 lex
343 334 393 361 ista
407 334 544 361 invenitur
562 333 587 360 in
603 334 721 365 homine,
736 333 783 360 sed

16 382 163 417 aliquandiu,
176 381 238 408 dum
253 386 320 408 aetas
335 381 453 408 nonduin
468 380 579 414 patitur,
590 379 649 407 sine
660 380 710 406 hac.
726 379 783 413 lege

16 428 106 460 vivitur,
117 427 185 454 sicut
199 430 226 453 et
244 426 301 460 ipse
315 425 414 452 Paulus
427 425 526 452 fatetur
538 425 584 460 qui
597 425 662 452 dicit
677 434 684 452 :
702 434 711 450 ι
726 425 782 460 Εδο

15 479 88 500 autern
105 472 223 500 vivebam
238 473 297 499 sine
318 473 376 506 lege
397 471 552 505 aliquando,
571 480 581 496 ι
603 471 629 498 in
650 470 695 497 illo
713 476 781 498 tern-

15 526 68 553 pore
77 526 126 553 quo
136 518 194 545 sine
206 518 261 553 lege
267 518 398 549 viximus,
410 517 660 551 concupiscentiam
676 516 781 543 nescie-

14 563 102 590 bamus.
118 562 172 590 Norr
187 563 269 595 dixit,
289 570 341 590 non
360 562 504 594 habebam,
521 563 568 589 sed
585 562 634 595 ait,
650 570 660 587 ι
680 562 782 589 nescie-

15 608 75 640 bam,
92 617 100 634 ι
117 612 245 642 tanquam
256 615 315 642 qua:
329 612 398 634 esset
417 607 537 641 quidem,
552 608 722 642 ignoraretur
741 611 781 633 ta-

15 660 64 680 men
78 654 144 688 quod
162 658 236 680 esset
261 653 491 688 concupiscentia.
520 652 570 679 Ubi
592 657 683 680 autem
708 652 782 680 venit

14 698 80 731 ratio,
91 703 116 726 et
129 699 169 726 lex
185 698 318 726 naturalis
332 699 421 734 locum
438 698 464 725 in
480 697 557 725 nobis
571 705 700 732 processu
717 703 782 725 tcta-

14 746 41 772 tis
54 746 157 779 invenit,
171 746 269 773 docere
294 753 344 773 nos
360 745 443 779 coepit
468 752 528 779 qua:
550 749 641 772 essent
655 745 736 778 bona,
753 748 782 771 et

14 792 137 825 prohibere
153 800 166 819 a
184 792 270 819 malis.
292 791 353 819 llaec
366 799 431 827 ergo
445 791 508 818 dum
526 791 591 818 dicit
606 790 674 826 (95),
701 801 709 816 ι
727 798 779 818 ιιοιι

836 198 915 224 vixit.
929 198 983 232 Ego
1004 203 1093 225 autem
1119 203 1242 225 nrortrrus
1257 206 1338 231 sum;
1361 203 1388 226 et
1413 201 1554 227 inventum
1580 206 1622 229 est

835 244 900 271 nrihi
925 244 1100 276 mandatum,
1115 244 1187 278 quod
1204 249 1262 270 erat
1278 244 1311 271 arl
1327 245 1411 272 vitam
1423 265 1430 278 ,
1445 245 1496 273 hoc
1512 254 1573 273 esse
1588 247 1622 274 ad

835 293 948 316 mortem
962 289 1035 315 1"".
1049 298 1058 314 ι
1071 289 1108 316 De
1121 290 1161 316 his
1177 296 1245 324 pene
1255 289 1380 317 omnibus
1392 291 1448 325 jam
1462 291 1487 318 in
1501 293 1623 326 superio-

834 334 910 361 ribus
937 335 1013 369 plene
1029 339 1173 362 tractatrrm
1192 340 1254 368 est;
1271 337 1341 364 unde
1365 344 1398 364 ne
1412 337 1506 364 eadem
1521 337 1621 371 sazpius

834 380 1012 412 revolvamus,
1030 381 1148 407 breviter
1167 389 1229 416 quae
1249 382 1321 408 dicta
1336 387 1397 408 sunt
1413 382 1441 409 in
1460 383 1620 410 meritoriam

834 427 1034 454 revocabimus.
1050 426 1115 453 Sine
1131 427 1190 462 lege
1213 434 1303 455 autent
1323 433 1463 463 peceatum
1484 433 1619 456 nrortuurn

833 471 931 498 essein
948 472 1037 502 nobis,
1053 471 1104 499 hoc
1119 477 1159 499 est
1185 478 1330 508 antequam
1350 481 1398 508 per
1415 477 1520 500 aetatem
1536 475 1621 501 ratio-

832 517 933 545 nabilis
950 518 1022 544 intra
1047 526 1097 545 nos
1112 525 1207 545 sensus
1220 519 1339 553 vigeret,
1361 519 1540 552 ostendimus,
1557 527 1618 546 cum

832 563 914 590 etiam
929 563 1082 597 exemplum
1099 563 1137 600 (1)
1160 565 1234 598 pueri
1259 565 1437 599 percutientis
1452 569 1553 600 patrem
1573 570 1620 592 aut

833 615 959 642 matrem,
974 609 1016 636 vel
1032 609 1217 637 maledicerrtis
1230 610 1401 637 adduximus.
1416 610 1444 637 in
1456 618 1511 645 quo
1521 618 1620 638 secun-

833 655 895 681 dum
919 655 1005 689 legem
1022 655 1130 689 quidem
1153 656 1341 689 prohibentem
1358 655 1462 689 percuti
1479 655 1518 682 vel
1535 655 1620 682 male-

832 701 885 728 dici
900 707 1004 736 patreru
1020 707 1066 728 aut
1081 708 1194 729 matrem
1211 702 1245 734 7‘,
1263 705 1403 736 peccatum
1420 701 1477 729 fieri
1493 701 1618 729 videtur:

832 746 878 774 sed
897 746 967 774 istud
985 752 1128 781 peccatum
1144 752 1281 775 mortuum
1300 754 1361 774 esse
1373 747 1485 779 dicitur,
1500 747 1563 782 quia
1577 746 1620 774 lex

834 793 951 819 nondrrrn
968 793 1043 819 adest
1058 792 1084 819 in
1099 801 1182 827 puero
1195 813 1202 824 ,
1217 800 1276 827 qua:
1289 800 1351 820 eum
1374 792 1469 820 doceat
1483 793 1534 819 hoc
1547 792 1618 827 quod

14 824 181 871 iorrcupisces,
202 846 211 862 ι
230 836 302 871 quod
319 841 383 862 ante
400 824 599 868 nesciebamus,
612 824 721 869 iub-ipsa
737 835 779 862 di~
797 824 817 852 Β
832 837 906 870 facit,
922 837 979 864 fieri
997 845 1048 864 non
1064 824 1156 864 licere.
1172 824 1237 864 Sine
1253 838 1302 864 hac
1319 842 1410 864 autern
1430 836 1488 871 lege
1504 840 1532 863 et-
1546 824 1620 862 Pau-

14 882 108 910 dicimus
121 883 218 910 malam
236 890 297 911 esse
319 882 576 916 concupiscentiam.
601 891 610 907 ‹
631 881 779 909 Occasione

14 932 84 954 tutern
100 934 220 964 accepta,
236 932 375 963 peccatum
398 936 446 962 per
463 929 619 954 mandatum
637 933 778 962 operatum

14 979 42 1002 ist
61 975 84 1001 in
108 982 150 1003 tne
172 982 280 1002 omnem
302 975 561 1009 concupiscentiam.
585 983 595 1000 ι
616 973 671 1001 Lex
687 973 731 1000 illa
747 974 780 1001 de

15 1028 51 1054 pra
67 1021 142 1053 dicit,
158 1022 220 1056 quia
237 1030 247 1047 ι
267 1021 516 1055 concupiscentiam
540 1020 709 1053 nesciebam,
728 1019 779 1046 nisi

14 1074 40 1093 ex
54 1068 149 1095 diceret
164 1076 171 1094 :
188 1067 247 1094 Non
263 1067 450 1101 concupisces,
468 1076 477 1092 ι
497 1066 554 1100 ipsa
568 1066 650 1093 etiam
665 1066 779 1093 manda-

16 1121 53 1139 unr
73 1113 228 1147 appellatur.
243 1113 287 1140 Ait
306 1121 371 1147 ergo
389 1113 451 1147 quia
469 1113 614 1140 occasione
629 1111 684 1148 (96)
701 1120 780 1139 nran-

14 1158 49 1185 lati
66 1158 142 1192 hujus
154 1165 208 1192 quo
224 1158 415 1192 concupiscere
431 1158 618 1192 prohibemur,
633 1163 777 1192 peceatum

14 1204 179 1231 vehementius
192 1204 248 1240 (9:3)
262 1204 365 1230 exarsit
376 1204 401 1230 in
416 1204 503 1236 nobis,
518 1209 543 1231 et
559 1212 667 1232 omnem
683 1211 778 1238 opera-

15 1257 52 1276 um
63 1255 101 1277 est
113 1251 138 1277 in
152 1250 231 1278 nobis
241 1250 502 1285 concupiscentiam.
512 1249 541 1278 lu
550 1258 583 1278 eo
594 1257 710 1285 namque
722 1250 777 1285 (96)

15 1304 27 1321 ιι
40 1303 89 1329 quo
102 1297 270 1331 concupiscit
287 1303 351 1323 caro
376 1297 507 1323 adversus
530 1296 666 1331 spiritum,
685 1295 711 1322 id
726 1301 777 1328 est,

14 1341 121 1369 river-sus
145 1343 231 1377 legem
259 1350 319 1376 qua:
344 1341 427 1374 dicit,
448 1351 457 1367 ι
477 1349 529 1368 ιιοιι
553 1342 746 1376 concupisces,
766 1351 775 1368 ι

14 1388 72 1414 :tiaru
88 1389 251 1416 adversatur
269 1389 304 1422 ei,
320 1393 346 1416 et
363 1393 501 1415 certamen
516 1388 718 1422 quodammodo
730 1395 778 1422 ge-

15 1434 46 1466 it,
66 1440 92 1460 ut
109 1443 162 1462 non
189 1435 276 1462 solum
292 1434 520 1468 concupiscentia:
544 1433 694 1461 satisfaciat
710 1434 777 1470 (97),

14 1481 39 1506 ed
51 1481 128 1508 etiam
146 1481 334 1508 adversar-ium
346 1481 447 1508 vincat.
463 1480 525 1508 Haec
536 1485 578 1507 cst
593 1488 658 1514 ergo
671 1481 778 1508 occasio
792 1492 813 1520 ε

17 1531 71 1550 uam
88 1524 151 1552 dicit
166 1525 260 1551 venire
278 1532 311 1552 ex
328 1525 466 1552 mandato.
489 1524 587 1552 Nescio
608 1533 662 1560 quo
676 1526 777 1553 etenim

15 1575 68 1598 acto
85 1578 115 1597 ea
130 1578 191 1605 qua:
207 1571 384 1605 prohibentur
408 1571 547 1598 ardentius
568 1571 776 1604 desiderantur;

14 1617 86 1644 tideo
97 1625 158 1645 cum
172 1617 329 1644 mandatum
343 1621 477 1650 sanctum,
490 1616 625 1651 eljustum
639 1623 666 1644 et
678 1617 777 1645 bonum

14 1662 27 1686 ll
40 1661 117 1696 (quod
131 1664 205 1689 enirn
224 1662 348 1696 prohibet
364 1664 480 1694 malum,
503 1663 658 1689 necessario
676 1663 777 1689 bonurn

14 1707 52 1741 st),
69 1708 130 1734 dum
149 1707 320 1741 prohibendo
342 1707 589 1743 concupiscentiam
608 1707 693 1742 magis
717 1714 776 1733 eam

14 1758 116 1779 revocat
132 1758 162 1779 et
184 1751 332 1779 inﬂammat
343 1771 351 1785 ,
366 1759 416 1786 per
430 1752 531 1779 bonum
549 1751 614 1779 mihi
636 1758 777 1787 operatum

14 1803 32 1823 at
46 1803 169 1825 mortem.
188 1797 292 1824 indicat
318 1801 408 1824 tamen
425 1797 568 1832 Apostolus
586 1798 612 1824 in
640 1798 691 1828 his,
707 1798 778 1831 quod

14 1842 66 1877 rigo
82 1844 186 1877 peccati
209 1851 243 1870 ex
260 1843 481 1877 concupiscentia
494 1848 554 1870 orta
570 1844 616 1877 sit,
634 1844 697 1870 dum
714 1852 778 1879 pro-

14 1888 97 1916 ibente
107 1889 164 1925 (98)
183 1890 241 1924 lege
257 1889 314 1916 sive
327 1889 420 1925 Moysi,
435 1897 494 1924 qua:
507 1890 593 1917 dicit:
611 1899 620 1915 ι
640 1889 696 1916 Non
713 1897 779 1917 corr-

14 1935 110 1969 ripisces
123 1936 158 1967 ⁷³,
181 1945 191 1961 ι
208 1935 266 1962 sive
280 1936 374 1968 etiam,
392 1940 422 1962 ut
434 1943 514 1969 supra
529 1936 713 1977 exposuimus,
730 1944 778 1962 na-

14 1983 79 2014 rrali,
92 1990 125 2010 eo
143 1983 344 2011 contentiosius
357 1983 431 2017 quod
456 1983 616 2017 prohibetur
630 1985 777 2018 expetitur.

14 2028 133 2056 riendum
150 2036 219 2056 sane
237 2032 279 2055 est
290 2029 362 2062 quod
379 2028 601 2062 concupiscentia
624 2029 669 2056 hic
686 2029 777 2062 culpa-

14 2072 49 2100 llis
64 2075 186 2108 ponitur.
206 2074 252 2100 Est
268 2077 358 2100 autem
373 2074 398 2099 in
416 2074 509 2101 multis
524 2079 552 2101 et
567 2074 778 2106 laudabilis.sic-

14 2138 17 2144 .
45 2127 127 2154 supra
169 2120 339 2146 ostendimus
365 2119 430 2154 (99).
449 2129 456 2145 ι
478 2120 542 2146 Sine
559 2120 615 2153 lege
630 2121 779 2154 enimpec-

831 883 884 910 lum
897 887 924 910 et
938 891 1032 910 omnes
1045 883 1169 910 homines
1179 889 1283 910 certum
1294 888 1336 910 est
1350 883 1494 917 aliquando
1507 882 1619 914 vixisse,

831 928 881 956 hoc
899 933 942 956 est
956 929 982 955 in
999 933 1079 955 relate
1101 929 1209 962 puerili.
1226 928 1328 956 Omnes
1344 929 1415 955 enim
1431 928 1557 956 similiter
1572 935 1621 962 per

830 973 896 1000 illrrd
916 978 1021 1007 tempus
1038 974 1157 1000 nonrlnm
1173 981 1288 1008 capaces
1311 974 1391 1008 hujus
1407 973 1537 1000 naturalis
1552 973 1620 1007 legis

830 1018 978 1045 exsistunt.
993 1017 1060 1045 Nam
1075 1019 1169 1053 utique
1190 1027 1243 1045 non
1266 1021 1404 1046 videretur
1427 1020 1460 1047 de
1475 1020 1527 1046 hoc
1543 1019 1619 1046 Pauli

830 1072 893 1091 vera
908 1071 969 1091 esse
983 1063 1126 1098 professio.
1144 1064 1285 1098 Quomodo
1299 1066 1371 1092 enim
1387 1065 1447 1092 sine
1459 1065 1517 1100 lege
1534 1064 1619 1100 Moysi

830 1110 989 1145 probabitur
1015 1109 1113 1137 Paulus
1134 1110 1280 1144 aliquando
1303 1110 1414 1142 vixisse,
1436 1118 1498 1137 cum
1515 1110 1571 1144 ipse
1588 1118 1617 1137 se

830 1154 971 1181 llcbrrcum
985 1162 1017 1181 ex
1033 1155 1215 1187 llcbrreis,.et
1237 1161 1333 1182 octava
1360 1155 1403 1182 die
1425 1154 1618 1182 circurrrcisrrru

829 1200 976 1227 secundum
1009 1201 1076 1235 legis
1106 1206 1251 1235 prrccepta,
1283 1201 1454 1228 fateatur"?
1485 1200 1539 1228 Sed
1566 1201 1619 1228 hoc

830 1247 908 1273 tuodo
923 1254 976 1280 quo
990 1247 1126 1279 diximus,
1149 1247 1208 1274 sine
1229 1247 1287 1282 lege
1308 1247 1424 1274 naturali
1445 1247 1513 1274 vixit
1536 1247 1618 1274 etiam

830 1291 886 1325 ipse
908 1291 1053 1325 aliqrraudo
1077 1291 1103 1318 in
1129 1293 1256 1326 pueritia.
1284 1292 1342 1325 Quo
1366 1293 1392 1319 in
1419 1297 1541 1327 tempore
1565 1301 1618 1320 nurt

829 1337 898 1364 dixit
917 1344 969 1364 non
988 1337 1071 1364 fuisse
1084 1338 1110 1364 in
1125 1339 1232 1365 homine
1247 1343 1398 1373 peccaturo,
1415 1339 1461 1366 sed
1480 1344 1617 1365 mortuuut

830 1383 913 1410 fuisse
927 1403 935 1415 ,
955 1389 983 1411 et
1009 1385 1141 1412 revixisse
1159 1385 1329 1419 postmodum
1349 1386 1393 1412 ubi
1415 1386 1456 1412 lex
1486 1386 1619 1412 naturalis

829 1430 979 1457 adveniens
1000 1431 1146 1464 prohibere
1166 1432 1416 1465 concupiscentiam
1435 1432 1537 1465 coepit:
1558 1440 1619 1466 qua:

831 1475 873 1502 lex
886 1475 969 1502 veluti
984 1480 1119 1503 mortuum
1132 1476 1274 1502 suscitavit
1288 1481 1430 1511 peccatum
1446 1476 1497 1512 (2).
1512 1474 1619 1504 Peccati

830 1528 947 1555 namque
962 1526 1059 1548 natura
1075 1521 1133 1549 haec
1147 1527 1199 1554 est,
1216 1522 1238 1550 si
1257 1524 1302 1549 llat
1318 1523 1389 1558 quod
1404 1522 1446 1549 lex
1464 1522 1520 1550 fieri
1535 1527 1618 1550 vetat.

829 1566 1019 1594 Rcviviscerrte
1033 1574 1098 1600 ergo
1113 1572 1241 1601 peccato,
1261 1577 1270 1593 ι
1292 1575 1341 1603 ego
1353 1587 1361 1600 ,
1378 1568 1477 1602 inquit,
1496 1574 1618 1595 mortuus

829 1621 888 1640 sum
904 1613 937 1639 ⁷⁸.
955 1614 1018 1647 Ego.
1037 1623 1046 1639 ι
1065 1613 1149 1646 Quis?
1160 1615 1256 1640 Anima
1275 1615 1333 1641 sine
1348 1615 1430 1642 dubio
1445 1622 1504 1649 qua:
1517 1613 1620 1641 fecerat

829 1658 910 1693 583
928 1661 998 1693 quod
1016 1659 1073 1686 ﬁeri
1090 1659 1133 1685 lex
1148 1661 1256 1686 vetabat
1273 1669 1279 1687 :
1299 1670 1308 1685 ι
1320 1661 1436 1687 Animas
1453 1662 1524 1688 enim
1543 1669 1619 1697 «qua:

829 1709 934 1738 peccat,
947 1714 956 1730 )
978 1709 1006 1731 ut
1022 1705 1153 1740 propheta
1172 1706 1238 1732 dicit
1253 1706 1303 1740 (5),
1323 1715 1333 1732 ι
1347 1707 1404 1740 ipsa
1423 1707 1555 1734 morietur
1566 1708 1617 1735 ⁷⁸.»

829 1752 969 1779 Inventum
996 1759 1038 1780 cst
1063 1760 1128 1788 ergo
1147 1754 1304 1780 mandatum
1320 1755 1391 1788 quod
1416 1755 1507 1782 datum
1532 1755 1619 1783 fuerat

831 1798 864 1824 ad
889 1799 985 1829 vitam,
1012 1798 1110 1824 anima:
1133 1798 1249 1830 scilicet,
1279 1804 1308 1825 ut
1332 1807 1390 1826 eam
1412 1800 1520 1826 doceret
1536 1807 1618 1834 opera

830 1843 1025 1874 vitae,cessissc
1039 1844 1063 1870 ei
1076 1844 1110 1870 ad
1125 1848 1250 1875 mortem,
1263 1843 1326 1870 dnnr
1347 1845 1483 1878 prohibita
1495 1853 1547 1872 non
1563 1850 1619 1873 tam

830 1888 940 1923 refugit,
959 1896 1038 1923 quatit
1064 1889 1206 1916 ardentius
1232 1890 1345 1923 expetit.
1368 1889 1456 1916 Movet
1469 1898 1512 1918 me
1527 1896 1618 1918 tamen

830 1935 857 1961 in
874 1934 917 1961 bis
933 1935 1071 1968 quomodo
1097 1935 1196 1961 dixerit
1209 1941 1351 1968 peccatum
1371 1941 1504 1962 mortuum
1519 1943 1580 1964 esse
1592 1943 1619 1965 et

830 1979 1025 2015 revixisse“).
1059 1978 1172 2006 Videtur
1196 1979 1267 2006 enim
1292 1981 1355 2015 quia
1380 1989 1432 2008 non
1457 1983 1542 2016 possit
1565 1983 1618 2010 dici

830 2030 967 2052 mortuum
984 2025 1034 2052 nisi
1050 2026 1122 2059 quod
1142 2025 1287 2060 aliquando
1313 2028 1427 2059 vixerit,
1449 2034 1477 2055 et
1497 2034 1620 2062 postmo-

829 2071 891 2098 dum
913 2071 966 2098 vita
983 2073 1112 2098 carrreril.
1134 2071 1186 2098 Sed
1208 2077 1235 2098 et
1261 2073 1310 2100 hoc
1334 2074 1420 2107 ipsum
1445 2075 1517 2108 quod
1542 2075 1619 2107 dicit,

831 2125 841 2142 ι
863 2116 989 2147 revixit,»
1011 2125 1063 2143 non
1091 2125 1175 2151 nuper
1196 2118 1286 2144 datam
1308 2119 1410 2151 vitam,
1433 2120 1479 2146 sed
1500 2121 1619 2154 priorem

14 2168 74 2192 rturrr
95 2169 236 2192 rnorturrrn
251 2169 302 2192 est.
327 2164 381 2199 Ego
397 2171 486 2192 autem
502 2165 624 2193 vivebam
642 2167 701 2193 sine
720 2166 778 2201 lege
795 2160 815 2186 ί)
832 2163 963 2190 redditam
977 2163 1057 2190 docet
1072 2172 1078 2190 :
1096 2163 1154 2198 ipsc
1167 2164 1239 2190 enim
1253 2171 1354 2197 sermo,
1370 2173 1379 2190 ι
1400 2167 1512 2199 revixit,
1531 2176 1540 2193 ι
1561 2175 1620 2194 rur-

20 2233 42 2248 "
57 2232 148 2259 Exod.
164 2240 212 2263 xx,
227 2231 270 2258 16.

14 2275 60 2300 rm,
76 2268 104 2295 ει.

20 2322 73 2358 (91)
94 2323 181 2353 Alias,
208 2331 217 2347 ι
237 2330 289 2349 ιιοιι
310 2322 447 2353 novimus;
469 2330 478 2346 ι
498 2321 550 2354 aL,
573 2331 582 2347 ι
603 2329 654 2348 ιιοιι
672 2322 780 2349 noveri-

15 2366 54 2384 us.
72 2367 82 2383 ι
103 2357 219 2384 Deinde.
242 2367 250 2381 ι
276 2362 302 2383 et
324 2365 376 2383 non
403 2364 417 2382 a
441 2357 610 2383 conm-ientia
632 2363 742 2389 nostra,
767 2367 776 2383 ι

14 2400 34 2419 c.
56 2392 112 2419 Sed
131 2393 254 2427 potiores
271 2400 335 2419 mss.
350 2392 435 2418 nostri
455 2397 482 2418 et
501 2391 629 2419 [tabanus
649 2393 779 2420 orrrittrrut

14 2436 74 2453 11011-
101 2438 111 2453 1

18 2462 73 2497 (92)
91 2463 140 2489 Sic
157 2468 223 2488 mss.
240 2467 266 2489 ct
287 2462 424 2489 Rabanrrs.
441 2460 512 2488 Editi
526 2469 600 2495 vero,
619 2471 628 2488 ι
645 2461 778 2497 Loquitur

14 2498 53 2524 .im
68 2499 144 2524 intra
160 2504 210 2524 nos
221 2497 399 2524 conscientia.
417 2507 426 2523 ι

29 2533 74 2564 95)
97 2532 185 2564 Editi,
205 2542 214 2558 ι
236 2531 290 2559 Hoc
303 2540 368 2566 ergo
380 2538 421 2559 est
433 2532 495 2559 dum
507 2531 582 2564 dicit,
602 2541 612 2558 ι
627 2537 681 2561 ctc.

30 2567 75 2603 94)
90 2567 181 2603 Alias,
202 2576 211 2593 ι
229 2568 284 2600 ipsa
300 2573 390 2594 autern
407 2568 507 2603 etiam,
526 2575 535 2592 ι
554 2573 608 2594 etc.
632 2568 695 2594 Mss.
713 2568 776 2602 qui-

14 2602 43 2628 rirr
60 2608 88 2630 et
103 2602 192 2634 editi,
214 2612 222 2627 (
242 2603 326 2636 ipsam
347 2607 437 2629 autem
459 2602 539 2628 etiam
556 2603 714 2628 mandatunr
728 2611 776 2636 ap-

17 2638 72 2669 llul,
100 2644 166 2664 cum
187 2637 243 2670 ait,
268 2638 329 2672 quia
357 2638 510 2668 occasione,
528 2646 537 2662 ι
558 2642 612 2664 etc.
634 2637 776 2665 Manifeste

14 2673 119 2700 drtttdat
133 2679 187 2698 vox
207 2683 215 2697 ι
232 2677 332 2699 autem.
350 2682 358 2698 I

16 2708 72 2742 (95)
87 2707 175 2740 Editi,
193 2716 201 2732 ι
220 2708 403 2735 vehementer.
419 2716 428 2732 ι

17 2743 73 2776 (96)
89 2742 177 2774 Editi,
196 2750 351 2777 pcrperarrr,
369 2752 377 2768 I
395 2743 457 2769 ideo
475 2749 600 2777 namque.
622 2752 631 2768 ι

17 2778 74 2813 (97)
102 2777 191 2812 Editi,
211 2786 229 2803 ι.
245 2779 388 2805 Certarrrcn
411 2778 544 2813 quoddam
568 2779 649 2813 gerit,
672 2782 700 2805 ut
722 2783 775 2805 non

14 2812 70 2842 tum
85 2813 321 2848 concupiscentia
338 2821 391 2841 non
412 2812 578 2848 satisfaciat,
598 2823 607 2840 ι
624 2819 677 2842 etc.
696 2813 774 2842 Salo-

309 2231 370 2248 "“"
386 2232 463 2260 liorn.
479 2240 525 2265 vti,
542 2233 622 2260 8-10.

659 2233 682 2249 ⁷⁸
696 2233 781 2260 Exod.
800 2239 857 2264 xxI,
875 2231 918 2259 15.

956 2231 977 2246 ⁷⁷
992 2230 1090 2266 Philip.
1105 2239 1146 2264 ιιι,
1159 2231 1186 2257 5.
1225 2231 1387 2266 "Bonum,
1404 2233 1442 2260 [0.
1481 2235 1503 2250 "
1519 2235 1618 2263 Ezcclt.

834 2321 931 2357 dianus
955 2321 1055 2347 mnittit
1077 2330 1086 2346 ι
1109 2328 1160 2348 ιιοιι
1180 2331 1189 2348 ι
1213 2327 1274 2349 ante
1299 2331 1308 2348 ι
1333 2322 1494 2357 satisfaciat,
1522 2334 1531 2350 ι
1551 2326 1621 2354 sicut

832 2361 860 2383 ct
878 2356 1004 2382 ltabantts
1015 2361 1042 2382 et
1057 2364 1152 2384 omnes
1167 2365 1233 2383 mss.
1251 2359 1344 2384 nostri.

868 2390 924 2426 (98)
942 2391 1013 2417 Editi
1031 2393 1109 2422 male,
1128 2400 1137 2416 ι
1152 2393 1321 2425 prohibetur.
1340 2402 1350 2419 ι

868 2393 913 2426 (98
942 2393 1013 2417 Editi
1031 2393 1109 2422 male,
1128 2400 1137 2416 ι
1152 2393 1321 2425 prohibetur.
1340 2402 1350 2419 ι

868 2393 924 2461 (99)
940 2425 1032 2464 Edili,_
1047 2434 1060 2464 ¢_
1075 2431 1116 2452 est
1138 2432 1228 2453 autern
1251 2432 1279 2454 et
1300 2427 1326 2455 in
1345 2429 1437 2457 multis
1463 2429 1619 2464 laudabilis,

832 2462 903 2489 sicut
914 2469 994 2495 supra
1007 2461 1137 2488 diximus.
1157 2470 1166 2486 ι

868 2497 906 2558 (11)
921 2495 988 2523 Cum
1002 2496 1082 2522 etiam
1095 2499 1252 2532 exemplum,
1267 2502 1320 2525 etc.
1337 2498 1404 2527 Vide
1416 2507 1514 2535 supra,
1529 2501 1577 2530 lib.
1593 2509 1619 2535 v,

830 2539 904 2606 Thai)
926 2566 971 2594 Sic
987 2573 1051 2593 mss.
1067 2566 1245 2606 et_Rahan_tts,
1260 2568 1316 2606 Anisi
1328 2569 1399 2603 qrrod
1412 2570 1512 2597 habeat
1529 2580 1539 2597 ι
1555 2573 1617 2606 quia

831 2601 882 2633 lex,
901 2611 910 2626 ι
930 2609 978 2635 pro
996 2610 1005 2626 ι
1025 2608 1084 2635 qua:
1098 2602 1150 2629 lex.
1166 2612 1175 2628 ι
1196 2603 1266 2630 Editi
1281 2601 1356 2636 vero,
1377 2614 1385 2629 ι
1403 2606 1542 2638 prohibuit
1554 2601 1617 2633 curr-

830 2637 1035 2671 cupiScerrliarn,
1044 2638 1181 2672 coepitque
1191 2638 1233 2666 lcx
1246 2638 1327 2666 veluti
1336 2637 1472 2667 mortuum
1484 2643 1595 2668 suscirar
1603 2650 1618 2669 c

866 2680 983 2699 CCiHlllll.
1003 2681 1012 2696 Ι

831 2679 1094 2768 ἒῑὲξιῦἳιρνξιρήεια
1109 2707 1183 2736 dicit.
1205 2708 1267 2737 llaec
1284 2710 1365 2738 verba
1384 2712 1573 2739 desiderantur
1589 2713 1616 2740 in

830 2748 1004 2815 erigi-Editi.
1023 2786 1033 2804 ι
1052 2777 1140 2806 Move;
1155 2786 1199 2806 me
1216 2783 1305 2807 tamen
1319 2782 1456 2815 quomodo
1472 2782 1572 2813 dixerit
1589 2785 1615 2813 iu

830 2812 873 2840 his
885 2817 1027 2849 pcccaturn
1043 2819 1178 2842 mortuum
1195 2812 1335 2844 revixisse:
1355 2825 1364 2843 ι
