1831 3052
234 108 307 137 1085

232 174 293 195 sum
309 165 410 192 vixisse
427 162 573 198 significat.
594 161 622 190 Si
636 169 702 196 ergo
718 162 744 188 in
762 162 852 188 anima
868 161 967 188 dicitur
979 169 1021 188 rc-

234 211 336 238 vixisse
361 213 524 243 peccatum,
543 207 680 241 quotnodo
704 206 730 234 hi
758 206 791 233 de
813 207 865 233 hoc
892 213 1019 234 sermone

232 255 351 291 Apostoli
374 260 428 288 quo
451 252 506 284 ait,
528 261 537 278 ι
555 252 611 286 Ego
636 257 726 279 autem
742 251 866 279 vivebam
884 251 943 279 sine
959 251 1019 285 lege

232 299 387 335 aliquando,
407 308 417 324 ι
435 299 531 330 dogma
548 297 820 332 μετενσωματώσεως
833 297 1018 329 introducunt,

232 345 302 380 quod
318 344 423 371 anituas
441 343 580 370 hominum
596 342 670 378 prius
685 343 712 369 in
724 343 871 377 pecudibus
883 363 890 375 ,
904 342 947 370 vel
963 343 1019 369 avi-

230 390 300 422 bus,
321 395 367 416 aut
389 389 508 423 piscibus
531 389 612 415 docet
631 387 715 415 fuisse
727 407 735 420 ,
750 392 778 414 et
792 387 833 415 sic
847 389 881 414 ad
897 388 1019 415 homines

230 435 340 462 venisse
356 443 363 462 :
380 439 408 462 et
421 439 564 468 propterea
583 433 621 468 (5)
638 433 738 461 dixisse
749 433 920 468 Apostolttm,
938 442 947 458 ι
963 433 1019 469 Ego

229 485 319 507 autem
347 480 469 508 vivebam
495 481 554 507 sine
579 480 639 515 lege
666 479 828 514 aliquando,
853 488 862 505 ι
879 479 957 514 quasi
972 479 1018 514 qui

230 529 376 559 antequam
394 525 421 552 in
436 525 487 552 hoc
498 533 598 560 corpus
611 526 718 553 veniret
730 526 877 552 ltuntanum
889 545 896 557 ,
921 525 1020 552 vixerit

229 570 257 598 in
272 578 305 598 eo
321 571 417 598 ordine
431 571 517 607 (verbi
534 571 632 606 gratia)
648 577 694 598 aut
711 571 800 598 avium
811 591 818 603 ,
843 576 889 598 aut
914 571 1019 598 anima-

229 616 315 649 lium,
347 617 392 644 ubi
419 617 463 644 lex
488 617 561 645 nulla
591 617 746 645 haberetur.
783 616 943 651 Quomodo,
979 618 1020 645 in-

229 671 311 698 quant
330 663 387 699 (6),
414 663 448 691 ad
472 664 523 690 hoc
548 667 676 698 poterunt
698 663 882 697 respondere,
905 671 967 690 cum
991 664 1018 691 in

229 710 320 736 anima
335 717 388 736 non
404 717 490 743 nuper
505 714 647 742 exortum,
662 710 709 737 sed
722 709 795 744 quod
809 714 868 736 erat
884 715 1018 736 mortuum

229 755 303 783 dicat
316 754 449 782 revixisse
459 755 622 789 peceatum?
637 756 669 782 Et
681 759 785 782 certutn
797 761 839 783 est
852 756 923 790 quod
936 755 958 783 is
972 756 1017 791 qui

230 801 389 832 reviviscit,
407 801 475 827 vixit
491 801 648 835 aliquando.
669 801 811 836 Nunquam
837 809 904 836 ergo
927 803 1017 829 anitna

230 848 257 874 in
281 855 313 874 eo
327 847 425 874 ordine
451 846 534 874 fuisse
549 847 706 881 videbitur,
732 848 776 874 ttbi
800 852 941 882 peccatum
962 849 1020 877 sitte

231 892 290 926 lege
307 900 358 919 nec
373 892 456 920 fuisse
480 893 586 928 potuit,
602 899 651 920 nec
667 893 777 921 vixisse.
798 893 862 921 Haec
876 895 1019 922 adversum

230 938 291 965 illos
305 938 377 966 dicta
396 938 470 970 sint,
497 939 542 972 qui
558 938 677 973 Apostoli
699 945 853 967 sermonem
870 940 903 966 ad
921 941 1018 976 dogma

231 983 344 1017 impium
358 983 480 1010 trahunt.
500 982 557 1010 Nos
578 988 668 1011 autettt
693 989 808 1011 mortem
831 985 903 1012 hanc
916 987 1018 1021 peccati

229 1027 360 1055 beneficio
377 1028 422 1055 Dei
438 1028 528 1055 datam
551 1029 666 1057 dicimus
690 1034 812 1065 tempore
826 1038 876 1062 eo,
892 1038 945 1066 quo
961 1032 1020 1059 sine

231 1072 289 1108 lege
305 1073 473 1101 vivebamus.
486 1073 562 1107 Quod
577 1079 605 1101 et
617 1074 640 1101 si
655 1074 781 1102 veniente
795 1075 932 1108 mandato,
948 1076 1020 1110 quod

232 1127 242 1144 ι
260 1123 287 1146 et
300 1124 436 1151 sanctum,
451 1123 478 1146 et
489 1119 604 1153 justum,
621 1124 647 1147 et
663 1119 762 1147 bonum
779 1124 830 1152 est,
851 1129 861 1146 ι
882 1121 1020 1149 reviviscit

229 1165 257 1193 in
274 1166 351 1194 nobis
364 1170 518 1201 peccatum,
529 1170 556 1193 et
569 1166 670 1194 occidit
685 1174 736 1194 nos
753 1166 776 1201 (ι
794 1172 934 1201 peccatum
947 1167 1019 1195 enim

229 1216 340 1246 accepta
355 1211 498 1239 occasione
514 1218 562 1246 per
574 1213 731 1239 mandatum
744 1213 851 1239 seduxit
864 1220 917 1245 me.
930 1219 958 1241 et
972 1221 1020 1248 per

231 1255 297 1282 illud
323 1255 425 1283 occidit
442 1255 466 1292 ι)
481 1263 533 1283 non
548 1261 589 1283 est
610 1255 749 1283 accusatio
767 1257 884 1284 mandati
904 1265 951 1292 per
968 1257 1020 1286 hoc

230 1302 303 1336 quod
322 1302 493 1330 occasionem
507 1309 559 1337 qtta
573 1302 675 1329 occidit
692 1310 737 1330 me
757 1307 897 1338 peccatum
911 1304 1020 1332 venisse

229 1347 294 1375 dicit
317 1355 351 1375 ex
374 1348 519 1380 mandato,
535 1348 583 1376 sed
605 1348 664 1376 haec
682 1354 725 1376 est
742 1349 807 1377 dicti
829 1349 910 1384 hujus
923 1358 1020 1378 conse-

229 1393 352 1427 quentia.
381 1393 437 1421 Lex
463 1394 563 1421 dicitur
577 1401 638 1429 qua:
654 1394 734 1422 docet
754 1395 817 1429 quid
833 1395 892 1422 ﬂeri
911 1396 1018 1429 debeat,

228 1437 293 1472 quid
309 1438 417 1471 caveri;
435 1443 463 1466 et
484 1446 596 1466 necesse
611 1443 652 1466 est
665 1444 694 1466 ut
706 1439 772 1467 illud
789 1441 861 1475 quod
875 1441 965 1468 caveri
980 1441 1020 1468 di-

228 1483 278 1516 cit,
293 1483 406 1511 edoceat
422 1484 460 1519 (7)
478 1485 558 1519 quate
571 1485 617 1516 sit,
643 1492 696 1519 quo
711 1493 759 1520 per
773 1486 824 1514 hoc
837 1486 928 1514 caveri
947 1486 1017 1514 faci-

979 104 1139 132 ORIGENIS

1771 102 1807 130 tibi

1036 163 1059 189 Α
1074 167 1188 188 rerctur.
1210 160 1264 188 Sed
1285 167 1318 187 ne
1340 159 1401 194 quis
1414 159 1453 195 (9)
1467 159 1519 186 hoc
1534 158 1664 187 mandato
1685 159 1743 194 legis
1759 155 1820 188 my

1072 205 1167 238 heret,
1191 205 1261 239 quod
1279 204 1425 232 occasione
1441 203 1569 238 pracepti
1585 211 1599 230 a
1615 205 1809 239 peccauimus-

1071 249 1152 276 ducta
1166 254 1208 276 est
1222 250 1313 277 anima
1326 254 1353 276 et
1369 248 1459 276 occisa
1470 267 1479 281 ,
1503 248 1645 283 subjungit
1665 249 1811 283 Apostoiuga

1072 296 1162 323 dicit:
1183 304 1192 321 ε
1213 296 1307 330 itaque
1331 296 1374 322 lex
1397 295 1506 330 quidem
1529 300 1624 321 sancta
1637 315 1645 327 ,
1661 302 1688 322 et
1702 297 1820 332 mandatu-tt

1072 346 1208 374 sanctum,
1234 345 1262 368 et
1283 341 1398 376 justum,
1413 345 1441 367 et
1456 340 1567 368 bonum.
1586 350 1596 367 ›
1615 341 1714 368 Bonum
1736 349 1820 377 tiamne

1072 390 1114 413 est
1137 387 1302 419 mandatum,
1328 389 1356 413 et
1377 386 1420 413 lex
1433 390 1526 412 sancta
1541 389 1593 413 est.
1615 385 1689 413 Bona
1702 387 1762 413 enim
1773 395 1813 420 νην

1072 432 1154 467 cipit,
1178 437 1206 459 et
1228 433 1360 459 bonorum
1383 433 1584 460 observantiam
1612 433 1728 460 mandat.
1747 433 1813 466 uouet

1071 485 1164 512 ergo.»
1182 477 1280 512 inquit,
1300 486 1308 501 ι
1325 478 1424 504 bonum
1440 481 1492 511 est,
1509 478 1574 505 mihi
1589 485 1664 505 mors
1680 478 1732 505 est!
1746 478 1813 505 Aluit)

1072 523 1260 556 Objectionem
1286 522 1388 550 refellit
1411 524 1566 551 necessario
1590 530 1815 559 consurgente,e

1072 569 1158 596 dicit:
1177 568 1236 596 Non
1251 569 1321 603 quod
1337 568 1438 596 bonunt
1464 569 1531 604 legis
1552 574 1580 596 et
1602 570 1718 597 mandati
1737 576 1815 598 mortem

1073 616 1138 644 mihi
1164 616 1305 649 intulerit;
1333 625 1342 642 ε
1357 616 1404 644 sed
1427 621 1588 650 peccatum,
1605 625 1616 643 ι
1645 617 1744 651 inquit,
1761 623 1815 643 ιυιι

1072 671 1153 699 quam
1170 663 1292 697 iuiquutn
1307 663 1343 690 sit
1360 672 1370 688 ‹
1392 667 1540 697 appareat,
1554 670 1603 698 per
1617 663 1713 691 bonum
1730 664 1780 690 mihi
1792 664 1818 690 in-

1074 710 1134 737 tulit
1148 715 1262 737 mortem
1279 709 1348 745 (11).
1365 718 1376 735 ι
1394 709 1498 736 Bonum
1514 716 1633 744 namque
1647 714 1689 737 est
1702 711 1820 740 mandatum

1072 763 1134 782 cum
1156 759 1282 783 servatur
1300 764 1307 782 :
1324 755 1346 782 si
1371 762 1436 782 vero
1460 762 1512 782 non
1533 759 1677 788 servetur,
1702 755 1820 782 necessatis

1073 801 1172 828 malum
1199 801 1252 828 erit
1276 800 1314 828 illi
1342 801 1389 835 qui
1412 801 1560 835 perdiderit
1584 801 1694 828 bonum.
1723 801 1760 829 Fit
1778 810 1820 837 trp

1036 841 1057 868 Β
1075 856 1084 873 ι
1104 847 1191 881 ipsunt
1208 849 1351 881 peccatum
1368 853 1449 880 supra
1464 845 1573 874 modum
1591 852 1715 882 peccator
1729 857 1737 872 ι
1750 855 1777 874 et
1788 855 1820 878 oo;

1072 892 1184 920 casione
1207 891 1339 919 mandati.
1361 891 1485 918 Diximus
1503 896 1531 919 et
1547 893 1673 926 superius
1695 894 1758 927 quod
1768 894 1820 927 quasi

1071 945 1216 973 personam
1243 937 1354 965 tinxerit
1381 938 1485 972 peccati
1497 958 1505 970 .
1524 943 1553 966 et
1573 938 1606 965 de
1620 938 1676 972 ipsa
1690 939 1754 966 dicat
1765 947 1820 973 supra

1071 983 1179 1010 modum
1205 987 1373 1018 peccaton
1390 981 1517 1010 effectum
1540 983 1628 1018 ipsum
1644 989 1786 1018 peccatum,
1799 985 1820 1010 ds

1071 1028 1150 1063 cujus
1161 1035 1278 1063 persona
1293 1027 1415 1062 loquitur
1424 1047 1432 1061 ,
1445 1035 1479 1055 ex
1496 1029 1644 1056 occasione
1657 1030 1771 1056 mandati.
1787 1030 1820 1056 IL

1071 1081 1122 1101 nus
1140 1073 1212 1100 enim
1228 1073 1332 1108 peccati
1345 1077 1386 1100 est
1401 1071 1458 1108 (12)
1469 1092 1476 1104 ,
1493 1073 1516 1100 si
1530 1073 1555 1100 id
1570 1073 1642 1108 quod
1658 1081 1710 1102 non
1726 1074 1820 1108 prohibe

1071 1123 1116 1146 tur
1131 1119 1270 1147 admittas.
1292 1117 1322 1146 Si
1340 1126 1406 1146 vero
1422 1119 1506 1146 vetita
1518 1123 1546 1146 et
1557 1118 1699 1147 interdicta
1712 1121 1820 1151 commissi

1071 1166 1121 1199 ris,
1136 1173 1217 1200 supra
1235 1165 1344 1192 modum
1354 1185 1362 1197 .
1377 1169 1406 1192 ut
1422 1165 1459 1192 ita
1474 1164 1574 1197 dicam,
1587 1171 1712 1201 peccator
1722 1174 1748 1194 es
1759 1175 1765 1193 :
1778 1167 1820 1200 quia

1072 1219 1125 1238 non
1141 1211 1230 1238 solum
1246 1210 1408 1238 commisisti
1433 1210 1504 1244 quod
1527 1217 1580 1237 non
1605 1210 1734 1244 debuisti,
1754 1213 1790 1238 sed
1804 1216 1820 1239 tt

1070 1260 1232 1291 praeeptum
1258 1256 1452 1291 praevaricatus
1476 1262 1516 1283 es.
1537 1255 1616 1288 Quod
1629 1261 1718 1284 autem
1736 1258 1820 1292 diximut

1073 1311 1082 1329 ε
1100 1307 1241 1337 peccatum
1258 1307 1396 1338 peccator,
1414 1311 1423 1329 ι
1451 1302 1600 1331 maluimus
1617 1304 1710 1331 vitium
1722 1304 1820 1332 semotus

1072 1347 1207 1382 recipere,
1218 1356 1300 1383 quam
1313 1355 1422 1376 sensum
1433 1349 1557 1384 Apostoli
1575 1356 1630 1376 non
1648 1349 1747 1384 integre
1756 1350 1820 1383 exer

1072 1401 1147 1422 mere
1163 1401 1170 1421 :
1189 1394 1251 1428 quia
1269 1394 1296 1421 in
1314 1394 1412 1422 Latino
1433 1402 1560 1424 sermone
1580 1396 1820 1429 angustavitnosw

1071 1447 1133 1467 men
1151 1440 1268 1475 peccati,
1278 1441 1351 1475 quod
1366 1445 1462 1469 neutro
1473 1449 1572 1476 genere
1585 1441 1734 1469 declinatur
1747 1448 1753 1464 :
1765 1439 1820 1475 58(

1072 1484 1097 1511 in
1109 1484 1204 1512 Graeco
1219 1492 1283 1512 vero
1294 1485 1454 1513 femininum
1465 1485 1612 1520 est;etideo
1619 1489 1774 1521 peceatores:
1781 1492 1820 1515 emt

227 1527 281 1555 lius
295 1528 391 1563 possit.
412 1527 498 1556 Nemo
519 1529 592 1555 enitn
616 1534 704 1564 potest
726 1529 812 1557 vitare
833 1531 904 1564 qttod
920 1532 1016 1560 nescit.
1031 1525 1052 1554 C
1071 1537 1121 1557 nos
1133 1529 1328 1565 appellavimus
1343 1539 1351 1558 :
1370 1537 1433 1558 nam
1450 1530 1488 1559 ibi
1503 1531 1646 1566 peccatrix
1667 1531 1781 1567 appellari
1792 1538 1820 1565 P01

229 1573 258 1601 Si
272 1574 334 1608 quis
349 1581 415 1609 ergo
432 1574 542 1602 edoctus
556 1581 604 1609 per
618 1574 704 1610 legem
725 1575 805 1610 quale
819 1577 855 1604 sit
868 1577 933 1604 illud
947 1578 1018 1612 quod

229 1627 326 1647 cavere
341 1620 435 1652 debet.
456 1628 511 1648 non
527 1626 583 1648 tam
599 1626 706 1655 caveat,
727 1630 809 1658 quam
825 1623 909 1651 faciat
932 1624 995 1651 illud
1009 1633 1017 1658 ;

227 1666 373 1694 occasione
386 1666 494 1700 quidem
512 1667 580 1702 legis
594 1675 647 1695 non
672 1667 804 1696 facienda:
819 1669 857 1697 rei
875 1670 1018 1698 scientiam

229 1712 367 1740 videbitur
388 1713 528 1748 accepisse
551 1723 558 1741 :
578 1714 626 1741 sed
639 1715 683 1741 lex
698 1722 752 1742 non
771 1715 875 1743 idcirco
892 1724 953 1744 eum
967 1717 1018 1745 do-

228 1763 324 1787 cuerat
341 1764 371 1787 ut
387 1759 490 1787 faceret
507 1761 578 1795 quod
594 1768 648 1788 non
661 1762 787 1795 debebat,
805 1767 833 1789 et
847 1768 1017 1798 moreretur;

226 1806 276 1833 sed
291 1809 319 1832 ut
335 1813 388 1833 non
401 1806 514 1839 faceret,
532 1811 560 1834 et
572 1807 685 1835 viveret.
709 1807 755 1835 Sic
766 1815 831 1843 ergo
853 1817 863 1834 ‹
875 1814 1017 1842 peccatum

227 1851 373 1879 occasione
388 1856 499 1886 accepta
510 1859 558 1887 per
571 1853 729 1880 mandatum
745 1853 854 1880 seduxit
866 1861 918 1887 me,
930 1858 958 1881 et
972 1862 1019 1889 per

228 1897 294 1924 illud
311 1897 421 1925 occidit.
433 1908 443 1924 ι
465 1899 520 1926 Aut
536 1903 612 1926 certe
624 1899 687 1933 quia
701 1899 771 1926 dixit
785 1899 834 1935 (8),
853 1909 862 1925 ‹
874 1899 1017 1927 Peccatum

228 1951 278 1978 per
292 1944 448 1971 mandatum
471 1945 579 1972 seduxit
600 1952 653 1978 me,
670 1949 698 1973 et
722 1952 771 1980 per
793 1945 858 1973 illud
873 1946 983 1979 occidit,
1005 1956 1015 1973 ›

228 1994 319 2024 potest
332 1990 376 2017 hic
393 1999 402 2015 ι
419 1995 562 2025 peccatum
576 1999 585 2016 ι
605 1990 646 2018 vel
661 1991 748 2026 ipsum
762 1998 901 2019 auetorent
917 1992 1018 2020 dixisse

227 2035 352 2069 peccati,
369 2035 402 2063 de
425 2043 479 2070 quo
500 2036 632 2070 scriptum
653 2041 696 2063 est
714 2045 721 2064 :
742 2046 752 2062 ι
770 2036 890 2071 Serpens
911 2037 1019 2064 seduxit

227 2087 272 2107 me
287 2080 310 2096 '°
326 2089 334 2108 :
354 2089 364 2107 ›
386 2081 426 2108 vel
442 2081 525 2108 etiam
542 2090 687 2116 personam
701 2081 812 2110 tinxisse
826 2083 942 2117 peccati,
958 2090 1018 2117 quae

227 2126 286 2152 visa
301 2127 337 2153 sit
354 2126 491 2154 hominem
512 2127 654 2155 seduxisse
677 2129 822 2155 occasione
837 2128 972 2161 mandati,
989 2133 1017 2155 ut

226 2178 338 2198 suavem
351 2170 454 2199 faceret
468 2172 764 2207 concupiscentiam,et
775 2173 866 2200 anima
879 2173 942 2200 dum
954 2181 1017 2200 sua-

226 2217 311 2244 vitate
344 2217 575 2251 concupiscentim
610 2217 783 2251 delectatur,
808 2219 1016 2253 praevaricando

226 2263 384 2290 tnandatum
399 2264 471 2298 quod
488 2263 608 2296 dicebat,
633 2273 643 2290 ‹
658 2271 711 2292 non
727 2265 915 2300 concupisces,
934 2275 944 2292 ι
959 2273 1017 2293 mo-

260 2309 284 2326 ⁸⁸
299 2309 368 2337 Gen.
389 2318 430 2344 Ill,
443 2310 487 2338 15.

263 2358 303 2394 (5)
325 2358 370 2386 Sic
393 2367 459 2396 mss.
484 2359 602 2396 codices.
623 2359 693 2396 Editi
708 2368 790 2396 garo,
807 2370 817 2387 ‹
835 2362 969 2396 quomodo
983 2363 1016 2389 de

226 2394 279 2430 hoc
306 2401 430 2430 sermone
448 2394 594 2430 Apostolus
615 2395 653 2421 ait
679 2404 686 2422 :
711 2395 767 2430 Ego
788 2394 876 2423 autém
897 2398 1016 2423 vivebam

224 2429 282 2466 sine
304 2428 359 2466 lege
388 2430 544 2466 aliquando.
576 2428 751 2466 Respondent
775 2431 1017 2466 l’ythagorizantcs

224 2463 346 2501 haeretici
367 2463 416 2501 qui
429 2465 526 2501 docent
549 2463 657 2501 animas
674 2463 815 2501 hominum
830 2463 906 2501 prius
924 2475 949 2493 Ill
970 2475 1016 2501 pe-

225 2498 340 2535 cudibus
352 2499 547 2535 ,_velravibus,
566 2505 611 2527 aut
630 2500 750 2535 piscibus
763 2498 864 2534 fuisse,
878 2508 906 2529 et
926 2498 1015 2530 sic-ad

225 2532 351 2560 homines
365 2532 486 2566 (luxisse,
504 2532 656 2568 propterea,
679 2544 688 2560 ι
703 2542 757 2562 etc.

272 2568 300 2602 6)
319 2568 402 2603 Editi,
418 2577 427 2593 ι
445 2568 542 2603 inquit,
562 2578 572 2595 ι
592 2570 671 2597 tnale.

274 2602 369 2640 7)‘Sic
381 2609 455 2631 recte
468 2602 519 2632 tus.
535 2612 613 2640 Aunus
630 2605 732 2640 Regius
747 2613 821 2633 num.
839 2605 918 2634 l659.
940 2605 1015 2633 Alter

224 2646 291 2676 vero
304 2638 404 2676 fiegius
422 2647 497 2676 num.
514 2638 592 2671 1641,
611 2648 621 2665 ι
637 2645 661 2667 et
673 2638 789 2676 iteresse
801 2641 866 2676 illud
879 2642 951 2676 quod
971 2649 1017 2668 ca-

224 2674 282 2700 veri
301 2673 378 2705 dicit,
397 2677 426 2700 ut
442 2674 549 2706 doceat,
571 2684 580 2700 »
597 2679 651 2701 etc.
672 2675 743 2702 Editi
757 2680 783 2702 et
801 2673 940 2709 Rabatius,
961 2685 971 2702 ‹
990 2681 1018 2703 et

224 2716 336 2745 hcet-sse
358 2713 402 2745 est
422 2709 486 2736 illud
512 2714 542 2735 ut
564 2710 653 2736 caveri
674 2710 748 2737 dicat
772 2710 933 2745 (Rabanus,
959 2720 968 2737 ι
989 2716 1018 2738 ttt

223 2744 294 2780 quod
312 2743 403 2780 caveri
419 2744 485 2772 dicit
510 2745 532 2780 ι)
550 2750 577 2771 et
590 2745 696 2777 doceat,
716 2754 725 2770 ι
744 2743 798 2772 etc.

259 2779 404 2842 (siti‘qtlias,
425 2780 493 2808 «Aut
504 2784 579 2808 certe
592 2780 657 2815 quia
665 2779 727 2816 (aL,
744 2789 754 2806 ε
765 2781 836 2816 quod
854 2781 878 2817 ι)
890 2781 1017 2817 frequen-

259 2823 284 2839 ’1
309 2836 312 2840 .
350 2834 356 2841 ι
379 2824 388 2840 Ι

225 2818 265 2841 ιιτ
278 2818 356 2842 dixit.
379 2824 388 2840 ι

1072 1580 1134 1604 test.

1105 1623 1134 1651 9.
1155 1631 1164 1649 ι
1177 1622 1286 1651 Scimus
1297 1624 1370 1652 enim
1384 1624 1447 1659 quia
1462 1623 1506 1651 lex
1519 1623 1652 1659 epiritalis
1666 1629 1727 1652 est:
1741 1631 1781 1658 qu
1790 1630 1820 1650 ar

1072 1674 1124 1697 tem
1142 1670 1264 1698 carnalis
1279 1678 1350 1703 sum,
1372 1671 1544 1698 venundatus
1565 1669 1617 1697 sub
1640 1675 1756 1704 peccato.
1772 1666 1820 1701 Quod

1069 1715 1140 1743 enim
1156 1723 1264 1751 operor,
1275 1716 1448 1751 ignoroznon
1456 1715 1530 1743 enim
1572 1716 1644 1750 quod
1660 1715 1718 1743 volo
1730 1715 1820 1750 (tam

1069 1769 1137 1796 ago;
1156 1762 1202 1789 sed
1219 1762 1289 1797 quod
1304 1762 1359 1794 odi,
1374 1761 1440 1789 illud
1454 1761 1534 1789 facio.
1551 1761 1579 1788 Si
1594 1767 1684 1789 autem
1700 1762 1764 1796 quod
1776 1760 1820 1793 nolet

1069 1807 1135 1835 illud
1150 1807 1232 1840 facio,
1250 1807 1391 1835 consentio
1404 1807 1467 1842 legi,
1485 1807 1615 1841 quoniam
1635 1808 1704 1834 bona
1716 1811 1764 1834 est.
1774 1805 1820 1836 Stat

1072 1858 1163 1881 autem
1183 1852 1239 1886 jam
1254 1860 1307 1880 non
1327 1859 1377 1887 ego
1397 1859 1495 1886 operor
1509 1851 1592 1884 illud,
1611 1852 1658 1880 sed
1671 1853 1740 1887 quod
1752 1850 1820 1890 habitat

1070 1898 1095 1925 in
1113 1905 1156 1925 me
1171 1902 1325 1933 peccatum.
1347 1898 1411 1925 Scio
1434 1898 1507 1925 enim
1532 1899 1598 1933 quia
1623 1906 1678 1925 non
1704 1895 1820 1927 habitat!

1070 1950 1123 1976 me,
1142 1942 1193 1970 hoc
1207 1947 1249 1970 est
1264 1943 1290 1970 in
1305 1949 1389 1970 carne
1401 1949 1470 1974 mea.
1485 1942 1599 1969 bonum.
1631 1941 1704 1970 Velle
1716 1942 1781 1969 enim
1793 1940 1820 1973 δότ

1066 1989 1141 2023 jacet
1156 1989 1223 2016 mihi
1247 1997 1255 2015 :
1280 1988 1410 2022 perficere
1430 1993 1519 2016 autetn
1547 1988 1648 2015 bonum
1664 1994 1716 2014 non
1737 1984 1820 2013 iuvetite

1068 2035 1127 2063 Non
1142 2036 1215 2063 enim
1231 2035 1302 2070 quod
1318 2034 1379 2061 volo
1396 2034 1466 2061 facio
1486 2035 1604 2066 bonum;
1626 2033 1673 2060 sed
1697 2032 1765 2067 quod
1785 2029 1820 2066 nell!

1069 2081 1181 2113 malum,
1200 2080 1252 2108 hoc
1265 2088 1326 2115 ago.
1348 2080 1377 2107 Si
1391 2083 1481 2107 autetn
1496 2080 1552 2115 (l4)
1567 2080 1639 2114 qttod
1656 2078 1729 2111 nolo,
1748 2084 1788 2112 ego
1799 2075 1820 2101 (ιι

1069 2126 1124 2159 cio,
1141 2133 1194 2153 non
1207 2126 1262 2161 jam
1279 2133 1331 2160 ego
1346 2132 1446 2160 operor
1459 2125 1534 2156 illud,
1557 2124 1605 2151 scd
1619 2124 1689 2159 quod
1711 2123 1820 2150 habitata

1072 2180 1116 2200 me
1132 2177 1283 2207 peccatum.
1304 2170 1416 2198 Invenio
1439 2170 1521 2205 igitur
1539 2170 1645 2205 legem,
1666 2167 1761 2196 volenti
1782 2161 1820 2192 ηιξξὶ

1069 2219 1160 2246 facere
1175 2217 1275 2245 bonum
1288 2237 1295 2249 ,
1313 2217 1440 2252 quoniam
1456 2216 1521 2242 mihi
1538 2215 1638 2242 malum
1653 2215 1763 2249 adjaeet.

1072 2264 1193 2292 delector
1205 2263 1278 2290 enim
1295 2263 1345 2298 lcgi
1367 2262 1414 2290 Dei
1429 2265 1579 2290 secundum
1597 2262 1752 2289 interioretn
1767 2259 1820 2285 Ιικιείιλ

1103 2358 1142 2394 (9)
1160 2357 1236 2394 Quia.
1253 2356 1344 2394 rDcest
1356 2356 1394 2394 _in
1419 2355 1510 2383 editis.
1539 2354 1634 2388 Alias,
1660 2363 1669 2379 ι
1685 2352 1738 2380 Sed
1751 2359 1778 2379 ne
1792 2351 1820 2376 lteri

1068 2391 1194 2422 mandato
1208 2392 1275 2426 legis
1290 2391 1483 2428 ascriberetur.
1506 2400 1515 2416 ι
1532 2396 1584 2428 etc.
1700 2423 1717 2428 η
1733 2423 1738 2428 ι

1103 2428 1159 2462 (10)
1180 2429 1200 2454 Α
1216 2423 1333 2462 peccato.
1353 2426 1527 2462 Desideratur
1543 2426 1570 2462 in
1583 2428 1661 2462 antea
1675 2423 1761 2462 editis.

1103 2458 1265 2499 (nimius,
1280 2461 1351 2499 «Non
1367 2461 1438 2499 quod
1450 2461 1550 2499 borium
1562 2460 1629 2499 legis
1642 2464 1670 2486 et
1681 2458 1820 2499 ntaudattlrtit

1067 2487 1405 2534 (ait-iNoii-quod‘bonu'm
1418 2496 1487 2534 legis
1498 2487 1681 2534 tttattdajtum.)
1691 2493 1746 2534 AL:
1760 2487 1820 2534 ιιὶυξ1

1067 2528 1119 2561 non
1136 2528 1239 2561 honuni
1252 2531 1319 2566 legis
1334 2528 1517 2563 ettuandatit)
1535 2529 1676 2566 intulerit;
1755 2532 1820 2560 βςω·

1067 2576 1135 2601 ιυιιι,
1152 2568 1250 2603 ittquit,
1269 2564 1297 2594 uit
1311 2574 1344 2594 eo
1356 2567 1428 2601 quod
1443 2567 1565 2599 iniquuttt
1583 2565 1631 2596 sit,
1653 2571 1701 2599 per
1714 2564 1820 2590 ὴοιιιιιιιι

1066 2604 1113 2635 ;ι1.,
1131 2608 1175 2630 «ut
1189 2603 1252 2637 quia
1264 2602 1385 2635 iniquum
1399 2601 1446 2631 sit,
1455 2609 1502 2635 per
1515 2600 1643 2637 bonum.)
1660 2598 1758 2637 Al.__0ttt
1768 2600 1820 2637 qui?

1246 2624 1462 2671 'cogt'toscerem',‘
1470 2642 1518 2669 per
1533 2635 1645 2666 bonum,
1656 2643 1664 2659 ι
1676 2633 1742 2660 mihi
1755 2636 1820 2665 ομττιε

1066 2680 1120 2701 tum
1137 2678 1179 2700 est
1196 2678 1321 2699 lliOl‘lelll.
1339 2680 1348 2697 I

1116 2709 1158 2742 12)
1177 2707 1228 2734 Ms.
1243 2715 1328 2738 unus.
1349 2715 1358 2742 ς
1378 2705 1465 2732 Minus
1479 2705 1552 2742 cuitu
1568 2704 1817 2742 rpeccalores.‘”‘tf~

1116 2709 1158 2742 12)
1177 2709 1228 2734 Ms.
1243 2715 1328 2738 unus,
1349 2715 1358 2731 ‹
1378 2709 1465 2732 Minus
1479 2709 1552 2732 enim
1576 2709 1811 2743 peccatores)“

1101 2709 1159 2778 ita)
1181 2743 1226 2770 Sic
1248 2749 1314 2769 mss.
1331 2741 1457 2778 plerique
1477 2746 1505 2778 ct
1524 2740 1663 2778 Rabattus.
1686 2739 1812 2778 plurim

1068 2789 1078 2806 ι
1095 2775 1166 2814 quod
1180 2775 1355 2814 volobonuin
1367 2785 1374 2808 ;
1388 2785 1397 2814 ξ
1416 2775 1534 2814 (Ιαίιιιιεέ,Δ
1547 2784 1556 2801 ι
1573 2776 1646 2810 quod
1660 2775 1703 2802 odi
1721 2775 1798 2799 malum
1811 2779 1815 2791 ι

1103 2810 1159 2849 (is)
1179 2812 1262 2845 Editi,
1281 2821 1291 2838 (
1312 2810 1340 2838 Si
1355 2811 1438 2844 enim,
1455 2820 1464 2837 ι
1482 2811 1564 2838 male.
