  <div class='ocr_page' id='page_1' title='image "/cluster/home/n/w/nwhite01/storage/ocr_20150623/14/njp.32101077772448/552.png"; bbox 0 0 1831 3052; ppageno 0'>
   <div class='ocr_carea' id='block_1_1' title="bbox 3 109 1123 140">
    <p class='ocr_par' dir='ltr' id='par_1_1' title="bbox 3 109 1123 140">
     <span class='ocr_line' id='line_1_1' title="bbox 3 109 1123 140; baseline -0.001 0"><span class='ocrx_word' id='word_1_1' title='bbox 3 112 40 140; x_wconf 84' lang='lat'><strong>85</strong></span> <span class='ocrx_word' id='word_1_2' title='bbox 454 109 632 138; x_wconf 81' lang='lat' dir='ltr'><strong>COMMENT.</strong></span> <span class='ocrx_word' id='word_1_3' title='bbox 653 109 687 137; x_wconf 84' lang='lat' dir='ltr'><strong>1N</strong></span> <span class='ocrx_word' id='word_1_4' title='bbox 708 109 818 138; x_wconf 78' lang='lat' dir='ltr'><strong>EPIST.</strong></span> <span class='ocrx_word' id='word_1_5' title='bbox 832 110 878 137; x_wconf 79' lang='lat' dir='ltr'><strong>AD</strong></span> <span class='ocrx_word' id='word_1_6' title='bbox 894 109 978 138; x_wconf 80' lang='lat' dir='ltr'><strong>ROM.</strong></span> <span class='ocrx_word' id='word_1_7' title='bbox 999 110 1064 138; x_wconf 85' lang='lat' dir='ltr'><strong>LIB.</strong></span> <span class='ocrx_word' id='word_1_8' title='bbox 1078 109 1123 139; x_wconf 83' lang='lat' dir='ltr'><strong>Vl.</strong></span> 
     </span>
    </p>
   </div>
   <div class='ocr_carea' id='block_1_2' title="bbox 1536 111 1605 141">
    <p class='ocr_par' dir='ltr' id='par_1_2' title="bbox 1536 111 1605 141">
     <span class='ocr_line' id='line_1_2' title="bbox 1536 111 1605 141; baseline 0.029 -2"><span class='ocrx_word' id='word_1_9' title='bbox 1536 111 1605 141; x_wconf 72' lang='grc'><strong>1686</strong></span> 
     </span>
    </p>
   </div>
   <div class='ocr_carea' id='block_1_3' title="bbox 3 169 1605 206">
    <p class='ocr_par' dir='ltr' id='par_1_3' title="bbox 3 169 1605 206">
     <span class='ocr_line' id='line_1_3' title="bbox 3 169 1605 206; baseline 0.001 -8"><span class='ocrx_word' id='word_1_10' title='bbox 3 179 27 198; x_wconf 92' lang='lat' dir='ltr'><strong>m</strong></span> <span class='ocrx_word' id='word_1_11' title='bbox 54 178 62 198; x_wconf 88' lang='lat'><strong>:</strong></span> <span class='ocrx_word' id='word_1_12' title='bbox 85 170 167 199; x_wconf 88' lang='lat' dir='ltr'><strong>video</strong></span> <span class='ocrx_word' id='word_1_13' title='bbox 190 174 281 198; x_wconf 87' lang='lat' dir='ltr'><strong>autem</strong></span> <span class='ocrx_word' id='word_1_14' title='bbox 298 170 379 198; x_wconf 77' lang='lat' dir='ltr'><strong>aliam</strong></span> <span class='ocrx_word' id='word_1_15' title='bbox 396 170 482 205; x_wconf 88' lang='lat' dir='ltr'><strong>legem</strong></span> <span class='ocrx_word' id='word_1_16' title='bbox 501 171 527 198; x_wconf 93' lang='lat' dir='ltr'><strong>in</strong></span> <span class='ocrx_word' id='word_1_17' title='bbox 544 171 674 198; x_wconf 83' lang='lat' dir='ltr'><strong>membris</strong></span> <span class='ocrx_word' id='word_1_18' title='bbox 697 171 765 198; x_wconf 83' lang='lat' dir='ltr'><strong>meis</strong></span> <span class='ocrx_word' id='word_1_19' title='bbox 780 174 802 201; x_wconf 76' lang='grc' dir='ltr'>Α</span> <span class='ocrx_word' id='word_1_20' title='bbox 817 169 894 204; x_wconf 86' lang='lat' dir='ltr'><strong>Quod</strong></span> <span class='ocrx_word' id='word_1_21' title='bbox 911 179 976 198; x_wconf 86' lang='lat' dir='ltr'><strong>vero</strong></span> <span class='ocrx_word' id='word_1_22' title='bbox 998 171 1082 205; x_wconf 91' lang='lat' dir='ltr'><strong>dicit,</strong></span> <span class='ocrx_word' id='word_1_23' title='bbox 1101 180 1112 197; x_wconf 69' lang='grc' dir='ltr'>ι</span> <span class='ocrx_word' id='word_1_24' title='bbox 1130 170 1186 206; x_wconf 83' lang='lat' dir='ltr'><strong>Ego</strong></span> <span class='ocrx_word' id='word_1_25' title='bbox 1202 175 1293 198; x_wconf 88' lang='lat' dir='ltr'><strong>autem</strong></span> <span class='ocrx_word' id='word_1_26' title='bbox 1317 171 1436 199; x_wconf 75' lang='lat' dir='ltr'><strong>carnalis</strong></span> <span class='ocrx_word' id='word_1_27' title='bbox 1457 179 1518 200; x_wconf 89' lang='lat' dir='ltr'><strong>sum</strong></span> <span class='ocrx_word' id='word_1_28' title='bbox 1530 194 1537 206; x_wconf 88' lang='lat'><strong>,</strong></span> <span class='ocrx_word' id='word_1_29' title='bbox 1557 181 1605 200; x_wconf 90' lang='lat' dir='ltr'><strong>ve-</strong></span> 
     </span>
    </p>
   </div>
   <div class='ocr_carea' id='block_1_4' title="bbox 3 216 764 252">
    <p class='ocr_par' dir='ltr' id='par_1_4' title="bbox 3 216 764 252">
     <span class='ocr_line' id='line_1_4' title="bbox 3 216 764 252; baseline -0.001 -8"><span class='ocrx_word' id='word_1_30' title='bbox 3 222 171 251; x_wconf 67' lang='lat' dir='ltr'><strong>iugnantem</strong></span> <span class='ocrx_word' id='word_1_31' title='bbox 185 216 236 252; x_wconf 86' lang='lat' dir='ltr'><strong>legi</strong></span> <span class='ocrx_word' id='word_1_32' title='bbox 250 216 350 244; x_wconf 84' lang='lat' dir='ltr'><strong>mentis</strong></span> <span class='ocrx_word' id='word_1_33' title='bbox 362 223 430 243; x_wconf 65' lang='lat' dir='ltr'><strong>mea:</strong></span> <span class='ocrx_word' id='word_1_34' title='bbox 439 236 447 249; x_wconf 89' lang='lat'><strong>,</strong></span> <span class='ocrx_word' id='word_1_35' title='bbox 459 222 487 244; x_wconf 84' lang='lat' dir='ltr'><strong>et</strong></span> <span class='ocrx_word' id='word_1_36' title='bbox 500 216 636 252; x_wconf 87' lang='lat' dir='ltr'><strong>captivum</strong></span> <span class='ocrx_word' id='word_1_37' title='bbox 652 223 695 243; x_wconf 88' lang='lat' dir='ltr'><strong>me</strong></span> <span class='ocrx_word' id='word_1_38' title='bbox 713 217 764 243; x_wconf 85' lang='lat' dir='ltr'><strong>du-</strong></span> 
     </span>
    </p>
   </div>
   <div class='ocr_carea' id='block_1_5' title="bbox 3 262 763 298">
    <p class='ocr_par' dir='ltr' id='par_1_5' title="bbox 3 262 763 298">
     <span class='ocr_line' id='line_1_5' title="bbox 3 262 763 298; baseline -0.001 -8"><span class='ocrx_word' id='word_1_39' title='bbox 3 267 79 290; x_wconf 84' lang='lat' dir='ltr'><strong>ntem</strong></span> <span class='ocrx_word' id='word_1_40' title='bbox 98 263 126 290; x_wconf 92' lang='lat' dir='ltr'><strong>in</strong></span> <span class='ocrx_word' id='word_1_41' title='bbox 143 263 200 298; x_wconf 87' lang='lat' dir='ltr'><strong>lege</strong></span> <span class='ocrx_word' id='word_1_42' title='bbox 213 262 335 297; x_wconf 88' lang='lat' dir='ltr'><strong>peccati,</strong></span> <span class='ocrx_word' id='word_1_43' title='bbox 360 270 421 297; x_wconf 70' lang='lat' dir='ltr'><strong>quas</strong></span> <span class='ocrx_word' id='word_1_44' title='bbox 437 266 479 289; x_wconf 86' lang='lat' dir='ltr'><strong>est</strong></span> <span class='ocrx_word' id='word_1_45' title='bbox 495 262 523 289; x_wconf 92' lang='lat' dir='ltr'><strong>in</strong></span> <span class='ocrx_word' id='word_1_46' title='bbox 539 262 668 289; x_wconf 87' lang='lat' dir='ltr'><strong>membris</strong></span> <span class='ocrx_word' id='word_1_47' title='bbox 685 262 763 290; x_wconf 85' lang='lat' dir='ltr'><strong>meis.</strong></span> 
     </span>
    </p>
   </div>
   <div class='ocr_carea' id='block_1_6' title="bbox 3 309 765 343">
    <p class='ocr_par' dir='ltr' id='par_1_6' title="bbox 3 309 765 343">
     <span class='ocr_line' id='line_1_6' title="bbox 3 309 765 343; baseline -0.001 -7"><span class='ocrx_word' id='word_1_48' title='bbox 3 317 50 336; x_wconf 81' lang='lat' dir='ltr'><strong>ser</strong></span> <span class='ocrx_word' id='word_1_49' title='bbox 61 316 117 343; x_wconf 85' lang='lat' dir='ltr'><strong>ego</strong></span> <span class='ocrx_word' id='word_1_50' title='bbox 131 309 223 341; x_wconf 91' lang='lat' dir='ltr'><strong>homo,</strong></span> <span class='ocrx_word' id='word_1_51' title='bbox 240 309 301 343; x_wconf 88' lang='lat' dir='ltr'><strong>quis</strong></span> <span class='ocrx_word' id='word_1_52' title='bbox 315 316 358 335; x_wconf 89' lang='lat' dir='ltr'><strong>me</strong></span> <span class='ocrx_word' id='word_1_53' title='bbox 373 309 500 336; x_wconf 88' lang='lat' dir='ltr'><strong>liberabit</strong></span> <span class='ocrx_word' id='word_1_54' title='bbox 516 309 549 335; x_wconf 89' lang='lat' dir='ltr'><strong>de</strong></span> <span class='ocrx_word' id='word_1_55' title='bbox 564 315 678 342; x_wconf 87' lang='lat' dir='ltr'><strong>corpore</strong></span> <span class='ocrx_word' id='word_1_56' title='bbox 691 315 765 335; x_wconf 93' lang='lat' dir='ltr'><strong>mor-</strong></span> 
     </span>
    </p>
   </div>
   <div class='ocr_carea' id='block_1_7' title="bbox 17 353 765 389">
    <p class='ocr_par' dir='ltr' id='par_1_7' title="bbox 17 353 765 389">
     <span class='ocr_line' id='line_1_7' title="bbox 17 353 765 389; baseline 0.001 -8"><span class='ocrx_word' id='word_1_57' title='bbox 17 354 125 388; x_wconf 75' lang='lat' dir='ltr'><strong>hnjus?</strong></span> <span class='ocrx_word' id='word_1_58' title='bbox 140 354 234 383; x_wconf 88' lang='lat' dir='ltr'><strong>Gratia</strong></span> <span class='ocrx_word' id='word_1_59' title='bbox 250 354 298 382; x_wconf 85' lang='lat' dir='ltr'><strong>Dei</strong></span> <span class='ocrx_word' id='word_1_60' title='bbox 313 354 370 388; x_wconf 85' lang='lat' dir='ltr'><strong>(l5)</strong></span> <span class='ocrx_word' id='word_1_61' title='bbox 393 362 441 389; x_wconf 90' lang='lat' dir='ltr'><strong>per</strong></span> <span class='ocrx_word' id='word_1_62' title='bbox 455 353 546 381; x_wconf 85' lang='lat' dir='ltr'><strong>Jesum</strong></span> <span class='ocrx_word' id='word_1_63' title='bbox 561 353 699 382; x_wconf 74' lang='lat' dir='ltr'><strong>Christum</strong></span> <span class='ocrx_word' id='word_1_64' title='bbox 713 354 765 382; x_wconf 89' lang='lat' dir='ltr'><strong>Do-</strong></span> 
     </span>
    </p>
   </div>
   <div class='ocr_carea' id='block_1_8' title="bbox 4 399 763 435">
    <p class='ocr_par' dir='ltr' id='par_1_8' title="bbox 4 399 763 435">
     <span class='ocr_line' id='line_1_8' title="bbox 4 399 763 435; baseline -0.001 -8"><span class='ocrx_word' id='word_1_65' title='bbox 4 408 70 427; x_wconf 91' lang='lat' dir='ltr'><strong>nutn</strong></span> <span class='ocrx_word' id='word_1_66' title='bbox 97 405 222 428; x_wconf 90' lang='lat' dir='ltr'><strong>nostrum</strong></span> <span class='ocrx_word' id='word_1_67' title='bbox 235 400 258 416; x_wconf 83' lang='grc'><strong>⁶¹</strong></span> <span class='ocrx_word' id='word_1_68' title='bbox 274 421 281 428; x_wconf 94' lang='grc'>.</span> <span class='ocrx_word' id='word_1_69' title='bbox 298 409 308 426; x_wconf 83' lang='grc'><strong>›</strong></span> <span class='ocrx_word' id='word_1_70' title='bbox 336 401 364 428; x_wconf 88' lang='lat' dir='ltr'><strong>Si</strong></span> <span class='ocrx_word' id='word_1_71' title='bbox 389 401 432 428; x_wconf 91' lang='lat' dir='ltr'><strong>cui</strong></span> <span class='ocrx_word' id='word_1_72' title='bbox 457 400 527 428; x_wconf 82' lang='lat' dir='ltr'><strong>forte</strong></span> <span class='ocrx_word' id='word_1_73' title='bbox 548 399 592 427; x_wconf 89' lang='lat' dir='ltr'><strong>illa</strong></span> <span class='ocrx_word' id='word_1_74' title='bbox 617 401 763 435; x_wconf 72' lang='lat' dir='ltr'><strong>expositio,</strong></span> 
     </span>
    </p>
   </div>
   <div class='ocr_carea' id='block_1_9' title="bbox 3 446 765 480">
    <p class='ocr_par' dir='ltr' id='par_1_9' title="bbox 3 446 765 480">
     <span class='ocr_line' id='line_1_9' title="bbox 3 446 765 480; baseline 0.001 -8"><span class='ocrx_word' id='word_1_75' title='bbox 3 453 45 472; x_wconf 81' lang='lat' dir='ltr'><strong>am</strong></span> <span class='ocrx_word' id='word_1_76' title='bbox 70 446 108 473; x_wconf 84' lang='lat' dir='ltr'><strong>de</strong></span> <span class='ocrx_word' id='word_1_77' title='bbox 132 446 223 480; x_wconf 85' lang='lat' dir='ltr'><strong>legum</strong></span> <span class='ocrx_word' id='word_1_78' title='bbox 246 446 405 474; x_wconf 89' lang='lat' dir='ltr'><strong>diversitate</strong></span> <span class='ocrx_word' id='word_1_79' title='bbox 428 447 606 480; x_wconf 74' lang='lat' dir='ltr'><strong>tenebamus,</strong></span> <span class='ocrx_word' id='word_1_80' title='bbox 631 446 765 474; x_wconf 81' lang='lat' dir='ltr'><strong>violenter</strong></span> 
     </span>
    </p>
   </div>
   <div class='ocr_carea' id='block_1_10' title="bbox 3 491 765 526">
    <p class='ocr_par' dir='ltr' id='par_1_10' title="bbox 3 491 765 526">
     <span class='ocr_line' id='line_1_10' title="bbox 3 491 765 526; baseline 0.001 -8"><span class='ocrx_word' id='word_1_81' title='bbox 3 497 138 526; x_wconf 69' lang='lat' dir='ltr'><strong>esumpta</strong></span> <span class='ocrx_word' id='word_1_82' title='bbox 162 492 324 524; x_wconf 87' lang='lat' dir='ltr'><strong>videbatur,</strong></span> <span class='ocrx_word' id='word_1_83' title='bbox 340 491 466 519; x_wconf 80' lang='lat' dir='ltr'><strong>advertat</strong></span> <span class='ocrx_word' id='word_1_84' title='bbox 480 500 551 519; x_wconf 91' lang='lat' dir='ltr'><strong>nunc</strong></span> <span class='ocrx_word' id='word_1_85' title='bbox 573 492 599 519; x_wconf 94' lang='lat' dir='ltr'><strong>in</strong></span> <span class='ocrx_word' id='word_1_86' title='bbox 617 493 670 519; x_wconf 92' lang='lat' dir='ltr'><strong>hoc</strong></span> <span class='ocrx_word' id='word_1_87' title='bbox 691 492 765 526; x_wconf 85' lang='lat' dir='ltr'><strong>capi-</strong></span> 
     </span>
    </p>
   </div>
   <div class='ocr_carea' id='block_1_11' title="bbox 5 537 765 572">
    <p class='ocr_par' dir='ltr' id='par_1_11' title="bbox 5 537 765 572">
     <span class='ocr_line' id='line_1_11' title="bbox 5 537 765 572; baseline 0.001 -8"><span class='ocrx_word' id='word_1_88' title='bbox 5 544 32 570; x_wconf 91' lang='lat' dir='ltr'><strong>o,</strong></span> <span class='ocrx_word' id='word_1_89' title='bbox 48 537 193 572; x_wconf 89' lang='lat' dir='ltr'><strong>quomodo</strong></span> <span class='ocrx_word' id='word_1_90' title='bbox 208 537 265 572; x_wconf 84' lang='grc'><strong>(16)</strong></span> <span class='ocrx_word' id='word_1_91' title='bbox 280 545 332 564; x_wconf 88' lang='lat' dir='ltr'><strong>non</strong></span> <span class='ocrx_word' id='word_1_92' title='bbox 349 537 436 566; x_wconf 87' lang='lat' dir='ltr'><strong>solum</strong></span> <span class='ocrx_word' id='word_1_93' title='bbox 451 538 553 571; x_wconf 87' lang='lat' dir='ltr'><strong>legum,</strong></span> <span class='ocrx_word' id='word_1_94' title='bbox 567 538 614 565; x_wconf 87' lang='lat' dir='ltr'><strong>sed</strong></span> <span class='ocrx_word' id='word_1_95' title='bbox 630 542 657 565; x_wconf 89' lang='lat' dir='ltr'><strong>et</strong></span> <span class='ocrx_word' id='word_1_96' title='bbox 674 545 765 572; x_wconf 83' lang='lat' dir='ltr'><strong>perso-</strong></span> 
     </span>
    </p>
   </div>
   <div class='ocr_carea' id='block_1_12' title="bbox 4 583 763 619">
    <p class='ocr_par' dir='ltr' id='par_1_12' title="bbox 4 583 763 619">
     <span class='ocr_line' id='line_1_12' title="bbox 4 583 763 619; baseline 0.001 -10"><span class='ocrx_word' id='word_1_97' title='bbox 4 591 63 610; x_wconf 95' lang='lat' dir='ltr'><strong>rum</strong></span> <span class='ocrx_word' id='word_1_98' title='bbox 81 583 235 611; x_wconf 84' lang='lat' dir='ltr'><strong>diversitas</strong></span> <span class='ocrx_word' id='word_1_99' title='bbox 248 584 443 612; x_wconf 80' lang='lat' dir='ltr'><strong>introducitur.</strong></span> <span class='ocrx_word' id='word_1_100' title='bbox 473 584 540 612; x_wconf 87' lang='lat' dir='ltr'><strong>Nam</strong></span> <span class='ocrx_word' id='word_1_101' title='bbox 557 584 658 612; x_wconf 73' lang='lat' dir='ltr'><strong>Paulus</strong></span> <span class='ocrx_word' id='word_1_102' title='bbox 672 585 719 619; x_wconf 85' lang='lat' dir='ltr'><strong>qui</strong></span> <span class='ocrx_word' id='word_1_103' title='bbox 737 584 763 610; x_wconf 91' lang='lat' dir='ltr'><strong>in</strong></span> 
     </span>
    </p>
   </div>
   <div class='ocr_carea' id='block_1_13' title="bbox 4 628 761 662">
    <p class='ocr_par' dir='ltr' id='par_1_13' title="bbox 4 628 761 662">
     <span class='ocr_line' id='line_1_13' title="bbox 4 628 761 662; baseline 0 -6"><span class='ocrx_word' id='word_1_104' title='bbox 4 630 25 656; x_wconf 93' lang='lat' dir='ltr'><strong>is</strong></span> <span class='ocrx_word' id='word_1_105' title='bbox 43 629 120 656; x_wconf 82' lang='lat' dir='ltr'><strong>dixit</strong></span> <span class='ocrx_word' id='word_1_106' title='bbox 135 630 158 645; x_wconf 84' lang='lat'>&quot;</span> <span class='ocrx_word' id='word_1_107' title='bbox 172 649 180 662; x_wconf 96' lang='lat'><strong>,</strong></span> <span class='ocrx_word' id='word_1_108' title='bbox 200 639 210 655; x_wconf 86' lang='grc'><em>‹</em></span> <span class='ocrx_word' id='word_1_109' title='bbox 227 628 282 657; x_wconf 81' lang='lat' dir='ltr'><strong>Nos</strong></span> <span class='ocrx_word' id='word_1_110' title='bbox 295 630 369 656; x_wconf 91' lang='lat' dir='ltr'><strong>enim</strong></span> <span class='ocrx_word' id='word_1_111' title='bbox 383 630 409 657; x_wconf 94' lang='lat' dir='ltr'><strong>in</strong></span> <span class='ocrx_word' id='word_1_112' title='bbox 425 637 509 658; x_wconf 87' lang='lat' dir='ltr'><strong>carne</strong></span> <span class='ocrx_word' id='word_1_113' title='bbox 522 631 693 658; x_wconf 91' lang='lat' dir='ltr'><strong>ambulantes</strong></span> <span class='ocrx_word' id='word_1_114' title='bbox 708 638 761 657; x_wconf 86' lang='lat' dir='ltr'><strong>non</strong></span> 
     </span>
    </p>
   </div>
   <div class='ocr_carea' id='block_1_14' title="bbox 3 675 762 713">
    <p class='ocr_par' dir='ltr' id='par_1_14' title="bbox 3 675 762 713">
     <span class='ocr_line' id='line_1_14' title="bbox 3 675 762 713; baseline 0 -11"><span class='ocrx_word' id='word_1_115' title='bbox 3 676 119 702; x_wconf 81' lang='lat' dir='ltr'><strong>:undnm</strong></span> <span class='ocrx_word' id='word_1_116' title='bbox 166 682 276 702; x_wconf 84' lang='lat' dir='ltr'><strong>carnem</strong></span> <span class='ocrx_word' id='word_1_117' title='bbox 300 675 450 704; x_wconf 80' lang='lat' dir='ltr'><strong>militamus</strong></span> <span class='ocrx_word' id='word_1_118' title='bbox 471 676 548 713; x_wconf 86' lang='grc'><strong>(17),</strong></span> <span class='ocrx_word' id='word_1_119' title='bbox 567 686 577 702; x_wconf 71' lang='grc' dir='ltr'><strong><em>ι</em></strong></span> <span class='ocrx_word' id='word_1_120' title='bbox 596 677 622 703; x_wconf 89' lang='lat' dir='ltr'><strong>in</strong></span> <span class='ocrx_word' id='word_1_121' title='bbox 637 676 762 710; x_wconf 66' lang='lat' dir='ltr'><strong>praesenti</strong></span> 
     </span>
    </p>
   </div>
   <div class='ocr_carea' id='block_1_15' title="bbox 3 721 764 756">
    <p class='ocr_par' dir='ltr' id='par_1_15' title="bbox 3 721 764 756">
     <span class='ocr_line' id='line_1_15' title="bbox 3 721 764 756; baseline 0 -8"><span class='ocrx_word' id='word_1_122' title='bbox 3 728 24 748; x_wconf 68' lang='grc' dir='ltr'><strong>το</strong></span> <span class='ocrx_word' id='word_1_123' title='bbox 49 721 121 748; x_wconf 89' lang='lat' dir='ltr'><strong>dicit</strong></span> <span class='ocrx_word' id='word_1_124' title='bbox 144 729 175 749; x_wconf 88' lang='lat' dir='ltr'><strong>se</strong></span> <span class='ocrx_word' id='word_1_125' title='bbox 197 730 258 749; x_wconf 83' lang='lat' dir='ltr'><strong>esse</strong></span> <span class='ocrx_word' id='word_1_126' title='bbox 282 721 420 749; x_wconf 82' lang='lat' dir='ltr'><strong>carnalem</strong></span> <span class='ocrx_word' id='word_1_127' title='bbox 446 731 453 749; x_wconf 92' lang='lat'><strong>:</strong></span> <span class='ocrx_word' id='word_1_128' title='bbox 476 727 503 749; x_wconf 91' lang='lat' dir='ltr'><strong>et</strong></span> <span class='ocrx_word' id='word_1_129' title='bbox 522 722 566 750; x_wconf 92' lang='lat' dir='ltr'><strong>hic</strong></span> <span class='ocrx_word' id='word_1_130' title='bbox 581 722 633 749; x_wconf 84' lang='lat' dir='ltr'><strong>sub</strong></span> <span class='ocrx_word' id='word_1_131' title='bbox 651 726 764 756; x_wconf 87' lang='lat' dir='ltr'><strong>peccato</strong></span> 
     </span>
    </p>
   </div>
   <div class='ocr_carea' id='block_1_16' title="bbox 3 766 762 802">
    <p class='ocr_par' dir='ltr' id='par_1_16' title="bbox 3 766 762 802">
     <span class='ocr_line' id='line_1_16' title="bbox 3 766 762 802; baseline 0.001 -9"><span class='ocrx_word' id='word_1_132' title='bbox 3 767 31 793; x_wconf 84' lang='lat' dir='ltr'><strong>:it</strong></span> <span class='ocrx_word' id='word_1_133' title='bbox 48 774 80 793; x_wconf 86' lang='lat' dir='ltr'><strong>se</strong></span> <span class='ocrx_word' id='word_1_134' title='bbox 97 774 161 794; x_wconf 82' lang='lat' dir='ltr'><strong>esse</strong></span> <span class='ocrx_word' id='word_1_135' title='bbox 176 767 373 799; x_wconf 70' lang='lat' dir='ltr'><strong>venundatum,</strong></span> <span class='ocrx_word' id='word_1_136' title='bbox 401 768 446 802; x_wconf 87' lang='lat' dir='ltr'><strong>qtti</strong></span> <span class='ocrx_word' id='word_1_137' title='bbox 472 767 499 794; x_wconf 93' lang='lat' dir='ltr'><strong>in</strong></span> <span class='ocrx_word' id='word_1_138' title='bbox 520 767 581 794; x_wconf 87' lang='lat' dir='ltr'><strong>aliis</strong></span> <span class='ocrx_word' id='word_1_139' title='bbox 598 767 666 794; x_wconf 80' lang='lat' dir='ltr'><strong>dixit</strong></span> <span class='ocrx_word' id='word_1_140' title='bbox 680 766 736 802; x_wconf 77' lang='lat' dir='ltr'><strong>(l8)</strong></span> <span class='ocrx_word' id='word_1_141' title='bbox 755 775 762 793; x_wconf 88' lang='lat'>:</span> 
     </span>
    </p>
   </div>
   <div class='ocr_carea' id='block_1_17' title="bbox 3 810 764 846">
    <p class='ocr_par' dir='ltr' id='par_1_17' title="bbox 3 810 764 846">
     <span class='ocr_line' id='line_1_17' title="bbox 3 810 764 846; baseline 0.004 -10"><span class='ocrx_word' id='word_1_142' title='bbox 3 810 87 838; x_wconf 50' lang='lat' dir='ltr'><strong>)retio</strong></span> <span class='ocrx_word' id='word_1_143' title='bbox 111 812 198 845; x_wconf 87' lang='lat' dir='ltr'><strong>empti</strong></span> <span class='ocrx_word' id='word_1_144' title='bbox 225 811 292 839; x_wconf 87' lang='lat' dir='ltr'><strong>estis</strong></span> <span class='ocrx_word' id='word_1_145' title='bbox 302 812 344 846; x_wconf 85' lang='grc'><strong>⁸³;</strong></span> <span class='ocrx_word' id='word_1_146' title='bbox 366 821 376 838; x_wconf 68' lang='grc' dir='ltr'><em>υ</em></span> <span class='ocrx_word' id='word_1_147' title='bbox 398 817 425 839; x_wconf 91' lang='lat' dir='ltr'><strong>et</strong></span> <span class='ocrx_word' id='word_1_148' title='bbox 450 812 547 840; x_wconf 88' lang='lat' dir='ltr'><strong>iterum</strong></span> <span class='ocrx_word' id='word_1_149' title='bbox 571 820 579 839; x_wconf 86' lang='lat'>:</span> <span class='ocrx_word' id='word_1_150' title='bbox 612 822 621 839; x_wconf 72' lang='grc' dir='ltr'><strong>ε</strong></span> <span class='ocrx_word' id='word_1_151' title='bbox 638 812 764 840; x_wconf 85' lang='lat' dir='ltr'><strong>Christus</strong></span> 
     </span>
    </p>
   </div>
   <div class='ocr_carea' id='block_1_18' title="bbox 819 216 1608 252">
    <p class='ocr_par' dir='ltr' id='par_1_18' title="bbox 819 216 1608 252">
     <span class='ocr_line' id='line_1_18' title="bbox 819 216 1608 252; baseline 0.003 -9"><span class='ocrx_word' id='word_1_152' title='bbox 819 216 955 244; x_wconf 87' lang='lat' dir='ltr'><strong>nundatus</strong></span> <span class='ocrx_word' id='word_1_153' title='bbox 979 217 1031 244; x_wconf 87' lang='lat' dir='ltr'><strong>sub</strong></span> <span class='ocrx_word' id='word_1_154' title='bbox 1054 220 1176 251; x_wconf 81' lang='lat' dir='ltr'><strong>peccato,</strong></span> <span class='ocrx_word' id='word_1_155' title='bbox 1193 226 1203 243; x_wconf 71' lang='grc' dir='ltr'><strong><em>ι</em></strong></span> <span class='ocrx_word' id='word_1_156' title='bbox 1223 217 1267 244; x_wconf 86' lang='lat' dir='ltr'><strong>hic</strong></span> <span class='ocrx_word' id='word_1_157' title='bbox 1287 217 1343 252; x_wconf 85' lang='lat' dir='ltr'><strong>jam</strong></span> <span class='ocrx_word' id='word_1_158' title='bbox 1368 221 1496 252; x_wconf 87' lang='lat' dir='ltr'><strong>tanquam</strong></span> <span class='ocrx_word' id='word_1_159' title='bbox 1511 218 1608 246; x_wconf 85' lang='lat' dir='ltr'><strong>doctor</strong></span> 
     </span>
    </p>
   </div>
   <div class='ocr_carea' id='block_1_19' title="bbox 817 262 1608 298">
    <p class='ocr_par' dir='ltr' id='par_1_19' title="bbox 817 262 1608 298">
     <span class='ocr_line' id='line_1_19' title="bbox 817 262 1608 298; baseline 0.001 -9"><span class='ocrx_word' id='word_1_160' title='bbox 817 262 950 289; x_wconf 70' lang='lat' dir='ltr'><strong>Ecclesia:</strong></span> <span class='ocrx_word' id='word_1_161' title='bbox 966 269 1110 297; x_wconf 83' lang='lat' dir='ltr'><strong>personam</strong></span> <span class='ocrx_word' id='word_1_162' title='bbox 1123 263 1148 290; x_wconf 90' lang='lat' dir='ltr'><strong>in</strong></span> <span class='ocrx_word' id='word_1_163' title='bbox 1165 263 1341 298; x_wconf 89' lang='lat' dir='ltr'><strong>semetipsum</strong></span> <span class='ocrx_word' id='word_1_164' title='bbox 1357 263 1472 298; x_wconf 82' lang='lat' dir='ltr'><strong>suscipit</strong></span> <span class='ocrx_word' id='word_1_165' title='bbox 1484 263 1608 291; x_wconf 80' lang='lat' dir='ltr'><strong>inﬁrmo-</strong></span> 
     </span>
    </p>
   </div>
   <div class='ocr_carea' id='block_1_20' title="bbox 818 307 1606 349">
    <p class='ocr_par' dir='ltr' id='par_1_20' title="bbox 818 307 1606 349">
     <span class='ocr_line' id='line_1_20' title="bbox 818 307 1606 349; baseline -0.001 -14"><span class='ocrx_word' id='word_1_166' title='bbox 818 315 896 340; x_wconf 88' lang='lat' dir='ltr'><strong>rum;</strong></span> <span class='ocrx_word' id='word_1_167' title='bbox 915 312 1026 342; x_wconf 85' lang='lat' dir='ltr'><strong>propter</strong></span> <span class='ocrx_word' id='word_1_168' title='bbox 1041 307 1114 342; x_wconf 88' lang='lat' dir='ltr'><strong>quod</strong></span> <span class='ocrx_word' id='word_1_169' title='bbox 1140 312 1168 335; x_wconf 91' lang='lat' dir='ltr'><strong>et</strong></span> <span class='ocrx_word' id='word_1_170' title='bbox 1191 308 1255 349; x_wconf 78' lang='lat' dir='ltr'><strong>alibi</strong></span> <span class='ocrx_word' id='word_1_171' title='bbox 1281 308 1351 335; x_wconf 84' lang='lat' dir='ltr'><strong>dixit</strong></span> <span class='ocrx_word' id='word_1_172' title='bbox 1369 316 1377 336; x_wconf 85' lang='lat'><strong>:</strong></span> <span class='ocrx_word' id='word_1_173' title='bbox 1397 317 1406 334; x_wconf 78' lang='grc' dir='ltr'><strong><em>ι</em></strong></span> <span class='ocrx_word' id='word_1_174' title='bbox 1424 307 1523 336; x_wconf 81' lang='lat' dir='ltr'><strong>Factus</strong></span> <span class='ocrx_word' id='word_1_175' title='bbox 1547 316 1606 335; x_wconf 88' lang='lat' dir='ltr'><strong>sum</strong></span> 
     </span>
    </p>
   </div>
   <div class='ocr_carea' id='block_1_21' title="bbox 819 353 1608 386">
    <p class='ocr_par' dir='ltr' id='par_1_21' title="bbox 819 353 1608 386">
     <span class='ocr_line' id='line_1_21' title="bbox 819 353 1608 386; baseline 0.001 -6"><span class='ocrx_word' id='word_1_176' title='bbox 819 353 935 381; x_wconf 92' lang='lat' dir='ltr'><strong>inlirmis</strong></span> <span class='ocrx_word' id='word_1_177' title='bbox 949 353 1074 382; x_wconf 82' lang='lat' dir='ltr'><strong>inﬁrmus</strong></span> <span class='ocrx_word' id='word_1_178' title='bbox 1084 374 1092 386; x_wconf 88' lang='lat'><strong>,</strong></span> <span class='ocrx_word' id='word_1_179' title='bbox 1110 359 1141 381; x_wconf 91' lang='lat' dir='ltr'><strong>ut</strong></span> <span class='ocrx_word' id='word_1_180' title='bbox 1155 353 1277 381; x_wconf 76' lang='lat' dir='ltr'><strong>infirmos</strong></span> <span class='ocrx_word' id='word_1_181' title='bbox 1293 354 1416 382; x_wconf 90' lang='lat' dir='ltr'><strong>lucrarer</strong></span> <span class='ocrx_word' id='word_1_182' title='bbox 1429 355 1463 381; x_wconf 73' lang='grc'><strong>’⁸.</strong></span> <span class='ocrx_word' id='word_1_183' title='bbox 1477 363 1487 380; x_wconf 74' lang='grc' dir='ltr'>ι</span> <span class='ocrx_word' id='word_1_184' title='bbox 1514 354 1548 381; x_wconf 89' lang='lat' dir='ltr'><strong>Et</strong></span> <span class='ocrx_word' id='word_1_185' title='bbox 1563 354 1608 382; x_wconf 93' lang='lat' dir='ltr'><strong>hic</strong></span> 
     </span>
    </p>
   </div>
   <div class='ocr_carea' id='block_1_22' title="bbox 817 399 1608 435">
    <p class='ocr_par' dir='ltr' id='par_1_22' title="bbox 817 399 1608 435">
     <span class='ocr_line' id='line_1_22' title="bbox 817 399 1608 435; baseline 0.003 -10"><span class='ocrx_word' id='word_1_186' title='bbox 817 406 883 433; x_wconf 79' lang='lat' dir='ltr'><strong>ergo</strong></span> <span class='ocrx_word' id='word_1_187' title='bbox 897 399 1093 428; x_wconf 81' lang='lat' dir='ltr'><strong>inﬁrmimihus</strong></span> <span class='ocrx_word' id='word_1_188' title='bbox 1108 401 1262 435; x_wconf 77' lang='lat' dir='ltr'><strong>quihtISque</strong></span> <span class='ocrx_word' id='word_1_189' title='bbox 1272 419 1280 431; x_wconf 93' lang='lat'><strong>,</strong></span> <span class='ocrx_word' id='word_1_190' title='bbox 1299 400 1325 427; x_wconf 93' lang='lat' dir='ltr'><strong>id</strong></span> <span class='ocrx_word' id='word_1_191' title='bbox 1338 404 1380 427; x_wconf 88' lang='lat' dir='ltr'><strong>est</strong></span> <span class='ocrx_word' id='word_1_192' title='bbox 1392 400 1546 428; x_wconf 84' lang='lat' dir='ltr'><strong>carnalibus</strong></span> <span class='ocrx_word' id='word_1_193' title='bbox 1556 420 1564 432; x_wconf 90' lang='lat'><strong>,</strong></span> <span class='ocrx_word' id='word_1_194' title='bbox 1580 406 1608 427; x_wconf 90' lang='lat' dir='ltr'><strong>et</strong></span> 
     </span>
    </p>
   </div>
   <div class='ocr_carea' id='block_1_23' title="bbox 817 445 1608 481">
    <p class='ocr_par' dir='ltr' id='par_1_23' title="bbox 817 445 1608 481">
     <span class='ocr_line' id='line_1_23' title="bbox 817 445 1608 481; baseline 0 -9"><span class='ocrx_word' id='word_1_195' title='bbox 817 445 863 480; x_wconf 91' lang='lat' dir='ltr'><strong>qui</strong></span> <span class='ocrx_word' id='word_1_196' title='bbox 884 446 934 473; x_wconf 91' lang='lat' dir='ltr'><strong>sub</strong></span> <span class='ocrx_word' id='word_1_197' title='bbox 959 451 1073 481; x_wconf 90' lang='lat' dir='ltr'><strong>peccato</strong></span> <span class='ocrx_word' id='word_1_198' title='bbox 1097 445 1243 473; x_wconf 83' lang='lat' dir='ltr'><strong>venundati</strong></span> <span class='ocrx_word' id='word_1_199' title='bbox 1268 450 1346 478; x_wconf 90' lang='lat' dir='ltr'><strong>sunt,</strong></span> <span class='ocrx_word' id='word_1_200' title='bbox 1372 445 1489 473; x_wconf 83' lang='lat' dir='ltr'><strong>elIicitur</strong></span> <span class='ocrx_word' id='word_1_201' title='bbox 1508 445 1608 473; x_wconf 82' lang='lat' dir='ltr'><strong>Paulus</strong></span> 
     </span>
    </p>
   </div>
   <div class='ocr_carea' id='block_1_24' title="bbox 817 491 1606 526">
    <p class='ocr_par' dir='ltr' id='par_1_24' title="bbox 817 491 1606 526">
     <span class='ocr_line' id='line_1_24' title="bbox 817 491 1606 526; baseline -0.003 -6"><span class='ocrx_word' id='word_1_202' title='bbox 817 491 939 520; x_wconf 81' lang='lat' dir='ltr'><strong>carnalis</strong></span> <span class='ocrx_word' id='word_1_203' title='bbox 959 497 986 518; x_wconf 90' lang='lat' dir='ltr'><strong>et</strong></span> <span class='ocrx_word' id='word_1_204' title='bbox 999 492 1050 519; x_wconf 90' lang='lat' dir='ltr'><strong>sub</strong></span> <span class='ocrx_word' id='word_1_205' title='bbox 1065 495 1178 526; x_wconf 90' lang='lat' dir='ltr'><strong>peccato</strong></span> <span class='ocrx_word' id='word_1_206' title='bbox 1191 491 1374 523; x_wconf 88' lang='lat' dir='ltr'><strong>venundatus,</strong></span> <span class='ocrx_word' id='word_1_207' title='bbox 1397 495 1424 519; x_wconf 91' lang='lat' dir='ltr'><strong>et</strong></span> <span class='ocrx_word' id='word_1_208' title='bbox 1441 491 1560 526; x_wconf 91' lang='lat' dir='ltr'><strong>loquitur</strong></span> <span class='ocrx_word' id='word_1_209' title='bbox 1575 499 1606 519; x_wconf 86' lang='lat' dir='ltr'><strong>ea</strong></span> 
     </span>
    </p>
   </div>
   <div class='ocr_carea' id='block_1_25' title="bbox 817 537 1608 572">
    <p class='ocr_par' dir='ltr' id='par_1_25' title="bbox 817 537 1608 572">
     <span class='ocr_line' id='line_1_25' title="bbox 817 537 1608 572; baseline 0.001 -8"><span class='ocrx_word' id='word_1_210' title='bbox 817 545 878 572; x_wconf 69' lang='lat' dir='ltr'><strong>qua:</strong></span> <span class='ocrx_word' id='word_1_211' title='bbox 892 537 946 564; x_wconf 88' lang='lat' dir='ltr'><strong>illis</strong></span> <span class='ocrx_word' id='word_1_212' title='bbox 962 538 1035 572; x_wconf 84' lang='lat' dir='ltr'><strong>loqui</strong></span> <span class='ocrx_word' id='word_1_213' title='bbox 1051 538 1135 565; x_wconf 87' lang='lat' dir='ltr'><strong>moris</strong></span> <span class='ocrx_word' id='word_1_214' title='bbox 1150 542 1193 564; x_wconf 87' lang='lat' dir='ltr'><strong>est</strong></span> <span class='ocrx_word' id='word_1_215' title='bbox 1210 537 1252 564; x_wconf 82' lang='lat' dir='ltr'><strong>vel</strong></span> <span class='ocrx_word' id='word_1_216' title='bbox 1266 538 1449 565; x_wconf 82' lang='lat' dir='ltr'><strong>excusationis</strong></span> <span class='ocrx_word' id='word_1_217' title='bbox 1474 538 1515 565; x_wconf 87' lang='lat' dir='ltr'><strong>vel</strong></span> <span class='ocrx_word' id='word_1_218' title='bbox 1531 539 1608 565; x_wconf 80' lang='lat' dir='ltr'><strong>incu-</strong></span> 
     </span>
    </p>
   </div>
   <div class='ocr_carea' id='block_1_26' title="bbox 817 583 1608 619">
    <p class='ocr_par' dir='ltr' id='par_1_26' title="bbox 817 583 1608 619">
     <span class='ocr_line' id='line_1_26' title="bbox 817 583 1608 619; baseline 0.003 -9"><span class='ocrx_word' id='word_1_219' title='bbox 817 583 934 611; x_wconf 88' lang='lat' dir='ltr'><strong>sationis</strong></span> <span class='ocrx_word' id='word_1_220' title='bbox 958 583 1083 611; x_wconf 88' lang='lat' dir='ltr'><strong>obtentu.</strong></span> <span class='ocrx_word' id='word_1_221' title='bbox 1110 583 1154 610; x_wconf 83' lang='lat' dir='ltr'><strong>Ait</strong></span> <span class='ocrx_word' id='word_1_222' title='bbox 1169 590 1234 618; x_wconf 85' lang='lat' dir='ltr'><strong>ergo</strong></span> <span class='ocrx_word' id='word_1_223' title='bbox 1254 583 1287 611; x_wconf 89' lang='lat' dir='ltr'><strong>de</strong></span> <span class='ocrx_word' id='word_1_224' title='bbox 1307 592 1337 610; x_wconf 90' lang='lat' dir='ltr'><strong>se</strong></span> <span class='ocrx_word' id='word_1_225' title='bbox 1358 583 1413 619; x_wconf 79' lang='lat'><strong>(‘26)</strong></span> <span class='ocrx_word' id='word_1_226' title='bbox 1430 589 1556 619; x_wconf 86' lang='lat' dir='ltr'><strong>tanquam</strong></span> <span class='ocrx_word' id='word_1_227' title='bbox 1573 592 1608 612; x_wconf 88' lang='lat' dir='ltr'><strong>cx</strong></span> 
     </span>
    </p>
   </div>
   <div class='ocr_carea' id='block_1_27' title="bbox 819 629 1607 664">
    <p class='ocr_par' dir='ltr' id='par_1_27' title="bbox 819 629 1607 664">
     <span class='ocr_line' id='line_1_27' title="bbox 819 629 1607 664; baseline 0.001 -8"><span class='ocrx_word' id='word_1_228' title='bbox 819 636 935 664; x_wconf 89' lang='lat' dir='ltr'><strong>persona</strong></span> <span class='ocrx_word' id='word_1_229' title='bbox 963 629 1073 656; x_wconf 86' lang='lat' dir='ltr'><strong>illorum</strong></span> <span class='ocrx_word' id='word_1_230' title='bbox 1092 629 1205 663; x_wconf 83' lang='lat' dir='ltr'><strong>loquens</strong></span> <span class='ocrx_word' id='word_1_231' title='bbox 1229 638 1236 656; x_wconf 88' lang='lat'><strong>:</strong></span> <span class='ocrx_word' id='word_1_232' title='bbox 1266 638 1275 654; x_wconf 73' lang='grc' dir='ltr'><strong><em>ι</em></strong></span> <span class='ocrx_word' id='word_1_233' title='bbox 1298 629 1354 663; x_wconf 86' lang='lat' dir='ltr'><strong>Ego</strong></span> <span class='ocrx_word' id='word_1_234' title='bbox 1379 635 1469 657; x_wconf 88' lang='lat' dir='ltr'><strong>autem</strong></span> <span class='ocrx_word' id='word_1_235' title='bbox 1490 630 1607 658; x_wconf 83' lang='lat' dir='ltr'><strong>carnalis</strong></span> 
     </span>
    </p>
   </div>
   <div class='ocr_carea' id='block_1_28' title="bbox 817 674 1607 710">
    <p class='ocr_par' dir='ltr' id='par_1_28' title="bbox 817 674 1607 710">
     <span class='ocr_line' id='line_1_28' title="bbox 817 674 1607 710; baseline 0.003 -8"><span class='ocrx_word' id='word_1_236' title='bbox 817 682 889 707; x_wconf 84' lang='lat' dir='ltr'><strong>sum,</strong></span> <span class='ocrx_word' id='word_1_237' title='bbox 913 676 1086 702; x_wconf 86' lang='lat' dir='ltr'><strong>venundatus</strong></span> <span class='ocrx_word' id='word_1_238' title='bbox 1100 674 1152 702; x_wconf 87' lang='lat' dir='ltr'><strong>sub</strong></span> <span class='ocrx_word' id='word_1_239' title='bbox 1168 679 1278 710; x_wconf 85' lang='lat' dir='ltr'><strong>peccato</strong></span> <span class='ocrx_word' id='word_1_240' title='bbox 1295 684 1302 702; x_wconf 92' lang='lat'><strong>:</strong></span> <span class='ocrx_word' id='word_1_241' title='bbox 1321 676 1372 703; x_wconf 90' lang='lat' dir='ltr'><strong>hoc</strong></span> <span class='ocrx_word' id='word_1_242' title='bbox 1396 681 1437 704; x_wconf 92' lang='lat' dir='ltr'><strong>cst</strong></span> <span class='ocrx_word' id='word_1_243' title='bbox 1460 678 1607 704; x_wconf 89' lang='lat' dir='ltr'><strong>secundum</strong></span> 
     </span>
    </p>
   </div>
   <div class='ocr_carea' id='block_1_29' title="bbox 817 721 1610 756">
    <p class='ocr_par' dir='ltr' id='par_1_29' title="bbox 817 721 1610 756">
     <span class='ocr_line' id='line_1_29' title="bbox 817 721 1610 756; baseline 0.004 -9"><span class='ocrx_word' id='word_1_244' title='bbox 817 727 929 748; x_wconf 89' lang='lat' dir='ltr'><strong>carnem</strong></span> <span class='ocrx_word' id='word_1_245' title='bbox 945 721 1054 754; x_wconf 81' lang='lat' dir='ltr'><strong>vivens,</strong></span> <span class='ocrx_word' id='word_1_246' title='bbox 1068 726 1095 748; x_wconf 90' lang='lat' dir='ltr'><strong>et</strong></span> <span class='ocrx_word' id='word_1_247' title='bbox 1111 723 1138 749; x_wconf 92' lang='lat' dir='ltr'><strong>in</strong></span> <span class='ocrx_word' id='word_1_248' title='bbox 1153 722 1257 756; x_wconf 85' lang='lat' dir='ltr'><strong>peccati</strong></span> <span class='ocrx_word' id='word_1_249' title='bbox 1272 727 1434 756; x_wconf 88' lang='lat' dir='ltr'><strong>potestatem</strong></span> <span class='ocrx_word' id='word_1_250' title='bbox 1449 722 1568 750; x_wconf 87' lang='lat' dir='ltr'><strong>libidinis</strong></span> <span class='ocrx_word' id='word_1_251' title='bbox 1581 727 1610 751; x_wconf 83' lang='lat' dir='ltr'><strong>et</strong></span> 
     </span>
    </p>
   </div>
   <div class='ocr_carea' id='block_1_30' title="bbox 818 767 1609 802">
    <p class='ocr_par' dir='ltr' id='par_1_30' title="bbox 818 767 1609 802">
     <span class='ocr_line' id='line_1_30' title="bbox 818 767 1609 802; baseline 0 -8"><span class='ocrx_word' id='word_1_252' title='bbox 818 767 1048 802; x_wconf 77' lang='lat' dir='ltr'><strong>concupiscentia:</strong></span> <span class='ocrx_word' id='word_1_253' title='bbox 1065 767 1153 802; x_wconf 91' lang='lat' dir='ltr'><strong>pretio</strong></span> <span class='ocrx_word' id='word_1_254' title='bbox 1177 769 1316 795; x_wconf 88' lang='lat' dir='ltr'><strong>redactus.</strong></span> <span class='ocrx_word' id='word_1_255' title='bbox 1340 777 1350 794; x_wconf 84' lang='grc'><em>‹</em></span> <span class='ocrx_word' id='word_1_256' title='bbox 1366 767 1444 801; x_wconf 85' lang='lat' dir='ltr'><strong>Quod</strong></span> <span class='ocrx_word' id='word_1_257' title='bbox 1458 768 1530 795; x_wconf 89' lang='lat' dir='ltr'><strong>enim</strong></span> <span class='ocrx_word' id='word_1_258' title='bbox 1542 775 1609 802; x_wconf 88' lang='lat' dir='ltr'><strong>ope-</strong></span> 
     </span>
    </p>
   </div>
   <div class='ocr_carea' id='block_1_31' title="bbox 818 811 1608 848">
    <p class='ocr_par' dir='ltr' id='par_1_31' title="bbox 818 811 1608 848">
     <span class='ocr_line' id='line_1_31' title="bbox 818 811 1608 848; baseline 0.003 -10"><span class='ocrx_word' id='word_1_259' title='bbox 818 819 866 838; x_wconf 90' lang='lat' dir='ltr'><strong>ror</strong></span> <span class='ocrx_word' id='word_1_260' title='bbox 883 811 987 846; x_wconf 87' lang='lat' dir='ltr'><strong>ignoro.</strong></span> <span class='ocrx_word' id='word_1_261' title='bbox 1019 812 1077 839; x_wconf 91' lang='lat' dir='ltr'><strong>Non</strong></span> <span class='ocrx_word' id='word_1_262' title='bbox 1094 812 1166 839; x_wconf 88' lang='lat' dir='ltr'><strong>enim</strong></span> <span class='ocrx_word' id='word_1_263' title='bbox 1193 813 1265 847; x_wconf 91' lang='lat' dir='ltr'><strong>quod</strong></span> <span class='ocrx_word' id='word_1_264' title='bbox 1290 813 1350 840; x_wconf 92' lang='lat' dir='ltr'><strong>volo</strong></span> <span class='ocrx_word' id='word_1_265' title='bbox 1372 813 1458 846; x_wconf 79' lang='lat' dir='ltr'><strong>facio;</strong></span> <span class='ocrx_word' id='word_1_266' title='bbox 1475 813 1522 840; x_wconf 87' lang='lat' dir='ltr'><strong>sed</strong></span> <span class='ocrx_word' id='word_1_267' title='bbox 1537 813 1608 848; x_wconf 94' lang='lat' dir='ltr'><strong>quod</strong></span> 
     </span>
    </p>
   </div>
   <div class='ocr_carea' id='block_1_32' title="bbox 3 855 1608 893">
    <p class='ocr_par' dir='ltr' id='par_1_32' title="bbox 3 855 1608 893">
     <span class='ocr_line' id='line_1_32' title="bbox 3 855 1608 893; baseline 0.002 -11"><span class='ocrx_word' id='word_1_268' title='bbox 3 863 13 882; x_wconf 87' lang='lat' dir='ltr'><strong>s</strong></span> <span class='ocrx_word' id='word_1_269' title='bbox 28 855 149 883; x_wconf 86' lang='lat' dir='ltr'><strong>redemit</strong></span> <span class='ocrx_word' id='word_1_270' title='bbox 166 856 208 889; x_wconf 78' lang='lat'><strong>&quot;;</strong></span> <span class='ocrx_word' id='word_1_271' title='bbox 228 867 238 883; x_wconf 72' lang='grc' dir='ltr'>ι</span> <span class='ocrx_word' id='word_1_272' title='bbox 262 861 290 883; x_wconf 91' lang='lat' dir='ltr'><strong>et</strong></span> <span class='ocrx_word' id='word_1_273' title='bbox 313 864 422 884; x_wconf 84' lang='lat' dir='ltr'><strong>rursum</strong></span> <span class='ocrx_word' id='word_1_274' title='bbox 439 857 465 884; x_wconf 91' lang='lat' dir='ltr'><strong>in</strong></span> <span class='ocrx_word' id='word_1_275' title='bbox 481 857 544 885; x_wconf 87' lang='lat' dir='ltr'><strong>aliis</strong></span> <span class='ocrx_word' id='word_1_276' title='bbox 561 857 626 885; x_wconf 90' lang='lat' dir='ltr'><strong>dicit</strong></span> <span class='ocrx_word' id='word_1_277' title='bbox 643 866 650 885; x_wconf 89' lang='lat'><strong>:</strong></span> <span class='ocrx_word' id='word_1_278' title='bbox 671 866 680 883; x_wconf 73' lang='grc' dir='ltr'><strong>ε</strong></span> <span class='ocrx_word' id='word_1_279' title='bbox 699 856 766 884; x_wconf 80' lang='lat' dir='ltr'><strong>Vivo</strong></span> <span class='ocrx_word' id='word_1_280' title='bbox 781 855 803 882; x_wconf 85' lang='grc' dir='ltr'><strong>Β</strong></span> <span class='ocrx_word' id='word_1_281' title='bbox 817 858 860 885; x_wconf 90' lang='lat' dir='ltr'><strong>odi</strong></span> <span class='ocrx_word' id='word_1_282' title='bbox 872 878 880 889; x_wconf 87' lang='lat'><strong>.</strong></span> <span class='ocrx_word' id='word_1_283' title='bbox 897 858 949 886; x_wconf 90' lang='lat' dir='ltr'><strong>hoc</strong></span> <span class='ocrx_word' id='word_1_284' title='bbox 963 865 1024 893; x_wconf 79' lang='lat' dir='ltr'><strong>ago.</strong></span> <span class='ocrx_word' id='word_1_285' title='bbox 1044 867 1054 884; x_wconf 77' lang='grc' dir='ltr'><strong><em>ι</em></strong></span> <span class='ocrx_word' id='word_1_286' title='bbox 1073 858 1150 891; x_wconf 85' lang='lat' dir='ltr'><strong>Quod</strong></span> <span class='ocrx_word' id='word_1_287' title='bbox 1165 866 1231 893; x_wconf 82' lang='lat' dir='ltr'><strong>ergo</strong></span> <span class='ocrx_word' id='word_1_288' title='bbox 1243 859 1298 892; x_wconf 82' lang='lat' dir='ltr'><strong>ait,</strong></span> <span class='ocrx_word' id='word_1_289' title='bbox 1316 859 1381 893; x_wconf 89' lang='lat' dir='ltr'><strong>quia</strong></span> <span class='ocrx_word' id='word_1_290' title='bbox 1398 868 1408 885; x_wconf 71' lang='grc' dir='ltr'><strong>ε</strong></span> <span class='ocrx_word' id='word_1_291' title='bbox 1426 859 1520 893; x_wconf 87' lang='lat' dir='ltr'><strong>ignoro</strong></span> <span class='ocrx_word' id='word_1_292' title='bbox 1536 861 1608 892; x_wconf 87' lang='lat' dir='ltr'><strong>qttod</strong></span> 
     </span>
    </p>
   </div>
   <div class='ocr_carea' id='block_1_33' title="bbox 3 902 761 938">
    <p class='ocr_par' dir='ltr' id='par_1_33' title="bbox 3 902 761 938">
     <span class='ocr_line' id='line_1_33' title="bbox 3 902 761 938; baseline 0.004 -10"><span class='ocrx_word' id='word_1_293' title='bbox 3 908 72 934; x_wconf 86' lang='lat' dir='ltr'><strong>tem,</strong></span> <span class='ocrx_word' id='word_1_294' title='bbox 93 909 151 929; x_wconf 89' lang='lat' dir='ltr'><strong>non</strong></span> <span class='ocrx_word' id='word_1_295' title='bbox 164 902 220 938; x_wconf 88' lang='lat' dir='ltr'><strong>jam</strong></span> <span class='ocrx_word' id='word_1_296' title='bbox 234 910 297 937; x_wconf 92' lang='lat' dir='ltr'><strong>ego,</strong></span> <span class='ocrx_word' id='word_1_297' title='bbox 313 903 379 930; x_wconf 91' lang='lat' dir='ltr'><strong>vivit</strong></span> <span class='ocrx_word' id='word_1_298' title='bbox 394 910 461 930; x_wconf 89' lang='lat' dir='ltr'><strong>vero</strong></span> <span class='ocrx_word' id='word_1_299' title='bbox 477 903 503 930; x_wconf 93' lang='lat' dir='ltr'><strong>in</strong></span> <span class='ocrx_word' id='word_1_300' title='bbox 520 910 563 930; x_wconf 90' lang='lat' dir='ltr'><strong>me</strong></span> <span class='ocrx_word' id='word_1_301' title='bbox 573 903 698 931; x_wconf 85' lang='lat' dir='ltr'><strong>Christus</strong></span> <span class='ocrx_word' id='word_1_302' title='bbox 712 904 761 931; x_wconf 74' lang='grc'><strong>⁸⁸.»</strong></span> 
     </span>
    </p>
   </div>
   <div class='ocr_carea' id='block_1_34' title="bbox 13 947 764 983">
    <p class='ocr_par' dir='ltr' id='par_1_34' title="bbox 13 947 764 983">
     <span class='ocr_line' id='line_1_34' title="bbox 13 947 764 983; baseline 0.003 -9"><span class='ocrx_word' id='word_1_303' title='bbox 13 947 118 974; x_wconf 88' lang='lat' dir='ltr'><strong>iterum</strong></span> <span class='ocrx_word' id='word_1_304' title='bbox 134 948 182 982; x_wconf 93' lang='lat' dir='ltr'><strong>qui</strong></span> <span class='ocrx_word' id='word_1_305' title='bbox 200 948 250 980; x_wconf 89' lang='lat' dir='ltr'><strong>ait,</strong></span> <span class='ocrx_word' id='word_1_306' title='bbox 266 957 276 974; x_wconf 73' lang='grc' dir='ltr'><strong><em>ι</em></strong></span> <span class='ocrx_word' id='word_1_307' title='bbox 293 947 408 983; x_wconf 86' lang='lat' dir='ltr'><strong>Propter</strong></span> <span class='ocrx_word' id='word_1_308' title='bbox 420 949 616 976; x_wconf 85' lang='lat' dir='ltr'><strong>inhabitantetn</strong></span> <span class='ocrx_word' id='word_1_309' title='bbox 634 949 764 983; x_wconf 84' lang='lat' dir='ltr'><strong>Spiritum</strong></span> 
     </span>
    </p>
   </div>
   <div class='ocr_carea' id='block_1_35' title="bbox 3 993 765 1027">
    <p class='ocr_par' dir='ltr' id='par_1_35' title="bbox 3 993 765 1027">
     <span class='ocr_line' id='line_1_35' title="bbox 3 993 765 1027; baseline 0.004 -8"><span class='ocrx_word' id='word_1_310' title='bbox 3 1000 25 1020; x_wconf 89' lang='lat' dir='ltr'><strong>ts</strong></span> <span class='ocrx_word' id='word_1_311' title='bbox 37 993 65 1020; x_wconf 94' lang='lat' dir='ltr'><strong>in</strong></span> <span class='ocrx_word' id='word_1_312' title='bbox 85 1001 95 1019; x_wconf 74' lang='grc' dir='ltr'>ι</span> <span class='ocrx_word' id='word_1_313' title='bbox 118 993 201 1020; x_wconf 88' lang='lat' dir='ltr'><strong>nobis</strong></span> <span class='ocrx_word' id='word_1_314' title='bbox 215 993 255 1027; x_wconf 84' lang='lat'><strong>&quot;,</strong></span> <span class='ocrx_word' id='word_1_315' title='bbox 276 1001 349 1021; x_wconf 89' lang='lat' dir='ltr'><strong>nttnc</strong></span> <span class='ocrx_word' id='word_1_316' title='bbox 365 994 430 1021; x_wconf 85' lang='lat' dir='ltr'><strong>dicit</strong></span> <span class='ocrx_word' id='word_1_317' title='bbox 448 1003 455 1021; x_wconf 89' lang='lat'><strong>:</strong></span> <span class='ocrx_word' id='word_1_318' title='bbox 477 1003 486 1019; x_wconf 71' lang='grc' dir='ltr'><strong>ε</strong></span> <span class='ocrx_word' id='word_1_319' title='bbox 506 993 575 1027; x_wconf 83' lang='lat' dir='ltr'><strong>Quia</strong></span> <span class='ocrx_word' id='word_1_320' title='bbox 589 1001 643 1021; x_wconf 86' lang='lat' dir='ltr'><strong>non</strong></span> <span class='ocrx_word' id='word_1_321' title='bbox 659 995 765 1022; x_wconf 80' lang='lat' dir='ltr'><strong>habitat</strong></span> 
     </span>
    </p>
   </div>
   <div class='ocr_carea' id='block_1_36' title="bbox 5 1038 764 1073">
    <p class='ocr_par' dir='ltr' id='par_1_36' title="bbox 5 1038 764 1073">
     <span class='ocr_line' id='line_1_36' title="bbox 5 1038 764 1073; baseline 0.005 -9"><span class='ocrx_word' id='word_1_322' title='bbox 5 1045 48 1065; x_wconf 91' lang='lat' dir='ltr'><strong>me</strong></span> <span class='ocrx_word' id='word_1_323' title='bbox 60 1058 68 1069; x_wconf 85' lang='lat'><strong>,</strong></span> <span class='ocrx_word' id='word_1_324' title='bbox 93 1038 149 1066; x_wconf 91' lang='lat' dir='ltr'><strong>hoc</strong></span> <span class='ocrx_word' id='word_1_325' title='bbox 174 1042 217 1066; x_wconf 85' lang='lat' dir='ltr'><strong>est</strong></span> <span class='ocrx_word' id='word_1_326' title='bbox 237 1038 264 1065; x_wconf 90' lang='lat' dir='ltr'><strong>iu</strong></span> <span class='ocrx_word' id='word_1_327' title='bbox 284 1045 369 1066; x_wconf 84' lang='lat' dir='ltr'><strong>carne</strong></span> <span class='ocrx_word' id='word_1_328' title='bbox 387 1046 445 1066; x_wconf 91' lang='lat' dir='ltr'><strong>mea</strong></span> <span class='ocrx_word' id='word_1_329' title='bbox 460 1059 468 1072; x_wconf 93' lang='lat'><strong>,</strong></span> <span class='ocrx_word' id='word_1_330' title='bbox 486 1039 597 1067; x_wconf 88' lang='lat' dir='ltr'><strong>bonum.</strong></span> <span class='ocrx_word' id='word_1_331' title='bbox 617 1048 627 1066; x_wconf 71' lang='grc' dir='ltr'><strong><em>ι</em></strong></span> <span class='ocrx_word' id='word_1_332' title='bbox 647 1040 724 1073; x_wconf 84' lang='lat' dir='ltr'><strong>Quod</strong></span> <span class='ocrx_word' id='word_1_333' title='bbox 741 1041 764 1068; x_wconf 90' lang='lat' dir='ltr'><strong>si</strong></span> 
     </span>
    </p>
   </div>
   <div class='ocr_carea' id='block_1_37' title="bbox 3 1083 764 1119">
    <p class='ocr_par' dir='ltr' id='par_1_37' title="bbox 3 1083 764 1119">
     <span class='ocr_line' id='line_1_37' title="bbox 3 1083 764 1119; baseline 0.004 -9"><span class='ocrx_word' id='word_1_334' title='bbox 3 1091 16 1110; x_wconf 80' lang='grc' dir='ltr'><strong><em>η</em></strong></span> <span class='ocrx_word' id='word_1_335' title='bbox 33 1083 145 1111; x_wconf 88' lang='lat' dir='ltr'><strong>habitat</strong></span> <span class='ocrx_word' id='word_1_336' title='bbox 158 1084 184 1111; x_wconf 95' lang='lat' dir='ltr'><strong>in</strong></span> <span class='ocrx_word' id='word_1_337' title='bbox 200 1091 282 1112; x_wconf 88' lang='lat' dir='ltr'><strong>carne</strong></span> <span class='ocrx_word' id='word_1_338' title='bbox 298 1083 356 1118; x_wconf 85' lang='lat' dir='ltr'><strong>ejus</strong></span> <span class='ocrx_word' id='word_1_339' title='bbox 371 1085 483 1117; x_wconf 88' lang='lat' dir='ltr'><strong>bonum,</strong></span> <span class='ocrx_word' id='word_1_340' title='bbox 499 1086 636 1119; x_wconf 86' lang='lat' dir='ltr'><strong>quomodo</strong></span> <span class='ocrx_word' id='word_1_341' title='bbox 651 1086 717 1113; x_wconf 90' lang='lat' dir='ltr'><strong>dicit</strong></span> <span class='ocrx_word' id='word_1_342' title='bbox 728 1086 764 1119; x_wconf 84' lang='lat'><strong>&quot;,</strong></span> 
     </span>
    </p>
   </div>
   <div class='ocr_carea' id='block_1_38' title="bbox 3 1130 765 1166">
    <p class='ocr_par' dir='ltr' id='par_1_38' title="bbox 3 1130 765 1166">
     <span class='ocr_line' id='line_1_38' title="bbox 3 1130 765 1166; baseline 0.004 -10"><span class='ocrx_word' id='word_1_343' title='bbox 3 1130 26 1156; x_wconf 85' lang='lat' dir='ltr'><strong>ia</strong></span> <span class='ocrx_word' id='word_1_344' title='bbox 43 1137 151 1165; x_wconf 80' lang='lat' dir='ltr'><strong>corpus</strong></span> <span class='ocrx_word' id='word_1_345' title='bbox 165 1134 288 1158; x_wconf 82' lang='lat' dir='ltr'><strong>nostrum</strong></span> <span class='ocrx_word' id='word_1_346' title='bbox 303 1130 361 1166; x_wconf 86' lang='grc'><strong>(19)</strong></span> <span class='ocrx_word' id='word_1_347' title='bbox 375 1130 502 1165; x_wconf 87' lang='lat' dir='ltr'><strong>templqu</strong></span> <span class='ocrx_word' id='word_1_348' title='bbox 517 1136 560 1159; x_wconf 84' lang='lat' dir='ltr'><strong>est</strong></span> <span class='ocrx_word' id='word_1_349' title='bbox 577 1131 640 1164; x_wconf 88' lang='lat' dir='ltr'><strong>Dei,</strong></span> <span class='ocrx_word' id='word_1_350' title='bbox 656 1137 684 1159; x_wconf 90' lang='lat' dir='ltr'><strong>et</strong></span> <span class='ocrx_word' id='word_1_351' title='bbox 697 1137 765 1159; x_wconf 89' lang='lat' dir='ltr'><strong>tem-</strong></span> 
     </span>
    </p>
   </div>
   <div class='ocr_carea' id='block_1_39' title="bbox 3 1176 764 1214">
    <p class='ocr_par' dir='ltr' id='par_1_39' title="bbox 3 1176 764 1214">
     <span class='ocr_line' id='line_1_39' title="bbox 3 1176 764 1214; baseline 0.004 -12"><span class='ocrx_word' id='word_1_352' title='bbox 3 1184 36 1203; x_wconf 90' lang='lat' dir='ltr'><strong>un</strong></span> <span class='ocrx_word' id='word_1_353' title='bbox 55 1176 180 1210; x_wconf 79' lang='lat' dir='ltr'><strong>Spiritus</strong></span> <span class='ocrx_word' id='word_1_354' title='bbox 193 1177 302 1205; x_wconf 81' lang='lat' dir='ltr'><strong>sancti?</strong></span> <span class='ocrx_word' id='word_1_355' title='bbox 319 1177 373 1205; x_wconf 86' lang='lat' dir='ltr'><strong>Sed</strong></span> <span class='ocrx_word' id='word_1_356' title='bbox 385 1182 413 1205; x_wconf 89' lang='lat' dir='ltr'><strong>et</strong></span> <span class='ocrx_word' id='word_1_357' title='bbox 428 1183 528 1205; x_wconf 63' lang='lat' dir='ltr'><strong>caetera</strong></span> <span class='ocrx_word' id='word_1_358' title='bbox 544 1178 570 1205; x_wconf 95' lang='lat' dir='ltr'><strong>in</strong></span> <span class='ocrx_word' id='word_1_359' title='bbox 593 1177 693 1213; x_wconf 89' lang='lat' dir='ltr'><strong>quibus</strong></span> <span class='ocrx_word' id='word_1_360' title='bbox 708 1178 764 1214; x_wconf 72' lang='lat'><strong>(‘20)</strong></span> 
     </span>
    </p>
   </div>
   <div class='ocr_carea' id='block_1_40' title="bbox 4 1222 765 1258">
    <p class='ocr_par' dir='ltr' id='par_1_40' title="bbox 4 1222 765 1258">
     <span class='ocr_line' id='line_1_40' title="bbox 4 1222 765 1258; baseline 0.007 -10"><span class='ocrx_word' id='word_1_361' title='bbox 4 1222 112 1250; x_wconf 74' lang='lat' dir='ltr'><strong>nitetur</strong></span> <span class='ocrx_word' id='word_1_362' title='bbox 129 1230 143 1249; x_wconf 91' lang='lat' dir='ltr'><strong>a</strong></span> <span class='ocrx_word' id='word_1_363' title='bbox 160 1222 218 1258; x_wconf 88' lang='lat' dir='ltr'><strong>lege</strong></span> <span class='ocrx_word' id='word_1_364' title='bbox 234 1231 294 1258; x_wconf 83' lang='lat' dir='ltr'><strong>quae</strong></span> <span class='ocrx_word' id='word_1_365' title='bbox 310 1223 338 1251; x_wconf 92' lang='lat' dir='ltr'><strong>in</strong></span> <span class='ocrx_word' id='word_1_366' title='bbox 356 1224 488 1252; x_wconf 89' lang='lat' dir='ltr'><strong>membris</strong></span> <span class='ocrx_word' id='word_1_367' title='bbox 509 1225 568 1252; x_wconf 90' lang='lat' dir='ltr'><strong>suis</strong></span> <span class='ocrx_word' id='word_1_368' title='bbox 589 1230 647 1257; x_wconf 86' lang='lat' dir='ltr'><strong>est.</strong></span> <span class='ocrx_word' id='word_1_369' title='bbox 671 1230 699 1254; x_wconf 90' lang='lat' dir='ltr'><strong>et</strong></span> <span class='ocrx_word' id='word_1_370' title='bbox 722 1233 765 1253; x_wconf 87' lang='lat' dir='ltr'><strong>re—</strong></span> 
     </span>
    </p>
   </div>
   <div class='ocr_carea' id='block_1_41' title="bbox 3 1268 764 1306">
    <p class='ocr_par' dir='ltr' id='par_1_41' title="bbox 3 1268 764 1306">
     <span class='ocr_line' id='line_1_41' title="bbox 3 1268 764 1306; baseline 0.007 -12"><span class='ocrx_word' id='word_1_371' title='bbox 3 1273 67 1302; x_wconf 87' lang='lat' dir='ltr'><strong>gnat</strong></span> <span class='ocrx_word' id='word_1_372' title='bbox 82 1268 139 1302; x_wconf 87' lang='lat' dir='ltr'><strong>legi</strong></span> <span class='ocrx_word' id='word_1_373' title='bbox 162 1269 262 1297; x_wconf 88' lang='lat' dir='ltr'><strong>mentis</strong></span> <span class='ocrx_word' id='word_1_374' title='bbox 280 1277 338 1297; x_wconf 67' lang='lat' dir='ltr'><strong>suae</strong></span> <span class='ocrx_word' id='word_1_375' title='bbox 350 1289 358 1303; x_wconf 93' lang='lat'><strong>,</strong></span> <span class='ocrx_word' id='word_1_376' title='bbox 375 1271 511 1306; x_wconf 80' lang='lat' dir='ltr'><strong>captivum</strong></span> <span class='ocrx_word' id='word_1_377' title='bbox 526 1271 587 1298; x_wconf 85' lang='lat' dir='ltr'><strong>duci</strong></span> <span class='ocrx_word' id='word_1_378' title='bbox 605 1279 634 1299; x_wconf 87' lang='lat' dir='ltr'><strong>se</strong></span> <span class='ocrx_word' id='word_1_379' title='bbox 659 1272 685 1299; x_wconf 88' lang='lat' dir='ltr'><strong>itt</strong></span> <span class='ocrx_word' id='word_1_380' title='bbox 705 1272 764 1306; x_wconf 85' lang='lat' dir='ltr'><strong>lege</strong></span> 
     </span>
    </p>
   </div>
   <div class='ocr_carea' id='block_1_42' title="bbox 3 1313 765 1352">
    <p class='ocr_par' dir='ltr' id='par_1_42' title="bbox 3 1313 765 1352">
     <span class='ocr_line' id='line_1_42' title="bbox 3 1313 765 1352; baseline 0.005 -12"><span class='ocrx_word' id='word_1_381' title='bbox 3 1314 67 1341; x_wconf 81' lang='lat' dir='ltr'><strong>:cati</strong></span> <span class='ocrx_word' id='word_1_382' title='bbox 82 1313 121 1346; x_wconf 83' lang='grc'><strong>⁸⁸,</strong></span> <span class='ocrx_word' id='word_1_383' title='bbox 138 1315 276 1348; x_wconf 88' lang='lat' dir='ltr'><strong>quomodo</strong></span> <span class='ocrx_word' id='word_1_384' title='bbox 290 1315 446 1350; x_wconf 76' lang='lat' dir='ltr'><strong>apostolica:</strong></span> <span class='ocrx_word' id='word_1_385' title='bbox 465 1317 629 1344; x_wconf 88' lang='lat' dir='ltr'><strong>convenient</strong></span> <span class='ocrx_word' id='word_1_386' title='bbox 645 1317 704 1352; x_wconf 71' lang='lat' dir='ltr'><strong>(2i)</strong></span> <span class='ocrx_word' id='word_1_387' title='bbox 722 1317 765 1344; x_wconf 95' lang='lat' dir='ltr'><strong>di-</strong></span> 
     </span>
    </p>
   </div>
   <div class='ocr_carea' id='block_1_43' title="bbox 3 1359 765 1397">
    <p class='ocr_par' dir='ltr' id='par_1_43' title="bbox 3 1359 765 1397">
     <span class='ocr_line' id='line_1_43' title="bbox 3 1359 765 1397; baseline 0.008 -11"><span class='ocrx_word' id='word_1_388' title='bbox 3 1359 78 1392; x_wconf 85' lang='lat' dir='ltr'><strong>itali,</strong></span> <span class='ocrx_word' id='word_1_389' title='bbox 93 1366 125 1387; x_wconf 84' lang='lat' dir='ltr'><strong>et</strong></span> <span class='ocrx_word' id='word_1_390' title='bbox 140 1359 222 1388; x_wconf 86' lang='lat' dir='ltr'><strong>Paulo</strong></span> <span class='ocrx_word' id='word_1_391' title='bbox 236 1361 373 1395; x_wconf 69' lang='lat' dir='ltr'><strong>praecipue</strong></span> <span class='ocrx_word' id='word_1_392' title='bbox 385 1379 395 1395; x_wconf 83' lang='lat'><strong>,</strong></span> <span class='ocrx_word' id='word_1_393' title='bbox 410 1362 436 1390; x_wconf 88' lang='lat' dir='ltr'><strong>in</strong></span> <span class='ocrx_word' id='word_1_394' title='bbox 449 1370 504 1397; x_wconf 93' lang='lat' dir='ltr'><strong>quo</strong></span> <span class='ocrx_word' id='word_1_395' title='bbox 515 1363 641 1391; x_wconf 87' lang='lat' dir='ltr'><strong>Christus</strong></span> <span class='ocrx_word' id='word_1_396' title='bbox 656 1368 683 1392; x_wconf 89' lang='lat' dir='ltr'><strong>et</strong></span> <span class='ocrx_word' id='word_1_397' title='bbox 696 1363 765 1392; x_wconf 91' lang='lat' dir='ltr'><strong>vivit</strong></span> 
     </span>
    </p>
   </div>
   <div class='ocr_carea' id='block_1_44' title="bbox 3 1406 763 1444">
    <p class='ocr_par' dir='ltr' id='par_1_44' title="bbox 3 1406 763 1444">
     <span class='ocr_line' id='line_1_44' title="bbox 3 1406 763 1444; baseline 0.007 -11"><span class='ocrx_word' id='word_1_398' title='bbox 3 1406 147 1441; x_wconf 76' lang='lat' dir='ltr'><strong>loquitur?</strong></span> <span class='ocrx_word' id='word_1_399' title='bbox 167 1406 221 1434; x_wconf 88' lang='lat' dir='ltr'><strong>Sed</strong></span> <span class='ocrx_word' id='word_1_400' title='bbox 235 1407 396 1443; x_wconf 77' lang='lat' dir='ltr'><strong>colligamus</strong></span> <span class='ocrx_word' id='word_1_401' title='bbox 409 1416 442 1436; x_wconf 87' lang='lat' dir='ltr'><strong>ex</strong></span> <span class='ocrx_word' id='word_1_402' title='bbox 464 1409 507 1437; x_wconf 85' lang='lat' dir='ltr'><strong>his</strong></span> <span class='ocrx_word' id='word_1_403' title='bbox 527 1410 663 1444; x_wconf 87' lang='lat' dir='ltr'><strong>quomodo</strong></span> <span class='ocrx_word' id='word_1_404' title='bbox 680 1410 763 1438; x_wconf 87' lang='lat' dir='ltr'><strong>moris</strong></span> 
     </span>
    </p>
   </div>
   <div class='ocr_carea' id='block_1_45' title="bbox 3 1453 761 1491">
    <p class='ocr_par' dir='ltr' id='par_1_45' title="bbox 3 1453 761 1491">
     <span class='ocr_line' id='line_1_45' title="bbox 3 1453 761 1491; baseline 0.005 -12"><span class='ocrx_word' id='word_1_405' title='bbox 3 1472 5 1478; x_wconf 52' lang='grc' dir='ltr'><strong>ι</strong></span> <span class='ocrx_word' id='word_1_406' title='bbox 21 1453 180 1489; x_wconf 56' lang='lat' dir='ltr'><strong>Scriptura;</strong></span> <span class='ocrx_word' id='word_1_407' title='bbox 194 1454 292 1483; x_wconf 73' lang='lat' dir='ltr'><strong>divinae</strong></span> <span class='ocrx_word' id='word_1_408' title='bbox 314 1459 341 1483; x_wconf 86' lang='lat' dir='ltr'><strong>et</strong></span> <span class='ocrx_word' id='word_1_409' title='bbox 357 1463 488 1491; x_wconf 82' lang='lat' dir='ltr'><strong>personas</strong></span> <span class='ocrx_word' id='word_1_410' title='bbox 509 1456 627 1483; x_wconf 87' lang='lat' dir='ltr'><strong>latenter</strong></span> <span class='ocrx_word' id='word_1_411' title='bbox 638 1475 646 1488; x_wconf 95' lang='lat'><strong>,</strong></span> <span class='ocrx_word' id='word_1_412' title='bbox 663 1460 691 1484; x_wconf 90' lang='lat' dir='ltr'><strong>et</strong></span> <span class='ocrx_word' id='word_1_413' title='bbox 708 1463 761 1489; x_wconf 82' lang='lat' dir='ltr'><strong>res,</strong></span> 
     </span>
    </p>
   </div>
   <div class='ocr_carea' id='block_1_46' title="bbox 5 1500 764 1535">
    <p class='ocr_par' dir='ltr' id='par_1_46' title="bbox 5 1500 764 1535">
     <span class='ocr_line' id='line_1_46' title="bbox 5 1500 764 1535; baseline 0.005 -9"><span class='ocrx_word' id='word_1_414' title='bbox 5 1506 108 1527; x_wconf 85' lang='lat' dir='ltr'><strong>causas</strong></span> <span class='ocrx_word' id='word_1_415' title='bbox 121 1500 155 1527; x_wconf 93' lang='lat' dir='ltr'><strong>de</strong></span> <span class='ocrx_word' id='word_1_416' title='bbox 168 1501 267 1535; x_wconf 84' lang='lat' dir='ltr'><strong>quibus</strong></span> <span class='ocrx_word' id='word_1_417' title='bbox 285 1501 378 1529; x_wconf 89' lang='lat' dir='ltr'><strong>dicere</strong></span> <span class='ocrx_word' id='word_1_418' title='bbox 392 1502 510 1535; x_wconf 86' lang='lat' dir='ltr'><strong>videtur,</strong></span> <span class='ocrx_word' id='word_1_419' title='bbox 526 1507 554 1530; x_wconf 90' lang='lat' dir='ltr'><strong>et</strong></span> <span class='ocrx_word' id='word_1_420' title='bbox 567 1503 676 1530; x_wconf 88' lang='lat' dir='ltr'><strong>nomina</strong></span> <span class='ocrx_word' id='word_1_421' title='bbox 692 1510 764 1531; x_wconf 79' lang='lat' dir='ltr'><strong>com-</strong></span> 
     </span>
    </p>
   </div>
   <div class='ocr_carea' id='block_1_47' title="bbox 3 1545 761 1584">
    <p class='ocr_par' dir='ltr' id='par_1_47' title="bbox 3 1545 761 1584">
     <span class='ocr_line' id='line_1_47' title="bbox 3 1545 761 1584; baseline 0.008 -13"><span class='ocrx_word' id='word_1_422' title='bbox 3 1548 80 1578; x_wconf 82' lang='lat' dir='ltr'><strong>Itare,</strong></span> <span class='ocrx_word' id='word_1_423' title='bbox 96 1545 156 1572; x_wconf 93' lang='lat' dir='ltr'><strong>imo</strong></span> <span class='ocrx_word' id='word_1_424' title='bbox 168 1546 258 1580; x_wconf 90' lang='lat' dir='ltr'><strong>potius</strong></span> <span class='ocrx_word' id='word_1_425' title='bbox 271 1547 375 1576; x_wconf 85' lang='lat' dir='ltr'><strong>eisdem</strong></span> <span class='ocrx_word' id='word_1_426' title='bbox 389 1548 544 1576; x_wconf 86' lang='lat' dir='ltr'><strong>nominibus</strong></span> <span class='ocrx_word' id='word_1_427' title='bbox 559 1548 585 1576; x_wconf 93' lang='lat' dir='ltr'><strong>in</strong></span> <span class='ocrx_word' id='word_1_428' title='bbox 603 1549 666 1577; x_wconf 86' lang='lat' dir='ltr'><strong>aliis</strong></span> <span class='ocrx_word' id='word_1_429' title='bbox 678 1554 761 1584; x_wconf 90' lang='lat' dir='ltr'><strong>atque</strong></span> 
     </span>
    </p>
   </div>
   <div class='ocr_carea' id='block_1_48' title="bbox 3 1590 758 1630">
    <p class='ocr_par' dir='ltr' id='par_1_48' title="bbox 3 1590 758 1630">
     <span class='ocr_line' id='line_1_48' title="bbox 3 1590 758 1630; baseline 0.009 -12"><span class='ocrx_word' id='word_1_430' title='bbox 3 1590 21 1617; x_wconf 84' lang='lat' dir='ltr'><strong>is</strong></span> <span class='ocrx_word' id='word_1_431' title='bbox 38 1592 126 1620; x_wconf 88' lang='lat' dir='ltr'><strong>rebus</strong></span> <span class='ocrx_word' id='word_1_432' title='bbox 140 1593 198 1624; x_wconf 90' lang='lat' dir='ltr'><strong>uti,</strong></span> <span class='ocrx_word' id='word_1_433' title='bbox 218 1597 247 1620; x_wconf 91' lang='lat' dir='ltr'><strong>ut</strong></span> <span class='ocrx_word' id='word_1_434' title='bbox 263 1594 289 1621; x_wconf 90' lang='lat' dir='ltr'><strong>in</strong></span> <span class='ocrx_word' id='word_1_435' title='bbox 304 1594 430 1629; x_wconf 61' lang='lat' dir='ltr'><strong>praesenti</strong></span> <span class='ocrx_word' id='word_1_436' title='bbox 452 1595 511 1623; x_wconf 91' lang='lat' dir='ltr'><strong>loco</strong></span> <span class='ocrx_word' id='word_1_437' title='bbox 531 1595 570 1622; x_wconf 90' lang='lat' dir='ltr'><strong>ait</strong></span> <span class='ocrx_word' id='word_1_438' title='bbox 590 1595 734 1630; x_wconf 81' lang='lat' dir='ltr'><strong>Apostolus</strong></span> <span class='ocrx_word' id='word_1_439' title='bbox 750 1606 758 1625; x_wconf 90' lang='lat'><strong>:</strong></span> 
     </span>
    </p>
   </div>
   <div class='ocr_carea' id='block_1_49' title="bbox 3 1636 759 1675">
    <p class='ocr_par' dir='ltr' id='par_1_49' title="bbox 3 1636 759 1675">
     <span class='ocr_line' id='line_1_49' title="bbox 3 1636 759 1675; baseline 0.011 -13"><span class='ocrx_word' id='word_1_440' title='bbox 3 1636 103 1664; x_wconf 80' lang='lat' dir='ltr'><strong>icimus</strong></span> <span class='ocrx_word' id='word_1_441' title='bbox 120 1637 195 1665; x_wconf 90' lang='lat' dir='ltr'><strong>enim</strong></span> <span class='ocrx_word' id='word_1_442' title='bbox 213 1639 276 1673; x_wconf 88' lang='lat' dir='ltr'><strong>quia</strong></span> <span class='ocrx_word' id='word_1_443' title='bbox 294 1639 337 1668; x_wconf 92' lang='lat' dir='ltr'><strong>lex</strong></span> <span class='ocrx_word' id='word_1_444' title='bbox 352 1640 485 1675; x_wconf 86' lang='lat' dir='ltr'><strong>spiritalis</strong></span> <span class='ocrx_word' id='word_1_445' title='bbox 499 1646 549 1669; x_wconf 91' lang='lat' dir='ltr'><strong>est.</strong></span> <span class='ocrx_word' id='word_1_446' title='bbox 570 1650 580 1667; x_wconf 77' lang='grc' dir='ltr'><strong><em>ι</em></strong></span> <span class='ocrx_word' id='word_1_447' title='bbox 599 1641 656 1670; x_wconf 90' lang='lat' dir='ltr'><strong>Hoc</strong></span> <span class='ocrx_word' id='word_1_448' title='bbox 670 1642 759 1670; x_wconf 87' lang='lat' dir='ltr'><strong>adhuc</strong></span> 
     </span>
    </p>
   </div>
   <div class='ocr_carea' id='block_1_50' title="bbox 3 1682 756 1722">
    <p class='ocr_par' dir='ltr' id='par_1_50' title="bbox 3 1682 756 1722">
     <span class='ocr_line' id='line_1_50' title="bbox 3 1682 756 1722; baseline 0.005 -13"><span class='ocrx_word' id='word_1_449' title='bbox 3 1682 18 1717; x_wconf 72' lang='grc' dir='ltr'><strong>ι)</strong></span> <span class='ocrx_word' id='word_1_450' title='bbox 33 1683 111 1718; x_wconf 88' lang='lat' dir='ltr'><strong>quod</strong></span> <span class='ocrx_word' id='word_1_451' title='bbox 127 1683 216 1711; x_wconf 84' lang='lat' dir='ltr'><strong>dixit:</strong></span> <span class='ocrx_word' id='word_1_452' title='bbox 232 1693 242 1711; x_wconf 77' lang='grc' dir='ltr'>ι</span> <span class='ocrx_word' id='word_1_453' title='bbox 258 1684 365 1714; x_wconf 84' lang='lat' dir='ltr'><strong>Scimus</strong></span> <span class='ocrx_word' id='word_1_454' title='bbox 377 1687 441 1721; x_wconf 90' lang='lat' dir='ltr'><strong>quia</strong></span> <span class='ocrx_word' id='word_1_455' title='bbox 454 1687 497 1715; x_wconf 89' lang='lat' dir='ltr'><strong>lex</strong></span> <span class='ocrx_word' id='word_1_456' title='bbox 511 1687 642 1722; x_wconf 86' lang='lat' dir='ltr'><strong>spiritalis</strong></span> <span class='ocrx_word' id='word_1_457' title='bbox 651 1687 732 1719; x_wconf 80' lang='lat' dir='ltr'><strong>est&quot;,</strong></span> <span class='ocrx_word' id='word_1_458' title='bbox 745 1696 756 1713; x_wconf 72' lang='grc' dir='ltr'><strong>ι</strong></span> 
     </span>
    </p>
   </div>
   <div class='ocr_carea' id='block_1_51' title="bbox 3 1729 759 1767">
    <p class='ocr_par' dir='ltr' id='par_1_51' title="bbox 3 1729 759 1767">
     <span class='ocr_line' id='line_1_51' title="bbox 3 1729 759 1767; baseline 0.007 -12"><span class='ocrx_word' id='word_1_459' title='bbox 3 1729 111 1756; x_wconf 70' lang='lat' dir='ltr'><strong>istolica</strong></span> <span class='ocrx_word' id='word_1_460' title='bbox 135 1730 300 1758; x_wconf 84' lang='lat' dir='ltr'><strong>auctoritate</strong></span> <span class='ocrx_word' id='word_1_461' title='bbox 325 1733 496 1767; x_wconf 88' lang='lat' dir='ltr'><strong>pronuntiat.</strong></span> <span class='ocrx_word' id='word_1_462' title='bbox 526 1732 586 1759; x_wconf 88' lang='lat' dir='ltr'><strong>Non</strong></span> <span class='ocrx_word' id='word_1_463' title='bbox 609 1733 683 1760; x_wconf 87' lang='lat' dir='ltr'><strong>enim</strong></span> <span class='ocrx_word' id='word_1_464' title='bbox 706 1733 759 1760; x_wconf 90' lang='lat' dir='ltr'><strong>scit</strong></span> 
     </span>
    </p>
   </div>
   <div class='ocr_carea' id='block_1_52' title="bbox 4 1775 757 1814">
    <p class='ocr_par' dir='ltr' id='par_1_52' title="bbox 4 1775 757 1814">
     <span class='ocr_line' id='line_1_52' title="bbox 4 1775 757 1814; baseline 0.008 -13"><span class='ocrx_word' id='word_1_465' title='bbox 4 1782 46 1802; x_wconf 88' lang='lat' dir='ltr'><strong>em</strong></span> <span class='ocrx_word' id='word_1_466' title='bbox 60 1775 218 1810; x_wconf 85' lang='lat' dir='ltr'><strong>spiritalem</strong></span> <span class='ocrx_word' id='word_1_467' title='bbox 231 1783 293 1804; x_wconf 88' lang='lat' dir='ltr'><strong>esse</strong></span> <span class='ocrx_word' id='word_1_468' title='bbox 307 1777 353 1812; x_wconf 91' lang='lat' dir='ltr'><strong>qui</strong></span> <span class='ocrx_word' id='word_1_469' title='bbox 369 1778 490 1805; x_wconf 85' lang='lat' dir='ltr'><strong>carnalis</strong></span> <span class='ocrx_word' id='word_1_470' title='bbox 505 1783 563 1811; x_wconf 89' lang='lat' dir='ltr'><strong>est,</strong></span> <span class='ocrx_word' id='word_1_471' title='bbox 583 1782 612 1806; x_wconf 90' lang='lat' dir='ltr'><strong>et</strong></span> <span class='ocrx_word' id='word_1_472' title='bbox 626 1779 677 1806; x_wconf 90' lang='lat' dir='ltr'><strong>sub</strong></span> <span class='ocrx_word' id='word_1_473' title='bbox 693 1786 757 1814; x_wconf 91' lang='lat' dir='ltr'><strong>pec-</strong></span> 
     </span>
    </p>
   </div>
   <div class='ocr_carea' id='block_1_53' title="bbox 5 1822 757 1860">
    <p class='ocr_par' dir='ltr' id='par_1_53' title="bbox 5 1822 757 1860">
     <span class='ocr_line' id='line_1_53' title="bbox 5 1822 757 1860; baseline 0.005 -12"><span class='ocrx_word' id='word_1_474' title='bbox 5 1829 21 1849; x_wconf 97' lang='lat' dir='ltr'><strong>o</strong></span> <span class='ocrx_word' id='word_1_475' title='bbox 35 1822 215 1850; x_wconf 87' lang='lat' dir='ltr'><strong>venundatus</strong></span> <span class='ocrx_word' id='word_1_476' title='bbox 229 1828 287 1856; x_wconf 86' lang='lat' dir='ltr'><strong>est;</strong></span> <span class='ocrx_word' id='word_1_477' title='bbox 307 1824 354 1852; x_wconf 90' lang='lat' dir='ltr'><strong>sed</strong></span> <span class='ocrx_word' id='word_1_478' title='bbox 368 1824 415 1859; x_wconf 86' lang='lat' dir='ltr'><strong>qui</strong></span> <span class='ocrx_word' id='word_1_479' title='bbox 433 1824 514 1852; x_wconf 88' lang='lat' dir='ltr'><strong>habet</strong></span> <span class='ocrx_word' id='word_1_480' title='bbox 533 1825 559 1852; x_wconf 92' lang='lat' dir='ltr'><strong>in</strong></span> <span class='ocrx_word' id='word_1_481' title='bbox 578 1833 608 1852; x_wconf 89' lang='lat' dir='ltr'><strong>se</strong></span> <span class='ocrx_word' id='word_1_482' title='bbox 625 1824 757 1860; x_wconf 88' lang='lat' dir='ltr'><strong>Spiritum</strong></span> 
     </span>
    </p>
   </div>
   <div class='ocr_carea' id='block_1_54' title="bbox 3 1867 759 1905">
    <p class='ocr_par' dir='ltr' id='par_1_54' title="bbox 3 1867 759 1905">
     <span class='ocr_line' id='line_1_54' title="bbox 3 1867 759 1905; baseline 0.005 -11"><span class='ocrx_word' id='word_1_483' title='bbox 3 1867 28 1900; x_wconf 92' lang='lat' dir='ltr'><strong>i,</strong></span> <span class='ocrx_word' id='word_1_484' title='bbox 51 1868 101 1895; x_wconf 86' lang='lat' dir='ltr'><strong>ille</strong></span> <span class='ocrx_word' id='word_1_485' title='bbox 115 1868 170 1895; x_wconf 85' lang='lat' dir='ltr'><strong>scit</strong></span> <span class='ocrx_word' id='word_1_486' title='bbox 192 1869 255 1903; x_wconf 89' lang='lat' dir='ltr'><strong>quia</strong></span> <span class='ocrx_word' id='word_1_487' title='bbox 276 1869 318 1897; x_wconf 89' lang='lat' dir='ltr'><strong>lex</strong></span> <span class='ocrx_word' id='word_1_488' title='bbox 336 1869 393 1905; x_wconf 78' lang='lat'><strong>(‘23)</strong></span> <span class='ocrx_word' id='word_1_489' title='bbox 413 1870 542 1905; x_wconf 86' lang='lat' dir='ltr'><strong>spiritalis</strong></span> <span class='ocrx_word' id='word_1_490' title='bbox 556 1875 596 1898; x_wconf 90' lang='lat' dir='ltr'><strong>est</strong></span> <span class='ocrx_word' id='word_1_491' title='bbox 613 1880 621 1898; x_wconf 86' lang='lat'><strong>:</strong></span> <span class='ocrx_word' id='word_1_492' title='bbox 639 1871 709 1905; x_wconf 91' lang='lat' dir='ltr'><strong>quod</strong></span> <span class='ocrx_word' id='word_1_493' title='bbox 725 1870 759 1898; x_wconf 85' lang='lat' dir='ltr'><strong>de</strong></span> 
     </span>
    </p>
   </div>
   <div class='ocr_carea' id='block_1_55' title="bbox 3 1914 759 1951">
    <p class='ocr_par' dir='ltr' id='par_1_55' title="bbox 3 1914 759 1951">
     <span class='ocr_line' id='line_1_55' title="bbox 3 1914 759 1951; baseline 0.005 -11"><span class='ocrx_word' id='word_1_494' title='bbox 3 1914 46 1949; x_wconf 51' lang='lat' dir='ltr'><strong>iysi</strong></span> <span class='ocrx_word' id='word_1_495' title='bbox 63 1914 126 1948; x_wconf 83' lang='lat' dir='ltr'><strong>lege</strong></span> <span class='ocrx_word' id='word_1_496' title='bbox 153 1915 282 1942; x_wconf 85' lang='lat' dir='ltr'><strong>convenit</strong></span> <span class='ocrx_word' id='word_1_497' title='bbox 297 1914 410 1943; x_wconf 92' lang='lat' dir='ltr'><strong>dictum.</strong></span> <span class='ocrx_word' id='word_1_498' title='bbox 427 1916 486 1951; x_wconf 89' lang='lat' dir='ltr'><strong>ipsa</strong></span> <span class='ocrx_word' id='word_1_499' title='bbox 503 1924 622 1951; x_wconf 84' lang='lat' dir='ltr'><strong>namque</strong></span> <span class='ocrx_word' id='word_1_500' title='bbox 643 1921 686 1944; x_wconf 83' lang='lat' dir='ltr'><strong>est</strong></span> <span class='ocrx_word' id='word_1_501' title='bbox 698 1924 759 1951; x_wconf 78' lang='lat' dir='ltr'><strong>qua:</strong></span> 
     </span>
    </p>
   </div>
   <div class='ocr_carea' id='block_1_56' title="bbox 3 1959 759 1998">
    <p class='ocr_par' dir='ltr' id='par_1_56' title="bbox 3 1959 759 1998">
     <span class='ocr_line' id='line_1_56' title="bbox 3 1959 759 1998; baseline 0.003 -11"><span class='ocrx_word' id='word_1_502' title='bbox 3 1962 47 1995; x_wconf 88' lang='lat' dir='ltr'><strong>qni</strong></span> <span class='ocrx_word' id='word_1_503' title='bbox 62 1959 234 1995; x_wconf 85' lang='lat' dir='ltr'><strong>spiritaliter</strong></span> <span class='ocrx_word' id='word_1_504' title='bbox 248 1960 322 1987; x_wconf 83' lang='lat' dir='ltr'><strong>illam</strong></span> <span class='ocrx_word' id='word_1_505' title='bbox 337 1961 465 1996; x_wconf 86' lang='lat' dir='ltr'><strong>intelligit</strong></span> <span class='ocrx_word' id='word_1_506' title='bbox 477 1961 546 1998; x_wconf 73' lang='grc'><strong>(24),</strong></span> <span class='ocrx_word' id='word_1_507' title='bbox 564 1962 606 1989; x_wconf 81' lang='lat' dir='ltr'><strong>lex</strong></span> <span class='ocrx_word' id='word_1_508' title='bbox 629 1962 759 1997; x_wconf 87' lang='lat' dir='ltr'><strong>spiritalis</strong></span> 
     </span>
    </p>
   </div>
   <div class='ocr_carea' id='block_1_57' title="bbox 5 2005 757 2042">
    <p class='ocr_par' dir='ltr' id='par_1_57' title="bbox 5 2005 757 2042">
     <span class='ocr_line' id='line_1_57' title="bbox 5 2005 757 2042; baseline 0.001 -8"><span class='ocrx_word' id='word_1_509' title='bbox 5 2025 12 2038; x_wconf 87' lang='lat'><strong>,</strong></span> <span class='ocrx_word' id='word_1_510' title='bbox 26 2012 54 2034; x_wconf 89' lang='lat' dir='ltr'><strong>et</strong></span> <span class='ocrx_word' id='word_1_511' title='bbox 72 2006 196 2041; x_wconf 90' lang='lat' dir='ltr'><strong>Spiritus</strong></span> <span class='ocrx_word' id='word_1_512' title='bbox 210 2005 370 2039; x_wconf 84' lang='lat' dir='ltr'><strong>viviﬁcans;</strong></span> <span class='ocrx_word' id='word_1_513' title='bbox 386 2007 432 2042; x_wconf 90' lang='lat' dir='ltr'><strong>qui</strong></span> <span class='ocrx_word' id='word_1_514' title='bbox 450 2014 514 2035; x_wconf 91' lang='lat' dir='ltr'><strong>vero</strong></span> <span class='ocrx_word' id='word_1_515' title='bbox 537 2007 695 2040; x_wconf 86' lang='lat' dir='ltr'><strong>carnaliter,</strong></span> <span class='ocrx_word' id='word_1_516' title='bbox 714 2009 757 2035; x_wconf 77' lang='lat' dir='ltr'><strong>les</strong></span> 
     </span>
    </p>
   </div>
   <div class='ocr_carea' id='block_1_58' title="bbox 3 2049 756 2088">
    <p class='ocr_par' dir='ltr' id='par_1_58' title="bbox 3 2049 756 2088">
     <span class='ocr_line' id='line_1_58' title="bbox 3 2049 756 2088; baseline 0.004 -12"><span class='ocrx_word' id='word_1_517' title='bbox 3 2058 57 2077; x_wconf 77' lang='lat' dir='ltr'><strong>era:</strong></span> <span class='ocrx_word' id='word_1_518' title='bbox 83 2054 114 2077; x_wconf 88' lang='lat' dir='ltr'><strong>et</strong></span> <span class='ocrx_word' id='word_1_519' title='bbox 141 2049 230 2077; x_wconf 86' lang='lat' dir='ltr'><strong>littera</strong></span> <span class='ocrx_word' id='word_1_520' title='bbox 255 2050 385 2079; x_wconf 84' lang='lat' dir='ltr'><strong>occidens</strong></span> <span class='ocrx_word' id='word_1_521' title='bbox 412 2058 474 2079; x_wconf 86' lang='lat' dir='ltr'><strong>esse</strong></span> <span class='ocrx_word' id='word_1_522' title='bbox 499 2057 669 2080; x_wconf 81' lang='lat' dir='ltr'><strong>memoratur</strong></span> <span class='ocrx_word' id='word_1_523' title='bbox 688 2052 756 2088; x_wconf 77' lang='grc'><strong>(25).</strong></span> 
     </span>
    </p>
   </div>
   <div class='ocr_carea' id='block_1_59' title="bbox 3 2118 540 2181">
    <p class='ocr_par' dir='ltr' id='par_1_59' title="bbox 3 2118 540 2181">
     <span class='ocr_line' id='line_1_59' title="bbox 3 2118 540 2154; baseline 0.004 -8"><span class='ocrx_word' id='word_1_524' title='bbox 3 2119 18 2135; x_wconf 84' lang='grc'><strong>¹¹</strong></span> <span class='ocrx_word' id='word_1_525' title='bbox 44 2119 132 2146; x_wconf 82' lang='lat' dir='ltr'><strong>Rom.</strong></span> <span class='ocrx_word' id='word_1_526' title='bbox 151 2126 198 2150; x_wconf 85' lang='lat' dir='ltr'><strong>vn,</strong></span> <span class='ocrx_word' id='word_1_527' title='bbox 214 2118 258 2146; x_wconf 79' lang='lat' dir='ltr'><strong>M.</strong></span> <span class='ocrx_word' id='word_1_528' title='bbox 296 2119 318 2136; x_wconf 85' lang='grc'><strong>⁸²</strong></span> <span class='ocrx_word' id='word_1_529' title='bbox 335 2119 354 2146; x_wconf 98' lang='lat' dir='ltr'><strong>ll</strong></span> <span class='ocrx_word' id='word_1_530' title='bbox 372 2119 435 2147; x_wconf 90' lang='lat' dir='ltr'><strong>Cor.</strong></span> <span class='ocrx_word' id='word_1_531' title='bbox 454 2128 491 2154; x_wconf 86' lang='lat' dir='ltr'><strong>x,</strong></span> <span class='ocrx_word' id='word_1_532' title='bbox 512 2120 540 2151; x_wconf 78' lang='lat'><strong>3.</strong></span> 
     </span>
     <span class='ocr_line' id='line_1_60' title="bbox 3 2153 540 2181; baseline 0 0"><span class='ocrx_word' id='word_1_533' title='bbox 3 2162 19 2181; x_wconf 88' lang='lat' dir='ltr'><strong>t.</strong></span> <span class='ocrx_word' id='word_1_534' title='bbox 34 2154 81 2181; x_wconf 89' lang='grc'><strong>11.</strong></span> <span class='ocrx_word' id='word_1_535' title='bbox 124 2153 147 2170; x_wconf 82' lang='grc'><strong>⁸⁷</strong></span> <span class='ocrx_word' id='word_1_536' title='bbox 161 2153 172 2180; x_wconf 87' lang='grc' dir='ltr'><strong>Ι</strong></span> <span class='ocrx_word' id='word_1_537' title='bbox 185 2154 247 2181; x_wconf 89' lang='lat' dir='ltr'><strong>Cor.</strong></span> <span class='ocrx_word' id='word_1_538' title='bbox 262 2162 300 2181; x_wconf 85' lang='lat' dir='ltr'><strong>Vl.</strong></span> <span class='ocrx_word' id='word_1_539' title='bbox 317 2155 361 2181; x_wconf 83' lang='grc'><strong>19.</strong></span> <span class='ocrx_word' id='word_1_540' title='bbox 400 2155 424 2171; x_wconf 79' lang='grc'><strong>⁸⁵</strong></span> <span class='ocrx_word' id='word_1_541' title='bbox 439 2155 518 2181; x_wconf 81' lang='lat' dir='ltr'><strong>Rom.</strong></span> <span class='ocrx_word' id='word_1_542' title='bbox 534 2164 540 2177; x_wconf 58' lang='grc' dir='ltr'>π</span> 
     </span>
    </p>
   </div>
   <div class='ocr_carea' id='block_1_60' title="bbox 3 2162 81 2187">
    <p class='ocr_par' dir='ltr' id='par_1_60' title="bbox 3 2162 81 2187">
     <span class='ocr_line' id='line_1_61' title="bbox 3 2162 81 2187; baseline -0.013 -5"><span class='ocrx_word' id='word_1_543' title='bbox 3 2162 19 2187; x_wconf 92' lang='lat'><strong>!,</strong></span> <span class='ocrx_word' id='word_1_544' title='bbox 34 2162 81 2181; x_wconf 87' lang='grc' dir='ltr'><strong>ιι.</strong></span> 
     </span>
    </p>
   </div>
   <div class='ocr_carea' id='block_1_61' title="bbox 3 2209 799 2247">
    <p class='ocr_par' dir='ltr' id='par_1_61' title="bbox 3 2209 799 2247">
     <span class='ocr_line' id='line_1_62' title="bbox 3 2209 799 2247; baseline 0.003 -9"><span class='ocrx_word' id='word_1_545' title='bbox 3 2211 52 2246; x_wconf 61' lang='grc'><strong>15)</strong></span> <span class='ocrx_word' id='word_1_546' title='bbox 74 2209 162 2247; x_wconf 81' lang='lat' dir='ltr'><strong>Editi,</strong></span> <span class='ocrx_word' id='word_1_547' title='bbox 184 2213 231 2247; x_wconf 58' lang='lat' dir='ltr'><strong>{et</strong></span> <span class='ocrx_word' id='word_1_548' title='bbox 245 2211 430 2247; x_wconf 76' lang='lat' dir='ltr'><strong>captivantem</strong></span> <span class='ocrx_word' id='word_1_549' title='bbox 445 2219 488 2239; x_wconf 91' lang='lat' dir='ltr'><strong>me</strong></span> <span class='ocrx_word' id='word_1_550' title='bbox 505 2211 532 2239; x_wconf 92' lang='lat' dir='ltr'><strong>in</strong></span> <span class='ocrx_word' id='word_1_551' title='bbox 549 2211 608 2247; x_wconf 86' lang='lat' dir='ltr'><strong>lege</strong></span> <span class='ocrx_word' id='word_1_552' title='bbox 626 2213 757 2247; x_wconf 62' lang='lat' dir='ltr'><strong>peccati,»</strong></span> <span class='ocrx_word' id='word_1_553' title='bbox 777 2212 799 2240; x_wconf 90' lang='lat' dir='ltr'><strong>D</strong></span> 
     </span>
    </p>
   </div>
   <div class='ocr_carea' id='block_1_62' title="bbox 3 2242 760 2280">
    <p class='ocr_par' dir='ltr' id='par_1_62' title="bbox 3 2242 760 2280">
     <span class='ocr_line' id='line_1_63' title="bbox 3 2242 760 2280; baseline 0.005 -7"><span class='ocrx_word' id='word_1_554' title='bbox 3 2242 13 2273; x_wconf 73' lang='grc'><strong>’.</strong></span> <span class='ocrx_word' id='word_1_555' title='bbox 33 2242 152 2276; x_wconf 80' lang='lat' dir='ltr'><strong>Deinde,</strong></span> <span class='ocrx_word' id='word_1_556' title='bbox 172 2242 286 2272; x_wconf 69' lang='lat' dir='ltr'><strong>«Infelix&#39;</strong></span> <span class='ocrx_word' id='word_1_557' title='bbox 299 2253 350 2280; x_wconf 71' lang='lat' dir='ltr'><strong>ego</strong></span> <span class='ocrx_word' id='word_1_558' title='bbox 360 2246 443 2274; x_wconf 85' lang='lat' dir='ltr'><strong>homo</strong></span> <span class='ocrx_word' id='word_1_559' title='bbox 455 2247 517 2280; x_wconf 90' lang='lat' dir='ltr'><strong>quis</strong></span> <span class='ocrx_word' id='word_1_560' title='bbox 529 2242 711 2276; x_wconf 67' lang='lat' dir='ltr'><strong>meliberabit</strong></span> <span class='ocrx_word' id='word_1_561' title='bbox 727 2242 760 2277; x_wconf 83' lang='lat' dir='ltr'><strong>de</strong></span> 
     </span>
    </p>
   </div>
   <div class='ocr_carea' id='block_1_63' title="bbox 3 2279 759 2320">
    <p class='ocr_par' dir='ltr' id='par_1_63' title="bbox 3 2279 759 2320">
     <span class='ocr_line' id='line_1_64' title="bbox 3 2279 759 2320; baseline 0.003 -12"><span class='ocrx_word' id='word_1_562' title='bbox 3 2289 76 2320; x_wconf 77' lang='lat' dir='ltr'><strong>&#39;pore</strong></span> <span class='ocrx_word' id='word_1_563' title='bbox 92 2279 192 2320; x_wconf 60' lang='lat' dir='ltr'><strong>mortis</strong></span> <span class='ocrx_word' id='word_1_564' title='bbox 205 2280 303 2320; x_wconf 76' lang='lat' dir='ltr'><strong>hujus?</strong></span> <span class='ocrx_word' id='word_1_565' title='bbox 319 2279 414 2308; x_wconf 77' lang='lat' dir='ltr'><strong>Gratia</strong></span> <span class='ocrx_word' id='word_1_566' title='bbox 430 2279 489 2316; x_wconf 84' lang='lat' dir='ltr'><strong>Dei,</strong></span> <span class='ocrx_word' id='word_1_567' title='bbox 507 2291 517 2308; x_wconf 76' lang='grc' dir='ltr'><strong><em>ι</em></strong></span> <span class='ocrx_word' id='word_1_568' title='bbox 535 2287 589 2310; x_wconf 91' lang='lat' dir='ltr'><strong>etc.</strong></span> <span class='ocrx_word' id='word_1_569' title='bbox 610 2282 662 2310; x_wconf 70' lang='lat' dir='ltr'><strong>his.</strong></span> <span class='ocrx_word' id='word_1_570' title='bbox 679 2291 759 2317; x_wconf 87' lang='lat' dir='ltr'><strong>unus,</strong></span> 
     </span>
    </p>
   </div>
   <div class='ocr_carea' id='block_1_64' title="bbox 3 2314 320 2349">
    <p class='ocr_par' dir='ltr' id='par_1_64' title="bbox 3 2314 320 2349">
     <span class='ocr_line' id='line_1_65' title="bbox 3 2314 320 2349; baseline 0.006 -8"><span class='ocrx_word' id='word_1_571' title='bbox 3 2316 40 2343; x_wconf 71' lang='lat' dir='ltr'><strong>nisi</strong></span> <span class='ocrx_word' id='word_1_572' title='bbox 57 2315 150 2349; x_wconf 83' lang='lat' dir='ltr'><strong>gratia</strong></span> <span class='ocrx_word' id='word_1_573' title='bbox 165 2314 227 2348; x_wconf 88' lang='lat' dir='ltr'><strong>Dei,</strong></span> <span class='ocrx_word' id='word_1_574' title='bbox 240 2325 250 2341; x_wconf 71' lang='grc' dir='ltr'><strong><em>ι</em></strong></span> <span class='ocrx_word' id='word_1_575' title='bbox 268 2320 320 2343; x_wconf 89' lang='lat' dir='ltr'><strong>etc.</strong></span> 
     </span>
    </p>
   </div>
   <div class='ocr_carea' id='block_1_65' title="bbox 3 2348 758 2386">
    <p class='ocr_par' dir='ltr' id='par_1_65' title="bbox 3 2348 758 2386">
     <span class='ocr_line' id='line_1_66' title="bbox 3 2348 758 2386; baseline 0.005 -9"><span class='ocrx_word' id='word_1_576' title='bbox 3 2348 156 2386; x_wconf 73' lang='grc' dir='ltr'><strong>[16)Ἐάὶιί,</strong></span> <span class='ocrx_word' id='word_1_577' title='bbox 170 2348 212 2386; x_wconf 41' lang='lat' dir='ltr'><strong>[Si</strong></span> <span class='ocrx_word' id='word_1_578' title='bbox 224 2351 266 2377; x_wconf 90' lang='lat' dir='ltr'><strong>cui</strong></span> <span class='ocrx_word' id='word_1_579' title='bbox 278 2350 495 2385; x_wconf 78' lang='lat' dir='ltr'><strong>(Genebrardus,</strong></span> <span class='ocrx_word' id='word_1_580' title='bbox 510 2351 625 2383; x_wconf 67' lang='lat' dir='ltr'><strong>(sicuti)</strong></span> <span class='ocrx_word' id='word_1_581' title='bbox 641 2352 758 2382; x_wconf 66' lang='lat' dir='ltr'><strong>fortem.</strong></span> 
     </span>
    </p>
   </div>
   <div class='ocr_carea' id='block_1_66' title="bbox 3 2385 757 2423">
    <p class='ocr_par' dir='ltr' id='par_1_66' title="bbox 3 2385 757 2423">
     <span class='ocr_line' id='line_1_67' title="bbox 3 2385 757 2423; baseline 0.005 -11"><span class='ocrx_word' id='word_1_582' title='bbox 3 2389 130 2423; x_wconf 77' lang='lat' dir='ltr'><strong>esurnpta</strong></span> <span class='ocrx_word' id='word_1_583' title='bbox 152 2385 298 2420; x_wconf 85' lang='lat' dir='ltr'><strong>videatur,</strong></span> <span class='ocrx_word' id='word_1_584' title='bbox 317 2386 443 2413; x_wconf 86' lang='lat' dir='ltr'><strong>advertat</strong></span> <span class='ocrx_word' id='word_1_585' title='bbox 465 2395 538 2414; x_wconf 88' lang='lat' dir='ltr'><strong>nunc</strong></span> <span class='ocrx_word' id='word_1_586' title='bbox 563 2387 590 2414; x_wconf 91' lang='lat' dir='ltr'><strong>in</strong></span> <span class='ocrx_word' id='word_1_587' title='bbox 615 2388 757 2423; x_wconf 81' lang='lat' dir='ltr'><strong>Apostolo,</strong></span> 
     </span>
    </p>
   </div>
   <div class='ocr_carea' id='block_1_67' title="bbox 3 2421 759 2496">
    <p class='ocr_par' dir='ltr' id='par_1_67' title="bbox 3 2421 759 2496">
     <span class='ocr_line' id='line_1_68' title="bbox 3 2421 754 2451; baseline -0.005 -4"><span class='ocrx_word' id='word_1_588' title='bbox 3 2421 111 2451; x_wconf 76' lang='lat' dir='ltr'><strong>omodo.</strong></span> <span class='ocrx_word' id='word_1_589' title='bbox 129 2429 139 2446; x_wconf 78' lang='grc'>›</span> <span class='ocrx_word' id='word_1_590' title='bbox 158 2424 211 2446; x_wconf 88' lang='lat' dir='ltr'><strong>etc.</strong></span> <span class='ocrx_word' id='word_1_591' title='bbox 641 2421 647 2423; x_wconf 70' lang='lat'><strong>&#39;</strong></span> <span class='ocrx_word' id='word_1_592' title='bbox 750 2421 754 2423; x_wconf 90' lang='lat'>&#39;</span> 
     </span>
     <span class='ocr_line' id='line_1_69' title="bbox 3 2454 759 2496; baseline 0.005 -14"><span class='ocrx_word' id='word_1_593' title='bbox 3 2456 55 2496; x_wconf 42' lang='lat'><strong>{&#39;17)</strong></span> <span class='ocrx_word' id='word_1_594' title='bbox 79 2454 127 2482; x_wconf 92' lang='lat' dir='ltr'><strong>Sic</strong></span> <span class='ocrx_word' id='word_1_595' title='bbox 143 2459 284 2496; x_wconf 60' lang='lat' dir='ltr'><strong>rectems.</strong></span> <span class='ocrx_word' id='word_1_596' title='bbox 299 2463 369 2484; x_wconf 82' lang='lat' dir='ltr'><strong>unus</strong></span> <span class='ocrx_word' id='word_1_597' title='bbox 390 2456 490 2496; x_wconf 82' lang='lat' dir='ltr'><strong>Regius</strong></span> <span class='ocrx_word' id='word_1_598' title='bbox 507 2464 582 2484; x_wconf 88' lang='lat' dir='ltr'><strong>nttm.</strong></span> <span class='ocrx_word' id='word_1_599' title='bbox 603 2457 681 2485; x_wconf 80' lang='grc'><strong>1659.</strong></span> <span class='ocrx_word' id='word_1_600' title='bbox 701 2457 759 2496; x_wconf 64' lang='grc' dir='ltr'><strong>ρω-</strong></span> 
     </span>
    </p>
   </div>
   <div class='ocr_carea' id='block_1_68' title="bbox 5 2489 757 2526">
    <p class='ocr_par' dir='ltr' id='par_1_68' title="bbox 5 2489 757 2526">
     <span class='ocr_line' id='line_1_70' title="bbox 5 2489 757 2526; baseline 0.005 -9"><span class='ocrx_word' id='word_1_601' title='bbox 5 2491 11 2517; x_wconf 94' lang='lat' dir='ltr'><strong>i</strong></span> <span class='ocrx_word' id='word_1_602' title='bbox 30 2498 100 2517; x_wconf 86' lang='lat' dir='ltr'><strong>vero</strong></span> <span class='ocrx_word' id='word_1_603' title='bbox 115 2497 183 2516; x_wconf 87' lang='lat' dir='ltr'><strong>mss.</strong></span> <span class='ocrx_word' id='word_1_604' title='bbox 204 2489 348 2524; x_wconf 77' lang='lat' dir='ltr'><strong>ltabanus,</strong></span> <span class='ocrx_word' id='word_1_605' title='bbox 365 2496 392 2518; x_wconf 73' lang='lat' dir='ltr'><strong>et</strong></span> <span class='ocrx_word' id='word_1_606' title='bbox 407 2489 484 2524; x_wconf 78' lang='lat' dir='ltr'><strong>editi,</strong></span> <span class='ocrx_word' id='word_1_607' title='bbox 499 2499 653 2526; x_wconf 86' lang='lat' dir='ltr'><strong>perperam,</strong></span> <span class='ocrx_word' id='word_1_608' title='bbox 672 2502 680 2518; x_wconf 81' lang='grc' dir='ltr'>ι</span> <span class='ocrx_word' id='word_1_609' title='bbox 700 2493 757 2521; x_wconf 86' lang='lat' dir='ltr'><strong>Non</strong></span> 
     </span>
    </p>
   </div>
   <div class='ocr_carea' id='block_1_69' title="bbox 3 2525 757 2587">
    <p class='ocr_par' dir='ltr' id='par_1_69' title="bbox 3 2525 757 2587">
     <span class='ocr_line' id='line_1_71' title="bbox 3 2525 757 2564; baseline 0.007 -13"><span class='ocrx_word' id='word_1_610' title='bbox 3 2526 32 2552; x_wconf 83' lang='lat' dir='ltr'><strong>im</strong></span> <span class='ocrx_word' id='word_1_611' title='bbox 49 2525 204 2553; x_wconf 85' lang='lat' dir='ltr'><strong>secundum</strong></span> <span class='ocrx_word' id='word_1_612' title='bbox 221 2532 331 2552; x_wconf 88' lang='lat' dir='ltr'><strong>carttem</strong></span> <span class='ocrx_word' id='word_1_613' title='bbox 350 2526 484 2559; x_wconf 84' lang='lat' dir='ltr'><strong>viximus,</strong></span> <span class='ocrx_word' id='word_1_614' title='bbox 500 2525 554 2554; x_wconf 81' lang='lat' dir='ltr'><strong>nec</strong></span> <span class='ocrx_word' id='word_1_615' title='bbox 565 2527 625 2563; x_wconf 85' lang='lat' dir='ltr'><strong>(al..</strong></span> <span class='ocrx_word' id='word_1_616' title='bbox 642 2537 651 2554; x_wconf 78' lang='grc' dir='ltr'>ι</span> <span class='ocrx_word' id='word_1_617' title='bbox 669 2531 717 2556; x_wconf 87' lang='lat' dir='ltr'><strong>sed</strong></span> <span class='ocrx_word' id='word_1_618' title='bbox 732 2530 757 2564; x_wconf 79' lang='grc' dir='ltr'><strong>ι)</strong></span> 
     </span>
     <span class='ocr_line' id='line_1_72' title="bbox 3 2561 436 2587; baseline 0.005 -2"><span class='ocrx_word' id='word_1_619' title='bbox 3 2561 114 2587; x_wconf 68' lang='lat' dir='ltr'><strong>tumtum</strong></span> <span class='ocrx_word' id='word_1_620' title='bbox 132 2566 242 2586; x_wconf 87' lang='lat' dir='ltr'><strong>carnem</strong></span> <span class='ocrx_word' id='word_1_621' title='bbox 260 2561 436 2587; x_wconf 66' lang='lat' dir='ltr'><strong>militamus.)</strong></span> 
     </span>
    </p>
   </div>
   <div class='ocr_carea' id='block_1_70' title="bbox 3 2568 436 2588">
    <p class='ocr_par' dir='ltr' id='par_1_70' title="bbox 3 2568 436 2588">
     <span class='ocr_line' id='line_1_73' title="bbox 3 2568 436 2588; baseline 0.002 -3"><span class='ocrx_word' id='word_1_622' title='bbox 3 2568 114 2587; x_wconf 72' lang='lat' dir='ltr'><strong>tumtum</strong></span> <span class='ocrx_word' id='word_1_623' title='bbox 132 2568 242 2586; x_wconf 84' lang='lat' dir='ltr'><strong>carnem</strong></span> <span class='ocrx_word' id='word_1_624' title='bbox 260 2568 419 2588; x_wconf 80' lang='lat' dir='ltr'><strong>militamus.</strong></span> <span class='ocrx_word' id='word_1_625' title='bbox 426 2570 436 2586; x_wconf 73' lang='grc' dir='ltr'><strong>Ι</strong></span> 
     </span>
    </p>
   </div>
   <div class='ocr_carea' id='block_1_71' title="bbox 3 2593 758 2631">
    <p class='ocr_par' dir='ltr' id='par_1_71' title="bbox 3 2593 758 2631">
     <span class='ocr_line' id='line_1_74' title="bbox 3 2593 758 2631; baseline 0.005 -9"><span class='ocrx_word' id='word_1_626' title='bbox 3 2595 53 2631; x_wconf 59' lang='grc' dir='ltr'><strong>ζ18)</strong></span> <span class='ocrx_word' id='word_1_627' title='bbox 77 2593 161 2631; x_wconf 68' lang='lat' dir='ltr'><strong>Editi,</strong></span> <span class='ocrx_word' id='word_1_628' title='bbox 183 2595 303 2631; x_wconf 27' lang='lat' dir='ltr'><strong>inquiin</strong></span> <span class='ocrx_word' id='word_1_629' title='bbox 317 2595 371 2623; x_wconf 87' lang='lat' dir='ltr'><strong>alio</strong></span> <span class='ocrx_word' id='word_1_630' title='bbox 382 2596 463 2624; x_wconf 85' lang='lat' dir='ltr'><strong>dixit.</strong></span> <span class='ocrx_word' id='word_1_631' title='bbox 479 2605 489 2622; x_wconf 72' lang='grc' dir='ltr'><strong><em>ι</em></strong></span> <span class='ocrx_word' id='word_1_632' title='bbox 509 2596 561 2624; x_wconf 81' lang='lat' dir='ltr'><strong>ills.</strong></span> <span class='ocrx_word' id='word_1_633' title='bbox 574 2605 644 2626; x_wconf 90' lang='lat' dir='ltr'><strong>unus</strong></span> <span class='ocrx_word' id='word_1_634' title='bbox 658 2603 685 2626; x_wconf 91' lang='lat' dir='ltr'><strong>et</strong></span> <span class='ocrx_word' id='word_1_635' title='bbox 703 2597 758 2626; x_wconf 79' lang='lat' dir='ltr'><strong>Ba-</strong></span> 
     </span>
    </p>
   </div>
   <div class='ocr_carea' id='block_1_72' title="bbox 3 2629 388 2663">
    <p class='ocr_par' dir='ltr' id='par_1_72' title="bbox 3 2629 388 2663">
     <span class='ocr_line' id='line_1_75' title="bbox 3 2629 388 2663; baseline 0.01 -9"><span class='ocrx_word' id='word_1_636' title='bbox 3 2629 57 2663; x_wconf 63' lang='lat' dir='ltr'><strong>aus&#39;,</strong></span> <span class='ocrx_word' id='word_1_637' title='bbox 78 2638 89 2654; x_wconf 82' lang='grc'><strong><em>‹</em></strong></span> <span class='ocrx_word' id='word_1_638' title='bbox 109 2629 230 2663; x_wconf 83' lang='lat' dir='ltr'><strong>quialiis</strong></span> <span class='ocrx_word' id='word_1_639' title='bbox 243 2630 359 2658; x_wconf 88' lang='lat' dir='ltr'><strong>dixerat.</strong></span> <span class='ocrx_word' id='word_1_640' title='bbox 378 2641 388 2657; x_wconf 74' lang='grc' dir='ltr'><strong><em>ι</em></strong></span> 
     </span>
    </p>
   </div>
   <div class='ocr_carea' id='block_1_73' title="bbox 3 2664 756 2703">
    <p class='ocr_par' dir='ltr' id='par_1_73' title="bbox 3 2664 756 2703">
     <span class='ocr_line' id='line_1_76' title="bbox 3 2664 756 2703; baseline 0.007 -12"><span class='ocrx_word' id='word_1_641' title='bbox 3 2664 53 2701; x_wconf 69' lang='grc'><strong>[19)</strong></span> <span class='ocrx_word' id='word_1_642' title='bbox 74 2664 164 2696; x_wconf 82' lang='lat' dir='ltr'><strong>Alias,</strong></span> <span class='ocrx_word' id='word_1_643' title='bbox 184 2673 193 2690; x_wconf 75' lang='grc' dir='ltr'>ι</span> <span class='ocrx_word' id='word_1_644' title='bbox 213 2665 347 2693; x_wconf 87' lang='lat' dir='ltr'><strong>inhabitat</strong></span> <span class='ocrx_word' id='word_1_645' title='bbox 365 2667 391 2694; x_wconf 95' lang='lat' dir='ltr'><strong>in</strong></span> <span class='ocrx_word' id='word_1_646' title='bbox 407 2673 490 2694; x_wconf 87' lang='lat' dir='ltr'><strong>carne</strong></span> <span class='ocrx_word' id='word_1_647' title='bbox 503 2667 602 2694; x_wconf 89' lang='lat' dir='ltr'><strong>bonum</strong></span> <span class='ocrx_word' id='word_1_648' title='bbox 614 2687 621 2695; x_wconf 95' lang='lat'><strong>.</strong></span> <span class='ocrx_word' id='word_1_649' title='bbox 633 2687 640 2695; x_wconf 88' lang='lat'><strong>.</strong></span> <span class='ocrx_word' id='word_1_650' title='bbox 651 2687 658 2695; x_wconf 95' lang='lat'><strong>.</strong></span> <span class='ocrx_word' id='word_1_651' title='bbox 671 2687 678 2695; x_wconf 97' lang='lat'><strong>.</strong></span> <span class='ocrx_word' id='word_1_652' title='bbox 693 2668 756 2703; x_wconf 89' lang='lat' dir='ltr'><strong>quia</strong></span> 
     </span>
    </p>
   </div>
   <div class='ocr_carea' id='block_1_74' title="bbox 3 2703 756 2775">
    <p class='ocr_par' dir='ltr' id='par_1_74' title="bbox 3 2703 756 2775">
     <span class='ocr_line' id='line_1_77' title="bbox 3 2703 302 2736; baseline 0 -9"><span class='ocrx_word' id='word_1_653' title='bbox 3 2707 77 2733; x_wconf 83' lang='lat' dir='ltr'><strong>&#39;pora</strong></span> <span class='ocrx_word' id='word_1_654' title='bbox 96 2704 204 2736; x_wconf 75' lang='lat' dir='ltr'><strong>nostra,</strong></span> <span class='ocrx_word' id='word_1_655' title='bbox 222 2709 232 2725; x_wconf 68' lang='grc' dir='ltr'><strong><em>ι</em></strong></span> <span class='ocrx_word' id='word_1_656' title='bbox 249 2703 302 2727; x_wconf 88' lang='lat' dir='ltr'><strong>etc.</strong></span> 
     </span>
     <span class='ocr_line' id='line_1_78' title="bbox 3 2734 756 2775; baseline 0.008 -14"><span class='ocrx_word' id='word_1_657' title='bbox 3 2735 52 2770; x_wconf 22' lang='lat'><strong>‘20)</strong></span> <span class='ocrx_word' id='word_1_658' title='bbox 75 2734 147 2775; x_wconf 75' lang='lat' dir='ltr'><strong>Editi</strong></span> <span class='ocrx_word' id='word_1_659' title='bbox 162 2739 192 2775; x_wconf 62' lang='lat' dir='ltr'><strong>et</strong></span> <span class='ocrx_word' id='word_1_660' title='bbox 203 2742 268 2762; x_wconf 87' lang='lat' dir='ltr'><strong>mss.</strong></span> <span class='ocrx_word' id='word_1_661' title='bbox 281 2736 391 2769; x_wconf 86' lang='lat' dir='ltr'><strong>quidam</strong></span> <span class='ocrx_word' id='word_1_662' title='bbox 405 2743 546 2772; x_wconf 87' lang='lat' dir='ltr'><strong>perperam</strong></span> <span class='ocrx_word' id='word_1_663' title='bbox 561 2738 672 2772; x_wconf 81' lang='lat' dir='ltr'><strong>habent,</strong></span> <span class='ocrx_word' id='word_1_664' title='bbox 688 2738 756 2767; x_wconf 63' lang='lat' dir='ltr'><strong>«Sed</strong></span> 
     </span>
    </p>
   </div>
   <div class='ocr_carea' id='block_1_75' title="bbox 3 2770 347 2804">
    <p class='ocr_par' dir='ltr' id='par_1_75' title="bbox 3 2770 347 2804">
     <span class='ocr_line' id='line_1_79' title="bbox 3 2770 347 2804; baseline 0.003 -7"><span class='ocrx_word' id='word_1_665' title='bbox 3 2776 80 2798; x_wconf 85' lang='lat' dir='ltr'><strong>certe</strong></span> <span class='ocrx_word' id='word_1_666' title='bbox 96 2770 122 2796; x_wconf 94' lang='lat' dir='ltr'><strong>in</strong></span> <span class='ocrx_word' id='word_1_667' title='bbox 137 2770 246 2804; x_wconf 80' lang='lat' dir='ltr'><strong>quibus,</strong></span> <span class='ocrx_word' id='word_1_668' title='bbox 264 2779 274 2796; x_wconf 74' lang='grc' dir='ltr'><strong><em>ι</em></strong></span> <span class='ocrx_word' id='word_1_669' title='bbox 293 2776 347 2798; x_wconf 90' lang='lat' dir='ltr'><strong>etc.</strong></span> 
     </span>
    </p>
   </div>
   <div class='ocr_carea' id='block_1_76' title="bbox 3 2805 409 2840">
    <p class='ocr_par' dir='ltr' id='par_1_76' title="bbox 3 2805 409 2840">
     <span class='ocr_line' id='line_1_80' title="bbox 3 2805 409 2840; baseline 0.002 -9"><span class='ocrx_word' id='word_1_670' title='bbox 3 2805 53 2840; x_wconf 64' lang='grc' dir='ltr'><strong>ει)</strong></span> <span class='ocrx_word' id='word_1_671' title='bbox 74 2805 162 2836; x_wconf 81' lang='lat' dir='ltr'><strong>Alias,</strong></span> <span class='ocrx_word' id='word_1_672' title='bbox 180 2814 189 2830; x_wconf 73' lang='grc' dir='ltr'><strong><em>ι</em></strong></span> <span class='ocrx_word' id='word_1_673' title='bbox 206 2806 379 2840; x_wconf 84' lang='lat' dir='ltr'><strong>conveniunt.</strong></span> <span class='ocrx_word' id='word_1_674' title='bbox 399 2816 409 2832; x_wconf 72' lang='grc' dir='ltr'><strong><em>ι</em></strong></span> 
     </span>
    </p>
   </div>
   <div class='ocr_carea' id='block_1_77' title="bbox 3 2839 402 2876">
    <p class='ocr_par' dir='ltr' id='par_1_77' title="bbox 3 2839 402 2876">
     <span class='ocr_line' id='line_1_81' title="bbox 3 2839 402 2876; baseline 0.005 -9"><span class='ocrx_word' id='word_1_675' title='bbox 3 2839 52 2876; x_wconf 66' lang='grc'><strong>,22)</strong></span> <span class='ocrx_word' id='word_1_676' title='bbox 73 2839 161 2875; x_wconf 71' lang='lat' dir='ltr'><strong>Editi,</strong></span> <span class='ocrx_word' id='word_1_677' title='bbox 183 2848 192 2866; x_wconf 75' lang='grc' dir='ltr'>ι</span> <span class='ocrx_word' id='word_1_678' title='bbox 209 2839 259 2868; x_wconf 85' lang='lat' dir='ltr'><strong>llic</strong></span> <span class='ocrx_word' id='word_1_679' title='bbox 275 2841 373 2870; x_wconf 85' lang='lat' dir='ltr'><strong>adhuc.</strong></span> <span class='ocrx_word' id='word_1_680' title='bbox 391 2852 402 2869; x_wconf 65' lang='grc' dir='ltr'>ι</span> 
     </span>
    </p>
   </div>
   <div class='ocr_carea' id='block_1_78' title="bbox 591 2121 1135 2156">
    <p class='ocr_par' dir='ltr' id='par_1_78' title="bbox 591 2121 1135 2156">
     <span class='ocr_line' id='line_1_82' title="bbox 591 2121 1135 2156; baseline 0 -7"><span class='ocrx_word' id='word_1_681' title='bbox 591 2121 614 2137; x_wconf 75' lang='grc'><strong>⁸³</strong></span> <span class='ocrx_word' id='word_1_682' title='bbox 630 2121 640 2149; x_wconf 89' lang='lat' dir='ltr'><strong>l</strong></span> <span class='ocrx_word' id='word_1_683' title='bbox 655 2121 719 2149; x_wconf 86' lang='lat' dir='ltr'><strong>Cor.</strong></span> <span class='ocrx_word' id='word_1_684' title='bbox 742 2130 792 2156; x_wconf 87' lang='lat' dir='ltr'><strong>vn,</strong></span> <span class='ocrx_word' id='word_1_685' title='bbox 805 2123 850 2150; x_wconf 68' lang='lat'><strong>25.</strong></span> <span class='ocrx_word' id='word_1_686' title='bbox 887 2122 910 2138; x_wconf 74' lang='grc'><strong>⁸⁵</strong></span> <span class='ocrx_word' id='word_1_687' title='bbox 926 2121 1016 2150; x_wconf 89' lang='lat' dir='ltr'><strong>Galat.</strong></span> <span class='ocrx_word' id='word_1_688' title='bbox 1036 2130 1076 2155; x_wconf 90' lang='lat' dir='ltr'><strong>Ill,</strong></span> <span class='ocrx_word' id='word_1_689' title='bbox 1091 2122 1135 2149; x_wconf 75' lang='lat' dir='ltr'><strong>l5.</strong></span> 
     </span>
    </p>
   </div>
   <div class='ocr_carea' id='block_1_79' title="bbox 124 2153 1483 2192">
    <p class='ocr_par' dir='ltr' id='par_1_79' title="bbox 124 2153 1483 2192">
     <span class='ocr_line' id='line_1_83' title="bbox 124 2153 1483 2192; baseline 0.003 -12"><span class='ocrx_word' id='word_1_690' title='bbox 124 2153 147 2170; x_wconf 82' lang='grc'><strong>⁸⁷</strong></span> <span class='ocrx_word' id='word_1_691' title='bbox 161 2153 172 2180; x_wconf 87' lang='grc' dir='ltr'><strong>Ι</strong></span> <span class='ocrx_word' id='word_1_692' title='bbox 185 2154 247 2182; x_wconf 89' lang='lat' dir='ltr'><strong>Cor.</strong></span> <span class='ocrx_word' id='word_1_693' title='bbox 262 2162 300 2187; x_wconf 85' lang='lat' dir='ltr'><strong>Vl,</strong></span> <span class='ocrx_word' id='word_1_694' title='bbox 317 2155 361 2182; x_wconf 82' lang='lat' dir='ltr'><strong>l9.</strong></span> <span class='ocrx_word' id='word_1_695' title='bbox 400 2155 424 2171; x_wconf 80' lang='grc'><strong>⁸⁵</strong></span> <span class='ocrx_word' id='word_1_696' title='bbox 439 2153 518 2183; x_wconf 80' lang='lat' dir='ltr'><strong>Rom.</strong></span> <span class='ocrx_word' id='word_1_697' title='bbox 534 2163 583 2190; x_wconf 87' lang='lat' dir='ltr'><strong>vn,</strong></span> <span class='ocrx_word' id='word_1_698' title='bbox 596 2157 643 2184; x_wconf 72' lang='lat'><strong>25.</strong></span> <span class='ocrx_word' id='word_1_699' title='bbox 681 2157 704 2173; x_wconf 84' lang='lat'><strong>&quot;</strong></span> <span class='ocrx_word' id='word_1_700' title='bbox 721 2153 803 2185; x_wconf 75' lang='lat' dir='ltr'><strong>Boni.</strong></span> <span class='ocrx_word' id='word_1_701' title='bbox 822 2166 871 2192; x_wconf 87' lang='lat' dir='ltr'><strong>vn,</strong></span> <span class='ocrx_word' id='word_1_702' title='bbox 885 2157 929 2185; x_wconf 78' lang='lat' dir='ltr'><strong>H.</strong></span> <span class='ocrx_word' id='word_1_703' title='bbox 966 2157 990 2174; x_wconf 82' lang='lat'><strong>’°</strong></span> <span class='ocrx_word' id='word_1_704' title='bbox 1007 2153 1088 2185; x_wconf 82' lang='lat' dir='ltr'><strong>lCor.</strong></span> <span class='ocrx_word' id='word_1_705' title='bbox 1101 2165 1141 2191; x_wconf 87' lang='lat' dir='ltr'><strong>tx,</strong></span> <span class='ocrx_word' id='word_1_706' title='bbox 1154 2157 1200 2184; x_wconf 61' lang='grc' dir='ltr'><strong>Ὠ.</strong></span> <span class='ocrx_word' id='word_1_707' title='bbox 1239 2157 1261 2174; x_wconf 84' lang='lat'><strong>&quot;</strong></span> <span class='ocrx_word' id='word_1_708' title='bbox 1277 2156 1373 2184; x_wconf 84' lang='lat' dir='ltr'><strong>Matth.</strong></span> <span class='ocrx_word' id='word_1_709' title='bbox 1397 2165 1422 2189; x_wconf 95' lang='lat' dir='ltr'><strong>v,</strong></span> <span class='ocrx_word' id='word_1_710' title='bbox 1438 2156 1483 2184; x_wconf 78' lang='lat'><strong>57.</strong></span> 
     </span>
    </p>
   </div>
   <div class='ocr_carea' id='block_1_80' title="bbox 816 905 1609 939">
    <p class='ocr_par' dir='ltr' id='par_1_80' title="bbox 816 905 1609 939">
     <span class='ocr_line' id='line_1_84' title="bbox 816 905 1609 939; baseline 0 -7"><span class='ocrx_word' id='word_1_711' title='bbox 816 912 943 939; x_wconf 67' lang='lat' dir='ltr'><strong>operor,»</strong></span> <span class='ocrx_word' id='word_1_712' title='bbox 959 912 1012 931; x_wconf 88' lang='lat' dir='ltr'><strong>non</strong></span> <span class='ocrx_word' id='word_1_713' title='bbox 1031 908 1120 931; x_wconf 88' lang='lat' dir='ltr'><strong>tamen</strong></span> <span class='ocrx_word' id='word_1_714' title='bbox 1139 912 1194 931; x_wconf 89' lang='lat' dir='ltr'><strong>rem</strong></span> <span class='ocrx_word' id='word_1_715' title='bbox 1207 905 1294 938; x_wconf 89' lang='lat' dir='ltr'><strong>ipsam</strong></span> <span class='ocrx_word' id='word_1_716' title='bbox 1307 912 1389 939; x_wconf 87' lang='lat' dir='ltr'><strong>quam</strong></span> <span class='ocrx_word' id='word_1_717' title='bbox 1404 909 1533 938; x_wconf 88' lang='lat' dir='ltr'><strong>operatur</strong></span> <span class='ocrx_word' id='word_1_718' title='bbox 1547 905 1609 939; x_wconf 88' lang='lat' dir='ltr'><strong>quis</strong></span> 
     </span>
    </p>
   </div>
   <div class='ocr_carea' id='block_1_81' title="bbox 816 949 1610 985">
    <p class='ocr_par' dir='ltr' id='par_1_81' title="bbox 816 949 1610 985">
     <span class='ocr_line' id='line_1_85' title="bbox 816 949 1610 985; baseline 0.001 -9"><span class='ocrx_word' id='word_1_719' title='bbox 816 950 934 985; x_wconf 84' lang='lat' dir='ltr'><strong>ignorat,</strong></span> <span class='ocrx_word' id='word_1_720' title='bbox 946 949 1009 976; x_wconf 89' lang='lat' dir='ltr'><strong>licet</strong></span> <span class='ocrx_word' id='word_1_721' title='bbox 1024 949 1142 976; x_wconf 86' lang='lat' dir='ltr'><strong>carnalis</strong></span> <span class='ocrx_word' id='word_1_722' title='bbox 1155 949 1200 980; x_wconf 87' lang='lat' dir='ltr'><strong>sit,</strong></span> <span class='ocrx_word' id='word_1_723' title='bbox 1218 950 1265 976; x_wconf 85' lang='lat' dir='ltr'><strong>sed</strong></span> <span class='ocrx_word' id='word_1_724' title='bbox 1278 957 1387 977; x_wconf 86' lang='lat' dir='ltr'><strong>causam</strong></span> <span class='ocrx_word' id='word_1_725' title='bbox 1404 949 1443 976; x_wconf 88' lang='lat' dir='ltr'><strong>rei</strong></span> <span class='ocrx_word' id='word_1_726' title='bbox 1458 958 1539 984; x_wconf 90' lang='lat' dir='ltr'><strong>quam</strong></span> <span class='ocrx_word' id='word_1_727' title='bbox 1553 950 1610 984; x_wconf 81' lang='lat' dir='ltr'><strong>agit</strong></span> 
     </span>
    </p>
   </div>
   <div class='ocr_carea' id='block_1_82' title="bbox 816 994 1608 1030">
    <p class='ocr_par' dir='ltr' id='par_1_82' title="bbox 816 994 1608 1030">
     <span class='ocr_line' id='line_1_86' title="bbox 816 994 1608 1030; baseline -0.001 -7"><span class='ocrx_word' id='word_1_728' title='bbox 816 996 918 1023; x_wconf 87' lang='lat' dir='ltr'><strong>dicitur</strong></span> <span class='ocrx_word' id='word_1_729' title='bbox 940 995 1067 1030; x_wconf 86' lang='lat' dir='ltr'><strong>ignorare</strong></span> <span class='ocrx_word' id='word_1_730' title='bbox 1080 994 1148 1029; x_wconf 74' lang='lat'><strong>(9.7).</strong></span> <span class='ocrx_word' id='word_1_731' title='bbox 1169 995 1245 1028; x_wconf 88' lang='lat' dir='ltr'><strong>Quod</strong></span> <span class='ocrx_word' id='word_1_732' title='bbox 1263 1002 1328 1022; x_wconf 89' lang='lat' dir='ltr'><strong>vero</strong></span> <span class='ocrx_word' id='word_1_733' title='bbox 1347 995 1413 1022; x_wconf 90' lang='lat' dir='ltr'><strong>dicit</strong></span> <span class='ocrx_word' id='word_1_734' title='bbox 1431 995 1498 1030; x_wconf 77' lang='lat'><strong>(28),</strong></span> <span class='ocrx_word' id='word_1_735' title='bbox 1520 1004 1529 1021; x_wconf 75' lang='grc' dir='ltr'><strong><em>ι</em></strong></span> <span class='ocrx_word' id='word_1_736' title='bbox 1550 994 1608 1022; x_wconf 85' lang='lat' dir='ltr'><strong>Non</strong></span> 
     </span>
    </p>
   </div>
   <div class='ocr_carea' id='block_1_83' title="bbox 814 1041 1607 1076">
    <p class='ocr_par' dir='ltr' id='par_1_83' title="bbox 814 1041 1607 1076">
     <span class='ocr_line' id='line_1_87' title="bbox 814 1041 1607 1076; baseline -0.001 -7"><span class='ocrx_word' id='word_1_737' title='bbox 814 1042 886 1069; x_wconf 89' lang='lat' dir='ltr'><strong>enim</strong></span> <span class='ocrx_word' id='word_1_738' title='bbox 904 1042 976 1076; x_wconf 90' lang='lat' dir='ltr'><strong>quod</strong></span> <span class='ocrx_word' id='word_1_739' title='bbox 993 1041 1054 1068; x_wconf 86' lang='lat' dir='ltr'><strong>volo</strong></span> <span class='ocrx_word' id='word_1_740' title='bbox 1068 1049 1135 1075; x_wconf 80' lang='lat' dir='ltr'><strong>ago;</strong></span> <span class='ocrx_word' id='word_1_741' title='bbox 1163 1041 1212 1068; x_wconf 88' lang='lat' dir='ltr'><strong>sed</strong></span> <span class='ocrx_word' id='word_1_742' title='bbox 1235 1041 1307 1076; x_wconf 86' lang='lat' dir='ltr'><strong>quod</strong></span> <span class='ocrx_word' id='word_1_743' title='bbox 1322 1041 1383 1073; x_wconf 89' lang='lat' dir='ltr'><strong>odi,</strong></span> <span class='ocrx_word' id='word_1_744' title='bbox 1404 1042 1468 1068; x_wconf 83' lang='lat' dir='ltr'><strong>illud</strong></span> <span class='ocrx_word' id='word_1_745' title='bbox 1487 1041 1574 1075; x_wconf 77' lang='lat' dir='ltr'><strong>facio,</strong></span> <span class='ocrx_word' id='word_1_746' title='bbox 1596 1050 1607 1068; x_wconf 80' lang='grc' dir='ltr'>ι</span> 
     </span>
    </p>
   </div>
   <div class='ocr_carea' id='block_1_84' title="bbox 815 1087 1610 1122">
    <p class='ocr_par' dir='ltr' id='par_1_84' title="bbox 815 1087 1610 1122">
     <span class='ocr_line' id='line_1_88' title="bbox 815 1087 1610 1122; baseline -0.001 -6"><span class='ocrx_word' id='word_1_747' title='bbox 815 1089 938 1116; x_wconf 87' lang='lat' dir='ltr'><strong>ostendit</strong></span> <span class='ocrx_word' id='word_1_748' title='bbox 955 1088 1028 1122; x_wconf 91' lang='lat' dir='ltr'><strong>quod</strong></span> <span class='ocrx_word' id='word_1_749' title='bbox 1044 1087 1110 1114; x_wconf 89' lang='lat' dir='ltr'><strong>licet</strong></span> <span class='ocrx_word' id='word_1_750' title='bbox 1123 1088 1244 1115; x_wconf 86' lang='lat' dir='ltr'><strong>carnalis</strong></span> <span class='ocrx_word' id='word_1_751' title='bbox 1259 1087 1305 1119; x_wconf 91' lang='lat' dir='ltr'><strong>sit,</strong></span> <span class='ocrx_word' id='word_1_752' title='bbox 1327 1092 1356 1114; x_wconf 89' lang='lat' dir='ltr'><strong>et</strong></span> <span class='ocrx_word' id='word_1_753' title='bbox 1369 1087 1420 1115; x_wconf 90' lang='lat' dir='ltr'><strong>sub</strong></span> <span class='ocrx_word' id='word_1_754' title='bbox 1434 1092 1547 1122; x_wconf 91' lang='lat' dir='ltr'><strong>peccato</strong></span> <span class='ocrx_word' id='word_1_755' title='bbox 1564 1095 1610 1115; x_wconf 79' lang='lat' dir='ltr'><strong>ve-</strong></span> 
     </span>
    </p>
   </div>
   <div class='ocr_carea' id='block_1_85' title="bbox 815 1133 1609 1168">
    <p class='ocr_par' dir='ltr' id='par_1_85' title="bbox 815 1133 1609 1168">
     <span class='ocr_line' id='line_1_89' title="bbox 815 1133 1609 1168; baseline -0.001 -7"><span class='ocrx_word' id='word_1_756' title='bbox 815 1134 953 1161; x_wconf 84' lang='lat' dir='ltr'><strong>nundatus</strong></span> <span class='ocrx_word' id='word_1_757' title='bbox 966 1134 1012 1168; x_wconf 91' lang='lat' dir='ltr'><strong>qui</strong></span> <span class='ocrx_word' id='word_1_758' title='bbox 1031 1133 1088 1160; x_wconf 62' lang='lat' dir='ltr'><strong>haec</strong></span> <span class='ocrx_word' id='word_1_759' title='bbox 1105 1133 1240 1168; x_wconf 84' lang='lat' dir='ltr'><strong>loquitur,</strong></span> <span class='ocrx_word' id='word_1_760' title='bbox 1266 1137 1355 1160; x_wconf 89' lang='lat' dir='ltr'><strong>tamen</strong></span> <span class='ocrx_word' id='word_1_761' title='bbox 1377 1133 1460 1160; x_wconf 88' lang='lat' dir='ltr'><strong>etiam</strong></span> <span class='ocrx_word' id='word_1_762' title='bbox 1480 1133 1609 1160; x_wconf 88' lang='lat' dir='ltr'><strong>resistere</strong></span> 
     </span>
    </p>
   </div>
   <div class='ocr_carea' id='block_1_86' title="bbox 814 1178 1609 1216">
    <p class='ocr_par' dir='ltr' id='par_1_86' title="bbox 814 1178 1609 1216">
     <span class='ocr_line' id='line_1_90' title="bbox 814 1178 1609 1216; baseline -0.004 -8"><span class='ocrx_word' id='word_1_763' title='bbox 814 1180 1013 1216; x_wconf 85' lang='lat' dir='ltr'><strong>aliquantulum</strong></span> <span class='ocrx_word' id='word_1_764' title='bbox 1028 1179 1102 1207; x_wconf 88' lang='lat' dir='ltr'><strong>vitiis</strong></span> <span class='ocrx_word' id='word_1_765' title='bbox 1114 1184 1229 1206; x_wconf 88' lang='lat' dir='ltr'><strong>conetur</strong></span> <span class='ocrx_word' id='word_1_766' title='bbox 1240 1199 1247 1211; x_wconf 87' lang='lat'><strong>,</strong></span> <span class='ocrx_word' id='word_1_767' title='bbox 1266 1179 1334 1214; x_wconf 85' lang='lat' dir='ltr'><strong>legis</strong></span> <span class='ocrx_word' id='word_1_768' title='bbox 1351 1179 1456 1206; x_wconf 85' lang='lat' dir='ltr'><strong>scilicet</strong></span> <span class='ocrx_word' id='word_1_769' title='bbox 1475 1178 1609 1206; x_wconf 87' lang='lat' dir='ltr'><strong>naturalis</strong></span> 
     </span>
    </p>
   </div>
   <div class='ocr_carea' id='block_1_87' title="bbox 815 1225 1609 1261">
    <p class='ocr_par' dir='ltr' id='par_1_87' title="bbox 815 1225 1609 1261">
     <span class='ocr_line' id='line_1_91' title="bbox 815 1225 1609 1261; baseline -0.003 -7"><span class='ocrx_word' id='word_1_770' title='bbox 815 1227 961 1260; x_wconf 90' lang='lat' dir='ltr'><strong>instinctu,</strong></span> <span class='ocrx_word' id='word_1_771' title='bbox 976 1227 1024 1254; x_wconf 90' lang='lat' dir='ltr'><strong>sed</strong></span> <span class='ocrx_word' id='word_1_772' title='bbox 1040 1227 1165 1254; x_wconf 89' lang='lat' dir='ltr'><strong>vincatur</strong></span> <span class='ocrx_word' id='word_1_773' title='bbox 1179 1234 1194 1254; x_wconf 88' lang='lat' dir='ltr'><strong>a</strong></span> <span class='ocrx_word' id='word_1_774' title='bbox 1215 1226 1289 1255; x_wconf 88' lang='lat' dir='ltr'><strong>vitiis</strong></span> <span class='ocrx_word' id='word_1_775' title='bbox 1305 1230 1333 1253; x_wconf 89' lang='lat' dir='ltr'><strong>et</strong></span> <span class='ocrx_word' id='word_1_776' title='bbox 1346 1226 1519 1261; x_wconf 87' lang='lat' dir='ltr'><strong>opprimatur</strong></span> <span class='ocrx_word' id='word_1_777' title='bbox 1535 1225 1609 1253; x_wconf 91' lang='lat' dir='ltr'><strong>invi-</strong></span> 
     </span>
    </p>
   </div>
   <div class='ocr_carea' id='block_1_88' title="bbox 815 1272 1608 1308">
    <p class='ocr_par' dir='ltr' id='par_1_88' title="bbox 815 1272 1608 1308">
     <span class='ocr_line' id='line_1_92' title="bbox 815 1272 1608 1308; baseline 0 -9"><span class='ocrx_word' id='word_1_778' title='bbox 815 1278 860 1300; x_wconf 89' lang='lat' dir='ltr'><strong>tus</strong></span> <span class='ocrx_word' id='word_1_779' title='bbox 872 1273 928 1308; x_wconf 72' lang='lat'><strong>(29)</strong></span> <span class='ocrx_word' id='word_1_780' title='bbox 945 1282 952 1300; x_wconf 89' lang='lat'><strong>:</strong></span> <span class='ocrx_word' id='word_1_781' title='bbox 971 1277 1001 1300; x_wconf 94' lang='lat' dir='ltr'><strong>ut</strong></span> <span class='ocrx_word' id='word_1_782' title='bbox 1016 1280 1087 1308; x_wconf 76' lang='lat' dir='ltr'><strong>sa-pe</strong></span> <span class='ocrx_word' id='word_1_783' title='bbox 1109 1272 1211 1300; x_wconf 86' lang='lat' dir='ltr'><strong>accidit</strong></span> <span class='ocrx_word' id='word_1_784' title='bbox 1234 1273 1321 1308; x_wconf 83' lang='lat' dir='ltr'><strong>(verbi</strong></span> <span class='ocrx_word' id='word_1_785' title='bbox 1339 1273 1440 1308; x_wconf 86' lang='lat' dir='ltr'><strong>gratia)</strong></span> <span class='ocrx_word' id='word_1_786' title='bbox 1458 1280 1521 1300; x_wconf 91' lang='lat' dir='ltr'><strong>cum</strong></span> <span class='ocrx_word' id='word_1_787' title='bbox 1542 1280 1608 1307; x_wconf 81' lang='lat' dir='ltr'><strong>pro-</strong></span> 
     </span>
    </p>
   </div>
   <div class='ocr_carea' id='block_1_89' title="bbox 814 1318 1609 1354">
    <p class='ocr_par' dir='ltr' id='par_1_89' title="bbox 814 1318 1609 1354">
     <span class='ocr_line' id='line_1_93' title="bbox 814 1318 1609 1354; baseline -0.001 -8"><span class='ocrx_word' id='word_1_788' title='bbox 814 1320 890 1354; x_wconf 87' lang='lat' dir='ltr'><strong>ponit</strong></span> <span class='ocrx_word' id='word_1_789' title='bbox 905 1319 966 1354; x_wconf 89' lang='lat' dir='ltr'><strong>quis</strong></span> <span class='ocrx_word' id='word_1_790' title='bbox 982 1319 1118 1353; x_wconf 85' lang='lat' dir='ltr'><strong>patienter</strong></span> <span class='ocrx_word' id='word_1_791' title='bbox 1133 1319 1205 1347; x_wconf 79' lang='lat' dir='ltr'><strong>ferre</strong></span> <span class='ocrx_word' id='word_1_792' title='bbox 1229 1319 1407 1354; x_wconf 87' lang='lat' dir='ltr'><strong>instigantem</strong></span> <span class='ocrx_word' id='word_1_793' title='bbox 1422 1326 1461 1350; x_wconf 86' lang='lat' dir='ltr'><strong>se,</strong></span> <span class='ocrx_word' id='word_1_794' title='bbox 1477 1323 1504 1346; x_wconf 89' lang='lat' dir='ltr'><strong>et</strong></span> <span class='ocrx_word' id='word_1_795' title='bbox 1520 1319 1554 1346; x_wconf 87' lang='lat' dir='ltr'><strong>ad</strong></span> <span class='ocrx_word' id='word_1_796' title='bbox 1567 1318 1609 1346; x_wconf 94' lang='lat' dir='ltr'><strong>ul-</strong></span> 
     </span>
    </p>
   </div>
   <div class='ocr_carea' id='block_1_90' title="bbox 814 1364 1607 1399">
    <p class='ocr_par' dir='ltr' id='par_1_90' title="bbox 814 1364 1607 1399">
     <span class='ocr_line' id='line_1_94' title="bbox 814 1364 1607 1399; baseline 0 -8"><span class='ocrx_word' id='word_1_797' title='bbox 814 1364 909 1392; x_wconf 88' lang='lat' dir='ltr'><strong>titnutn</strong></span> <span class='ocrx_word' id='word_1_798' title='bbox 924 1365 1044 1392; x_wconf 86' lang='lat' dir='ltr'><strong>vincitur</strong></span> <span class='ocrx_word' id='word_1_799' title='bbox 1060 1365 1201 1392; x_wconf 89' lang='lat' dir='ltr'><strong>iracuttdia</strong></span> <span class='ocrx_word' id='word_1_800' title='bbox 1214 1385 1222 1398; x_wconf 87' lang='lat'><strong>,</strong></span> <span class='ocrx_word' id='word_1_801' title='bbox 1247 1369 1275 1392; x_wconf 89' lang='lat' dir='ltr'><strong>et</strong></span> <span class='ocrx_word' id='word_1_802' title='bbox 1289 1364 1393 1399; x_wconf 90' lang='lat' dir='ltr'><strong>patitur</strong></span> <span class='ocrx_word' id='word_1_803' title='bbox 1412 1364 1464 1392; x_wconf 92' lang='lat' dir='ltr'><strong>hoc</strong></span> <span class='ocrx_word' id='word_1_804' title='bbox 1481 1364 1581 1391; x_wconf 82' lang='lat' dir='ltr'><strong>invitus</strong></span> <span class='ocrx_word' id='word_1_805' title='bbox 1598 1371 1607 1391; x_wconf 90' lang='lat'><strong>:</strong></span> 
     </span>
    </p>
   </div>
   <div class='ocr_carea' id='block_1_91' title="bbox 815 1409 1607 1446">
    <p class='ocr_par' dir='ltr' id='par_1_91' title="bbox 815 1409 1607 1446">
     <span class='ocr_line' id='line_1_95' title="bbox 815 1409 1607 1446; baseline -0.003 -8"><span class='ocrx_word' id='word_1_806' title='bbox 815 1410 942 1438; x_wconf 84' lang='lat' dir='ltr'><strong>irascitur</strong></span> <span class='ocrx_word' id='word_1_807' title='bbox 965 1418 1033 1446; x_wconf 86' lang='lat' dir='ltr'><strong>ergo</strong></span> <span class='ocrx_word' id='word_1_808' title='bbox 1056 1411 1139 1438; x_wconf 86' lang='lat' dir='ltr'><strong>etiam</strong></span> <span class='ocrx_word' id='word_1_809' title='bbox 1158 1418 1220 1438; x_wconf 89' lang='lat' dir='ltr'><strong>cum</strong></span> <span class='ocrx_word' id='word_1_810' title='bbox 1246 1410 1313 1437; x_wconf 86' lang='lat' dir='ltr'><strong>nolit</strong></span> <span class='ocrx_word' id='word_1_811' title='bbox 1340 1410 1433 1437; x_wconf 85' lang='lat' dir='ltr'><strong>irasci.</strong></span> <span class='ocrx_word' id='word_1_812' title='bbox 1466 1409 1607 1436; x_wconf 87' lang='lat' dir='ltr'><strong>llocidetn</strong></span> 
     </span>
    </p>
   </div>
   <div class='ocr_carea' id='block_1_92' title="bbox 814 1455 1609 1489">
    <p class='ocr_par' dir='ltr' id='par_1_92' title="bbox 814 1455 1609 1489">
     <span class='ocr_line' id='line_1_96' title="bbox 814 1455 1609 1489; baseline -0.004 -4"><span class='ocrx_word' id='word_1_813' title='bbox 814 1457 896 1485; x_wconf 88' lang='lat' dir='ltr'><strong>etiam</strong></span> <span class='ocrx_word' id='word_1_814' title='bbox 913 1457 1020 1484; x_wconf 88' lang='lat' dir='ltr'><strong>timoris</strong></span> <span class='ocrx_word' id='word_1_815' title='bbox 1033 1457 1100 1485; x_wconf 90' lang='lat' dir='ltr'><strong>vitio</strong></span> <span class='ocrx_word' id='word_1_816' title='bbox 1117 1457 1246 1484; x_wconf 81' lang='lat' dir='ltr'><strong>accidere</strong></span> <span class='ocrx_word' id='word_1_817' title='bbox 1261 1456 1342 1489; x_wconf 85' lang='lat' dir='ltr'><strong>solet,</strong></span> <span class='ocrx_word' id='word_1_818' title='bbox 1360 1460 1390 1483; x_wconf 88' lang='lat' dir='ltr'><strong>ut</strong></span> <span class='ocrx_word' id='word_1_819' title='bbox 1403 1460 1497 1483; x_wconf 86' lang='lat' dir='ltr'><strong>contra</strong></span> <span class='ocrx_word' id='word_1_820' title='bbox 1514 1455 1609 1482; x_wconf 86' lang='lat' dir='ltr'><strong>volun-</strong></span> 
     </span>
    </p>
   </div>
   <div class='ocr_carea' id='block_1_93' title="bbox 816 1500 1609 1536">
    <p class='ocr_par' dir='ltr' id='par_1_93' title="bbox 816 1500 1609 1536">
     <span class='ocr_line' id='line_1_97' title="bbox 816 1500 1609 1536; baseline 0 -8"><span class='ocrx_word' id='word_1_821' title='bbox 816 1506 899 1530; x_wconf 85' lang='lat' dir='ltr'><strong>tatem</strong></span> <span class='ocrx_word' id='word_1_822' title='bbox 923 1502 986 1536; x_wconf 89' lang='lat' dir='ltr'><strong>quis</strong></span> <span class='ocrx_word' id='word_1_823' title='bbox 1007 1506 1080 1529; x_wconf 76' lang='lat' dir='ltr'><strong>metu</strong></span> <span class='ocrx_word' id='word_1_824' title='bbox 1106 1507 1135 1529; x_wconf 88' lang='lat' dir='ltr'><strong>et</strong></span> <span class='ocrx_word' id='word_1_825' title='bbox 1162 1501 1307 1528; x_wconf 77' lang='lat' dir='ltr'><strong>formidine</strong></span> <span class='ocrx_word' id='word_1_826' title='bbox 1333 1505 1486 1533; x_wconf 88' lang='lat' dir='ltr'><strong>terreatur;</strong></span> <span class='ocrx_word' id='word_1_827' title='bbox 1504 1500 1558 1527; x_wconf 90' lang='lat' dir='ltr'><strong>hoc</strong></span> <span class='ocrx_word' id='word_1_828' title='bbox 1579 1504 1609 1528; x_wconf 82' lang='lat' dir='ltr'><strong>et</strong></span> 
     </span>
    </p>
   </div>
   <div class='ocr_carea' id='block_1_94' title="bbox 815 1546 1609 1582">
    <p class='ocr_par' dir='ltr' id='par_1_94' title="bbox 815 1546 1609 1582">
     <span class='ocr_line' id='line_1_98' title="bbox 815 1546 1609 1582; baseline 0 -8"><span class='ocrx_word' id='word_1_829' title='bbox 815 1547 842 1574; x_wconf 94' lang='lat' dir='ltr'><strong>in</strong></span> <span class='ocrx_word' id='word_1_830' title='bbox 874 1547 993 1575; x_wconf 86' lang='lat' dir='ltr'><strong>elatione</strong></span> <span class='ocrx_word' id='word_1_831' title='bbox 1026 1546 1109 1575; x_wconf 88' lang='lat' dir='ltr'><strong>subiti</strong></span> <span class='ocrx_word' id='word_1_832' title='bbox 1145 1547 1187 1575; x_wconf 91' lang='lat' dir='ltr'><strong>vel</strong></span> <span class='ocrx_word' id='word_1_833' title='bbox 1222 1547 1352 1582; x_wconf 90' lang='lat' dir='ltr'><strong>inopinati</strong></span> <span class='ocrx_word' id='word_1_834' title='bbox 1390 1546 1502 1574; x_wconf 88' lang='lat' dir='ltr'><strong>honoris</strong></span> <span class='ocrx_word' id='word_1_835' title='bbox 1536 1553 1609 1582; x_wconf 55' lang='lat' dir='ltr'><strong>saepe</strong></span> 
     </span>
    </p>
   </div>
   <div class='ocr_carea' id='block_1_95' title="bbox 812 1592 1609 1628">
    <p class='ocr_par' dir='ltr' id='par_1_95' title="bbox 812 1592 1609 1628">
     <span class='ocr_line' id='line_1_99' title="bbox 812 1592 1609 1628; baseline -0.003 -7"><span class='ocrx_word' id='word_1_836' title='bbox 812 1592 894 1628; x_wconf 75' lang='lat'><strong>585</strong></span> <span class='ocrx_word' id='word_1_837' title='bbox 906 1593 1049 1628; x_wconf 75' lang='lat' dir='ltr'><strong>contingit,</strong></span> <span class='ocrx_word' id='word_1_838' title='bbox 1067 1599 1095 1620; x_wconf 92' lang='lat' dir='ltr'><strong>ut</strong></span> <span class='ocrx_word' id='word_1_839' title='bbox 1108 1593 1280 1628; x_wconf 87' lang='lat' dir='ltr'><strong>arrogantior</strong></span> <span class='ocrx_word' id='word_1_840' title='bbox 1294 1593 1340 1620; x_wconf 85' lang='lat' dir='ltr'><strong>llat</strong></span> <span class='ocrx_word' id='word_1_841' title='bbox 1354 1592 1424 1628; x_wconf 53' lang='grc' dir='ltr'><strong>(ΞΥ)</strong></span> <span class='ocrx_word' id='word_1_842' title='bbox 1437 1597 1464 1620; x_wconf 90' lang='lat' dir='ltr'><strong>et</strong></span> <span class='ocrx_word' id='word_1_843' title='bbox 1477 1592 1609 1620; x_wconf 90' lang='lat' dir='ltr'><strong>tumidior</strong></span> 
     </span>
    </p>
   </div>
   <div class='ocr_carea' id='block_1_96' title="bbox 812 1638 1606 1675">
    <p class='ocr_par' dir='ltr' id='par_1_96' title="bbox 812 1638 1606 1675">
     <span class='ocr_line' id='line_1_100' title="bbox 812 1638 1606 1675; baseline -0.001 -9"><span class='ocrx_word' id='word_1_844' title='bbox 812 1647 895 1675; x_wconf 90' lang='lat' dir='ltr'><strong>quam</strong></span> <span class='ocrx_word' id='word_1_845' title='bbox 913 1639 980 1667; x_wconf 85' lang='lat' dir='ltr'><strong>vult.</strong></span> <span class='ocrx_word' id='word_1_846' title='bbox 1004 1640 1127 1667; x_wconf 84' lang='lat' dir='ltr'><strong>Vim-itur</strong></span> <span class='ocrx_word' id='word_1_847' title='bbox 1150 1646 1216 1675; x_wconf 87' lang='lat' dir='ltr'><strong>ergo</strong></span> <span class='ocrx_word' id='word_1_848' title='bbox 1231 1639 1258 1666; x_wconf 87' lang='lat' dir='ltr'><strong>itt</strong></span> <span class='ocrx_word' id='word_1_849' title='bbox 1281 1639 1324 1666; x_wconf 89' lang='lat' dir='ltr'><strong>his</strong></span> <span class='ocrx_word' id='word_1_850' title='bbox 1346 1638 1461 1674; x_wconf 87' lang='lat' dir='ltr'><strong>singulis</strong></span> <span class='ocrx_word' id='word_1_851' title='bbox 1474 1639 1520 1674; x_wconf 85' lang='lat' dir='ltr'><strong>qui</strong></span> <span class='ocrx_word' id='word_1_852' title='bbox 1540 1646 1606 1666; x_wconf 85' lang='lat' dir='ltr'><strong>non-</strong></span> 
     </span>
    </p>
   </div>
   <div class='ocr_carea' id='block_1_97' title="bbox 813 1684 1606 1719">
    <p class='ocr_par' dir='ltr' id='par_1_97' title="bbox 813 1684 1606 1719">
     <span class='ocr_line' id='line_1_101' title="bbox 813 1684 1606 1719; baseline -0.003 -7"><span class='ocrx_word' id='word_1_853' title='bbox 813 1686 876 1713; x_wconf 91' lang='lat' dir='ltr'><strong>dum</strong></span> <span class='ocrx_word' id='word_1_854' title='bbox 893 1685 1024 1719; x_wconf 83' lang='lat' dir='ltr'><strong>spiritalis</strong></span> <span class='ocrx_word' id='word_1_855' title='bbox 1040 1690 1092 1718; x_wconf 86' lang='lat' dir='ltr'><strong>est,</strong></span> <span class='ocrx_word' id='word_1_856' title='bbox 1109 1685 1192 1712; x_wconf 92' lang='lat' dir='ltr'><strong>etiam</strong></span> <span class='ocrx_word' id='word_1_857' title='bbox 1214 1689 1309 1712; x_wconf 89' lang='lat' dir='ltr'><strong>contra</strong></span> <span class='ocrx_word' id='word_1_858' title='bbox 1327 1685 1494 1712; x_wconf 86' lang='lat' dir='ltr'><strong>voluntatem</strong></span> <span class='ocrx_word' id='word_1_859' title='bbox 1513 1692 1522 1712; x_wconf 90' lang='lat'><strong>:</strong></span> <span class='ocrx_word' id='word_1_860' title='bbox 1542 1684 1606 1719; x_wconf 85' lang='lat' dir='ltr'><strong>quia</strong></span> 
     </span>
    </p>
   </div>
   <div class='ocr_carea' id='block_1_98' title="bbox 812 1730 1606 1761">
    <p class='ocr_par' dir='ltr' id='par_1_98' title="bbox 812 1730 1606 1761">
     <span class='ocr_line' id='line_1_102' title="bbox 812 1730 1606 1761; baseline -0.001 -3"><span class='ocrx_word' id='word_1_861' title='bbox 812 1731 940 1758; x_wconf 88' lang='lat' dir='ltr'><strong>voluntas</strong></span> <span class='ocrx_word' id='word_1_862' title='bbox 955 1731 1007 1758; x_wconf 87' lang='lat' dir='ltr'><strong>ista</strong></span> <span class='ocrx_word' id='word_1_863' title='bbox 1021 1732 1141 1758; x_wconf 90' lang='lat' dir='ltr'><strong>nondum</strong></span> <span class='ocrx_word' id='word_1_864' title='bbox 1166 1731 1202 1758; x_wconf 86' lang='lat' dir='ltr'><strong>ita</strong></span> <span class='ocrx_word' id='word_1_865' title='bbox 1219 1730 1306 1761; x_wconf 82' lang='lat' dir='ltr'><strong>fortis,</strong></span> <span class='ocrx_word' id='word_1_866' title='bbox 1321 1736 1349 1758; x_wconf 89' lang='lat' dir='ltr'><strong>et</strong></span> <span class='ocrx_word' id='word_1_867' title='bbox 1370 1731 1405 1756; x_wconf 85' lang='lat' dir='ltr'><strong>ita</strong></span> <span class='ocrx_word' id='word_1_868' title='bbox 1425 1730 1535 1757; x_wconf 85' lang='lat' dir='ltr'><strong>robusta</strong></span> <span class='ocrx_word' id='word_1_869' title='bbox 1553 1733 1606 1761; x_wconf 89' lang='lat' dir='ltr'><strong>est,</strong></span> 
     </span>
    </p>
   </div>
   <div class='ocr_carea' id='block_1_99' title="bbox 812 1776 1606 1811">
    <p class='ocr_par' dir='ltr' id='par_1_99' title="bbox 812 1776 1606 1811">
     <span class='ocr_line' id='line_1_103' title="bbox 812 1776 1606 1811; baseline -0.003 -7"><span class='ocrx_word' id='word_1_870' title='bbox 812 1781 842 1804; x_wconf 93' lang='lat' dir='ltr'><strong>ut</strong></span> <span class='ocrx_word' id='word_1_871' title='bbox 864 1776 976 1804; x_wconf 78' lang='lat' dir='ltr'><strong>deﬁniat</strong></span> <span class='ocrx_word' id='word_1_872' title='bbox 998 1776 1069 1811; x_wconf 88' lang='lat' dir='ltr'><strong>apttd</strong></span> <span class='ocrx_word' id='word_1_873' title='bbox 1092 1784 1121 1804; x_wconf 83' lang='lat' dir='ltr'><strong>se</strong></span> <span class='ocrx_word' id='word_1_874' title='bbox 1134 1784 1221 1811; x_wconf 90' lang='lat' dir='ltr'><strong>usque</strong></span> <span class='ocrx_word' id='word_1_875' title='bbox 1240 1776 1273 1803; x_wconf 89' lang='lat' dir='ltr'><strong>ad</strong></span> <span class='ocrx_word' id='word_1_876' title='bbox 1296 1780 1411 1803; x_wconf 89' lang='lat' dir='ltr'><strong>mortem</strong></span> <span class='ocrx_word' id='word_1_877' title='bbox 1429 1783 1478 1810; x_wconf 92' lang='lat' dir='ltr'><strong>pro</strong></span> <span class='ocrx_word' id='word_1_878' title='bbox 1490 1776 1606 1803; x_wconf 86' lang='lat' dir='ltr'><strong>veritate</strong></span> 
     </span>
    </p>
   </div>
   <div class='ocr_carea' id='block_1_100' title="bbox 812 1822 1604 1858">
    <p class='ocr_par' dir='ltr' id='par_1_100' title="bbox 812 1822 1604 1858">
     <span class='ocr_line' id='line_1_104' title="bbox 812 1822 1604 1858; baseline -0.003 -8"><span class='ocrx_word' id='word_1_879' title='bbox 812 1823 976 1851; x_wconf 89' lang='lat' dir='ltr'><strong>certandutn</strong></span> <span class='ocrx_word' id='word_1_880' title='bbox 989 1831 997 1856; x_wconf 84' lang='grc'>;</span> <span class='ocrx_word' id='word_1_881' title='bbox 1011 1831 1061 1850; x_wconf 90' lang='lat' dir='ltr'><strong>nec</strong></span> <span class='ocrx_word' id='word_1_882' title='bbox 1073 1823 1135 1850; x_wconf 89' lang='lat' dir='ltr'><strong>talis</strong></span> <span class='ocrx_word' id='word_1_883' title='bbox 1148 1827 1190 1850; x_wconf 89' lang='lat' dir='ltr'><strong>est</strong></span> <span class='ocrx_word' id='word_1_884' title='bbox 1200 1830 1259 1858; x_wconf 73' lang='lat' dir='ltr'><strong>qua:</strong></span> <span class='ocrx_word' id='word_1_885' title='bbox 1273 1822 1356 1853; x_wconf 86' lang='lat' dir='ltr'><strong>dicat,</strong></span> <span class='ocrx_word' id='word_1_886' title='bbox 1371 1831 1380 1848; x_wconf 76' lang='grc' dir='ltr'><strong><em>ι</em></strong></span> <span class='ocrx_word' id='word_1_887' title='bbox 1394 1822 1452 1854; x_wconf 84' lang='lat' dir='ltr'><strong>Est,</strong></span> <span class='ocrx_word' id='word_1_888' title='bbox 1464 1826 1506 1849; x_wconf 89' lang='lat' dir='ltr'><strong>est</strong></span> <span class='ocrx_word' id='word_1_889' title='bbox 1518 1830 1526 1855; x_wconf 88' lang='lat'><strong>;</strong></span> <span class='ocrx_word' id='word_1_890' title='bbox 1539 1829 1604 1854; x_wconf 87' lang='lat' dir='ltr'><strong>non,</strong></span> 
     </span>
    </p>
   </div>
   <div class='ocr_carea' id='block_1_101' title="bbox 812 1867 1603 1903">
    <p class='ocr_par' dir='ltr' id='par_1_101' title="bbox 812 1867 1603 1903">
     <span class='ocr_line' id='line_1_105' title="bbox 812 1867 1603 1903; baseline -0.004 -7"><span class='ocrx_word' id='word_1_891' title='bbox 812 1877 865 1897; x_wconf 90' lang='lat' dir='ltr'><strong>non</strong></span> <span class='ocrx_word' id='word_1_892' title='bbox 878 1869 901 1885; x_wconf 84' lang='lat'><strong><em>&quot;</em></strong></span> <span class='ocrx_word' id='word_1_893' title='bbox 919 1877 926 1901; x_wconf 84' lang='lat'><strong>;</strong></span> <span class='ocrx_word' id='word_1_894' title='bbox 945 1877 954 1895; x_wconf 71' lang='grc' dir='ltr'><strong><em>ι</em></strong></span> <span class='ocrx_word' id='word_1_895' title='bbox 968 1873 995 1895; x_wconf 90' lang='lat' dir='ltr'><strong>ct</strong></span> <span class='ocrx_word' id='word_1_896' title='bbox 1014 1869 1074 1896; x_wconf 85' lang='lat' dir='ltr'><strong>ideo</strong></span> <span class='ocrx_word' id='word_1_897' title='bbox 1090 1876 1142 1896; x_wconf 92' lang='lat' dir='ltr'><strong>non</strong></span> <span class='ocrx_word' id='word_1_898' title='bbox 1157 1873 1247 1903; x_wconf 83' lang='lat' dir='ltr'><strong>potest</strong></span> <span class='ocrx_word' id='word_1_899' title='bbox 1267 1867 1375 1902; x_wconf 89' lang='lat' dir='ltr'><strong>operari</strong></span> <span class='ocrx_word' id='word_1_900' title='bbox 1391 1875 1451 1902; x_wconf 86' lang='lat' dir='ltr'><strong>quac</strong></span> <span class='ocrx_word' id='word_1_901' title='bbox 1471 1867 1536 1898; x_wconf 87' lang='lat' dir='ltr'><strong>vult,</strong></span> <span class='ocrx_word' id='word_1_902' title='bbox 1555 1867 1603 1894; x_wconf 91' lang='lat' dir='ltr'><strong>sed</strong></span> 
     </span>
    </p>
   </div>
   <div class='ocr_carea' id='block_1_102' title="bbox 812 1913 1605 1950">
    <p class='ocr_par' dir='ltr' id='par_1_102' title="bbox 812 1913 1605 1950">
     <span class='ocr_line' id='line_1_106' title="bbox 812 1913 1605 1950; baseline -0.004 -8"><span class='ocrx_word' id='word_1_903' title='bbox 812 1923 873 1950; x_wconf 68' lang='lat' dir='ltr'><strong>qua:</strong></span> <span class='ocrx_word' id='word_1_904' title='bbox 884 1923 938 1942; x_wconf 91' lang='lat' dir='ltr'><strong>non</strong></span> <span class='ocrx_word' id='word_1_905' title='bbox 956 1915 1022 1942; x_wconf 91' lang='lat' dir='ltr'><strong>vult.</strong></span> <span class='ocrx_word' id='word_1_906' title='bbox 1041 1914 1142 1941; x_wconf 81' lang='lat' dir='ltr'><strong>Tamen</strong></span> <span class='ocrx_word' id='word_1_907' title='bbox 1157 1922 1190 1941; x_wconf 80' lang='lat' dir='ltr'><strong>ex</strong></span> <span class='ocrx_word' id='word_1_908' title='bbox 1206 1921 1236 1941; x_wconf 80' lang='lat' dir='ltr'><strong>ea</strong></span> <span class='ocrx_word' id='word_1_909' title='bbox 1251 1918 1328 1949; x_wconf 75' lang='lat' dir='ltr'><strong>parte</strong></span> <span class='ocrx_word' id='word_1_910' title='bbox 1340 1921 1395 1948; x_wconf 89' lang='lat' dir='ltr'><strong>qua</strong></span> <span class='ocrx_word' id='word_1_911' title='bbox 1409 1921 1461 1941; x_wconf 88' lang='lat' dir='ltr'><strong>non</strong></span> <span class='ocrx_word' id='word_1_912' title='bbox 1475 1913 1533 1940; x_wconf 87' lang='lat' dir='ltr'><strong>vult</strong></span> <span class='ocrx_word' id='word_1_913' title='bbox 1548 1921 1605 1939; x_wconf 84' lang='lat' dir='ltr'><strong>rna-</strong></span> 
     </span>
    </p>
   </div>
   <div class='ocr_carea' id='block_1_103' title="bbox 811 1959 1605 1994">
    <p class='ocr_par' dir='ltr' id='par_1_103' title="bbox 811 1959 1605 1994">
     <span class='ocr_line' id='line_1_107' title="bbox 811 1959 1605 1994; baseline -0.003 -7"><span class='ocrx_word' id='word_1_914' title='bbox 811 1961 878 1994; x_wconf 87' lang='lat' dir='ltr'><strong>lum,</strong></span> <span class='ocrx_word' id='word_1_915' title='bbox 889 1960 1024 1988; x_wconf 84' lang='lat' dir='ltr'><strong>consentit</strong></span> <span class='ocrx_word' id='word_1_916' title='bbox 1041 1960 1092 1994; x_wconf 80' lang='lat' dir='ltr'><strong>legi</strong></span> <span class='ocrx_word' id='word_1_917' title='bbox 1114 1959 1159 1987; x_wconf 85' lang='lat' dir='ltr'><strong>Dei</strong></span> <span class='ocrx_word' id='word_1_918' title='bbox 1177 1960 1239 1994; x_wconf 83' lang='lat' dir='ltr'><strong>quia</strong></span> <span class='ocrx_word' id='word_1_919' title='bbox 1255 1960 1324 1987; x_wconf 89' lang='lat' dir='ltr'><strong>bona</strong></span> <span class='ocrx_word' id='word_1_920' title='bbox 1340 1964 1392 1990; x_wconf 88' lang='lat' dir='ltr'><strong>est.</strong></span> <span class='ocrx_word' id='word_1_921' title='bbox 1407 1967 1467 1994; x_wconf 76' lang='lat' dir='ltr'><strong>qua:</strong></span> <span class='ocrx_word' id='word_1_922' title='bbox 1479 1959 1605 1994; x_wconf 88' lang='lat' dir='ltr'><strong>prohibet</strong></span> 
     </span>
    </p>
   </div>
   <div class='ocr_carea' id='block_1_104' title="bbox 812 2004 1602 2040">
    <p class='ocr_par' dir='ltr' id='par_1_104' title="bbox 812 2004 1602 2040">
     <span class='ocr_line' id='line_1_108' title="bbox 812 2004 1602 2040; baseline -0.004 -6"><span class='ocrx_word' id='word_1_923' title='bbox 812 2007 913 2034; x_wconf 89' lang='lat' dir='ltr'><strong>malum</strong></span> <span class='ocrx_word' id='word_1_924' title='bbox 926 2015 933 2039; x_wconf 86' lang='lat'><strong>;</strong></span> <span class='ocrx_word' id='word_1_925' title='bbox 950 2007 1014 2034; x_wconf 87' lang='lat' dir='ltr'><strong>etin</strong></span> <span class='ocrx_word' id='word_1_926' title='bbox 1027 2006 1230 2033; x_wconf 84' lang='lat' dir='ltr'><strong>consonantiam</strong></span> <span class='ocrx_word' id='word_1_927' title='bbox 1245 2006 1390 2040; x_wconf 79' lang='lat' dir='ltr'><strong>quamdam</strong></span> <span class='ocrx_word' id='word_1_928' title='bbox 1408 2005 1442 2033; x_wconf 80' lang='lat' dir='ltr'><strong>ad</strong></span> <span class='ocrx_word' id='word_1_929' title='bbox 1458 2005 1545 2040; x_wconf 73' lang='lat' dir='ltr'><strong>legem</strong></span> <span class='ocrx_word' id='word_1_930' title='bbox 1557 2004 1602 2031; x_wconf 88' lang='lat' dir='ltr'><strong>Dei</strong></span> 
     </span>
    </p>
   </div>
   <div class='ocr_carea' id='block_1_105' title="bbox 812 2051 1604 2088">
    <p class='ocr_par' dir='ltr' id='par_1_105' title="bbox 812 2051 1604 2088">
     <span class='ocr_line' id='line_1_109' title="bbox 812 2051 1604 2088; baseline -0.004 -8"><span class='ocrx_word' id='word_1_931' title='bbox 812 2052 856 2081; x_wconf 91' lang='lat' dir='ltr'><strong>lex</strong></span> <span class='ocrx_word' id='word_1_932' title='bbox 870 2052 1003 2080; x_wconf 86' lang='lat' dir='ltr'><strong>naturalis</strong></span> <span class='ocrx_word' id='word_1_933' title='bbox 1015 2052 1161 2080; x_wconf 87' lang='lat' dir='ltr'><strong>adducitur</strong></span> <span class='ocrx_word' id='word_1_934' title='bbox 1175 2051 1242 2088; x_wconf 73' lang='lat'><strong>(30),</strong></span> <span class='ocrx_word' id='word_1_935' title='bbox 1259 2056 1289 2080; x_wconf 91' lang='lat' dir='ltr'><strong>ut</strong></span> <span class='ocrx_word' id='word_1_936' title='bbox 1302 2052 1396 2080; x_wconf 86' lang='lat' dir='ltr'><strong>eadem</strong></span> <span class='ocrx_word' id='word_1_937' title='bbox 1410 2051 1505 2084; x_wconf 91' lang='lat' dir='ltr'><strong>velint,</strong></span> <span class='ocrx_word' id='word_1_938' title='bbox 1518 2054 1604 2085; x_wconf 84' lang='lat' dir='ltr'><strong>atque</strong></span> 
     </span>
    </p>
   </div>
   <div class='ocr_carea' id='block_1_106' title="bbox 1180 2120 1602 2153">
    <p class='ocr_par' dir='ltr' id='par_1_106' title="bbox 1180 2120 1602 2153">
     <span class='ocr_line' id='line_1_110' title="bbox 1180 2120 1602 2153; baseline 0 -4"><span class='ocrx_word' id='word_1_939' title='bbox 1180 2121 1204 2138; x_wconf 81' lang='lat'><strong>&quot;</strong></span> <span class='ocrx_word' id='word_1_940' title='bbox 1224 2121 1311 2149; x_wconf 84' lang='lat' dir='ltr'><strong>Galat.</strong></span> <span class='ocrx_word' id='word_1_941' title='bbox 1337 2129 1372 2153; x_wconf 91' lang='lat' dir='ltr'><strong>tt,</strong></span> <span class='ocrx_word' id='word_1_942' title='bbox 1388 2120 1433 2148; x_wconf 74' lang='lat'><strong>20.</strong></span> <span class='ocrx_word' id='word_1_943' title='bbox 1481 2120 1504 2137; x_wconf 73' lang='grc'>⁸⁸</span> <span class='ocrx_word' id='word_1_944' title='bbox 1521 2120 1602 2149; x_wconf 79' lang='lat' dir='ltr'><strong>Rom.</strong></span> 
     </span>
    </p>
   </div>
   <div class='ocr_carea' id='block_1_107' title="bbox 861 2211 1600 2247">
    <p class='ocr_par' dir='ltr' id='par_1_107' title="bbox 861 2211 1600 2247">
     <span class='ocr_line' id='line_1_111' title="bbox 861 2211 1600 2247; baseline -0.001 -7"><span class='ocrx_word' id='word_1_945' title='bbox 861 2212 908 2247; x_wconf 72' lang='lat'><strong>25)</strong></span> <span class='ocrx_word' id='word_1_946' title='bbox 919 2212 982 2240; x_wconf 73' lang='lat' dir='ltr'><strong>Lez.</strong></span> <span class='ocrx_word' id='word_1_947' title='bbox 996 2212 1170 2240; x_wconf 89' lang='lat' dir='ltr'><strong>Desideratttr</strong></span> <span class='ocrx_word' id='word_1_948' title='bbox 1182 2212 1207 2239; x_wconf 93' lang='lat' dir='ltr'><strong>in</strong></span> <span class='ocrx_word' id='word_1_949' title='bbox 1219 2211 1301 2240; x_wconf 82' lang='lat' dir='ltr'><strong>editis</strong></span> <span class='ocrx_word' id='word_1_950' title='bbox 1311 2217 1337 2239; x_wconf 88' lang='lat' dir='ltr'><strong>et</strong></span> <span class='ocrx_word' id='word_1_951' title='bbox 1350 2212 1374 2238; x_wconf 93' lang='lat' dir='ltr'><strong>in</strong></span> <span class='ocrx_word' id='word_1_952' title='bbox 1389 2211 1524 2246; x_wconf 88' lang='lat' dir='ltr'><strong>plerisque</strong></span> <span class='ocrx_word' id='word_1_953' title='bbox 1535 2219 1600 2239; x_wconf 88' lang='lat' dir='ltr'><strong>mss.</strong></span> 
     </span>
    </p>
   </div>
   <div class='ocr_carea' id='block_1_108' title="bbox 859 2247 1600 2283">
    <p class='ocr_par' dir='ltr' id='par_1_108' title="bbox 859 2247 1600 2283">
     <span class='ocr_line' id='line_1_112' title="bbox 859 2247 1600 2283; baseline 0 -8"><span class='ocrx_word' id='word_1_954' title='bbox 859 2248 905 2283; x_wconf 73' lang='grc'><strong>24)</strong></span> <span class='ocrx_word' id='word_1_955' title='bbox 927 2247 972 2275; x_wconf 87' lang='lat' dir='ltr'><strong>Sic</strong></span> <span class='ocrx_word' id='word_1_956' title='bbox 986 2255 1036 2275; x_wconf 77' lang='lat' dir='ltr'><strong>nis.</strong></span> <span class='ocrx_word' id='word_1_957' title='bbox 1055 2256 1133 2274; x_wconf 80' lang='lat' dir='ltr'><strong>titius.</strong></span> <span class='ocrx_word' id='word_1_958' title='bbox 1163 2247 1237 2283; x_wconf 83' lang='lat' dir='ltr'><strong>Alias</strong></span> <span class='ocrx_word' id='word_1_959' title='bbox 1254 2255 1335 2279; x_wconf 85' lang='lat' dir='ltr'><strong>vero,</strong></span> <span class='ocrx_word' id='word_1_960' title='bbox 1352 2255 1375 2283; x_wconf 20' lang='lat' dir='ltr'><strong>ﬁt</strong></span> <span class='ocrx_word' id='word_1_961' title='bbox 1400 2255 1458 2281; x_wconf 67' lang='lat' dir='ltr'><strong>qum</strong></span> <span class='ocrx_word' id='word_1_962' title='bbox 1470 2247 1523 2283; x_wconf 27' lang='lat' dir='ltr'><strong>hisi</strong></span> <span class='ocrx_word' id='word_1_963' title='bbox 1539 2247 1600 2282; x_wconf 86' lang='lat' dir='ltr'><strong>(al.,</strong></span> 
     </span>
    </p>
   </div>
   <div class='ocr_carea' id='block_1_109' title="bbox 814 2282 1600 2318">
    <p class='ocr_par' dir='ltr' id='par_1_109' title="bbox 814 2282 1600 2318">
     <span class='ocr_line' id='line_1_113' title="bbox 814 2282 1600 2318; baseline -0.003 -8"><span class='ocrx_word' id='word_1_964' title='bbox 814 2293 823 2310; x_wconf 77' lang='grc' dir='ltr'><strong>ε</strong></span> <span class='ocrx_word' id='word_1_965' title='bbox 842 2282 902 2318; x_wconf 77' lang='lat' dir='ltr'><strong>quae</strong></span> <span class='ocrx_word' id='word_1_966' title='bbox 922 2283 948 2310; x_wconf 90' lang='lat' dir='ltr'><strong>in</strong></span> <span class='ocrx_word' id='word_1_967' title='bbox 961 2283 1038 2318; x_wconf 73' lang='lat' dir='ltr'><strong>hisr)</strong></span> <span class='ocrx_word' id='word_1_968' title='bbox 1052 2283 1096 2317; x_wconf 88' lang='lat' dir='ltr'><strong>qui</strong></span> <span class='ocrx_word' id='word_1_969' title='bbox 1115 2282 1276 2317; x_wconf 88' lang='lat' dir='ltr'><strong>spiritaliter</strong></span> <span class='ocrx_word' id='word_1_970' title='bbox 1293 2282 1455 2318; x_wconf 85' lang='lat' dir='ltr'><strong>intelligunt.</strong></span> <span class='ocrx_word' id='word_1_971' title='bbox 1477 2292 1487 2308; x_wconf 74' lang='grc' dir='ltr'><strong><em>ι</em></strong></span> <span class='ocrx_word' id='word_1_972' title='bbox 1509 2282 1600 2309; x_wconf 77' lang='lat' dir='ltr'><strong>Raba-</strong></span> 
     </span>
    </p>
   </div>
   <div class='ocr_carea' id='block_1_110' title="bbox 811 2317 1598 2353">
    <p class='ocr_par' dir='ltr' id='par_1_110' title="bbox 811 2317 1598 2353">
     <span class='ocr_line' id='line_1_114' title="bbox 811 2317 1598 2353; baseline -0.003 -8"><span class='ocrx_word' id='word_1_973' title='bbox 811 2317 874 2350; x_wconf 82' lang='lat' dir='ltr'><strong>nus,</strong></span> <span class='ocrx_word' id='word_1_974' title='bbox 897 2328 906 2344; x_wconf 83' lang='lat' dir='ltr'><strong>I</strong></span> <span class='ocrx_word' id='word_1_975' title='bbox 920 2326 982 2353; x_wconf 71' lang='lat' dir='ltr'><strong>qua:</strong></span> <span class='ocrx_word' id='word_1_976' title='bbox 997 2318 1041 2345; x_wconf 91' lang='lat' dir='ltr'><strong>hic</strong></span> <span class='ocrx_word' id='word_1_977' title='bbox 1062 2326 1076 2353; x_wconf 86' lang='lat' dir='ltr'><strong>a</strong></span> <span class='ocrx_word' id='word_1_978' title='bbox 1093 2318 1192 2353; x_wconf 89' lang='lat' dir='ltr'><strong>quibus</strong></span> <span class='ocrx_word' id='word_1_979' title='bbox 1213 2317 1375 2351; x_wconf 86' lang='lat' dir='ltr'><strong>spiritaliter</strong></span> <span class='ocrx_word' id='word_1_980' title='bbox 1400 2317 1567 2352; x_wconf 84' lang='lat' dir='ltr'><strong>intelligitur.</strong></span> <span class='ocrx_word' id='word_1_981' title='bbox 1587 2327 1598 2343; x_wconf 73' lang='grc' dir='ltr'>ι</span> 
     </span>
    </p>
   </div>
   <div class='ocr_carea' id='block_1_111' title="bbox 846 2352 1600 2389">
    <p class='ocr_par' dir='ltr' id='par_1_111' title="bbox 846 2352 1600 2389">
     <span class='ocr_line' id='line_1_115' title="bbox 846 2352 1600 2389; baseline -0.003 -8"><span class='ocrx_word' id='word_1_982' title='bbox 846 2353 904 2389; x_wconf 77' lang='grc'><strong>(25)</strong></span> <span class='ocrx_word' id='word_1_983' title='bbox 917 2352 1022 2389; x_wconf 3' lang='lat' dir='ltr'><strong>(Alias,</strong></span> <span class='ocrx_word' id='word_1_984' title='bbox 1035 2362 1044 2378; x_wconf 75' lang='grc' dir='ltr'>ι</span> <span class='ocrx_word' id='word_1_985' title='bbox 1066 2352 1108 2389; x_wconf 73' lang='lat' dir='ltr'><strong>lex</strong></span> <span class='ocrx_word' id='word_1_986' title='bbox 1126 2353 1366 2389; x_wconf 55' lang='lat' dir='ltr'><strong>litteraroccidens</strong></span> <span class='ocrx_word' id='word_1_987' title='bbox 1389 2360 1450 2379; x_wconf 87' lang='lat' dir='ltr'><strong>esse</strong></span> <span class='ocrx_word' id='word_1_988' title='bbox 1464 2360 1600 2379; x_wconf 87' lang='lat' dir='ltr'><strong>memora-</strong></span> 
     </span>
    </p>
   </div>
   <div class='ocr_carea' id='block_1_112' title="bbox 812 2387 1602 2422">
    <p class='ocr_par' dir='ltr' id='par_1_112' title="bbox 812 2387 1602 2422">
     <span class='ocr_line' id='line_1_116' title="bbox 812 2387 1602 2422; baseline -0.001 -7"><span class='ocrx_word' id='word_1_989' title='bbox 812 2387 865 2416; x_wconf 74' lang='lat' dir='ltr'><strong>tur.</strong></span> <span class='ocrx_word' id='word_1_990' title='bbox 883 2398 892 2414; x_wconf 72' lang='grc' dir='ltr'>ι</span> <span class='ocrx_word' id='word_1_991' title='bbox 907 2388 949 2415; x_wconf 86' lang='grc' dir='ltr'><strong>ΔΙ.</strong></span> <span class='ocrx_word' id='word_1_992' title='bbox 962 2408 970 2422; x_wconf 90' lang='lat'><strong>,</strong></span> <span class='ocrx_word' id='word_1_993' title='bbox 988 2397 998 2413; x_wconf 73' lang='grc' dir='ltr'>ί</span> <span class='ocrx_word' id='word_1_994' title='bbox 1016 2388 1060 2415; x_wconf 87' lang='lat' dir='ltr'><strong>lex</strong></span> <span class='ocrx_word' id='word_1_995' title='bbox 1076 2387 1174 2415; x_wconf 78' lang='lat' dir='ltr'><strong>litterae</strong></span> <span class='ocrx_word' id='word_1_996' title='bbox 1187 2393 1213 2415; x_wconf 88' lang='lat' dir='ltr'><strong>et</strong></span> <span class='ocrx_word' id='word_1_997' title='bbox 1226 2388 1268 2415; x_wconf 80' lang='lat' dir='ltr'><strong>lex</strong></span> <span class='ocrx_word' id='word_1_998' title='bbox 1283 2387 1411 2416; x_wconf 89' lang='lat' dir='ltr'><strong>occidens</strong></span> <span class='ocrx_word' id='word_1_999' title='bbox 1424 2395 1484 2415; x_wconf 86' lang='lat' dir='ltr'><strong>esse</strong></span> <span class='ocrx_word' id='word_1_1000' title='bbox 1497 2395 1602 2415; x_wconf 80' lang='lat' dir='ltr'><strong>metuo-</strong></span> 
     </span>
    </p>
   </div>
   <div class='ocr_carea' id='block_1_113' title="bbox 812 2428 927 2451">
    <p class='ocr_par' dir='ltr' id='par_1_113' title="bbox 812 2428 927 2451">
     <span class='ocr_line' id='line_1_117' title="bbox 812 2428 927 2451; baseline -0.009 -1"><span class='ocrx_word' id='word_1_1001' title='bbox 812 2428 897 2451; x_wconf 72' lang='grc' dir='ltr'><strong>ηηιιιι.</strong></span> <span class='ocrx_word' id='word_1_1002' title='bbox 918 2433 927 2449; x_wconf 75' lang='grc' dir='ltr'><strong><em>ι</em></strong></span> 
     </span>
    </p>
   </div>
   <div class='ocr_carea' id='block_1_114' title="bbox 846 2457 1599 2494">
    <p class='ocr_par' dir='ltr' id='par_1_114' title="bbox 846 2457 1599 2494">
     <span class='ocr_line' id='line_1_118' title="bbox 846 2457 1599 2494; baseline -0.001 -8"><span class='ocrx_word' id='word_1_1003' title='bbox 846 2459 902 2494; x_wconf 73' lang='grc'><strong>(26)</strong></span> <span class='ocrx_word' id='word_1_1004' title='bbox 921 2458 960 2486; x_wconf 85' lang='lat' dir='ltr'><strong>De</strong></span> <span class='ocrx_word' id='word_1_1005' title='bbox 984 2467 1020 2485; x_wconf 79' lang='lat' dir='ltr'><strong>re.</strong></span> <span class='ocrx_word' id='word_1_1006' title='bbox 1048 2457 1112 2485; x_wconf 66' lang='lat' dir='ltr'><strong>llaec</strong></span> <span class='ocrx_word' id='word_1_1007' title='bbox 1128 2458 1211 2485; x_wconf 91' lang='lat' dir='ltr'><strong>verba</strong></span> <span class='ocrx_word' id='word_1_1008' title='bbox 1235 2459 1335 2486; x_wconf 89' lang='lat' dir='ltr'><strong>desunt</strong></span> <span class='ocrx_word' id='word_1_1009' title='bbox 1361 2457 1388 2485; x_wconf 91' lang='lat' dir='ltr'><strong>in</strong></span> <span class='ocrx_word' id='word_1_1010' title='bbox 1413 2457 1492 2486; x_wconf 88' lang='lat' dir='ltr'><strong>libris</strong></span> <span class='ocrx_word' id='word_1_1011' title='bbox 1518 2462 1599 2486; x_wconf 79' lang='lat' dir='ltr'><strong>antea</strong></span> 
     </span>
    </p>
   </div>
   <div class='ocr_carea' id='block_1_115' title="bbox 809 2494 900 2521">
    <p class='ocr_par' dir='ltr' id='par_1_115' title="bbox 809 2494 900 2521">
     <span class='ocr_line' id='line_1_119' title="bbox 809 2494 900 2521; baseline 0 0"><span class='ocrx_word' id='word_1_1012' title='bbox 809 2494 900 2521; x_wconf 85' lang='lat' dir='ltr'><strong>editis.</strong></span> 
     </span>
    </p>
   </div>
   <div class='ocr_carea' id='block_1_116' title="bbox 845 2527 1598 2564">
    <p class='ocr_par' dir='ltr' id='par_1_116' title="bbox 845 2527 1598 2564">
     <span class='ocr_line' id='line_1_120' title="bbox 845 2527 1598 2564; baseline -0.003 -8"><span class='ocrx_word' id='word_1_1013' title='bbox 845 2528 903 2564; x_wconf 77' lang='lat'><strong>(27)</strong></span> <span class='ocrx_word' id='word_1_1014' title='bbox 922 2528 986 2556; x_wconf 83' lang='lat' dir='ltr'><strong>Mss.</strong></span> <span class='ocrx_word' id='word_1_1015' title='bbox 1008 2529 1065 2556; x_wconf 81' lang='lat' dir='ltr'><strong>fere</strong></span> <span class='ocrx_word' id='word_1_1016' title='bbox 1082 2535 1177 2556; x_wconf 90' lang='lat' dir='ltr'><strong>omnes</strong></span> <span class='ocrx_word' id='word_1_1017' title='bbox 1188 2549 1196 2561; x_wconf 91' lang='lat'><strong>,</strong></span> <span class='ocrx_word' id='word_1_1018' title='bbox 1212 2527 1340 2555; x_wconf 85' lang='lat' dir='ltr'><strong>Rabanus</strong></span> <span class='ocrx_word' id='word_1_1019' title='bbox 1355 2531 1383 2555; x_wconf 89' lang='lat' dir='ltr'><strong>et</strong></span> <span class='ocrx_word' id='word_1_1020' title='bbox 1404 2528 1469 2556; x_wconf 90' lang='lat' dir='ltr'><strong>editi</strong></span> <span class='ocrx_word' id='word_1_1021' title='bbox 1485 2528 1598 2561; x_wconf 90' lang='lat' dir='ltr'><strong>habent,</strong></span> 
     </span>
    </p>
   </div>
   <div class='ocr_carea' id='block_1_117' title="bbox 811 2563 1600 2598">
    <p class='ocr_par' dir='ltr' id='par_1_117' title="bbox 811 2563 1600 2598">
     <span class='ocr_line' id='line_1_121' title="bbox 811 2563 1600 2598; baseline -0.001 -7"><span class='ocrx_word' id='word_1_1022' title='bbox 811 2573 821 2590; x_wconf 83' lang='grc'><strong><em>‹</em></strong></span> <span class='ocrx_word' id='word_1_1023' title='bbox 839 2563 909 2598; x_wconf 83' lang='lat' dir='ltr'><strong>tam;</strong></span> <span class='ocrx_word' id='word_1_1024' title='bbox 925 2573 935 2590; x_wconf 74' lang='grc' dir='ltr'>ι</span> <span class='ocrx_word' id='word_1_1025' title='bbox 953 2565 999 2591; x_wconf 89' lang='lat' dir='ltr'><strong>sed</strong></span> <span class='ocrx_word' id='word_1_1026' title='bbox 1016 2571 1065 2591; x_wconf 87' lang='lat' dir='ltr'><strong>ms.</strong></span> <span class='ocrx_word' id='word_1_1027' title='bbox 1082 2571 1152 2590; x_wconf 80' lang='lat' dir='ltr'><strong>uitus</strong></span> <span class='ocrx_word' id='word_1_1028' title='bbox 1169 2568 1243 2591; x_wconf 88' lang='lat' dir='ltr'><strong>recte</strong></span> <span class='ocrx_word' id='word_1_1029' title='bbox 1257 2564 1332 2598; x_wconf 83' lang='lat' dir='ltr'><strong>legit,</strong></span> <span class='ocrx_word' id='word_1_1030' title='bbox 1352 2572 1361 2589; x_wconf 71' lang='grc' dir='ltr'><strong><em>ι</em></strong></span> <span class='ocrx_word' id='word_1_1031' title='bbox 1379 2568 1479 2590; x_wconf 89' lang='lat' dir='ltr'><strong>tamen.</strong></span> <span class='ocrx_word' id='word_1_1032' title='bbox 1498 2572 1508 2589; x_wconf 71' lang='grc' dir='ltr'><strong><em>ι</em></strong></span> <span class='ocrx_word' id='word_1_1033' title='bbox 1524 2563 1600 2590; x_wconf 82' lang='lat' dir='ltr'><strong>Alter</strong></span> 
     </span>
    </p>
   </div>
   <div class='ocr_carea' id='block_1_118' title="bbox 810 2598 1598 2634">
    <p class='ocr_par' dir='ltr' id='par_1_118' title="bbox 810 2598 1598 2634">
     <span class='ocr_line' id='line_1_122' title="bbox 810 2598 1598 2634; baseline -0.003 -8"><span class='ocrx_word' id='word_1_1034' title='bbox 810 2607 860 2626; x_wconf 89' lang='lat' dir='ltr'><strong>ms.</strong></span> <span class='ocrx_word' id='word_1_1035' title='bbox 877 2599 969 2631; x_wconf 80' lang='lat' dir='ltr'><strong>habet,</strong></span> <span class='ocrx_word' id='word_1_1036' title='bbox 987 2606 1056 2626; x_wconf 75' lang='lat' dir='ltr'><strong>«non</strong></span> <span class='ocrx_word' id='word_1_1037' title='bbox 1066 2599 1132 2626; x_wconf 90' lang='lat' dir='ltr'><strong>dicit</strong></span> <span class='ocrx_word' id='word_1_1038' title='bbox 1147 2603 1278 2633; x_wconf 88' lang='lat' dir='ltr'><strong>tauquam</strong></span> <span class='ocrx_word' id='word_1_1039' title='bbox 1292 2598 1468 2633; x_wconf 87' lang='lat' dir='ltr'><strong>semetipsum</strong></span> <span class='ocrx_word' id='word_1_1040' title='bbox 1480 2599 1525 2634; x_wconf 89' lang='lat' dir='ltr'><strong>qui</strong></span> <span class='ocrx_word' id='word_1_1041' title='bbox 1541 2599 1598 2633; x_wconf 87' lang='lat' dir='ltr'><strong>jam</strong></span> 
     </span>
    </p>
   </div>
   <div class='ocr_carea' id='block_1_119' title="bbox 808 2634 1250 2669">
    <p class='ocr_par' dir='ltr' id='par_1_119' title="bbox 808 2634 1250 2669">
     <span class='ocr_line' id='line_1_123' title="bbox 808 2634 1250 2669; baseline 0 -8"><span class='ocrx_word' id='word_1_1042' title='bbox 808 2639 938 2669; x_wconf 78' lang='lat' dir='ltr'><strong>operatur</strong></span> <span class='ocrx_word' id='word_1_1043' title='bbox 952 2634 1014 2668; x_wconf 87' lang='lat' dir='ltr'><strong>quis</strong></span> <span class='ocrx_word' id='word_1_1044' title='bbox 1032 2634 1149 2668; x_wconf 85' lang='lat' dir='ltr'><strong>ignoret,</strong></span> <span class='ocrx_word' id='word_1_1045' title='bbox 1167 2642 1177 2659; x_wconf 73' lang='grc' dir='ltr'><strong><em>ι</em></strong></span> <span class='ocrx_word' id='word_1_1046' title='bbox 1194 2639 1250 2661; x_wconf 88' lang='lat' dir='ltr'><strong>etc.</strong></span> 
     </span>
    </p>
   </div>
   <div class='ocr_carea' id='block_1_120' title="bbox 843 2668 1339 2704">
    <p class='ocr_par' dir='ltr' id='par_1_120' title="bbox 843 2668 1339 2704">
     <span class='ocr_line' id='line_1_124' title="bbox 843 2668 1339 2704; baseline 0 -9"><span class='ocrx_word' id='word_1_1047' title='bbox 843 2668 900 2704; x_wconf 80' lang='lat'><strong>(‘28)</strong></span> <span class='ocrx_word' id='word_1_1048' title='bbox 919 2668 1003 2700; x_wconf 78' lang='lat' dir='ltr'><strong>Edltl,</strong></span> <span class='ocrx_word' id='word_1_1049' title='bbox 1022 2678 1033 2704; x_wconf 53' lang='grc' dir='ltr'><em>μ</em></span> <span class='ocrx_word' id='word_1_1050' title='bbox 1049 2669 1126 2701; x_wconf 78' lang='lat' dir='ltr'><strong>Quod</strong></span> <span class='ocrx_word' id='word_1_1051' title='bbox 1142 2669 1214 2704; x_wconf 60' lang='lat' dir='ltr'><strong>enim</strong></span> <span class='ocrx_word' id='word_1_1052' title='bbox 1233 2669 1308 2696; x_wconf 79' lang='lat' dir='ltr'><strong>(licil.</strong></span> <span class='ocrx_word' id='word_1_1053' title='bbox 1329 2677 1339 2695; x_wconf 69' lang='grc' dir='ltr'><strong><em>ι</em></strong></span> 
     </span>
    </p>
   </div>
   <div class='ocr_carea' id='block_1_121' title="bbox 843 2703 1594 2765">
    <p class='ocr_par' dir='ltr' id='par_1_121' title="bbox 843 2703 1594 2765">
     <span class='ocr_line' id='line_1_125' title="bbox 843 2703 1594 2765; baseline -0.004 -34"><span class='ocrx_word' id='word_1_1054' title='bbox 843 2704 899 2765; x_wconf 58' lang='lat'><strong>(&#39;29)</strong></span> <span class='ocrx_word' id='word_1_1055' title='bbox 925 2704 989 2731; x_wconf 81' lang='lat' dir='ltr'><strong>Mss.</strong></span> <span class='ocrx_word' id='word_1_1056' title='bbox 1002 2703 1136 2739; x_wconf 90' lang='lat' dir='ltr'><strong>plerique,</strong></span> <span class='ocrx_word' id='word_1_1057' title='bbox 1152 2703 1281 2731; x_wconf 80' lang='lat' dir='ltr'><strong>Rabauus</strong></span> <span class='ocrx_word' id='word_1_1058' title='bbox 1295 2710 1323 2731; x_wconf 90' lang='lat' dir='ltr'><strong>et</strong></span> <span class='ocrx_word' id='word_1_1059' title='bbox 1337 2703 1414 2736; x_wconf 89' lang='lat' dir='ltr'><strong>editi,</strong></span> <span class='ocrx_word' id='word_1_1060' title='bbox 1433 2712 1443 2729; x_wconf 84' lang='grc'><strong>‹</strong></span> <span class='ocrx_word' id='word_1_1061' title='bbox 1454 2703 1480 2730; x_wconf 92' lang='lat' dir='ltr'><strong>in</strong></span> <span class='ocrx_word' id='word_1_1062' title='bbox 1495 2703 1594 2734; x_wconf 68' lang='lat' dir='ltr'><strong>vitiis,o</strong></span> 
     </span>
     <span class='ocr_line' id='line_1_126' title="bbox 843 2746 888 2765; baseline 0 0"><span class='ocrx_word' id='word_1_1063' title='bbox 843 2748 850 2765; x_wconf 83' lang='lat' dir='ltr'><strong>I</strong></span> <span class='ocrx_word' id='word_1_1064' title='bbox 864 2746 888 2765; x_wconf 89' lang='lat' dir='ltr'><strong>e.</strong></span> 
     </span>
    </p>
   </div>
   <div class='ocr_carea' id='block_1_122' title="bbox 807 2746 888 2767">
    <p class='ocr_par' dir='ltr' id='par_1_122' title="bbox 807 2746 888 2767">
     <span class='ocr_line' id='line_1_127' title="bbox 807 2746 888 2767; baseline -0.025 0"><span class='ocrx_word' id='word_1_1065' title='bbox 807 2746 888 2767; x_wconf 85' lang='lat' dir='ltr'><strong>male.</strong></span> 
     </span>
    </p>
   </div>
   <div class='ocr_carea' id='block_1_123' title="bbox 841 2772 1597 2810">
    <p class='ocr_par' dir='ltr' id='par_1_123' title="bbox 841 2772 1597 2810">
     <span class='ocr_line' id='line_1_128' title="bbox 841 2772 1597 2810; baseline -0.001 -10"><span class='ocrx_word' id='word_1_1066' title='bbox 841 2773 909 2810; x_wconf 71' lang='lat'><strong>(29&#39;)</strong></span> <span class='ocrx_word' id='word_1_1067' title='bbox 927 2773 1011 2810; x_wconf 46' lang='lat' dir='ltr'><strong>Alias,</strong></span> <span class='ocrx_word' id='word_1_1068' title='bbox 1027 2783 1036 2798; x_wconf 77' lang='grc' dir='ltr'><strong>ε</strong></span> <span class='ocrx_word' id='word_1_1069' title='bbox 1056 2773 1107 2805; x_wconf 86' lang='lat' dir='ltr'><strong>sit;</strong></span> <span class='ocrx_word' id='word_1_1070' title='bbox 1125 2783 1134 2799; x_wconf 76' lang='grc' dir='ltr'><strong><em>ι</em></strong></span> <span class='ocrx_word' id='word_1_1071' title='bbox 1149 2773 1197 2805; x_wconf 82' lang='lat' dir='ltr'><strong>a|.,</strong></span> <span class='ocrx_word' id='word_1_1072' title='bbox 1214 2782 1223 2798; x_wconf 75' lang='grc' dir='ltr'><strong><em>ι</em></strong></span> <span class='ocrx_word' id='word_1_1073' title='bbox 1244 2773 1305 2810; x_wconf 88' lang='lat' dir='ltr'><strong>quis</strong></span> <span class='ocrx_word' id='word_1_1074' title='bbox 1325 2774 1380 2801; x_wconf 88' lang='lat' dir='ltr'><strong>llat.</strong></span> <span class='ocrx_word' id='word_1_1075' title='bbox 1396 2782 1406 2800; x_wconf 78' lang='grc' dir='ltr'><strong><em>ι</em></strong></span> <span class='ocrx_word' id='word_1_1076' title='bbox 1423 2772 1477 2802; x_wconf 80' lang='lat' dir='ltr'><strong>Sed</strong></span> <span class='ocrx_word' id='word_1_1077' title='bbox 1501 2778 1597 2799; x_wconf 64' lang='lat' dir='ltr'><strong>cuius:</strong></span> 
     </span>
    </p>
   </div>
   <div class='ocr_carea' id='block_1_124' title="bbox 807 2808 1346 2844">
    <p class='ocr_par' dir='ltr' id='par_1_124' title="bbox 807 2808 1346 2844">
     <span class='ocr_line' id='line_1_129' title="bbox 807 2808 1346 2844; baseline -0.002 -8"><span class='ocrx_word' id='word_1_1078' title='bbox 807 2817 871 2837; x_wconf 81' lang='lat' dir='ltr'><strong>mss.</strong></span> <span class='ocrx_word' id='word_1_1079' title='bbox 888 2808 915 2836; x_wconf 75' lang='lat' dir='ltr'><strong>et</strong></span> <span class='ocrx_word' id='word_1_1080' title='bbox 933 2808 1062 2836; x_wconf 78' lang='lat' dir='ltr'><strong>Rabanus</strong></span> <span class='ocrx_word' id='word_1_1081' title='bbox 1075 2810 1204 2844; x_wconf 78' lang='lat' dir='ltr'><strong>omittunt</strong></span> <span class='ocrx_word' id='word_1_1082' title='bbox 1218 2817 1227 2835; x_wconf 71' lang='grc' dir='ltr'>ι</span> <span class='ocrx_word' id='word_1_1083' title='bbox 1244 2809 1317 2844; x_wconf 82' lang='lat' dir='ltr'><strong>quis.</strong></span> <span class='ocrx_word' id='word_1_1084' title='bbox 1334 2818 1346 2835; x_wconf 71' lang='grc' dir='ltr'><em>ι</em></span> 
     </span>
    </p>
   </div>
   <div class='ocr_carea' id='block_1_125' title="bbox 843 2843 1186 2879">
    <p class='ocr_par' dir='ltr' id='par_1_125' title="bbox 843 2843 1186 2879">
     <span class='ocr_line' id='line_1_130' title="bbox 843 2843 1186 2879; baseline -0.003 -7"><span class='ocrx_word' id='word_1_1085' title='bbox 843 2844 899 2879; x_wconf 79' lang='lat'><strong>(30)</strong></span> <span class='ocrx_word' id='word_1_1086' title='bbox 915 2844 996 2877; x_wconf 87' lang='lat' dir='ltr'><strong>Editi,</strong></span> <span class='ocrx_word' id='word_1_1087' title='bbox 1008 2852 1017 2870; x_wconf 78' lang='lat' dir='ltr'><strong>t</strong></span> <span class='ocrx_word' id='word_1_1088' title='bbox 1035 2843 1160 2871; x_wconf 81' lang='lat' dir='ltr'><strong>Adducit.</strong></span> <span class='ocrx_word' id='word_1_1089' title='bbox 1177 2853 1186 2870; x_wconf 75' lang='grc' dir='ltr'><strong><em>ι</em></strong></span> 
     </span>
    </p>
   </div>
  </div>
