1827 3053
251 115 262 143 Ι
267 116 318 144 087

983 114 1060 142 ORIG
1066 114 1142 141 ENIS
1805 117 1815 142 ll

249 176 346 203 eadem
371 175 470 202 nolint.
494 174 572 207 Quod
589 174 611 201 si
630 174 780 202 secundum
799 174 966 202 voluntatem
991 174 1042 208 logi
1058 178 1081 203 Α
1096 173 1224 208 peccandi
1250 176 1392 207 peccatum
1414 172 1578 200 nominavit.
1596 181 1606 198 ι
1629 172 1741 200 Invenio
1754 173 1812 208 igitur

249 220 298 248 Dei
326 220 523 252 consentimus,
546 219 646 246 tnalum
665 227 730 254 ergo
753 221 825 255 quod
845 219 970 251 facimus,
988 228 1039 246 tton

245 265 302 300 jam
317 272 366 292 nos
383 264 420 296 id,
442 265 488 292 scd
503 269 644 300 peccatum
659 265 730 299 quod
746 265 772 291 in
788 265 866 292 nobis
880 270 931 294 est.
944 272 1040 299 opera-

247 315 302 342 tur,
318 310 342 337 id
356 316 400 337 est
415 310 456 337 lex
474 314 502 336 et
515 310 641 338 voluntas
657 311 758 342 carnis,
779 318 839 345 qute
855 311 975 344 captivos
992 318 1039 338 nos

246 355 320 381 ducit
341 356 366 382 in
391 355 448 389 lege
467 356 568 390 peccati
585 363 645 390 qum
669 356 696 382 itt
720 356 848 382 membris
862 361 903 382 cst
921 355 987 392 (51).
1008 355 1040 382 Ει

246 400 291 426 hic
315 399 423 433 quidem
448 400 546 427 Paulus
567 401 685 428 carnalis
709 401 784 432 dicit,
802 401 864 435 quia
884 411 892 426 ι
908 400 963 435 jam
985 409 1037 428 non

245 453 296 479 ego
318 446 505 480 operorillud,
526 448 574 473 sed
598 447 670 480 quod
694 447 799 474 habitat
825 447 851 473 in
879 454 920 474 me
943 454 1038 481 pecca-

245 495 312 517 tum.
340 500 350 517 ›
384 491 486 519 Paulus
505 499 570 519 vero
587 492 719 527 spiritalis
741 493 767 520 in
791 493 852 519 aliis
872 493 956 525 dicit,
974 493 1037 527 quia

247 543 257 560 ι
272 534 455 562 abundantius
467 543 548 570 quam
564 544 659 564 omnes
671 538 708 564 illi
722 538 842 565 laboravi
859 546 866 570 ;
881 546 932 564 non
946 543 1036 565 autem

243 588 306 614 ego,
323 581 370 608 scd
388 582 475 615 gratia
494 583 541 609 Dci
560 591 666 610 mccum
682 584 716 610 θ’.
735 593 743 610 ι
764 583 799 610 Ut
814 592 878 618 ergo
895 585 946 610 iste
965 583 1038 610 labo-

243 633 288 652 res
300 633 363 653 suos
385 634 436 653 non
451 628 514 660 sibi,
532 629 578 656 sed
589 629 684 662 gratiae
706 630 765 662 Dei,
781 637 840 664 quae
854 630 880 656 in
901 629 959 664 ipso
970 637 1035 664 ope-

243 671 368 705 rahatur,
382 672 505 706 ascribit,
515 673 551 700 ita
566 679 593 700 et
607 674 651 700 ille
661 674 778 701 carnalis
790 682 873 709 opera
890 682 942 701 non
963 674 1034 701 bona

242 722 296 744 non
312 716 375 750 sibi.
391 720 439 746 sed
458 724 581 754 peccato,
597 720 668 754 quod
686 720 712 746 in
733 728 763 747 se
776 720 883 747 habitat
898 724 926 747 et
942 727 1037 755 Opera-

243 769 304 798 tur,
321 765 491 793 adnumerat.
511 766 574 794 ideo
596 774 661 802 ergo
688 767 776 794 dicit:
797 776 806 793 ‹
834 767 892 794 Non
905 767 960 801 jam
983 775 1034 802 ego

241 816 340 843 operor
352 810 428 843 illud,
447 812 493 838 sed
510 812 581 844 quod
599 812 703 839 habitat
716 812 742 839 in
759 820 802 839 me
814 817 964 847 peccatum.
976 812 1034 840 Non

1092 225 1164 253 gem,
1179 218 1280 245 volenti
1299 219 1366 246 mihi
1382 219 1472 247 facere
1488 220 1603 251 bonum,
1620 219 1687 253 quia
1703 219 1766 246 mihi
1779 221 1815 253 ad;

1091 263 1203 290 malum.
1219 263 1400 291 Condelector
1412 265 1484 291 enim
1506 265 1559 300 legi
1579 264 1627 291 Dei
1647 264 1815 291 secundum:

1090 309 1192 336 riurem
1211 309 1358 337 hominem.
1383 319 1393 337 ι
1413 310 1446 337 Et
1470 311 1496 337 in
1516 311 1570 342 bis,
1584 316 1614 337 ut
1631 318 1706 344 saepe
1723 311 1747 337 in
1762 320 1815 345 sape

1090 354 1166 381 ribus
1182 355 1237 390 (57)
1252 356 1484 388 commonuimus,
1502 363 1557 382 non
1574 355 1708 382 videntur
1721 356 1815 382 elocuto

1090 399 1195 433 integre
1211 399 1353 434 explicari,
1368 400 1416 427 sed
1431 400 1654 434 conjunctionum
1679 399 1723 426 vel
1747 401 1815 430 abluas

1091 443 1138 475 tia,
1158 444 1201 470 vel
1221 444 1434 479 proprietatibus
1452 444 1588 479 impediri.
1607 443 1669 471 Tali
1685 451 1750 479 ergo
1765 452 1815 478 qus:

1088 490 1184 517 ordine
1199 490 1289 525 legere
1301 490 1432 518 debemus
1442 511 1449 522 ,
1466 495 1495 517 ut
1511 489 1671 518 intellectus
1688 490 1815 517 lucidiorb

1088 534 1182 570 Igitur,
1200 535 1263 570 quia
1280 536 1380 562 malum
1397 537 1463 563 mihi
1480 537 1599 571 adiacet,
1614 535 1715 563 volens
1733 535 1815 562 facere}

1089 588 1152 607 num
1167 581 1275 608 invenio
1291 581 1378 616 legem
1392 581 1450 614 Dei,
1466 586 1494 609 et
1504 582 1682 610 condelector
1697 582 1722 609 ei
1735 589 1815 609 secum

1088 625 1246 653 interiorem
1266 626 1414 654 hominem.
1433 627 1484 654 Per
1495 627 1567 661 quod
1583 627 1719 660 ostendit,
1733 628 1786 662 quia

1088 671 1144 698 rior
1171 671 1272 703 homo.
1295 672 1347 700 hoc
1370 677 1413 699 est
1434 673 1562 701 voluntas
1584 678 1613 701 et
1635 675 1815 708 propositum:

1087 717 1193 743 initium
1212 717 1311 752 accipit
1331 719 1454 746 converti
1468 719 1503 746 ad
1521 719 1679 751 Dominum,
1692 721 1744 755 legi
1759 721 1815 747 Dele

1087 763 1179 794 sentit,
1193 768 1220 789 et
1240 763 1392 791 delectatur
1413 764 1440 791 in
1458 773 1501 792 ea.
1530 765 1596 798 Sed,
1616 771 1646 793 ut
1662 768 1785 801 superius
1801 767 1815 793 ἆ

1087 814 1158 840 mus,
1173 815 1226 834 non
1243 808 1336 835 statim
1352 814 1382 835 ut
1397 809 1565 838 voluntatem
1589 819 1653 845 quts
1672 812 1789 838 habuerit
1802 820 1815 835 (ν

240 857 312 883 enim
330 856 435 884 habitat
446 857 471 883 in
487 865 540 889 me,
558 858 609 885 hoc
619 864 660 884 est
680 858 705 884 in
723 865 804 885 carne
822 866 892 891 mea,
907 860 1016 886 bonum.

1090 853 1156 879 verti
1178 853 1211 880 ad
1237 852 1319 885 bona,
1337 853 1418 880 etiam
1437 860 1503 881 usus
1521 854 1584 881 boni
1607 855 1703 888 operis
1722 856 1815 882 subiere

240 900 366 928 Nondum
380 904 452 930 enim
474 903 500 930 in
522 911 554 931 eo
568 903 692 931 Christus
709 904 854 937 inhabitat,
875 911 962 940 neque
974 911 1036 932 cor-

240 955 292 982 pus
309 949 367 981 eius
393 949 528 983 templum
555 949 599 976 Dci
620 955 661 977 est
679 950 746 985 (52).
766 949 961 977 Verumtamen
981 958 1034 978 nott

241 1001 435 1028 usquequaque
453 995 508 1027 hic,
534 995 611 1029 cujus
630 1003 744 1030 persona
771 996 944 1030 proponitur,
967 997 1034 1024 alie-

239 1048 291 1068 mts
306 1045 348 1067 est
365 1047 379 1066 a
397 1041 485 1073 bonis,
503 1041 550 1067 sed
567 1041 709 1075 proposito
723 1041 833 1076 quidem
850 1045 877 1068 et
894 1041 1034 1070 Voluntate

239 1085 322 1120 coepit
345 1085 414 1112 bona
439 1085 590 1120 requirere,
608 1086 726 1112 nondum
748 1089 838 1112 tamen
861 1091 950 1121 potest
962 1087 1032 1114 bona

238 1130 320 1157 rebus
336 1134 364 1157 et
380 1131 509 1165 operibus
527 1131 666 1158 obtinere.
679 1131 727 1159 Est
742 1132 815 1159 enim
831 1132 894 1159 talis
909 1133 1031 1167 quaedam

239 1174 383 1203 inﬁrmitas
397 1176 422 1202 in
440 1175 535 1207 bisqui
553 1176 627 1202 initia
642 1177 829 1204 conversionis
845 1177 992 1212 accipiunt,
1003 1182 1032 1205 ιιι

237 1227 299 1247 cum
311 1221 375 1248 velit
388 1222 449 1256 quis
464 1222 520 1256 (55)
536 1222 626 1249 statim
642 1223 733 1250 facere
746 1230 827 1250 omne
841 1224 913 1258 quod
931 1225 1030 1251 bonum

237 1271 294 1299 est,
317 1274 369 1294 non
387 1267 479 1295 statim
495 1268 662 1295 voluntatem
683 1272 813 1303 sequatur
825 1267 948 1297 effectus.
962 1268 1028 1296 Nam

236 1316 264 1339 et
279 1311 336 1349 (54)
354 1314 500 1340 meditatus
515 1313 586 1348 apud
608 1314 786 1349 semetipsum
809 1315 931 1342 decernit
943 1315 1029 1349 (verbi

237 1358 330 1391 causa)
349 1364 377 1385 ιιι
393 1366 445 1385 non
458 1359 638 1392 irascatur,ct
652 1360 703 1387 hoc
715 1360 742 1387 in
758 1360 896 1388 voluntate
912 1360 1006 1387 deﬂuit
1020 1368 1027 1386 :

237 1405 284 1431 sed
298 1405 426 1438 quoniatn
446 1405 524 1439 longo
539 1413 588 1432 usu
605 1410 634 1432 ct
655 1407 851 1434 consuetudine
868 1407 974 1434 diutina
990 1406 1029 1432 vi-

237 1450 304 1476 tium
336 1451 361 1476 in
390 1458 423 1478 co
453 1451 603 1478 iracundiae
640 1452 808 1479 dominatum
833 1458 893 1486 est,
917 1453 1028 1481 obsistit

235 1495 317 1522 etiam
334 1496 465 1522 voluntati
478 1500 506 1522 et
525 1497 666 1531 proposito
681 1505 689 1528 ;
707 1504 738 1524 ac
754 1498 836 1525 solito
849 1498 900 1525 sibi
917 1506 963 1525 usa
981 1499 1026 1525 itis

235 1547 301 1568 nere
316 1540 372 1575 (35)
388 1541 428 1568 vis
447 1541 549 1568 furoris
561 1542 689 1576 erumpit.
706 1541 841 1569 Similiter
853 1543 948 1578 agitet
963 1543 1025 1570 libi-

234 1586 305 1613 dinis
321 1587 425 1614 vitium.
444 1585 506 1613 Pari
524 1594 633 1621 quoque
658 1588 862 1616 consuetudinis
889 1589 983 1617 morbo
1000 1595 1028 1618 et

234 1633 405 1660 mendacium
427 1633 554 1668 subripit,
577 1634 692 1661 formido
716 1634 835 1662 deterret
857 1640 908 1668 ;et
934 1637 960 1663 in
985 1636 1027 1664 his

233 1679 350 1715 singulis
376 1680 425 1708 iste
451 1680 497 1715 qui
513 1681 568 1716 jam
594 1681 671 1708 initia
699 1681 888 1709 conversionis
915 1683 1025 1718 accipit,

233 1731 422 1760 competenter
445 1728 522 1758 dicit,
535 1727 599 1762 quia
616 1739 625 1754 ‹
645 1726 713 1754 velle
731 1727 838 1761 adjacet
857 1727 1025 1763 tnilti,pcrli-

233 1779 296 1800 cere
311 1777 400 1800 autem
413 1772 513 1800 bomtm
531 1781 583 1800 non
600 1773 717 1800 invenio.
733 1772 790 1800 Non
807 1774 878 1801 enim
895 1774 965 1807 qunti
978 1780 1026 1800 vo-

233 1818 260 1845 lo
270 1818 382 1851 bonum,
394 1819 445 1846 hoc
457 1827 507 1855 ago
523 1828 529 1851 ;
547 1820 592 1847 sed
609 1819 682 1854 quod
702 1819 745 1846 odi
764 1819 875 1852 malum,
892 1819 956 1846 illud
985 1819 1024 1846 fa-

233 1863 286 1892 cio.
305 1873 314 1889 ι
331 1863 406 1897 Quod
428 1865 449 1892 si
463 1865 596 1900 judicium
620 1866 652 1892 de
676 1865 748 1891 bono
771 1863 854 1891 habet
880 1864 1024 1896 voluntas,

232 1909 400 1936 coasuetudo
414 1914 504 1936 autem
516 1909 666 1936 carnalium
679 1909 817 1941 vitiorum,
829 1917 889 1944 quae
906 1909 948 1936 lex
962 1917 1026 1936 car-

233 1954 276 1980 nis
297 1954 339 1981 Vcl
364 1954 406 1982 lex
424 1956 607 1983 membrorum
629 1955 766 1990 appellata
784 1959 844 1988 est,
862 1955 972 1982 obsistit
998 1960 1025 1983 et

232 2000 360 2034 subripit,
373 2008 405 2029 cx
417 2008 450 2028 eo
465 2001 538 2035 quod
559 2000 622 2027 boni
636 2001 801 2027 voluntatem
826 2000 884 2036 (56)
900 2008 976 2034 gero,
992 2000 1025 2028 li-

231 2050 276 2072 cet
293 2053 371 2080 agam
388 2047 469 2078 mala,
481 2051 570 2073 tamen
582 2045 645 2081 quia
658 2046 758 2073 invitus
773 2054 834 2081 ago,
850 2055 860 2072 (
881 2047 1024 2074 consentio

231 2090 282 2126 legi
307 2091 353 2118 Dei
373 2091 500 2125 quoniam
519 2091 587 2119 bona
607 2096 658 2118 est.
681 2100 690 2117 ι
718 2091 769 2119 Odi
790 2092 861 2119 enim
891 2092 973 2125 mala,
996 2097 1024 2120 et

230 2138 311 2172 cupio
325 2146 406 2172 agt-re
418 2139 485 2165 bona
502 2145 561 2172 qua:
575 2137 712 2171 Iexjubet.
729 2138 805 2171 Quod
827 2139 850 2165 si
868 2142 963 2166 contra
977 2146 1024 2166 vo-

230 2183 362 2212 luntatem
382 2185 450 2212 mala
471 2193 521 2220 ago
534 2205 541 2218 ,
565 2186 653 2213 victus
669 2185 869 2213 consaetudine
893 2186 1019 2212 vitiorum
1038 2199 1060 2226 ο

231 2239 335 2265 usuque
347 2232 488 2266 peccandi,
503 2241 512 2257 ι
532 2239 584 2258 non
603 2232 658 2264 jam
675 2239 735 2267 ego,
753 2241 763 2258 ι
778 2232 831 2259 hoc
843 2237 892 2262 est,
907 2232 1020 2259 interior

231 2275 321 2308 homo,
343 2285 353 2302 ι
374 2276 445 2311 quod
457 2276 557 2304 bunum
573 2275 643 2309 volo,
655 2276 706 2304 hoc
723 2277 812 2309 facio;
827 2277 874 2303 sed
886 2277 957 2310 quod
972 2276 1021 2303 ha-

231 2320 300 2347 bitat
325 2322 350 2348 in
378 2329 420 2348 tne
440 2327 594 2357 peccatum.
614 2331 623 2347 ι
645 2321 877 2349 Consuetudinem
905 2327 1021 2356 namque

265 2389 288 2406 "
305 2390 315 2416 Ι
335 2390 398 2419 Cor.
422 2399 467 2424 xv,
486 2390 528 2418 10.

266 2447 321 2482 (51)
340 2448 405 2480 Qua-
420 2451 446 2475 in
463 2450 594 2477 membris.
611 2449 674 2477 Haec
696 2449 777 2475 verba
791 2449 980 2476 desiderantur
994 2448 1020 2475 in

231 2483 322 2543 inlitis,
339 2484 383 2515 qni
410 2489 504 2519 postea
531 2485 646 2518 habent,
671 2494 681 2510 ι
699 2484 733 2511 Ει
756 2484 815 2516 hic,
840 2483 866 2510 id
889 2489 931 2511 est
952 2483 1022 2511 Pau-

243 2526 284 2543 US.
307 2528 315 2543 ι
333 2524 384 2543 etc.

243 2526 284 2545 US.
307 2528 315 2543 ι
333 2524 384 2545 Elf‘.

267 2552 323 2589 (52)
345 2554 429 2586 Alias,
451 2563 461 2579 ι
481 2555 610 2589 templum
628 2559 670 2582 est
688 2554 807 2588 Spiritus
822 2554 919 2582 sancti.
937 2563 946 2580 ι
967 2553 1020 2581 Sed

231 2588 351 2622 potiores
368 2596 432 2616 mss.
447 2594 474 2615 et
491 2588 620 2617 Rabanus
633 2595 660 2617 ut
678 2590 705 2617 in
720 2595 807 2616 textu.

268 2622 324 2658 (55)
343 2623 436 2659 tilias.
455 2633 469 2659 ιν
487 2624 563 2650 ittitia
580 2625 796 2652 conversationis
818 2625 967 2659 accipiunt,
992 2629 1021 2652 ut

230 2656 293 2684 cum
309 2656 392 2683 velint
408 2658 526 2691 quidem,
552 2668 560 2684 ι
575 2665 641 2692 etc.,
655 2659 734 2686 male.

267 2691 324 2726 (55)
345 2691 427 2724 Editi,
447 2702 456 2718 (
477 2694 608 2720 mediator
623 2691 692 2728 apud
716 2695 890 2729 semetipsum
916 2695 1020 2722 discer-

233 2726 318 2765 nit;_t
336 2735 386 2753 ms.
405 2736 474 2765 unus
486 2749 493 2760 ,
511 2737 520 2753 ι
539 2726 685 2765 meditatur
702 2731 773 2764 apud
785 2726 959 2765 semetipsum
973 2730 1019 2757 de-

231 2762 318 2797 cernit
333 2770 340 2794 ;
357 2771 366 2788 ι
387 2762 434 2795 al.,
448 2772 458 2789 ι
479 2763 662 2797 decernitqne.
680 2774 689 2789 ι

267 2796 324 2834 _(_'5_5)
345 2797 391 2825 Sic
406 2806 455 2826 ms.
472 2805 541 2825 unus
549 2796 652 2834 Regius
668 2807 742 2826 num.
758 2799 824 2827 i639
837 2808 868 2827 ac
881 2800 1019 2828 Rabanus.

233 2831 305 2859 Editi
325 2841 397 2866 vero,
415 2843 423 2858 ι
440 2837 468 2861 ct
488 2831 606 2861 insolita'
620 2834 673 2861 sibi
698 2841 792 2862 l'lll‘blls
810 2835 918 2863 itinera.
935 2845 944 2861 ι
963 2835 1019 2868 AL,

1086 902 1138 925 est.
1155 897 1212 925 Cita
1225 898 1298 925 enim
1318 906 1360 926 res
1373 904 1414 926 est
1427 900 1562 933 voluntas,
1574 905 1603 928 et
1615 900 1676 928 sine
1689 901 1815 935 impeditae

1085 945 1273 976 convertitur;
1291 953 1360 979 opus
1382 952 1448 973 vero
1469 947 1576 974 tardum
1594 952 1648 979 est,
1665 947 1729 982 quia
1741 953 1765 975 et
1782 957 1815 973 asa

1085 995 1112 1017 et
1129 996 1228 1023 artem,
1252 996 1279 1018 et
1303 992 1423 1019 laborem
1448 993 1563 1026 requirit
1587 995 1734 1028 operandi.
1750 994 1807 1027 Quot

1084 1038 1237 1065 evidentius
1257 1039 1314 1071 ﬁat,
1330 1044 1440 1066 utamur
1452 1039 1534 1067 etiam
1555 1041 1739 1069 similitudine
1750 1050 1815 1074 exemi

1087 1082 1165 1110 Verbi
1181 1084 1277 1118 gratia,
1294 1085 1349 1111 vult
1361 1085 1422 1120 quis
1440 1086 1549 1120 sapiens
1563 1087 1635 1119 ﬁeri.
1657 1095 1708 1115 nec
1721 1093 1815 1114 tamen;

1084 1128 1131 1155 tim
1148 1134 1177 1156 ut
1190 1129 1285 1160 voluit,
1298 1131 1406 1166 sapiens
1420 1131 1533 1160 eﬂ'ectus
1541 1138 1583 1160 est
1595 1142 1602 1166 ;
1614 1134 1664 1160 sed
1681 1134 1815 1167 voiuntasq

1083 1174 1142 1201 dent
1158 1174 1309 1208 praecessit,
1325 1183 1376 1203 nec
1397 1177 1457 1204 sine
1479 1177 1623 1206 voluntate
1648 1179 1747 1214 aliquis
1758 1180 1815 1205 ﬁftli

1082 1219 1158 1253 piens
1185 1224 1291 1254 potest;
1313 1221 1361 1248 scd
1386 1227 1476 1249 tamen
1501 1231 1563 1250 cum
1585 1224 1715 1252 voluntas
1739 1226 1815 1251 adiam

1081 1265 1251 1292 adhibendus
1270 1271 1312 1293 est
1327 1266 1415 1301 labor,
1432 1268 1565 1301 studium,
1579 1270 1748 1301 sollicitudo,
1763 1271 1815 1303 vigit

1080 1309 1215 1342 doctrina,
1233 1310 1388 1344 institutio;
1405 1317 1432 1340 et
1448 1314 1493 1340 vix
1511 1313 1664 1348 aliquando
1686 1323 1734 1342 usu
1750 1316 1810 1349 longe

1080 1355 1253 1382 meditatione
1268 1357 1397 1384 continua
1417 1358 1527 1393 sapiens
1547 1359 1679 1388 edicitur.
1695 1360 1744 1388 Iste
1761 1368 1808 1394 erg-1

1080 1401 1156 1428 initio
1171 1402 1281 1436 quidem
1298 1403 1392 1430 statim
1410 1404 1576 1432 voluntatem
1594 1406 1695 1433 habuit
1706 1411 1733 1434 ut
1743 1411 1815 1434 essen

1078 1447 1165 1481 piens,
1178 1448 1225 1474 sed
1239 1456 1292 1475 non
1316 1450 1407 1476 statim
1431 1451 1518 1477 adfuit
1531 1451 1556 1478 ei
1571 1459 1644 1486 opus
1660 1452 1792 1486 sapientis.
1802 1451 1815 1477 S

1078 1496 1104 1518 et
1123 1492 1147 1518 in
1165 1500 1196 1520 eo
1217 1492 1300 1529 586
1323 1495 1380 1529 ipso
1397 1502 1460 1522 cum
1481 1496 1611 1524 eruditur
1626 1502 1656 1525 ut
1678 1499 1778 1533 sapiens
1795 1498 1815 1522 fu

1078 1544 1178 1573 quanta
1190 1540 1272 1566 stulte
1288 1545 1316 1567 et
1332 1546 1428 1568 contra
1444 1543 1609 1577 sapientiam
1625 1546 1712 1580 gessit
1724 1545 1772 1578 (58)
1785 1546 1790 1569 ἶ
1802 1547 1814 1575 LI

1080 1588 1169 1610 tatncn
1188 1584 1340 1620 intelligere
1351 1586 1461 1620 quidem
1480 1588 1570 1622 potuit
1584 1596 1671 1623 quam
1689 1590 1764 1617 stulte
1774 1597 1814 1623 gessi

1078 1629 1113 1657 rit
1127 1637 1134 1655 :
1147 1629 1264 1658 habebat
1279 1631 1350 1658 enim
1369 1632 1491 1667 (39ijam
1507 1635 1631 1661 studium
1646 1636 1814 1670 sapientiam

1079 1679 1169 1702 tauten
1182 1675 1219 1702 ita
1230 1675 1286 1709 jam
1303 1677 1411 1711 sapiens
1424 1683 1493 1711 erat,
1507 1683 1537 1706 ut
1550 1687 1651 1707 cavere
1664 1685 1752 1714 posset
1762 1689 1786 1706 nt
1793 1687 1813 1712 ῆι

1077 1721 1237 1756 insipienter
1249 1722 1419 1752 admitteret.
1434 1724 1486 1751 iste
1496 1727 1565 1752 ordo
1581 1730 1610 1752 et
1627 1726 1664 1753 de
1677 1726 1791 1761 pudicitia
1803 1725 1813 1749 ιι

1078 1768 1181 1796 bendus
1194 1773 1246 1802 est,
1262 1770 1333 1804 quod
1349 1777 1402 1798 non
1414 1772 1507 1798 statim
1519 1772 1583 1806 quis
1598 1776 1629 1799 ut
1637 1773 1752 1800 voluerit
1766 1772 1813 1806 pedit

1077 1815 1141 1842 tiam
1157 1816 1288 1850 proﬁteri,
1299 1817 1380 1844 etiam
1401 1825 1484 1852 opere
1499 1818 1624 1852 implebit
1637 1824 1669 1846 ut
1685 1819 1812 1846 nullismuc

1076 1861 1214 1896 pisccntia:
1229 1862 1348 1890 stimulis
1370 1863 1497 1898 agitetur.
1506 1863 1552 1891 Sic
1564 1868 1593 1890 ct
1604 1865 1638 1890 de
1652 1863 1812 1891 mansuetudo

1076 1912 1104 1934 et
1115 1907 1148 1934 de
1160 1908 1302 1942 patientia,
1317 1912 1344 1935 et
1366 1908 1400 1936 de
1420 1909 1538 1943 singulis
1552 1909 1710 1944 quibusque
1725 1908 1812 1935 virtutis

1075 1954 1215 1981 sciendum
1227 1959 1278 1982 est.
1291 1954 1319 1981 In
1331 1955 1429 1989 quibus
1443 1955 1574 1983 onmibus
1585 1956 1638 1983 dici
1652 1957 1779 1986 convenit,
1790 1962 1811 1988 ql

1078 2008 1087 2026 ι
1105 1999 1277 2027 condelector
1293 2000 1345 2035 legi
1368 2000 1426 2031 Dei,
1448 2010 1456 2026 ι
1485 2001 1536 2029 hoc
1553 2007 1595 2029 est
1623 2002 1811 2032 virtutibus.”i

1075 2045 1192 2072 cundum
1213 2046 1372 2073 interiorem
1389 2047 1538 2074 hominem.
1558 2047 1645 2075 Video
1671 2053 1757 2074 autem
1777 2046 1811 2071 alia

1075 2090 1162 2125 legem
1177 2090 1202 2117 in
1232 2091 1362 2118 membris
1381 2091 1459 2123 mei‘s,
1476 2098 1678 2127 repugnantem
1702 2092 1750 2128 legi
1764 2095 1811 2117 metti

1075 2143 1154 2169 mete,
1164 2141 1191 2163 ct
1203 2137 1339 2171 captivum
1355 2144 1398 2164 me
1410 2137 1554 2164 ducentem
1570 2138 1598 2165 in
1610 2138 1672 2173 lege
1686 2138 1810 2172 peccati,qt

1075 2187 1116 2209 est
1132 2182 1158 2208 in
1175 2183 1306 2209 membris
1320 2183 1399 2209 meis.
1418 2191 1427 2208 ι
1446 2183 1523 2216 Quod
1541 2191 1624 2218 supra
1643 2185 1746 2211 dixerat
1763 2192 1771 2208 t
1785 2180 1810 2206 tsi

1074 2229 1145 2256 enim
1161 2228 1262 2255 bonunt
1288 2229 1394 2263 adiacet
1414 2229 1492 2260 mibi,
1518 2238 1526 2255 I
1547 2229 1592 2256 hic
1617 2230 1771 2257 voluntatem
1787 2228 1810 2253 bu

1075 2272 1158 2307 legent
1174 2273 1273 2300 mentis
1288 2272 1439 2299 nominavit
1458 2280 1465 2305 ;
1482 2280 1543 2306 qua).
1562 2272 1605 2299 lex
1625 2274 1723 2299 mcnlis
1738 2276 1809 2299 coam

1074 2326 1136 2346 cum
1153 2318 1210 2353 lege
1235 2318 1294 2352 Dei,
1317 2322 1345 2346 et
1363 2318 1551 2346 consentitei.
1571 2317 1627 2346 Sed
1648 2326 1750 2346 rursum
1769 2320 1809 2343 mu

1077 2458 1086 2475 ι
1106 2448 1144 2476 Ac
1159 2448 1238 2475 solito
1253 2448 1303 2476 sibi
1318 2448 1426 2477 itinere.
1443 2458 1452 2475 ι
1471 2448 1527 2480 AL,
1545 2458 1555 2475 ι
1573 2456 1606 2477 ac
1617 2449 1697 2476 solito
1707 2448 1753 2476 sibi
1766 2452 1784 2474 ιι
1795 2450 1808 2470 It

1073 2489 1151 2511 sueto
1171 2483 1280 2511 itinere.
1296 2492 1305 2509 ι

1109 2518 1166 2554 ('56)
1185 2518 1272 2551 Editi,
1289 2527 1298 2544 ι
1315 2519 1384 2545 bona
1399 2518 1538 2546 voluntate
1560 2519 1625 2555 (ms.
1642 2526 1709 2547 unus
1728 2528 1737 2544 ι
1757 2518 1808 2544 bum

1073 2555 1237 2582 voluntatem
1255 2554 1278 2586 ι)
1296 2561 1370 2587 gero.
1387 2563 1396 2580 I

1109 2589 1165 2630 (57)
1186 2588 1266 2619 Editi,
1285 2597 1294 2614 t
1316 2588 1348 2614 Et
1366 2589 1392 2615 in
1419 2589 1463 2630 bis
1476 2596 1554 2621 vero,
1567 2593 1597 2630 ut
1628 2589 1755 2630 superius,
1768 2590 1807 2613 »αι

1073 2624 1174 2659 Deinde
1190 2631 1241 2659 ms.
1259 2631 1344 2659 unus,_
1357 2632 1367 2648 ι
1386 2624 1426 2649 vel
1442 2624 1704 2658 improprietatibus.
1725 2633 1733 2647 ι
1806 2651 1807 2659 γ

1107 2658 1162 2694 (58)
1181 2658 1329 2689 Alias,tscd
1338 2657 1408 2694 ineo
1419 2658 1476 2692 ipso
1488 2659 1549 2692 (aL,
1565 2669 1574 2685 ι
1586 2661 1634 2686 sed
1645 2664 1670 2685 et
1684 2660 1707 2685 in
1719 2666 1747 2684 eo
1757 2658 1796 2691 ipso

1071 2694 1192 2721 eruditus
1208 2698 1235 2719 ut
1246 2694 1352 2726 sapiens
1364 2693 1420 2725 ﬁat,
1430 2694 1502 2727 quod
1515 2699 1580 2722 ante
1594 2694 1674 2721 stulte
1688 2694 1741 2725 (aL,
1752 2701 1777 2725 ις

1072 2734 1099 2756 to
1112 2729 1215 2761 stulte;
1231 2738 1240 2754 ι
1258 2728 1294 2755 al.
1314 2736 1322 2753 t
1347 2733 1447 2762 quanta
1464 2728 1547 2756 stulte
1563 2729 1587 2763 ι)
1601 2734 1628 2757 et
1644 2734 1732 2756 contra
1745 2726 1786 2760 sat-1'

1073 2765 1137 2801 tiam
1166 2765 1269 2801 gessit_;
1295 2770 1356 2798 qua:
1383 2768 1471 2790 tamen
1502 2764 1656 2801 intelligere
1680 2763 1756 2799 potuit

1071 2799 1153 2827 stulte
1164 2799 1311 2834 gesserit.)

1107 2833 1176 2870 (59)
1185 2833 1273 2861 Enim.
1289 2833 1370 2862 Deest
1381 2833 1409 2861 in
1422 2833 1514 2862 editis.
