1827 3053
1 101 47 129 ιθ

464 104 643 132 COMMENT.
665 105 698 132 IN
719 105 829 133 EI’IST.
845 105 890 132 AD
909 107 992 135 ΠΟΜ.
1013 108 1076 136 LIB.
1101 109 1144 138 Vl.

1554 119 1564 146 Ι
1571 120 1621 148 090

5 160 105 194 poris
122 165 150 188 et
165 160 238 196 (ιο)
260 161 395 190 desideria
422 164 514 190 carnis
535 163 620 199 legem
644 165 775 191 mcmbro—
790 166 812 193 A
827 163 898 191 sicut
908 172 977 193 'Jlllls
987 173 1069 200 grave
1081 172 1199 200 gravatae
1211 173 1274 197 sunt
1285 177 1364 205 super
1377 180 1428 201 me.
1443 174 1618 210 Computrue-

1 213 22 230 ιι
52 205 139 238 dicit,
156 214 217 240 qua:
231 207 366 241 captivam
379 208 453 235 ducit
470 209 599 240 animam.
617 214 644 236 et
670 210 775 244 peccati

1 252 82 279 ibus
100 252 208 280 subdit.
223 253 333 280 Certum
352 261 393 281 est
416 263 534 288 namque
548 255 618 290 quod
639 257 774 285 desideria

2 297 65 323 nis
88 298 215 324 animam
241 299 348 325 trahant
364 299 418 335 (41)
435 301 468 327 ad
492 306 648 335 peccatum,
663 307 690 329 et
714 309 773 330 eam

1 344 80 370 ibus
92 343 157 378 ejus
172 343 290 371 subdant
305 352 313 371 :
326 350 353 372 et
367 346 438 373 sicut
451 346 494 374 lex
507 349 615 380 mentis,
628 357 689 383 qute
706 357 772 377 con-

4 389 54 416 tit
72 398 141 417 cum
158 390 216 425 lege
229 388 439 423 Dei,sianimam
450 396 564 427 potuerit
579 395 713 427 obtinere.
728 396 773 423 ad-

1 433 44 459 -it
61 441 129 460 eam
144 435 273 469 adlegem
292 435 351 469 Dei,
373 437 408 464 ita
421 442 448 464 et
465 442 507 465 lex
519 446 580 473 qua:
597 439 622 466 in
640 441 772 468 membris

1 497 5 507 ,
25 482 59 504 et
74 480 302 514 concupiscentia
321 482 422 514 carnis,
439 483 461 510 si
478 485 621 511 seduxerit
636 486 768 519 animam,

2 523 76 550 cati
94 531 158 551 eam
179 525 287 560 legibus
304 528 412 555 subdct.
429 528 482 556 Sed
501 537 563 557 cum
586 530 642 559 lucc
659 532 768 564 Paulus.

1 574 115 602 umpta
129 571 271 605 fragiliora
289 580 417 606 persona,
435 574 504 601 intra
522 575 659 604 hominem
673 578 767 606 haberi

1 614 124 641 Lamina
141 615 199 651 (42)
213 617 360 650 docuisset,
381 624 408 646 et
420 621 587 649 ostendisset
600 623 671 657 quod
683 624 766 652 etiam

4 665 59 686 tra
78 662 250 690 voluntatem
269 671 318 699 per
336 665 470 693 desideria
493 668 584 695 carnis
604 669 696 696 anima
715 678 764 698 usu

1 714 12 732 ι
32 707 176 740 peccandi
194 708 220 736 in
247 712 351 744 peccati
364 711 424 745 jura
444 718 605 747 raperetur,
628 715 766 742 exclanm-

1 760 33 779 ιε
56 753 150 780 utitur
173 754 262 782 adhuc
282 763 315 782 ex
334 764 448 790 persona
470 756 543 786 illius
558 766 638 793 quem
662 761 766 788 descri-

28 797 110 833 (45),
125 803 154 826 et
169 799 256 826 dicit:
275 809 284 825 ι
301 801 383 828 .lliser
397 809 446 836 ego
466 803 546 831 homo
561 805 568 831 l
586 804 653 838 Quis
669 815 713 834 me
730 807 762 834 li-

830 214 893 236 runt
905 215 931 237 et
948 219 1036 238 exesa:
1052 217 1116 239 sunt
1127 214 1270 243 cicatrices
1286 225 1352 245 mere
1372 227 1385 244 a
1404 219 1474 247 l‘arie
1488 222 1617 256 insipien-

828 256 872 282 tia!
897 264 973 283 metu.
991 258 1107 287 Miseriis
1129 259 1244 288 amictus
1267 270 1337 295 sum,
1354 269 1381 291 et
1407 273 1536 295 curvatus
1558 276 1619 295 smn

827 309 910 335 usque
927 303 952 329 iu
970 304 1049 331 linem
1076 306 1144 341 (48),
1164 317 1174 332 ι
1195 312 1221 334 et
1240 314 1336 336 caetera
1361 311 1459 345 quibus
1488 320 1554 347 pene
1576 315 1617 340 in-

827 350 900 381 teger
926 348 969 375 hic
989 350 1119 376 scribitur
1136 350 1272 379 Psalmus.
1291 354 1366 386 Quod
1390 356 1412 382 si
1437 356 1508 383 forte
1534 359 1615 386 alicui

825 393 959 420 videbitur
975 394 1031 422 haec
1052 395 1134 423 David
1162 398 1248 431 magis
1265 399 1299 426 de
1326 402 1489 435 semetipso,
1508 411 1557 438 pro
1574 405 1616 432 hia

823 445 883 472 quae
895 440 1052 467 acciderant
1068 441 1104 474 ei,
1127 443 1219 471 dicere
1241 445 1372 479 potuisse,
1389 455 1469 481 quam
1488 449 1520 475 de
1542 450 1614 483 aliis,

822 485 886 518 quid
898 485 978 512 etiam
991 487 1024 513 de
1039 487 1148 515 Dauiele
1160 490 1292 523 dicemus,
1309 493 1385 527 cujus
1398 500 1538 528 peccatum
1553 497 1614 530 qui<

821 531 880 556 dem
903 531 1007 558 nullum
1029 533 1147 560 refertur
1165 535 1222 571 (49)
1241 537 1459 573 exhomologesis
1480 545 1569 568 tamen
1586 542 1613 569 in

817 574 931 617 jejuniis
948 581 974 603 et
987 578 1076 605 cilicio
1093 585 1120 605 et
1133 580 1225 606 cinere
1237 582 1410 617 describitur,
1425 590 1451 612 et
1463 587 1549 614 oratio
1565 589 1613 614 lut-

814 612 942 646 jusmodi,
955 615 981 642 in
993 624 1044 651 qua
1056 618 1127 647 inter
1139 627 1236 650 caetera
1249 625 1330 653 etiam
1342 612 1482 657 haac'dicit
1495 641 1500 658 :
1516 642 1525 658 ι
1541 633 1608 660 Pec-

815 659 946 692 cavimus,
959 661 1128 699 iniquitatem
1139 667 1264 704 fecimus,
1275 672 1374 707 injuste
1385 675 1499 711 egimus,
1513 679 1607 714 impie-

819 715 901 738 tatem
915 714 1112 748 commisimus,
1126 722 1153 743 et
1166 718 1351 751 discessimus,
1372 726 1398 747 et
1412 722 1610 751 declinavimus

816 766 831 785 a
845 760 980 788 mandatis
993 761 1046 789 tuis
1056 769 1081 790 cl
1097 771 1111 790 a
1125 765 1241 798 judiciis
1259 767 1322 799 tuis,
1336 773 1363 795 et
1383 776 1436 795 non
1457 770 1609 798 audivimus

816 810 911 831 servos
926 810 987 833 tuos
1002 809 1158 842 prophetasI
1171 811 1216 844 qui
1238 810 1418 845 loquebantur
1429 814 1507 842 nobis
1519 815 1544 841 in
1561 823 1608 842 uo-

1 843 72 870 abit
85 845 121 870 de
138 851 254 879 corpore
272 847 367 873 mortis
386 847 489 881 hujus?
508 858 517 875 ι
538 849 615 877 Videt
634 859 663 878 se
680 852 763 880 mise-
780 842 801 868 Β
816 850 888 877 mine
900 854 955 883 tuo,
973 858 999 879 et
1017 854 1137 888 regibus,
1153 842 1186 882 et
1196 842 1367 891 principibus
1389 861 1490 888 nostris
1502 861 1568 896 (50),
1580 868 1606 890 et

1 898 25 921 ι,
51 889 131 916 intra
146 898 228 926 quem
245 895 283 919 tot
297 891 371 927 leges
395 894 446 920 sibi
463 895 578 924 invicem
599 905 760 933 repugnant,

11 935 120 968 przelia
139 943 368 966 commoventur:
388 949 397 965 ι
418 939 524 975 Pugnat
547 945 760 974 caroVadvcrsns

1 982 104 1013 itum,
120 982 235 1017 spiritus
255 989 346 1011 autent
361 985 493 1014 adversus
506 995 615 1015 carnem
623 989 646 1005 ⁹¹
662 999 669 1016 :
689 999 698 1016 ι
716 991 758 1018 lex

1 1027 53 1054 :in
73 1028 207 1055 membris
220 1034 261 1057 est
274 1036 406 1066 repugnat
423 1033 473 1068 legi
492 1035 600 1066 mentis,
614 1041 640 1062 et
652 1038 758 1071 captiva

1 1075 65 1101 itur
84 1075 176 1102 anima
195 1076 221 1103 in
237 1076 295 1111 lege
314 1080 431 1111 peccati,
450 1085 477 1107 et
499 1081 548 1108 sub
560 1081 626 1116 jugo
643 1083 702 1117 ejus
717 1084 758 1111 el-

5 1127 58 1151 ur,
77 1121 162 1147 etiam
187 1129 249 1149 cum
266 1122 381 1150 interior
399 1124 481 1151 homo
498 1125 545 1152 Dei
567 1126 625 1161 lege
640 1128 756 1156 delecte-

8 1171 18 1191 :
38 1166 183 1199 quomodo
196 1167 221 1194 in
235 1167 276 1195 his
290 1172 329 1195 tot
343 1173 371 1196 et
390 1169 488 1197 talibus
511 1172 590 1199 malis
603 1181 657 1200 non
675 1174 756 1201 mise-

1 1220 6 1237 I
29 1219 64 1238 se
86 1211 161 1239 dicat
178 1214 267 1246 homo,
281 1220 308 1241 et
325 1216 352 1242 in
371 1223 486 1251 corpore
503 1218 599 1246 mortis
611 1219 754 1247 habitare?

4 1257 52 1284 ito
84 1265 204 1293 namque
223 1268 323 1294 corpus
345 1262 442 1288 mortis
466 1263 626 1297 appellatur,
649 1265 676 1291 in
699 1273 752 1299 quo

2 1305 61 1330 itat
84 1310 227 1338 peccatum
250 1307 322 1340 quod
348 1309 445 1335 tnortis
466 1313 507 1336 est
532 1316 625 1337 causa.
648 1310 692 1337 Fit
708 1318 752 1337 er-

1 1349 55 1376 441
75 1350 242 1379 exclamatio
260 1353 318 1380 lucc
331 1361 362 1381 ex
383 1362 499 1389 persona
517 1356 589 1384 illius
606 1365 684 1392 quem
697 1359 750 1386 iui-

1 1396 116 1429 'juidem
134 1399 320 1426 conversionis
335 1403 474 1435 accepisse
491 1403 620 1431 describit
632 1405 748 1439 Aposto-

17 1442 47 1467 in
67 1449 102 1469 eo
125 1442 196 1477 quod
217 1444 342 1473 voluntas
368 1447 392 1473 ei
413 1447 468 1483 (45)
486 1449 592 1484 adjacet
615 1451 687 1483 boni,
702 1452 748 1479 sed

2 1486 75 1512 dum
101 1487 126 1514 in
144 1487 270 1516 ell‘ectum
287 1492 393 1517 venerit
408 1492 482 1521 boni.
501 1493 559 1520 Non
580 1495 652 1522 enim
670 1496 747 1524 inve-

1 1533 137 1560 )erlicere
150 1534 249 1561 bonum
275 1536 339 1570 quia
357 1538 475 1565 nondum
492 1539 518 1566 iu
538 1547 571 1567 eo
586 1549 650 1568 usus
666 1541 749 1569 inole-

1 1582 22 1604 ιι
40 1579 263 1615 exercitiumque
280 1583 421 1611 virtutum.
442 1584 633 1619 Respondetur
647 1595 711 1614 vero
724 1588 747 1615 ei

1 1632 47 1651 |OC
61 1626 135 1659 quod
148 1626 272 1655 dixerat:
285 1638 294 1654 ι
311 1629 377 1662 Quis
391 1639 435 1657 me
445 1630 573 1658 liberabit
588 1632 621 1659 de
632 1640 746 1667 corpore

1 1672 44 1699 'tis
59 1672 163 1706 hujus?
178 1683 189 1700 ι
202 1674 258 1708 jam
276 1683 329 1702 non
348 1684 381 1703 ex
393 1677 464 1704 illius
479 1684 594 1711 persona
609 1678 678 1713 (46),
693 1680 741 1706 sed

1 1718 152 1751 apostolica
181 1721 364 1747 auctoritate:
383 1731 392 1746 ι
410 1722 502 1749 Gratia
521 1723 567 1750 Dei
586 1731 633 1758 per
651 1725 744 1752 Jesum

1 1763 91 1790 istmn
109 1764 249 1792 Domimun
268 1772 401 1795 nostrmu.
425 1777 435 1793 ι
456 1767 532 1796 Unde
547 1776 660 1804 apparet
672 1771 743 1805 quod

1 1815 93 1837 )terea
112 1810 168 1837 luce
184 1812 274 1839 omnia
291 1813 437 1848 descripsit
454 1815 611 1848 Apostolus,
629 1821 656 1843 et
672 1817 742 1844 mala

1 1870 2 1881 ς
25 1858 103 1884 intra
125 1866 174 1885 nos
191 1858 409 1895 agebantur(47)
429 1862 566 1896 exposuit,
581 1866 610 1889 ut
631 1863 664 1889 ad
681 1863 743 1890 ulti-

1 1914 15 1930 ιι
32 1905 192 1932 ostenderet
209 1911 238 1932 et
251 1906 359 1934 doceret
373 1908 407 1934 de
420 1908 529 1942 quantis
546 1916 595 1936 nos
612 1908 702 1941 tmlis,
714 1914 742 1937 et

1 1951 105 1985 mantis
125 1951 260 1979 mortibus
283 1953 411 1981 Christus
430 1954 540 1988 eripuit.
555 1955 632 1988 Quod
649 1961 739 1984 autem

1 1995 30 2023 iis
42 1998 81 2026 sit
90 1997 117 2026 in
128 1997 278 2033 Scripturis
314 1999 414 2027 divinis
432 2004 541 2028 sanctos
555 2008 686 2035 personas
698 2010 740 2030 as-

4 2049 53 2069 ere
75 2048 262 2077 peccatorum,
276 2050 303 2072 et
320 2045 468 2080 magistros
491 2047 635 2082 suscipere
655 2048 681 2074 in
697 2056 739 2075 se-

1 2088 75 2122 ipsos
86 2088 260 2118 inﬁrmitates
273 2091 480 2126 discipulorum,
495 2100 528 2118 ex
543 2092 613 2119 libro
627 2093 737 2128 quidem

5 2141 114 2161 morum
126 2134 283 2169 plenissime
293 2137 473 2171 perdocemur
481 2145 542 2164 cum
553 2138 669 2165 dieit“:«
679 2137 736 2166 Non

1 2187 51 2212 pax
72 2181 180 2208 ossibus
197 2181 264 2209 meis
287 2190 301 2209 a
319 2182 387 2210 facie
404 2187 579 2218 peccatorum
602 2191 735 2217 meorum,
753 2192 775 2219 ι)

1 2236 4 2252 ι
27 2227 188 2262 iniquitates
209 2228 386 2262 superposita:
409 2233 470 2256 sunt
497 2229 578 2263 capiti
604 2237 676 2262 meo,
709 2235 736 2257 et

1 2295 101 2323 ‘Galat.
128 2304 156 2328 ν,
175 2296 218 2323 l7.

1 2358 32 2390 ιο)
52 2360 99 2387 Et.
114 2360 288 2388 Desideratur
304 2358 329 2385 in
346 2363 425 2386 antea
441 2358 531 2388 editis.

1 2395 31 2427 ιι)
52 2396 138 2427 Alias,
153 2405 163 2421 σ
189 2396 310 2426 trahunt,
330 2403 339 2420 ι
365 2399 393 2420 et
413 2398 516 2428 postea,
540 2403 549 2420 ι
568 2394 696 2422 subdunt.
717 2404 727 2421 ι

1 2430 31 2470 υξ)
52 2432 139 2470 Alias,
159 2429 479 2470 «_certamen__hubere-_n
515 2463 521 2470 ,
699 2464 706 2470 ,

1 2465 31 2500 ὦ)
54 2466 138 2500 Quem
158 2466 308 2499 descripsit.
323 2466 387 2493 Haec
409 2463 490 2491 verba
515 2463 541 2491 in
555 2463 637 2492 editis
653 2464 730 2492 omit-

1 2508 38 2528 ιιτ.

1 2537 32 2570 ιι)
52 2536 134 2566 ΕιΙίιί,
153 2544 163 2561 ι
180 2535 222 2563 Sit
234 2542 309 2568 ergo.
329 2545 338 2562 ι

1 2571 33 2610 βξ)
53 2571 183 2610 ξε-υεεει
196 2571 222 2610 an
237 2571 329 2610 εειίιίι-
389 2609 393 2610 ν
472 2604 511 2610 ...

1 2572 24 2597 i5
53 2572 183 2598 Ei.Deest
196 2572 222 2597 in
237 2572 329 2597 editis.

1 2572 33 2638 isi
54 2606 181 2633 Ρεηοιια.
194 2605 294 2632 Nullibi
309 2606 334 2632 in
350 2609 429 2632 antea
448 2604 527 2631 editis
539 2609 688 2638 comparet.

50 2641 133 2680 Alias,
152 2651 161 2666 ο
184 2640 360 2680 gerebantur.
377 2649 390 2680 ι¹
432 2674 438 2680 _

1 2675 30 2710 ιθ)
49 2677 139 2707 Alias,
165 2685 175 2701 ι
199 2676 327 2710 quoniam
354 2675 512 2709 iniquitates
539 2681 605 2701 mea:
627 2681 726 2708 super-

1 2719 38 2738 isa
54 2715 116 2738 ειιιιι
127 2714 207 2744 caput
224 2710 536 2750 memorul’utrueruut
551 2713 726 2750 etncorruptfe

1 2751 5 2771 l
19 2747 78 2779 (aL:
93 2743 255 2783 exarserunt
266 2745 441 2783 i)cicatrice_s
457 2751 523 2783 mea:
541 2751 555 2770 ει
575 2743 644 2783 [ξιξ-ξε
659 2744 726 2783 ius-if

1 2781 45 2807 uiae
58 2788 132 2807 mete.
146 2779 320 2806 Miserlactus
330 2787 389 2806 sum
399 2779 447 2814 (a'l.
457 2788 466 2804 ι
480 2778 561 2806 Miser
575 2778 690 2806 alllictus
704 2780 726 2813 ν)

1 2821 104 2843 urvatus
118 2822 177 2843 sum
193 2821 278 2850 usque
291 2814 316 2841 iu
333 2814 425 2841 linem.
443 2824 452 2839 ι

762 1516 784 1545 C-

256 2297 279 2316 "
294 2297 365 2325 Psal.
379 2305 483 2330 xxxvu,
499 2297 557 2324 4-7.

595 2298 618 2314 ’⁸
636 2298 703 2325 Dan.
722 2306 759 2331 ut,
777 2297 794 2325 5
809 2305 868 2333 seq.

813 896 937 928 patribus
949 898 1061 931 nostris.
1077 905 1104 927 et
1116 902 1188 929 omni
1204 903 1302 938 populo
1319 906 1420 932 terrae?
1431 905 1462 933 Et
1481 907 1539 940 tibiI
1554 908 1603 935 Do-

811 941 894 974 mine,
910 942 1110 977 justitia,nobis
1121 951 1212 975 autem
1227 949 1351 977 conlusio
1366 951 1445 979 faciei
1460 952 1494 980 °'.
1513 962 1522 979 ι
1539 953 1606 988 Quis

809 989 907 1022 estqui
922 989 948 1016 in
964 990 1005 1017 his
1020 993 1112 1020 verbis
1130 1001 1231 1029 negare
1245 997 1331 1030 possit
1349 1005 1493 1032 personam
1508 1007 1605 1035 pecca~

811 1036 898 1060 torum
915 1042 929 1061 a
954 1035 1066 1064 Daniele
1085 1045 1146 1065 esse
1162 1047 1334 1075 susceptam,
1352 1051 1400 1077 pro
1424 1044 1521 1077 quibus
1545 1050 1604 1073 tan-
1642 1066 1645 1068 -

808 1085 889 1112 quam
906 1087 955 1114 pro
971 1081 1060 1116 seipse
1079 1083 1136 1110 lucc
1161 1085 1251 1113 dicere
1271 1087 1395 1114 videatur
1410 1089 1421 1115 ἱ)
1436 1089 1512 1117 Unde
1536 1098 1602 1118 con«

807 1126 919 1153 veniens
947 1133 990 1153 est
1015 1136 1064 1155 nos
1093 1129 1214 1164 legentes
1237 1132 1310 1159 dicta
1341 1138 1518 1167 sanctorum,
1539 1144 1600 1164 cum

806 1171 840 1198 ab
864 1171 904 1199 eis
932 1172 984 1200 tale
1013 1174 1115 1208 aliquid
1141 1177 1194 1204 dici
1228 1178 1369 1212 videmus,
1393 1180 1546 1216 intelligere
1573 1187 1599 1210 et

805 1218 907 1245 sentire
931 1219 995 1253 quia
1020 1226 1128 1248 nostras
1153 1222 1179 1249 in
1203 1225 1355 1258 semetipsis
1382 1227 1524 1260 passiones
1550 1236 1599 1255 no-

804 1267 917 1297 straque
940 1270 1050 1299 peccata
1077 1267 1254 1301 describunt;
1283 1274 1310 1296 et
1340 1276 1483 1305 propterea
1514 1273 1596 1309 587

804 1308 860 1336 haec
891 1309 928 1336 illi
959 1310 1068 1343 dellent,
1101 1317 1129 1339 ut
1163 1314 1270 1341 illorum
1300 1314 1407 1344 ﬂetibus
1427 1324 1476 1344 nos
1499 1308 1609 1356 invite-l

803 1363 863 1382 mur
878 1356 911 1383 ad
927 1356 1072 1393 lacrymas.
1090 1359 1305 1388 Considerabant
1318 1363 1390 1389 enim
1408 1364 1544 1391 neminem
1558 1366 1595 1392 ita

801 1401 897 1428 durum
913 1407 939 1428 et
954 1402 1089 1438 ingratum
1104 1404 1160 1440 (51)
1175 1413 1254 1440 posse
1269 1406 1394 1439 inveniri,
1416 1409 1462 1442 qui
1479 1417 1541 1436 cum
1560 1412 1595 1437 ab

800 1445 860 1474 aliis
893 1447 983 1474 videat
1015 1449 1128 1476 vulnera
1169 1458 1218 1477 sua
1258 1451 1367 1486 lugeri,
1399 1452 1458 1487 ipse
1491 1454 1594 1481 nullum

801 1492 835 1520 de
861 1494 919 1521 suis
944 1495 1105 1523 vulneribus
1134 1504 1246 1524 sensum
1271 1497 1373 1525 doloris
1399 1499 1530 1534 accipiat.
1553 1500 1592 1527 Ita

805 1547 870 1575 ergo
886 1544 913 1568 et
929 1541 956 1568 in
972 1543 1100 1576 praasenti
1118 1543 1236 1577 capitulo
1248 1543 1396 1578 Apostolus
1412 1551 1445 1572 ne
1459 1546 1520 1579 quis
1545 1554 1593 1572 uo-

802 1590 889 1613 strum
903 1588 1171 1618 erubesceretdehis
1180 1588 1320 1624 quaeintra
1346 1598 1376 1618 se
1390 1591 1447 1625 geri
1465 1592 1590 1623 sentiret,

801 1638 847 1659 aut
864 1633 946 1660 etiam
967 1641 1119 1662 conversus
1142 1636 1175 1662 ad
1198 1637 1355 1670 Dominum,
1375 1641 1403 1664 et
1416 1643 1520 1664 mutata
1535 1637 1590 1672 jam

805 1678 945 1706 voluntate
969 1679 1038 1715 (52),
1069 1688 1103 1708 ne
1132 1682 1190 1708 h:ec
1211 1682 1300 1710 adhuc
1318 1683 1390 1709 intra
1414 1683 1590 1718 semetipsum

800 1725 907 1752 moveri
924 1726 1045 1752 sentiens
1058 1726 1227 1761 desperaret,
1239 1728 1295 1762 ipse
1308 1735 1338 1754 ea
1353 1729 1430 1763 quasi
1449 1729 1474 1755 in
1490 1734 1590 1757 semet-

802 1769 863 1803 ipso
889 1770 947 1803 geri
967 1770 1124 1805 descripsit,
1141 1776 1171 1798 ut
1183 1772 1308 1806 exemplo
1321 1773 1442 1808 Apostoli
1460 1781 1509 1801 nec
1527 1782 1589 1801 cor-

799 1815 873 1849 poris
889 1819 994 1842 naturze
1007 1817 1109 1850 pudeat
1122 1824 1300 1852 quemquam,
1321 1826 1370 1845 nec
1388 1825 1438 1853 pro
1454 1820 1586 1846 emenda-

798 1862 871 1888 tione
884 1861 1022 1896 desperet,
1039 1869 1088 1889 nec
1105 1863 1238 1889 malorum
1263 1871 1374 1890 suorum
1401 1865 1588 1893 multitudines

795 1906 914 1941 ignoret,
933 1913 966 1933 ex
982 1907 1082 1941 quibus
1099 1915 1149 1941 per
1165 1906 1268 1934 Christi
1284 1908 1400 1943 gratiam
1418 1908 1559 1936 liberatur.

831 1952 876 1979 lo.
899 1961 908 1977 ι
933 1951 1027 1986 itaque
1054 1960 1104 1987 ego
1130 1953 1188 1987 ipse
1212 1958 1301 1980 mente
1325 1953 1416 1981 servio
1447 1954 1499 1989 legi
1526 1956 1584 1989 Dei.

794 2006 878 2026 carne
892 2003 983 2026 autem
1005 1999 1056 2034 legi
1075 1999 1179 2033 peccati
1202 2000 1237 2028 ³⁸.
1264 2009 1273 2025 ι
1303 2000 1384 2028 Forte
1399 2001 1499 2035 aliquis
1513 2003 1585 2029 dicet

793 2044 866 2079 quod
882 2044 1041 2079 Apostolus,
1068 2045 1114 2079 qui
1132 2052 1204 2072 nunc
1226 2053 1312 2079 usque
1339 2053 1392 2073 non
1413 2047 1490 2080 quasi
1514 2047 1583 2081 ipse.

793 2091 841 2118 sed
866 2096 1008 2126 assumpta
1028 2091 1143 2128 alterius
1169 2098 1288 2125 persona
1313 2092 1421 2119 locutus
1433 2097 1484 2124 est,
1503 2093 1583 2120 modo

793 2136 864 2163 velut
877 2144 1001 2171 personae
1014 2137 1236 2164 immutationem
1248 2137 1394 2171 designans
1410 2137 1493 2170 dicat,
1506 2146 1515 2162 ι
1526 2137 1582 2172 Ego

792 2182 859 2217 ipse,
872 2192 881 2208 ι
901 2188 931 2210 ut
948 2184 1076 2211 ostendat
1091 2183 1150 2211 haec
1166 2191 1227 2218 quae
1240 2184 1355 2211 dicenda
1372 2187 1446 2216 sunt,
1472 2183 1504 2209 ad
1535 2191 1580 2210 sc-

790 2229 878 2264 ipsum
906 2229 975 2256 idem
997 2229 1145 2264 Apostolus
1169 2230 1307 2265 pertinere
1321 2229 1388 2265 (55).
1403 2229 1472 2257 Dicit
1487 2233 1579 2257 autem

906 2297 929 2313 9‘
944 2296 1023 2324 Rom.
1040 2304 1087 2328 vn,
1104 2295 1150 2323 ‘25.

820 2358 877 2394 (49)
899 2357 1123 2394 Edit_i,«rel'ertnr,
1139 2357 1186 2385 sed
1201 2357 1242 2384 vir
1257 2357 1452 2385 desideriorum
1466 2358 1574 2393 dicitur,

785 2392 1078 2435 “arripiam-“sy
1135 2427 1141 2433 .
1230 2427 1265 2434 ..
1334 2427 1384 2435 ..
1474 2428 1510 2435 ..

819 2428 875 2464 (50)
895 2428 979 2464 Alias,
998 2435 1008 2452 ε
1029 2427 1215 2459 Peccavimus,
1230 2427 1321 2464 inique
1333 2427 1457 2459 fecimus,
1474 2428 1575 2463 injuste

782 2464 899 2499 egimus,
910 2463 1177 2499 Vetuimpietatem....
1195 2468 1223 2499 et
1245 2463 1474 2499 declinavimusa
1492 2472 1572 2491 tuan-

782 2496 853 2526 datis
870 2503 896 2525 et
907 2497 1016 2534 judiciis
1033 2496 1096 2532 (al.¢
1111 2497 1269 2534 amandatis
1287 2503 1314 2524 et
1330 2506 1344 2524 a
1358 2498 1470 2532 judiciis
1486 2500 1538 2525 tuis
1549 2499 1572 2534 ι)

781 2539 809 2561 et
825 2541 876 2560 non
900 2532 1069 2568 obedivimus
1086 2532 1172 2568 servis
1197 2533 1249 2558 tuis
1266 2533 1438 2568 prophetis...
1454 2537 1480 2560 et
1502 2532 1573 2568 regl-

780 2569 832 2597 bus
847 2567 957 2598 nostris,
972 2571 1000 2594 et
1014 2567 1183 2601 principibus
1206 2567 1316 2600 nostris,
1335 2576 1344 2592 ι
1361 2573 1415 2594 etc.

816 2614 872 2650 (51)
891 2613 961 2640 Editi
977 2612 1110 2648 plerique.
1132 2620 1141 2637 ι
1155 2613 1290 2646 ignarum,
1311 2621 1320 2638 ι
1339 2613 1422 2640 male.

817 2661 874 2696 (52)
888 2660 973 2692 Alias,
989 2668 998 2685 ι
1013 2663 1040 2687 et
1056 2663 1159 2685 mutata
1176 2658 1301 2693 quisjam
1320 2658 1470 2686 voluntate.
1484 2669 1494 2686 ι

817 2707 873 2740 (ὖὸ)
890 2707 973 2738 Alias,
992 2715 1001 2731 ι
1019 2709 1048 2732 ιιι
1061 2704 1190 2732 ostendat
1206 2704 1263 2731 haec
1278 2704 1379 2731 dixisse
1403 2704 1463 2740 (aL,
1488 2706 1513 2731 (it
1523 2710 1565 2731 cst

788 2739 969 2777 cdixisse»)ad
987 2740 1104 2777 scipsutn
1123 2739 1193 2766 idem
1215 2739 1361 2777 Apostolus
1377 2741 1534 2777 pertineret.
1552 2749 1565 2766 ι

782 2778 868 2808 Alias,
886 2785 894 2801 ι
915 2775 942 2802 ut
956 2776 1080 2815 ostendat
1094 2775 1158 2815 haec
1171 2782 1224 2808 qua
1245 2775 1357 2815 dicenda
1379 2779 1452 2807 sunt,
1473 2775 1505 2802 ad
1526 2781 1566 2803 se-

783 2813 882 2846 ipsmn,
899 2811 924 2837 id
941 2816 981 2837 cst
997 2811 1030 2837 ad
1049 2809 1207 2844 Apostohun
1222 2809 1365 2844 pertinere.
1376 2819 1386 2835 ι
