1831 3052
203 100 273 128 £095

202 162 270 190 dicit
283 162 377 196 David,
393 162 519 198 quoniam
535 170 543 186 ι
562 159 588 187 in
603 158 795 193 iniquitatibus
808 157 932 192 concepit
947 163 989 184 me

203 213 289 235 mater
304 216 362 236 mea
378 209 399 235 ⁸.
416 218 425 234 ι
444 207 543 235 Verum
555 207 600 240 qui
614 213 648 232 ex
662 205 733 232 nulla
747 204 797 231 viri
813 203 988 238 contagione,

202 254 250 280 sed
261 254 319 280 solo
327 253 427 288 Spiritu
437 258 532 280 sancto
542 259 624 285 super
638 251 773 286 Virginem
789 250 913 277 veniente
923 248 989 284 (82),

201 305 230 325 et
245 299 343 325 virtute
355 299 485 325 Altissimi
500 298 682 325 obumbrante
698 296 771 322 venit
783 296 815 322 ad
830 295 990 330 corpusim-

203 343 383 374 maculatum,
401 348 525 370 naturam
537 343 645 377 quidem
658 341 872 376 corporisnostri
884 340 988 373 habuit,

201 389 376 424 pollutionem
397 394 486 415 tamen
506 389 610 421 peccati
632 395 692 422 qttae
709 395 741 414 ex
758 387 989 421 concupiscentia:

201 440 276 461 motu
295 436 433 469 conceptis
447 435 572 466 traditur,
588 433 699 460 omnino
714 440 765 458 non
784 433 889 459 habuit.
905 432 988 458 Idcir-

200 488 232 506 co
245 487 310 514 ergo
324 490 332 506 ι
350 480 375 506 in
391 480 596 507 similitudinem
615 479 705 506 carnis
724 478 829 512 peccati
850 487 859 504 ›
883 479 989 504 venisse

199 527 298 552 dicitur
328 526 412 552 Filius
436 526 493 553 Dei.
522 534 531 550 ι
553 525 587 552 Ει
619 534 667 559 pro
693 530 818 559 peccato,
851 533 860 550 ι
878 524 986 558 inquit,

202 579 212 596 ε
233 571 526 605 danntavitpcccatum
549 572 574 597 in
598 578 695 598 carne.
719 580 727 596 ι
745 570 822 603 Quod
838 569 925 596 liostia
939 577 988 603 pro

198 621 311 649 peccato
327 617 416 643 factus
427 618 461 643 sit
472 617 609 648 Christus,
622 621 648 643 et
663 616 772 643 oblatus
783 616 818 642 sit
828 623 875 649 pro
890 622 987 649 purga-

199 663 272 689 tione
286 668 479 697 peccatorum,
502 670 598 688 omnes
620 662 768 696 Scriptum
792 665 942 693 testantur,
960 665 988 687 ct

198 708 332 742 praecipue
345 707 443 734 Paulus
456 708 489 734 ad
505 707 631 734 Hebrazos
644 708 777 739 scribens,
794 714 856 733 cutn
876 706 961 734 dicit'
977 716 984 734 :

201 762 211 778 (
228 753 284 780 lloc
304 753 375 779 enim
392 752 454 779 fecit
467 753 569 784 semel,
589 753 763 786 semetipsum
778 752 916 779 oﬂerendo
935 751 986 778 ho-

197 800 296 831 stiam;
317 809 326 825 ι
346 804 373 826 et
386 800 482 825 iterum
499 808 506 826 ;
524 807 533 824 ι
553 798 603 831 Qui
622 799 731 832 proprio
746 796 814 825 Filio
824 805 875 824 non
888 805 985 832 peper-

197 846 245 876 cit,
265 845 311 871 sed
334 852 383 879 pro
402 843 479 871 nobis
491 844 618 870 omnibus
635 843 747 871 tradidit
761 843 835 870 illum
849 843 882 869 ⁵ο.
906 852 915 868 ι
934 843 984 869 Per

196 889 266 916 hanc
284 896 348 923 ergo
364 889 481 915 hostium
499 888 591 914 carnis
607 895 679 919 suae,
702 895 762 922 quae
779 888 880 914 dicitur
900 896 909 913 ι
936 894 984 921 pro

197 939 309 968 peccato
325 933 392 968 (85),
415 943 423 958 ι
444 933 583 959 damnavit
596 937 735 967 peccatum
753 933 778 960 in
799 940 893 964 carne,
911 933 983 959 sicut

197 980 267 1006 idem
282 978 429 1013 Apostolus
451 979 476 1005 in
494 979 555 1005 aliis
569 978 634 1005 dicit
649 979 682 1011 “,
696 979 759 1013 quia
785 987 793 1004 ι
813 979 937 1013 apparuit
958 979 983 1004 in

196 1025 355 1052 novissimis
376 1025 472 1051 diebus
490 1024 523 1050 ad
541 1025 756 1052 destructionem
779 1025 882 1059 peccati
899 1033 906 1051 :
930 1034 938 1051 ι
957 1029 985 1052 ct

196 1071 292 1097 iterum
307 1070 437 1105 propheta
453 1070 520 1097 dicit
537 1079 543 1096 :
561 1079 571 1095 ‹
594 1071 653 1105 Ipse
669 1075 780 1105 peccata
799 1075 893 1097 nostra
910 1070 982 1102 tttlit,

194 1119 222 1142 et
249 1115 407 1149 iniquitates
437 1121 545 1142 nostras
564 1117 683 1150 portavit
706 1116 738 1143 ".
768 1125 777 1142 ι
797 1115 850 1143 Pro
872 1121 983 1150 peccato

195 1169 271 1196 ergo,
284 1162 336 1188 hoc
356 1167 398 1188 est
415 1170 463 1196 per
481 1162 597 1189 hostiam
612 1162 705 1189 carnis
717 1169 772 1188 suae
788 1169 869 1196 quam
884 1161 984 1188 obtulit

194 1214 243 1241 pro
257 1213 377 1241 peccato,
398 1216 407 1232 ι
431 1208 571 1234 damnavit
596 1213 737 1242 peccatum
764 1208 790 1234 iu
814 1214 897 1234 carne
916 1215 982 1239 sua,

194 1253 394 1287 utjustilicatio
408 1253 475 1288 legis
492 1253 649 1288 impleretur
662 1253 688 1280 in
707 1254 795 1285 nobis.
810 1253 856 1287 qui
875 1261 927 1281 non
941 1261 984 1279 se-

193 1299 311 1326 cundum
331 1306 441 1326 carnem
463 1300 632 1327 ambulamus
644 1321 651 1332 ,
669 1300 715 1327 sed
731 1300 881 1327 secundum
901 1300 982 1334 spiri-

194 1349 261 1371 tum.
281 1354 290 1370 ι
309 1344 362 1371 Per
383 1345 454 1372 hanc
471 1345 526 1381 (84)
543 1346 645 1373 etenim
663 1346 780 1373 hostiam
801 1346 905 1377 carnis,
924 1353 984 1379 qua:

192 1389 282 1417 oblata
297 1395 338 1416 est
352 1398 401 1424 pro
419 1396 543 1424 peccato,
562 1396 589 1418 et
606 1391 746 1417 damnavit
758 1396 914 1425 peccatum,
933 1391 983 1418 hoc

192 1440 234 1462 est
273 1435 375 1470 fugavit
390 1441 541 1470 peccatum,
558 1440 584 1463 et
595 1436 715 1468 abstulit,
728 1440 754 1462 ut
766 1435 924 1470 justiﬁcatio
944 1436 984 1463 le-

192 1480 235 1515 gis
246 1480 402 1514 impleretur
415 1481 441 1507 in
454 1481 531 1507 nobis
542 1481 589 1514 qui
600 1481 684 1515 legem
697 1482 846 1508 secundum
858 1481 982 1515 spiritum

193 1525 373 1557 custodimus,
383 1530 410 1552 el.
426 1532 477 1552 non
488 1527 636 1552 secundum
647 1534 757 1553 carnem
771 1536 778 1554 :
791 1527 817 1554 in
831 1535 882 1562 qua
895 1533 981 1562 parte,

193 1572 343 1598 secundum
361 1579 393 1598 ea
409 1579 468 1606 qua:
486 1579 569 1606 supra
589 1573 781 1606 exposuimus,
808 1574 983 1608 impossibilis

193 1622 253 1644 erat
275 1617 317 1644 lex
340 1622 368 1644 et
388 1617 508 1644 inlirma.
527 1626 536 1642 ι
553 1617 603 1650 Qui
619 1618 691 1645 enim
708 1619 857 1646 secundum
871 1626 981 1646 carnem

192 1666 266 1695 sunt,
280 1670 340 1697 qua:
353 1663 444 1690 (aruis
465 1669 527 1690 sunt
543 1664 653 1698 sapiunt
671 1671 679 1692 :
694 1665 739 1698 qui
752 1672 816 1691 vero
833 1665 980 1692 secundum

193 1709 330 1743 spiritum,
352 1716 411 1743 qua:
439 1715 503 1736 sunt
525 1710 647 1744 spiritus.
671 1719 681 1736 ›
710 1710 759 1737 Hic
781 1711 836 1745 jam
860 1711 982 1745 apertius

191 1754 267 1790 quasi
284 1754 340 1790 (85)
361 1756 431 1782 inter
452 1762 502 1782 nos
523 1759 550 1782 et
573 1754 682 1783 Jud;eos
701 1757 727 1783 in
751 1757 840 1784 medio
858 1762 981 1784 statuens

192 1799 278 1835 legem
293 1800 378 1835 Moysi
404 1800 482 1831 dicit,
508 1809 517 1825 ι
539 1800 589 1833 Qui
611 1801 760 1828 secundum
780 1809 888 1828 carnem
904 1805 980 1834 sunt,

190 1854 251 1881 qua:
259 1847 349 1874 carnis
362 1852 425 1873 sunt
441 1848 561 1882 sapiunt.
580 1856 589 1873 ι
609 1847 659 1874 hoc
672 1851 725 1880 est,
736 1845 833 1879 Judzni,
850 1854 918 1881 quos
934 1847 978 1874 di-

191 1893 228 1919 cit
242 1893 391 1920 secumlum
408 1900 519 1920 carnem
534 1892 629 1923 lsrael.
652 1900 713 1927 qua:
729 1891 785 1928 (86)
805 1892 896 1919 carnis
912 1892 979 1927 legis

192 1943 257 1965 sunt
279 1938 395 1973 sapiunt,
411 1939 437 1965 in
453 1946 485 1965 eo
506 1939 577 1973 quod
593 1939 741 1965 secundum
764 1945 873 1965 carnem
892 1938 978 1973 legem

191 1983 345 2018 intelligunt
364 1992 371 2011 :
387 1992 396 2009 ι
413 1983 458 2018 qui
475 1990 540 2010 vero
558 1984 708 2010 secundutn
731 1983 855 2017 spiritum
875 1983 918 2018 (de
936 1983 978 2010 his

190 2029 285 2056 dicens
301 2036 368 2064 quos
378 2028 488 2056 Judteos
500 2029 567 2055 dicit
581 2029 688 2062 spiritu,
701 2036 754 2056 non
768 2029 882 2063 littera),
893 2037 902 2053 ι
919 2036 978 2062 quae.

189 2079 253 2101 sunt
272 2075 383 2109 spiritus
400 2073 469 2109 (87).
489 2084 498 2100 ι
516 2075 548 2101 Ει
564 2075 654 2101 adhuc
678 2075 761 2102 satiat
773 2074 898 2101 eumdem
915 2082 977 2101 sen-

189 2127 261 2152 sum,
274 2126 301 2147 et
320 2120 410 2154 aperit
427 2120 599 2153 evidentius,
620 2128 682 2147 cutn
701 2120 787 2147 dicit:
801 2129 811 2145 ‹
828 2119 975 2147 Prudentia

189 2210 243 2237 vita
261 2214 288 2236 et
307 2217 368 2245 pax.
388 2219 398 2236 ι
417 2209 545 2245 Nunquid
567 2217 621 2237 non
640 2217 722 2236 unum
745 2214 828 2244 atque
847 2210 917 2237 idem
933 2214 975 2237 est

188 2255 260 2291 quod
275 2257 352 2288 dicit,
370 2264 380 2281 ι
404 2255 552 2283 Prudentia
565 2255 657 2283 carnis
670 2263 743 2283 mors
755 2259 806 2288 est,
823 2264 834 2282 ι
852 2259 880 2282 et
890 2255 973 2282 illud:

222 2337 234 2353 ³
253 2337 321 2364 Psal.
340 2345 365 2368 t.,
384 2337 409 2365 7.

188 2371 210 2388 “
222 2371 301 2400 Joau.
320 2381 377 2405 ιιι,
393 2372 419 2400 7.

462 2337 471 2352 ¹
486 2336 567 2364 Hebr.
585 2344 634 2368 vn,
649 2336 694 2364 27.

459 2372 481 2388 "
495 2373 556 2399 lsai.
572 2380 591 2405 ι,
609 2372 652 2403 15,
672 2372 714 2399 14.

237 2442 280 2477 8‘2)
298 2443 346 2470 Ms.
369 2451 449 2475 unus,
468 2451 477 2468 ι
495 2450 575 2477 super
595 2442 727 2477 virginem
741 2441 935 2469 descendente.
962 2451 970 2467 ι

236 2478 280 2512 85)
296 2478 376 2510 Editi,
393 2487 402 2503 ι
421 2484 497 2512 aeque
512 2479 621 2510 dicitur,
640 2485 688 2512 pro
699 2483 822 2512 peccato,
841 2485 850 2503 ι
866 2482 920 2505 etc.

224 2511 281 2547 (84)
300 2513 381 2544 Editi,
403 2521 412 2537 ι
434 2511 589 2539 Posthauc.
611 2522 619 2538 ι

224 2548 282 2582 (85)
297 2548 323 2574 In
339 2547 419 2574 editis
435 2549 511 2574 deest
529 2556 538 2572 ι
557 2547 645 2582 quasi.
666 2557 676 2573 ι

223 2581 278 2618 (86)
292 2582 378 2614 Alias,
398 2591 406 2607 ι
421 2583 483 2616 quia
499 2581 573 2616 quae,
584 2591 593 2608 ι
607 2588 662 2609 etc.
677 2582 725 2618 al.,
741 2590 750 2607 ‹
765 2581 810 2618 qui
823 2588 854 2608 ea
869 2587 941 2618 quae,
965 2589 975 2605 ι

187 2616 241 2659 etc.
258 2617 310 2645 Sed
325 2622 439 2651 utraque
459 2624 509 2643 vox
529 2617 604 2645 deest
616 2617 643 2644 in
656 2617 739 2644 editis
751 2623 778 2644 et
793 2617 819 2644 in
838 2623 904 2642 mss.
918 2616 975 2650 ple-

187 2660 289 2680 rlsuue.

223 2661 386 2722 (ΙδιέῗἈιὶιιε,
409 2696 419 2712 ι
440 2694 500 2720 quae
527 2691 591 2714 sunt
609 2686 722 2721 spiritus
746 2687 872 2721 sapiunt;
895 2694 905 2712 ι
925 2684 973 2717 a|.,

189 2730 199 2747 ε
221 2724 351 2749 sentiunt.
373 2731 382 2748 ›
399 2722 430 2748 Ει
444 2722 523 2756 paulo
539 2727 601 2756 post
618 2730 669 2749 tus.
686 2729 755 2749 unus
776 2727 802 2749 et
815 2721 899 2755 editi,
913 2729 923 2748 ι
945 2725 974 2748 et

186 2757 257 2791 sapit
272 2757 434 2784 evidentius.
452 2766 461 2782 ι

225 2789 278 2827 εδδ)
292 2792 375 2824 Alias,
392 2802 401 2817 ι
421 2791 503 2827 Cujus
517 2799 589 2819 mors
605 2791 663 2820 cst?
684 2800 692 2816 ι

929 94 1089 125 ORIGENIS

741 2337 763 2353 ¹⁰
776 2336 855 2363 Rom.
876 2342 935 2367 vnt,
951 2335 996 2363 5‘2.

755 2372 776 2387 ¹⁶
789 2371 878 2398 Galat.
893 2379 930 2404 tv,
947 2371 991 2397 25.

1749 100 1793 128 ltl‘Jtl

1003 159 1026 187 Α
1043 165 1053 181 ι
1072 155 1176 183 Littera
1188 155 1289 182 occidit
1304 155 1343 182 "1'
1357 164 1365 180 ι
1380 155 1464 190 Igitur
1477 164 1486 180 ι
1501 154 1643 190 prudentia
1655 157 1739 183 carnis
1747 166 1794 185 mou

1042 206 1095 228 est.
1116 210 1125 227 ι
1151 201 1200 228 Cui
1229 209 1300 228 mors
1317 205 1359 228 est
1379 201 1572 235 (88)?Anim:e
1597 203 1655 228 sine
1673 202 1794 236 dubio.Q=i

1042 246 1114 272 enim
1128 245 1212 280 legem
1228 247 1375 273 secundum
1388 253 1508 279 carnem,
1523 247 1549 273 id
1571 252 1613 274 est
1626 249 1759 274 secundum
1768 249 1795 275 lil-

1044 294 1141 322 teram,
1162 291 1326 318 intellexerit
1339 311 1346 323 ,
1362 299 1414 318 non
1435 293 1508 319 venit
1521 293 1554 318 ad
1570 292 1706 320 Christum
1723 294 1793 328 quiest

1042 337 1108 369 vita,
1123 337 1220 364 etideo
1231 347 1240 363 ι
1259 339 1401 371 prudentia
1413 339 1513 370 ειη-ηις,
1529 346 1603 365 tnors
1620 344 1660 366 est
1679 349 1686 366 :
1705 343 1794 374 pruden-

1042 382 1077 409 tia
1092 390 1158 410 vero
1172 384 1300 417 spiritus.
1317 384 1371 410 vita
1396 390 1422 412 et
1439 392 1501 417 pax.
1522 394 1530 410 ι
1558 385 1645 411 Vitam
1667 393 1767 421 namque
1776 393 1794 414 et

1041 435 1147 462 pacem,
1169 437 1228 463 qua:
1242 434 1283 456 est
1301 430 1426 457 Christus
1443 431 1509 465 (89),
1528 431 1610 458 habet
1628 433 1672 466 qui
1693 433 1792 467 spiritali-

1042 478 1083 500 tcr
1099 474 1225 508 intelligit
1236 475 1331 509 legem.
1353 484 1361 500 I
1380 476 1511 508 Quoniam
1524 477 1656 510 sapientia
1666 479 1749 504 carnis
1762 479 1794 504 iui-

1041 519 1110 545 mica
1122 524 1164 547 est
1177 520 1231 547 Deo
1248 529 1255 547 :
1271 520 1322 556 legi
1338 521 1409 548 enim
1425 522 1470 548 Dei
1489 529 1542 548 non
1559 528 1602 550 est
1618 523 1795 557 subjectum:

1039 565 1111 591 enim
1125 569 1222 598 potest.
1234 575 1242 591 ι
1255 565 1366 593 Videtur
1378 568 1464 594 adlmc
1475 568 1545 594 idem
1559 567 1710 596 intellectus
1724 570 1795 596 evolvi.

1039 611 1179 644 Quomodo
1197 612 1268 639 enim
1292 613 1422 646 sapientia
1442 615 1546 644 carnis,
1571 615 1620 640 hoc
1633 620 1672 641 est
1706 615 1797 642 carnalis

1040 655 1228 690 intelligentia,
1248 664 1300 683 non
1319 657 1356 684 sit
1373 657 1482 684 inimica
1500 657 1564 689 Deo.
1587 667 1646 693 quae
1663 660 1796 686 adversatur

1038 702 1165 736 Christo;
1180 711 1240 738 qua:
1261 712 1315 731 non
1341 704 1439 738 recipit
1459 711 1521 731 eum
1542 712 1622 739 quem
1645 706 1718 733 misit
1732 707 1796 737 Deus;

1038 756 1098 783 quae
1111 749 1196 776 dicit:
1216 759 1224 775 ι
1245 750 1298 778 Nos
1313 751 1397 786 legem
1416 752 1558 784 habemus,
1577 753 1757 779 et'secundum
1770 753 1797 779 le-

1038 801 1097 829 gem
1112 794 1193 822 debet
1206 795 1285 828 mori,
1301 797 1363 830 quia
1373 797 1469 824 Filium
1483 797 1529 825 Dei
1546 805 1576 825 se
1589 797 1651 825 fecit
1667 799 1690 813 ιδ
1703 799 1713 824 l
1728 808 1736 824 ν
1747 798 1797 830 Quo-

1035 840 1115 867 modo
1131 847 1194 876 ergo
1209 842 1267 868 haec
1287 842 1349 869 talis
1370 843 1514 877 sapientia,
1530 848 1558 870 et
1573 843 1636 870 talis
1650 843 1796 877 intelligendi

1037 886 1061 912 in
1081 885 1137 921 lege
1159 887 1214 914 Deo
1235 895 1288 914 non
1310 887 1419 915 dicatur
1442 889 1564 921 inimica,
1585 894 1613 916 et
1635 889 1686 924 legi
1698 888 1796 923 ejusiEi

1039 931 1142 958 scilicet
1152 940 1213 966 qua:
1223 933 1371 960 secundum
1381 933 1506 967 spiritum
1514 939 1566 966 est,
1577 942 1630 962 non
1643 934 1795 968 estsubjecu,

1035 983 1086 1003 nec
1111 981 1201 1011 potest
1226 977 1324 1011 subjici
1339 987 1346 1005 :
1364 978 1427 1012 quia
1449 977 1520 1005 sicut
1540 978 1597 1012 (90)
1617 979 1748 1005 contraria
1762 977 1795 1004 sibi

1036 1026 1098 1049 sunt
1115 1030 1189 1050 mors
1202 1028 1230 1050 et
1250 1024 1318 1055 vita,
1336 1024 1373 1055 ita
1387 1023 1526 1050 contraria
1544 1024 1667 1050 suntsibi
1684 1023 1762 1050 littera
1771 1026 1796 1049 ιε-

1035 1069 1078 1103 gis
1096 1069 1225 1096 occidens
1245 1069 1300 1105 (91)
1329 1077 1389 1104 qure
1411 1075 1437 1095 et
1458 1069 1590 1103 sapientia
1612 1069 1703 1096 carnis
1721 1074 1797 1100 est,et

1035 1114 1146 1148 spiritus
1163 1115 1304 1142 viviﬁcans
1318 1115 1364 1149 qui
1382 1122 1444 1142 vere
1458 1115 1501 1141 lex
1516 1115 1562 1142 Dei
1577 1120 1630 1142 est.
1649 1124 1657 1140 ι
1672 1115 1719 1147 Qui
1730 1120 1796 1141 autem

1036 1159 1062 1185 in
1075 1167 1156 1186 carne
1168 1165 1242 1192 sunt,
1253 1160 1307 1187 Deo
1324 1160 1433 1194 placere
1450 1167 1502 1186 non
1520 1165 1645 1194 possunt.
1662 1160 1714 1186 Vos
1728 1166 1796 1186 autem

1035 1206 1061 1231 in
1073 1212 1156 1232 carne
1170 1214 1222 1232 non
1236 1206 1318 1237 estis,
1341 1206 1388 1233 sed
1408 1206 1433 1232 in
1451 1205 1534 1241 590
1557 1206 1654 1240 spiritu
1674 1206 1794 1233 :sitameu

1036 1253 1154 1286 Spiritus
1174 1253 1220 1280 Dei
1235 1253 1374 1280 habitatin
1392 1254 1476 1280 vobis.
1493 1262 1502 1279 ›
1516 1253 1617 1280 Eadem
1633 1253 1752 1287 perdurat
1767 1254 1795 1278 in-

1001 827 1020 853 Β

1037 1299 1193 1333 tclligentia.
1210 1307 1219 1324 ‹
1239 1299 1290 1332 Qui
1307 1299 1333 1325 in
1349 1306 1434 1326 carne
1449 1304 1524 1331 sunt,
1543 1308 1553 1324 ι
1579 1299 1687 1333 inquit,
1701 1299 1746 1325 hoc
1759 1303 1796 1326 est.
1813 1295 1814 1306 ³

1035 1345 1080 1379 qui
1106 1345 1255 1372 secundum
1283 1344 1400 1372 litteram
1425 1350 1579 1378 sequuntur
1602 1345 1708 1380 legem,
1733 1354 1741 1370 ι
1756 1345 1796 1370 Deo

1034 1390 1205 1424 placcrenon
1217 1395 1340 1424 possunt.
1360 1399 1371 1416 ι
1386 1389 1441 1418 Hoc
1456 1391 1531 1417 enim
1547 1397 1575 1418 et
1587 1391 1654 1417 olim
1669 1391 1796 1425 perlsaiam

1035 1437 1238 1470 pronuntiatum
1253 1443 1294 1465 cst
1304 1438 1459 1470 al)co,cum
1475 1437 1542 1464 dicit
1555 1446 1562 1464 :
1578 1446 1588 1463 ι
1611 1436 1725 1470 Jejunia.
1736 1442 1757 1463 ct
1768 1436 1795 1462 fc-

1036 1481 1210 1514 rias,etdiem
1226 1489 1353 1516 magnum
1367 1487 1489 1510 vestrum
1503 1490 1556 1509 non
1567 1484 1704 1510 sustineo:
1716 1489 1797 1509 nemne-

1035 1527 1095 1554 nias
1105 1531 1132 1553 et
1146 1526 1263 1554 Sabbata
1278 1532 1369 1554 veStra
1386 1528 1445 1554 odit
1465 1528 1557 1554 anima
1572 1536 1632 1555 mea
1652 1529 1683 1554 η.
1702 1538 1711 1554 ι
1726 1528 1796 1555 Sedet

1040 1580 1111 1605 «vos,
1124 1582 1132 1598 ι
1145 1572 1244 1606 inquit,
1254 1573 1280 1599 in
1289 1573 1388 1607 quibus
1399 1572 1516 1607 Spiritus
1525 1572 1571 1600 Dei
1579 1573 1693 1604 habitat,
1701 1573 1794 1600 simne]

1033 1618 1139 1645 habitat
1156 1619 1223 1654 (92),
1244 1627 1253 1643 ι
1272 1619 1297 1645 in
1309 1625 1393 1646 carne
1407 1626 1459 1646 non
1474 1620 1551 1651 estis,
1566 1619 1612 1646 sed
1629 1619 1656 1646 in
1673 1620 1772 1653 spiritu.
1787 1626 1793 1642 ›

997 1494 1018 1522 C

1033 1663 1084 1690 hoc
1102 1668 1145 1690 est
1157 1685 1164 1696 ,
1179 1671 1231 1690 non
1256 1664 1462 1698 intelligentiam
1484 1665 1624 1691 carnalem
1643 1664 1710 1698 legis
1727 1664 1796 1697 sequi-

1033 1708 1110 1741 mini,
1123 1710 1168 1736 sed
1180 1709 1341 1744 spiritalem,
1354 1717 1403 1744 per
1417 1717 1497 1744 quam
1511 1711 1628 1737 venistis
1644 1711 1678 1736 ad
1691 1710 1794 1744 Spiritum

1031 1755 1223 1786 viviﬁcantem.
1239 1755 1261 1782 si
1277 1760 1366 1782 tamen
1377 1760 1455 1782 actus
1469 1756 1552 1782 vestri
1567 1755 1636 1783 tales
1652 1756 1705 1784 sint
1717 1761 1796 1783 etconr
1813 1750 1814 1755 ¹

1031 1800 1160 1832 versatio.
1185 1805 1214 1827 ut
1236 1800 1368 1834 Spiritum
1388 1801 1433 1827 Dei
1454 1801 1480 1828 in
1501 1801 1580 1827 vobis
1596 1801 1696 1828 habere
1710 1808 1794 1827 merea-

1031 1845 1111 1872 mini.
1129 1845 1156 1872 In
1173 1845 1238 1872 duas
1250 1853 1327 1880 ergo,
1344 1850 1372 1873 ut
1389 1846 1520 1879 diximus,
1534 1851 1627 1880 partes
1640 1847 1758 1874 dividens
1769 1846 1795 1871 lc-

1029 1899 1090 1926 gem
1102 1891 1200 1927 Moysi.
1212 1892 1237 1918 id
1253 1896 1306 1924 est,
1320 1892 1345 1918 in
1359 1891 1496 1926 spiritum,
1513 1897 1540 1920 et
1553 1901 1674 1925 carnem,
1686 1900 1742 1927 quae
1749 1896 1796 1918 sunt

1029 1936 1151 1971 spiritus,
1167 1941 1283 1971 quamet
1299 1936 1448 1971 spiritalem
1465 1937 1552 1972 legem
1572 1937 1724 1972 appellavit,
1738 1936 1795 1963 nobs

1030 1983 1141 2010 tradidit
1158 1992 1164 2009 :
1179 1990 1239 2017 quae
1255 1990 1320 2009 vero
1338 1984 1430 2010 carnis
1446 1989 1527 2015 sunt,
1543 1983 1698 2011 carnalibus
1715 1982 1795 2010 Judais

1028 2028 1147 2063 reliquit.
1170 2028 1217 2056 Sic
1240 2029 1356 2062 denique
1377 2034 1404 2056 et
1425 2029 1489 2056 illud
1510 2029 1702 2063 interpretatus
1719 2033 1755 2056 est
1772 2027 1795 2053 de
1813 2058 1814 2067 ἶ

1027 2074 1163 2101 Abraham
1189 2083 1250 2102 cum
1272 2075 1339 2102 dixit
1357 2085 1362 2102 :
1384 2084 1394 2101 ι
1421 2075 1474 2102 Sed
1496 2075 1519 2101 is
1535 2075 1645 2109 quidem
1661 2075 1705 2109 qui
1718 2074 1747 2101 de
1760 2081 1795 2099 au-

1027 2119 1100 2154 cilla,
1118 2120 1268 2148 secundum
1290 2128 1401 2148 carnem
1424 2125 1504 2147 natus
1524 2125 1588 2147 est:
1607 2121 1655 2155 qui
1675 2125 1757 2146 autem
1772 2125 1794 2144 et

188 2166 261 2192 enim
277 2165 386 2197 carnis,
403 2172 475 2192 tuors
486 2169 529 2192 est
547 2172 554 2192 :
572 2165 715 2199 prudentia
731 2169 821 2192 autem
843 2165 973 2200 spiritus,
991 2159 1012 2186 ί)
1031 2164 1128 2198 libera,
1141 2173 1189 2200 per
1203 2166 1452 2200 repromissionem.
1468 2166 1501 2192 Et
1520 2167 1590 2192 sicut
1605 2171 1668 2192 tunc
1680 2166 1703 2192 is
1715 2166 1755 2199 qui
1767 2172 1795 2189 se

1028 2211 1144 2239 cundum
1155 2219 1266 2239 carnem
1286 2218 1365 2239 natus
1379 2217 1438 2245 est,
1456 2212 1673 2246 persequebatur
1685 2218 1741 2237 eum
1758 2208 1792 2241 qui
1813 2205 1814 2214 ‘

1028 2257 1176 2285 secundum
1199 2258 1340 2293 spiritum;
1363 2258 1400 2284 ita
1417 2263 1444 2284 et
1464 2265 1536 2285 nunc
1558 2258 1590 2284 ¹⁶.
1615 2266 1624 2283 ι
1649 2257 1751 2284 Certum
1765 2261 1793 2280 es

1036 2335 1057 2351 “
1069 2335 1152 2364 Hebr.
1171 2343 1208 2367 ix,
1224 2335 1270 2362 26.
1310 2335 1330 2351 ¹¹
1351 2334 1413 2362 lsai.
1428 2342 1486 2367 ι.ιιι⁷
1500 2333 1527 2360 ι.

1061 2441 1117 2476 (89)
1136 2440 1221 2472 Alias,
1243 2448 1252 2465 ι
1271 2440 1342 2473 quod
1356 2443 1399 2466 est
1412 2438 1551 2476 Christus.
1571 2448 1600 2476 ιη
1613 2473 1630 2476 __
1646 2472 1652 2476 _
1775 2470 1778 2473 ‘

1060 2472 1117 2511 (90)
1144 2477 1190 2502 Sic
1214 2472 1351 2511 lusimus
1371 2474 1556 2511 etrltabam‘is.
1582 2472 1652 2511 Editi
1668 2477 1791 2511 veretri:

1025 2503 1085 2546 leg‘e
1107 2503 1152 2538 Dei
1177 2518 1229 2537 non
1248 2510 1353 2546 dicatur
1371 2509 1477 2546 inimica
1502 2503 1557 2535 Deo
1578 2513 1606 2535 et
1624 2508 1674 2546 legi
1697 2503 1791 2540 ejusiﬁt

1026 2543 1086 2581 quae
1098 2546 1249 2581 secundum
1265 2545 1390 2581 spiritum
1411 2543 1470 2577 ejus
1488 2551 1542 2571 non
1557 2548 1599 2581 est
1611 2544 1735 2581 subjecta,
1748 2547 1789 2581 luet

1567 2335 1588 2350 "
1604 2334 1623 2361 ΙΙ
1641 2334 1703 2360 Cor.
1721 2340 1757 2362 ιιι,
1773 2330 1792 2356 6.
1813 2364 1814 2374 χ

1046 2586 1121 2608 osset
1139 2580 1245 2611 subiici,
1268 2575 1331 2614 quia
1351 2575 1432 2614 sicut,
1457 2587 1467 2604 ι
1489 2582 1542 2605 etc.
1558 2578 1622 2614 Mss.
1636 2575 1791 2614 duo,tin>_l¢5t
1813 2586 1814 2595 ι

1052 2616 1076 2642 ei
1091 2623 1144 2642 non
1162 2610 1266 2642 dicatur
1276 2610 1389 2641 inimico
1404 2613 1457 2641 Deo
1477 2618 1504 2640 et
1522 2613 1574 2647 legi
1587 2614 1655 2647 ejus,
1670 2616 1691 2638 ei
1705 2610 1789 2636 scilicet
1813 2617 1814 2630 ι

1029 2658 1090 2685 quae
1100 2650 1248 2695 secundum
1262 2650 1387 2695 spiritum
1399 2653 1441 2676 est
1453 2656 1510 2695 ¹ιιοιι
1527 2655 1588 2676 esse
1607 2647 1720 2682 subjecta
1731 2664 1738 2675 ,
1753 2648 1789 2669 ικε
1813 2685 1814 2695 γ

1027 2685 1392 2725 possc‘suhjicimuia.sicut,
1407 2692 1416 2709 ›
1435 2688 1488 2725 etc.
1562 2718 1568 2723 _

1136 2718 1213 2758 Legi;
1228 2720 1360 2758 occidens,
1373 2719 1434 2758 Ha:_c
1449 2718 1589 2758 desuntin
1604 2718 1698 2758 editis._

1026 2790 1043 2817 h
1063 2753 1220 2818 speratus,
1236 2763 1245 2782 ι
1264 2755 1290 2782 1ιι
1307 2754 1403 2789 quibus
1418 2753 1524 2781 habitat
1539 2753 1667 2789 Spiritus,
1679 2753 1698 2778 si
1712 2754 1785 2777 una

1046 2798 1060 2817 ιι
1081 2798 1088 2816 ι
1103 2798 1117 2816 a
1132 2810 1139 2818 .
1159 2799 1171 2818 ι
