1831 3052
2 124 68 152 itif)?

468 130 649 159 'COMMENT.
667 132 699 159 IN
719 132 826 161 EPIST.
848 134 892 160 Al)
912 134 996 164 ROM.
1018 137 1083 165 LIB.
1105 138 1147 166 Vl.

1559 145 1628 173 1098

2 183 69 209 ‘uim
86 183 148 218 quia
162 184 199 210 illi
216 185 272 221 (95)
293 187 338 222 qui
357 189 505 215 secundum
527 197 636 218 carnem
660 190 785 219 suntJu-
801 194 824 222 Λ
840 192 882 219 hic
906 201 957 221 non
977 200 1019 222 est
1041 196 1109 230 ejus.
1131 197 1160 224 Si
1179 202 1270 225 autem
1296 198 1421 228 Christus
1434 201 1459 228 in
1477 202 1553 229 vobis
1573 209 1626 235 est,

2 228 56 260 laci,
74 236 277 265 persequuntur
289 239 338 260 nos
354 234 399 268 qui
416 241 510 262 sumus
526 243 579 263 tton
592 237 618 263 in
630 237 784 269 manifesto,

2 276 40 302 ed
57 276 84 302 in
103 277 213 304 occulto
228 277 325 311 Judaai,
339 284 366 307 et
382 279 467 315 legem
484 282 633 308 secundum
647 282 784 316 spiritum,

2 328 45 347 Ion
63 322 214 350 secundum
226 332 336 351 carnem
352 325 531 354 custodimus.
548 327 587 354 llli
601 335 666 363 ergo
682 329 727 363 qui
742 336 785 356 se-

6 368 110 395 undtttn
125 377 234 397 carnem
251 371 371 406 sapiunt,
387 377 585 408 consequenter
596 374 677 401 etiam
691 382 784 409 repro-

2 416 136 443 nissiones
158 417 228 452 legis
248 418 398 446 carnaliter
426 425 549 455 sperant.
576 420 630 449 Nos
648 429 712 448 vero
736 429 783 449 eas

3 462 152 495 pirllalilel‘
167 469 357 498 exspectamus
371 466 521 492 secundum
537 473 693 494 sermonem
704 467 780 496 Pauli

2 509 104 536 ‘icentis
131 517 166 535 ιι
190 509 225 538 Ut
251 511 480 545 repromissiones
507 512 634 546 Spiritus
659 514 779 549 accipia-

3 563 47 582 IIIS
65 556 104 588 ";
127 565 136 582 ι
163 562 190 584 et
210 556 332 585 iterum:
351 567 360 583 ι
381 557 544 586 Benedictus
566 559 638 587 Deus
655 565 682 587 et
702 560 780 588 Pater

2 601 96 628 Iontini
124 602 209 629 nostri
234 601 297 630 Jesu
313 602 434 635 Christi,
453 604 498 638 qui
522 605 662 632 benedixit
684 613 733 632 nos
752 605 777 632 in

4 647 58 673 mni
72 647 267 675 benedictione
293 648 407 683 spiritali
423 649 449 676 in
473 650 633 677 caelestibus
652 651 678 678 iu
697 651 777 678 Chri-

2 698 25 719 Io
42 693 78 718 ’³.
91 703 101 719 ι
118 693 158 720 Ex
172 693 272 728 quibus
289 695 415 722 omnibus
434 700 462 722 et
475 703 536 729 qua:
553 697 589 723 sit
614 696 656 724 lex
677 704 776 724 secun-

2 747 44 764 uut
63 746 188 771 carnem,
209 744 234 766 et
254 747 315 774 qua:
330 741 480 767 secundum
495 743 636 776 spiritum,
653 743 693 770 vel
717 751 776 778 qure

2 791 41 810 ιρε
60 784 282 818 repromissionis
297 785 426 817 carnalis,
436 786 476 812 vel
495 793 555 820 quze
569 787 703 821 spiritalis
717 788 774 823 (94)

2 828 144 856 stenditur.
159 829 250 857 Potest
265 835 292 857 et
309 832 458 858 secundant
472 832 551 859 aliam
562 833 772 867 expositionem,

19 880 177 908 repetamus
191 875 226 903 ab
242 876 330 908 initio,
348 886 357 902 ι
371 877 447 910 Quod
465 877 697 911 impossibileerat
709 880 770 914 legi,

2 928 69 954 ηψιο
81 920 275 949 inlirmabatur
287 931 336 957 per
345 931 471 957 carnem,
487 932 496 948 ι
513 929 540 951 et
553 925 586 951 de
599 924 658 959 lege
674 926 771 952 mentis

8 966 105 1000 telligi,
124 974 207 1001 quant
224 975 305 1002 supra
320 969 389 996 dixit
400 969 455 1004 (95)
472 970 540 997 velle
555 969 644 998 facere
658 971 768 1003 bonum,

2 1011 20 1038 d
33 1020 84 1046 per
98 1012 286 1041 iulirmitatem
304 1019 332 1041 et
358 1014 531 1050 fragilitatem
547 1017 637 1043 carnis
658 1016 770 1050 implere

2 1066 26 1084 ιιι
43 1065 137 1092 posse.
151 1063 179 1086 et
195 1064 338 1094 propterea
355 1061 461 1088 misisse
479 1061 562 1088 Deum
576 1061 673 1089 Filium
689 1070 768 1089 suum

17 1103 228 1131 similitudinem
241 1105 331 1133 carnis
340 1107 462 1140 peccati,
483 1113 510 1134 et
529 1107 561 1135 de
577 1113 702 1143 peccato,
719 1109 768 1136 hoc

5 1154 14 1175 ι
36 1157 87 1184 per
119 1151 238 1178 hostiam
261 1160 313 1186 pro
335 1158 448 1187 peccato
473 1153 604 1186 oblatam,
625 1154 767 1182 damnasse

2 1200 130 1224 ecatum.
154 1197 219 1224 Data
236 1199 308 1225 enim
327 1199 404 1226 nobis
423 1199 584 1228 remissione
599 1199 655 1235 (96)
671 1207 766 1235 pecea-

2 1249 60 1268 rum
77 1241 200 1277 iugatum
217 1247 256 1271 est
269 1249 296 1271 et
309 1245 518 1272 extermiuatum
532 1246 564 1273 de
575 1253 658 1273 carne
672 1251 764 1274 nostra

2 1292 124 1321 centum,
137 1293 163 1314 et
177 1289 294 1323 cospitin
305 1290 383 1317 nobis
396 1291 555 1325 justilieatio
565 1291 631 1326 legis
646 1291 764 1326 impleri,

2 1334 41 1359 ius
53 1333 191 1360 duntaxat
203 1334 268 1369 legis
282 1343 342 1370 qua:
358 1336 564 1364 condelectatur
576 1337 693 1373 legi(97)
706 1338 761 1370 Dei,

6 1386 27 1405 ξιξ
42 1379 175 1414 impletur
189 1379 244 1407 cito
264 1388 326 1408 cum
341 1382 397 1416 jam
416 1390 468 1409 non
486 1383 589 1410 resistit
602 1383 626 1410 ei
642 1383 682 1410 lex
697 1390 761 1418 pec--

2 1425 19 1451 li
35 1433 97 1460 qua:
110 1430 172 1452 erat
187 1425 213 1453 in
226 1428 358 1455 membris
370 1429 481 1461 nostris,
498 1429 519 1456 si
539 1434 629 1456 tamen
647 1437 699 1457 ιιοιι
717 1437 760 1456 sc-

4 1470 86 1498 udum
103 1479 216 1499 carnem
238 1473 420 1506 ambulemus,
440 1475 487 1501 sed
507 1475 655 1501 secundant
679 1476 760 1510 spiris

839 246 937 274 corpus
957 242 1065 275 quidem
1097 249 1233 273 mortuum
1258 251 1301 274 est
1328 253 1439 282 propter
1465 254 1626 282 peccatum,

837 283 951 316 spiritus
966 293 1030 314 vero
1047 287 1099 314 vita
1115 288 1154 323 (2)
1171 295 1282 324 propter
1296 291 1533 326 justiﬁcationem.
1547 294 1626 327 Quod

836 329 857 355 si
875 328 995 364 Spiritus
1011 332 1070 366 ejus
1082 333 1127 367 qui
1146 334 1288 361 suscitavit
1305 335 1400 364 Jesutn
1419 345 1433 364 a
1450 339 1564 365 mortuis
1576 339 1626 366 ha-

835 374 905 402 bitat
927 376 952 403 in
978 377 1069 410 vobis;
1094 379 1140 414 qui
1164 380 1309 409 suscitavit
1328 382 1420 410 Jesum
1445 383 1585 412 Christum
1607 393 1623 412 ιι

835 423 951 450 mortuis
960 423 1109 452 vivilicabit
1117 431 1144 452 et
1152 427 1277 454 mortalia
1287 433 1378 456 vestra
1388 436 1502 464 corpora
1512 436 1623 466 propter

834 468 1030 497 inhabitantem
1056 471 1188 506 Spiritum
1213 474 1271 508 ejus
1293 475 1319 502 in
1345 476 1422 503 vobis
1444 476 1476 504 ¹⁸.
1505 486 1515 502 ι
1542 477 1620 511 Quod

832 515 1023 543 constantibus
1035 521 1063 543 et
1084 517 1226 545 dialectica
1243 525 1302 547 arte
1317 521 1438 548 collectis
1456 527 1547 550 utatur
1563 525 1616 559 syl-

831 558 953 593 logismis
971 561 1111 594 apostolus
1128 562 1228 592 Paulus
1250 565 1290 592 vel
1309 566 1335 592 in
1357 567 1408 594 hoc
1431 567 1509 600 loco,
1529 570 1570 595 vel
1591 571 1618 596 in

830 604 892 632 aliis
906 605 1034 640 Epistolis
1049 608 1115 640 Suis,
1136 617 1187 636 non
1204 610 1270 637 mihi
1283 619 1355 639 nmte
1371 612 1410 648 (5)
1426 614 1616 648 exponendum

830 650 948 682 videtur,
963 659 996 679 ne
1017 654 1086 681 forte
1103 662 1155 682 non
1177 661 1231 684 tam
1249 657 1369 685 scientiae
1385 658 1423 694 (4)
1438 662 1496 694 ejus
1507 680 1516 692 ,
1533 668 1616 695 quam

829 697 962 725 sermonis
977 698 1002 725 in
1018 706 1072 733 quo
1088 708 1140 728 non
1156 702 1211 729 vult
1226 710 1256 730 se
1269 703 1385 737 peritqu
1404 705 1457 732 dici
1469 706 1504 738 ",
1524 714 1615 734 asser-

829 745 902 767 tores
916 743 1058 770 videamur
1072 752 1133 772 esse
1146 754 1153 772 :
1167 751 1194 773 et
1217 747 1277 774 ideo
1293 749 1424 782 propositi
1437 750 1524 785 magis
1539 752 1615 786 capi-

831 786 877 812 tuli
891 795 999 814 sensum
1013 789 1375 826 discutereproperabimus.
1387 794 1413 822 ln
1425 797 1616 830 superioribus

827 832 871 858 ubi
881 833 948 859 dixit
960 843 966 860 :
980 843 989 859 ι
1002 834 1054 862 Vos
1062 840 1154 864 autem
1163 837 1188 864 iu
1197 846 1279 866 carne
1292 847 1344 866 non
1355 841 1432 874 estis,
1441 842 1488 869 sed
1498 842 1525 869 in
1534 844 1615 878 spiri-

789 869 810 897 Β
826 879 867 906 ιιι;
881 877 902 903 si
913 881 1002 904 tamen
1011 878 1131 913 Spiritus
1141 880 1187 908 Dei
1200 882 1341 910 babitatin
1352 869 1457 912 vobis“
1469 895 1477 914 :
1491 896 1500 912 ι
1513 869 1612 922 duplici

826 921 904 947 modo
915 922 979 955 quid
1002 928 1043 950 est
1059 924 1086 950 in
1102 925 1203 960 Spiritu
1224 927 1263 962 (5)
1279 936 1340 955 esse
1354 921 1572 965 explanavimus.
1587 936 1612 962 id

823 971 874 998 est,
889 968 928 994 vel
939 968 1024 1003 legem
1037 977 1088 997 nou
1103 973 1251 1000 secundant
1264 974 1450 1010 |itteram,sed
1462 981 1610 1006 secundum

822 1012 969 1046 spiritalem
985 1022 1093 1042 sensum
1112 1017 1278 1053 intelligere;
1295 1020 1335 1047 vel
1351 1022 1433 1049 etiam
1446 1025 1609 1052 mortilicato

821 1064 945 1092 oorpore.
965 1061 1087 1094 spiritus,
1102 1067 1129 1088 et
1151 1071 1204 1089 non
1220 1065 1312 1092 carnis
1332 1066 1437 1099 legibus
1459 1069 1560 1098 rivale.
1574 1070 1605 1096 Et

821 1111 890 1130 nunc
900 1112 964 1139 ergo
975 1107 1046 1140 quod
1057 1107 1132 1140 dicit,
1145 1117 1154 1134 ι
1166 1109 1192 1136 Si
1200 1109 1260 1143 quis
1267 1116 1354 1138 autem
1366 1113 1495 1145 Spiritum
1506 1115 1606 1142 Christi

819 1148 898 1184 591
914 1158 966 1177 non
987 1152 1077 1185 habet,
1096 1153 1139 1180 hic
1157 1161 1264 1183 nonest
1279 1156 1356 1190 ejus;
1380 1167 1388 1183 ι
1407 1162 1432 1185 et
1448 1160 1600 1196 subjungiz.

820 1203 830 1220 ι
852 1195 879 1222 Si
898 1201 988 1224 autent
1011 1197 1136 1226 Christus
1158 1201 1184 1227 in
1203 1201 1278 1229 vobis
1304 1209 1357 1236 est,
1380 1213 1390 1230 ι
1411 1195 1603 1240 requirendum

817 1245 858 1267 est
873 1246 962 1269 utruut
981 1243 1116 1271 diversum
1133 1246 1168 1272 sit
1179 1246 1309 1281 Spiritttnt
1324 1249 1370 1276 Dei
1385 1258 1446 1278 esse
1460 1252 1486 1278 in
1501 1253 1604 1288 aliqua,

815 1293 849 1312 an
866 1286 998 1320 Spiritum
1012 1289 1049 1325 (6)
1060 1290 1162 1319 Christi
1181 1304 1187 1320 :
1200 1294 1240 1320 vel
1251 1295 1335 1321 etiam
1351 1297 1438 1330 ipsum
1451 1286 1603 1333 Christum,

815 1337 862 1360 aut
878 1333 1010 1368 Spiritum
1028 1337 1086 1369 ejus
1100 1341 1145 1373 qui
1167 1340 1312 1368 suscitavit
1332 1341 1424 1369 Jrsnm
1441 1350 1454 1369 ιι
1475 1346 1600 1374 mortuis.

815 1377 867 1404 Sed
881 1384 1011 1412 quauttun
1034 1381 1073 1408 vel
1094 1386 1315 1418 consequentiam
1331 1387 1369 1422 (7)
1393 1387 1444 1415 loci
1459 1391 1602 1423 praesentis

814 1424 930 1457 intueor,
958 1426 998 1453 vel
1016 1427 1080 1454 illud
1099 1431 1169 1463 quod
1194 1431 1320 1459 SaIVator
1345 1434 1371 1460 in
1399 1433 1546 1468 Evangelio
1567 1436 1600 1463 de

787 1491 791 1494 .
813 1469 914 1504 Spiritu
932 1477 1028 1500 sancto
1043 1474 1117 1506 dicit,
1133 1475 1195 1510 qttia
1218 1486 1227 1503 (
1248 1486 1262 1504 a
1277 1477 1359 1505 Patre
1376 1481 1508 1514 procedit,
1532 1490 1542 1506 ι
1563 1488 1600 1514 et.

6 1523 32 1542 ιι.
51 1516 121 1543 Nam
139 1517 226 1544 donec
252 1517 279 1544 in
299 1526 381 1546 carne
402 1519 519 1553 estquis
532 1539 540 1550 ,
562 1524 589 1546 et
610 1519 757 1546 secundum
774 1536 795 1566 ο
814 1524 824 1541 ι
841 1515 878 1543 De
893 1525 953 1544 meo
967 1521 1079 1555 accipiet
1093 1523 1126 1554 “,
1147 1533 1156 1549 ι
1176 1528 1203 1550 et
1227 1523 1306 1557 lmjos
1326 1525 1400 1552 verbi
1426 1527 1600 1561 explanatio-

2 1569 74 1589 rnetn
85 1563 166 1596 vivit,
182 1571 243 1598 quae
254 1566 344 1592 carnis
361 1570 422 1592 sunt
432 1566 503 1599 sapit
520 1573 527 1597 ;
544 1573 605 1592 cum
616 1573 679 1593 vero
691 1574 757 1593 cou-

2 1610 76 1636 rterit
90 1617 123 1636 se
134 1610 168 1636 ad
186 1610 310 1644 spiritum
324 1632 332 1644 ,
352 1616 377 1638 et
395 1617 519 1638 mortuus
533 1611 614 1638 fuerit
625 1611 676 1646 legi
694 1619 757 1646 pec-

2 1654 16 1680 li
33 1660 61 1682 et
77 1654 186 1687 carnis,
202 1663 262 1690 qua:
278 1661 341 1683 sunt
356 1657 468 1691 spiritus
482 1657 564 1691 sapit.
581 1656 648 1683 Nam
661 1664 757 1684 secun-

2 1708 22 1726 ιιι
43 1709 158 1728 carnem
177 1709 288 1736 sapere,
309 1710 381 1730 mors
405 1708 446 1730 est
463 1703 560 1730 animae
580 1711 588 1735 ;
605 1704 755 1731 secundum

5 1747 87 1773 ritum
114 1754 191 1779 vero,
216 1748 269 1775 vita
294 1753 321 1775 et
340 1756 391 1783 pax
411 1753 454 1776 est
479 1750 565 1784 :quia
583 1759 593 1775 ι
619 1750 753 1784 sapientia

2 1793 48 1819 'nis
65 1793 179 1820 iniutica
194 1798 235 1821 est
251 1793 322 1825 Deo,
344 1803 353 1819 ι
373 1794 423 1822 hoc
436 1799 490 1826 est,
514 1795 577 1821 dum
601 1802 666 1822 caro
687 1795 754 1821 resi-

2 1857 5 1863 .
19 1838 142 1871 spiritui,
153 1842 179 1866 et
193 1847 245 1866 non
257 1845 298 1867 est
315 1839 438 1874 subjecta
456 1840 507 1874 legi
521 1841 619 1868 utentis
632 1849 693 1875 qua:
710 1841 751 1868 lex

2 1901 3 1907 η
17 1889 71 1916 est,
88 1884 202 1912 inimica
215 1890 256 1912 est
272 1885 326 1912 Deo
340 1895 347 1913 :
364 1891 392 1913 et
408 1886 469 1913 ideo
485 1886 531 1921 qui
550 1886 697 1913 carnaliter
711 1887 751 1913 vi-

3 1933 33 1961 ιι,
48 1929 107 1956 Deo
124 1929 233 1964 placere
247 1938 299 1958 non
315 1937 439 1966 possunt.
450 1931 502 1959 Sed
521 1941 529 1958 t
545 1940 608 1965 vos,
626 1942 635 1958 ι
652 1932 750 1967 inquit,

2 1982 30 2001 an
40 1975 111 2002 estis
123 1974 253 2008 inearue,
267 1985 277 2002 ι
289 1976 339 2003 ltoc
349 1981 391 2003 est
403 1984 455 2003 nun
472 1977 624 2004 secundum
640 1984 749 2004 carnem

2 2019 43 2046 itis
61 2019 135 2054 (98),
161 2019 209 2047 sed
234 2020 384 2047 secundum
406 2021 551 2053 spiritum,
585 2029 594 2045 t
614 2021 636 2047 si
659 2025 749 2048 tamen

5 2065 73 2093 ritus
93 2065 144 2093 Dei
156 2066 262 2093 habitat
273 2067 300 2094 in
309 2065 478 2095 vobisaﬂmc
487 2071 600 2101 possunt
615 2072 641 2094 et
653 2074 749 2094 secun-

2 2119 15 2137 ιι
28 2112 130 2145 aliam,
149 2117 178 2139 ut
193 2113 328 2144 diximus,
347 2112 547 2147 expositionem
573 2112 601 2139 in
620 2113 670 2139 hoc
691 2111 747 2146 (99)

2 2165 10 2183 ι
25 2159 162 2192 coaptari.
175 2158 263 2193 Eligat
281 2160 424 2194 tamenqui
441 2159 515 2194 legit,
531 2165 557 2185 et
573 2159 644 2193 quod
658 2159 747 2193 aptius

811 1570 872 1589 ttent
902 1563 929 1590 iu
958 1569 1188 1601 consequentibus
1199 1569 1300 1605 jungit,
1316 1571 1411 1599 dicens
1433 1581 1440 1599 :
1464 1581 1474 1598 ι
1506 1573 1600 1607 Pater,

809 1608 898 1634 omu‘a
916 1617 974 1636 mea
998 1615 1042 1638 tua
1066 1620 1139 1645 sunt,
1159 1620 1186 1641 et
1209 1620 1253 1642 tua
1276 1623 1334 1642 inea
1350 1624 1354 1640 :
1371 1623 1515 1652 propterea
1541 1619 1596 1646 dixi

808 1653 871 1687 quia
887 1657 919 1682 de
942 1665 1001 1683 meo
1022 1660 1137 1694 accipiet
1149 1661 1171 1677 "
1186 1661 1224 1695 (8)
1241 1669 1248 1687 :
1266 1671 1275 1688 ι
1293 1669 1364 1693 ειιιιι.
1389 1664 1508 1698 iuquatn,
1540 1671 1599 1693 tan-

809 1704 863 1725 tam
879 1700 951 1728 hanc
978 1704 1090 1731 unitatis
1115 1706 1188 1733 inter
1211 1707 1319 1734 Patrem
1335 1713 1362 1734 et
1380 1708 1476 1736 Filium
1493 1713 1597 1745 aspicio

809 1746 940 1773 rationem
959 1748 1008 1782 (9),
1029 1750 1147 1784 Spiritus
1165 1752 1211 1779 Dei
1227 1758 1254 1779 et
1271 1752 1388 1787 Spiritus
1406 1754 1508 1782 Christi
1526 1765 1597 1785 unus

806 1796 886 1824 atque
903 1791 974 1819 idem
998 1795 1064 1821 mihi
1083 1796 1202 1829 Spiritus
1225 1797 1277 1824 dici
1301 1799 1418 1826 videtur.
1448 1800 1595 1829 Possumus

807 1841 894 1864 tamen
912 1844 937 1865 et
959 1839 1009 1867 hoc
1027 1842 1105 1868 modo
1118 1843 1268 1879 intelligere
1285 1847 1355 1879 quod
1370 1846 1448 1878 dixit,
1464 1855 1473 1871 I
1492 1848 1519 1873 Si
1534 1849 1595 1881 quis

805 1888 892 1910 autem
905 1885 1034 1918 Spiritum
1048 1887 1149 1916 Christi
1163 1899 1214 1918 ttou
1228 1891 1319 1923 habet,
1335 1892 1377 1918 hic
1390 1901 1441 1919 non
1456 1898 1496 1919 est
1506 1893 1564 1927 ejus
1581 1904 1591 1920 ι

803 1928 878 1962 (quia
894 1935 920 1957 et
936 1939 1031 1959 revera
1047 1934 1163 1969 abrupte
1179 1937 1384 1970 pronuntiatum
1405 1937 1533 1974 videtur),
1550 1946 1591 1971 ut,

802 1975 823 2000 si
839 1975 899 2009 quis
914 1984 966 2003 nou
983 1982 1075 2007 tantus
1099 1986 1126 2008 et
1143 1982 1204 2009 talis
1219 1991 1280 2010 esse
1302 1986 1430 2012 meruerit
1444 1986 1488 2020 qui
1504 1986 1589 2020 Spiri-

802 2025 856 2047 tum
873 2023 973 2050 Christi
987 2025 1088 2053 habere
1103 2028 1199 2062 dignus
1212 2030 1259 2061 sit,
1272 2031 1400 2058 continuo
1414 2031 1516 2059 Christi
1531 2040 1592 2059 esse

801 2067 961 2103 tleuegetur,
988 2078 1050 2098 cum
1083 2073 1109 2099 in
1143 2073 1256 2102 Psalmis
1285 2076 1381 2103 dicat:
1403 2086 1412 2102 ι
1435 2076 1502 2104 Mea:
1526 2084 1590 2105 sunt

800 2119 895 2139 omnes
907 2114 970 2140 ferae
984 2115 1125 2148 silvarum,
1142 2118 1265 2151 jumeuta
1283 2121 1310 2147 in
1333 2121 1480 2152 montibus.
1496 2128 1523 2150 et
1539 2123 1589 2150 bo-

801 2164 849 2183 ves
859 2157 892 2184 "'.
912 2168 922 2184 ι
937 2159 1001 2188 Etsi
1017 2161 1080 2190 ferae
1093 2168 1121 2190 et
1138 2164 1259 2197 jumenta
1273 2167 1334 2201 ejus
1354 2174 1429 2201 sunt,
1452 2171 1590 2203 quomodo

2 2203 120 2235 baverit,
136 2203 159 2231 si
177 2209 267 2231 tamen
286 2205 443 2239 probaverit
462 2205 512 2239 (l),
533 2205 584 2231 boc
600 2209 741 2237 sequatur.
762 2205 783 2231 D
799 2203 923 2234 homines
936 2214 987 2233 nou
1000 2213 1064 2236 sunt
1078 2209 1154 2243 ejus?
1167 2210 1220 2238 Sed
1238 2218 1337 2246 potest,
1356 2219 1385 2240 ιιι
1398 2215 1466 2246 dixi,
1487 2215 1536 2241 hoc
1550 2217 1589 2241 sit:

2 2249 28 2278 5.
54 2259 64 2276 ι
85 2249 116 2277 Si
132 2250 193 2285 quis
207 2255 298 2278 autem
309 2250 441 2286 Spiritum
458 2250 558 2277 ChriSti
577 2257 629 2276 non
651 2249 743 2281 habet,

2 2331 4 2339 '
25 2331 120 2357 Galat.
136 2339 179 2361 ιιι.
207 2331 252 2358 14.
291 2331 313 2346 ’⁸
330 2331 427 2365 Ephes.
444 2340 466 2358 ι.
487 2331 514 2358 5.

7 2366 57 2398 '20;
80 2374 138 2398 \vt,
157 2367 198 2393 1-5.

2 2448 35 2478 l3)
52 2448 127 2480 Quia
142 2448 191 2474 illi.
215 2448 277 2475 Haec
299 2448 378 2475 verba
398 2449 495 2475 desunt
513 2449 539 2474 in
554 2448 630 2475 libris
649 2449 739 2476 editis.

2 2482 37 2522 ll)
55 2482 104 2523 Vel
117 2491 177 2523 (jure
188 2483 327 2523 spiritalis.
346 2482 407 2510 lla-c
416 2484 607 2511 desiderantur
618 2485 643 2511 in
660 2490 738 2511 antea

3 2518 33 2546 is.
45 2523 73 2544 et
94 2518 119 2544 in
137 2518 263 2552 pluribus
273 2526 339 2545 mss.

2 2552 34 2584 )5)
53 2552 106 2579 ills.
123 2560 205 2583 unus.
222 2562 232 2578 ι
250 2552 541 2587 impossibilitaslegis.
553 2553 579 2579 in
596 2561 649 2586 quo
663 2553 738 2579 inlir-

2 2593 69 2614 tatur
84 2595 135 2620 per
150 2595 263 2623 carnem
276 2607 282 2619 ,
299 2590 331 2615 de
347 2589 402 2622 lege
416 2590 598 2614 membrorum
613 2588 735 2623 intelligi,

2 2630 23 2647 ιιι
38 2631 124 2656 supra
142 2622 273 2651 diximus.
291 2633 300 2649 ι
318 2629 372 2650 etc.

2 2658 32 2690 lli)
54 2659 108 2685 Ms.
124 2665 204 2689 unus,
221 2667 230 2683 t
252 2657 338 2685 Tanta
353 2659 425 2685 enim
436 2659 513 2685 nobis
530 2658 704 2692 remissione;
721 2668 731 2686 ι

2 2693 18 2721 i.
36 2703 45 2718 ι
63 2693 154 2720 Tanta
166 2693 239 2719 enim
257 2694 480 2727 repromissione.
501 2703 510 2719 ι

2 2728 32 2762 17)
45 2728 129 2757 Editi,
145 2737 155 2752 ι
170 2728 321 2755 delectatur
335 2729 403 2763 legi;
422 2727 573 2760 tul.,tleg.t

2 2763 33 2795 I8)
50 2762 111 2789 Hoc
128 2768 179 2794 est.
196 2771 249 2790 non
269 2762 413 2790 secundant
434 2771 540 2791 carnem
555 2765 650 2791 viuilis.
670 2764 734 2794 linat:

3 2798 66 2824 ditis
78 2798 256 2824 omittuntur.

2 2834 30 2869 Θ)
45 2835 129 2863 Deest
145 2845 154 2860 ι
175 2834 226 2860 hoc
244 2843 252 2859 ι
269 2834 295 2861 in
311 2835 399 2862 editis.

83 2906 221 2935 PATBOL.
242 2904 300 2934 Gn.
322 2905 405 2935 XIV.

553 2331 574 2346 ‘9
597 2329 675 2356 Rom.
688 2331 792 2365 r\'l|l.r9
812 2339 869 2365 seq.

237 2367 260 2382 ’³
276 2363 358 2394 «Ιυςιιιξ
372 2375 437 2400 xm,
456 2367 500 2400 l0;
516 2374 571 2398 xvi,
595 2365 637 2391 15.
674 2364 696 2378 “
712 2363 780 2391 l’sul.
798 2363 869 2400 mx,
885 2369 925 2396 t0.

800 2250 923 2286 intelligi,
946 2258 975 2280 ut
1000 2255 1063 2283 illud
1089 2257 1114 2284 in
1137 2258 1287 2294 Evangelio
1306 2269 1311 2286 :
1331 2270 1340 2286 ι
1367 2261 1416 2294 Qui
1444 2270 1495 2289 nou
1519 2263 1587 2288 ιυΙΙιι

909 2334 930 2373 _'"
949 2334 969 2361 ll
988 2336 1048 2364 Cor.
1066 2345 1091 2371 ι,
1116 2338 1143 2365 6.
1182 2340 1202 2354 “
1222 2339 1300 2366 llont.
1318 2348 1380 2373 \‘lil,
1403 2342 1429 2370 9.
1468 2343 1489 2357 "
1505 2341 1583 2370 .!oau.

831 2447 870 2484 (l)
924 2450 1174 2483 tamcnprobaverit.
1184 2450 1477 2480 lltecdesideranttu'in
1491 2455 1581 2484 editis.

830 2483 869 2515 (2)
897 2483 1073 2513 Vita.Alias.t
1089 2484 1164 2512 vivit.
1180 2496 1188 2511 ι

828 2518 867 2552 (5)
889 2518 968 2546 Deest
989 2529 999 2545 ι
1019 2528 1089 2548 nunc
1106 2530 1116 2546 ι
1131 2529 1156 2547 ιιι
1171 2521 1261 2548 editis.

828 2554 865 2593 (ll)
885 2554 964 2593 Editi.
986 2562 994 2577 ι
1010 2557 1164 2593 sententiae,
1184 2566 1193 2582 ι
1211 2557 1319 2593 deinde,
1335 2567 1343 2582 ι
1364 2563 1388 2584 et
1404 2557 1465 2584 ideo
1481 2567 1577 2593 propo-

790 2589 834 2627 siti
848 2589 934 2627 magis
949 2589 1069 2627 Apostoli
1083 2599 1192 2627 sensum
1208 2592 1345 2619 discutere
1359 2589 1566 2627 pt'operabixmts

790 2623 818 2649 lu
834 2625 1031 2658 posterioribus
1050 2626 1094 2652 ubi
1110 2627 1188 2659 dixit,
1208 2637 1217 2652 ι
1236 2633 1289 2654 etc.

825 2660 864 2696 (ἓξ)
876 2659 962 2696 élias,
977 2669 987 2684 t
1003 2660 1112 2694 quidem
1128 2662 1153 2688 in
1168 2662 1284 2696 Spiritu.
1301 2671 1310 2688 ι

825 2695 863 2728 (6)
879 2694 960 2726 Editi,
982 2704 990 2719 t
1011 2704 1042 2722 ac
1059 2694 1200 2730 Spiritum.
1220 2707 1228 2722 ι

824 2729 863 2765 (7)
878 2729 959 2765 Editi,
978 2738 987 2754 (
1009 2732 1213 2765 consetpteutia.
1233 2741 1241 2756 I

826 2766 865 2800 (8)
885 2764 968 2797 Editi,
988 2773 996 2789 t
1020 2764 1109 2792 Pater
1121 2767 1212 2793 omnia
1238 2773 1281 2794 tua
1305 2776 1363 2796 mea
1388 2775 1459 2798 sunt.
1474 2774 1501 2795 et
1518 2779 1576 2797 mea

789 2805 834 2828 tua
848 2800 952 2831 omnia,
966 2804 1109 2834 propterea
1125 2801 1193 2828 dixit
1205 2803 1276 2835 quod
1293 2803 1327 2830 de
1341 2812 1401 2831 meo
1418 2804 1541 2837 accipiet.
1566 2816 1573 2829 ι

827 2839 864 2874 (9)
881 2838 962 2869 Editi,
979 2849 988 2864 ι
1010 2839 1081 2866 hanc
1102 2840 1182 2867 audio
1205 2841 1316 2868 unitatis
1331 2841 1401 2868 inter
1420 2841 1526 2869 Patrem
1548 2847 1575 2870 et

790 2873 887 2901 Filium
902 2874 1104 2910 aspirationem.
1126 2885 1134 2900 ι
1368 2912 1404 2941 δν

1389 2922 1404 2941 a

1389 2922 1407 2942 ο
