1827 3053
12 116 85 156 nm

497 114 678 156 cannam.
701 127 732 154 IN
753 124 862 155 Ei‘iST.
886 128 932 156 At)
949 129 1034 158 non.
1053 130 1118 160 LIB.
1137 132 1180 160 γι.

1580 137 1648 167 H01

12 186 82 214 lium
105 174 223 222 repletur
236 187 338 221 Spiritu
352 191 448 214 sancto
468 189 525 222 ipse
543 187 697 218 Cornelius,
721 192 749 215 et
762 188 808 223 qui
823 190 846 218 Α
861 189 955 217 carnis
971 190 1114 220 desideriis
1139 192 1289 228 indulgere.
1309 194 1336 221 In
1363 195 1414 221 hoc
1428 199 1493 229 ergo
1508 198 1587 231 negat
1601 206 1649 226 nos

12 241 75 260 mm
96 241 128 261 eo
139 238 216 261 erant
231 235 264 261 ".
278 234 356 263 Unde
370 239 397 262 et
413 239 440 262 tu
454 235 475 262 si
490 232 611 270 loquaris
627 235 683 270 (22)
696 236 808 264 verbum

12 279 73 312 Dei,
95 287 122 307 et
139 281 260 315 loquaris
283 277 399 309 fideliter
413 280 446 309 ex
462 282 628 310 conscientia
653 291 733 318 pttra,
758 290 810 311 nec

12 326 72 359 ipse
92 327 268 361 redarguaris
284 335 316 354 ex
333 328 423 355 verbis
437 329 491 355 tuis
505 330 581 364 quasi
598 331 643 365 qui
667 329 746 357 aliter
760 332 808 357 do-

12 380 77 399 reas
93 377 121 400 et
136 369 216 400 aliter
231 381 306 409 agas,
324 379 414 409 potest
432 370 490 402 fieri
507 380 535 401 ut
549 375 677 414 loquente
692 381 717 404 te
731 378 807 404 audi-

12 423 103 446 torum
117 420 198 446 corda
213 420 301 447 sancti
314 418 433 455 Spiritus
449 419 519 456 ignis
531 418 690 455 inﬂammet,
707 427 734 450 el
746 431 809 451 cou-

12 466 90 493 tivuo
106 464 297 494 concalescant
320 465 376 502 (‘23)
404 472 430 495 et
444 468 559 495 ardeant
584 469 618 496 ad
645 470 805 501 complenda

12 513 138 540 universa
157 521 218 547 qua:
233 514 326 546 doces,
342 519 371 541 ut
387 515 467 542 rebus
481 515 611 550 impleant
625 514 685 550 quae
698 523 806 544 sermo-

12 558 92 585 nibus
108 559 260 590 didicerint,
277 564 305 587 et
323 570 332 586 ι
351 567 411 594 quze
426 568 534 588 sursum
556 566 620 589 sunt
641 571 650 587 ι
668 567 804 596 ίιιιιιξηιιιι,

12 616 18 628 ι
37 604 83 631 nbi
100 604 225 632 Chriitus
237 610 277 632 est
292 605 317 632 iu
332 603 443 633 dextera
461 604 506 633 Dei
529 607 628 635 sedens
643 615 650 634 :
671 615 732 643 quae
745 615 806 634 sur-

12 658 68 676 ;nnt
97 655 161 678 sunt
181 660 191 677 ›
215 651 333 686 sapiant,
348 661 357 677 ι
376 660 428 679 non
442 660 503 687 qua:
520 660 601 688 super
623 658 723 680 terram
739 653 771 680 '“.
793 664 802 680 ι

12 697 62 725 Sed
76 703 104 725 et
119 699 159 726 sic
179 701 364 735 unusquisque
381 694 482 728 habere
496 701 522 729 in
538 709 568 730 se
595 698 728 737 probatur
743 701 804 738 Spi-

12 744 92 771 ~itutn
105 745 218 773 Christi.
243 745 369 774 Christus
391 747 525 782 sapientia
546 753 588 776 est
611 757 617 776 :
635 749 658 776 si
686 750 721 777 sit
743 750 805 784 quis

12 790 121 824 sapiens
134 791 283 818 secundum
307 788 462 826 Christum,
482 796 510 820 et
532 801 592 828 quae
617 794 718 822 Christi
740 791 804 822 sunt

12 837 108 871 mpint,
125 837 208 865 habet
221 838 248 865 in
265 845 353 874 seper
362 839 525 874 ~sapientiam
540 839 673 875 Spiritum
688 837 800 869 Christi.

12 881 250 916 fihristusjustitia
269 888 310 910 est
325 893 332 911 :
357 884 379 912 si
396 884 459 919 quis
472 884 571 912 habeat
587 885 612 912 in
627 893 655 913 se
667 886 801 921 justitiam

12 928 120 959 Zhristi,
148 936 197 966 per
218 923 351 964 justitiam
370 931 452 959 habet
469 931 527 966 (24)
552 933 579 959 in
608 941 638 960 se
668 933 802 968 Spiritum

12 974 122 1002 Sbristi.
139 975 263 1003 Christus
280 984 329 1010 pax
345 981 386 1004 est
401 985 408 1004 :
427 978 449 1005 si
465 977 526 1013 quis
548 978 648 1006 habeat
671 979 697 1007 in
712 987 742 1007 se
756 988 803 1015 pa-

12 1029 66 1048 :em
83 1021 199 1053 Christi,
216 1029 265 1062 per
288 1021 418 1057 Spiritum
436 1024 510 1059 pacis
524 1024 606 1053 habet
626 1026 652 1053 in
669 1033 699 1054 se
714 1025 803 1062 Spiri-

12 1075 65 1093 mm
88 1066 204 1094 Christi.
217 1060 264 1095 Sic
279 1073 304 1095 et
322 1069 497 1102 cbaritatem,
512 1070 551 1097 sic
564 1075 591 1097 et
604 1060 802 1100 sanctificatio-

15 1118 81 1144 ιειιι,
98 1111 139 1138 sie
155 1116 182 1139 et
196 1111 303 1147 singula
321 1112 445 1148 quaeque,
465 1122 526 1149 qua:
542 1114 668 1143 Christus
683 1124 742 1144 esse
761 1118 802 1144 di-

12 1158 79 1185 :itur
94 1158 141 1193 qui
157 1158 246 1189 habet.
270 1156 315 1187 hic
330 1157 461 1195 Spiritmu
474 1159 577 1188 Christi
595 1162 651 1198 (25)
666 1163 692 1190 iu
710 1171 738 1191 se
754 1165 803 1191 ba-

15 1210 71 1230 iere
86 1203 241 1230 credendus
255 1209 305 1233 est,
319 1209 346 1231 et
360 1211 473 1239 sperare
489 1205 560 1239 quod
577 1206 689 1234 mortale
702 1216 802 1243 corpus

12 1255 86 1275 tuum
103 1248 290 1276 vivificabitur
302 1249 413 1284 propter
437 1249 633 1279 inbabitantem
650 1252 676 1279 in
696 1260 725 1280 se
739 1253 801 1288 Spi-

12 1295 90 1322 ~itum
106 1295 220 1322 Christi.

41 1340 87 1368 14.
108 1350 118 1366 σ
138 1341 217 1375 Ergo,
244 1341 355 1373 fratres,
381 1342 518 1369 debitores
543 1350 647 1377 sttmus,
663 1353 715 1371 non
740 1353 800 1372 car-

12 1388 57 1420 tis,
77 1392 109 1415 ut
121 1388 271 1415 secundum
288 1396 398 1416 carnem
415 1386 546 1416 vivamus.
566 1390 594 1417 Si
613 1391 686 1418 enim
700 1399 799 1419 secun-

12 1434 67 1460 ium
85 1441 199 1461 carnem
215 1433 350 1465 vixeritis,
368 1435 521 1461 moriemini
537 1443 544 1467 ;
562 1436 583 1463 si
599 1441 690 1463 autem
704 1437 799 1471 spiritu

12 1485 81 1507 irtus
97 1479 190 1506 carnis
203 1478 259 1514 ('26)
280 1476 459 1514 tuortiiicetis,
475 1478 623 1519 vivens”.
643 1492 653 1508 ι
667 1482 798 1517 Spiritum

12 1525 107 1552 Ibristt
126 1524 249 1552 habitare
274 1525 298 1551 in
324 1525 411 1557 nobis,
438 1529 466 1552 et
483 1526 553 1553 dona
572 1522 692 1561 Spiritus
720 1528 798 1555 nobis

12 1571 116 1604 :oilata,
136 1568 262 1606 superius
284 1570 385 1598 docuit.
408 1565 617 1607 Consequenter
642 1580 707 1607 ergo
725 1581 798 1601 nunc

12 1618 78 1644 uidit
91 1617 155 1652 quia
173 1626 183 1643 ‹
203 1616 340 1644 debitores
363 1624 468 1649 sumus,
488 1626 497 1642 ι
516 1625 610 1645 eorum
637 1616 698 1646 sine
716 1619 798 1647 dubio

12 1670 63 1697 ιιιίιε
77 1671 92 1689 a
106 1662 211 1698 Spiritu
236 1662 337 1690 Christi
363 1664 502 1690 consecuti
518 1670 622 1691 sumus.
639 1673 649 1690 ι
666 1663 765 1691 Carnis
785 1674 794 1690 ι

12 1713 107 1741 intem,
127 1707 224 1743 inquit,
243 1717 252 1734 ι
271 1708 410 1736 debitores
424 1716 475 1735 non
494 1716 599 1736 sumus.
625 1718 634 1734 ι
651 1709 709 1736 Non
723 1711 796 1737 enim

12 1759 149 1789 iropterea
179 1762 227 1781 nos
251 1755 314 1782 fecit
340 1754 410 1782 Deus
430 1753 465 1782 ad
492 1754 637 1789 imaginem
657 1763 746 1789 suam,
768 1761 795 1781 ut

12 1801 95 1827 :arnis
110 1800 223 1827 servitio
240 1808 362 1828 essemus
374 1800 494 1832 obnoxii,
514 1801 561 1828 sed
577 1801 667 1836 potius
679 1805 708 1828 ut
720 1809 797 1830 crea-

13 1847 54 1874 ori
74 1854 127 1874 suo
140 1846 229 1874 anima
247 1847 414 1878 deserviens,
426 1847 480 1880 ipsa
489 1847 601 1875 servitio
616 1855 648 1875 ac
669 1848 796 1877 ministe-

12 1894 44 1920 ἰο
65 1894 160 1919 carnis
188 1898 318 1920 uteretur.
348 1891 403 1920 Sed
430 1894 546 1921 fortasse
570 1893 644 1921 dicat
668 1895 794 1931 aliquis:

12 1938 146 1972 )nomodo
161 1939 253 1966 carnis
277 1948 330 1966 non
358 1947 452 1966 smnus
465 1939 611 1974 debitores,
625 1947 730 1970 cumet
756 1943 796 1970 vi-

12 1991 74 2012 :tum
98 1985 124 2012 ei
148 1990 176 2012 et
193 1982 380 2012 ἱιιιιιιιιιειιιιιιιι
395 1985 537 2020 providere
554 1991 657 2015 natura:
672 1989 795 2016 necessi-

13 2036 56 2058 ale
71 2028 225 2064 cogamur?
250 2031 302 2058 Sed
331 2036 359 2058 ιιι
384 2028 510 2058 ostendat
525 2040 575 2059 non
598 2033 673 2059 carui
689 2033 792 2068 aliquid

12 2077 140 2109 :onferre,
166 2077 212 2103 sed
231 2077 316 2111 ipsam
334 2077 415 2103 vitam
430 2076 506 2104 carui
532 2078 688 2112 mancipare
702 2078 794 2114 culpa-

12 2125 53 2152 iile
66 2124 175 2156 haberi,
188 2123 248 2151 ideo
259 2124 332 2150 addit
346 2132 351 2148 :
370 2133 379 2148 ι
396 2121 424 2149 Si
436 2123 507 2150 enim
520 2123 669 2150 secumlum
683 2132 793 2152 carnem

12 2171 138 2203 'ixeritis,
157 2169 320 2197 moriemini.
338 2179 346 2195 ι
365 2168 435 2202 Quid
458 2173 549 2196 autem
574 2169 610 2196 sit
623 2168 680 2203 (27)
695 2178 794 2198 secun-

863 242 924 263 esse
937 236 1028 264 carnis
1039 237 1186 270 debitores,
1200 238 1266 266 sicut
1283 244 1310 266 et
1322 239 1385 266 alibi
1399 240 1464 267 dicit
1481 249 1487 267 :
1508 250 1518 266 ι
1538 241 1573 268 Ει
1586 249 1648 269 car-

863 281 906 307 nis
922 288 1014 308 curam
1029 287 1064 310 ne
1081 282 1199 310 feceritis
1219 283 1244 310 iu
1261 285 1488 320 concupiscentiis
1505 285 1527 302 ³⁸
1543 287 1599 323 (28)
1613 296 1620 314 :
1638 296 1648 313 ι

861 335 913 354 non
931 328 1022 362 utique
1038 336 1139 364 negans
1157 337 1251 357 curam
1276 331 1368 359 carnis
1392 331 1543 360 habendam
1559 335 1585 361 iu
1602 343 1650 363 ne-

860 374 1002 405 cessariis,
1027 375 1074 401 sed
1101 375 1127 401 in
1151 377 1390 410 concupiscentiis.
1406 376 1443 405 Ita
1465 386 1530 413 ergo
1549 385 1576 407 et
1593 380 1648 413 hic,

863 430 872 446 ι
904 419 933 446 Si
957 420 1040 452 enim,
1073 419 1170 455 inquit,
1202 423 1350 449 secundum
1378 431 1488 452 carnem
1513 424 1649 459 vixet-itis,

861 464 1024 494 moriemini.
1047 477 1055 492 ι
1074 467 1105 494 Et
1129 467 1223 495 addit:
1243 476 1252 494 t
1274 468 1302 496 Si
1327 475 1416 498 autem
1445 471 1543 506 spiritu
1569 475 1647 501 actus

859 514 949 541 carnis
967 513 1209 545 mortilicaveritis,
1239 515 1336 543 vivetis
1358 515 1426 553 (29).
1449 526 1459 543 ι
1481 518 1512 545 Ει
1537 519 1570 546 de
1596 519 1649 547 hoc

855 560 911 594 )am
928 568 1009 595 supra
1026 560 1129 588 dictum
1153 565 1196 587 est
1209 559 1243 593 ",
1260 561 1396 596 quomodo
1411 571 1511 598 corpus
1537 566 1647 600 quidem

858 610 996 632 mortuum
1015 613 1077 633 esse
1089 605 1185 633 debeat
1198 612 1310 641 propter
1325 613 1448 642 peccata,
1459 610 1572 644 spiritus
1583 618 1648 638 vero

858 652 912 678 vita
927 656 1040 686 propter
1060 648 1296 687 justiiicationem.
1327 652 1380 686 Qui
1405 661 1472 690 ergo
1494 656 1647 684 secundum

857 696 983 732 spiritum
998 705 1081 731 agens
1093 696 1240 725 mortificat
1252 704 1329 727 actus
1340 700 1442 734 carnis,
1454 701 1526 728 vivet
1537 707 1648 737 propter

857 743 1057 770 iuhah‘itantem
1072 744 1099 771 in
1114 752 1144 772 se
1156 742 1283 779 spiritum
1296 746 1370 773 vitae.
1394 742 1538 774 Mortificat
1555 752 1647 776 autem

856 789 917 824 quis
934 796 1009 817 actus
1027 790 1116 818 carnis
1132 788 1182 818 hoc
1209 789 1301 818 modo.
1319 788 1434 819 Fructus
1463 797 1505 820 est
1528 793 1648 829 Spiritus

857 836 977 863 charitas
989 835 1022 868 ‘°,
1040 837 1131 864 odium
1159 837 1251 863 carnis
1277 841 1320 864 est
1343 841 1420 865 acltts
1436 847 1444 865 :
1462 839 1554 868 odium
1582 848 1648 877 ergo

858 888 905 916 per
920 880 1082 908 charilalem
1109 883 1289 910 mortiiiratnr
1305 889 1330 910 et
1361 885 1553 921 exstinguitur.
1573 884 1648 915 Gau-

858 927 932 953 dium
948 926 1075 953 similiter
1101 926 1204 954 l'ructus
1228 934 1270 955 est
1296 929 1426 964 spiritus,
1455 931 1566 960 tristitia
1581 937 1646 962 Vero

856 971 938 1007 hujus
950 972 1055 1004 saeculi,
1079 980 1140 1008 qua:
1166 979 1279 1001 tnortem
1305 981 1435 1010 operatur
1447 973 1481 1010 “,
1496 978 1589 1007 carnis
1604 986 1647 1008 est

856 1023 956 1045 actus:
971 1018 1028 1045 haec
1052 1026 1116 1052 ergo
1129 1020 1320 1052 exstinguitur,
1345 1021 1368 1048 si
1385 1021 1422 1049 sit
1440 1021 1466 1049 in
1483 1021 1561 1052 nobis
1580 1032 1647 1059 gau-

854 1064 928 1091 dium
946 1065 1068 1099 spiritus.
1091 1064 1145 1092 l’ax
1170 1065 1273 1092 fructus
1304 1071 1345 1093 est
1361 1067 1489 1101 spiritus;
1509 1067 1645 1098 dissensio

854 1114 881 1136 et
893 1109 1030 1137 disaordia
1046 1111 1139 1137 carnis
1164 1116 1205 1138 est
1229 1115 1304 1138 actus
1320 1123 1325 1139 ;
1345 1113 1391 1139 sed
1410 1119 1513 1141 certum
1530 1120 1572 1143 est
1594 1116 1647 1143 dis-

854 1155 975 1182 cordiam
991 1155 1151 1183 tuortilicari
1164 1162 1243 1190 posse
1256 1164 1304 1191 per
1316 1165 1420 1192 pacem.
1434 1158 1480 1187 Sic
1495 1162 1522 1188 et
1538 1161 1645 1195 patien-

858 1201 894 1227 tia
914 1201 1038 1235 spiritus,
1057 1201 1254 1235 impatientiam
1286 1203 1377 1231 carnis
1402 1203 1458 1240 (30)
1484 1207 1643 1242 exstinguit,

853 1251 881 1273 et
898 1245 1007 1273 h0nitas
1037 1246 1170 1274 malitiam
1198 1248 1316 1282 perimit,
1343 1251 1371 1276 et
1396 1248 1576 1280 mansuetudo
1604 1253 1645 1280 fe-

855 1292 957 1319 rociam
973 1312 980 1323 ,
1013 1298 1040 1320 et
1072 1293 1243 1322 continentia
1273 1294 1510 1330 intemperantiam
1537 1296 1591 1333 (5i
1606 1297 1616 1334 )
1634 1318 1643 1332 ,

852 1337 932 1374 593
947 1344 973 1365 et
988 1340 1099 1366 castitas
1109 1339 1307 1374 impudicitiam
1320 1345 1410 1373 necat,
1428 1342 1529 1377 talique
1540 1343 1638 1372 ordine

852 1387 897 1420 qni
915 1391 963 1420 per
980 1385 1107 1420 spiritum
1130 1389 1208 1413 actus
1225 1386 1316 1413 carnis
1340 1385 1546 1416 mortificaveril
1571 1386 1642 1426 (32),

851 1431 936 1459 vivet.
954 1430 1115 1458 intuendum
1131 1439 1198 1459 sane
1214 1436 1265 1465 est,
1279 1432 1352 1467 quod
1372 1433 1443 1461 sicut
1456 1439 1572 1462 mortem
1589 1439 1643 1464 non

852 1477 931 1505 istam
945 1482 1129 1510 c0mtuunem,
1142 1478 1189 1505 sed
1208 1478 1281 1506 illam
1293 1479 1394 1513 peccati
1410 1479 1488 1514 dicit,
1504 1488 1513 1507 t
1526 1479 1554 1509 Si
1570 1483 1642 1509 enim

853 1523 1003 1550 secundum
1027 1530 1138 1550 carnem
1172 1523 1308 1556 vixeritis,
1334 1524 1523 1556 moriemini,»
1554 1528 1591 1554 ita
1616 1528 1645 1555 et

853 1570 935 1596 vitam
954 1577 1007 1596 non
1026 1569 1096 1596 hanc
1117 1576 1303 1602 communem,
1320 1570 1457 1598 sedilium
1479 1572 1545 1599 dicit
1563 1577 1644 1600 teter-

853 1623 913 1642 nam
926 1635 933 1647 ,
949 1615 981 1642 ad
998 1621 1080 1650 quam
1105 1617 1246 1650 perveniet
1269 1618 1359 1644 onttils
1375 1617 1421 1651 qui
1435 1617 1584 1645 secundum
1609 1626 1642 1646 ea

852 1670 912 1697 quae
923 1669 1005 1697 supra
1020 1663 1207 1697 exposninms,
1227 1662 1363 1698 perfectus
1376 1664 1473 1699 spiritu
1491 1661 1641 1692 mortifica-

851 1707 921 1735 verit
940 1707 996 1743 (55)
1012 1713 1090 1735 actus
1104 1709 1207 1735 carnis.
1222 1709 1274 1735 Sed
1286 1713 1312 1735 et
1328 1708 1395 1735 illud
1408 1710 1479 1737 scire
1498 1710 1641 1744 debemus,

850 1752 922 1788 quod
950 1753 999 1780 ista
1029 1753 1202 1780 mortiﬁcatio
1231 1760 1338 1781 actumn
1354 1755 1446 1782 carnis
1464 1760 1511 1790 per
1535 1757 1642 1791 patien-

852 1798 916 1825 tiam
935 1798 993 1831 fiat,
1008 1803 1035 1826 et
1051 1806 1104 1826 non
1118 1799 1152 1825 ad
1166 1799 1299 1833 subitum,
1322 1801 1367 1826 sed
1388 1801 1528 1835 paulatim.
1552 1801 1641 1829 Primo

851 1843 1028 1878 languescere
1037 1851 1084 1871 eos
1096 1851 1207 1871 necesse
1224 1849 1266 1872 est
1281 1845 1358 1872 iubis
1370 1846 1417 1881 qui
1428 1846 1561 1881 incipiunt
1570 1847 1638 1882 (54);

852 1893 909 1916 tum
926 1890 1023 1917 deinde
1045 1897 1106 1917 cum
1137 1891 1279 1918 ardentius
1298 1891 1431 1925 proflat-re
1450 1891 1596 1926 emperint,
1613 1895 1640 1920 et

851 1935 1049 1963 abundantiore
1064 1937 1162 1970 spiritu
1182 1937 1278 1971 repleri
1293 1956 1300 1969 ,
1318 1942 1396 1964 actus
1413 1939 1505 1965 carnis
1520 1945 1573 1965 non
1592 1944 1640 1966 soi

850 1980 906 2008 ium
925 1982 1110 2017 languescere,
1138 1983 1186 2010 sed
1206 1988 1233 2010 et
1248 1984 1388 2011 tabescere
1420 1984 1551 2018 incipient
1569 1991 1579 2011 :
1594 1985 1639 2013 ubi

851 2032 916 2055 vero
930 2027 964 2055 ad
976 2028 1129 2063 perfectum
1145 2028 1200 2062 jam
1220 2030 1356 2062 venerint,
1371 2029 1409 2056 ita
1422 2035 1450 2056 nt
1465 2030 1536 2057 nulla
1557 2031 1583 2058 in
1599 2033 1639 2059 eis

849 2079 961 2109 prorsus
977 2074 1017 2101 vel
1033 2074 1059 2101 in
1080 2075 1165 2106 facto,
1185 2075 1228 2102 vcl
1256 2076 1281 2102 in
1299 2076 1381 2108 dicto,
1400 2076 1441 2104 vel
1467 2077 1493 2104 in
1519 2079 1637 2112 cogitatu

849 2119 955 2153 peccati
976 2120 1100 2147 oriantur
1123 2120 1234 2154 indicia,
1263 2125 1328 2148 tunc
1343 2122 1423 2156 plane
1441 2127 1518 2150 actus
1545 2124 1638 2150 carnis

849 2162 905 2200 (35)
926 2166 1115 2198 mortiilcasse,
1135 2170 1163 2193 ει
1182 2167 1216 2193 ad
1235 2167 1369 2202 integrum
1389 2169 1468 2196 morti
1489 2169 1638 2197 tradidisse

12 2216 61 2244 lum
80 2223 193 2244 carnem
222 2215 312 2242 vivere
327 2222 398 2249 sa-pe
410 2213 465 2250 jam
480 2215 583 2241 dictum
608 2220 660 2243 est.
683 2216 738 2244 iloc
751 2225 793 2246 est
810 2221 831 2248 ι)
849 2212 975 2239 "Edent"
990 2218 1064 2240 ευιιι-

34 2298 57 2315 ³³
73 2299 136 2326 Act.
152 2302 179 2329 x,
196 2297 241 2324 Η.
280 2296 303 2313 ³ο
318 2297 420 2324 Coloss.
438 2304 479 2329 ιιι,
497 2298 520 2329 l,
535 2297 563 2324 2.
600 2295 621 2313 ”
636 2297 714 2325 Rom.
728 2306 786 2333 vtn,
804 2300 847 2332 12,
864 2298 905 2326 l3.
944 2297 1054 2324 "Rom.
1068 2303 1128 2329 χιιι,
1145 2295 1189 2324 Η.
1228 2297 1250 2312 ³⁸
1264 2296 1343 2324 ilont.
1356 2301 1417 2331 th,
1431 2294 1472 2325 ιθ.
1511 2297 1636 2326 "Calai.

12 2343 25 2368 ‘,
36 2335 84 2362 22.
125 2333 147 2349 ¹¹
160 2333 180 2360 ll
196 2333 316 2360 Conv".
334 2333 375 2359 ω.

12 2404 115 2433 ictibus
145 2402 330 2437 apostolorum
347 2401 474 2429 habetur.
492 2412 500 2428 ι
529 2401 582 2429 Sed
605 2403 708 2429 rectius
725 2411 790 2431 mss.

12 2440 86 2468 iOSU'l
100 2443 131 2465 ut
146 2438 173 2465 iu
188 2443 282 2465 metro
297 2441 384 2464 textu.

44 2475 91 2507 Β)
110 2473 195 2505 Editi,
208 2482 216 2498 t
240 2472 370 2507 loqueris.
387 2481 396 2498 ι

44 2475 81 2502 Β
110 2475 195 2505 Editi,
208 2482 216 2498 t
240 2475 370 2507 loqueris.
387 2481 396 2498 ι

32 2475 206 2546 ἕὲΰῖγΕάιιὶ,
224 2517 239 2546 _«
271 2507 477 2540 convalescant;
497 2517 507 2534 ι
533 2512 590 2536 tum
609 2506 691 2544 paulo
719 2512 790 2543 post,

28 2542 55 2573 et
71 2542 156 2572 rebus
168 2542 309 2578 impleant.
327 2551 336 2568 ι
404 2574 413 2578 7‘

37 2580 95 2616 (ει)
113 2577 222 2616 bidui.)
242 2577 272 2616 _Si_
294 2578 355 2616 quis
368 2577 449 2605 habet
471 2577 498 2605 in
524 2583 556 2605 se
579 2578 724 2613 justitiam,
741 2584 790 2613 per

12 2613 133 2644 us‘titi’am
149 2613 249 2641 Christi
267 2613 357 2644 habet,
379 2621 388 2638 ι
404 2617 459 2640 etc.

33 2651 91 2687 (25)
110 2649 198 2687 Edit_i,_
215 2653 271 2687 t_et
283 2648 388 2687 singula
407 2646 713 2687 qurectmqnecitristus
729 2654 789 2675 esse

12 2683 114 2718 licittir,
131 2684 177 2719 qui
193 2684 274 2711 habet
289 2683 355 2716 btec,
372 2683 504 2719 Spiritum
519 2684 632 2714 Christi,
652 2692 661 2709 ι
680 2689 735 2719 etc.

33 2717 111 2757 (is)
139 2717 221 2748 Actus
244 2721 340 2747 carnis.
375 2717 423 2745 Sic
438 2725 503 2746 mss.
521 2719 591 2746 Editi
609 2726 683 2751 vero,
696 2726 706 2744 t
719 2718 789 2745 facta

12 2765 101 2783 tal‘lIIS.
124 2765 135 2782 1

881 2400 1033 2441 (ἓῑ)ιὶ¹ἓὲιξο
1053 2411 1061 2426 ί
1080 2401 1149 2441 Ωηίιέ
1166 2401 1238 2441 εηίιιι
1251 2400 1296 2441 εἰει
1315 2410 1325 2441 ’.
1342 2403 1396 2441 εἷς’
1420 2435 1437 2441 ..
1495 2439 1498 2441 λ
1526 2436 1531 2441 .

880 2435 935 2472 (28)
952 2436 1034 2468 Editi,
1053 2445 1062 2461 ι
1083 2443 1117 2464 ne
1135 2436 1254 2463 feceritis
1269 2437 1294 2463 in
1311 2435 1452 2464 desideriis
1474 2439 1502 2463 et
1526 2436 1551 2463 in
1567 2443 1633 2463 con-

845 2480 878 2501 cu
883 2472 997 2501 Discenti
1002 2472 1034 2498 is.
1054 2480 1063 2496 ι

890 2506 935 2542 ‘29)
949 2505 1033 2542 Editi,
1044 2513 1054 2531 t
1067 2505 1247 2542 mortificetis,
1255 2506 1362 2534 vivetis.
1373 2506 1428 2534 Sed
1439 2507 1472 2535 de
1481 2506 1543 2541 hoe,
1556 2515 1566 2534 ι
1578 2509 1634 2534 εισι

893 2537 938 2573 50)
955 2537 1039 2573 Editi,
1055 2549 1065 2566 ι
1088 2537 1245 2567 violentiam
1260 2542 1362 2569 carnis.
1381 2551 1390 2568 ο

890 2577 935 2613 5])
953 2576 1041 2613 Mitis,
1056 2585 1067 2601 σ
1084 2575 1321 2613 incorttinentiam.
1338 2586 1347 2603 ι

890 2581 935 2613 51)
953 2581 1041 2608 Atlas,
1056 2585 1067 2601 σ
1084 2581 1255 2603 mcontttteut

1049 2619 1061 2635 ι
1074 2610 1230 2649 munificat.
1246 2620 1256 2637 ι

880 2645 937 2681 (55)
953 2645 1034 2678 Etliti,
1049 2654 1059 2671 ε
1076 2646 1231 2673 mortificet.
1249 2655 1258 2672 I

881 2681 936 2719 (ξι)
950 2681 1034 2719 Alias,
1050 2690 1060 2706 (
1076 2681 1102 2708 in
1115 2681 1157 2719 his
1176 2688 1236 2715 qute
1252 2681 1394 2719 incipiunt.
1409 2690 1419 2708 ι
1487 2717 1492 2719 _
1558 2701 1572 2709 ι.

881 2716 937 2753 (35)
966 2717 1048 2753 Editi,
1063 2725 1073 2742 ι
1092 2717 1199 2753 tandem
1216 2721 1293 2753 actus
1316 2717 1444 2750 camini
1468 2717 1517 2748 ιιι..
1549 2721 1633 2744 «tum

845 2751 1044 2786 actus’caruis;
1057 2761 1066 2779 ι
1084 2751 1132 2784 aL,
1152 2760 1160 2776 ι
1179 2755 1234 2778 tum
1247 2751 1326 2786 plane
1338 2757 1418 2779 actus
1433 2753 1535 2780 carnis.
1550 2760 1562 2777 ι
