1831 3052
207 98 271 122 1111

954 91 1114 123 οιιιςιεΝιδ
1733 88 1777 116 illi

206 159 297 183 tamen
319 155 345 183 in
370 163 436 192 spe;
463 155 574 191 tempus'
587 156 712 186 videlicet
728 162 841 192 sperans
858 161 912 190 quo
928 153 996 180 lihe-
1011 154 1034 182 Α
1049 151 1105 186 Ego
1122 150 1206 178 etiam
1232 149 1266 177 de
1289 148 1462 184 archangelis
1485 146 1537 174 tale
1559 147 1640 182 aliquid
1660 148 1778 183 inlelliger:

206 207 295 238 retur,
311 211 373 231 cum
390 204 508 231 ﬁliorutn
535 203 580 231 Dei
598 203 654 239 (90)
673 208 780 238 tempus
796 201 933 230 libertatis
950 200 996 226 ad-

206 252 324 279 venerit.
341 250 398 278 Hoc
415 254 458 277 est
472 258 537 285 ergo
552 250 623 285 quod
641 255 668 277 et
684 250 709 277 in
726 249 785 277 aliis
803 249 924 284 apertius
939 248 995 283 jam

206 298 240 325 de
252 305 281 325 se
298 297 354 332 ipse
367 297 473 324 dicebat
485 296 640 332 Apostolus,
650 298 713 332 quia
723 296 790 332 (91),
804 305 813 322 ι
828 297 890 323 dum
903 302 997 323 sntttus

208 343 234 370 in
253 342 407 370 habitacnlo
429 343 492 376 hoc,
507 343 711 378 ingemiscimus
728 344 762 370 ".
787 353 796 370 ι
822 342 877 371 Hoc
898 347 927 370 et
947 343 997 370 Sa-

206 389 307 424 pientia
323 397 371 424 per
388 389 562 418 Salomonem
574 391 692 422 diccbat,
713 389 775 424 quia
792 399 801 415 ι
821 388 998 424 cnrrnptibile

207 441 306 469 corpus
333 439 463 469 aggravat
486 435 618 467 animant.
632 440 660 463 et
677 434 805 470 deprimit
824 440 933 462 terrena
950 434 998 461 ha-

206 480 303 507 bitatio
329 487 439 508 sensum
466 481 551 508 multa
568 481 737 516 cogitantem
759 481 799 513 ἐς
831 490 840 506 ι
869 485 896 507 et
926 480 996 507 idem

207 525 307 553 Paulus
324 535 331 554 :
353 535 363 552 ι
391 526 459 553 Dum
491 527 563 554 enim
579 535 673 554 sunttts
687 528 712 554 in
729 534 856 561 corpore,
875 525 998 561 pcregri-

209 581 307 601 namur
322 581 336 600 a
352 574 467 602 Domino
480 574 514 606 9".
533 583 542 600 ι
560 579 588 602 et
603 574 678 609 cupit
691 574 779 609 magis
794 574 962 609 peregrinari
983 581 997 600 a

207 627 322 654 corpore
338 625 365 647 et
390 619 487 647 adesse
511 620 544 647 ad
571 620 724 647 Dotnittum.
742 619 799 647 Hoc
821 620 922 647 indicat
938 639 945 651 ,
971 624 1000 646 et

208 667 294 693 multo
311 666 430 701 apertius
445 667 555 701 exponit
574 667 655 694 etiam
672 667 699 694 in
721 674 753 694 eo
769 666 828 694 loco
845 666 888 693 ubi
906 666 972 693 dicit
990 674 997 693 :

212 723 222 739 ι
242 713 375 740 Coaretor
389 717 480 741 autent
504 721 536 740 ex
555 713 684 745 duobus;
712 713 876 741 desiderium
897 713 1001 740 habens

209 760 320 790 reverti.
338 763 364 785 et
379 766 440 785 eum
457 759 566 786 Christo
583 766 660 791 esse;
680 759 765 786 multo
781 759 853 786 enim
872 759 971 786 ntclius
990 768 998 786 :

209 811 370 838 permanere
382 808 471 830 autem
487 805 513 830 in
532 811 616 831 carne
638 806 726 840 magis
742 805 925 832 necessarium
941 812 1000 840 pro-

209 854 272 882 pter
287 856 334 876 vos
347 849 371 865 9'
386 849 454 885 (θῖ).
474 859 484 876 ι
501 849 528 876 In
544 857 598 884 quo
612 855 707 885 aperte
721 851 842 878 ostendit
857 851 928 885 quod
947 858 999 878 non

210 895 316 926 volens,
330 900 459 930 quantum
477 897 510 922 ad
523 903 553 923 ea
567 901 672 930 spectat
688 904 747 931 qua:
759 898 857 924 animae
869 905 926 924 sua:
940 905 1002 924 cett-

209 941 282 968 scius
298 946 359 968 erat
372 961 379 972 ,
404 941 573 976 corruptinni
594 942 657 968 huic
677 942 848 977 vanitatique
862 943 978 970 serviret
993 964 1001 977 ,

210 987 258 1013 sed
275 991 384 1021 propter
400 994 460 1014 eum
477 987 521 1022 qui
539 987 596 1015 [nec
614 988 649 1014 ita
661 987 755 1020 voluit,
769 992 797 1015 et
811 992 923 1022 propter
938 995 1001 1021 nos,

211 1037 241 1058 ut
256 1032 322 1059 salvi
339 1040 400 1060 esse
413 1033 716 1068 possintus.Perntanet
729 1040 794 1067 ergo
812 1034 838 1061 in
852 1041 935 1070 carne
945 1035 1001 1069 (95)

211 1082 323 1113 propter
337 1086 387 1106 nos
403 1088 409 1106 :
427 1084 454 1105 ut
472 1084 563 1106 autem
588 1079 699 1107 revelati
716 1079 819 1108 fuerint
834 1080 880 1107 lilii
898 1081 958 1114 Dei,
974 1085 1002 1108 et

210 1125 365 1158 congregati
393 1125 419 1151 itt
447 1133 530 1152 unum
547 1132 594 1160 per
624 1125 774 1153 Ecclesium
801 1134 882 1161 quam
908 1127 1003 1154 statuit

213 1180 223 1194 ι
242 1171 287 1196 ιιιιὶ
303 1171 371 1203 viro,
385 1171 518 1206 virginem
535 1177 639 1199 castam
657 1173 788 1201 exhibere
805 1174 917 1201 Christo
933 1174 968 1206 ”,
990 1183 999 1200 ι

214 1221 277 1243 tunc
294 1223 320 1244 et
338 1217 395 1251 ipse
417 1217 580 1245 liberabitur
604 1226 618 1245 a
637 1219 769 1247 servitute
793 1221 980 1255 corruptionis
992 1241 1001 1254 ,

212 1265 284 1291 sicut
305 1270 333 1292 et
349 1267 405 1301 ipse
420 1266 505 1293 dicit:
527 1275 536 1291 ι
554 1266 610 1301 Ego
626 1272 716 1295 autem
739 1268 795 1302 jant
819 1268 958 1300 immolor,
975 1273 1003 1295 et

214 1304 321 1345 tempus
346 1312 520 1340 resolutionis
544 1320 611 1340 mea:
627 1313 722 1342 instat.
743 1314 860 1342 Cursum
875 1321 1007 1342 consum--

214 1358 294 1389 mavi,
313 1358 392 1386 ﬁdem
409 1360 515 1387 servavi
530 1367 539 1387 ι
552 1362 586 1387 de
601 1365 699 1388 caetero
724 1361 843 1395 reposita
868 1366 910 1388 est
936 1361 1001 1388 mihi

213 1411 316 1431 corona
329 1405 442 1440 justitiae
459 1405 477 1433 ι.
503 1415 512 1431 ι
531 1405 586 1433 Hoc
604 1410 646 1433 est
664 1406 808 1434 liberatum
831 1414 891 1434 esse
907 1415 922 1433 a
941 1414 1001 1434 ser-

215 1450 301 1476 vitute
324 1451 509 1485 corruptionis
535 1451 562 1478 in
581 1451 736 1479 libertatem
761 1452 856 1486 glorim
883 1453 1001 1480 liliorutn

1048 195 1215 232 propheticis
1233 195 1334 222 invitor
1349 194 1474 230 eloquiis.
1498 194 1565 228 Quid
1590 194 1648 221 enim
1665 198 1735 221 tanta:
1749 202 1779 221 ra-

1048 244 1142 271 nitatis
1155 248 1182 270 et
1197 246 1278 270 tantae
1296 241 1482 276 corruptionis
1506 240 1714 276 invenias,quam
1731 241 1779 268 bella

1047 297 1143 324 gerere
1160 290 1186 316 in
1203 289 1254 316 hoc
1279 288 1390 320 mundo,
1406 295 1511 322 pugnas
1527 287 1652 314 adversum
1667 295 1695 314 se
1712 294 1780 321 regum

1047 341 1074 364 et
1090 335 1210 370 gentium
1227 333 1420 362 commovere?
1438 332 1504 359 Vide
1527 339 1589 366 ergo
1603 332 1661 366 quod
1680 336 1705 360 et
1719 332 1739 358 in
1753 332 1781 358 lus

1048 383 1215 418 praecipuum
1223 379 1405 415 arcltangelici
1414 378 1505 413 operis
1515 378 1621 405 ltahetur
1630 377 1726 405 elﬁcium
1735 378 1780 413 (96).

1048 427 1118 455 sient
1134 425 1226 454 Daniel
1243 426 1375 460 propheta
1393 429 1510 453 testatur
1521 424 1534 440 ‘
1547 431 1605 450 cttm
1616 423 1676 454 dicit.
1691 423 1743 457 quia
1751 431 1780 449 ar-

1048 472 1199 507 changelus
1221 472 1377 506 loqueretur
1395 470 1427 497 ad
1447 478 1521 500 eum,
1538 469 1582 503 qui
1602 469 1720 496 diceretei
1733 468 1782 502 quod

1048 519 1212 555 pugnaverit
1228 518 1311 553 598
1326 518 1469 545 adversum
1496 516 1636 551 principem
1657 513 1783 545 Persarum,

1052 575 1061 591 ι
1079 571 1107 593 et
1122 573 1212 597 nemo,
1231 574 1240 590 ι
1258 564 1355 599 inquit,
1372 573 1381 589 ι
1397 562 1448 590 fuit
1462 562 1528 590 tnihi
1547 561 1671 595 adiutorio,
1686 561 1730 588 nisi
1744 560 1782 594 (Si)

1049 611 1163 640 Michael
1188 612 1314 646 princeps
1327 615 1418 637 vester
1433 609 1454 637 '.
1474 619 1483 635 ›
1504 609 1556 635 l’er
1575 607 1625 634 lucc
1641 614 1694 642 ergo
1707 606 1783 639 singula

1049 658 1262 694 deprehenditur
1276 655 1448 683 rationabilis
1467 663 1475 679 I
1494 658 1616 681 creatura
1626 651 1718 679 vanitati
1730 657 1786 677 nesse

1053 715 1064 732 α
1083 705 1204 739 subjecta
1221 711 1274 731 non
1297 703 1401 735 volens,
1420 702 1465 729 sed
1484 706 1595 735 propter
1607 707 1660 726 cum
1671 698 1711 734 qui
1722 698 1786 731 Suhjc-

1050 753 1087 779 cit
1110 751 1135 778 in
1151 758 1198 786 spe
1214 751 1247 777 θ’.
1269 758 1279 775 ι
1293 749 1362 783 Spes
1375 754 1491 782 namque
1505 751 1547 773 est
1565 745 1597 772 ab
1616 746 1651 773 bis
1669 745 1735 772 rebus
1745 752 1788 771 cor-

1052 797 1143 833 poreis
1171 802 1198 823 et
1229 794 1455 829 corruptibilibns
1485 793 1628 827 aliquando
1652 792 1787 819 cessandum.

1053 843 1129 870 llanc
1141 843 1214 870 enim
1228 841 1309 869 habet
1326 840 1561 875 exspectationem
1575 842 1680 865 creatura
1697 837 1739 863 ista
1757 843 1786 862 ra-

1053 888 1205 919 tionabilis,
1231 891 1260 914 ut
1283 886 1414 914 revelatio
1439 885 1485 912 ﬁat
1515 884 1626 911 ﬁliorum
1650 882 1686 910 Dei
1709 886 1786 917 propter

1053 943 1122 970 quos
1149 934 1239 968 angeli
1267 933 1414 964 mittuntur
1429 932 1455 958 in
1471 930 1645 958 ministerium
1658 950 1664 962 ,
1677 934 1703 956 ut
1721 933 1743 954 et
1756 928 1786 961 ipsi

1053 988 1114 1008 cum
1126 981 1168 1007 Itis
1180 979 1281 1014 quibus
1294 979 1522 1006 ministravernnt
1537 976 1704 1014 ltzrretlitatcm
1711 974 1786 1008 capiant

1053 1027 1149 1055 salutis
1166 1027 1189 1059 ⁷,
1205 1031 1234 1052 ιιι
1246 1025 1416 1052 terrestrium
1433 1028 1458 1051 et
1472 1023 1621 1050 caelestium
1633 1022 1672 1048 liat
1682 1027 1738 1047 unus
1746 1026 1787 1053 grai

1054 1078 1077 1101 et
1099 1080 1169 1100 unus
1194 1077 1287 1107 pastor
1300 1071 1321 1103 ⁵,
1341 1075 1368 1098 et
1397 1079 1409 1096 ι
1434 1071 1470 1097 sit
1498 1070 1570 1096 Dens
1591 1069 1668 1096 omnia
1690 1068 1713 1094 in
1729 1065 1787 1094 omni-

1053 1120 1104 1147 bus
1119 1120 1140 1145 9.
1158 1128 1167 1144 ι
1188 1118 1221 1145 Et
1243 1122 1272 1144 ut
1291 1116 1444 1144 evidentius
1461 1116 1495 1143 de
1511 1115 1554 1142 itis
1572 1122 1626 1149 qua:
1639 1114 1728 1141 dixerat
1745 1119 1787 1138 cou-

1055 1167 1177 1193 lirmarct
1189 1185 1197 1198 ,
1214 1164 1318 1191 addidit
1334 1172 1340 1190 :
1357 1173 1371 1189 ι
1388 1162 1498 1190 Scimus
1514 1162 1587 1189 cttint
1610 1160 1719 1196 quoniam
1730 1158 1788 1186 omnis

1055 1217 1181 1240 creatura
1197 1210 1391 1245 congentiscil,
1407 1213 1434 1235 et
1447 1208 1575 1235 condnlet
1588 1214 1666 1242 usque
1677 1205 1748 1233 adhuc
1757 1204 1788 1229 “.t

1055 1258 1188 1293 Superius
1210 1258 1315 1284 dixerat
1332 1265 1338 1283 :
1355 1265 1364 1281 ι
1395 1255 1529 1282 Existimo
1552 1255 1624 1282 enim
1645 1252 1745 1288 quoniam
1756 1258 1789 1276 nou

1054 1311 1118 1334 sunt
1133 1305 1274 1338 condignae
1286 1303 1427 1338 passiones
1443 1301 1524 1336 hnjns
1538 1300 1662 1334 temporis
1672 1299 1697 1326 ad
1707 1297 1787 1325 luturm

1056 1352 1171 1387 gloriam
1191 1351 1232 1383 “;
1256 1360 1264 1376 ι
1285 1355 1313 1378 et
1329 1357 1390 1377 cunt
1413 1349 1450 1375 ibi
1469 1355 1498 1375 se
1513 1347 1668 1374 existimare
1679 1342 1787 1372 diverit.iu

1060 1400 1102 1427 his
1118 1398 1190 1426 scire
1207 1405 1236 1424 se
1250 1397 1316 1424 dicit
1328 1395 1399 1430 quod
1413 1396 1503 1422 omnis
1519 1398 1643 1420 creatura
1660 1389 1788 1424 congemism

1054 1450 1082 1472 et
1106 1443 1249 1472 condoleat
1265 1442 1343 1478 (98),
1360 1449 1413 1475 quo
1431 1439 1535 1467 scilicet
1554 1438 1619 1465 nihil
1641 1438 1665 1464 in
1680 1437 1720 1464 hoc
1738 1440 1787 1461 sum

215 1496 274 1524 Dei-
290 1496 343 1524 Sed
360 1497 395 1524 ab
409 1482 465 1528 itis,
481 1497 504 1524 si
522 1497 638 1529 videtur,
661 1482 794 1532 εχθηιρῖίε
809 1499 891 1525 etiam
908 1499 942 1526 ad
959 1507 1003 1526 5“-
1016 1499 1038 1528 ρ
1057 1490 1239 1518 dubitationis
1265 1488 1409 1516 habeatur.
1435 1486 1570 1514 Ct'eatura
1595 1484 1678 1532 enim,
1696 1482 1740 1532 licet
1756 1486 1787 1532 net

212 1541 318 1576 periura
331 1542 494 1574 cortscende,
508 1547 535 1570 et
551 1542 611 1569 vide
629 1542 714 1577 ipsius
734 1543 811 1576 solis,
825 1549 853 1570 et
872 1543 954 1576 lunae,
968 1552 1002 1571 ae

210 1587 352 1614 stellarum
367 1587 440 1620 cmli,
452 1592 478 1614 et
494 1588 576 1615 totius
589 1588 681 1615 mundi
695 1589 844 1617 ministeria
865 1590 1007 1624 quomodo

212 1633 334 1665 subjecta
354 1638 417 1660 sunt
435 1634 566 1666 vanitati,
583 1635 809 1670 corruptionique
829 1636 998 1663 deserviunt.

211 1680 253 1706 Ad
267 1687 333 1706 usus
347 1688 464 1714 namque
481 1680 621 1708 hominum
639 1681 715 1709 alunt
729 1685 835 1716 segetes
848 1701 855 1715 ,
871 1682 1005 1709 arborum-

215 1726 320 1753 lrnctus
337 1725 394 1762 (94)
420 1727 593 1761 producunt,
622 1727 792 1762 lterhantque
817 1735 1001 1762 camporum:

213 1777 296 1807 atque
318 1773 426 1800 eosdem
452 1773 478 1800 in
494 1781 523 1801 se
540 1779 709 1802 revertentes
731 1775 793 1802 atnti
810 1774 930 1813 circulos
945 1774 1005 1802 vol»

213 1823 289 1845 vunt.
309 1818 446 1853 Reparant
457 1820 528 1846 enim
541 1828 602 1855 qua
620 1825 798 1856 praetereunt,
814 1826 842 1849 et
857 1821 1002 1855 praeterire

214 1872 320 1891 rursum
345 1873 404 1899 qua:
422 1871 545 1901 reparata
570 1872 644 1900 sunt,
669 1868 774 1894 sinunt.
798 1867 871 1903 ipsos
896 1874 1008 1902 quoque

213 1911 342 1944 angelos,
359 1911 381 1938 si
398 1912 432 1939 ad
454 1913 617 1940 sententiam
642 1913 714 1940 Pauli
730 1913 863 1948 respicias
879 1920 939 1948 qua:
963 1912 1004 1939 di-

213 1957 261 1988 cit,
277 1957 339 1991 quia
357 1965 368 1983 ι
379 1964 473 1985 omnes
489 1957 683 1986 ministeriales
697 1964 762 1987 sttttt
778 1959 889 1994 spiritus
903 1958 942 1985 ad
953 1958 1002 1985 mi-

214 2004 356 2030 nisterittm
375 2004 448 2031 tnissi
469 2009 580 2039 propter
604 2013 651 2033 cos
674 2006 720 2041 qui
744 2005 931 2033 hatreditalem
957 2012 1003 2031 ca-

214 2049 290 2084 piunt
307 2050 404 2078 salutis
418 2051 443 2082 ',
459 2061 469 2077 ι
486 2051 623 2085 intelliges
639 2052 691 2079 tale
713 2051 815 2085 aliquid
842 2058 938 2086 gerere
949 2069 958 2083 ο
975 2054 1004 2077 et

216 2095 280 2123 huic
299 2096 469 2131 corruptioui
497 2103 562 2124 esse
577 2096 714 2131 subjectos
729 2096 786 2132 (.95)
802 2104 809 2123 :
825 2095 906 2123 credo
921 2095 1003 2122 etiam

212 2140 287 2175 ipsos
308 2149 362 2169 non
384 2142 517 2174 volentes,
538 2143 584 2170 sed
608 2147 718 2177 propter
739 2148 800 2169 eum
822 2142 868 2177 qui
888 2141 1005 2174 subjecit

1058 1537 1152 1564 voletts
1166 1535 1288 1570 subjecta
1304 1534 1350 1566 sit,
1364 1538 1455 1560 tamen
1480 1532 1607 1566 quoniam
1629 1527 1787 1556 \niultlalitl‘dtl

1056 1582 1116 1617 ejus
1134 1582 1178 1616 qui
1196 1580 1324 1615 subjecit.
1339 1579 1423 1606 etiam
1441 1576 1572 1604 aﬁ’cctum
1589 1575 1643 1609 (99)
1655 1573 1787 1609 qucm‘hmd

1057 1629 1220 1656 charitatcm
1237 1626 1310 1653 circa
1335 1632 1383 1652 eos
1399 1623 1511 1651 exhibet
1526 1642 1538 1654 τ
1551 1629 1598 1657 pro
1620 1621 1708 1655 quibus
1724 1618 1787 1644 rident

1058 1681 1118 1701 esse
1129 1672 1264 1706 subjecta,
1282 1676 1308 1698 et
1325 1678 1373 1705 pro
1389 1669 1531 1697 doloribus
1544 1675 1637 1695 eorum
1650 1666 1747 1696 dolet,et
1760 1667 1787 1695 pro

1058 1719 1205 1755 gentilibus
1219 1718 1320 1753 getuit.
1337 1717 1365 1744 Si
1381 1724 1447 1744 vero
1459 1735 1466 1748 ,
1483 1720 1514 1742 ut
1531 1716 1558 1742 in
1572 1714 1630 1741 aliis
1646 1707 1788 1759 cveulplarilmi

1057 1766 1208 1796 invenitur.
1226 1765 1263 1791 ita
1279 1764 1411 1798 legamus,
1433 1771 1442 1788 ι
1459 1762 1638 1798 congentiscit
1650 1766 1674 1787 et
1687 1759 1787 1794 partunl.|

1057 1811 1207 1840 secundum
1224 1810 1300 1838 illum
1326 1816 1437 1836 sensum
1463 1808 1631 1841 accipiemus
1646 1815 1654 1830 ι
1675 1801 1788 1839 parturit.»

1057 1866 1113 1894 quo
1139 1858 1205 1885 dicit
1230 1856 1378 1891 Apostolus
1402 1855 1529 1889 genuisse
1548 1861 1578 1880 se
1595 1860 1643 1887 per
1668 1846 1787 1894 Evangelii”

1056 1890 1104 1932 eos
1119 1911 1187 1939 quos
1204 1890 1347 1937 perﬁdetn
1370 1900 1471 1927 Christi
1487 1898 1617 1933 produxit
1639 1896 1668 1922 ad
1688 1895 1751 1920 lucent
1762 1890 1788 1917 ’¹;

1058 1953 1098 1981 vel
1118 1953 1191 1980 sicut
1204 1951 1237 1978 de
1252 1949 1313 1977 aliis
1327 1948 1389 1975 alibi
1405 1946 1443 1982 (l)
1460 1946 1529 1973 dixit
1545 1956 1550 1973 ς
1575 1955 1584 1970 ι
1603 1943 1686 1970 Filioli
1701 1939 1738 1968 mei
1751 1942 1788 1971 quos

1058 2001 1156 2027 iterum
1180 1996 1301 2032 parturio
1314 2014 1322 2027 ,
1338 1994 1424 2022 donec
1447 1993 1582 2020 l'orntelnr
1604 1989 1718 2017 Christus
1731 1985 1748 2032 in
1763 1989 1788 2006 W-

1058 2045 1100 2072 bis
1115 2044 1149 2071 η.
1172 2030 1186 2069 ι.
1197 2041 1318 2070 Parturit
1336 2047 1402 2075 ergo
1415 2044 1444 2066 et
1457 2042 1587 2066 creatura
1600 2043 1646 2063 eos
1661 2041 1720 2069 quos
1730 2030 1755 2065 (2i
1769 2035 1789 2053 ’~‘

1058 2095 1172 2127 generat
1185 2090 1220 2117 ad
1234 2088 1362 2116 salutem.
1375 2074 1457 2119 Quod
1475 2084 1501 2112 si
1513 2084 1597 2111 etiam
1620 2082 1669 2109 hoc
1692 2074 1789 2127 legend“!

1058 2125 1147 2165 visum
1162 2135 1248 2163 Fuerit
1261 2132 1468 2168 requirendum,
1480 2138 1531 2158 cur
1550 2129 1576 2156 in
1591 2125 1752 2163 superioribus
1760 2125 1789 2146 ἤτ’

212 2169 260 2214 eos
275 2187 301 2214 in
317 2187 393 2222 spe'.
410 2196 419 2213 ι
437 2169 577 2215 Voluntati
588 2169 666 2215 enim.
676 2187 749 2215 illius
760 2188 821 2222 quis
832 2169 980 2214 resistit"?
992 2196 1001 2212 ι
1021 2180 1043 2208 Ι)
1059 2185 1097 2211 tio
1108 2180 1291 2210 nominaverit
1302 2182 1469 2210 creaturam,
1483 2181 1512 2204 et
1525 2182 1658 2210 nusquam
1673 2169 1789 2199 diterilW

244 2269 266 2285 "
281 2269 300 2295 ll
315 2269 376 2296 Cor.
390 2277 415 2299 v.
429 2269 456 2296 4.
490 2268 512 2286 "
529 2269 592 2305 Sap.
610 2277 649 2302 ts,
664 2269 706 2297 l5.
744 2269 766 2285 "'
785 2269 804 2296 Il
818 2267 880 2295 Cor.
897 2275 922 2300 v,
935 2266 961 2298 6.
978 2267 1004 2295 8.

253 2304 336 2330 llchr.
366 2313 384 2332 t.
415 2305 457 2332 14.
496 2305 506 2320 ³
522 2304 599 2332 Rom.
619 2305 735 2332 vnt.20.
774 2305 874 2331 ‘llom.
889 2302 979 2332 “.19.

1056 2270 1065 2286 ³
1080 2266 1176 2300 Philip.
1195 2272 1218 2297 ι,
1231 2263 1275 2290 23.
1314 2262 1337 2278 ’9
1349 2261 1368 2288 ll
1384 2260 1447 2288 Cor.
1459 2268 1487 2291 ιι.
1503 2259 1531 2288 ‘2.

1056 2308 1107 2331 ian.
1122 2300 1205 2332 1.13.
1241 2299 1252 2314 ⁸
1267 2299 1332 2324 Dan.
1348 2295 1430 2332 χλι.
1468 2294 1488 2309 ⁸·
1503 2295 1531 2332 lit

1064 2314 1107 2331 illl.
1123 2314 1149 2333 Ἀ,
1165 2314 1205 2327 III.
1267 2314 1332 2324 υ-ιιιι
1349 2314 1376 2328 Α,
1388 2314 1430 2333 τι.

213 2303 224 2320 ¹
253 2304 336 2330 llchr.
366 2313 384 2336 ι,
415 2305 457 2332 lt.
496 2302 599 2332 alioin.
619 2305 735 2334 vnnﬁl).
774 2302 979 2335 ‘llotn.tv,l9.

213 2346 234 2370 ι,
250 2339 291 2366 14.
325 2339 337 2355 ⁸
349 2339 427 2368 Joatt.
442 2348 469 2373 χ,
488 2339 531 2368 l6.
570 2340 602 2367 'l
616 2340 679 2368 Cor.
696 2348 741 2372 xv,
755 2340 792 2367 ‘28
840 2339 863 2355 ιθ
879 2337 957 2364 Rom.
975 2345 1005 2368 vt;

1056 2339 1097 2367 22.

252 2429 307 2470 (9}!)
324 2431 406 2470 Editi,
423 2441 436 2457 ι
448 2439 502 2466 quo
515 2431 647 2460 liberetur
662 2432 688 2458 in
708 2431 769 2459 ﬁliis
787 2432 844 2466 Dei,
861 2436 922 2459 eum
938 2436 1007 2458 tem—

216 2471 267 2498 pus
280 2464 424 2499 lihcrlatis,
441 2464 522 2495 t'ete.

263 2499 309 2532 9i)
327 2500 408 2532 Quia.
426 2501 600 2529 Desideratur
616 2501 642 2529 in
655 2501 752 2529 editis.

259 2535 308 2571 92)
324 2535 405 2569 Editi,
428 2545 437 2560 ι
458 2543 620 2572 permanere
641 2537 668 2563 itt
684 2544 767 2565 carne
783 2536 869 2572 magis
891 2541 1005 2572 propter

215 2577 274 2596 νος.
293 2579 303 2595 ι

249 2605 306 2640 (95)
328 2605 399 2632 Editi
413 2625 422 2638 ,
440 2616 448 2631 ι
467 2605 614 2634 Permanet
637 2611 728 2634 autem
754 2608 782 2634 in
805 2614 889 2635 carne
901 2627 908 2638 ,
925 2616 934 2632 ›
951 2611 1005 2633 etc.

219 2641 321 2681 Deinde
339 2641 533 2681 tnss._qnid:mt
547 2661 557 2673 ,
574 2651 582 2667 ι
605 2645 635 2669 ιιι
648 2648 740 2669 autem
758 2642 869 2670 revelati
887 2646 972 2674 sunt;
995 2650 1007 2666 ι

217 2681 244 2702 et
256 2675 550 2716 postea._t_liberatnr.
570 2686 581 2702 ι

254 2710 310 2746 {95)
328 2711 412 2746 Edttt,
430 2719 439 2736 ι
454 2711 580 2745 arbores,
600 2711 712 2739 fructus.
730 2721 742 2738 ι

255 2746 313 2786 595)
327 2745 411 2778 Alias,
428 2755 436 2772 I
456 2746 508 2786 tale
519 2747 583 2781 quid
599 2754 706 2781 gerere,
718 2752 746 2774 ct
759 2747 823 2776 huic
839 2747 936 2775 rationi
947 2753 1005 2774 esse

219 2780 374 2813 subjectos;
390 2789 400 2806 ι
419 2781 498 2808 male.

258 2815 314 2852 (96)
326 2816 456 2850 Officium.
475 2816 553 2845 Decst
569 2817 594 2845 in
611 2817 689 2846 libris
704 2823 781 2846 antea
797 2817 888 2846 editis.

1572 2258 1580 2273 '
1594 2257 1614 2285 ll
1628 2256 1696 2283 Tim.
1713 2261 1738 2283 Iv.
1754 2249 1788 2276 5'3-

1468 2285 1488 2309 δ²
1503 2285 1583 2321 “om.
1596 2300 1656 2323 vnt,
1667 2291 1710 2318 90.
1731 2285 1788 2313 Ἥρω»

1468 2334 1502 2354 tu-
1518 2329 1563 2354 15.
1603 2327 1625 2343 ¹¹
1644 2315 1782 2354 GalaLtt.”

1136 2329 1156 2353 εἰ
1175 2335 1240 2363 ibid.
1253 2335 1297 2361 ιδ.
1335 2331 1451 2358 ηιοοι.
1466 2334 1502 2363 tv,
1518 2329 1563 2356 ts.

1093 2427 1154 2463 (9'1)
1167 2425 1251 2463 Editi,
1261 2433 1278 2463 _«_
1292 2428 1323 2463 et
1337 2429 1430 2463 [remot
1440 2420 1541 2462 inquit,
1553 2419 1604 2463 linit
1619 2418 1647 2445 in
1660 2412 1786 2452 adjutoriiltt'

1061 2457 1151 2499 (ulmi
1168 2461 1221 2499 f_ni_t
1233 2459 1298 2499 mihi
1315 2457 1433 2499 adjutor)
1450 2457 1517 2499 nisi!
1534 2460 1611 2499 rete;

1099 2486 1156 2532 (58‘)
1168 2486 1256 2528 Editi.
1274 2503 1283 2520 ι
1307 2486 1374 2532 etin
1392 2486 1434 2519 bis
1450 2486 1530 2532 scire
1543 2497 1573 2532 se
1588 2488 1659 2532 dixit
1675 2486 1788 2532 quiadel?“

1059 2524 1185 2562 ereatlira
1199 2524 1378 2566 con'gemiscit
1390 2531 1418 2553 et
1431 2525 1561 2566 condolet
1575 2531 1662 2566 usque
1673 2524 1747 2566 adluit.
1754 2527 1779 2566 tu.

1435 2551 1516 2595 leiu
1543 2551 1662 2594 subjecit
1683 2551 1786 2587 canuit"

1109 2611 1147 2629 m.
1166 2611 1175 2628 ι
1193 2606 1247 2628 etc.

1059 2609 1147 2634 ctum,
1166 2611 1175 2628 ι
1193 2609 1247 2628 etc.
1615 2630 1621 2635 I

1098 2638 1137 2671 (l)
1148 2637 1228 2664 Alibi.
1246 2633 1422 2671 Desidet-aint
1434 2632 1460 2658 itt
1473 2630 1622 2671 editis,_qut
1634 2625 1786 2671 postealna‘lefv

1065 2682 1074 2699 ι
1097 2664 1186 2700 i’ilioli
1203 2671 1260 2698 tnei.
1280 2675 1349 2704 quos
1370 2667 1459 2695 adhuc
1473 2664 1618 2701 parturit}.
1638 2673 1648 2690 ι
1669 2664 1784 2692 siautem

1063 2716 1134 2736 unus
1148 2707 1257 2742 Regius.
1371 2738 1388 2742 _
1428 2737 1435 2742 ,
1581 2735 1649 2742 mn
1679 2734 1698 2742 ,,

1099 2734 1138 2778 (Ξ)
1150 2734 1202 2778 75ιὲ
1217 2748 1267 2768 ms.
1281 2746 1353 2778 unus
1370 2737 1470 2778 lit-gius
1488 2744 1565 2778 nuru.

1061 2764 1138 2805 edit-if
1149 2764 1358 2804 tiggfié'raaab
1371 2764 1483 2803 habent.
1501 2781 1511 2798 ι
1528 2764 1785 2805 Ριιηιιτὶιέτεθειι-Γω

1062 2821 1119 2846 eos,
1140 2820 1221 2848 quos,
1241 2820 1249 2837 ι
1267 2815 1323 2837 etc.
