1827 3053
9 123 85 149 HI}

489 125 664 156 COMllENT.
685 129 717 156 ΙΝ
738 129 902 158 EPIST.AD
921 131 1002 159 “0M.
1023 130 1085 158 Llll.
1110 129 1163 157 Vll.

1569 136 1635 163 illi

9 180 53 228 uis
79 184 208 228 creatura
226 190 233 213 ;
262 181 295 208 ad
315 181 443 228 ultimum
465 193 530 213 vero
548 187 620 214 dicat
637 196 643 214 :
663 197 672 214 ι
691 188 798 217 Scimus
813 192 835 221 Α
853 199 862 216 ι
892 190 945 218 Sed
971 197 997 218 et
1026 200 1075 220 nos
1093 193 1144 227 ipsi
1163 191 1296 228 primitias
1312 191 1430 226 Spiritus
1454 193 1592 221 habentes.
1623 205 1634 221 ν

9 225 85 252 s-niut
102 227 229 260 quoniam
248 227 336 254 otunis
351 234 474 257 creatura
493 233 679 267 congctuiscit,
695 239 722 261 et
736 242 801 261 con-

9 269 87 297 :lolct
107 271 130 286 “
143 271 182 306 (3)
199 282 205 298 :
222 281 231 297 ι
248 277 337 306 potest
360 273 399 301 sic
413 274 526 310 intelligi
540 297 547 309 ,
562 277 625 312 quia
641 285 693 305 non
712 279 801 306 outuis

9 316 121 349 quidem
138 317 176 352 (1)
199 323 322 346 creatura
339 324 380 348 est
405 327 465 354 quae
491 322 644 357 ingemiscit
665 329 692 351 et
715 325 797 358 dolet,

9 363 63 388 hoc
79 367 121 389 est
145 371 205 397 quae
229 365 384 393 necessitati
398 368 520 401 corporis
535 370 720 404 corruptibilis
734 371 799 398 sub-

9 412 85 437 ;aeet
102 417 108 434 :
126 409 214 436 omnis
238 415 329 438 atttetn
348 417 472 440 creatura
498 419 539 441 est
556 422 616 449 qua;
645 415 800 444 dolentibus

9 453 139 481 :ondolet
152 474 160 487 ,
185 459 212 481 et
232 463 292 490 qua:
316 458 486 491 getuentibus
501 460 687 493 congemiscit.
704 461 799 489 Omnis

9 506 102 526 tutem
119 506 245 528 creatura
268 503 393 536 superior
415 511 515 538 agones
530 509 557 531 et
579 506 727 533 certamina
749 515 798 533 no-

9 550 66 572 stra
82 551 197 580 spectat,
212 552 238 573 et
253 547 327 574 dolet
343 555 403 574 cum
418 549 565 582 vincimur,
582 557 643 577 cutn
663 558 726 577 vero
741 551 799 578 rin-

9 591 99 617 rimus
115 592 214 625 gaudet
229 591 266 627 (5)
277 599 283 623 ς
294 597 321 619 et
335 592 422 620 multo
439 593 498 626 plus
508 601 588 628 quam
603 595 798 630 nobis,illis(6)

9 641 84 663 mest
100 637 216 671 gaudere
232 645 292 664 cum
317 638 496 672 gaudentibus
516 645 544 667 et
566 640 656 668 dolere
669 649 729 668 eum
752 643 800 668 do~

9 681 133 708 [cutibus
146 682 179 709 ".

41 727 70 754 5.
89 736 99 752 ι
118 727 177 754 Non
192 727 279 755 solum
299 733 402 763 autem,
419 730 465 757 sed
486 735 513 758 et
529 738 578 758 nos
596 731 646 766 ipsi
664 732 798 767 primitias

9 773 132 807 Spiritus
156 773 310 809 habentes,
335 777 416 803 etiatu
433 777 482 812 ipsi
510 777 580 804 intra
603 785 650 805 nos
666 778 798 813 gemimus

9 819 186 854 adoptionem
211 820 326 848 ﬁliorum
341 821 379 857 (7)
402 827 593 856 exspectantes
605 843 613 856 ,
629 824 797 858 redemptio-

9 873 71 892 nem
92 866 218 901 corporis
241 867 338 894 nostri.
361 867 416 902 Spe
429 868 501 895 enim
517 869 584 895 salvi
611 868 673 896 [διιιί
692 877 795 897 sumus.
813 860 834 887 Β

9 911 79 945 Spes
94 916 185 938 autem
202 919 262 946 quae
275 912 390 944 videtur,
410 921 462 940 non
482 919 523 941 est
547 922 618 949 spes.
635 915 710 948 Quod
726 916 796 943 enim

9 957 86 984 ridet
100 957 164 991 quis
177 978 184 990 ,
200 958 264 991 quid
280 959 393 992 sperat?
410 959 463 986 Sed
481 960 504 986 si
518 960 588 994 quod
605 969 657 988 non
676 961 798 989 ridemus

9 1010 156 1036 speramus
168 1022 176 1035 ,
193 1010 240 1037 per
257 1004 416 1037 patientiam
433 1010 625 1040 exspeetamus
649 1007 680 1034 ¹⁰.
702 1017 711 1033 ι
728 1008 798 1035 Con-

9 1048 182 1075 suetudinem
195 1050 350 1084 apostolicae
362 1050 526 1078 elocutionis
540 1059 601 1079 csse
614 1060 684 1087 saepe
703 1054 797 1080 docui-

9 1101 78 1125 mus,
91 1102 153 1121 cum
171 1095 246 1127 dicit,
264 1104 273 1121 (
291 1095 348 1123 Non
364 1097 450 1124 solum
467 1103 571 1130 autem,
587 1108 595 1123 ι
611 1103 637 1126 et
654 1099 717 1126 nihil
733 1101 798 1126 sub-

15 1141 97 1175 ungit
119 1141 164 1168 cui
188 1142 273 1176 aptari
301 1142 418 1176 debeat,
436 1143 623 1178 superioribus
641 1145 721 1172 dictis
738 1153 798 1174 esse

9 1186 185 1214 referendum
199 1208 206 1219 ,
225 1188 297 1215 sicut
313 1193 340 1216 et
359 1189 384 1216 itt
406 1190 533 1224 prmsenli
548 1190 668 1224 capitulo
684 1191 796 1226 intelligi

9 1232 101 1258 datur.
126 1231 192 1259 Tale
207 1241 323 1268 namque
337 1238 379 1262 est
394 1236 465 1269 quod
488 1236 579 1262 dicere
596 1236 722 1262 videtur:
739 1236 796 1264 Non

9 1278 96 1305 tolum
111 1278 201 1305 omnis
219 1284 344 1306 creatura
361 1281 536 1315 congentiscit
550 1286 576 1308 et
593 1282 736 1315 condolet;
751 1283 796 1310 sed

9 1327 33 1349 et
49 1330 103 1349 nos
122 1323 170 1357 ipsi
195 1323 331 1357 primitias
356 1323 474 1359 Spiritus
486 1324 617 1352 habentes
630 1345 638 1356 ,
661 1326 728 1352 intra
749 1333 798 1352 nos

9 1369 155 1399 :0Illlllllls.
173 1368 207 1396 Et
224 1376 272 1396 nos
291 1370 362 1396 enim
376 1375 565 1405 exspectamus
579 1370 753 1405 adoptionem
767 1371 798 1397 ﬁ-

9 1415 108 1440 horum
124 1412 181 1446 Dei,
194 1418 221 1440 et
238 1414 450 1447 redemptionem
461 1414 583 1450 corporis
594 1415 798 1448 nostri.Qu.:nt-

9 1460 47 1487 ris
69 1459 126 1486 hoc
143 1459 268 1494 ipsojam
287 1461 357 1495 quod
373 1460 482 1489 Christo
505 1461 642 1488 credimus
656 1481 664 1494 ,
680 1462 796 1489 salutem

9 1506 86 1532 nobis
119 1506 265 1539 pratstitam
293 1507 458 1540 noverimus,
485 1511 572 1535 tamen
589 1507 614 1534 itt
636 1515 685 1542 spe
710 1507 797 1535 adlmc

9 1557 45 1578 ist
57 1551 136 1579 salus
148 1552 209 1584 ista,
221 1560 274 1579 non
291 1553 317 1580 in
334 1557 444 1587 aspectu
459 1553 605 1580 visibilium
622 1553 670 1589 (8).
686 1553 714 1580 Si
723 1554 795 1580 enim

9 1598 58 1630 iam
76 1598 227 1630 videretur,
245 1606 297 1625 non
314 1599 407 1632 utique
420 1604 587 1633 speraretur.
607 1599 704 1633 Sperat
721 1600 794 1626 enim

12 1644 67 1677 ptis
85 1648 117 1670 ut
132 1644 231 1671 videat.
246 1644 274 1671 Si
286 1652 349 1671 vero
359 1646 449 1672 videat
463 1653 523 1679 quze
541 1646 678 1680 sperabat,
696 1652 794 1678 super-

9 1691 88 1716 dttutn
105 1693 148 1717 est
166 1691 234 1718 ultra
251 1698 361 1724 sperare
379 1699 440 1725 qua:
463 1692 538 1717 videt
560 1690 609 1726 (9).
626 1690 680 1718 Nos
703 1695 792 1717 autem

9 1743 81 1768 spem
100 1743 155 1762 non
169 1736 303 1763 habemus
319 1737 345 1762 in
365 1737 406 1763 his
421 1744 480 1771 quae
496 1737 638 1769 videntur,
655 1745 688 1764 ue
706 1736 794 1764 inanis

9 1782 41 1808 sit
58 1788 125 1816 spes
143 1786 248 1815 nostra,
263 1783 309 1809 scd
330 1783 356 1809 in
372 1783 414 1810 ltis
438 1791 498 1818 quae
524 1791 575 1810 tton
600 1783 736 1810 videntur.
761 1782 794 1809 Et

9 1828 66 1855 ideo
81 1828 146 1862 quia
160 1836 219 1863 qua:
236 1836 287 1856 non
305 1829 432 1856 videntur
446 1837 602 1864 speramus,
622 1834 649 1856 et
665 1834 718 1856 tam
734 1837 793 1856 ma-

9 1881 57 1902 nna
83 1879 148 1902 sunt
174 1879 283 1910 Iamque
303 1875 419 1910 gloriosa
436 1896 446 1908 ,
465 1881 493 1903 ut
512 1876 604 1903 nmltis
630 1876 769 1904 laboribus
784 1897 792 1910 ,

9 1920 154 1954 multisque
179 1921 400 1949 tribulationibus
422 1926 449 1950 et
475 1922 605 1957 periculis
630 1923 794 1957 capiantur,

9 1967 111 1993 idcirco
135 1973 166 1993 ea
184 1973 232 1999 per
256 1967 415 2001 patientiam
441 1973 646 2003 exspectamus,
665 1973 793 2003 tanquam

9 2011 47 2038 vix
79 2010 230 2045 aliquando
262 2018 387 2040 ventura.
421 2012 483 2041 llaec
512 2013 631 2041 diximus
661 2014 793 2041 directum

9 2057 162 2090 quemdam,
176 2062 202 2084 et
218 2056 375 2085 lucidiorem
389 2059 561 2087 sermonibus
584 2059 648 2093 ipsis
664 2059 794 2093 apostoli-

9 2103 42 2129 tis
55 2101 183 2130 ordinem
202 2102 308 2131 dantes.
319 2103 406 2136 Nunc,
422 2105 444 2132 si
461 2105 578 2137 videtur,
591 2105 656 2141 quid
668 2110 710 2132 est
720 2105 792 2140 quod

853 237 960 264 Scimus
986 238 1058 265 enim
1085 239 1219 274 scriptum
1249 245 1311 266 esse
1337 239 1365 265 ιιι
1392 238 1450 272 lege
1476 239 1496 254 ”
1525 239 1601 274 (10)
1626 249 1634 268 :

853 290 863 307 ι
881 281 1019 309 Primitias
1036 291 1118 317 arcte,
1135 289 1162 311 et
1177 284 1316 316 primitias
1331 283 1475 311 toreularis
1489 292 1541 311 non
1563 285 1638 312 frau-

851 327 927 354 dabis
947 337 953 354 :
976 337 985 353 ι
1003 333 1030 355 et
1047 329 1087 356 '9:
1105 338 1113 355 ι
1136 329 1275 356 Primitias
1299 329 1418 355 omnium
1444 329 1550 364 frugum
1575 335 1636 356 tuas

852 379 910 398 rum
925 372 1030 399 inl'eres
1048 373 1073 399 in
1090 373 1197 400 doutum
1219 372 1325 399 Domini
1349 372 1394 398 Dei
1412 372 1459 399 ttti.
1485 382 1494 397 ι
1509 372 1578 405 Quid
1593 381 1636 399 cr-

850 424 884 451 go
903 417 915 444 ?
933 417 1009 445 Sicut
1034 418 1161 452 primitiae
1186 425 1257 445 areae
1285 422 1311 444 et
1339 417 1465 451 primitiae
1492 418 1638 444 torcularis

850 463 972 498 ejusdem
990 464 1076 499 frugis
1091 469 1165 495 sunt,
1180 463 1259 497 cujus
1281 469 1322 490 est
1343 469 1369 490 et
1388 463 1489 497 reliqua
1507 471 1580 495 area,
1594 463 1637 491 vel

850 509 969 543 ejusdem
985 509 1041 544 (Η)
1067 510 1180 544 liquoris
1203 510 1280 543 cujus
1303 514 1330 536 et
1354 509 1484 541 torcular,
1507 510 1578 536 itane
1596 510 1637 535 vi-

850 554 955 581 debitur
978 554 1060 589 599
1079 559 1105 581 et
1126 554 1197 588 quod
1220 554 1285 581 dicit
1310 553 1434 587 primitiae
1465 552 1581 586 Spiritus
1604 561 1637 580 ex

851 599 942 627 multis
959 601 1071 635 reliquis
1084 600 1227 634 spiritibus
1243 600 1346 626 sanctis
1360 604 1387 626 et
1403 599 1489 625 beatis
1504 606 1572 625 ututs
1588 599 1638 625 ali-

849 643 910 679 quis
924 652 986 672 esse
1014 645 1187 680 pra‘t‘ipuus?
1206 645 1245 671 Att
1265 644 1330 670 illud
1344 644 1433 678 potius
1446 643 1641 678 intelligemus.

849 691 938 724 quod,
952 691 1103 718 secundum
1116 698 1148 717 ea
1163 690 1218 725 (1‘2)
1239 698 1299 725 qua:
1310 689 1434 724 superius
1449 689 1637 721 disseruimus,

850 735 927 763 multi
952 735 1008 762 sint
1036 736 1152 770 spiritus
1176 735 1373 763 ministeriales
1399 734 1585 762 tuiuistrautes
1611 734 1638 761 in

849 782 1005 809 ministerio
1030 787 1144 816 propter
1169 789 1217 809 eos
1242 783 1287 815 qui
1315 781 1503 808 lucreditatcm
1528 779 1639 814 capiunt.

849 827 946 854 salutis
961 828 993 858 '9,
1011 828 1061 855 sub
1084 827 1183 862 quibus
1206 834 1290 862 agens
1315 827 1502 862 unusquisque
1523 827 1638 853 creden-

851 873 916 900 tium
940 872 1015 899 velut
1035 872 1085 899 sub
1109 872 1244 899 tutoribus
1263 877 1290 899 et
1315 872 1537 907 procuratoribus
1560 872 1638 898 iusti-

851 919 938 946 tuitur
955 926 1043 954 usque
1060 919 1093 945 ad
1110 918 1274 952 praeﬁnitum
1291 923 1396 952 tempus
1416 926 1429 944 a
1444 918 1523 945 Patre
1534 918 1568 950 ιθ,
1587 918 1640 945 hoc

850 966 910 994 est,
937 970 1079 997 usqucquo
1101 962 1134 988 ad
1160 962 1307 997 legitimam
1327 967 1433 990 :ctateut
1452 962 1550 990 animm
1575 968 1637 996 pcr-

849 1006 974 1034 fectionis
988 1007 1144 1039 advenerit,
1163 1007 1207 1034 ubi
1222 1007 1282 1041 quis
1297 1007 1352 1041 jam
1376 1013 1567 1041 supergressus
1581 1005 1639 1042 (t3)

849 1051 974 1086 spirituum
1000 1052 1141 1079 servitutis
1164 1060 1244 1087 quem
1267 1057 1411 1087 acceperat
1432 1052 1458 1078 in
1480 1052 1596 1084 timore,
1622 1059 1636 1078 a

849 1104 902 1130 quo
925 1096 998 1122 velut
1015 1097 1163 1132 pmdagogo
1187 1101 1361 1128 servaretur,
1381 1098 1478 1131 dignus
1502 1097 1641 1124 elliciatur

848 1142 971 1176 accipere
984 1141 1139 1176 adoptionis
1154 1141 1276 1176 spiritum
1292 1142 1426 1175 primitias
1438 1142 1555 1176 Spiritus
1568 1142 1637 1176 (lt),

848 1195 897 1222 per
912 1195 991 1222 quem
1008 1188 1153 1223 adoptatus
1168 1188 1195 1214 in
1213 1187 1297 1214 ﬁlium
1319 1187 1406 1221 possit
1419 1188 1500 1214 etiam
1517 1187 1637 1222 primiti-

849 1241 944 1261 vorum
959 1233 1087 1260 Ecclesia:
1105 1241 1165 1268 quae
1183 1234 1208 1260 in
1229 1233 1305 1260 cmlis
1322 1238 1364 1260 est
1378 1234 1502 1261 sociari?
1517 1234 1549 1260 Et
1563 1234 1634 1260 sicut

850 1278 934 1305 multo
960 1278 1049 1305 diﬁ‘ert
1070 1277 1155 1305 ﬁlium
1181 1285 1242 1305 csse
1257 1285 1336 1312 quam
1353 1285 1480 1310 servum,
1497 1278 1534 1304 ita
1552 1278 1640 1304 multo

849 1324 941 1352 diﬁ'ert
953 1332 967 1351 a
986 1324 1216 1352 ministerialibus
1229 1324 1368 1358 spiritibus
1382 1323 1499 1358 Spiritus
1513 1328 1635 1356 sanctus,

849 1370 926 1405 cujus
947 1370 1084 1405 primitias
1101 1369 1200 1396 Paulus
1222 1377 1282 1396 eum
1305 1370 1362 1396 suis
1387 1369 1522 1396 similibus
1537 1369 1637 1397 habere

848 1423 878 1442 se
893 1415 969 1442 dicit.
993 1415 1070 1443 Unus
1089 1414 1136 1441 ltic
1155 1414 1254 1441 modus
1276 1415 1312 1440 sit
1327 1421 1381 1448 quo
1403 1414 1537 1441 sermonis
1555 1414 1636 1448 hujus

849 1461 1057 1496 intelligentiam
1083 1461 1221 1496 potuimus
1242 1461 1381 1495 indagare.
1407 1460 1552 1487 Videamus
1566 1468 1637 1488 nunc

848 1510 875 1534 et
891 1506 985 1533 alium.
1009 1505 1136 1541 Legimus
1155 1507 1225 1541 apud
1243 1506 1331 1540 ipsutn
1350 1506 1502 1541 apostolum
1519 1506 1636 1534 Paulum

848 1552 918 1578 dona
938 1552 980 1578 vel
996 1553 1098 1586 gratias
1113 1553 1200 1578 sancti
1215 1552 1333 1585 Spiritus
1348 1552 1446 1579 multos
1459 1552 1570 1587 spiritus
1588 1560 1637 1580 n0-

849 1598 957 1630 tninari,
974 1603 1003 1624 ut
1016 1606 1076 1625 cum
1091 1598 1156 1625 dicit
1170 1606 1177 1624 :
1198 1607 1207 1623 ι
1219 1598 1294 1625 Nunc
1306 1603 1396 1625 autem
1411 1599 1539 1632 quoniam
1553 1606 1637 1625 attnu-

846 1643 947 1671 latores
962 1645 1029 1671 estis
1045 1645 1192 1679 spirituum
1206 1665 1214 1677 ,
1231 1645 1264 1672 ad
1279 1645 1488 1672 aediﬁcationem
1507 1644 1638 1672 Ecclesia:

848 1690 962 1724 quarrile
981 1693 1010 1716 ut
1030 1690 1175 1717 abundetis
1187 1691 1208 1706 "
1220 1698 1228 1722 ;
1241 1699 1250 1716 ›
1268 1695 1294 1718 et
1310 1690 1373 1717 item
1389 1691 1452 1718 alibi
1470 1701 1476 1718 :
1496 1701 1505 1716 ‹
1517 1691 1638 1726 Spiritus

847 1735 1040 1769 prophetarum
1056 1735 1198 1769 prophetis
1209 1735 1325 1769 subjecti
1341 1741 1405 1764 sunt
1419 1737 1458 1769 ";
1471 1745 1481 1761 ι
1499 1737 1636 1771 subjectos

847 1780 941 1808 dicens
954 1780 1066 1815 spiritus
1081 1780 1138 1816 (15)
1159 1781 1375 1816 prophetarum,
1399 1789 1452 1808 non
1479 1783 1557 1815 quasi
1577 1789 1635 1809 mc-

847 1825 909 1853 liori
926 1825 1084 1858 inferiores,
1109 1826 1155 1853 sed
1175 1833 1225 1860 pro
1241 1833 1274 1853 eo
1290 1826 1360 1861 quod
1378 1826 1480 1854 habens
1496 1826 1557 1860 quis
1572 1834 1636 1860 pro-

847 1872 947 1908 phetia!
964 1872 1087 1908 spiritum
1114 1880 1167 1900 non
1192 1873 1295 1900 invitus
1316 1873 1389 1908 loqui
1406 1873 1531 1907 cogitur,
1556 1878 1585 1900 ut
1598 1873 1635 1901 illi

847 1920 892 1954 qui
921 1919 1021 1946 habent
1038 1918 1152 1955 spiritus
1177 1918 1352 1950 immundos,
1378 1919 1424 1945 sed
1448 1926 1508 1945 enm
1530 1918 1586 1945 vult
1609 1923 1636 1945 et

849 1967 918 1993 ratio
940 1965 1059 2001 postulat
1077 1966 1145 1993 dicit
1160 1974 1167 1992 :
1185 1973 1246 1993 cum
1262 1971 1327 1993 rem
1344 1963 1438 1990 dicere
1452 1968 1634 1998 opportunum

847 2019 901 2039 non
919 2012 1053 2039 videbitur
1065 2031 1073 2045 ,
1099 2011 1178 2045 silet,
1203 2012 1273 2039 bene
1289 2011 1379 2039 sciens
1398 2010 1462 2046 quia
1480 2014 1586 2043 tempus
1599 2010 1636 2036 sit

849 2057 955 2084 tacendi
970 2062 997 2084 et
1013 2062 1119 2092 tempus
1132 2057 1260 2093 loquendi
1276 2058 1308 2084 ’³.
1332 2057 1364 2085 Et
1381 2058 1442 2085 ideo
1458 2065 1511 2084 non
1531 2056 1566 2084 ad
1590 2055 1635 2082 in-

843 2103 944 2138 juriam
961 2104 1078 2137 dicitur,
1095 2104 1156 2139 quia
1183 2104 1321 2140 prophetis
1335 2105 1450 2139 subjecti
1466 2108 1529 2131 sunt
1549 2104 1633 2138 spiri»

9 2153 74 2174 novo
93 2146 148 2174 hoc
163 2153 291 2175 sermone
317 2148 418 2176 indicet
441 2149 583 2177 videamus
597 2169 605 2182 ,
622 2157 676 2184 quo
697 2150 766 2177 dixit
784 2158 791 2177 :
809 2147 831 2174 ι)
847 2155 906 2182 tus,
921 2149 968 2176 sed
981 2149 1014 2176 ad
1031 2150 1281 2184 dispensationem,
1306 2151 1375 2178 sicut
1401 2155 1428 2178 et
1451 2150 1515 2177 illud
1529 2151 1630 2178 dictum

39 2230 63 2248 ¹⁶
80 2229 163 2257 Rom.
174 2237 235 2261 vni,
249 2229 294 2257 22.
345 2230 366 2246 ³⁸
380 2230 460 2258 Rom.
474 2239 530 2264 xu,
546 2230 591 2258 15.

641 2232 663 2247 "
678 2231 756 2258 Rom.
771 2239 835 2264 vm,
849 2232 944 2259 22-25.

993 2232 1013 2248 ιτ
1037 2231 1116 2259 Num.
1129 2239 1194 2260 xvnt
1208 2252 1215 2265 ,
1233 2233 1278 2260 27.
1327 2233 1348 2249 ι’
1361 2232 1435 2260 Exod
1448 2253 1455 2262 .
1471 2239 1568 2266 xxxiv,
1585 2233 1633 2262 26.

9 2264 30 2280 "
43 2263 132 2292 llebr.
149 2272 170 2298 ι,
187 2265 229 2292 14.
265 2266 287 2281 ¹⁰
302 2264 390 2293 Galat.
405 2273 442 2298 tv,
456 2265 484 2293 2.
519 2267 541 2282 "
556 2266 566 2294 l
579 2266 644 2294 Cor.
659 2273 697 2299 tv,
715 2266 760 2294 12.
776 2267 782 2283 ¹

878 2287 881 2294 .
895 2266 940 2294 59..
978 2267 1002 2283 "
1019 2267 1108 2294 Eccle.
1126 2275 1168 2302 ιιι,
1184 2263 1211 2296 7.

38 2354 78 2416 Si)
98 2353 183 2388 Editi,
197 2364 207 2381 ι
220 2355 434 2390 congemiscitet
448 2356 578 2392 parturit,
589 2361 615 2384 et
629 2356 765 2390 condolct,
779 2366 789 2383 ι

9 2395 84 2416 male.

38 2425 79 2459 (ι)
97 2423 221 2456 Quidam.
234 2424 262 2452 ln
278 2425 361 2454 editis
376 2425 523 2454 amittitur.

37 2459 78 2496 (ὅ)
90 2458 212 2496 Εάίιίει
222 2460 288 2496 cum
304 2468 369 2495 ergo
380 2461 515 2489 vincimus
531 2461 639 2496 gaudet.
658 2471 668 2488 ι

50 2494 78 2524 6)
102 2494 131 2521 In
148 2494 230 2522 editis
243 2495 320 2522 deest
337 2494 347 2521 ἱ
364 2496 428 2524 illis.
447 2505 457 2522 ›

96 2528 181 2566 Editi.
199 2530 321 2566 cetipsi
339 2531 408 2558 intra
424 2538 474 2558 nos
497 2531 647 2565 gemimus,
666 2532 792 2566 adoptio—

9 2570 65 2591 nem
81 2563 199 2602 ﬁliorum
215 2563 296 2596 Dei.)
313 2571 379 2598 ete.,
393 2570 422 2593 et
436 2563 542 2601 postea,
555 2575 564 2592 ι
578 2566 606 2594 Si
618 2563 789 2602 autemquod

9 2606 57 2625 non
71 2599 208 2631 videmus,
229 2609 241 2625 ι
253 2604 307 2628 etc.

38 2634 78 2670 (8)
99 2633 162 2661 Non
184 2634 340 2670 prospectu
362 2635 513 2663 visibilium.
534 2635 582 2664 Sic
604 2644 670 2664 mss.
686 2645 792 2670 omnes,

9 2667 137 2706 [tabanus
151 2674 177 2696 et
188 2667 266 2706 editi,
280 2671 328 2697 ttisi
344 2671 416 2706 quod
432 2671 554 2706 pleriqttc
562 2672 689 2700 omittant
707 2681 716 2698 ι
729 2672 765 2700 in.
780 2667 789 2698 ἰ

9 2702 171 2763 δῗᾳΓΙιιπιεη
192 2703 333 2740 legendum
350 2702 468 2738 videtur,
486 2715 496 2732 ί
511 2702 566 2734 non
583 2707 610 2734 in
627 2713 736 2742 aspectu
752 2707 792 2735 vi—

9 2746 27 2763 bl
38 2747 55 2763 )I
68 2746 87 2763 1.
113 2748 122 2763 Ι

9 2746 87 2764 5113111.
113 2748 122 2765 ι

179 2793 187 2806 ,
202 2783 211 2800 α
229 2782 281 2801 non
298 2779 340 2802 est
355 2775 425 2803 ultra
442 2783 564 2812 sperare,
574 2776 646 2812 quod
663 2777 746 2812 videt.
773 2787 782 2803 ι

41 2808 98 2845 (l0)
184 2816 283 2850 omnes
300 2818 377 2850 mssa
394 2808 477 2838 nostri
501 2816 529 2850 et
553 2808 688 2850 Haliartus.
713 2811 783 2840 Editi

9 2843 92 2876 vero;
104 2851 114 2869 ι
131 2843 267 2879 Scriptum
280 2850 323 2872 est
333 2843 416 2879 enim,
432 2851 461 2873 ut
476 2847 589 2880 scimus,
605 2847 630 2874 itt
646 2847 716 2882 lege.
734 2856 744 2873 ι

881 2356 938 2392 (ll)
956 2356 1030 2393 Editi
1044 2361 1071 2384 et
1084 2365 1135 2384 ms.
1152 2365 1221 2384 unus
1238 2357 1338 2392 Regios
1355 2358 1521 2388 nuntii-39.
1534 2367 1543 2384 ι
1556 2357 1633 2393 ejus-

848 2392 908 2419 dem
936 2392 1049 2426 liquoris
1065 2396 1107 2420 est
1120 2393 1198 2427 cujus
1219 2393 1353 2424 torcular;
1370 2393 1443 2420 itane
1457 2393 1601 2425 videbitur,
1621 2403 1631 2420 ι

844 2432 910 2459 etc.,
924 2433 951 2454 et
964 2428 1041 2463 deest
1053 2436 1090 2463 ._l
1115 2427 1202 2462 frugis
1221 2432 1282 2454 sunt
1297 2448 1305 2460 ,
1328 2427 1405 2461 cujus
1421 2433 1462 2456 est
1476 2432 1504 2456 et
1529 2429 1633 2463 reliqua

845 2469 921 2493 area,
938 2462 980 2489 vel
997 2461 1129 2496 ejusdem,
1147 2461 1227 2489 tete.

879 2496 936 2532 (12)
954 2496 1035 2533 Editir
1050 2501 1079 2524 et
1098 2503 1165 2523 mss.
1190 2496 1319 2533 quidam,
1340 2497 1539 2532 «intelligimus
1560 2498 1631 2533 quod

842 2538 916 2565 eum,
934 2532 1082 2559 secundum
1098 2538 1140 2558 ea.
1155 2540 1164 2556 I
1190 2531 1292 2558 Deinde
1308 2540 1358 2559 ms.
1376 2531 1462 2564 unus,
1487 2542 1497 2559 ι
1509 2531 1632 2560 ministe—

842 2566 924 2593 riales
939 2567 964 2593 in
982 2566 1162 2593 ministerium
1184 2566 1271 2592 missi.
1292 2576 1301 2592 ι
1325 2573 1399 2599 elc.,
1421 2572 1448 2594 et
1468 2569 1548 2602 paulo
1572 2573 1633 2602 post

841 2602 919 2633 editi,
938 2611 947 2627 ι
963 2602 1118 2634 instruitur,
1133 2610 1142 2626 ι
1168 2609 1218 2635 pro
1242 2610 1251 2625 ι
1266 2602 1427 2629 instituitur.
1441 2611 1450 2628 ι

878 2635 935 2670 (15)
956 2635 1001 2664 Sic
1028 2637 1091 2663 editi
1119 2641 1146 2663 et
1170 2643 1234 2663 mss.
1254 2636 1311 2663 fere
1333 2644 1439 2664 omnes.
1463 2635 1514 2664 Ms.
1539 2640 1631 2664 tamen

842 2678 912 2698 unus
928 2671 1026 2706 Regius
1042 2679 1117 2698 num.
1133 2670 1218 2706 1639,
1240 2679 1250 2696 ι
1268 2678 1407 2706 usquequo
1421 2672 1455 2698 ad
1479 2671 1630 2706 legitimam

843 2705 1028 2741 ha-reditaiem
1047 2706 1145 2733 anima:
1158 2705 1330 2741 perfectioris
1344 2706 1495 2740 advenerit,
1509 2705 1542 2733 ’ut
1564 2713 1629 2740 gra»

842 2740 927 2767 datim
943 2748 1136 2775 supergressus
1145 2740 1176 2771 ,⁷)
1193 2745 1246 2768 etc.

875 2776 932 2810 (ιι)
949 2775 1087 2802 Primitias
1105 2776 1232 2810 Spiritus.
1251 2776 1312 2804 llaec
1327 2776 1407 2804 verba
1425 2777 1521 2806 desunt
1536 2776 1562 2804 itt
1578 2783 1628 2804 ms.

839 2810 924 2845 Regio
938 2819 1012 2838 nunt.
1030 2810 1108 2838 1639.

873 2845 929 2881 (15)
946 2845 1073 2881 Spiritus.
1091 2845 1264 2874 Desideratur
1277 2845 1305 2874 in
1321 2847 1411 2875 editis.
