1831 3052
0 100 64 127 Ilii

476 97 655 125 COMMLNT.
677 97 710 124 IN
731 96 839 125 EPIS'I‘.
862 97 906 123 AI)
928 97 1010 124 “Oli.
1028 97 1092 125 LIB.
1113 97 1169 126 VII.

1564 103 1634 132 “22

0 159 194 187 incarnatione
208 157 347 193 magnifica
360 161 493 192 geruntur
504 158 586 184 etiam
602 165 650 192 per
661 158 792 192 Spiritum
809 160 831 188 Α
846 158 928 190 hono,
942 157 1016 192 quod
1032 165 1172 192 nunquam
1187 163 1274 192 potest
1289 159 1514 192 permutationem
1529 162 1635 196 recipe-

0 209 136 232 sanctum.
154 204 270 231 ’l‘antnm
283 208 323 231 est
337 205 409 238 quod
424 203 470 231 ille
482 211 530 238 pro
541 203 632 238 impiis
647 203 703 240 (50)
718 211 792 232 mor-

0 256 62 278 tuus
77 254 122 278 est
142 250 194 285 (sic
208 251 280 277 enim
293 254 321 277 et
339 250 397 285 ipse
408 249 509 277 Paulus
530 252 650 278 ostendit
669 258 731 278 cum
749 251 791 277 di-

0 297 34 324 cit
52 305 59 324 :
80 306 90 322 α
106 297 202 324 Adhuc
217 296 289 323 enim
306 296 442 329 Christus,
461 304 524 324 cum
540 297 640 324 inﬁrmi
657 305 790 330 essemus,

0 342 153 368 secundum
171 346 277 375 tempus
289 349 340 376 pro
353 341 444 376 impiis
458 346 581 368 mortuus
593 342 687 377 est“),
707 352 716 369 ›
730 350 793 369 san-

0 393 58 414 ctus
74 392 168 414 autent
183 387 300 421 Spiritus
313 395 366 414 non
382 395 431 421 pro
445 387 536 423 impiis
548 387 604 423 jam
625 389 789 424 interpellat,

0 433 43 460 sed
60 443 69 458 ι
89 440 140 467 pro
162 433 283 460 sanctis:
302 441 311 459 ι
337 437 365 460 et
386 433 542 469 interpellat
564 442 616 462 non
642 435 790 463 secundum

0 487 123 511 rat-nent,
148 479 195 506 sed
213 487 222 504 ι
234 479 386 506 secundum
401 479 503 507 Deum:
516 489 526 506 ›
552 479 682 507 Christus
699 484 789 508 autem

0 533 50 551 non
72 525 223 552 secundant
241 523 326 551 Deum
344 529 468 552 mortuus
491 525 607 556 dicitur,
623 526 672 553 sed
695 533 792 553 secun-

0 570 63 597 dum
75 577 197 597 carnem.
213 570 275 597 Ideo
286 576 339 596 non
351 569 441 597 verbis
454 569 552 597 oll‘crre
562 570 662 597 dicitur
672 570 790 605 Spiritus

0 615 249 650 interpellationem
264 623 312 649 pro
332 615 451 646 sanctis.
465 615 511 642 sed
529 624 539 642 ί
556 615 720 651 gannitibus:
736 625 746 641 ι
762 620 791 643 et

0 667 53 686 non
70 659 262 687 communibus
278 659 337 686 istis
349 659 508 693 gemitibus,
525 660 572 687 sed
591 670 599 685 ι
617 659 789 687 inenarrabi-

0 706 80 732 ‘ibus.
97 714 108 731 ι
123 705 264 739 Quomodo
277 704 349 732 enitn
365 705 489 732 enarrari
507 710 598 739 potest
618 705 689 740 quod
703 705 790 740 Spiri-

6 757 38 777 us
52 750 102 777 Dei
128 750 250 785 loquitur
264 750 329 780 Deo,
345 757 407 776 cum
426 750 560 777 interdum
578 758 627 778 nec
643 751 702 785 ipse
726 751 788 785 qni-

0 796 55 822 Icm
69 799 164 822 noster
174 795 288 830 spiritus
301 794 374 829 quod
390 795 473 822 sentit
487 795 649 831 etintelligit
660 803 788 823 sermone

0 842 82 869 )ossit
96 841 259 876 exponere?

28 888 55 915 7.
80 897 91 913 ι
113 888 221 916 Scimus
247 893 338 915 autem
360 887 490 922 qttouiam
511 887 686 923 diligentibus
700 888 785 916 Deum

0 934 87 961 nuntia
120 938 306 968 cooperantur
328 934 353 960 in
379 933 490 964 bonum,
516 934 558 962 his
573 934 620 969 qui
637 935 785 962 secundum

0 978 165 1013 impositum
183 979 272 1005 vocali
287 983 350 1005 sunt
365 979 464 1006 sancti.
477 978 542 1006 Nam
556 986 625 1013 quos
637 980 784 1013 prtescivit.

0 1030 17 1051 at
36 1024 245 1058 prmdestinavit
260 1024 417 1052 conformes
431 1025 489 1053 fieri
506 1025 562 1062 (5!)
577 1025 705 1061 imaginis
722 1025 784 1053 Filii

0 1068 43 1100 νηί,
63 1073 94 1094 ut
107 1068 143 1094 sit
159 1068 215 1101 ipso
230 1068 425 1102 prituogeuitus
437 1070 463 1097 in
481 1070 574 1097 multis
588 1070 720 1098 fratribus
731 1070 781 1097 “.I

0 1114 17 1139 Si
36 1113 169 1148 Spiritus,
188 1114 286 1148 inquit,
305 1114 458 1149 interpellat
474 1123 524 1150 pro
539 1115 620 1143 nobis
637 1116 784 1151 gemitibus

0 1159 234 1191 nenarrahilihus,
250 1164 277 1186 et
303 1159 429 1187 universa
444 1166 569 1187 creatura
595 1161 783 1196 congemiscit;

0 1209 14 1230 at
30 1203 163 1231 condolet
192 1211 276 1238 usque
299 1212 380 1237 nunc,
404 1204 637 1239 quslibcrahitur
657 1212 721 1233 tunc
736 1206 782 1233 de-

0 1257 63 1275 ιιιιιιι
80 1256 96 1275 a
123 1249 253 1275 servitute
278 1250 472 1284 corruptionis,
493 1258 556 1278 cum
585 1250 697 1278 libertas
724 1251 783 1286 glo-

0 1294 38 1321 ia:
69 1294 190 1322 ﬁliorum
219 1294 267 1322 Dei
285 1295 436 1327 advenerit,
461 1296 597 1330 quomodo
621 1304 673 1323 non
705 1303 781 1324 com-

0 1345 116 1367 ieteuter
143 1340 362 1375 pronuntiabitur
386 1341 449 1376 quia
477 1340 534 1377 (52)
552 1351 562 1367 t
581 1342 683 1369 scimus
709 1342 782 1377 quod

0 1385 168 1420 iiligentibus
205 1385 287 1414 Deum
328 1386 418 1414 omnia
453 1391 636 1421 cooperantur
676 1388 703 1414 in
732 1388 782 1415 bo-

0 1431 77 1458 ium?
94 1441 103 1457 ι
122 1430 151 1458 In
166 1436 271 1458 tantum
284 1431 358 1459 enim
373 1432 466 1460 omnia
488 1437 672 1468 cooperantur
686 1433 712 1460 in
730 1433 780 1461 bo—

0 1485 52 1503 num
65 1476 136 1512 (53),
153 1482 179 1504 et
194 1476 362 1504 collaborant
384 1478 428 1505 his
446 1479 492 1513 qui
506 1478 623 1514 diligunt
641 1479 738 1512 Deum,
752 1484 781 1507 ut

0 1527 15 1548 :t
30 1522 91 1556 ipse
108 1521 229 1557 Spiritus
243 1522 362 1557 adjuvet,
379 1531 429 1552 nec
445 1524 608 1558 dedignetur
625 1524 714 1551 divina
730 1533 781 1551 na-
797 1514 819 1544 ο

0 1575 49 1593 ura
65 1567 121 1594 dux
137 1574 199 1594 esse
212 1568 318 1595 itineris
335 1568 369 1595 ad
386 1568 497 1596 bonum.
514 1569 708 1597 Verumtamen
723 1570 781 1605 (51)

2 1614 6 1639 i
29 1619 94 1641 sunt
112 1614 195 1649 aliqui
208 1614 338 1643 habentes
355 1615 480 1648 spiritum
501 1615 644 1643 servitutis
661 1616 687 1643 in
702 1616 782 1644 timo-

2 1667 29 1691 e,
47 1660 95 1687 alii
118 1668 183 1688 vero
198 1666 261 1688 sunt
274 1662 429 1695 superiores
457 1661 510 1694 his,
533 1662 579 1696 qui
595 1662 720 1696 spiritum
734 1663 781 1689 ad-

0 1706 108 1740 »ptionis
115 1707 264 1742 accipiunt,
279 1715 311 1734 ex
321 1715 353 1734 eo
362 1708 431 1742 quod
442 1716 494 1735 non
508 1707 564 1741 jam
573 1709 669 1736 timore
682 1708 777 1741 Deum,

0 1753 34 1780 ed
54 1760 152 1780 amore
172 1758 347 1785 venerantur,
364 1758 391 1781 et
413 1755 486 1789 quod
501 1763 509 1780 ι
523 1754 643 1789 perfecta
658 1765 667 1781 ι
687 1755 713 1782 in
740 1756 780 1782 cis

11 1799 139 1826 charitas
159 1798 232 1826 foras
247 1799 329 1827 mittit
353 1800 477 1827 timorem
489 1800 530 1827 ⁶⁷ε
548 1810 558 1826 υ
577 1800 721 1827 videndum
737 1806 779 1828 est

4 1852 19 1871 e
35 1844 108 1871 forte
123 1853 176 1872 non
191 1845 283 1872 omnia
308 1849 491 1880 cooperantur
507 1845 533 1872 in
549 1846 650 1873 bonum
666 1846 709 1873 his
733 1846 778 1881 qui

3 1888 78 1914 dhuc
102 1888 129 1915 in
147 1888 243 1922 spiritu
262 1893 425 1922 permanent
449 1889 608 1923 servitutis;
624 1890 671 1917 sed
687 1890 778 1924 aliqua

3 1934 97 1961 uident
110 1940 292 1968 coopereutur
303 1936 385 1962 eziam
402 1935 476 1970 ipsis,
495 1944 548 1963 non
565 1941 654 1963 tamen
667 1937 776 1969 Omnia;

1 1985 10 2006 t
26 1980 123 2007 nescio
140 1980 163 2007 si
180 1981 213 2007 ad
232 1981 318 2015 ipsum
333 1981 445 2014 bonum,
458 1989 506 2009 seu
522 1981 623 2016 potius,
641 1986 670 2008 ut
687 1981 722 2008 ita
737 1981 778 2008 di-

1 2026 43 2053 eri
51 2034 87 2058 ιιι,
101 2026 134 2053 ad
144 2026 242 2061 ianuas
259 2027 319 2054 boni
336 2027 497 2062 perducant.
513 2027 560 2055 llis
575 2034 639 2055 vero
656 2026 701 2062 qui
716 2027 777 2054 dili-

0 2077 52 2099 unt
72 2071 169 2105 Deum,
182 2077 207 2099 et
230 2077 285 2100 toto
309 2073 334 2100 ei
350 2073 485 2101 labarent
505 2073 649 2101 charitatis
666 2072 776 2104 aﬂectn,

0 2118 76 2144 mnia
93 2117 163 2153 (55),
174 2123 202 2146 ιιι
216 2119 346 2152 diximus,
360 2119 530 2147 collaborant
542 2115 569 2146 et
579 2119 777 2154 juvant,alque

846 210 885 236 re,
901 203 1080 231 constituant.
1090 203 1166 236 Quod
1179 203 1200 230 si
1215 203 1259 230 alii
1273 209 1336 231 sunt
1350 205 1396 239 qui
1406 205 1521 240 diligunt
1536 207 1631 239 Deum,

843 253 870 275 et
885 248 930 275 alii
945 249 989 283 qui
1013 248 1140 282 spiritum
1165 248 1305 276 servitutis
1322 249 1469 284 accipiunt,
1487 250 1631 279 videndum

843 297 886 319 est
907 301 940 320 ne
954 293 1023 321 forte
1042 297 1069 319 et
1089 293 1140 320 hoc
1154 292 1225 327 quod
1241 293 1315 325 dicit.
1333 302 1342 319 t
1359 293 1406 321 llis
1420 295 1465 329 qui
1483 297 1631 324 secundum

843 340 1009 373 propositum
1029 339 1117 366 vot-ati
1141 343 1214 371 sunt,
1231 347 1241 365 ›
1258 344 1296 372 et,
1314 350 1325 366 ‹
1341 341 1415 374 Quos
1445 341 1593 375 prmscivit,
1606 348 1635 370 et

842 385 1044 420 prmdestinavit
1067 386 1222 414 conformo:
1249 387 1306 414 fieri
1329 387 1455 422 imaginis
1473 388 1532 415 Filii
1547 389 1601 420 sui,
1619 399 1628 414 ι

842 436 896 456 non
912 430 1061 458 conveniat
1079 430 1132 457 illis
1158 431 1204 466 qui
1221 431 1247 458 in
1266 432 1363 465 Spiritu
1388 433 1529 460 servitutis
1554 439 1629 461 sunt.

842 472 960 501 Possunt
973 474 1044 501 enitn
1060 478 1088 502 et
1103 474 1141 501 illi
1158 475 1246 503 vocati
1261 476 1370 510 quidem
1393 477 1457 511 dici,
1472 485 1524 504 non
1541 482 1629 505 tamen

845 528 855 545 ι
869 520 1016 547 secundum
1041 521 1206 555 propositum
1218 530 1228 547 ι
1248 523 1334 549 vocati
1350 531 1357 549 :
1375 527 1403 549 et
1423 530 1474 557 pro
1504 531 1536 551 eo
1555 526 1628 558 quod

841 565 931 592 adhuc
948 565 974 592 in
987 565 1083 599 spiritu
1098 566 1238 593 servitutis
1250 573 1325 598 sunt,
1343 576 1396 594 nou
1415 575 1527 602 possunt
1546 571 1629 597 statui

841 612 910 639 inter
925 611 1023 639 multos
1038 611 1139 640 fratres
1155 621 1270 647 quorum
1286 614 1482 649 primogenitus
1496 621 1537 642 est
1555 616 1629 643 filius

840 657 996 690 eharitatis,
1013 661 1041 684 et
1055 667 1064 683 ι
1080 658 1171 693 imago
1196 659 1341 686 invisibilis
1363 659 1421 691 Dei,
1433 669 1443 685 ι
1462 667 1494 687 ac
1509 660 1629 694 «primm

841 703 950 737 genitus
963 703 1052 730 omnis
1060 708 1195 731 creaturae
1205 704 1238 731 ⁸⁸.
1252 714 1262 731 ι
1283 704 1337 732 Sed
1351 709 1378 731 et
1393 705 1444 732 hoc
1454 706 1525 740 quod
1542 706 1606 733 dixit
1621 717 1628 733 :

843 748 1020 776 «Conformes
1031 749 1113 785 603
1125 750 1250 784 imaginis
1260 750 1320 777 Filii
1331 751 1383 782 sui.
1395 760 1404 775 ι
1417 751 1480 778 volo
1488 752 1630 785 requirere

841 795 917 828 cujus
929 794 1023 822 forma:
1037 795 1192 823 conformes
1209 796 1267 824 fieri
1281 796 1407 824 dicantur
1420 797 1487 833 (56).
1501 797 1629 832 Legimus

803 836 824 864 Β
839 840 912 868 enim
923 840 1021 869 Filium
1034 841 1081 869 Dei
1091 842 1238 876 aliquando
1247 842 1273 869 in
1285 843 1368 869 forma
1378 843 1591 878 Dei,aliquamlo
1602 845 1628 871 in

840 882 927 910 forma
939 883 1011 911 servi
1025 891 1085 912 esse
1101 885 1219 920 positum
1233 886 1266 913 ⁶⁰.
1276 886 1324 913 Cui
1341 894 1406 919 ergo
1424 887 1519 915 formae
1533 889 1628 915 harum

840 929 954 957 duarum
970 930 1126 958 conformes
1143 932 1214 958 dicat
1239 931 1345 960 futuros
1359 933 1503 967 Apostolus
1518 941 1565 961 eos
1581 936 1627 969 qni

839 975 955 1010 diligunt
971 975 1068 1008 Deum,
1086 981 1113 1004 et
1126 977 1224 1011 quibus
1237 977 1326 1004 omnia
1342 983 1524 1012 cooperantur
1540 979 1566 1006 in
1581 980 1629 1006 bo-

840 1028 917 1054 num,
938 1029 991 1055 non
1010 1022 1091 1048 otiosi
1108 1022 1173 1049 mihi
1186 1022 1293 1049 videtur
1310 1030 1370 1050 esse
1385 1022 1561 1051 discriminis.
1574 1025 1627 1051 Ar-

838 1064 926 1092 bitror
942 1073 1007 1100 ergo
1024 1067 1174 1093 secundum
1193 1074 1224 1093 ea
1241 1074 1303 1101 qua).
1320 1068 1346 1093 in
1367 1067 1428 1094 aliis
1442 1067 1511 1095 idem
1526 1068 1628 1096 Paulus

838 1111 974 1146 designat,
996 1112 1041 1139 ubi
1054 1112 1140 1140 dicit:
1161 1122 1169 1138 t
1182 1113 1268 1140 Filioli
1287 1115 1340 1141 mei
1361 1122 1429 1148 quos
1444 1115 1541 1142 iterum
1563 1123 1627 1150 par-

839 1157 920 1189 turio,
931 1158 1018 1185 donec
1030 1158 1166 1186 formetur
1179 1159 1303 1186 Christus
1313 1159 1340 1186 in
1352 1159 1470 1193 vol/is",
1487 1169 1497 1186 ›
1512 1159 1626 1187 formari

837 1202 864 1230 in
883 1203 923 1230 his
941 1204 988 1238 qui
1014 1204 1047 1230 ad
1071 1204 1267 1238 perfectionem
1291 1204 1404 1232 tendunt
1424 1206 1562 1233 Christum
1584 1207 1627 1233 di-

836 1253 880 1275 cat
894 1247 960 1283 (57),
973 1250 1123 1276 secundum
1140 1250 1192 1277 hoc
1206 1251 1277 1284 quod
1291 1250 1409 1277 Verbum
1426 1256 1476 1284 est,
1491 1258 1519 1278 nt
1542 1252 1567 1278 in
1585 1253 1625 1279 eis

837 1293 917 1321 Verbi
936 1295 981 1322 Dei
1002 1295 1147 1322 sinceritas
1171 1296 1204 1322 ad
1227 1304 1323 1330 purum
1347 1295 1524 1329 informetur;
1542 1302 1570 1324 ct
1585 1306 1625 1324 se-

836 1340 953 1368 cundum
968 1341 1019 1368 hoc
1028 1341 1098 1375 quod
1107 1341 1209 1369 veritas
1218 1346 1270 1376 est,
1282 1347 1311 1369 ut
1322 1344 1423 1370 veritas
1436 1343 1460 1370 in
1472 1345 1513 1371 eis
1521 1345 1624 1379 absque

837 1387 918 1415 ullius
933 1387 986 1414 fuci
1006 1388 1168 1415 admistionc
1183 1389 1334 1420 consistat;
1357 1394 1385 1417 et
1409 1390 1557 1417 secundum
1572 1391 1623 1418 hoc

836 1434 907 1468 quod
917 1433 1050 1468 sapientia
1066 1438 1117 1466 est.
1131 1439 1159 1461 ut
1179 1435 1311 1468 sapientia
1327 1435 1372 1462 Dei
1387 1435 1414 1462 in
1429 1437 1467 1463 eis
1483 1436 1527 1463 illa
1543 1444 1624 1471 quam

837 1479 908 1506 inter
923 1479 1059 1514 perfectos
1076 1479 1196 1513 loquitur
1219 1480 1320 1508 Paulus
1330 1481 1363 1513 ⁷⁸,
1383 1490 1449 1516 pura
1475 1487 1503 1509 et
1520 1483 1624 1516 absque

836 1525 890 1552 ullo
897 1526 999 1552 erroris
1008 1525 1169 1553 diverticulo
1178 1532 1368 1554 conservetur.
1382 1528 1427 1555 Sic
1435 1532 1463 1554 et
1474 1529 1622 1555 secundum

834 1571 925 1598 omnia
940 1578 1000 1606 qua:
1013 1570 1139 1598 Christus
1154 1576 1205 1603 est,
1220 1571 1261 1598 vel
1277 1572 1394 1606 justitia,
1408 1573 1449 1601 vel
1467 1574 1623 1600 sanctiﬁca-

836 1617 885 1648 tio,
900 1616 942 1643 vel
956 1621 1061 1644 περιεῖπε
1083 1624 1198 1651 quteque
1216 1617 1334 1644 virtutes
1349 1617 1417 1653 (58),
1431 1618 1453 1645 si
1469 1619 1494 1645 in
1512 1619 1550 1645 eis
1566 1619 1623 1644 fur-

835 1665 942 1688 meutur
955 1661 988 1688 ad
1011 1661 1154 1695 liquidunt,
1173 1662 1217 1689 isti
1243 1662 1408 1690 videbuntur
1423 1664 1456 1690 ad
1475 1664 1547 1690 illam
1565 1664 1622 1690 for-

835 1714 916 1736 tnatn,
929 1713 982 1740 qua
997 1706 1022 1732 in
1036 1705 1123 1733 forma
1139 1706 1184 1734 Dei
1198 1711 1249 1739 est,
1261 1707 1414 1734 conformcs
1427 1708 1552 1742 imaginis
1563 1716 1623 1736 esse

832 1750 933 1778 effecti.
950 1751 979 1778 Si
993 1759 1057 1778 vero
1084 1752 1174 1779 adhuc
1198 1752 1224 1779 in
1251 1752 1335 1779 initiis
1359 1753 1419 1787 quis
1446 1761 1622 1782 conversetur

833 1798 862 1833 (ι
879 1798 985 1824 initiutn
1000 1807 1009 1823 ι
1028 1802 1116 1825 autem
1131 1807 1141 1823 ι
1154 1798 1295 1832 sapientia:
1308 1798 1389 1825 timor
1403 1799 1449 1826 Dei
1465 1799 1520 1835 (59)
1533 1811 1542 1826 ι
1557 1801 1621 1836 est),

832 1849 859 1870 et
877 1844 903 1870 in
919 1844 1016 1870 timore
1027 1844 1049 1858 "
1064 1843 1153 1871 adlntc
1181 1844 1285 1878 positus
1303 1844 1390 1878 prima
1405 1844 1493 1871 cultus
1510 1845 1556 1873 Dei
1571 1846 1621 1874 cleo

833 1894 923 1916 menta
949 1890 1091 1924 suscipiat,
1118 1889 1266 1917 secundum
1284 1889 1400 1917 formam
1428 1891 1511 1924 servi,
1538 1899 1619 1926 quant

830 1936 950 1971 suscepit
974 1937 1008 1963 ad
1028 1937 1080 1963 hoc
1098 1942 1128 1962 ut
1145 1937 1224 1963 rudes
1243 1941 1271 1963 et
1291 1936 1403 1970 igttaros
1418 1936 1474 1972 (60)
1495 1938 1620 1964 limOrrttt

830 1981 877 2008 Dei
896 1983 1018 2015 doceret,
1030 1982 1187 2009 conformes
1201 1981 1257 2008 lieri
1274 1981 1440 2016 intelligendi
1457 1987 1521 2009 sunt
1533 1983 1559 2010 hi
1574 1984 1619 2017 qui

829 2027 917 2061 prima
939 2027 1016 2054 initia
1031 2028 1057 2054 in
1070 2027 1116 2054 Dei
1132 2027 1228 2054 timore
1244 2027 1408 2060 suscipiunt.
1425 2027 1504 2060 Quia,
1521 2028 1620 2062 inquit.

831 2080 920 2106 «quos
940 2073 1088 2107 prmscivit,
1103 2076 1131 2099 et
1156 2072 1356 2106 prmdestinavit
1382 2071 1536 2099 conformes
1560 2073 1618 2100 fieri

831 2117 958 2152 imaginis
978 2118 1038 2145 Filii
1049 2119 1102 2145 sui.
1113 2128 1123 2144 ι
1137 2118 1195 2145 Non
1212 2118 1370 2145 omittamus
1386 2125 1435 2145 nec
1450 2119 1482 2144 de
1497 2125 1530 2144 eo
1546 2120 1617 2152 quod

0 2163 91 2196 liquid
107 2163 148 2190 sui
171 2163 252 2191 studii
269 2164 424 2197 conferunt,
451 2169 588 2199 quatenus
603 2172 651 2191 eos
665 2164 690 2191 in
716 2163 774 2198 ipso
791 2161 814 2188 ῐ)
828 2163 915 2190 dixit:
930 2172 938 2188 t
951 2162 1131 2190 Prasscivitet
1143 2162 1348 2198 praedestinavit
1361 2162 1428 2198 (61).
1445 2172 1453 2188 ι
1467 2162 1535 2189 Puto
1546 2163 1618 2190 enim

17 2224 40 2238 “
61 2222 141 2249 Rom.
154 2231 180 2251 v.
192 2222 218 2248 6.

0 2264 28 2286 it.
49 2258 140 2290 tv,19.
181 2258 202 2272 τ’
217 2258 223 2284 l
239 2257 302 2285 Cor.
322 2266 352 2291 It,
378 2259 405 2286 6.
445 2259 467 2274 ⁷²
488 2259 566 2285 I’ruv.
586 2266 623 2289 ix,
638 2258 681 2285 I0.

17 2326 76 2362 (50)
94 2326 133 2354 Ila
150 2332 222 2354 recte
236 2335 287 2354 ms.
300 2336 370 2354 unus
385 2328 483 2363 Regius
495 2335 568 2355 num.
586 2327 665 2355 I639.
678 2326 773 2354 Ca‘teri

0 2370 48 2388 ero
70 2371 165 2395 mss.,t
185 2363 285 2389 Tamen
302 2363 364 2396 quia
383 2364 428 2390 ille
448 2371 497 2397 pro
512 2363 612 2396 impiis,
626 2373 634 2388 ι
651 2367 703 2389 etc.
722 2363 774 2388 lla-

0 2406 80 2427 :tnus.
98 2407 107 2423 ι
124 2399 185 2431 quia
196 2404 223 2424 et
237 2398 282 2424 ille
299 2406 347 2432 pro
364 2398 463 2430 impiis,
479 2407 488 2423 ι
506 2402 571 2428 εἰς..
587 2398 689 2424 omisso
706 2406 715 2422 ι
732 2401 772 2424 ta-

0 2440 71 2459 ιθιυ
83 2433 165 2463 Editi,
184 2442 193 2458 ι
211 2432 312 2460 Tamen
329 2434 391 2468 quia
407 2433 466 2468 (aL,
483 2441 492 2458 t
508 2432 607 2467 quod»)
622 2437 649 2459 ct
666 2433 709 2459 ille
725 2439 774 2467 pro

1 2475 85 2500 npns,
104 2477 112 2493 I
131 2475 185 2495 etc.

17 2503 141 2564 (5|)rllit:
160 2508 188 2529 ct
201 2503 269 2530 infra
284 2504 309 2530 in
325 2512 375 2530 ms.
391 2504 474 2539 Regio
492 2511 566 2530 ntun.
585 2502 654 2529 1659
668 2502 773 2529 omitti-

17 2547 30 2564 r
49 2549 58 2563 ε
82 2545 142 2564 terl.
156 2548 165 2564 ι

0 2546 30 2564 nr
49 2549 58 2563 ε
73 2545 142 2565 Ile".
156 2548 165 2564 ι

17 2573 75 2608 (52)
93 2572 174 2608 Quin.
190 2574 269 2601 Deest
285 2573 310 2600 in
328 2573 418 2600 editis.
435 2573 519 2605 Alias,
536 2581 544 2598 t
558 2571 697 2608 quoniam.
709 2581 718 2598 ι

17 2607 77 2642 (55)
92 2607 126 2634 In
143 2608 250 2637 bonum.
275 2608 338 2635 llaec
353 2609 434 2635 verba
449 2610 544 2635 desunt
562 2609 588 2635 in
607 2607 688 2635 editis
705 2613 732 2634 et
745 2607 772 2634 in

0 2642 147 2669 uihusdam
165 2651 245 2675 mss.,
258 2651 362 2671 necnon
373 2644 444 2677 apttd
460 2643 613 2670 Rabanum.

16 2677 75 2711 (54)
100 2677 149 2705 bis.
175 2686 246 2705 unus
272 2679 484 2713 IIegiushabett
501 2685 593 2706 verum
608 2687 617 2704 ι
641 2685 691 2713 pro
705 2685 714 2702 t
727 2684 774 2704 ve-

0 2718 148 2741 .Imtamen.
160 2723 169 2737 I

15 2747 76 2781 (55)
96 2746 202 2774 Omnia.
221 2748 301 2775 Deest
315 2748 341 2775 in
361 2748 453 2776 editis.

15 2782 73 2817 (56)
90 2781 174 2812 Editi.
189 2793 196 2808 ι
209 2783 348 2817 dicuntur,
363 2788 408 2810 iet
421 2787 526 2818 postea,
539 2792 548 2809 ι
561 2783 587 2811 in
600 2783 686 2811 forma
698 2782 770 2810 servi

0 2825 42 2844 sse
55 2819 255 2853 propositum.)

258 2223 280 2237 ⁵⁵
296 2223 372 2250 Rom.
386 2231 442 2253 \‘Ill.
459 2223 505 2251 28.
517 2222 562 2250 29.
601 2223 622 2239 ⁵⁷
637 2222 645 2249 1
661 2222 737 2250 Joan.
754 2230 791 2256 tv,
809 2223 816 2249 l

891 2222 914 2238 ⁸⁸
926 2222 1031 2250 Coloss.
1049 2230 1069 2254 ι,
1085 2222 1130 2255 15,
1145 2222 1188 2249 I5.
1226 2222 1247 2238 “
1260 2221 1357 2257 Philip.
1377 2230 1405 2254 tt,
1423 2222 1449 2254 6,
1466 2221 1492 2248 7.

1531 2221 1554 2237 ⁷⁸
1565 2221 1617 2248 Ga-

865 2326 922 2361 (57)
938 2326 1019 2356 Editi,
1033 2334 1042 2351 t
1056 2325 1127 2360 quod
1141 2325 1251 2352 formari
1265 2326 1292 2352 in
1309 2326 1350 2352 his
1365 2326 1409 2360 qui
1426 2327 1458 2352 ad
1473 2326 1616 2360 perfectio-

829 2369 890 2388 nem
909 2362 1024 2387 tendunt
1038 2361 1163 2389 Christus
1184 2361 1300 2389 dicatur.
1327 2371 1336 2387 ι
1356 2362 1409 2388 Sed
1433 2369 1527 2388 omnes
1551 2370 1617 2389 mss.

829 2402 856 2423 ct
874 2396 1001 2422 [tabanus
1019 2400 1047 2422 ut
1061 2396 1087 2422 in
1106 2400 1192 2423 textu.

867 2431 923 2467 (58)
939 2431 1020 2463 Editi,
1042 2439 1051 2456 ι
1066 2430 1108 2467 vel
1125 2436 1200 2467 certe
1223 2438 1337 2465 qua-que
1357 2431 1479 2458 virtutes.
1493 2440 1502 2457 ι
1518 2431 1617 2459 Deinde

829 2465 880 2494 tus.
900 2465 977 2496 unus,
997 2475 1006 2491 ι
1016 2473 1076 2500 qua:
1090 2465 1115 2492 in
1129 2466 1227 2496 forma,
1241 2475 1250 2491 ι
1271 2471 1325 2492 etc.

863 2501 918 2536 (59)
939 2501 985 2528 Sic
1005 2499 1101 2527 onmes
1128 2509 1194 2527 mss.
1214 2500 1299 2536 nodri
1326 2505 1352 2527 et
1385 2499 1521 2527 Ilahanus.
1547 2500 1617 2529 Editi

828 2535 931 2569 vero”
944 2537 1025 2563 timor
1047 2536 1157 2562 dicitur.
1171 2544 1179 2560 ι
1197 2535 1252 2567 ΑΙ.,
1271 2543 1280 2559 t
1296 2536 1376 2562 timor
1402 2536 1521 2568 Domini,
1543 2541 1569 2562 et
1589 2536 1615 2562 in

829 2571 936 2602 timore,
948 2581 956 2596 ι
973 2576 1025 2598 etc.

863 2605 919 2641 (60)
941 2605 1021 2638 Editi,
1040 2615 1049 2631 t
1064 2610 1093 2632 ut
1113 2604 1229 2631 rndihns
1243 2610 1270 2631 et
1295 2604 1407 2639 ignaris.
1423 2613 1432 2630 ι
1450 2604 1503 2631 Sed
1520 2612 1616 2632 omnes

826 2648 891 2668 mss.
906 2640 932 2668 et
947 2641 1076 2668 Rabanus
1089 2644 1118 2667 ut
1132 2641 1157 2666 in
1175 2646 1259 2668 textu.
1275 2640 1375 2666 Deinde
1388 2647 1438 2667 ms.
1453 2647 1534 2672 unus,
1549 2648 1559 2665 ι
1575 2640 1614 2667 in—

826 2676 908 2708 telligi
930 2680 1053 2710 possunt,
1066 2685 1076 2701 ›
1091 2682 1145 2702 etc.

861 2710 918 2747 (6|)
932 2709 983 2738 'Sic
995 2719 1046 2747 ms.
1064 2718 1138 2747 unus
1153 2710 1253 2745 Regius
1267 2718 1341 2747 nunt.
1358 2709 1438 2747 £639.
1453 2710 1551 2737 Caneri
1569 2718 1611 2736 ve-

825 2754 856 2773 ro
867 2745 938 2772 'mss.
956 2750 983 2772 et
1006 2745 1071 2772 editi
1094 2746 1243 2772 omittunt:
1261 2756 1270 2772 I
1285 2746 1342 2772 Non
1357 2746 1516 2772 omittanms
1530 2746 1562 2772 de
1582 2753 1614 2770 eu

823 2782 896 2816 quod
909 2780 988 2812 dixit,
1003 2780 1145 2816 Praescivit
1159 2787 1185 2807 et
1208 2781 1440 2816 praedestinavit,»
1460 2785 1487 2807 et
1514 2788 1610 2807 Vocem

826 2814 839 2842 ί
851 2817 924 2843 enim
936 2824 945 2841 ι
963 2820 1024 2843 oost
1045 2825 1054 2841 ι
1068 2814 1145 2843 Ρυιο.
1159 2825 1168 2841 ι
