1827 3053
8 148 50 176 129

434 153 607 182 ΕΟΜΜΕΝΤ.
628 154 661 182 IN
682 155 792 184 EPISI'.
813 157 858 184 AD
878 157 960 186 11011.
982 159 1045 187 LIB.
1069 161 1123 189 Vll.

1532 171 1599 198 1150

7 206 151 242 apellatione
175 207 291 236 ﬁliorum
317 218 399 238 ιιιιιιιιι
421 211 540 246 aliquem
561 221 594 241 ex
614 214 657 241 his
672 215 758 242 tradi-
774 219 797 247 Α
813 217 857 243 nia
877 218 955 245 nobis
973 218 1083 247 donabit
1098 229 1105 247 :
1120 231 1128 247 ι
1152 222 1201 249 hoc
1215 227 1266 256 est,
1289 223 1338 258 ipsi
1355 225 1464 260 quidem
1489 233 1518 254 ut
1542 230 1598 256 hze-

7 254 49 280 isse
63 257 200 287 putaretur
211 255 257 288 qui
273 255 299 282 in
317 256 388 283 ﬁlios
406 257 568 286 videbantur
583 260 692 292 adsciti,
710 261 758 287 ad-

7 299 46 325 ‘nlit
66 307 75 324 ι
92 299 199 334 proprio
222 299 303 333 Filio,
321 310 330 326 ι
353 306 382 328 ιιι
407 310 468 329 eum
485 304 530 338 qui
548 304 622 332 solus
645 313 678 332 ex
699 307 759 340 ipso

7 351 34 371 eo
46 343 167 371 ineﬂ‘abili
180 345 322 373 nativitate
331 353 488 381 generatur,
507 352 672 378 ostenderet.
687 361 695 376 ι
707 350 757 378 Pro

7 389 53 416 ibis
74 397 136 425 ergo
155 391 282 418 omnibus
303 393 414 420 tradidit
432 401 505 427 eum,
524 404 533 421 ι
552 403 604 423 non
630 396 674 423 illa
703 402 757 424 tra-

12 435 74 462 Iione
87 443 137 471 qua
151 436 283 472 scriptum
305 443 346 466 est
359 439 381 455 "
402 449 408 466 :
426 448 436 466 ι
455 439 554 469 Tradet
568 446 656 469 autem
674 442 757 470 frater

8 486 83 509 atrem
99 483 123 509 in
141 489 267 516 mortem,
290 489 317 511 et
334 491 460 520 parentes
478 487 558 520 ﬁlios,
574 497 584 513 ι
606 488 653 516 scd
670 489 756 516 tradi-

7 529 48 555 isse
59 536 115 555 eum
127 529 228 557 dicitur
243 529 294 557 hoc
309 531 379 564 ipso,
395 532 466 566 quod
484 541 546 560 eum
566 534 591 561 in
606 534 691 561 forma
707 535 754 563 Dei

7 580 54 605 :set.
66 582 158 609 passus
174 581 217 603 cst
231 583 292 603 eum
303 577 443 605 exinanire
458 579 587 614 sripsum,
599 584 625 606 et
641 579 754 608 formant

7 621 44 646 ‘rvi
59 622 204 656 suscipere,
220 626 245 649 et
267 630 351 657 usque
365 624 399 650 ad
418 629 532 651 mortem
553 626 643 652 crucis
657 633 754 660 perve-

11 666 81 693 re“;
95 672 123 694 ut
142 667 168 694 in
186 667 244 703 ipso
263 670 390 697 onmihus
409 670 562 705 exemplum
590 672 754 699 obedientia:

7 715 90 743 meret,
100 716 125 737 et
137 711 206 738 viam
218 714 426 741 resurrectionis
437 715 549 742 mortuis
557 716 676 750 aperiret
684 716 751 752 (89).

7 753 52 781 Pro
77 756 201 784 omnibus
232 764 297 793 ergo
327 759 446 794 tradidit
469 767 541 787 eum.
559 769 568 785 ι
589 759 647 787 Non
666 761 752 788 solum

7 808 22 826 κο
36 801 142 834 sanctis,
160 811 214 830 non
231 803 317 831 solum
333 812 382 839 pro
398 806 514 841 magnis,
530 806 577 833 sed
596 811 623 834 et
636 814 685 841 pro
699 807 753 834 mi-

7 845 60 878 mis,
75 851 102 873 et
120 854 169 882 pro
189 849 315 876 omnibus
334 849 390 885 (90)
419 851 530 877 omnino
559 851 604 885 qui
634 857 699 879 sunt
725 852 751 879 in

7 891 87 919 :clesia
108 893 220 922 tradidit
235 893 335 921 Filium
351 895 490 930 proprium
516 895 596 924 Pater
613 905 620 923 :
637 902 664 924 et
688 896 749 925 ideo
765 899 787 926 Β

7 937 49 964 iam
69 937 90 964 si
114 939 291 966 minimarum
305 940 422 974 aliquem
440 945 468 968 et
484 941 652 969 inﬁrmorum
670 943 751 970 hedat

7 983 39 1015 iis,
63 985 218 1019 percutiens
242 985 301 1020 ejus
329 986 465 1014 inﬁrmato
496 988 702 1022 conscientiam,
723 989 748 1016 in

7 1030 102 1058 trislum
120 1038 236 1065 peccare
255 1032 364 1064 dicitur,
383 1033 511 1067 quoniam
538 1034 646 1068 quidem
668 1042 748 1062 scan-

9 1074 64 1102 lizat
77 1077 195 1104 animam
210 1086 260 1113 pro
275 1083 327 1113 qua
337 1079 463 1106 Christus
477 1085 599 1108 mortuus
613 1085 664 1108 est.
680 1081 748 1115 Quia

7 1130 31 1156 go
43 1131 87 1157 pro
101 1124 230 1152 omnibus
250 1125 329 1152 nobis
346 1124 458 1152 tradidit
472 1124 570 1152 Filium
588 1126 679 1158 Pater,
689 1127 748 1154 nul-

7 1169 139 1202 somnino,
157 1177 193 1197 ne
209 1170 339 1197 minimus
358 1170 467 1205 quidem
484 1171 530 1206 qui
545 1176 585 1198 est
603 1172 629 1199 in
655 1172 744 1200 Eccle-

7 1223 20 1244 ι,
40 1215 249 1243 contemnendus
268 1220 328 1243 est:
345 1220 372 1243 et
391 1217 453 1244 ideo
476 1217 605 1244 Dominus
624 1217 681 1252 ipse
707 1219 748 1246 di-

7 1259 65 1287 bat:
88 1270 97 1286 ι
115 1259 143 1288 Si
160 1261 222 1296 quis
243 1261 470 1289 seandalizaverit
485 1271 566 1290 unum
584 1271 617 1291 ex
640 1265 747 1298 pusillis

9 1306 28 1334 is
42 1307 165 1341 minimis,
184 1307 296 1343 expedit
309 1308 408 1336 molam
425 1308 480 1345 (9|)
494 1310 640 1337 asinariam
664 1311 746 1345 ligari

7 1358 37 1377 'ca
51 1351 143 1378 collum
159 1352 230 1387 ejus,
245 1357 273 1380 et
282 1353 444 1388 prmeipilari
454 1361 514 1381 eum
530 1355 555 1381 in
567 1363 651 1387 mare,
665 1363 744 1390 quam

13 1398 168 1426 scandalizet
182 1407 265 1426 unum
276 1407 309 1427 ex
322 1400 364 1427 bis
377 1400 408 1427 ".
425 1409 434 1425 ι
458 1400 528 1427 Deus
541 1409 616 1436 ergo,
632 1403 676 1437 qui
696 1411 746 1430 nos

7 1443 91 1471 :tiosos
115 1445 219 1480 proprii
244 1445 306 1474 Filii
330 1453 380 1481 pro
403 1447 480 1475 nobis
507 1447 657 1482 pretiosum
683 1448 745 1476 fun-

7 1489 49 1517 nde
67 1492 224 1526 sanguinem
251 1491 327 1524 fecit,
346 1501 355 1518 ι
373 1493 510 1527 quomodo
535 1501 589 1520 non
604 1501 665 1522 cum
684 1494 743 1529 ipso

7 1536 50 1563 mia
64 1537 139 1564 nobis
154 1538 289 1566 donabit?
303 1547 313 1565 ι
333 1538 404 1566 Nihil
420 1544 463 1566 est
483 1539 556 1567 enim
575 1541 633 1568 sive
649 1541 743 1568 visibi—

7 1601 11 1613 ,
28 1582 80 1610 sive
91 1583 237 1611 invisibilis
253 1584 309 1619 (92)
326 1589 470 1618 creaturae,
484 1586 555 1620 quod
569 1586 638 1614 Filio
655 1587 743 1621 possit

7 1628 94 1662 aquari
106 1636 115 1656 :
129 1629 204 1656 nullo
222 1633 295 1657 enim
311 1634 391 1665 pacto
403 1631 520 1658 creatori
543 1638 592 1659 suo
615 1637 741 1659 creatura

7 1677 47 1700 test
57 1674 172 1702 conferri
184 1681 192 1706 ;
206 1680 234 1702 et
244 1674 268 1702 si
283 1679 393 1703 creator
403 1675 461 1710 ipse
475 1677 590 1703 donatus
601 1681 642 1704 est
652 1677 742 1709 nobis.

7 1720 91 1747 Dntodo
110 1728 162 1748 non
179 1729 242 1748 cum
260 1721 320 1756 ipso
335 1722 415 1749 nobis
430 1723 519 1749 omnis
537 1721 594 1758 (95)
615 1727 741 1751 creatura

9 1764 115 1791 labitur?
133 1764 264 1799 Quamvis
279 1773 371 1793 sermo
388 1766 432 1793 hic
448 1767 593 1801 dupliciter
604 1768 689 1802 possit
701 1768 742 1796 itt-

7 1810 52 1844 ligi,
62 1811 86 1838 id
97 1817 149 1845 est,
161 1812 236 1847 quod
254 1821 262 1838 ι
277 1820 338 1840 cum
352 1812 396 1840 illo
410 1813 488 1840 nobis
499 1813 590 1841 omnia
603 1814 740 1841 donabit.»

7 1862 27 1881 ιιι
42 1856 127 1884 ethoc
141 1863 231 1892 potest
245 1858 330 1886 videri
352 1858 423 1893 quod
439 1859 462 1886 si
480 1859 629 1887 habeamus
649 1860 675 1887 in
691 1868 742 1887 no-

18 1900 149 1930 Christum
172 1903 322 1931 secundum
346 1904 396 1931 ltoc
412 1904 484 1939 quod
509 1904 627 1932 Verbum
648 1910 676 1933 et
696 1914 741 1934 sa-

8 1948 67 1981 ntia,
82 1955 108 1976 et
121 1950 234 1981 veritas,
247 1950 399 1984 etjustitia,
413 1956 441 1979 et
461 1959 512 1986 pax
526 1956 579 1984 est,
593 1956 620 1979 et
642 1957 741 1980 extera

7 1995 44 2021 nia
58 2003 115 2030 qua
130 1998 164 2024 de
178 2004 211 2024 eo
227 1998 329 2032 scripta
342 2003 416 2030 sunt,
432 2006 494 2026 cum
507 1999 558 2026 hac
571 1999 740 2033 plenitudine

7 2045 83 2069 tutum
112 2045 191 2071 nobis
217 2045 309 2071 omnia
338 2044 522 2078 donabnntur,
549 2050 578 2072 ut
602 2045 658 2080 jam
687 2053 739 2073 non

7 2094 37 2113 nn
49 2095 78 2115 ex
97 2089 229 2117 omnibus
241 2089 386 2122 creaturis.
401 2094 428 2117 et
442 2097 556 2125 parvum
573 2094 651 2118 terrae
667 2091 740 2118 hunc

7 2139 42 2159 um
55 2141 132 2168 quem
146 2143 220 2162 nunc
232 2135 356 2162 videmur
373 2135 507 2167 habitare,
524 2135 738 2172 teneamus(94),

17 2180 100 2207 omnia
113 2188 284 2215 quascunque
296 2180 402 2208 creavit
412 2180 482 2208 Deus
499 2180 614 2208 visibilia
628 2186 655 2208 et
671 2182 739 2208 invi-

813 263 880 295 rcdi,
900 264 979 292 nobis
992 273 1058 293 vero
1077 273 1106 294 ιιι
1122 269 1308 297 coheredibus
1325 270 1384 305 ejus
1406 273 1510 307 pariter
1534 283 1596 302 cum

813 309 870 344 ipso
887 311 987 344 perl'rni
1004 313 1129 340 universa
1145 314 1253 342 dabitur
1268 321 1407 345 creatura.

848 355 889 382 10.
910 365 920 382 ι
937 356 1003 389 Quis
1017 359 1159 386 accusabit
1172 360 1305 390 adversus
1317 362 1419 392 electos
1435 364 1504 392 Dei?
1527 365 1596 393 Deus

810 400 855 434 qui
880 399 1033 436 justiﬁeat;
1061 404 1121 438 quis
1152 409 1193 432 est
1220 407 1265 441 qui
1299 407 1483 436 coudemuet?
1512 409 1593 446 607

809 446 935 475 Christus
967 447 1045 476 Jesus
1078 451 1124 485 qui
1159 457 1285 480 mortuus
1313 459 1374 486 est,
1409 455 1462 482 into
1504 462 1593 484 autem

810 492 855 526 qui
875 494 1033 524 resurrexit.
1053 496 1098 528 qui
1114 501 1155 524 est
1169 497 1202 524 ad
1218 498 1356 526 dexteram
1374 500 1431 535 Dei,
1448 503 1493 536 qui
1512 503 1594 531 etiam

810 536 964 570 interpellat
979 546 1027 572 pro
1042 539 1119 567 nobis
1132 541 1163 567 “'.
1184 551 1194 567 ι
1220 543 1333 571 Videtur
1350 545 1413 572 mihi
1439 548 1510 581 quod
1532 549 1569 575 ait
1585 557 1592 576 :

811 591 820 606 ι
837 581 902 615 Quis
918 584 1057 612 accusabit
1075 585 1206 614 adversus
1215 588 1317 617 electos
1331 589 1376 617 Dei
1389 591 1400 617 ?
1417 600 1428 617 ι
1443 592 1475 620 de
1488 593 1595 621 diabolo

808 627 909 656 dicere.
931 628 1024 656 Nullus
1042 631 1115 662 enim
1133 633 1170 660 ita
1186 633 1288 662 electus
1300 640 1328 663 et
1342 636 1377 663 ita
1395 645 1507 672 magnus
1524 639 1592 675 (95).

808 680 887 707 quem
915 674 960 701 ille
977 683 1031 703 non
1055 677 1153 705 audeat
1175 686 1325 714 accusare,
1345 683 1395 710 nisi
1417 683 1490 711 illum
1507 686 1592 713 solum

810 728 819 744 ι
838 720 883 753 ιιιιί
898 726 1039 754 peccatum
1058 730 1110 750 non
1123 723 1187 752 fecit
1202 726 1236 758 ",
1254 735 1264 753 ι
1284 727 1330 762 qui
1346 733 1373 755 et
1390 729 1495 757 dicebat
1513 731 1568 766 (96)
1584 740 1591 759 :

810 774 819 790 ι
839 764 916 792 Nunc
930 767 1002 793 venit
1022 767 1149 803 princeps
1163 770 1242 805 hujus
1257 773 1360 806 mundi,
1379 778 1406 801 et
1422 775 1448 801 in
1468 764 1592 803 melnihil

807 811 909 840 invenit
924 813 957 840 ¹⁰.
977 822 986 840 ι
1007 813 1061 842 Sed
1084 817 1208 850 quamvis
1233 818 1277 846 ille
1298 825 1394 848 exerat
1417 821 1473 857 (97)
1498 824 1593 857 nequi-

807 858 870 885 tiam
886 860 1015 894 propositi
1032 861 1085 895 sni,
1101 862 1155 890 Deo
1168 863 1337 898 justiﬂcante
1348 870 1376 894 et
1389 867 1496 896 delenle
1520 870 1591 896 sicut

803 906 899 933 Illibelll
914 907 1081 942 iniquitatem
1106 910 1252 938 electorum
1278 915 1439 947 suorum“,
1465 921 1492 943 et
1517 917 1589 944 sicut

801 951 942 986 caliginem
961 958 1070 988 peccata
1097 962 1211 988 eorum,
1236 961 1263 984 et
1287 964 1302 984 a
1325 959 1462 993 prioribus
1483 961 1590 989 delictis

800 1004 848 1024 eos
863 997 1005 1026 dealbante
1021 1004 1050 1026 nt
1068 1000 1176 1033 nivem,
1196 1007 1224 1028 et
1251 1003 1321 1030 sicut
1336 1004 1424 1032 lanam
1447 1006 1588 1035 candidam

800 1042 916 1070 faciente
931 1044 965 1077 “,
988 1045 1052 1078 quid
1076 1046 1199 1080 proﬁciet
1226 1049 1387 1076 accusator?
1409 1050 1462 1078 Sed
1485 1058 1587 1079 etcum

799 1087 927 1116 Christus
939 1097 988 1123 pio
1002 1090 1041 1118 cis
1058 1096 1180 1119 mortuus
1195 1092 1249 1126 sit,
1265 1094 1320 1121 imo
1333 1095 1423 1128 potius
1438 1104 1453 1123 a
1474 1100 1588 1127 mortuis

801 1136 980 1162 resurrexerit
992 1156 1000 1168 ,
1014 1141 1041 1163 et
1054 1141 1108 1164 stet
1122 1145 1136 1165 a
1153 1139 1256 1167 dextris
1271 1139 1358 1169 Patris
1368 1162 1376 1175 ,
1392 1147 1420 1169 et
1433 1143 1587 1178 interpellet

798 1185 849 1212 pro
864 1177 907 1206 bis
917 1198 924 1211 ,
940 1180 1001 1213 quis
1020 1187 1067 1208 eos
1081 1182 1181 1216 poterit
1196 1183 1399 1214 condemnare?
1413 1187 1443 1214 In
1465 1177 1587 1221 superio-

799 1223 876 1252 ribus
893 1230 1004 1253 sanctus
1022 1234 1032 1252 ι
1047 1225 1164 1262 Spiritus
1194 1229 1359 1264 interpellat,
1376 1231 1507 1267 inquit“,
1538 1242 1586 1269 pro

799 1269 876 1298 uobis
892 1271 1037 1306 gemitibus
1063 1273 1291 1304 inenarrabilibus
1305 1277 1328 1292 “
1343 1286 1350 1305 :
1379 1287 1390 1304 ι
1413 1280 1455 1307 hic
1474 1290 1485 1306 ι
1503 1280 1585 1308 (ἶΙιιί-

796 1319 855 1343 stus
881 1314 959 1343 Jesus
976 1317 1020 1351 qui
1040 1323 1163 1346 mortuus
1178 1324 1220 1347 est
1238 1325 1266 1348 et
1297 1323 1463 1358 resurrexit,
1484 1335 1494 1351 ι
1528 1325 1585 1359 ipse

798 1368 809 1386 ι
829 1360 982 1396 interpellat
998 1370 1045 1396 pro
1064 1363 1141 1390 nobis
1158 1364 1191 1390 ".
1211 1374 1221 1390 ι
1242 1365 1311 1393 Deus
1326 1367 1370 1401 qui
1384 1369 1524 1403 proprium
1540 1369 1585 1397 Fi-

797 1406 861 1433 lium
890 1407 1001 1434 tradidit
1026 1416 1074 1442 pro
1102 1409 1195 1443 nobis,
1227 1411 1284 1445 ipse
1305 1411 1436 1446 justilicat
1459 1414 1582 1443 electos:

795 1451 857 1486 quis
872 1451 924 1479 erit
938 1452 1007 1479 ultra
1024 1453 1068 1488 qui
1098 1454 1197 1481 audeat
1221 1456 1403 1486 condemnare
1416 1459 1428 1485 τ
1441 1459 1494 1487 Sed
1522 1461 1583 1488 dili-

795 1498 901 1532 gentius
925 1498 1033 1525 intuere
1057 1501 1194 1534 qnemodo
1216 1501 1362 1535 Apostolus
1399 1512 1531 1539 nusquam
1557 1508 1583 1534 in

797 1543 968 1570 sermonibus
995 1544 1050 1570 suis
1072 1543 1105 1570 ab
1133 1544 1212 1572 insito
1236 1546 1286 1573 sibi
1316 1548 1421 1575 cautela
1451 1549 1582 1577 discedat.

795 1587 853 1615 Non
874 1587 963 1615 dixit:
981 1597 991 1614 ι
1009 1588 1076 1622 Quis
1100 1590 1239 1618 accusabit
1257 1599 1267 1616 ι
1291 1591 1432 1619 adversum
1461 1599 1582 1627 vocatos,

794 1633 840 1660 sed
854 1642 864 1659 ι
882 1634 1024 1661 adversum
1040 1634 1139 1662 electos
1152 1635 1165 1662 ‘i
1181 1644 1191 1661 ι
1214 1634 1270 1663 Nisi
1285 1637 1357 1664 enitn
1372 1637 1456 1666 fueris
1469 1639 1582 1673 elechts,

794 1678 846 1706 nisi
865 1679 891 1706 in
906 1680 1032 1707 omnibus
1049 1684 1075 1707 te
1089 1680 1247 1709 exhibueris
1264 1683 1434 1716 probabilem
1453 1685 1517 1718 Deo,
1535 1686 1582 1713 ha-

794 1723 870 1751 bebis
885 1730 1081 1752 accusatorem.
1105 1725 1135 1752 Si
1160 1726 1234 1753 enim
1254 1734 1336 1755 causa
1361 1733 1405 1756 tua
1428 1731 1499 1757 mala
1527 1737 1581 1764 est,

793 1770 815 1797 si
830 1774 856 1797 te
870 1769 973 1797 crimen
988 1775 1062 1797 tuum
1079 1772 1225 1806 astringit,
1242 1773 1307 1808 quid
1325 1774 1372 1801 tibi
1394 1775 1516 1809 proderit
1533 1777 1581 1805 ad-

792 1819 921 1847 vocatus,
942 1815 1047 1842 etiamsi
1070 1814 1149 1843 Iesus
1171 1817 1206 1844 sit
1229 1818 1274 1851 qni
1299 1818 1473 1854 interpellat!
1498 1819 1579 1849 Jesus

792 1861 864 1888 enim
880 1860 981 1887 veritas
994 1865 1036 1887 est
1051 1860 1094 1886 ὀε
1110 1869 1164 1888 non
1180 1866 1270 1896 potest
1284 1871 1349 1896 ergo
1365 1873 1414 1899 pro
1436 1870 1461 1893 te
1477 1867 1580 1895 veritas

793 1905 896 1933 fallere.
915 1904 942 1932 ln
959 1905 1008 1932 hoc
1026 1906 1071 1932 tibi
1096 1906 1273 1941 opitulabitur
1292 1908 1347 1944 (98)
1363 1911 1522 1945 advocatus,
1541 1919 1577 1939 ne

792 1951 962 1979 accusatoris
983 1951 1125 1979 calumniis
1152 1952 1299 1981 involraris
1310 1973 1317 1986 ,
1335 1963 1367 1982 ne
1383 1956 1428 1983 tibi
1443 1959 1577 1990 praeterita

791 2003 914 2034 peccata,
931 2005 990 2033 qum
1005 2005 1052 2033 per
1064 1998 1229 2033 baptismum
1243 2000 1330 2027 delcza
1346 2007 1426 2034 sunt,
1443 2003 1578 2037 imputen-

792 2049 846 2073 tttr.
862 2044 890 2072 Si
908 2052 972 2072 vero
984 2049 1045 2080 post
1063 2045 1121 2072 haec
1139 2045 1237 2072 iterum
1264 2046 1422 2081 delinquas,
1440 2055 1490 2075 nec
1515 2048 1578 2077 ullis

791 2091 849 2118 haec
872 2091 1040 2125 pcenitcutizn
1066 2090 1193 2126 lacrymis
1220 2091 1324 2124 diluas,
1351 2093 1504 2121 accusatori
1532 2099 1578 2123 tuo

791 2137 953 2165 criminandi
973 2143 998 2164 te
1017 2137 1158 2164 materiam
1185 2137 1263 2165 dabis
1278 2147 1285 2165 :
1299 2144 1326 2166 et
1347 2139 1473 2173 quamvis
1498 2139 1578 2168 Iesus

790 2184 943 2218 interpellet
959 2192 1006 2219 pro
1023 2184 1112 2217 nobis,
1130 2192 1182 2212 non
1200 2189 1288 2220 potest
1307 2189 1396 2212 tamen
1413 2185 1468 2222 (99)
1484 2186 1577 2215 dicere

7 2224 53 2258 ilia,
69 2227 175 2254 occulta
190 2232 217 2253 et
236 2226 390 2259 manifesta,
406 2226 567 2260 temporalia
586 2231 613 2254 et
634 2231 736 2254 aeterna
754 2240 776 2269 ο
790 2229 868 2257 Jesus
884 2230 1011 2258 tenebras
1021 2230 1108 2258 lucem
1121 2238 1192 2263 esse,
1208 2238 1296 2265 neque
1310 2238 1433 2258 amarum
1448 2232 1528 2260 dulce
1539 2232 1574 2261 ".

7 2278 16 2296 η
31 2272 136 2300 Christo
162 2273 268 2308 pariter
300 2272 457 2299 habeamus.
478 2271 572 2299 Potest
597 2277 685 2300 autem
711 2278 737 2301 et

7 2326 10 2340 ι
26 2318 101 2345 modo
121 2320 162 2346 sic
182 2318 293 2353 intelligi
307 2318 379 2353 quod
395 2318 482 2346 dixit:
506 2326 516 2343 ι
530 2318 597 2345 Cum
611 2319 669 2354 ipso
679 2327 736 2346 om-

7 2363 12 2377 '
25 2362 116 2391 Matth.
131 2373 159 2398 x,
173 2365 219 2392 21.

7 2398 39 2426 la.
74 2400 96 2415 ιο
111 2399 192 2427 Joan.
204 2408 260 2433 xw,
272 2399 317 2427 50.
363 2398 397 2415 ⁷¹¹
413 2400 475 2426 lsai.
492 2407 565 2432 xuv,
584 2401 628 2427 22.

7 2441 60 2461 uan.
72 2442 127 2468 xlv,
139 2435 166 2462 6.
204 2436 226 2451 ³⁷
239 2435 302 2462 lsai.
313 2442 339 2467 v,
351 2433 396 2461 20.
432 2435 454 2450 "
465 2434 537 2462 Psal.
549 2443 576 2468 ι,
587 2435 615 2463 6.

7 2479 41 2522 ig)
57 2481 137 2514 Editi,
159 2491 168 2507 ι
190 2486 215 2508 et
233 2480 311 2522 viain
322 2480 532 2522 resurrectionis
549 2489 563 2521 ιι
580 2482 705 2522 mortuis,
721 2492 730 2508 ι

16 2515 60 2542 Ms.
69 2524 148 2550 unus,
168 2525 177 2542 ι
191 2523 267 2551 spem
277 2517 358 2543 etiam
372 2516 579 2544 resurrectionis
591 2518 730 2550 mortuis,»

7 2584 42 2619 30)
59 2585 89 2612 Et
103 2595 150 2627 pre
164 2586 292 2627 οηιιιὶιιιιι.
303 2585 366 2613 llaec
378 2585 463 2627 verba
474 2586 571 2613 desunt
591 2586 616 2613 in
631 2585 732 2627 pleris-

21 2628 80 2648 mss.
96 2626 123 2648 et
136 2622 163 2648 in
177 2621 266 2652 editis,
285 2627 313 2648 et
334 2622 404 2655 apud
416 2620 572 2654 Rabanom;
591 2624 637 2648 sed
653 2622 733 2648 resti-

8 2657 111 2691 ntnriab
128 2663 183 2683 uno
200 2663 250 2682 uis.
271 2655 364 2691 Regio.

7 2689 40 2732 ξι)
58 2690 137 2732 Edita
155 2701 165 2717 ε
186 2689 556 2732 a'elit'ssisttmle-“z19!}:-
600 2727 605 2732 .
666 2727 672 2732 .
713 2727 719 2732 .

7 2724 40 2757 )2)
59 2726 140 2758 Editi,
164 2734 174 2752 ι
189 2726 272 2753 dedit.
291 2726 364 2754 Nihil
378 2731 420 2753 est
438 2726 562 2759 visibilis,
584 2727 642 2754 sive
665 2727 735 2755 invi-

7 2759 45 2791 lis,
59 2770 68 2786 ι
87 2765 141 2789 etc.

61 2795 164 2838 guinis.
182 2796 321 2838 omittitur
344 2797 371 2824 in
389 2801 466 2836 antea
484 2797 575 2824 editis.
673 2832 679 2838 _

7 2830 40 2865 ιι)
59 2830 140 2864 Editi,
161 2840 171 2856 ι
194 2837 223 2858 ιιι
243 2832 298 2866 jam
320 2839 372 2858 non
396 2833 422 2859 in
449 2839 531 2859 unum
552 2839 585 2860 ex
606 2832 734 2860 omnibus

7 2865 90 2896 tllﬂ‘lS,
106 2871 134 2893 et
151 2865 263 2901 parvum
279 2873 358 2894 teme
374 2867 446 2894 hunc
462 2866 549 2894 locmn
570 2875 650 2903 quem
677 2875 730 2894 non

45 2912 182 2944 Ριτιιοι..
204 2912 262 2943 Gn.
287 2912 370 2944 XIV.

258 2364 389 2399 “Philip.
402 2372 430 2396 ιι1
446 2364 473 2398 6,
492 2364 517 2391 7.
557 2365 681 2392 "Matth.
699 2375 773 2400 um,
791 2368 824 2400 6;
857 2367 922 2394 Luc.
939 2374 1004 2399 xvn,
1022 2367 1047 2394 2.
1084 2367 1104 2383 ι·
1126 2368 1202 2395 noni.
1220 2376 1280 2398 vnt.
1294 2369 1339 2402 35,
1353 2369 1398 2396 54.
1437 2370 1458 2410 ¹ξ
1477 2369 1571 2398 lPetr.

258 2399 317 2430 .50.
354 2400 397 2436 _f‘
413 2400 477 2436 lsai1
492 2407 565 2432 XLIV,
584 2401 628 2427 22.
681 2402 703 2417 "
721 2402 783 2430 lsai.
798 2411 816 2436 t,
841 2402 883 2430 18.
922 2402 945 2418 ¹³
959 2402 1037 2430 llum.
1051 2411 1109 2435 \‘lll,
1136 2403 1180 2430 26.
1220 2404 1243 2420 ’⁵
1256 2404 1322 2432 ibid.
1335 2405 1380 2433 54.
1417 2405 1571 2433 “Ibid.32.

792 2274 820 2302 Si
836 2283 900 2310 ergo
913 2275 952 2302 vis
962 2276 1069 2303 vincere
1079 2283 1139 2303 eum
1154 2276 1284 2309 iudicaris
1297 2276 1320 2292 ’⁸
1336 2276 1385 2313 (1),
1403 2277 1444 2304 l'ae
1457 2278 1528 2312 quod
1541 2278 1576 2306 de

788 2320 861 2355 justo
874 2320 1004 2355 scriptum
1019 2325 1060 2348 est
1078 2330 1085 2348 :
1104 2329 1114 2347 ι
1133 2321 1250 2357 Dispone
1265 2329 1405 2350 sermones
1424 2327 1484 2350 tuos
1495 2322 1522 2350 in
1534 2322 1575 2357 ju-

1084 2367 1104 2383 ¹¹
1126 2368 1202 2395 “om
1220 2376 1280 2398 vnt.
1294 2369 1339 2402 35,
1353 2369 1398 2396 54.
1437 2370 1458 2385 ¹¹
1477 2369 1572 2398 lPetr.

787 2481 920 2512 videmus,
935 2480 1058 2507 habitare
1074 2480 1228 2509 timeamus.
1245 2491 1256 2508 ι

823 2516 880 2552 (95)
906 2516 951 2542 Sic
974 2523 1039 2542 mss.
1066 2516 1200 2553 plerique,
1223 2517 1401 2553 iiabauusfet
1423 2517 1499 2544 editi.
1521 2517 1570 2553 Ms.

823 2523 880 2552 (Ub)
906 2523 951 2542 DN:
974 2523 1039 2542 llISS.
1066 2523 1200 2577 quemque,
1225 2523 1352 2544 “HDRIIIIS
1373 2523 1401 2545 ει.
1423 2523 1499 2558 θιΙιῑΙ.
1521 2523 1570 2553 MS.

787 2556 876 2579 tamen
904 2557 986 2581 unus,
1019 2559 1029 2576 ι
1083 2549 1161 2578 Tullus
1186 2551 1258 2578 enim
1272 2557 1314 2579 est
1335 2552 1439 2580 electus
1460 2557 1497 2580 Ita
1515 2559 1572 2580 ma-

823 2594 865 2617 us,
880 2595 889 2611 ι
908 2591 960 2611 etc.

786 2595 865 2622 guns,
880 2595 889 2611 ›
908 2595 960 2611 etc.
1034 2619 1040 2624 .
1378 2621 1383 2628 .

822 2621 877 2656 (96)
891 2620 970 2651 Editi.
989 2629 998 2646 ι
1015 2619 1066 2646 nisi
1082 2619 1124 2646 ille
1139 2620 1212 2646 solus
1232 2639 1239 2647 .
1253 2640 1261 2648 .
1275 2640 1282 2647 .
1300 2622 1343 2656 qui
1359 2622 1545 2654 dteebathmc,
1559 2633 1567 2648 ι

789 2662 840 2683 etc.
863 2656 963 2682 Deinde
979 2663 1029 2682 ms.
1045 2662 1124 2686 unus,
1142 2664 1151 2680 ι
1169 2660 1196 2682 et
1210 2655 1235 2682 in
1252 2663 1294 2683 me
1308 2655 1360 2684 non
1377 2657 1478 2685 invenit
1491 2658 1570 2693 quid-

806 2699 879 2718 uatn.
898 2699 907 2715 ὶ

894 2699 1002 2752 literal.
1020 2723 1219 2760 Geueln-ardns.
1239 2733 1248 2750 ι
1267 2730 1402 2757 εποιόεθίο
1421 2735 1431 2752 ⁸
1450 2727 1532 2754 ³⁸³³1⁸⁸

823 2761 879 2796 (98)
897 2761 942 2796 Sic
954 2767 1048 2796 omnes
1060 2767 1124 2786 mss.
1139 2766 1165 2786 et
1182 2759 1320 2788 Rabanus.
1337 2760 1406 2787 Editi
1421 2768 1496 2794 vero,
1516 2771 1525 2787 ι
1539 2760 1568 2791 ln

787 2794 1105 2835 quo_tibLopitulabitur,
1126 2803 1136 2821 ι
1155 2799 1220 2835 ctc._
1280 2829 1297 2835 η
1313 2830 1319 2835 _
1567 2799 1569 2801 ‘

834 2830 879 2865 99)
898 2829 1005 2858 Tamen.
1023 2829 1196 2865 Desideratur
1215 2830 1241 2857 in
1255 2829 1345 2858 editis.

835 2864 982 2901 l)'Editi,‘i
1002 2865 1072 2900 quod
1085 2864 1225 2900 judicarls.
1245 2874 1255 2891 ι

1379 2909 1431 2941 ~36
