1827 3053
2 158 53 183 53

457 161 635 190 COMMENT.
656 162 689 189 IN
710 161 818 190 EPIST.
838 163 882 189 AD
903 164 984 192 ROM.
1008 165 1070 192 LIB.
1094 165 1149 192 νη.

1555 168 1622 195 1131

5 218 68 246 12.
93 227 104 245 ε
119 220 234 248 Contido
247 221 318 248 enim
332 222 393 256 quia
405 229 493 257 neque
513 231 596 257 mors,
611 231 699 259 neque
720 224 784 256 vita,
801 225 823 254 A
839 224 1011 259 hyperbolice
1024 227 1080 253 hzec
1093 225 1249 261 Apostolunt
1268 226 1365 259 dicere,
1383 227 1431 253 hoc
1444 230 1495 257 est.
1513 235 1564 254 non
1579 236 1625 253 so-

2 271 81 298 que
101 266 207 301 angeli,
225 274 312 301 neque
325 267 514 303 principatus,
530 277 617 304 neque
629 270 784 304 praesentia,

0 319 81 345 que
99 312 204 345 l'utura,
219 320 305 347 neque
319 313 444 347 virtutes,
457 322 543 350 neque
557 315 682 348 altitudo,
697 323 785 350 neque

1 357 162 386 nfuludum
174 380 181 391 ,
202 367 289 395 neque
303 365 427 389 creatura
443 361 496 388 alia
515 362 615 396 poterit
637 369 685 389 nos
704 369 784 396 sepa-

2 409 42 429 re
65 409 86 428 a
101 402 238 431 charitate
260 405 324 438 Dei,
339 412 399 440 qua
415 410 457 433 est
481 405 508 433 in
522 405 632 434 Christo
651 405 714 434 Jesu
730 407 783 434 Do-

0 446 59 474 ino
87 453 184 476 nostro
206 449 239 477 “.
255 459 266 476 ι
292 451 364 478 Duos
379 450 488 479 videtur
506 452 617 480 ordines
638 452 784 487 Apostolus

1 494 148 522 tendisse
162 502 258 523 eorum
272 504 332 531 qua:
343 496 499 526 hominibus
512 499 675 527 teutationes
693 501 782 528 susci-

0 547 36 568 re
51 547 277 570 consueverunt.
298 543 331 571 Et
343 544 370 571 in
386 543 430 572 his
447 545 556 579 quidem
569 552 629 580 quae
641 545 717 581 prius
728 546 783 574 dis-

0 586 142 619 ruimus,
157 587 339 617 humanarum
355 590 533 618 tentationum
547 591 707 628 intelligitur
715 592 782 620 ordo

0 632 149 668 scriptus
163 641 170 660 :
187 634 221 662 de
235 634 334 669 quibus
345 635 428 663 etiam
442 635 592 665 Corinthiis
607 637 726 672 dicebat,
739 643 782 666 ut-

0 683 44 706 Ile
60 680 116 714 qui
131 680 236 715 majora
250 681 323 709 ferre
341 689 394 710 non
406 687 533 718 poterant
546 693 554 711 :
572 693 582 710 ι
595 684 720 713 Tentatio
734 692 780 714 vos

0 732 28 752 in
39 726 250 761 apprehendat,
258 727 309 756 nisi
318 728 445 757 humana:
455 730 541 759 lidelis
547 735 635 759 autem
645 731 780 768 Deus,qui

0 779 27 797 In
45 772 199 805 permittet
209 780 260 801 vos
272 776 369 802 tentari
383 783 464 811 supra
476 776 502 804 id
511 777 583 812 quod
594 778 706 812 potestis
719 778 752 805 δ’.
767 788 777 805 ι

0 825 64 844 unc
78 824 151 847 vero
163 818 190 846 in
203 819 246 848 his
261 821 432 850 sermonibus
442 830 511 858 quos
521 823 651 852 habemus
672 825 699 852 in
720 833 778 852 ma-

0 862 80 896 bus,
102 871 158 891 non
177 863 311 894 humanas
327 867 491 896 tentationes
503 867 615 902 indicat,
633 869 680 898 sed
695 871 780 906 majo-

0 917 15 936 s
35 909 188 938 humanis.
207 910 241 938 Et
251 911 310 939 ideo
334 917 398 947 puto
422 913 494 948 quod
514 913 541 940 in
555 913 693 949 prioribus
714 923 775 943 cum

0 960 177 984 .umerasset
198 956 305 992 singula
328 966 459 994 queque,
482 960 515 987 ad
537 961 661 989 ultimum
685 963 775 991 dicit:

0 999 69 1028 Sed
90 1000 123 1028 in
138 1001 182 1029 his
195 1003 322 1030 omnibus
334 1011 504 1039 superamus.
521 1014 530 1032 r
549 1006 578 1034 In
594 1007 636 1035 his
654 1015 720 1037 vero
734 1016 776 1037 se-

0 1046 61 1073 :ndi
77 1046 188 1075 ordinis
203 1048 398 1077 tentationibus
419 1058 473 1078 non
494 1051 531 1079 ita
553 1052 722 1082 conﬁdenter
735 1055 776 1083 di-

0 1098 26 1125 t,
62 1101 75 1119 ¢
92 1092 265 1128 Superamus
276 1113 283 1126 ,
300 1103 310 1120 ι
340 1095 388 1123 sed
412 1096 488 1125 valde
504 1098 621 1126 tenuiter
636 1099 683 1134 ait,
710 1101 774 1135 quia

0 1137 47 1164 hil
64 1138 168 1165 horum
184 1148 194 1164 ε
205 1139 306 1174 poterit
320 1147 372 1168 nos
391 1148 519 1176 separare
537 1150 552 1170 a
571 1144 703 1173 charitate
716 1146 773 1180 Dei,

0 1191 35 1211 ta:
51 1189 102 1212 est
118 1184 146 1211 in
157 1184 267 1213 Christo
280 1185 354 1214 Jesu.
375 1195 385 1213 ›
404 1187 441 1215 De
456 1188 582 1217 humanis
597 1190 669 1218 cnitn
689 1196 775 1219 tenta-

0 1230 109 1258 )uibus
127 1234 257 1266 tanquam
273 1232 367 1267 parvis
381 1237 408 1260 et
424 1233 525 1262 levibus
541 1235 710 1265 conﬁdenter
724 1245 773 1266 nos

3 1284 19 1304 s
45 1284 186 1312 superare
202 1278 359 1313 pronuntiat
377 1287 384 1306 :
399 1279 459 1307 illas
473 1287 537 1308 vero
555 1282 708 1318 superiores
721 1304 728 1316 ,
745 1290 772 1312 et

0 1331 34 1350 us
50 1330 142 1358 quam
158 1323 302 1357 humanas,
318 1324 425 1352 etiatnsi
450 1333 581 1361 superare
603 1331 631 1356 et
650 1334 772 1364 proster-

0 1376 41 1396 :re
57 1375 118 1396 non
129 1368 250 1396 valemus
262 1369 326 1404 (hoc
340 1370 410 1397 cnim
427 1371 510 1399 solius
522 1372 625 1400 Christi
638 1381 705 1408 opus
718 1380 769 1408 est,

0 1414 19 1441 ti
45 1422 58 1440 ι
72 1413 152 1442 exuit
169 1414 339 1450 principatus
360 1420 387 1443 et
409 1421 573 1452 potestates,
598 1420 771 1455 triumphans

0 1467 20 1486 is
40 1459 70 1486 in
85 1460 236 1494 semetipso
251 1459 296 1495 '“),
310 1469 320 1486 ι
335 1464 424 1488 tamen
437 1465 464 1489 et
477 1463 528 1490 hoc
540 1463 566 1490 in
579 1464 699 1493 victoriae
711 1465 771 1494 loco

3 1510 14 1532 t
26 1504 105 1541 (12),
119 1505 143 1533 si
157 1513 218 1533 cum
231 1513 325 1534 omnes
341 1507 368 1534 in
390 1514 438 1535 nos
460 1507 692 1545 impugnationum
712 1519 770 1540 sua-

0 1560 34 1579 ;m
50 1552 202 1580 machinas
216 1554 363 1586 torserint,
376 1561 390 1580 a
403 1553 537 1582 charitate
555 1560 645 1585 tamen
660 1558 706 1587 Dei
719 1566 770 1587 nos

1 1605 112 1633 parare
133 1605 188 1625 non
209 1598 326 1626 valeant.
352 1599 405 1628 Sed
425 1599 480 1634 iam
503 1604 636 1629 tentemus
663 1602 770 1638 singula

0 1648 132 1677 scatere,
145 1649 172 1672 et
190 1645 255 1679 quid
275 1646 308 1673 de
330 1653 496 1682 unoquoque
508 1654 633 1676 sermone
646 1648 768 1683 Apostoli

3 1691 156 1718 ntiendum
174 1692 209 1719 sit
219 1699 269 1728 pro
280 1694 382 1722 viribus
394 1695 511 1729 aperire.
524 1696 654 1730 Quamvis
669 1698 767 1726 altiora

18 1736 66 1764 his
86 1738 242 1772 conlegisse
256 1739 380 1767 videatur
394 1741 558 1775 Apostolus,
581 1750 662 1777 quam
681 1750 767 1778 expo-

0 1781 84 1809 tionis
97 1786 200 1809 nostra!
211 1782 283 1810 ferre
292 1784 406 1812 sutllciat
418 1785 518 1818 virtus,
532 1786 573 1813 Vel
590 1787 659 1815 ratio
679 1787 767 1816 brevi-

0 1828 36 1855 tis
61 1828 194 1856 admittat
215 1828 292 1864 (l3);
320 1831 489 1864 requiramus
515 1837 604 1859 tanien
629 1832 651 1860 si
674 1833 766 1862 omnia

0 1881 22 1903 ta
37 1883 104 1911 qua:
115 1877 285 1904 enumeravit
294 1877 448 1912 Apostolus,
460 1885 493 1907 an
504 1880 627 1914 quadam
642 1888 675 1908 ex
690 1881 765 1916 ipsis,

0 1929 23 1949 te
42 1922 132 1950 studii
145 1923 186 1949 vel
205 1923 363 1952 inteutiouis
376 1929 491 1959 gerunt,
511 1931 539 1953 ut
554 1926 687 1955 humanas
708 1927 765 1962 (M)

0 1969 81 1996 timas
113 1976 128 1996 a
154 1969 288 1997 charitate
311 1970 358 1998 Dei
384 1977 513 2006 separare
534 1972 713 2004 contendant,
738 1978 765 2000 et

0 2018 121 2049 'opterea
134 2014 280 2042 moliantur
291 2015 318 2042 in
331 2023 379 2043 nos
388 2021 485 2043 cuncta
495 2023 554 2051 quae
565 2016 684 2050 patimur
696 2017 763 2053 (l5).

0 2060 87 2088 Ldetur
100 2059 173 2087 enim
189 2068 269 2095 posse
281 2061 389 2096 quidem
417 2061 468 2088 hoc
480 2068 573 2095 agere,
588 2066 615 2089 ut
638 2069 652 2089 a
674 2061 765 2090 citari-

0 2111 26 2132 te
46 2106 99 2133 Dei
118 2112 297 2141 separemur,
319 2113 392 2134 mors
410 2106 592 2139 fortassis,et
616 2108 705 2142 angeli
717 2128 724 2141 ,
737 2113 764 2136 et

0 2151 163 2187 incipatus,
176 2157 202 2179 et
215 2152 329 2179 virtutes
343 2153 520 2180 adversantes
543 2153 621 2180 nobis
634 2153 693 2180 sine
714 2154 763 2181 du-

0 2205 23 2229 o,
36 2202 63 2225 et
83 2197 228 2232 praesentia
241 2205 300 2232 qua:
314 2202 376 2225 sunt
388 2197 481 2232 utique
494 2197 598 2225 lubrica
609 2202 636 2225 et
648 2198 758 2226 caduca.

836 267 890 295 lum
915 277 963 304 per
985 277 1016 297 ea
1033 277 1093 306 quae
1108 270 1230 298 accidere
1251 272 1440 306 possunt,sed
1462 279 1495 298 ue
1519 280 1567 307 per
1591 281 1622 300 ea

836 315 945 349 quidem
967 323 1027 351 quae
1037 316 1146 344 evenire
1156 316 1326 344 omuinonou
1338 321 1459 352 possunt,
1475 318 1528 345 ullo
1543 324 1622 353 pacto

836 367 850 387 a
869 360 914 389 Dei
929 361 1062 390 charitate
1075 362 1265 390 deﬂectiutur:
1285 363 1358 390 verbi
1376 371 1471 396 causa,
1487 369 1516 391 ttt
1531 365 1553 392 si
1568 366 1620 393 alia

836 407 914 435 nobis
922 408 1032 436 daretur
1043 409 1106 442 vita,
1117 417 1196 444 quam
1209 410 1266 437 haec
1274 417 1333 444 qum
1342 417 1356 437 a
1369 409 1423 437 Deo
1437 411 1498 438 data
1511 416 1562 441 est,
1574 417 1621 439 aut.

834 452 857 480 si
869 453 1019 481 futurorum
1033 461 1094 489 spes
1105 455 1158 482 alia
1177 455 1255 483 nobis
1272 456 1490 490 pt'omitterctur,
1504 457 1545 484 vel
1560 457 1621 485 alti-

835 499 916 533 tudo,
931 500 972 527 vel
985 500 1068 527 etiam
1082 505 1207 528 creatura
1226 501 1278 528 alia
1296 509 1377 536 quam
1387 508 1428 529 est
1441 502 1484 530 illa
1497 510 1557 537 quae
1570 511 1620 539 pro

832 543 915 579 609
922 544 999 572 nobis
1006 545 1183 581 congemiscit
1195 551 1223 574 et
1232 547 1392 580 condolct",
1405 548 1476 582 quod
1499 549 1557 576 ﬁeri
1571 549 1621 577 uti-

832 596 885 624 que
896 597 948 618 uon
959 594 1058 625 potest,
1068 598 1101 618 ne
1112 590 1168 619 hac
1180 591 1288 626 quidem
1301 599 1316 619 a
1332 592 1467 621 charitate
1480 593 1525 622 Dei
1540 602 1620 629 sepa-

832 642 895 662 rare
903 643 951 663 nos
961 640 1083 671 possent.
1096 636 1144 663 Est
1154 644 1218 672 ergo
1232 637 1277 665 hic
1289 645 1357 665 unus
1368 639 1546 673 expositionis
1563 649 1619 668 mo-

831 680 1040 710 dus.Videamus
1049 686 1139 711 tamen
1149 691 1183 711 ne
1194 682 1263 711 forte
1272 684 1357 719 pOSsit
1364 685 1443 711 etiam
1454 685 1503 713 iste
1512 686 1619 713 intelle-

830 730 892 754 ctus
907 726 1024 755 admitti.
1039 737 1049 755 ι
1060 728 1132 757 Mors
1143 738 1153 755 ι
1169 737 1250 764 quam
1266 729 1309 756 hic
1323 729 1388 758 dicit
1404 730 1471 766 (l6),
1488 730 1532 759 ille
1545 731 1618 759 acci-

830 772 946 807 piendus
975 777 1019 802 est
1050 781 1131 809 quem
1160 782 1240 809 supra
1270 777 1446 811 exposuimus
1476 776 1616 805 inimicum

830 819 931 847 Christi
946 819 1139 848 destruendum
1154 821 1330 850 nmissimum
1343 821 1396 849 dici
1410 822 1444 849 ".
1457 822 1508 857 Qui
1524 824 1618 858 utique

829 869 973 900 propterea
990 873 1064 894 mors
1082 867 1192 899 dicitur,
1211 867 1274 902 quia
1292 866 1362 894 sicut
1379 867 1437 896 haec
1460 870 1616 896 communis

792 901 814 930 Β
829 917 902 938 mors
917 911 1036 938 animam
1048 916 1158 946 separat
1174 919 1188 939 a
1206 901 1331 946 corpore,
1347 912 1383 939 ita
1398 917 1425 940 et
1441 912 1485 940 ille
1500 918 1615 941 conten-

827 957 867 985 dit
881 958 999 986 animam
1011 965 1141 994 separare
1156 966 1172 986 a
1187 958 1320 986 charitate
1335 959 1397 986 Dei:
1408 963 1436 986 et
1452 959 1509 987 haec
1521 961 1616 995 utique

826 1009 868 1032 cst
884 1003 982 1032 animae
999 1011 1083 1032 mors.
1107 1003 1199 1032 Potest
1216 1012 1281 1040 ergo
1299 1006 1356 1033 ﬁeri
1374 1009 1404 1033 ut
1424 1006 1460 1034 sit
1473 1011 1501 1034 et
1519 1006 1611 1041 aliqua

826 1051 884 1078 Vita
906 1051 940 1078 de
964 1055 1040 1086 parte
1055 1050 1138 1083 illius.
1157 1059 1217 1086 quae
1240 1058 1301 1078 cum
1326 1051 1385 1087 ipso
1402 1052 1459 1087 agit
1477 1056 1506 1079 ut
1529 1061 1578 1080 nos
1596 1060 1611 1080 a

826 1096 962 1124 charitate
977 1100 1085 1131 separet
1107 1096 1154 1124 Dei
1169 1104 1176 1123 :
1191 1104 1251 1132 quae
1276 1097 1330 1125 vita
1357 1103 1399 1125 est
1422 1098 1536 1133 peccati.
1556 1098 1613 1126 Nisi

825 1142 897 1170 enim
913 1142 985 1170 mala
1002 1146 1075 1170 esset
1096 1142 1155 1170 haec
1176 1142 1242 1175 vita,
1260 1151 1396 1178 nunquam
1419 1151 1468 1171 nos
1484 1145 1612 1172 suaderet

824 1187 971 1222 Apostolus
981 1191 1010 1216 ut
1020 1195 1189 1216 moreremur
1198 1193 1323 1223 peccato,
1334 1189 1397 1216 etin
1412 1192 1498 1216 morte
1510 1188 1610 1216 Christi

824 1232 1036 1266 haptizaremur,
1055 1236 1084 1260 et
1102 1232 1339 1267 consepeliremur
1353 1232 1378 1260 ei
1389 1233 1422 1259 ".
1437 1232 1529 1260 Potest
1545 1240 1612 1267 ergo

824 1276 883 1304 ﬁeri
899 1282 927 1304 ut
942 1277 1000 1305 hzec
1014 1277 1069 1304 vita
1085 1277 1189 1312 peccati
1203 1277 1247 1310 sit,
1263 1283 1323 1312 quae
1336 1283 1385 1304 nos
1397 1276 1471 1312 cupit
1484 1283 1612 1310 separare

823 1330 837 1350 a
853 1323 986 1350 charitate
1012 1322 1070 1350 Dei.
1089 1322 1146 1358 Ego
1168 1327 1256 1350 autem
1274 1327 1338 1357 puto
1362 1323 1432 1357 quod
1457 1327 1484 1350 et
1503 1323 1608 1357 singula

822 1376 937 1404 quaeque
951 1373 1062 1404 peccata
1078 1368 1195 1396 habeant
1209 1368 1327 1403 aliquam
1343 1368 1427 1395 vitam
1443 1375 1519 1395 suam
1536 1367 1608 1395 intra

821 1421 871 1442 nos
886 1423 893 1441 :
908 1422 970 1442 nam
989 1414 1201 1449 unumquodque
1225 1413 1320 1441 vitium
1344 1413 1399 1440 vita
1423 1412 1528 1448 peccati
1555 1418 1606 1441 est.

821 1459 928 1494 Quanto
943 1468 1009 1495 ergo
1025 1459 1102 1495 plura
1117 1459 1188 1487 intra
1206 1467 1255 1487 nos
1274 1459 1340 1486 vitia
1356 1459 1607 1494 deprehenduntur,

822 1510 896 1534 tanto
910 1505 1000 1540 plures
1024 1512 1084 1533 esse
1108 1509 1281 1540 peccatorum
1307 1504 1370 1532 vita:
1395 1504 1561 1532 videbuntur
1580 1505 1608 1532 in

821 1551 908 1580 nobis.
928 1551 961 1578 Et
976 1557 1121 1586 propterea
1137 1551 1208 1578 forte
1227 1550 1328 1578 dictum
1344 1550 1468 1586 sit:quia
1487 1559 1496 1576 ‹
1512 1550 1608 1578 melior

820 1601 862 1624 est
876 1595 1060 1624 misericordia
1078 1600 1123 1623 tua
1139 1602 1219 1630 super
1232 1594 1359 1623 vitas".i

857 1641 973 1676 «Neque
998 1641 1095 1677 angeli,
1121 1647 1208 1676 neque
1233 1640 1412 1676 principatus,
1436 1649 1525 1677 neque
1549 1642 1613 1670 vir-'

820 1687 932 1715 tutes".
945 1697 954 1713 ι
981 1686 1008 1714 In
1023 1691 1148 1722 promptu
1166 1690 1209 1714 est
1231 1687 1290 1713 illos
1307 1687 1418 1722 angelos
1442 1687 1605 1724 intelligere,

818 1733 917 1768 quibus
935 1733 1003 1768 ignis
1028 1737 1146 1760 aeternus
1164 1739 1177 1759 a
1198 1731 1339 1760 Salvatore
1354 1741 1416 1760 cum
1434 1733 1545 1761 diabolo
1560 1734 1605 1760 di-

817 1780 889 1807 citur
906 1784 1072 1814 praeparatus
1086 1779 1110 1795 "
1123 1786 1131 1805 :
1143 1779 1311 1814 principatus
1325 1783 1413 1808 autem
1429 1786 1457 1808 et
1478 1780 1604 1814 virtutes,

818 1825 878 1852 illas
903 1825 962 1852 sitte
986 1824 1068 1852 dubio
1095 1824 1239 1852 adversum
1267 1832 1336 1859 quas
1359 1825 1439 1853 nobis
1464 1831 1603 1853 certamen

816 1875 857 1899 est
870 1870 892 1886 "’
907 1879 913 1898 :
927 1870 968 1897 vel
984 1869 1044 1897 illos
1055 1869 1224 1905 principatus
1239 1875 1265 1897 et
1283 1876 1440 1905 potestates,
1455 1872 1488 1899 de
1504 1872 1605 1907 quibus

816 1917 904 1945 dicit:
924 1916 1010 1943 «Cum
1027 1920 1117 1943 autem
1138 1916 1303 1944 destruxerit
1327 1924 1436 1944 omnem
1463 1918 1602 1952 principa-

817 1967 888 1996 tum,
902 1966 930 1990 et
944 1966 1104 1997 potestatem
1123 1961 1191 1997 (l'l),
1210 1966 1234 1988 et
1250 1963 1435 1989 virtutem".i
1452 1963 1490 1990 Ex
1505 1964 1603 1998 quibus

815 2013 843 2036 et
864 2008 990 2043 princeps
1011 2006 1090 2041 hujus
1115 2008 1206 2034 tttundi
1234 2008 1425 2042 appellatur".
1446 2008 1507 2036 Post
1532 2011 1600 2042 haec,

818 2064 827 2082 ‹
843 2055 934 2090 Neque
950 2055 1104 2091 prmscntia‘,
1118 2064 1127 2081 ν
1145 2054 1242 2089 inquit,
1267 2055 1324 2081 sive
1341 2063 1350 2080 ι
1361 2054 1503 2082 instantia.
1515 2064 1524 2080 I
1545 2053 1600 2082 Ῥυ-

815 2107 865 2131 test
878 2103 930 2130 hoc
946 2102 1034 2129 dehis
1048 2102 1148 2128 dictutn
1173 2101 1270 2134 videri,
1287 2107 1356 2135 quos
1374 2101 1400 2128 in
1416 2101 1476 2128 aliis
1488 2102 1511 2117 “
1527 2102 1598 2130 idem

813 2150 957 2186 Apestolus
974 2159 983 2176 ι
995 2154 1116 2177 rectores
1141 2149 1232 2175 muudi
1251 2148 1329 2183 hujus
1343 2152 1370 2175 et
1395 2148 1568 2176 tenebrarum
1586 2159 1596 2176 ι

814 2197 964 2225 nominavit
980 2206 985 2222 :
1002 2196 1043 2223 vel
1059 2196 1140 2223 etiam
1155 2195 1226 2230 quod
1241 2194 1414 2230 praesentium
1440 2201 1529 2221 rerum
1547 2203 1598 2222 vo-

0 2245 21 2270 :d
37 2248 67 2272 et
85 2242 251 2277 profundum
271 2247 360 2277 potest
382 2242 509 2270 similiter
542 2242 669 2279 intelligi.
700 2243 760 2272 \‘ita
777 2239 799 2266 ὓ
813 2243 902 2278 luplas
922 2248 950 2270 et
967 2241 1120 2273 delectatio,
1144 2246 1171 2268 et
1197 2248 1266 2268 vana
1290 2240 1369 2276 hujus
1394 2240 1487 2267 mundi
1512 2239 1598 2275 gloria

0 2294 57 2317 item
70 2311 80 2323 ,
97 2294 124 2317 et
136 2289 236 2322 futura,
248 2294 275 2316 et
291 2289 418 2321 altitudo,
433 2293 461 2316 et
472 2293 597 2317 creatura
611 2289 674 2322 alia,
690 2297 759 2325 quo-

0 2336 81 2363 udoa
109 2335 156 2363 Dei
185 2335 320 2363 charitate
344 2342 469 2370 separare
497 2342 548 2363 nos
577 2339 682 2362 certent
706 2343 759 2363 nou

0 2382 90 2410 iosum
113 2381 220 2409 videtur
238 2389 383 2418 exponere.
403 2380 461 2409 Nisi
487 2380 511 2408 si
525 2381 586 2416 quis
600 2380 671 2409 forte
683 2381 758 2409 dicat

812 2288 918 2316 studeat
932 2296 981 2315 nos
999 2297 1007 2313 ι
1018 2295 1031 2314 a
1053 2288 1098 2314 Dei
1115 2287 1248 2314 charitate
1261 2296 1271 2313 ι
1299 2286 1443 2319 deducere,
1463 2293 1541 2320 «qum
1557 2291 1599 2313 est

813 2335 839 2362 in
858 2334 966 2361 Christo
984 2333 1047 2361 Jesu
1073 2333 1186 2360 Domino
1211 2334 1347 2360 nostro“.
1361 2341 1370 2358 ι
1396 2331 1460 2359 Post
1480 2332 1538 2358 luet:
1557 2331 1599 2358 vi-

812 2381 924 2408 deatnus
945 2387 1005 2414 qua:
1028 2379 1083 2406 sint
1106 2378 1230 2411 «futura,
1245 2388 1254 2405 ι
1273 2385 1333 2414 quae
1357 2377 1451 2405 volunt
1474 2377 1596 2412 quidem,

19 2468 41 2484 ⁸⁸
53 2468 136 2495 Rom.
151 2474 209 2497 vttt.
230 2466 275 2497 58,
291 2465 336 2493 39.
371 2465 394 2482 ⁸⁵
407 2465 415 2492 l
428 2463 490 2492 Cor.
505 2473 533 2497 tt,
546 2464 591 2492 15.
629 2463 651 2479 ⁸ο
663 2463 770 2491 Coloss.
781 2472 811 2495 tt,
830 2463 874 2491 l5.
900 2462 924 2484 'i
935 2461 1082 2497 Rom.):tt_t,
1094 2460 1139 2488 ‘22.
1177 2459 1200 2475 "
1212 2459 1226 2497 l7
1238 2459 1373 2497 Cor.__xv,
1387 2458 1439 2497 «26.
1478 2458 1501 2474 "
1515 2458 1593 2497 Bruti.

0 2523 5 2531 .
19 2487 387 2534 stt"“'-1i>';a..:f'.';.;,t.
407 2487 538 2527 suos:
548 2487 612 2534 '.;'..'..
628 2487 785 2527 sgf-7n.

835 2487 982 2530 .vt'tval.
1019 2487 1152 2530 "Ephes.
1169 2502 1204 2527 vt,
1219 2494 1261 2520 12.
1300 2493 1323 2509 ⁵⁸
1347 2487 1446 2521 ι’(ὶοτ.
1471 2501 1518 2526 xv,
1546 2493 1594 2521 21.

4 2537 83 2566 Joau.
98 2545 146 2570 xu,
160 2537 205 2564 51.
243 2536 266 2552 ⁸⁸
279 2536 377 2570 Ephes.
387 2534 481 2567 v1.12.
518 2535 540 2550 οι
558 2533 636 2561 Rom.
657 2541 718 2567 VIII,
739 2534 784 2562 59.

4 2592 57 2630 (η)
82 2591 170 2630 Editi,
187 2595 215 2630 e_t
231 2597 298 2618 mss.
321 2589 609 2630 plures_,_pe_rpera_m,
634 2598 644 2615 ι
663 2593 753 2630 tamen

0 2624 54 2655 diue
69 2627 192 2664 victoria:
204 2625 278 2654 locus
297 2631 358 2657 est;
374 2634 383 2664 ξ
403 2624 500 2652 deinde
510 2624 574 2664 editi
589 2645 597 2657 ,
621 2624 754 2664 «etiamsi

0 2671 61 2690 unes
80 2661 108 2689 in
129 2668 178 2688 nos
194 2680 201 2688 .
215 2680 222 2687 .
236 2681 242 2686 .
257 2681 263 2686 .
285 2660 413 2688 torserint
428 2679 436 2692 ,
459 2660 567 2694 quando
590 2667 605 2686 a
619 2659 754 2687 charitate

0 2697 15 2723 :i
32 2705 83 2725 nos
97 2696 211 2724 minime
224 2703 390 2729 separamur.
412 2704 421 2720 ι
446 2695 479 2722 Et
501 2699 611 2729 pastea,
628 2703 638 2720 ‹
658 2701 754 2729 quam-

0 2739 10 2758 ι
31 2733 128 2760 altiora
143 2731 289 2765 contigisse
307 2740 316 2756 ι
334 2730 397 2765 (ins.
414 2737 483 2757 ttuus
502 2738 512 2755 ‹
530 2729 700 2764 congessisse
717 2729 753 2763 ι),

0 2776 19 2793 ιι.
35 2767 89 2795 Sed
105 2764 228 2802 potiores
237 2770 264 2793 et
276 2764 404 2802 liabqnus
423 2769 453 2792 ut
465 2764 496 2802 in_
508 2770 603 2802 inpetro
617 2769 702 2802 textu.

4 2802 57 2838 (l3)
75 2798 121 2838 Si'c
131 2808 187 2838 ints.
202 2808 271 2827 ttuus
285 2799 384 2835 Regius
399 2808 472 2838 num.
578 2798 673 2826 Creteri
689 2805 753 2838 ver_o

0 2833 32 2864 ss.
44 2833 72 2865 et
87 2837 233 2868 “abantis,
253 2844 263 2861 ί
284 2833 363 2870 quam
378 2835 555 2870 expositionis
572 2839 672 2860 nostra}
693 2833 751 2860 suf-

0 2873 25 2899 .'it
40 2874 126 2900 virtus
140 2890 149 2899 ο
166 2891 173 2899 .
194 2889 200 2898 ι
215 2891 222 2899 .
240 2869 366 2898 admittit.
380 2880 388 2896 I
409 2870 478 2897 Evliti
496 2869 625 2904 plerique,
642 2878 650 2894 ι
670 2877 752 2903 cxpe-

809 2588 900 2616 sttionl
916 2588 959 2615 vel
977 2592 1072 2615 nostra
1088 2585 1186 2613 suilicit
1198 2585 1284 2612 virtus
1297 2602 1306 2612 .
1318 2602 1326 2610 .
1341 2603 1348 2611 .
1363 2603 1371 2611 .
1393 2585 1522 2612 admittit.
1546 2594 1556 2611 ι

844 2623 903 2658 (ll)
918 2623 998 2653 Editi.
1017 2631 1026 2648 ‹
1045 2630 1078 2649 an
1095 2621 1217 2656 quautam
1231 2628 1265 2647 ex
1280 2619 1345 2655 ipsis
1361 2620 1423 2655 (hoc
1437 2620 1509 2647 enim
1531 2625 1591 2647 stu—

808 2657 1027 2695 ὁίῥξῖλφξῳηιῃι)
1042 2658 1185 2695 humanas.
1205 2664 1270 2695 3‘"
1452 2692 1457 2695 Δ
1512 2689 1518 2695 ,

857 2689 908 2727 15)“
921 2692 971 2721 Ms.
990 2689 1089 2726 ltegius
1108 2699 1183 2718 num.
1203 2689 1283 2723 l639,
1301 2698 1310 2716 ι
1329 2697 1389 2725 qua:
1415 2689 1562 2724 potuerint.
1579 2696 1590 2716 ι

809 2727 911 2755 Deinde
927 2727 1004 2759 editi,
1019 2736 1028 2751 ι
1048 2727 1105 2754 haec
1120 2733 1210 2762 agere.
1230 2734 1239 2752 ι

826 2761 899 2804 ,(16)
918 2761 963 2789 Sic
979 2758 1060 2794 editi;
1078 2766 1106 2788 at
1123 2758 1188 2788 véro
1204 2768 1270 2788 mss.
1287 2767 1395 2793 omnes,
1411 2769 1420 2785 t
1434 2758 1506 2786 Mors
1520 2759 1592 2796 quod

806 2798 951 2895 d;?'t_l'.l)’Et
975 2835 1136 2865 potestatem.
1157 2829 1218 2859 lituo
1244 2830 1345 2859 desunt
1373 2831 1399 2858 in
1421 2829 1496 2858 libris
1511 2833 1590 2858 antea

806 2876 819 2895 c
841 2872 896 2895 itis.

805 2872 896 2896 CUIUS.
