1831 3052
9 100 76 128 1157

464 105 642 134 (ἹΟΜΜΕἈΤ.
665 105 697 134 IN
717 105 825 133 EPIST.

846 105 891 132 AD
910 104 994 132 R0“.
1016 103 1079 131 LIB.
1103 103 1148 131 VII
1559 107 1628 134 HM

7 161 70 188 teris
86 161 216 189 omnibus
231 162 322 190 carnis
346 162 449 190 insidire
475 163 651 191 formidamina
673 168 748 196 sunt,
765 167 791 191 et
805 166 830 195 Α
844 171 913 191 ttnus
929 163 1061 190 moriatur
1081 163 1162 189 homo
1186 168 1236 196 pro
1254 161 1373 197 populo,
1383 166 1410 189 et
1431 169 1483 189 non
1501 160 1625 189 uniuersi

7 205 48 232 ille
67 206 115 240 qui
133 206 167 233 de
182 206 258 234 nobis
275 208 397 241 procedit
411 207 497 235 hostis
514 208 571 242 ipse
586 209 721 235 cavendus
735 213 787 242 est,

4 251 89 278 donec
104 251 132 278 in
152 256 255 278 tantum
266 252 418 286 profectunt
432 253 521 280 veniat
537 253 638 285 anima,
653 258 681 280 ut
696 253 788 281 dulce-

5 297 65 323 dine
77 297 225 324 charitatis
244 297 299 325 Deo
316 297 439 330 astricta,
458 300 583 333 corporis
605 300 788 328 blandimenta

3 346 28 368 et
41 342 134 369 carnis
149 342 294 370 illecebras
309 343 485 371 abhorreseat
500 352 569 372 unus
584 352 644 371 cum
669 345 723 372 Deo
737 346 788 380 spi-

4 389 70 414 ritus
84 386 170 414 facta.

36 434 78 461 13.
97 433 269 462 tVeritatem
289 434 351 462 dico
377 434 404 462 in
430 434 552 468 Christo,
577 443 631 464 non
661 438 787 468 mentior.

4 480 185 507 testimonium
211 480 277 507 ntihi
301 481 463 515 perhibente
487 481 654 510 conscientia
680 491 738 511 mea
760 483 786 511 itt

3 526 100 560 Spirittt
115 530 224 558 sancto,
247 526 377 561 quoniam
393 526 503 555 tristitia
521 532 566 555 est
590 528 655 555 mihi
675 536 785 564 magna,

2 576 24 599 el
40 571 190 599 continuus
204 572 282 599 dolor
295 572 371 600 cordi
393 579 463 600 meo.
482 570 615 607 Optabam
631 573 703 601 enim
720 581 787 600 ana-

3 618 88 645 tltema
110 625 174 646 esse
197 618 255 653 ipse
275 625 326 654 ego
340 626 354 646 a
369 619 477 647 Christo
493 626 541 654 pro
561 619 691 646 fratribus
706 619 784 651 meis,

2 665 43 697 qui
62 669 126 691 sunt
147 664 254 699 cognati
279 664 331 692 tnei
348 665 495 692 secundum
509 672 631 696 carnem.
653 665 698 699 qui
722 671 787 693 sunt

2 709 138 742 Israelita},
157 717 274 745 quorum
292 710 404 745 adoptio
429 715 471 738 est
493 710 622 744 filiorum,
639 715 666 738 et
685 710 784 746 gloria.

2 760 26 783 ct
42 759 216 788 testamenta,
235 760 262 783 et
287 755 430 789 legislalio,
448 760 476 784 et
494 756 663 790 obsequium.
680 762 706 784 et
722 765 785 792 pro-

2 799 153 833 tnissioncs,
177 807 293 834 quorum
319 805 420 835 patres,
435 806 460 828 et
476 808 509 829 ex
526 801 625 836 quibus
639 802 694 836 ('55)
708 802 785 830 Chri-

2 851 52 872 stus
69 846 218 872 secuttdtntt
242 853 365 878 carnem,
379 847 424 881 qtti
444 850 485 874 est
500 854 582 882 super
600 848 692 875 omnia
714 848 784 876 Deus

2 892 153 919 benedictus
170 892 196 919 in
211 892 371 920 sa2cula.".t
385 892 484 922 Videtis
503 894 603 921 Paulus
615 895 687 929 quod
704 896 726 923 si
739 904 784 923 se-

2 938 110 966 cundum
125 945 158 965 ea
175 938 201 965 in
216 939 314 973 quibus
328 946 410 974 supra
431 941 634 977 exposuit(35),
656 942 729 968 nulla
745 942 782 975 vi,

2 983 151 1011 rmlestibus
163 983 205 1012 vel
220 984 409 1019 terrestribus,
426 987 606 1020 praesentibus
622 987 664 1014 vel
684 987 784 1016 futuris

2 1030 201 1058 adversantibus
223 1031 287 1062 sibi.
302 1031 388 1066 possit
402 1039 416 1058 a
429 1031 531 1059 Christi
547 1032 683 1060 charitatc
704 1041 785 1069 sopa-

2 1077 59 1109 rari,
73 1077 244 1104 contrarium
257 1081 285 1105 et
300 1077 459 1105 incredibile
474 1077 532 1105 vide
539 1083 613 1105 retur
626 1079 698 1114 quod
713 1087 783 1107 mute

2 1123 82 1150 dicere
97 1123 275 1158 proponebat,
292 1128 388 1158 optare
410 1131 440 1151 se
463 1131 477 1151 a
501 1125 612 1152 Christo
630 1133 710 1160 quem
727 1131 781 1154 tant

2 1169 210 1204 inseparabiliter
229 1169 370 1205 diligebat,
390 1171 536 1198 anathema
560 1171 629 1204 fieri,
652 1172 703 1200 hoc
729 1177 780 1206 est,

2 1214 110 1242 alienum
122 1215 212 1248 ellici;
229 1223 262 1242 ne
276 1216 410 1243 mendacii
427 1221 518 1244 notam
530 1217 584 1253 (56)
598 1217 689 1246 subire
705 1219 780 1246 vide—

2 1265 77 1293 retur.
95 1260 312 1289 satisfactionem
339 1262 491 1297 praemittit,
517 1267 546 1290 ut
562 1271 731 1300 nequaquam
746 1265 781 1293 de

2 1306 51 1339 ejus
67 1314 195 1336 sermone
214 1308 362 1341 dubitetur,
379 1314 408 1336 et
427 1309 514 1337 dicit:
530 1310 699 1339 «Veritatem
719 1312 781 1340 dico

2 1351 23 1379 iu
39 1352 155 1385 Christo,
172 1361 225 1381 non
248 1355 377 1387 mentior,
394 1356 580 1384 testimonium
598 1356 664 1384 ntihi
686 1357 779 1392 perhi-

2 1397 71 1425 lx-nle
83 1399 252 1427 conscientia
270 1407 328 1428 mea
354 1400 380 1428 in
398 1401 501 1437 Spiritu
520 1408 623 1431 sancto.
639 1412 648 1429 ›
671 1403 723 1431 Sed
740 1405 779 1431 vi.

2 1445 102 1472 ﬂeamus
117 1453 203 1482 quare
216 1447 324 1480 dixerit,
341 1456 351 1474 ι
364 1448 506 1476 veritatem
517 1449 578 1476 dico
593 1450 620 1477 in
636 1450 756 1483 Cltristo,
767 1459 776 1477 ι

2 1493 67 1525 [ιιιδεί
91 1494 238 1522 ostendens
262 1501 323 1522 esse
345 1494 463 1529 aliquam
482 1495 623 1523 veritatem
643 1504 702 1532 qut:
724 1505 777 1524 tton
792 1511 813 1540 α

3 1538 29 1564 lit
52 1538 77 1565 in
100 1538 221 1566 Christo.
248 1539 280 1566 Et
304 1539 365 1567 vide
391 1540 413 1568 si
440 1541 575 1575 possimus
597 1542 643 1569 tali
659 1543 776 1576 quodam

3 1583 68 1610 modo
84 1583 228 1611 veritatem
241 1592 301 1619 quae
324 1585 350 1612 iu
369 1584 478 1613 Christo
493 1591 545 1618 est,
559 1586 593 1613 ab
607 1594 636 1613 ea
649 1595 710 1622 qua:
724 1595 776 1614 non

3 1632 33 1654 ast
45 1628 69 1655 in
83 1629 204 1663 Christo,
220 1629 388 1665 distinguere
401 1639 408 1658 :
423 1630 487 1665 quia
500 1635 527 1658 et
541 1631 606 1659 alibi
622 1632 693 1659 idem
705 1632 777 1666 Apo-

3 1673 73 1702 stolus
90 1675 157 1702 dicit
172 1684 180 1702 :
194 1684 204 1702 ι
217 1675 263 1703 Est
278 1675 380 1704 veritas
398 1676 499 1704 Christi
519 1677 546 1703 in
570 1684 622 1709 tne,
641 1677 704 1711 quia
723 1685 775 1704 ttott

4 1721 103 1748 mentior
111 1721 163 1749 ⁷³.»
182 1720 290 1749 Veritas
310 1729 374 1757 ergo
387 1722 489 1750 CltriSti
511 1729 572 1750 esse
588 1722 723 1750 credenda
736 1727 777 1750 est

5 1765 39 1799 hi,
47 1766 88 1794 ubi
98 1772 164 1794 sunt
171 1766 227 1803 ('57)
235 1772 264 1795 et
273 1767 384 1803 reliquae
393 1768 507 1796 virtutes
515 1768 707 1803 quterristus
716 1775 777 1796 esse

4 1811 180 1840 lesrribuntur
194 1822 200 1840 :
215 1813 241 1840 id
256 1818 310 1846 est,
331 1813 375 1841 ubi
389 1813 507 1848 justitia,
522 1814 566 1841 ubi
588 1822 650 1849 pax,
667 1815 712 1841 ubi
735 1818 777 1841 est

4 1858 97 1885 verbum
112 1859 171 1892 Dei,
190 1859 226 1887 ibi
250 1865 292 1887 est
315 1864 340 1887 el
359 1859 460 1887 veritas
475 1859 589 1887 Christi.
612 1860 659 1888 Est
682 1866 774 1887 autent

5 1904 86 1932 veritas
106 1910 133 1932 ct
154 1905 181 1932 in
199 1905 362 1939 iniustitia"
377 1915 384 1932 :
398 1910 426 1932 ut
445 1905 480 1938 si,
499 1906 575 1933 verbi
592 1913 687 1938 causa,
703 1906 777 1933 dicas

5 1956 59 1982 nus,
74 1951 236 1979 drrmonium
260 1952 325 1979 illud
351 1951 496 1987 Pythonis,
516 1953 590 1986 quod
613 1952 641 1979 in
659 1952 774 1979 Actibus

5 1996 202 2029 lpostolornm"
226 1997 343 2024 refertur
370 1998 396 2024 in
423 1998 520 2024 ancilla
547 1998 663 2033 quadam
693 1998 772 2025 habi-

7 2047 69 2074 asse,
88 2048 115 2070 ct
137 2043 275 2070 clamasse
293 2047 356 2077 post
381 2043 530 2078 apostolos,
554 2044 616 2078 quia
637 2053 645 2069 ι
658 2044 684 2071 1ιί
704 2044 774 2071 servi

6 2086 35 2112 )ei
51 2088 146 2114 somnti
172 2094 247 2120 sunt,
266 2088 311 2122 qui
338 2088 504 2116 annuntiaut
524 2089 680 2116 hominibus
700 2090 770 2116 viam

6 2132 160 2165 )ci"t,erat
173 2134 273 2161 veritas
289 2134 315 2160 itt
334 2134 376 2162 his
393 2135 483 2162 verbis
496 2143 503 2161 :
516 2141 614 2161 verum,
626 2135 698 2162 enim
715 2139 775 2163 erat

6 2180 54 2205 mod
71 2179 214 2207 dicebatur
226 2188 235 2206 -.
252 2181 298 2207 sed
318 2188 371 2208 tton
385 2185 444 2208 erat
461 2180 512 2208 ista
528 2181 632 2208 veritas
649 2181 676 2208 in
693 2181 773 2208 Chrio
788 2184 810 2213 D

7 2228 44 2256 to;
60 2229 86 2251 et
105 2230 250 2260 propterea
268 2233 418 2253 cortversus
434 2226 467 2253 ad
484 2233 544 2253 eam
561 2225 662 2254 Paulus
680 2227 771 2255 dixit:

15 2269 179 2303 Obmutesee,
197 2276 226 2298 et
241 2272 284 2299 exi
303 2273 337 2298 ab
350 2279 381 2299 ea
391 2272 426 2299 ".
443 2281 452 2298 ι
471 2271 524 2299 Sed
540 2277 567 2300 et
587 2272 651 2300 illud
669 2273 772 2300 veritas

7 2314 38 2342 nit
58 2320 127 2350 quod
152 2317 222 2345 dixit
245 2317 431 2353 Caiphas(58)
450 2327 457 2346 :
479 2327 488 2345 ι
502 2318 617 2354 Expedit
639 2319 716 2347 vobis
742 2323 771 2346 ut

841 217 906 244 gens
923 213 1015 244 pereat
1027 207 1116 245 (39)"
1130 217 1136 235 :
1151 218 1160 234 ι
1175 208 1221 235 sed
1233 212 1320 235 tamen
1337 208 1385 235 ista
1393 208 1494 235 veritas
1513 216 1565 235 non
1578 208 1627 236 fuit
1642 229 1645 233 ,

840 255 867 282 in
876 250 994 282 Christo.
1004 254 1036 281 Et
1046 255 1105 282 ideo
1112 253 1265 289 Apostolus,
1274 253 1306 280 ad
1314 254 1517 282 distinctionem
1527 254 1625 282 verita-

841 301 874 329 tis
884 301 942 336 ejus
954 307 1014 336 qua
1021 305 1098 328 extra
1108 299 1245 328 Christum
1256 304 1308 333 est,
1318 307 1347 328 se
1356 300 1421 328 dicit
1430 300 1456 327 in
1465 300 1575 328 Christo
1587 300 1627 328 lo-

839 346 883 381 qui
895 346 1047 374 veritatem.
1061 345 1113 373 Sed
1125 351 1151 374 et
1163 346 1213 374 hoc
1226 347 1296 382 quod
1307 346 1370 373 dicit
1384 355 1390 373 :
1405 355 1414 372 ι
1427 345 1624 374 Testimonium

839 392 905 420 milti
913 391 1070 428 perhibente
1078 392 1245 420 conscientia
1253 399 1312 419 mea
1321 392 1347 418 in
1355 391 1455 426 Spiritu
1465 397 1568 423 sancto,
1577 392 1627 418 tsi-

838 437 927 464 milem
936 437 999 464 ntilti
1009 437 1108 465 habere
1117 437 1219 464 videtur
1227 436 1440 471 intelligentiam.
1450 436 1623 464 ltedditenim

836 483 916 519 611
934 483 1116 511 testimonium
1134 482 1299 510 cmtscientia
1315 482 1396 510 etiam
1411 483 1536 518 gentibus
1553 490 1561 515 ;
1577 489 1624 510 se-

837 529 1033 565 cundumquod
1051 529 1076 556 in
1090 529 1273 564 superioribus
1290 529 1359 556 idem
1379 530 1523 564 Apostolus
1533 531 1621 558 ait":

841 583 850 600 α
869 574 1066 602 Testimonium
1091 575 1222 602 reddente
1242 574 1283 601 eis
1307 575 1485 607 conscientia,
1502 580 1528 603 et
1553 576 1624 603 inter

837 629 868 648 se
891 620 1006 648 invicem
1035 621 1230 656 cogitationum
1257 621 1517 654 θεοιιςειιιιὶιιιιινςιιιι
1539 622 1621 649 etiam

837 665 1051 692 defendentium.
1072 674 1081 690 ι
1095 663 1122 691 ltt
1134 664 1187 692 illis
1207 671 1273 700 ergo
1290 665 1315 691 itt
1331 665 1429 700 quibus
1443 665 1623 699 cogitationes

836 719 894 738 suae
912 712 1014 738 habent
1036 710 1138 745 aliquid
1155 710 1226 744 quod
1243 714 1384 743 accusent,
1405 715 1431 737 et
1443 710 1621 737 .conscieutia

835 757 868 784 ad
887 757 1071 784 testimonium
1098 755 1182 787 venit,
1210 762 1264 782 nou
1284 759 1374 789 potest
1399 755 1452 782 dici
1479 755 1551 789 quod
1574 762 1624 788 pro

837 801 917 829 malis
944 801 1050 828 actibus
1075 801 1132 836 (40)
1160 801 1187 827 in
1219 800 1321 836 Spiritu
1338 805 1434 828 sancto
1453 799 1622 828 conscientia

801 842 822 870 Β
837 847 1021 875 testimonium
1039 846 1145 874 reddat.
1164 845 1192 873 lu
1208 845 1338 881 Apostolo
1361 853 1426 874 vero
1449 845 1496 874 ubi
1518 846 1622 880 cogita-

834 894 871 920 tio
883 893 941 928 jam
956 901 1009 921 non
1026 892 1111 920 habet
1126 892 1198 927 quod
1214 897 1334 924 accuset,
1351 897 1426 920 recte
1451 891 1620 920 conscientia

821 940 860 968 .iu
873 939 974 974 Spiritu
993 944 1091 966 sancto
1118 938 1309 966 testimonium
1327 938 1426 966 reddit.
1440 938 1508 966 Vide
1527 943 1618 965 tamen

833 986 1049 1022 magnitudinem
1068 986 1188 1020 pectoris
1206 985 1402 1020 apostoliciaA
1420 985 1468 1014 Dei
1486 985 1620 1013 charitate

833 1041 885 1059 non
904 1037 994 1067 potest
1010 1032 1131 1067 separari
1146 1040 1152 1059 :
1172 1033 1245 1067 qttod
1260 1031 1392 1066 loquitur,
1409 1032 1436 1059 in
1452 1032 1565 1060 Christo
1581 1031 1621 1059 lo-

832 1078 927 1112 quitur
946 1077 1002 1112 (M)
1027 1086 1034 1104 :
1056 1077 1127 1111 quod
1154 1076 1181 1104 in
1205 1075 1372 1103 conscientia
1396 1075 1490 1108 habet,
1516 1074 1619 1110 Spiritu

832 1128 928 1151 sancto
943 1123 1108 1150 centinetur.
1131 1121 1194 1155 Qui,
1214 1129 1316 1156 qumso,
1340 1121 1414 1154 cmli,
1442 1121 1488 1156 qui
1514 1121 1616 1153 throni,

832 1177 893 1205 qua;
909 1168 1085 1204 amplissimae
1108 1167 1237 1195 virtutum
1256 1167 1408 1194 caelestium
1433 1172 1537 1194 mentes
1562 1171 1616 1194 tant

831 1215 928 1250 amplis
942 1215 1051 1242 sedibus
1067 1219 1150 1241 totant
1167 1218 1296 1248 poterunt
1324 1219 1421 1248 capere
1438 1212 1618 1240 Trinitatem?

833 1271 842 1289 ι
862 1263 1005 1296 Quoniam,
1035 1261 1133 1297 inquit,
1162 1261 1272 1288 tristitia
1299 1264 1342 1288 est
1365 1261 1432 1288 ntihi
1459 1267 1572 1295 magna,
1590 1265 1618 1287 et

831 1307 978 1336 continuus
992 1307 1067 1334 dolor
1087 1305 1161 1334 cordi
1180 1312 1254 1334 meo.
1272 1315 1282 1332 ι
1302 1306 1377 1338 Esto,
1403 1306 1505 1333 habeas
1530 1306 1616 1332 tristi-

832 1354 895 1382 tiam
910 1362 917 1380 :
933 1358 1003 1385 esto,
1020 1353 1139 1380 dolorem
1157 1353 1248 1387 capias
1272 1352 1305 1380 de
1323 1352 1476 1386 perditione
1501 1351 1616 1378 fratrunt

832 1405 941 1427 tuornnt
976 1408 986 1425 ι
1009 1399 1055 1434 qtti
1073 1403 1136 1426 sunt
1152 1398 1259 1433 cognati
1285 1398 1435 1425 secundum
1451 1405 1584 1425 carnem:
1603 1406 1615 1422 ι

831 1446 953 1481 nunquid
966 1453 1000 1473 co
1017 1452 1101 1480 usque
1114 1449 1143 1472 ut
1159 1448 1236 1479 optes
1251 1445 1394 1472 anathema
1418 1444 1476 1471 fieri
1497 1451 1513 1471 a
1536 1444 1618 1471 Chrie

831 1492 894 1519 sto?
911 1491 944 1519 Et
958 1492 1023 1527 quid
1037 1491 1084 1519 tibi
1103 1492 1212 1526 prodest
1229 1490 1336 1518 illorum
1353 1490 1437 1524 salus,
1453 1490 1475 1517 si
1492 1495 1519 1517 tu
1535 1497 1550 1517 a
1571 1498 1616 1518 sa-

829 1538 884 1565 lute
900 1537 1057 1573 separeris?
1073 1541 1099 1564 et
1116 1537 1180 1573 quid
1193 1536 1314 1564 salvabis
1331 1536 1399 1564 alios
1421 1535 1490 1572 (Ω),
1512 1536 1535 1563 si
1559 1536 1617 1571 ipse

829 1592 923 1620 pereas
935 1585 947 1612 ’1
959 1584 1028 1617 Non,
1045 1584 1144 1620 inquit,
1159 1585 1195 1612 ita
1213 1589 1255 1612 est
1270 1584 1346 1620 (t5):
1365 1584 1411 1612 sed
1429 1591 1479 1619 ego
1502 1584 1582 1611 didici
1600 1591 1633 1611 ι.

828 1630 960 1665 Magistro
976 1634 1003 1658 et
1024 1630 1138 1658 Domino
1155 1637 1225 1663 meo,
1254 1630 1317 1665 quia
1334 1639 1344 1656 α
1356 1630 1406 1665 qui
1425 1630 1482 1657 vult
1496 1630 1615 1657 animam
1631 1648 1633 1651 -

827 1684 905 1703 suam
922 1675 1024 1703 salvam
1040 1675 1143 1709 facere,
1161 1677 1254 1711 perdet
1268 1683 1328 1704 eam
1344 1684 1368 1708 ;.
1382 1681 1408 1704 et
1426 1677 1471 1711 qui
1490 1677 1617 1712 perdide-

827 1721 863 1748 rit
888 1728 961 1754 eam,
986 1722 1105 1748 inveniet
1126 1729 1186 1749 eam
1212 1721 1247 1748 “.
1263 1721 1369 1755 LQtlld
1393 1729 1460 1756 ergo
1476 1722 1575 1749 tnirttm
1592 1722 1616 1749 si
1633 1743 1637 1746 .

826 1768 970 1803 Apostolus
986 1776 1037 1804 pro
1053 1768 1186 1795 fratribus
1207 1767 1264 1795 suis
1285 1768 1429 1795 anathema
1452 1767 1512 1795 fieri
1538 1768 1615 1801 velit,

826 1815 872 1849 qui
890 1814 960 1842 sciat
977 1821 1038 1841 eum
1052 1813 1097 1848 qui
1113 1820 1173 1841 erat
1192 1813 1218 1840 in
1236 1813 1323 1840 forma
1338 1813 1396 1845 Dei,
1412 1813 1570 1841 exinanisse
1584 1821 1633 1841 se»

825 1857 858 1884 de
885 1864 929 1889 ea,
946 1864 979 1885 ac
1003 1857 1156 1892 suscepisse
1178 1856 1291 1884 formant
1315 1857 1388 1884 servi
1408 1857 1443 1890 ⁶¹,
1463 1861 1491 1884 et
1514 1857 1615 1885 factum

825 1910 885 1931 esse
908 1911 957 1938 pro
975 1904 1052 1931 nobis
1068 1903 1243 1931 ntaledictum
1259 1904 1282 1921 ⁸¹
1303 1904 1315 1932 1'
1338 1904 1409 1938 Quid
1433 1912 1500 1940 ergo
1516 1906 1615 1933 mirum

825 1950 847 1976 si
870 1957 932 1976 cum
963 1950 1093 1977 Dontinus
1119 1958 1167 1985 pro
1193 1950 1281 1979 servis
1316 1951 1490 1979 maledictum
1525 1951 1616 1980 factus

825 1995 860 2022 sit
874 1995 941 2032 (ιιι),
958 2003 1053 2023 servus
1069 2003 1118 2030 pro
1136 1996 1268 2025 fratribus
1290 1997 1437 2025 anathema
1453 1997 1502 2026 fiat
1523 1998 1536 2025 ἲ
1559 1997 1616 2025 Hoc

825 2045 916 2067 autem
935 2041 1054 2068 arbitror
1069 2048 1131 2069 esse
1144 2042 1216 2077 quod
1231 2046 1259 2069 et
1275 2041 1395 2078 Moyses,
1417 2051 1478 2071 cuttt
1503 2051 1614 2078 peccas-

824 2091 867 2114 set
881 2086 1010 2121 populus,
1028 2086 1136 2114 dicebat
1153 2088 1187 2115 ad
1203 2088 1347 2116 Dominum
1364 2088 1407 2116 ":
1426 2098 1435 2115 ι
1453 2089 1486 2116 Ει
1500 2097 1572 2117 nunc
1589 2091 1613 2117 si

824 2134 933 2166 quidem
955 2133 1070 2161 remittis
1083 2134 1124 2162 eis
1139 2140 1293 2170 peccatum,
1308 2136 1434 2164 remitte:
1452 2137 1493 2164 sin
1510 2141 1614 2169 autent,

825 2179 884 2206 dele
898 2186 941 2206 me
955 2180 988 2207 de
1003 2179 1074 2207 libro
1090 2180 1152 2207 vitae
1165 2188 1246 2215 quem
1263 2181 1411 2217 scripsisti.
1422 2191 1431 2209 ι
1446 2181 1514 2216 Quid
1527 2183 1615 2217 ergo?

823 2224 989 2252 Inferioreut
1001 2225 1041 2252 vis
1057 2224 1149 2261 Moyse
1162 2226 1276 2254 Paulum
1293 2227 1379 2254 videri
1391 2228 1402 2254 ἳ
1416 2227 1463 2255 Ille
1485 2235 1514 2255 se
1528 2228 1614 2255 delevi

825 2271 893 2305 petit
907 2273 940 2298 de
953 2271 1024 2298 libro
1040 2272 1102 2299 vita:
1118 2280 1168 2307 pro
1187 2272 1319 2301 fratribus
1333 2273 1390 2301 suis
1401 2282 1421 2306 -;
1442 2273 1542 2302 Paulus
1558 2282 1614 2302 non

825 2320 906 2347 debet
930 2325 1028 2355 optare
1051 2319 1198 2346 anathema
1219 2326 1280 2346 esse
1303 2327 1351 2355 pro
1376 2320 1507 2348 fratribus
1529 2320 1613 2348 suis?

22 2385 42 2401 "
54 2385 171 2426 [3912.II,
183 2388 193 2415 1
203 2388 295 2426 seq._"
306 2388 405 2426 li_Cr_tr.
419 2397 456 2420 xl,
471 2389 513 2416 10.
530 2389 574 2426 λδ
584 2388 696 2426 ﬂoruit,

851 2395 887 2426 ct.
902 2397 958 2426 xvi.
972 2390 1016 2426 iii,
1055 2388 1078 2404 "‘
1090 2388 1159 2426 ibid._
1169 2389 1230 2426 l‘~7._r
1246 2390 1274 2426 ζ’
1289 2389 1355 2417 ibid.
1368 2391 1410 2419 l8.
1449 2392 1472 2407 ⁷⁸
1485 2391 1614 2426 Ιοιιη.ιιτ

8 2418 30 2446 0.
64 2421 85 2438 ”
99 2418 178 2449 Rom.
192 2431 224 2455 ιι,
237 2418 281 2450 15.
319 2424 342 2440 ⁸⁹
354 2423 438 2451 Mare.
450 2418 508 2457 vm,
529 2424 575 2452 54.
612 2424 634 2440 ⁸⁸
657 2418 761 2460 Philip.
779 2432 810 2457 tt,

22 2477 182 2517 (54)‘Editi.
206 2487 255 2509 «et
284 2486 488 2514 testamentum,
513 2487 538 2510 et
567 2482 711 2517 legislatio.
740 2488 768 2510 et

8 2510 149 2553 bsequium.
164 2510 191 2543 et
203 2518 347 2553 promissa,
359 2510 578 2552 quorum'patres
588 2510 624 2544 Ex
633 2510 742 2553 quibus.
756 2528 765 2544 ι

9 2550 20 2571 ηι
34 2553 88 2580 post
104 2559 113 2576 ‹
126 2550 153 2578 in
171 2552 269 2578 stnenla
282 2561 291 2577 ι
308 2550 411 2579 addunt
435 2562 445 2578 I
456 2550 628 2580 seculorum.
642 2550 739 2585 Anien,
754 2563 764 2580 ι

11 2588 44 2607 "at
68 2590 204 2617 postrema
224 2587 306 2614 verba
329 2588 492 2614 omittuntur
517 2587 544 2614 in
567 2595 633 2615 mss.
655 2589 764 2616 nostris.

22 2617 72 2657 (35)
91 2619 137 2657 Hs.
152 2629 233 2657 unus,
251 2631 260 2647 ι
276 2623 423 2649 secundum
437 2629 470 2649 ea
484 2629 544 2656 quat
556 2630 635 2657 supra
648 2624 744 2656 posuit.
754 2632 763 2649 ι

9 2653 81 2690 leiude
102 2655 166 2682 editi
194 2663 356 2690 perperant,
386 2665 395 2682 ι
425 2653 501 2684 nulla
519 2657 544 2683 in
560 2653 764 2686 ctislesiibus....

9 2684 186 2727 dfff‘sztutibus
195 2684 263 2722 sibi,
272 2684 397 2727 creatura
410 2691 541 2725 possit....
551 2692 700 2727 separari”
712 2684 766 2721 etc.

21 2720 71 2757 (ξε)
88 2724 168 2757 Editi,
187 2734 198 2751 ‹
212 2731 239 2753 ct
253 2720 384 2753 mendacii
400 2720 503 2754 notant.
522 2735 531 2752 ι

22 2756 72 2795 QZ)
86 2756 166 2795 §unt.
184 2760 265 2788 Deest
279 2761 305 2788 in
321 2761 402 2789 editis
413 2767 441 2788 et
453 2761 480 2788 in
496 2760 632 2795 plerisque
647 2769 712 2790 mss.

22 2789 73 2832 {iis}
85 2792 167 2832 ξιιιιι,
183 2804 193 2820 ‹
207 2799 266 2823 erat
285 2796 435 2832 quoddixil
449 2789 576 2832 caihttas.
589 2789 606 2822 ἰ

23 2826 74 2859 (39)
90 2828 134 2858 Sic
151 2826 203 2858 ms.
226 2826 308 2864 unus,
330 2831 395 2859 editi
418 2835 445 2860 et
469 2826 605 2860 Rabanus.
621 2830 684 2860 Mss.
702 2839 766 2862 vero

824 2425 851 2458 6,
866 2424 893 2452 7.
931 2425 954 2441 ⁸⁸
965 2425 1055 2453 Galat.
1073 2431 1113 2455 ιιι,
1129 2423 1171 2450 15.
1210 2424 1233 2440 ⁸³
1244 2424 1329 2453 Exod.
1346 2434 1432 2460 xxxii,
1453 2427 1498 2461 51,
1513 2427 1558 2456 52.

822 2483 945 2519 quidam,
966 2494 975 2510 ι
996 2489 1049 2512 tota
1064 2492 1129 2519 gens
1143 2490 1245 2518 pereat.
1267 2495 1276 2512 ι

858 2519 1010 2554 (ΑυλΕιΙὶιί,
1027 2527 1038 2546 t
1053 2525 1184 2554 proquot
1198 2521 1276 2548 malis
1289 2521 1407 2550 actibus.
1422 2531 1432 2547 ι

859 2554 916 2588 (41)
932 2555 979 2581 Sic
992 2562 1042 2582 ms.
1062 2562 1131 2581 unus
1145 2560 1171 2581 et
1189 2554 1326 2585 Rabanus.
1341 2556 1411 2583 Editi
1422 2565 1489 2584 vero
1499 2562 1526 2584 et
1541 2566 1609 2587 mss.

821 2589 942 2626 plerique
959 2597 1099 2624 perperam
1118 2591 1230 2623 habent,
1247 2599 1256 2613 σ
1273 2591 1349 2624 Quod
1372 2591 1478 2626 loquor,
1492 2593 1520 2620 in
1532 2593 1612 2621 Chri—

820 2630 863 2651 sto
878 2624 986 2658 loquor,
1005 2633 1014 2650 I
1036 2630 1063 2651 et
1079 2630 1185 2660 postca,
1213 2634 1223 2651 ι
1244 2626 1270 2653 itt
1285 2627 1390 2661 Spiritu
1407 2624 1502 2655 saneto
1522 2630 1611 2656 couti-

818 2664 908 2687 netur.
928 2669 937 2685 I

869 2693 914 2733 ξιξ)
930 2693 1014 2725 Editi,
1036 2703 1045 2720 ι
1057 2698 1083 2721 et
1101 2701 1149 2722 cur
1160 2695 1280 2733 salt-abis
1296 2696 1374 2725 alios.
1391 2706 1400 2723 ι
1418 2697 1481 2725 Mss.
1497 2699 1609 2733 quidam

821 2733 849 2756 et
863 2730 1004 2760 Rabanus,
1025 2737 1034 2754 ε
1050 2733 1076 2755 et
1093 2730 1165 2763 quod
1186 2731 1304 2758 salvabis
1318 2733 1394 2758 alios.
1414 2742 1423 2758 ι

857 2763 913 2798 (43)
930 2763 1012 2796 Editi,
1028 2775 1037 2790 ι
1055 2763 1180 2798 Nunquid
1196 2766 1231 2792 ita
1247 2772 1287 2794 est
1299 2767 1310 2792 ’ἓ
1327 2776 1335 2793 ι
1358 2768 1408 2794 mal

856 2798 912 2834 (ιι)
923 2798 1013 2837 Editi,
1030 2807 1039 2824 t
1053 2799 1217 2837 sit_factunt.
1236 2810 1245 2827 ι
1264 2801 1293 2829 ΕΙ
1310 2807 1402 2837 postea

822 2836 875 2863 tem
890 2833 1009 2863 arbitror
1026 2834 1109 2868 quod,
1134 2843 1141 2860 ι
1158 2840 1212 2863 ctc.
