1831 3052
217 108 287 138 H39

935 102 1028 131 ORIGI

1077 102 1095 130 S
1769 96 1809 125 iiii

219 172 272 199 Sed
294 171 412 198 fortasse
434 169 507 196 dicat
533 167 643 202 aliquis,
672 166 733 201 quia
755 165 860 201 Moyses
876 165 928 192 hoc
947 164 1013 191 oﬁe—
1028 167 1049 195 Α
1065 162 1231 198 propitiatus
1248 161 1319 189 Deus
1335 159 1391 195 (55)
1419 158 1556 186 revocavit
1570 164 1630 189 eos,
1642 162 1667 184 et
1685 157 1712 184 in
1727 157 1811 184 hered-

220 225 295 247 retis,
317 215 431 242 salutem
457 213 557 248 populo
583 211 683 239 meruit
704 211 852 246 impetrare
880 217 888 238 τ
910 210 1009 238 Paulus

221 271 286 290 vero
304 265 381 296 optat
403 260 523 294 quidem.
553 259 601 286 sed
625 265 678 285 non
694 261 738 285 est
757 257 877 286 auditus.
897 256 968 291 Quid
986 256 1010 284 si

222 307 363 334 ostendam
381 305 429 332 tibi
451 305 538 339 magis
555 303 671 331 Paulum
689 302 811 330 auditum
830 309 902 335 esse,
928 308 1010 337 quam

222 352 356 389 Moysen?
373 351 472 379 Omnes
490 351 562 378 enim
575 349 612 378 illi
625 349 672 386 qui
688 356 737 385 per
758 348 870 384 Moysen
888 347 1011 376 exierant

223 402 256 426 de
279 397 397 434 λειω)ιο
424 396 492 432 (45),
517 396 673 424 ceciderunt
701 395 728 423 in
755 395 875 422 deserto.
907 393 1010 422 Posteri

222 452 288 472 vero
303 452 398 472 eorum
416 444 461 479 qui
478 449 581 471 terram
597 442 820 478 repromissionis
834 441 1011 477 acceperunt,

223 491 304 518 etiam
325 497 397 517 nunc
411 494 544 525 vagantur
561 490 617 526 (46)
635 491 669 517 ab
693 497 726 517 ea
743 490 852 517 exsules
872 493 899 516 et
921 492 1013 516 exter-

224 545 277 564 res.
295 536 395 564 Paulus
410 542 474 563 vero
488 535 550 563 audi
564 535 628 571 quid
644 536 717 563 dicat
740 535 773 563 de
790 534 876 562 Israel
894 543 901 561 :
918 543 928 559 ς
945 532 1012 561 Nolo

224 591 282 615 vos,
300 583 398 618 inquit,
411 582 550 618 ignorare,
564 582 674 615 fratres,
691 581 852 617 mysterium
869 580 931 613 hoc,
949 579 1012 614 quia

223 630 333 658 caecitas
348 636 380 656 ex
397 634 474 664 parte
495 628 587 656 lsraeli
604 628 721 664 contigit
734 626 803 663 (47),
821 626 907 654 donec
927 625 1014 661 pleni-

225 677 290 703 tudo
306 675 428 711 gentium
443 675 623 707 subintraret,
647 678 673 701 et
697 673 737 701 sic
751 672 840 700 omnis
861 671 943 700 Israel
960 671 1014 699 sal-

223 730 273 749 \‘tls
290 723 366 748 fleret
383 721 418 747 δ”.
438 730 447 747 ι
473 720 554 749 Vides
567 727 632 756 ergo
647 720 711 754 quia
730 719 873 748 exauditus
888 722 930 745 est
944 717 1015 745 Pau-

225 769 266 796 lus
289 774 316 796 et
334 768 396 803 quia
420 775 451 795 se
474 766 574 795 obtulit
595 767 750 798 anathema,
778 765 893 794 salutem
916 764 1015 792 meruit

223 814 364 842 fratribus.
383 814 415 841 Et
429 814 489 842 ideo
513 813 580 840 mihi
606 812 718 840 videtur
732 812 778 840 illa
793 813 884 839 omnia
905 810 1013 846 praemi-

224 862 303 892 sisse,
317 861 388 896 quod
401 860 473 888 nulla
488 861 513 887 vi
527 859 635 895 possita
646 859 692 887 Dei
703 858 838 886 charitate
848 858 936 886 divelli
945 857 1012 892 (48),
1030 850 1050 877 Β

225 913 251 934 ιιι
266 915 326 934 cum
344 913 374 933 se
388 905 467 934 oll‘ert
484 904 633 933 anathema
648 911 697 939 pro
721 904 855 931 fratribus
869 903 941 934 suis,
958 910 1012 930 nou

225 951 329 987 lapsum
345 952 403 986 ejus
419 950 578 986 possibilem
599 950 707 985 judices
724 957 732 977 :
749 950 797 978 sed
815 949 886 978 sicut
908 948 953 976 ille
969 947 1014 983 qni

225 999 415 1033 inseparabilis
432 1005 446 1025 a
467 998 546 1025 Patre
559 1000 602 1024 est
627 1004 675 1032 per
694 1003 832 1029 naturam,
853 1000 880 1023 et
900 995 1013 1022 immor-

226 1045 287 1072 talis
304 1045 330 1071 in
350 1048 465 1071 mortem
481 1043 567 1076 venit,
585 1047 611 1071 et
628 1043 654 1070 in
671 1042 778 1071 inferna
793 1042 949 1074 descendit;
975 1040 1013 1067 ita

224 1096 252 1117 et
268 1089 319 1116 iste
332 1089 466 1116 ituitando
481 1089 657 1124 magistrum,
673 1095 734 1115 cum
751 1086 873 1122 separari
888 1094 902 1113 a
915 1085 1015 1113 Christi

226 1137 362 1163 charitatc
376 1142 431 1163 non
450 1134 548 1171 possit.
567 1143 582 1162 a
598 1134 711 1162 Christo
735 1133 880 1161 anathema
901 1133 949 1160 ﬁat
967 1139 1016 1167 pro

225 1182 357 1210 fratribus
378 1181 445 1213 suis.
469 1181 613 1209 devotione
640 1180 744 1215 utique,
775 1187 830 1206 non
854 1179 1016 1214 prievarica-

227 1231 311 1257 tione.
326 1228 403 1262 Quod
419 1232 509 1256 autem
525 1237 534 1254 ι
554 1227 664 1263 cognati
679 1226 831 1255 secundum
845 1224 989 1253 carnem"
1004 1233 1014 1250 ι

226 1277 281 1304 siut
301 1275 384 1303 Paulo
401 1274 542 1307 Israelita’,
553 1273 722 1309 expositione
738 1280 790 1300 non
804 1272 914 1307 indiget.
927 1281 936 1297 ι
949 1270 1019 1305 Quo-

226 1329 299 1352 rum,
320 1321 418 1356 inquit,
445 1319 558 1355 adoptio
583 1324 625 1348 est
653 1318 712 1354 (49)
735 1318 852 1346 ﬁliorum
866 1318 899 1346 ⁸⁸.
926 1327 935 1344 ι
960 1317 1017 1344 Ad-

225 1369 310 1402 optati
327 1367 426 1394 etenim
441 1371 505 1395 sunt
520 1366 566 1394 ﬁlii
579 1365 663 1394 Israel
677 1373 692 1392 a
707 1366 761 1393 Deo
775 1370 839 1393 tunc
851 1374 860 1391 ι
876 1373 937 1393 cum
949 1365 1018 1392 divi.

228 1415 302 1440 ili-ret
317 1413 447 1441 Excelsus
461 1417 566 1448 gentes,
595 1416 624 1439 et
653 1412 823 1447 dispergeret
844 1412 914 1439 ﬁlios
930 1412 1018 1439 Adam

229 1460 377 1487 secundum
403 1466 547 1486 numerum
573 1458 733 1494 angelorum
749 1458 797 1485 Dei
824 1458 894 1494 (50),
907 1463 932 1486 et
948 1457 1019 1486 facta

229 1511 270 1532 est
286 1505 374 1539 portio
396 1504 504 1531 Domini
531 1503 627 1536 Jacob,
643 1508 669 1531 et
685 1503 823 1531 funiculus
850 1504 1019 1531 hatreditatis

228 1551 289 1585 ejus
306 1550 389 1578 Israel
405 1550 440 1578 ⁸⁷.
461 1559 470 1576 ι
487 1550 540 1578 Ista
559 1555 602 1578 est
616 1557 682 1585 ergo
697 1550 806 1585 adaptio
822 1550 951 1578 ﬁliorum.
964 1559 974 1576 ι
987 1550 1020 1578 Ει

228 1597 327 1633 gloria,
343 1602 370 1624 et
385 1601 546 1624 testamenta
558 1595 820 1632 (5!),etlegislatio.
841 1605 852 1623 ι
881 1596 918 1624 De
935 1596 1019 1632 gloria

230 1644 291 1670 lata:
314 1643 379 1678 legis
395 1642 533 1678 saepeiam
549 1643 651 1670 dictum
668 1647 722 1675 est,
737 1642 808 1670 sicut
821 1647 849 1670 et
866 1642 924 1678 ipse
945 1642 1021 1678 Apo-

230 1689 317 1716 stolus
334 1689 399 1716 dicit
415 1697 422 1715 :
440 1697 452 1713 ι
470 1687 499 1716 Si
520 1688 593 1715 enim
612 1687 683 1722 quod
708 1692 867 1720 evacuatur,
892 1695 943 1723 per
963 1687 1022 1723 glo-

235 1737 300 1762 riam
317 1740 371 1768 est,
393 1744 402 1761 ι
422 1735 473 1762 lioc
490 1739 532 1762 est
548 1733 631 1762 Vetus
657 1733 878 1769 Testamentum,
903 1744 913 1762 ι
937 1735 1022 1763 multo

234 1782 319 1817 magis
334 1783 407 1817 quod
426 1785 528 1814 manet,
556 1781 583 1807 in
615 1779 701 1816 gloria
723 1785 765 1809 est
788 1781 823 1815 ⁸⁸,
842 1791 852 1808 ι
882 1781 1022 1817 Evangelii

231 1828 335 1856 scilicet
347 1828 514 1862 praediciitio.
540 1827 593 1855 Sed
618 1827 691 1862 quod
720 1827 795 1860 dicit,
815 1837 824 1854 ι
844 1826 1021 1856 Testamenta

233 1880 258 1903 et
275 1874 420 1910 legislatio,
442 1883 452 1900 ι
470 1881 555 1901 unum
573 1872 691 1901 fortasse
705 1873 797 1901 dicere
814 1874 953 1902 videatur.
966 1874 1020 1901 Lex

230 1923 303 1949 enim
321 1929 381 1956 quae
397 1921 450 1948 lata
463 1926 515 1953 est,
532 1921 592 1956 ipsa
607 1921 692 1948 etiarn
706 1919 913 1948 Testamentum
929 1921 1022 1956 appel-

232 1969 317 1996 latur.
334 1968 387 1995 Sed
406 1975 457 2002 ego
473 1968 545 1995 hanc
559 1974 620 1995 esse
635 1965 839 1994 distinctionem
855 1972 932 2002 puto,
949 1968 1022 2002 quod

234 2010 369 2049 legislatio
388 2013 498 2048 quidem
512 2012 595 2040 fuerit
615 2019 682 2046 una,
708 2016 735 2039 et
752 2013 838 2040 semel
855 2012 948 2041 habita
974 2021 1027 2049 per

231 2061 363 2096 Moysen;
380 2063 544 2087 testamenta
571 2066 637 2086 vero
655 2057 711 2094 (52)
737 2057 897 2094 frequenter
919 2063 1021 2086 statuta

231 2112 306 2135 sunt.
323 2105 438 2140 Quoties
455 2105 528 2133 enim
552 2109 746 2139 peccaverunt,
771 2109 798 2132 et
821 2104 920 2139 abiecti
948 2110 1022 2138 sunt,

232 2154 314 2181 toties
325 2152 492 2180 exhaeredati
508 2150 645 2178 videntur.
665 2149 698 2178 Et
718 2157 842 2182 rursum,
856 2151 964 2185 quoties
979 2158 1023 2178 re-

284 2200 308 2217 "
321 2200 399 2227 Rom.
411 2207 450 2232 χι,
463 2199 508 2229 25.
525 2198 571 2226 ‘26.
611 2198 633 2214 "
643 2199 719 2225 Rom.
737 2206 774 2229 ix.
787 2198 813 2225 5.
852 2199 875 2214 δ’
888 2199 952 2228 ibid.
977 2200 1005 2227 4.

298 2236 322 2252 ⁸⁸
337 2235 409 2263 Ose.
424 2234 520 2266 ix,12.
559 2234 580 2250 ν’
596 2233 661 2261 Luc.
685 2242 714 2264 ιι,
734 2233 780 2260 54.
837 2234 860 2250 "
871 2233 944 2264 Psal,
961 2243 1027 2268 xvii,

1077 2197 1154 2226 Deut.
1168 2204 1257 2228 xxxii.
1271 2195 1297 2229 8,
1312 2195 1339 2223 9.

1074 2235 1090 2262 ἓ.
1145 2233 1169 2249 ’³
1180 2232 1260 2260 Rom.
1274 2229 1339 2264 ix,5

233 2237 262 2264 'It
298 2236 322 2252 ’°
337 2234 520 2266 Ose.ix,12.
559 2234 580 2250 ν’
596 2233 661 2261 Luc.
685 2242 714 2264 ιι,
734 2233 780 2260 54.

234 2271 260 2299 5.
298 2271 343 2298 ⁹⁶Ι
357 2271 421 2298 Cor.
432 2278 492 2303 vui,
504 2269 530 2297 6.
569 2270 590 2286 "
606 2269 675 2297 Psal.
689 2276 763 2301 xcu.
776 2269 802 2296 3.

1063 213 1143 236 tatem
1171 215 1227 235 sum
1251 206 1434 242 possessionis
1459 204 1581 238 adduxit,
1599 203 1676 231 toties
1703 209 1811 238 repensa.

1062 260 1238 288 testamenta,
1266 259 1292 282 ct
1310 254 1432 282 haeredes
1457 261 1504 281 eos
1528 252 1670 288 scripsisse
1695 250 1813 278 credendus

1061 306 1113 329 est.
1132 311 1140 327 I
1156 301 1189 329 Et
1204 301 1377 336 obsequium,
1390 304 1418 327 et
1433 298 1637 334 promissiones.
1653 307 1662 324 ο
1680 295 1813 331 Obsequium

1063 347 1242 376 sacerdotalia
1263 347 1330 374 dicit
1344 345 1432 374 oilicia
1454 355 1460 373 :
1487 344 1569 381 612
1588 352 1598 370 ι
1616 343 1811 379 promissione,»

1062 403 1132 430 qua;
1150 395 1274 430 patribus
1302 393 1381 421 factae
1403 397 1477 425 sunt,
1495 396 1521 419 et
1537 395 1681 426 sperantur
1698 390 1779 417 danda
1788 390 1815 417 hi5

1063 442 1108 477 qui
1128 448 1178 477 per
1196 440 1277 468 ﬁdem
1295 440 1342 467 ﬁlii
1359 439 1491 468 dicuntur
1502 437 1619 466 Abrahae
1632 436 1664 464 υ.
1679 435 1777 463 Certum
1788 442 1814 462 est

1065 494 1155 516 tamen
1174 487 1245 523 quod
1263 487 1345 514 etiam
1373 485 1524 514 secundum
1544 491 1654 512 carnem
1671 491 1706 510 ex
1724 483 1773 518 ipso
1785 490 1815 518 εει

1064 542 1139 567 nere,
1157 534 1208 562 hoc
1221 539 1261 561 est
1277 541 1309 560 ex
1328 532 1487 565 Israelitico,
1509 530 1610 558 fuerint
1625 537 1676 557 non
1691 529 1768 556 solum
1785 536 1815 562 pi-

1066 585 1131 612 tres,
1147 580 1193 607 sed
1208 585 1236 606 et
1251 579 1386 612 Christus,
1410 578 1482 605 sicut
1503 581 1531 604 et
1558 583 1607 611 per
1627 574 1773 611 prophetam
1789 575 1815 601 di-

1065 627 1104 654 cit
1117 626 1175 662 (54)
1193 635 1199 652 :
1219 636 1227 651 ι
1251 624 1296 653 Vae
1309 624 1374 656 illis.
1386 625 1448 659 quia
1462 630 1528 650 caro
1540 624 1599 650 mea
1613 629 1647 649 ex
1662 621 1727 656 ipsis
1739 619 1814 647 est”.i

1067 673 1124 701 Cur
1141 677 1233 700 autem
1250 680 1261 697 ι
1282 678 1320 698 vae
1338 670 1414 698 illis?
1428 679 1438 697 ›
1457 668 1527 703 Quia
1545 672 1627 696 natus
1643 672 1684 694 est
1704 665 1772 693 Jesus
1784 666 1818 692 «iu

1066 719 1171 746 ruinam
1199 722 1228 744 et
1256 717 1282 744 in
1314 715 1544 744 resurrectionem
1568 717 1711 741 multorum
1728 712 1758 745 ",
1778 721 1785 738 ι
1802 716 1818 738 et

1066 764 1128 799 quia
1144 764 1178 790 ab
1197 762 1250 790 illis
1269 769 1385 797 quorum
1401 769 1466 789 caro
1485 764 1555 793 erat,
1571 758 1727 794 repudiatus
1746 762 1787 787 est,
1802 761 1818 783 et

1066 817 1081 837 a
1109 810 1237 846 gentibus
1254 816 1267 835 a
1287 808 1387 844 quibus
1414 807 1601 843 ignorabatur,
1630 809 1764 838 susceptus
1785 807 1818 834 est.

1066 858 1136 885 sicut
1151 862 1175 884 et
1196 863 1242 891 per
1258 854 1341 882 David
1358 854 1443 882 dicit:
1464 861 1475 877 ί
1490 851 1620 886 Populus,
1637 857 1716 886 quem
1731 857 1775 876 non
1786 855 1816 875 re

1066 904 1158 940 gnovi,
1178 902 1289 930 servivit
1303 901 1368 928 inihi
1381 901 1415 928 ”,
1432 909 1442 926 ›
1461 899 1497 927 Ex
1513 897 1580 933 ipsis
1595 905 1661 932 ergo
1676 901 1717 923 est
1732 900 1756 923 et
1766 895 1818 923 (Ξὺν-ἱ-

1066 956 1124 977 slus
1151 948 1300 976 secundum
1330 953 1452 974 carnem.
1476 953 1486 970 ι
1504 944 1555 978 Qui
1584 949 1628 970 est
1654 948 1734 977 super
1755 940 1818 968 omnii

1068 996 1137 1022 Deus
1155 993 1318 1022 benedictus
1334 992 1361 1019 in
1378 989 1478 1019 stecula
1491 990 1525 1017 ".
1542 998 1553 1016 ι
1570 988 1710 1016 Christum
1726 986 1818 1013 aliud»

1067 1039 1184 1067 cundum
1203 1044 1314 1066 carnem
1332 1043 1404 1068 esse,
1424 1039 1453 1063 et
1464 1035 1538 1062 aliud
1554 1032 1703 1061 secundum
1713 1031 1818 1067 spiritu,

1064 1085 1121 1120 jam
1134 1090 1162 1112 et
1178 1084 1205 1111 in
1220 1082 1358 1119 prioribus
1384 1080 1467 1117 huius
1491 1078 1622 1115 Epistolze
1639 1077 1753 1113 partibus
1771 1075 1818 1102 (ἰθεῖα

1067 1134 1173 1169 guarit,
1190 1131 1235 1159 ubi
1249 1130 1333 1158 dicit:
1351 1138 1361 1156 ι
1380 1128 1430 1162 Qui
1448 1127 1536 1155 factus
1548 1130 1591 1154 est
1606 1132 1639 1153 ex
1650 1124 1749 1152 semine
1764 1121 1818 1149 Darii

1068 1166 1217 1208 secundum
1244 1183 1366 1208 carnem,
1385 1174 1431 1210 qui
1459 1173 1613 1202 destinatus
1630 1175 1674 1198 est
1699 1169 1772 1198 Filius
1789 1166 1818 1194 Dei

1069 1226 1096 1252 in
1113 1225 1224 1256 virtute,
1240 1221 1392 1250 secundum
1411 1219 1537 1256 spiritum
1555 1215 1772 1246 sanctiﬁcationis
1783 1214 1817 1239 ’τι

1068 1271 1102 1299 Et
1124 1269 1261 1306 quomodo
1284 1267 1435 1295 secundum
1455 1264 1582 1301 spiritum
1605 1262 1691 1290 Filius
1705 1261 1747 1288 Dei
1760 1259 1818 1291 siuet

1069 1317 1218 1346 secundum
1235 1321 1347 1343 carnem
1364 1312 1436 1340 ﬁlius
1450 1310 1547 1344 David,
1563 1309 1600 1337 ibi
1609 1309 1669 1344 (35)
1684 1307 1776 1344 plenius
1789 1311 1818 1339 pm

1072 1363 1176 1391 viribus
1191 1360 1380 1396 exposuimus.
1399 1358 1484 1393 Quem
1500 1363 1568 1392 ergo
1582 1355 1618 1383 ibi
1634 1354 1769 1382 secundum
1785 1351 1818 1385 spi‘

1070 1409 1153 1437 ritum
1176 1407 1276 1435 Filium
1294 1405 1341 1433 Dei
1362 1404 1440 1436 dixit,
1472 1403 1517 1431 hic
1544 1400 1710 1437 procedente
1727 1398 1818 1426 doctrina

1071 1455 1179 1488 ordine,
1203 1452 1410 1489 prolicicntibus
1439 1455 1534 1486 utpote
1561 1447 1739 1480 auditoribus,
1764 1444 1818 1472 Deam

1075 1513 1083 1528 ι
1102 1502 1147 1537 qui
1162 1506 1205 1529 est
1223 1507 1305 1536 super
1320 1498 1412 1527 omnia
1436 1495 1597 1525 benedictus
1615 1495 1641 1511 ”
1662 1493 1716 1529 (56)
1731 1502 1739 1518 ι
1763 1491 1818 1525 ipsiu

1071 1557 1132 1578 esse
1147 1547 1320 1585 pronuntiat.
1339 1544 1373 1573 Et
1390 1544 1475 1572 miror
1489 1542 1627 1579 quomodo
1643 1540 1747 1576 quidam
1758 1538 1818 1585 legen-

1072 1599 1112 1622 les
1130 1581 1202 1629 quod
1220 1592 1292 1620 idem
1316 1588 1464 1626 Apostolus
1490 1588 1516 1616 in
1538 1587 1601 1614 aliis
1629 1586 1696 1614 dicit
1718 1593 1725 1612 :
1750 1581 1818 1629 ibi:

1072 1626 1147 1667 Deus
1159 1638 1249 1670 Pater,
1261 1644 1295 1664 ex
1310 1643 1365 1672 quo
1380 1634 1472 1663 omnia
1488 1642 1494 1661 :
1511 1637 1539 1660 et
1554 1639 1626 1660 unus
1638 1629 1760 1658 Dominus
1771 1626 1818 1672 leni

1073 1686 1211 1718 Christus,
1229 1691 1277 1720 per
1293 1670 1374 1719 quem
1391 1681 1483 1709 omnia
1495 1680 1530 1714 “,
1547 1688 1558 1706 ι
1581 1682 1684 1713 negent
1698 1676 1779 1704 Filium
1791 1670 1818 1699 Dii

1074 1732 1159 1759 Deum
1173 1719 1274 1758 debere
1288 1727 1425 1764 proﬁteri,
1437 1734 1472 1754 ne
1479 1727 1549 1753 duos
1560 1726 1626 1752 deos
1641 1724 1730 1752 dicere
1745 1719 1818 1747 videan-

1075 1782 1128 1804 tur.
1148 1777 1182 1804 Et
1198 1775 1264 1810 quid
1289 1775 1322 1802 de
1343 1774 1397 1801 hoc
1419 1772 1482 1800 loco
1500 1770 1623 1807 Apustoli
1643 1769 1746 1799 facient,
1759 1765 1779 1792 in
1790 1768 1818 1797 qi!

1074 1829 1168 1859 aperte
1183 1809 1311 1850 Christus
1330 1829 1339 1846 ι
1356 1827 1438 1854 super
1453 1817 1548 1846 omnia
1560 1816 1633 1845 Deus
1652 1825 1661 1843 ι
1686 1821 1743 1843 esse
1763 1809 1818 1848 perii

1074 1871 1154 1898 betur
1168 1869 1237 1904 (57).
1264 1867 1320 1896 Sed
1345 1874 1398 1895 non
1419 1865 1566 1894 advertunt
1589 1862 1637 1898 qui
1661 1862 1718 1889 haec
1734 1860 1764 1887 ita
1784 1863 1818 1883 seu

1076 1917 1158 1949 tiunt,
1171 1914 1246 1950 quod
1267 1913 1340 1941 sicut
1363 1911 1507 1940 Dominum
1527 1908 1622 1938 Jesurn
1650 1906 1773 1936 Christum
1791 1906 1818 1950 om

1075 1963 1112 1990 ita
1126 1946 1210 1989 unum
1226 1967 1289 1988 esse
1301 1958 1447 1987 Dominum
1463 1956 1542 1989 dixit,
1557 1959 1588 1982 ut
1601 1961 1637 1981 ex
1656 1953 1707 1980 hoc
1727 1952 1782 1978 Deus
1793 1946 1818 1973 l’r

1077 2013 1117 2036 ter
1134 2007 1264 2036 Dominus
1280 2012 1334 2033 non
1348 2004 1477 2032 dicatur:
1492 2002 1531 2029 ita
1545 2005 1573 2029 et
1584 2000 1669 2028 Deum
1687 1998 1779 2025 Patrem
1791 1996 1818 2019 Nl

1075 2055 1112 2083 ita
1129 2053 1197 2082 dixit
1212 2060 1273 2081 esse
1287 2058 1372 2079 unum
1391 2049 1488 2081 Deum,
1504 2053 1534 2076 ut
1550 2047 1622 2074 Deus
1638 2045 1722 2073 Filius
1737 2046 1818 2071 uenero

1076 2102 1166 2129 datur.
1183 2099 1252 2127 Vera
1265 2104 1308 2127 est
1321 2097 1395 2126 enim
1407 2095 1549 2130 Scriptura
1563 2101 1624 2128 quin
1633 2092 1698 2119 dicit
1710 2101 1716 2118 :
1733 2099 1741 2116 ι
1756 2087 1818 2116 Scito“

1076 2147 1204 2183 quoniam
1226 2146 1358 2174 Dominus
1373 2145 1433 2179 ipse
1449 2147 1493 2171 est
1508 2143 1580 2170 Deus
1599 2140 1634 2166 "’.
1654 2148 1664 2166 ι
1683 2138 1752 2166 Unus
1763 2137 1818 2161 πίει

1388 2193 1411 2210 ⁸⁸
1427 2192 1448 2220 ll
1462 2192 1525 2220 Cor.
1540 2189 1638 2221 1",“.
1677 2187 1699 2203 "
1717 2183 1786 2221 63m.
1798 2186 1818 2209 ml

1145 2219 1260 2260 “lion-1'.
1272 2219 1354 2264 ἶίξ5.
1399 2219 1513 2255 “item.
1531 2235 1550 2259 i,
1570 2219 1598 2259 '5,
1611 2225 1640 2252 4.
1652 2249 1659 2256 ,
1692 2222 1715 2239 ’³
1731 2219 1818 2247 Romuli

271 2318 328 2353 (45)
343 2317 383 2345 De
390 2317 518 2352 Egi/pta.
536 2315 599 2344 Haec
611 2316 694 2344 verba
708 2316 805 2353 desunt
816 2315 843 2343 in
859 2314 940 2342 editis
952 2317 979 2353 et
998 2312 1024 2339 in

1079 2314 1215 2353 sta'ilie‘nta
1232 2320 1241 2335 ι
1257 2315 1317 2353 eum
1335 2305 1568 2353 msnunoplllegio.

235 2349 373 2388 plerisque
387 2349 469 2386 mss;
486 2356 634 2388 necnonket
652 2351 721 2388 apud
746 2350 902 2388 Rabauum,
918 2349 966 2377 sed
985 2355 1026 2376 re-

236 2384 389 2416 stituuntur
402 2395 434 2415 ex
453 2384 506 2415 uno
520 2395 571 2414 ins.
593 2384 677 2421 Regio
701 2394 775 2413 num.
794 2384 870 2413 1659.

273 2422 328 2458 (46)
345 2423 427 2455 Editi,
443 2429 598 2458 perperam,
614 2421 811 2458 tijactanttir.»

272 2453 328 2494 (47)
344 2458 394 2486 Ms.
410 2453 512 2494 Regius
528 2465 604 2484 num.
623 2456 691 2484 1659
704 2460 730 2484 et
747 2455 886 2491 Rabanus,
910 2466 920 2482 ι
942 2456 968 2484 in
988 2453 1027 2482 Is-

239 2494 296 2529 rael
308 2494 433 2529 contigit,
450 2503 460 2520 ι
477 2498 531 2520 etc.

274 2528 331 2565 (48)
359 2525 406 2565 Sic
424 2535 489 2565 mss.
506 2532 535 2555 et
552 2527 692 2565 Babanus.
706 2527 890 2565 _Editi_vero_.
923 2535 939 2565 _«_
955 2525 1028 2560 quod

240 2561 327 2591 nulla'
341 2563 382 2591 vis
409 2563 496 2598 possit
520 2570 614 2598 eumia
636 2563 771 2590 cltaritale
794 2562 841 2590 Dei
859 2561 1026 2598 divellere.)

241 2599 344 2626 Deinde
365 2596 459 2626 omnes
485 2605 562 2631 niss.,
587 2597 729 2631 Rabanus,
741 2601 768 2625 et
783 2598 860 2629 editi,
888 2606 897 2622 ι
915 2596 1030 2631 passibi-

241 2635 293 2660 lem
319 2643 325 2660 :
350 2642 359 2660 ι
380 2634 428 2660 sed
454 2637 543 2660 tamett
572 2632 714 2660 lcuehduui
744 2633 851 2660 videtur
879 2641 889 2658 ι
912 2630 1030 2660 possibi-

251 2642 293 2661 em
319 2643 325 2667 ;

240 2670 305 2697 lem.
319 2679 328 2695 I

277 2704 333 2740 (49)
352 2703 412 2740 [ζει.
429 2703 510 2740 Deest
526 2703 552 2740 in
568 2707 647 2740 antea
663 2702 753 2740 editis.

277 2736 336 2774 (50)
362 2739 420 2766 Dei.
441 2739 582 2766 Omittitur
613 2739 638 2765 in
665 2737 855 2774 editisqctrin
892 2736 1030 2772 plerisque

241 2772 384 2806 ins-snam]
399 2774 554 2802 restituitur
569 2781 601 2800 ex
619 2780 673 2801 uno
684 2780 735 2800 ms.
753 2772 849 2808 Regio.

278 2804 334 2846 (5i)
349 2809 431 2842 Editi,
449 2818 458 2835 ι
476 2809 509 2836 Et
518 2808 611 2844 gloriae
624 2804 826 2846 testamentum.
843 2816 853 2834 ι
868 2806 932 2846 Mss.
949 2804 1030 2841 pleri-

242 2842 295 2881 que
314 2842 396 2874 etiam
425 2854 446 2877 i,
459 2842 651 2873 testamentum
673 2852 680 2877 ;
698 2852 707 2868 ›
734 2843 779 2871 sed
797 2842 941 2877 legendum
963 2849 972 2867 ι
991 2845 1031 2869 te-

350 2642 359 2660 ι
380 2634 428 2662 sed
454 2637 543 2660 tamett
572 2632 714 2668 legendum
744 2633 851 2661 videtur
879 2641 889 2658 ι
912 2630 1031 2667 possibi-

1117 2345 1173 2381 (52)
1196 2345 1273 2381 ﬂeto.
1293 2344 1374 2371 Deest
1392 2339 1565 2381 in_e_ditis’et
1577 2340 1602 2381 in
1621 2339 1802 2381 plerisque

1193 2370 1278 2417 Editi,
1295 2370 1305 2404 ι
1320 2370 1515 2413 repropitiatus
1526 2380 1569 2403 est
1581 2370 1662 2417 Deus,
1678 2383 1687 2400 ι
1704 2370 1818 2417 nisi}:

1081 2408 1151 2450 stes,
1166 2408 1180 2443 ἰ
1199 2408 1280 2443 toties
1305 2408 1449 2448 rcp'ara'sse
1470 2415 1675 2439 testamentum.
1694 2418 1704 2435 ι
1724 2408 1774 2435 Mss.
1787 2409 1818 2437 illil

1082 2454 1156 2484 dam,
1174 2460 1183 2477 ι
1199 2450 1281 2478 toties
1297 2455 1440 2484 reparasse
1457 2450 1634 2484 testamento.
1648 2454 1657 2470 ι

1118 2475 1408 2524 Ἐὐίιὶ
1422 2489 1499 2524 vero,
1523 2490 1538 2524 t_
1561 2481 1635 2524 sicut
1646 2487 1693 2524 per

1082 2510 1380 2551 (ἲίδῖιῖίτῖἶιῖιιῖἶιιιιυε,
1400 2527 1410 2544 ι
1428 2510 1500 2546 sicut
1514 2521 1542 2543 et
1554 2510 1687 2550 prophéta
1700 2510 1762 2543 dicit.
1777 2510 1818 2551 {till

1086 2546 1316 2588 deinde-omittit,
1339 2563 1350 2580 ι
1364 2546 1411 2581 Va
1425 2553 1493 2585 illis,
1508 2546 1572 2587 quia
1592 2546 1660 2578 caro
1678 2556 1730 2577 mea
1743 2553 1769 2574 et
1783 2546 1818 2578 ἰρειέ

1086 2598 1136 2621 est.
1149 2591 1205 2620 Cur
1221 2595 1347 2619 autem.)
1589 2620 1641 2624 φ,
1744 2618 1750 2623 .
1780 2614 1818 2624 ι.,.

1112 2614 1411 2663 ίῖείὲῖιῐῖόἧίιιιιιιιι
1427 2624 1454 2652 in
1469 2622 1562 2652 editis.
1589 2620 1658 2649 Vide
1671 2620 1713 2648 lib.
1724 2625 1731 2646 ι
1744 2618 1765 2645 iu
1779 2614 1818 2641 his:

1088 2659 1245 2700 Episttilam.
1259 2659 1383 2700 πψτη-,βο
1506 2694 1514 2700 .
1607 2693 1626 2700 -

1124 2688 1182 2734 (ἐξ)
1197 2688 1403 2734 ΙιιίθύὶιίέΜθε.
1419 2701 1484 2723 vero
1497 2694 1569 2734 ιίιιο,Δ
1582 2703 1592 2734 _t
1607 2693 1690 2720 Deum
1702 2688 1816 2734 quifit“;

1083 2722 1236 2771 pedioiiiuia
1250 2722 1422 2771 Errantem,
1442 2722 1454 2755 ι
1479 2734 1535 2757 etc.
1555 2722 1636 2756 Mter.
1653 2722 1816 2755 msfonutiilﬁ

1088 2768 1097 2797 ι
1114 2768 1274 2797 benedictus
1290 2776 1298 2793 ι
1314 2768 1342 2793 et
1357 2771 1541 2801 «regnantem.
1555 2775 1564 2789 ι

1121 2802 1178 2840 (57)
1195 2802 1280 2835 Alias,
1299 2810 1308 2827 ι
1334 2800 1520 2836 perscribitur.
1539 2808 1549 2824 ι
