1831 3052
14 92 70 119 Il“

467 91 645 120 COMMENT.
667 91 700 119 ΙΝ
721 91 828 120 EPIST.
849 91 894 119 AD
913 91 998 120 ROM.
1018 91 1081 119 LIB.
1101 90 1157 118 V’ll.

1566 92 1633 119 1H!

13 157 121 186 uterque
134 156 177 180 est
196 152 276 185 Deus,
295 152 357 186 quia
376 159 429 180 non
446 157 488 180 est
499 153 571 181 aliud
585 153 653 182 Filio
667 154 796 182 divinita—
810 155 834 185 Α
849 153 875 182 in
889 153 950 181 solo
963 152 1039 181 Isaac
1053 152 1099 187 qni
1111 154 1171 180 erat
1186 150 1407 186 repromissionis
1420 151 1502 183 ﬁlius,
1519 152 1631 180 seminis

13 199 42 225 tis
60 198 170 225 initium
186 205 269 234 quam
290 197 393 231 Pater;
416 198 465 226 sed
481 199 568 234 ipsius
584 200 665 228 unius
683 199 794 228 Paterni

13 245 100 276 fontis,
118 244 191 271 sicut
207 244 340 280 sapientia
351 244 428 277 dicit,
445 254 454 271 ι
470 246 616 279 purissima
631 255 640 271 ι
653 251 695 274 est
711 255 722 272 ί
739 254 797 273 ma-

12 291 80 318 natio
95 289 120 307 "
138 300 149 316 ι
170 290 264 319 Filius.
290 291 340 319 Est
363 299 430 326 ergo
446 291 572 320 Christus
588 301 598 318 ι
620 291 691 319 Deus
715 299 796 327 super

12 337 106 365 omnia.
126 346 136 363 ι
154 337 220 371 Quae
243 347 252 363 ι
275 337 391 365 omnia?
410 347 420 364 ι
442 337 490 365 llla
516 338 575 365 sine
595 338 676 366 dubio
693 346 753 373 qua:
768 343 796 365 et

12 383 86 418 paqu
101 388 167 411 ante
178 383 307 417 diximus,
338 393 348 410 ε
372 391 454 419 super
479 384 660 419 principatus,
676 390 704 412 et
717 389 794 420 pote-

11 433 98 460 states,
112 434 141 456 et
160 429 286 461 virtutes,
302 433 329 456 et
344 435 426 457 omne
439 436 535 456 nomen
552 430 624 464 quod
639 430 795 459 nominatur

11 483 57 502 non
70 475 159 502 solutn
177 475 203 502 in
219 476 270 503 hoc
285 477 396 507 saeculo,
412 475 460 503 sed
476 476 560 503 etiam
581 476 609 503 in
627 476 720 504 futuro
733 477 766 502 ".
781 486 790 502 ι

11 521 54 554 Qui
71 527 164 548 autem
185 529 266 556 super
277 521 366 548 omnia
382 526 434 554 est,
451 529 534 556 super
552 529 582 550 se
598 522 734 550 neminem
746 522 793 550 ha-

10 565 57 592 hct.
83 564 141 592 Non
167 567 240 593 enim
263 570 324 601 post
347 566 456 593 Patrem
475 570 516 594 est
537 566 594 603 (58)
615 568 682 603 ipse,
697 568 743 595 sed
759 568 792 595 de

10 609 94 638 l'atre.
116 609 175 638 lloe
200 611 271 638 idem
291 616 382 639 autem
409 611 548 648 Sapientia
577 613 625 641 Dei
652 614 736 641 etiam
758 614 792 642 de

10 655 104 690 Spiritu
125 663 224 684 sancto
244 657 356 692 intelligi
373 658 458 691 dedit,
475 659 519 687 tibi
536 660 622 688 dicit:
643 671 651 686 ι
673 660 792 696 Spiritus

10 702 109 729 Domini
128 702 244 738 replevit
258 704 354 730 orbem
373 709 507 732 terrarum
530 715 536 733 :
560 710 587 733 et
604 707 652 741 qui
670 708 792 735 continet

9 747 103 780 omnia,
131 748 276 776 scientiam
302 749 384 777 habet
401 750 476 777 vocis
497 750 516 777 '.
533 759 543 776 ι
576 751 604 778 Si
621 758 687 787 ergo
705 751 790 780 Filius

9 801 16 818 ι
35 793 104 819 Deus
119 801 203 828 super
216 795 308 822 omnia
327 805 335 821 I
354 795 464 828 dicitur,
483 800 511 823 et
533 796 650 832 Spiritus
680 802 790 825 sanctus

9 839 144 866 rontinere
162 841 254 867 omnia
282 845 459 876 memoratur,
489 842 560 870 Deus
589 847 681 871 autem
708 843 789 872 Pater

8 889 41 910 est
57 893 66 910 t
77 893 110 912 ex
127 893 182 920 quo
193 886 297 919 omnia,
314 897 323 913 ι
343 887 485 915 evidenter
497 888 649 915 ostenditur
665 894 788 917 naturam

8 930 143 958 Trinitatis
160 936 187 960 et
218 932 399 961 substantiam
414 941 495 961 unam
510 942 583 967 esse,
606 942 667 970 quae
685 941 726 963 est
743 943 788 964 su-

8 983 48 1010 per
64 976 169 1006 omnia.

35 1021 78 1049 H.
102 1032 112 1048 ε
127 1022 186 1051 Non
202 1027 292 1052 autem
308 1024 410 1053 excidit
424 1027 536 1055 verbum
559 1026 616 1063 (59)
642 1028 699 1056 Dei.
727 1028 787 1057 Non

7 1067 70 1094 enim
83 1075 183 1096 omnes
200 1070 246 1104 qui
266 1075 332 1098 sunt
349 1078 382 1099 ex
399 1071 492 1104 Israel,
509 1072 536 1100 hi
552 1078 616 1101 sunt
630 1073 761 1102 Israelita:
778 1086 784 1103 :

7 1121 49 1141 nec
61 1115 109 1150 qui
125 1120 192 1143 sunt
207 1123 300 1145 semen
313 1118 462 1152 Abraham,
487 1127 581 1148 omnes
605 1120 672 1149 lilii:
693 1121 741 1150 sed
758 1122 784 1150 in

7 1158 73 1188 Isaac
100 1161 247 1190 vocabitur
263 1163 311 1191 tibi
329 1171 422 1192 semen
438 1174 445 1193 :
462 1166 488 1193 id
511 1170 562 1198 est,
589 1173 644 1194 non
666 1168 713 1203 qui
737 1168 785 1196 filii

6 1206 101 1240 carnis,
115 1207 145 1235 hi
160 1208 208 1236 ﬁlii
221 1213 285 1237 sunt
308 1210 354 1238 Dei
373 1219 381 1238 :
406 1212 453 1239 sed
469 1213 513 1247 qui
531 1213 579 1242 ﬁlii
595 1215 785 1250 promissionis

6 1257 71 1286 sunt,
86 1253 254 1288 deputantur
268 1255 295 1282 in
310 1263 404 1284 semen
427 1258 448 1285 '.
470 1267 480 1283 ι
497 1259 628 1292 Quoniam
645 1268 726 1296 supra
742 1262 786 1290 di-

6 1303 73 1328 κατι-ει
88 1299 101 1317 ³
113 1301 192 1337 quod
210 1309 259 1337 pro
275 1302 408 1332 fratribus
420 1305 489 1337 suis,
507 1313 516 1332 ι
532 1306 578 1341 qni
596 1311 661 1335 sunt
675 1308 783 1343 cognati

5 1344 149 1374 mundum
175 1354 297 1381 carnem,
324 1349 371 1385 qui
396 1355 460 1378 sunt
485 1351 624 1386 Israelitze,
642 1363 652 1380 ι
676 1359 784 1390 optaret

5 1392 78 1419 Etiam
100 1393 248 1422 anathema
274 1395 346 1429 ﬁeri,
371 1403 404 1424 eo
427 1399 500 1433 quod
527 1399 648 1434 ipsorum
669 1407 785 1430 essetet

5 1436 106 1471 nloptio
135 1438 252 1467 ﬁliorum
277 1440 345 1476 (60),
359 1446 386 1469 et
410 1442 557 1478 legislatio,
580 1450 608 1472 et
623 1447 783 1481 promissio-

848 199 889 227 sui
908 198 1054 234 posteritas
1069 202 1226 234 poneretur.
1246 196 1279 225 Et
1295 204 1368 226 nunc
1387 205 1452 233 ergo
1471 197 1518 232 qui
1533 204 1633 226 secun-

847 246 910 273 dum
925 245 1000 273 Isaac
1014 244 1059 272 ﬁlii
1075 243 1292 278 repromissionis
1306 248 1380 276 sunt,
1393 243 1418 271 id
1433 249 1474 272 est
1490 244 1551 272 ﬁdei
1564 243 1634 271 illius

846 299 895 327 per
907 298 994 325 quam
1021 290 1227 325 promissionem
1255 289 1393 317 Abraham
1415 288 1516 317 meruit
1536 288 1635 317 fnturte

847 336 1012 365 hereditatis
1041 336 1182 370 accipere,
1210 335 1259 370 ipsi
1280 339 1385 363 tantum
1415 335 1580 370 deputantur
1606 335 1633 362 In

845 389 958 411 semen:
973 383 1000 410 in
1015 382 1082 417 ipsis
1099 382 1172 410 enim
1192 381 1360 409 hereditatis
1386 381 1524 410 successio
1544 380 1634 409 decla‘

845 435 922 457 ratur
939 429 1007 465 (63).

881 476 924 503 15.
960 484 970 502 t
1000 474 1194 503 Promissionis
1221 473 1295 502 enim
1327 474 1441 502 verbum
1473 473 1524 501 hoc
1555 477 1597 501 est
1622 481 1630 501 :

843 523 884 550 Ad
915 522 968 550 hoc
995 526 1102 556 tempus
1129 520 1238 548 veniam
1255 540 1263 552 .
1294 524 1322 548 et
1347 520 1400 548 erit
1433 519 1509 548 Sara:
1546 519 1630 549 ﬁlius.

842 568 924 603 613
946 567 1004 595 Non
1021 567 1109 594 solum
1131 571 1238 599 autem,
1253 565 1300 594 sed
1321 570 1349 593 et
1368 565 1491 593 Rebecca
1519 573 1553 593 ex
1577 573 1631 593 uno

841 614 991 643 concubitu
1016 613 1131 646 habens,
1155 612 1230 640 Isaac
1254 611 1340 646 patris
1365 611 1452 639 nostri
1470 611 1538 646 (61).
1563 611 1629 638 Nam

842 668 904 688 cum
919 659 1038 687 nondum
1051 658 1105 686 nati
1122 657 1247 691 fuissent,
1264 663 1312 685 aut
1323 657 1424 692 aliquid
1439 657 1558 692 egissent
1566 657 1630 685 boni

842 707 884 736 vel
900 706 975 738 mali,
997 710 1026 733 ut
1053 705 1202 734 secundum
1218 704 1379 732 electionem
1398 704 1564 739 propositum
1582 703 1630 731 Dei

842 757 959 784 maneat.
978 759 1031 780 non
1041 759 1074 779 ex
1088 751 1226 787 operibus,
1240 751 1287 779 sed
1301 757 1334 778 ex
1349 754 1464 778 vocante
1476 750 1576 777 dictum
1588 753 1632 779 est

840 799 876 831 ei,
888 798 951 833 quia
968 797 1055 833 major
1075 797 1177 826 serviet
1195 796 1305 830 minori,
1323 797 1396 825 sicut
1420 795 1552 831 scriptum
1565 799 1629 824 est:

839 846 922 874 Jacob
936 846 1034 878 dilexi,
1050 845 1121 873 Esau
1138 850 1230 873 autem
1243 844 1307 872 odio
1330 844 1413 872 habui
1427 844 1448 870 ⁸.
1462 853 1471 870 ι
1487 843 1632 878 Proposuit

838 891 984 927 Apostolus
998 890 1136 926 persequi,
1153 889 1225 925 quod
1238 889 1303 917 licet
1322 889 1477 924 repudiatus
1489 889 1525 917 sit
1543 896 1629 924 popu-

839 937 882 966 lus
895 937 977 965 Israel
996 945 1044 973 per
1059 935 1259 970 inﬁdelitatem,
1275 943 1328 964 non
1349 940 1438 963 tamen
1452 943 1491 964 ea:
1512 936 1629 970 promis-

838 985 930 1013 siones
941 983 988 1012 Dei
1001 990 1061 1019 qua:
1083 990 1147 1018 erga
1168 990 1217 1011 eos
1231 982 1331 1010 habitae
1346 981 1466 1015 fuerant,
1479 981 1630 1010 deciderint

838 1033 866 1056 et
889 1028 1026 1056 frustrata:
1050 1027 1105 1055 sint
1122 1027 1178 1064 (65)
1197 1038 1202 1055 :
1218 1027 1353 1062 docetque
1376 1026 1447 1062 quod
1472 1034 1534 1054 cum
1551 1026 1630 1054 multi

837 1074 884 1103 filii
897 1074 997 1103 fuerint
1012 1073 1174 1107 Abrahaeﬁn
1188 1073 1246 1102 solo
1260 1073 1334 1102 Isaac
1347 1073 1461 1101 sitfacta
1474 1072 1627 1108 promissio.

839 1131 849 1148 ‹
862 1120 919 1149 Νοη
930 1130 940 1148 ι
957 1121 1040 1154 enim,
1053 1120 1150 1156 inquit.
1165 1129 1175 1148 ι
1191 1119 1237 1156 qui
1257 1119 1304 1148 ﬁlii
1318 1120 1410 1148 carnis
1426 1123 1506 1151 sunt,
1520 1118 1546 1146 hi
1564 1123 1631 1146 sunt

837 1167 884 1195 ﬁlii
900 1167 957 1195 Dei.
978 1176 988 1194 ι
1004 1166 1037 1194 Et
1061 1165 1200 1195 contendit
1222 1166 1376 1198 ostendere,
1388 1165 1537 1201 'quomodo
1551 1163 1628 1192 Isaac

836 1220 889 1242 non
903 1213 938 1241 sit
954 1212 1024 1241 ﬁlius
1035 1212 1136 1246 carnis,
1150 1212 1196 1240 sed
1210 1212 1244 1240 sit
1256 1211 1328 1240 ﬁlius
1341 1212 1403 1244 Dei;
1419 1215 1447 1238 et
1463 1210 1533 1238 redit
1546 1210 1579 1237 ad
1593 1217 1625 1237 ea

835 1267 895 1294 qua:
906 1258 940 1287 de
950 1257 1010 1294 ipso
1022 1257 1049 1286 in
1062 1257 1160 1286 Genesi
1176 1257 1276 1293 scripta
1293 1261 1367 1285 sunt.
1378 1266 1387 1283 t
1403 1256 1628 1288 Promissionis,»

835 1305 933 1340 inquit,
961 1313 971 1331 ‹
989 1306 1101 1333 verbum
1119 1304 1170 1332 hoc
1190 1308 1232 1332 est
1247 1311 1254 1331 :
1268 1303 1308 1331 Ad
1320 1303 1371 1332 hoc
1387 1307 1493 1337 tempus
1505 1303 1624 1335 veniam,

833 1357 862 1380 et
874 1351 928 1379 erit
948 1351 1024 1379 Sane
1044 1349 1116 1379 ﬁlius
1126 1351 1148 1378 ⁷.
1168 1359 1177 1378 ι
1197 1349 1256 1378 Non
1272 1356 1348 1386 ergo,
1364 1349 1462 1384 inquit,
1481 1356 1529 1384 per
1551 1349 1625 1377 ordi-

835 1406 897 1426 nem
913 1397 1064 1426 nativitatis
1079 1396 1198 1424 carnalis
1208 1395 1285 1424 Isaac
1299 1395 1420 1424 naSCitur
1430 1403 1437 1428 ;
1449 1395 1548 1430 quippe
1561 1403 1630 1423 cum

834 1449 863 1472 et
877 1443 1016 1471 Abraham
1039 1442 1156 1471 emortui
1182 1442 1239 1478 jam
1266 1441 1389 1476 corporis
1418 1441 1625 1474 haberetur,ct

4 1489 62 1535 nes;
79 1483 113 1512 de
133 1484 177 1512 his
191 1493 263 1513 nunc
275 1486 342 1514 dicit
356 1488 419 1522 quia
452 1489 565 1518 verbum
581 1489 627 1518 Dei
641 1500 695 1520 non
707 1493 782 1520 exci-
796 1506 818 1535 ε
835 1491 913 1518 vnlva
928 1491 1003 1518 Sarte
1023 1494 1096 1517 esset
1107 1488 1162 1524 iam
1176 1492 1299 1516 emortua
1311 1488 1333 1519 ',
1346 1488 1418 1516 sicut
1430 1495 1509 1522 supra
1521 1487 1624 1516 dictum

4 1526 47 1559 tlit,
64 1529 116 1557 hoc
130 1535 183 1563 est,
199 1531 344 1565 promissio
361 1540 422 1568 quae
436 1534 477 1562 eis
491 1534 548 1570 (61)
564 1536 635 1564 facta
659 1542 711 1571 est,
729 1546 780 1566 non

4 1575 118 1602 evanuit.
139 1575 190 1609 Qui
205 1577 278 1604 enim
293 1585 374 1606 verus
389 1579 471 1608 fuerit
488 1581 585 1616 Israel,
603 1590 655 1611 non
670 1592 703 1612 ex
722 1591 782 1612 car-

4 1621 49 1648 nali
76 1629 178 1657 genere
208 1628 311 1652 tantum
341 1625 375 1653 de
399 1626 537 1656 Abraham
563 1637 650 1665 genus
678 1630 781 1659 ducens

4 1666 21 1700 [ε
40 1666 95 1696 Non
112 1669 185 1697 enim
212 1671 257 1705 qui
285 1671 331 1698 lilii
358 1673 450 1701 carnis
473 1683 482 1700 ι
510 1680 582 1708 sunt.
607 1684 617 1702 ι
634 1677 660 1704 hi
686 1682 713 1704 et
734 1677 781 1705 ﬁlii

4 1711 42 1740 Dei
59 1722 70 1740 ι
96 1715 198 1751 sunt),
214 1716 261 1744 sed
289 1718 335 1752 qui
363 1720 512 1748 secundum
539 1723 780 1756 repromissionem

4 1758 56 1787 lidei
72 1761 106 1788 de
125 1762 264 1790 Abraham
281 1764 430 1799 descendit,
459 1767 517 1802 ipse
539 1768 621 1796 etiam
644 1769 692 1797 Dei
716 1777 782 1805 pro-

4 1805 74 1833 missa
100 1809 289 1844 consequitur.
312 1810 380 1839 Nam
411 1812 445 1840 de
464 1820 565 1849 genere
588 1815 671 1843 Israel
701 1816 778 1844 multi

4 1855 64 1882 ιυηι,
96 1853 143 1880 sed
174 1861 226 1881 non
251 1862 345 1883 omnes
376 1857 459 1886 Israel
489 1861 670 1895 appellantur.
696 1861 779 1890 Israel

6 1904 110 1932 namque
125 1898 209 1927 Deum
224 1901 342 1930 videndo
357 1905 514 1933 nominatus
531 1911 582 1934 est.
602 1907 648 1935 Sic
663 1908 736 1936 enim
752 1914 780 1937 et

6 1949 49 1976 pse
61 1942 148 1990 dacob
164 1946 231 1973 dicit
245 1955 252 1974 :
271 1957 280 1974 t
296 1947 355 1976 Vidi
373 1949 515 1979 Dominum
532 1952 601 1981 facie
616 1955 650 1982 ad
668 1955 777 1990 faciem,

4 1992 21 2035 ξι
33 1989 106 2016 salva
122 1991 193 2020 facta
218 1997 261 2021 est
285 1995 375 2023 anima
392 2003 451 2024 mea
466 1997 488 2024 ".
503 2007 514 2024 ι
534 1997 606 2035 Ergo
629 2001 693 2035 quia
711 2001 778 2030 vidit

4 2032 88 2067 )eum,
114 2037 197 2066 Israel
218 2040 369 2075 appellatus
392 2047 444 2070 est.
463 2043 514 2076 Qui
536 2032 602 2072 vero
625 2032 678 2074 non
705 2047 779 2076 videt

4 2086 50 2107 'um
64 2082 112 2116 qui
129 2083 208 2118 dixit,
227 2094 236 2110 ε
254 2086 305 2120 Qui
320 2093 363 2114 me
378 2088 462 2122 videt,
480 2089 552 2118 videt
567 2094 595 2118 et
607 2090 714 2119 Patrem
726 2092 750 2126 ',
765 2101 774 2118 ι

4 2126 70 2153 srael
89 2135 143 2155 non
157 2133 247 2163 potest
260 2131 324 2160 dici.
342 2141 351 2158 ι
369 2132 423 2162 Nec
433 2135 496 2169 quia
509 2143 601 2163 semen
612 2142 677 2165 sunt
685 2138 775 2166 Abra-

836 1542 877 1565 est
892 1546 900 1571 ;
913 1536 958 1570 sed
978 1544 1026 1572 per
1039 1537 1167 1563 virtutem
1181 1536 1240 1571 ejus
1250 1534 1295 1570 qui
1311 1534 1389 1565 dixit,
1408 1543 1417 1560 ε
1437 1533 1476 1561 Ad
1493 1533 1545 1561 hoc
1559 1538 1624 1562 tetu-

835 1591 886 1619 pus
898 1583 1015 1615 veniam,
1026 1586 1054 1610 et
1068 1582 1119 1611 erit
1133 1582 1208 1610 Sara:
1223 1582 1292 1609 filius
1304 1582 1325 1608 '.
1345 1590 1355 1607 ι
1371 1580 1467 1608 Merito
1479 1580 1623 1615 igitur-non

834 1629 935 1662 carnis,
951 1629 999 1657 sed
1011 1628 1057 1656 Dei
1076 1627 1147 1656 filius
1161 1628 1273 1660 dicitur,
1285 1627 1331 1662 qui
1347 1635 1379 1655 ex
1395 1628 1510 1655 adventu
1523 1631 1551 1654 et
1565 1634 1624 1655 ser-

834 1683 914 1703 mone
930 1674 1050 1702 nascitur
1067 1673 1125 1702 Dei.
1144 1673 1205 1702 lltec
1221 1681 1297 1710 ergo,
1308 1674 1407 1709 inquit,
1422 1674 1492 1702 ratio
1507 1681 1560 1702 non
1578 1680 1622 1701 se-

833 1721 887 1749 lum
906 1721 940 1748 de
956 1720 1042 1753 Isaac,
1061 1721 1107 1748 sed
1127 1725 1154 1748 et
1168 1720 1200 1748 de
1211 1719 1296 1748 Iacob
1314 1720 1467 1756 recipienda
1483 1725 1534 1748 est.
1553 1720 1620 1747 Nam

832 1772 858 1796 et
870 1767 1002 1800 Rebecca,
1019 1766 1116 1801 inquit,
1130 1774 1183 1793 non
1200 1765 1348 1794 secundum
1367 1766 1485 1793 carnalis
1500 1765 1556 1802 (66)
1573 1774 1622 1793 na-

834 1811 945 1840 tivitatis
956 1812 1077 1839 ordinem
1096 1811 1208 1846 protulit
1225 1815 1342 1846 partum.
1357 1811 1425 1839 Cum
1436 1812 1507 1840 enim
1520 1819 1555 1839 ex
1567 1819 1629 1839 uno.

832 1856 977 1885 concubitu
990 1856 1064 1884 Isaac
1077 1856 1199 1891 geminos
1210 1856 1390 1891 concepisset,
1401 1857 1520 1884 nomium
1539 1860 1619 1891 partu

831 1903 917 1937 edito,
935 1911 1022 1938 neque
1047 1903 1109 1930 ullis
1124 1903 1229 1931 actibus
1247 1910 1391 1938 puerorum
1406 1903 1488 1930 bonis
1505 1903 1620 1932 malisve

831 1951 902 1978 inter
915 1950 1037 1977 homines
1052 1949 1152 1977 habitis
1167 1949 1237 1985 (67),
1253 1956 1316 1984 ergo
1332 1948 1415 1976 Jacob
1430 1949 1520 1977 divina
1537 1950 1619 1978 habe-

830 2000 875 2024 tur
889 1996 986 2025 electio
1001 1995 1068 2031 (68),
1080 2000 1106 2023 et
1118 1995 1228 2027 dicitur,
1242 2005 1251 2022 t
1271 1995 1336 2030 quia
1353 1995 1439 2031 major
1450 1996 1550 2024 serviet
1568 1998 1619 2024 Ini-

829 2042 900 2076 nori,
918 2052 927 2069 ι
943 2046 981 2074 ει,
999 2050 1009 2068 ‹
1027 2041 1111 2069 Jacob
1125 2041 1220 2074 dilexi,
1236 2041 1305 2069 Esau
1317 2047 1407 2069 autem
1421 2042 1484 2070 odio
1500 2043 1593 2070 habui.
1605 2052 1615 2069 ι

828 2089 882 2117 Cur
897 2093 987 2116 autem
1005 2089 1061 2116 haec
1086 2088 1122 2115 ita
1140 2087 1211 2115 dicta
1223 2088 1290 2121 sint,
1310 2088 1390 2116 docet
1402 2088 1458 2125 (69)
1475 2097 1482 2116 :
1500 2098 1509 2115 t
1531 2089 1566 2117 Ut
1578 2096 1619 2117 se-

827 2135 946 2163 cundum
963 2135 1135 2170 electionem,
1147 2135 1244 2171 inquit,
1256 2136 1423 2170 propositum
1436 2135 1482 2163 Dei
1497 2140 1616 2168 maneat.

4 2177 59 2204 iam,
76 2181 174 2220 omnes
196 2176 278 2204 etiam
309 2178 356 2206 filii
370 2188 380 2206 ι
399 2184 471 2208 sunt.
501 2180 556 2210 Hoc
572 2183 695 2212 videlicet
719 2185 775 2220 jam
792 2179 814 2208 D
827 2189 879 2210 non
892 2189 926 2209 ex
938 2181 1076 2216 operibus,
1094 2181 1141 2209 sed
1156 2189 1190 2209 ex
1207 2187 1321 2210 vocante
1342 2183 1442 2210 dictum
1459 2186 1516 2214 est;
1538 2191 1548 2208 ι
1564 2182 1618 2210 hoc

4 2224 49 2246 unc
70 2219 128 2256 (62)
142 2220 337 2258 designabatur
350 2225 376 2253 in
391 2227 542 2260 Abraltam,
558 2237 618 2256 cum
631 2230 655 2257 ei
673 2219 775 2260 multos

4 2262 54 2292 ilius
71 2265 192 2301 habenti,
214 2277 282 2304 quos
295 2271 440 2306 Apostolus
453 2273 523 2302 ﬁlios
536 2276 628 2303 carnis
642 2276 773 2312 appellat,

21 2334 43 2349 "
54 2335 181 2373 ξηιλ-νει,
193 2336 238 2366 25.
277 2339 299 2354 ’⁸
310 2337 412 2373 Ephes.
426 2347 445 2373 I,
457 2340 502 2368 2|.

7 2376 41 2401 iv,
57 2370 87 2398 9.
125 2371 136 2386 ⁶
148 2371 227 2400 Rom.
243 2380 283 2406 ιι,
303 2372 320 2400 9
336 2370 396 2409 seq.

20 2429 78 2471 ςξε)
106 2430 248 2471 ρηιὶιιίῐυι·
274 2438 347 2471 (“est
370 2444 379 2461 ι
402 2434 429 2462 in
443 2436 537 2466 editis.
565 2437 667 2466 Deinde
692 2438 771 2467 iidem

4 2462 87 2526 [ticam
105 2465 161 2494 Hoc
178 2473 269 2496 autem
283 2468 321 2504 (id
332 2473 374 2498 est
390 2462 768 2508 sapientia'Défetiamnde;

20 2533 76 2575 (59)
91 2535 174 2575 Editi.
196 2546 205 2564 t
221 2538 365 2575 evidenter
382 2541 536 2569 ostenditur
556 2548 653 2571 natura
676 2543 768 2571 Trini-

4 2571 59 2612 atis,
76 2575 104 2597 et
121 2571 272 2612 substantia
287 2581 352 2612 una,
369 2583 430 2612 qua:
442 2580 483 2603 est
500 2579 689 2612 superomnia.
707 2579 765 2607 Non

5 2610 72 2643 utero
91 2606 162 2643 quod
180 2607 311 2636 exciderit
330 2606 452 2643 verbum,
471 2620 480 2636 ›
497 2606 552 2640 eté.

543 2341 629 2378 |Sap.
644 2351 663 2375 ι,
674 2342 699 2370 7.
737 2344 747 2359 ¹
759 2343 834 2371 Rom.

867 2351 893 2375 ι,
904 2343 962 2370 6-8.
1000 2344 1010 2360 ⁸
1029 2343 1094 2371 ibid.
1107 2344 1135 2377 3,
1149 2344 1176 2371 ι.
1215 2344 1226 2360 ⁸
1237 2343 1304 2373 Gen.
1316 2353 1401 2378 um,
1414 2345 1460 2373 30.

447 2376 456 2390 ⁷
468 2375 567 2406 Geues.
591 2375 669 2411 πίνω,
685 2378 730 2407 10,
763 2379 774 2394 ⁸
788 2379 866 2406 Rom.
880 2386 918 2411 tv,
936 2379 979 2407 l9.
1015 2379 1026 2394 '
1041 2375 1181 2413 Ronan,
1204 2379 1230 2407 9.

824 2232 875 2260 est,
891 2231 920 2254 ut
934 2234 986 2254 non
1005 2226 1050 2262 qui
1064 2226 1110 2254 ﬁlii
1125 2227 1226 2261 carnis,
1235 2227 1282 2255 sed
1297 2227 1343 2262 qui
1360 2227 1407 2255 ﬁlii
1421 2227 1466 2255 Dei
1480 2233 1552 2260 sunt,
1565 2227 1616 2262 ipsi

823 2275 988 2311 deputentur
1005 2273 1032 2300 in
1051 2281 1155 2316 semen.
1171 2273 1249 2301 Sicut
1262 2273 1334 2301 enim
1351 2274 1387 2303 ibi
1404 2281 1438 2302 ex
1451 2274 1542 2302 multis
1555 2275 1620 2303 ﬁliis

1513 2345 1525 2361 '
1534 2344 1614 2374 Joan.

865 2439 922 2475 (65)
937 2439 1021 2475 Editi,
1037 2449 1046 2466 ε
1062 2444 1090 2467 ει
1108 2440 1174 2475 ipsis
1193 2441 1357 2468 haereditatis
1372 2441 1509 2468 successio
1525 2440 1614 2469 decla-

827 2481 912 2502 ratur.
937 2484 947 2500 t
967 2474 1016 2502 Ms.
1043 2474 1123 2509 unus,
1145 2485 1154 2501 ε
1175 2476 1325 2504 collocatur
1347 2485 1357 2502 ι
1381 2483 1430 2511 pro
1456 2485 1466 2502 t
1489 2475 1614 2504 declara-

824 2514 916 2581 miti)
937 2540 988 2574 ius.
1007 2545 1108 2581 Regius
1123 2553 1198 2572 num.
1213 2545 1293 2577 1659,
1308 2555 1317 2571 ι
1334 2547 1380 2574 sed
1393 2550 1421 2574 et
1432 2545 1564 2574 Rebeccae
1577 2553 1612 2575 ex

822 2587 875 2607 uno
897 2581 1042 2608 concubitu
1062 2581 1163 2607 habens
1177 2581 1252 2608 Isaac
1266 2581 1336 2615 patri
1349 2586 1451 2608 nostro.
1471 2590 1481 2607 ι

855 2615 912 2649 (65)
933 2615 1014 2648 Editi,
1036 2625 1044 2641 t
1075 2615 1234 2642 deciderunt
1250 2621 1277 2643 et
1301 2615 1439 2644 frustrata:
1461 2620 1533 2644 sunt.
1553 2625 1564 2642 ι
1579 2615 1612 2643 Et

21 2639 75 2685 (61))
90 2640 198 2685 ﬁditil‘t
210 2644 257 2683 sed
271 2644 316 2677 qui
332 2645 378 2672 lilii
394 2639 764 2685 promissionisaestimantur
817 2639 921 2684 positi-II,
934 2639 1044 2677 I'ii'éra‘
1056 2639 1322 2685 eii‘iéﬁb‘ini'ssiofi

7 2677 293 2717 isemine‘.‘Quoniani
307 2677 506 2717 supra'dixerat
523 2690 571 2717 pro
586 2683 761 2712 fratribus....

6 2711 312 2754 υγίνξετξθιῖψιηςξριπε
340 2711 371 2741 se
395 2711 539 2744 anathema
561 2718 632 2752 tieri,
649 2726 764 2754 quorum

4 2751 55 2773 sset
73 2746 182 2781 adoptio
198 2746 324 2781 filiorum,
340 2757 349 2774 ι
366 2755 419 2777 etc.

36 2780 80 2822 εει)
90 2780 174 2822 eos.
190 2791 200 2808 ‹
214 2790 274 2822 «ne
287 2791 320 2822 ex
399 2794 411 2822 ,ι

35 2815 78 2850 62)
93 2816 176 2851 Editi,
195 2826 204 2844 t
218 2815 280 2846 Ilaec
295 2819 423 2849 discretio
434 2821 490 2857 jam
508 2826 581 2856 tunc,
603 2831 611 2849 ι
630 2827 683 2851 etc.

854 2684 911 2720 (66)
932 2685 1012 2717 Editi,
1031 2695 1041 2710 ι
1057 2692 1108 2712 non
1124 2685 1209 2712 solum
1222 2687 1369 2713 secundum
1387 2685 1515 2716 carnalis,
1534 2695 1542 2711 I
1556 2690 1612 2713 etc.

855 2719 912 2754 (67)
928 2720 1015 2756 VEditi,
1027 2729 1036 2745 ι
1050 2725 1130 2756 partu
1142 2721 1220 2753 editi,
1244 2728 1329 2755 neqtte
1344 2721 1406 2747 ullis
1420 2721 1525 2747 actibus
1542 2727 1610 2756 plle‘

820 2763 911 2783 rorum
927 2755 990 2782 boni
1003 2755 1100 2782 malive
1113 2756 1182 2782 inter
1203 2756 1328 2783 homines
1340 2756 1423 2783 habiti

868 2788 914 2824 68)
936 2790 1018 2821 Edili,
1039 2799 1048 2816 α
1068 2790 1188 2818 dilectio.
1209 2800 1218 2816 ι

870 2824 915 2861 69)
935 2824 1042 2859 Edili,_t
1059 2825 1115 2855 Cur
1126 2829 1216 2854 autem
1229 2826 1265 2854 ita
1280 2825 1343 2858 sint,
1362 2826 1422 2854 doct
