1827 3053
213 88 282 118 1H3

212 193 258 220 Dei
276 192 345 228 (70),
361 192 397 219 ita
412 197 439 218 ct
454 191 497 218 hic
509 198 541 218 ex
554 190 657 218 duobus
673 191 762 218 minor
778 190 887 226 eligitur
901 189 994 223 Jacob,

212 239 258 273 qui
279 239 421 272 adoptetur
435 236 462 263 in
478 236 559 263 tilium
582 235 629 263 Dei
646 245 654 269 ;
671 241 697 263 et
714 236 754 263 sic
768 243 860 263 verum
882 235 910 263 ﬁt
925 237 995 270 quod

212 284 408 317 promissiones
421 282 466 309 Dei
479 290 530 309 non
546 282 571 308 in
585 282 646 309 [iliis
660 283 762 315 carnis,
775 283 821 309 sed
836 283 861 310 in
872 282 917 310 Dei
936 283 996 311 llliis

203 329 346 356 "cnnstent.
361 329 414 356 Sed
429 329 486 356 lucc
501 329 590 355 omnia
605 336 637 355 eo
652 333 786 362 spectant,
802 334 830 355 ιιι
851 328 914 354 illud
935 337 998 363 pro-

201 375 258 403 'bct
274 375 428 410 Apostolus,
443 375 513 409 quod
535 375 557 402 si
581 375 621 402 vel
637 374 711 402 Isaac
727 374 767 402 vel
789 373 872 402 luenb
892 382 939 408 pro
954 375 996 401 his

212 421 318 448 meritis
339 421 418 448 electi
445 421 560 448 fuissent
575 428 589 447 a
619 421 672 447 Deo
695 428 755 455 qua:
770 421 795 447 in
819 428 901 448 carne
918 420 995 455 positi

204 465 396 503 ‘acquisierant
410 467 478 504 (7i),
489 473 514 494 et
529 475 576 502 per
587 475 671 502 opera
685 467 925 500 Carnisjttstilimri
940 474 997 493 tne—

211 512 341 546 rnissent,
357 518 448 548 posset
463 513 555 547 utique
577 513 665 540 meriti
686 520 779 540 eorum
794 513 880 547 gratia
900 512 933 538 ad
950 519 998 547 po-

211 559 363 586 steritatem
386 558 476 585 carnis
505 565 615 593 quoque
638 563 662 585 et
687 558 826 591 sanguinis
851 558 997 592 pertinere.

212 603 289 630 Nunc
305 611 369 630 vero
387 611 447 630 cum
467 604 563 630 electio
582 610 676 630 eormn
695 611 747 629 non
762 611 795 630 ex
815 604 942 638 operibus
958 604 999 630 fa-

213 654 255 677 cta
273 650 318 681 sit,
332 650 378 677 sed
390 658 422 677 ex
436 651 573 684 proposito
583 650 640 681 Dei.
653 654 680 677 et
690 657 721 677 ex
738 651 862 677 vocantis
874 651 996 683 arbitrio,

212 694 431 729 promissionum
446 695 530 728 gratia
559 703 610 721 non
629 696 655 721 in
677 695 739 722 filiis
756 695 846 722 carnis
861 695 997 730 impletttr,

213 740 260 766 sed
273 740 298 766 in
310 740 437 772 ﬂliisDei.
451 740 501 767 hoc
518 745 569 773 est,
581 741 625 775 qui
639 741 763 768 similiter
777 747 805 767 ιιι
827 741 876 775 ipsi
893 749 924 768 ex
942 749 1000 777 pro-

213 785 301 820 posito
313 785 357 812 l)ci
371 786 514 820 eliguntur,
530 791 556 814 et
567 787 728 821 adoptantur
743 787 768 814 in
786 787 864 814 filios.
878 787 1000 821 Comple-

215 835 259 858 tur
272 839 386 866 namque
401 832 481 858 etiam
498 832 522 859 in
534 832 577 860 bis
591 832 653 859 illud
667 833 738 867 quod
749 833 803 867 jam
820 841 900 867 supra
921 841 1002 869 expo-

213 877 317 904 suimus
337 877 398 912 quia
415 885 497 912 «quos
509 879 654 912 prarscivit,
665 878 724 905 illos
736 885 762 906 et
775 880 974 914 praedestinavit
991 888 998 906 :

214 927 239 948 et
251 930 318 957 quos
341 923 617 956 prmdestinavitJllos
632 929 656 951 cl
669 925 827 952 vocavit:et
839 933 907 959 quos
923 933 1002 952 voca-

214 968 262 999 vit,
273 967 331 994 illos
345 973 371 995 et
385 968 542 1001 justiﬁcavit
559 979 566 996 :
581 976 608 997 et
626 978 693 1005 quos
711 970 879 1005 justiﬁcarit,
893 971 952 999 illos
975 977 1000 1000 et

213 1013 376 1047 gloriﬁcavit
386 1014 433 1042 ⁸⁸.»
447 1015 618 1051 Quaecunque
632 1023 722 1044 autem
737 1018 769 1045 de
778 1017 819 1045 his
832 1019 1001 1046 sermonibus

214 1065 294 1093 supra
311 1060 503 1094 exposuimus.
518 1062 612 1089 eadem
633 1062 714 1090 etiam
734 1063 766 1089 ad
785 1064 925 1098 praesentis
949 1064 999 1091 loci

213 1105 429 1141 explanationem
445 1109 512 1136 satis
537 1109 698 1144 abundeque
723 1109 874 1141 suﬂiciunt,
893 1117 926 1136 ne
951 1110 999 1137 ite-

215 1154 299 1180 rando
312 1155 404 1181 eadem
427 1153 564 1182 fastidium
580 1154 636 1191 (72)
657 1155 808 1190 legentibus
829 1164 998 1192 generemus.

249 1198 293 1226 16.
315 1207 326 1224 ε
342 1197 410 1232 Quid
423 1206 488 1234 ergo
504 1201 625 1228 dicemus
647 1201 658 1228 ?
672 1200 796 1237 Nunquid
816 1202 946 1236 iniquitas
959 1207 1000 1230 est

213 1245 283 1279 apud
304 1245 388 1273 Deum
403 1246 416 1273 ἲ
435 1246 524 1274 Absit.
543 1246 626 1282 Moysi
648 1248 720 1275 enim
741 1248 808 1275 dicit
825 1257 831 1274 :
853 1248 1000 1276 Miserebor

213 1290 290 1325 cujus
304 1291 445 1325 misereor,
458 1298 484 1320 et
507 1293 720 1322 misericordiam
743 1295 876 1330 praestabo
889 1295 931 1322 cui
946 1296 998 1323 mi-

214 1336 336 1363 serebor.
359 1335 444 1371 Igitur
467 1344 520 1364 non
539 1337 653 1366 volentis
674 1346 760 1374 neque
782 1340 935 1373 currentis,
951 1340 998 1368 sed

214 1381 369 1410 miserentis
382 1387 423 1410 est
445 1383 502 1411 Dei.
516 1383 584 1410 Dicit
596 1385 668 1412 enim
681 1386 821 1421 Scriptura
841 1386 973 1414 Pharaoni
990 1395 997 1414 :

214 1426 281 1461 Quia
301 1428 334 1455 ad
352 1429 403 1456 hoc
421 1429 508 1464 ipsum
527 1435 553 1457 te
567 1432 694 1458 suscitari
709 1452 716 1464 ,
738 1437 767 1459 ut
779 1433 918 1460 ostendam
931 1433 957 1461 in
973 1438 999 1461 te

213 1473 342 1500 virtutem
356 1481 454 1507 meam.
465 1480 492 1503 et
504 1480 534 1503 ut
545 1478 719 1505 annuntietur
731 1479 786 1513 (73)
798 1486 894 1506 nomen
907 1486 997 1506 meum
1012 1492 1033 1520 η

216 1520 241 1547 in
254 1519 381 1548 universa
395 1525 477 1548 terra.
493 1522 563 1556 Ergo
576 1523 619 1550 cui
638 1524 693 1550 vult
708 1525 904 1558 miseretur,et
918 1533 997 1561 quem

214 1564 272 1593 vult
298 1565 415 1594 indurat.
434 1566 506 1594 Dicis
528 1568 617 1603 itaque
636 1569 701 1596 mihi
717 1577 723 1596 :
737 1569 806 1602 Quid
828 1577 894 1605 ergo
911 1571 999 1598 adlmc

214 1610 356 1645 queritur?
370 1611 503 1639 Voluntati
516 1613 587 1639 enim
597 1613 656 1647 ejus
666 1614 728 1649 quis
746 1614 849 1641 resistit
863 1615 883 1630 “
897 1615 972 1650 (7t)?
987 1625 996 1641 I

215 1654 359 1691 Legentem
374 1657 431 1684 haec
449 1656 603 1686 meminisse
625 1659 753 1687 attentius
768 1660 894 1687 convenit
906 1661 1000 1688 simili-

217 1702 318 1729 tudinis
342 1702 414 1730 illius
427 1723 433 1735 ,
449 1711 529 1738 quam
550 1705 576 1731 in
595 1705 780 1740 superioribus
794 1706 871 1733 libris
883 1707 915 1734 de
935 1715 999 1742 apo-

215 1746 305 1774 stolici
320 1749 453 1777 sermonis
472 1750 674 1784 dispensatione
690 1751 839 1785 posuimus.
850 1752 921 1786 quod
941 1757 1001 1779 tan-

214 1799 297 1828 quam
311 1793 337 1820 in
353 1794 426 1829 regia
443 1797 559 1833 quadam
572 1796 661 1829 domo,
676 1804 738 1831 qua:
758 1796 953 1832 multiplicilms
965 1799 1001 1825 sit

216 1839 384 1875 ingressibus
400 1842 606 1877 egressibusque
623 1842 761 1877 distincta,
775 1850 808 1870 ex
821 1851 874 1871 uno
888 1845 914 1871 in
928 1845 1000 1872 aliud

215 1885 345 1914 conclave
360 1887 395 1914 ita
416 1892 579 1919 transeatur,
592 1893 621 1915 ut
637 1889 681 1916 vix
702 1889 999 1924 ingredientisindicia,

217 1935 264 1958 aut
280 1933 443 1967 egredientis
455 1939 601 1968 appareant
616 1943 622 1961 :
642 1935 677 1961 ita
691 1935 771 1962 etiam
786 1934 884 1962 Paulus
897 1935 1002 1963 dirino-

217 1985 277 2005 rum
305 1984 408 2006 secreta
432 1979 568 2014 paululum
591 1980 699 2014 quidem
717 1980 892 2016 subaperiens
907 1981 1001 2008 videa-

218 2029 275 2056 tur,
289 2033 342 2052 non
367 2030 456 2052 tamen
478 2026 556 2060 plane
572 2031 717 2061 aperteque
735 2027 854 2061 pandens
871 2026 937 2062 (75).
954 2026 1002 2054 De-

217 2069 300 2104 nique
309 2078 370 2098 curn
387 2070 489 2106 probis
506 2078 566 2105 qua:
581 2071 705 2105 superius
718 2071 824 2099 dixerat
836 2071 869 2099 dc
883 2073 959 2101 Isaac
976 2078 1004 2101 et

215 2113 312 2148 Jacob.
326 2116 396 2150 quod
412 2124 459 2150 per
469 2116 627 2143 electionem
642 2121 668 2143 et
686 2124 718 2144 ex
734 2118 872 2151 proposito
885 2119 941 2151 Dei,
955 2127 1003 2146 an-

933 87 1092 117 ORIGENIS
1776 91 1817 118 ltt.

211 147 302 176 carnis
322 146 397 174 Isaac
413 145 521 180 eligitur
534 153 548 173 a
563 145 618 173 Deo
636 145 681 180 qui
698 145 840 180 adoptetur
857 144 883 172 in
909 145 993 172 tilium
1010 149 1030 177 Α
1047 150 1073 171 et
1098 144 1150 172 erit
1171 143 1246 172 Sane
1269 144 1354 176 ﬁlius;
1382 153 1391 170 ι
1414 143 1454 172 rel
1472 144 1506 171 de
1534 144 1589 171 hoc
1619 151 1626 169 :

1660 152 1670 168 ί
1698 142 1778 172 Iacob
1796 143 1827 170 εί(

1047 191 1109 222 texi.
1125 190 1193 217 Esau
1207 194 1295 217 atttem
1309 190 1372 217 odio
1389 190 1470 216 habui
1483 189 1555 222 “-".
1573 199 1584 215 ι
1599 197 1667 217 cum
1684 190 1712 216 in
1726 198 1820 224 prtem

1046 235 1163 269 capitulo
1177 234 1370 262 introduxisset
1388 234 1506 269 aliquam
1523 242 1680 268 personam
1695 235 1768 262 velut
1779 245 1822 262 re:-

1047 281 1223 308 tradircntem
1243 280 1294 308 sibi
1313 285 1338 308 ct
1355 282 1532 315 quzestioncm
1549 286 1728 313 moventem,
1741 283 1820 308 ordia.

1046 332 1087 354 ret
1104 335 1110 353 :
1124 337 1132 352 ι
1148 327 1271 361 Nunquid
1303 327 1430 360 iniquitas
1459 333 1501 354 est
1513 327 1586 362 apud
1600 327 1693 354 Deum
1703 326 1728 353 2-

1046 372 1193 406 diSsctque,
1211 381 1221 398 ι
1235 372 1311 399 Absit
1322 372 1387 408 (77),
1409 382 1419 398 ι
1440 373 1488 400 sed
1508 382 1518 398 ι
1537 380 1594 399 non
1620 372 1820 407 volentis.qu

1046 416 1129 452 6”,
1139 417 1288 450 currentis,
1302 418 1349 443 sed
1366 417 1522 444 Iniserentis
1540 416 1601 452 (7S)
1615 416 1668 444 Dei
1684 421 1727 444 at
1740 426 1747 443 :
1762 426 1770 442 ι
1782 424 1818 443 ets

1048 462 1215 489 Pharaonem
1228 467 1369 497 propterea
1380 462 1541 498 elegit,utin
1556 463 1618 497 ipso
1630 463 1778 497 potentiam
1788 472 1821 490 sse

1048 509 1157 535 virtutis
1171 509 1328 536 ostenderet
1341 517 1348 534 :
1365 513 1391 535 et
1411 509 1432 536 si
1447 509 1506 544 ipse
1520 510 1564 536 cui
1579 509 1641 536 vult
1655 509 1822 538 miseretum

1048 560 1127 587 quem
1142 552 1199 579 vult
1223 553 1332 580 indurat
1346 562 1353 581 :
1368 557 1398 580 ut
1415 554 1480 587 quid
1496 554 1531 580 de
1549 553 1730 584 hominibus.
1751 554 1822 587 inquit

1048 599 1169 633 queritur
1181 599 1237 634 (79)
1246 599 1258 626 ?
1266 604 1293 626 et
1301 607 1348 626 cur
1357 599 1401 634 qui
1414 604 1505 634 peccat
1514 599 1658 635 culpatur,
1671 607 1735 626 cum
1746 600 1796 626 talis
1804 606 1822 625 εκ

1050 653 1210 680 unoquoque
1223 646 1306 680 ipsius
1313 646 1436 673 voluntas
1450 645 1586 673 habeatur
1596 645 1607 672 ἶ
1616 645 1682 673 ΙΙεε
1690 653 1757 681 ergo
1766 651 1788 672 et
1797 645 1824 672 lt-J

1049 691 1147 718 similia
1163 692 1355 722 commoventi,
1369 695 1452 726 atque
1473 692 1498 718 in
1513 692 1597 726 hujus
1614 699 1646 718 se
1661 693 1780 727 mysterii
1791 700 1824 718 ue

1051 736 1168 764 biculnm
1190 737 1344 772 protervius
1357 743 1384 764 et
1404 737 1592 772 importunius
1621 738 1824 772 iugerenti.cus

1052 783 1238 817 increpatione
1258 783 1424 817 dignissima:
1441 783 1659 810 exclamationis
1671 785 1795 813 occurrit,
1808 791 1825 809 ει

1050 831 1117 858 dicit
1137 839 1144 857 :
1164 839 1172 856 ι
1190 831 1212 858 0
1227 831 1328 858 homo!
1347 836 1373 858 tu
1387 831 1449 865 quis
1460 838 1488 858 es
1507 831 1554 866 qui
1568 836 1670 858 contra
1685 832 1823 865 respondeas

1051 876 1128 903 Deo?
1143 887 1152 903 ι
1168 877 1251 910 Quasi
1267 877 1369 904 diceret
1387 884 1395 903 :
1414 876 1453 903 Tn
1468 877 1531 911 quis
1547 884 1578 903 es
1593 877 1644 911 qui
1658 881 1686 904 tc
1711 877 1739 903 in
1756 878 1823 902 aulas

1051 924 1122 959 regis
1136 924 1285 959 immergis,
1302 928 1329 950 et
1345 923 1484 950 interioris
1505 923 1627 950 cubiculi
1647 931 1733 950 ausus
1752 930 1779 950 es
1797 931 1823 949 ὲ

1052 976 1125 998 creta
1137 970 1297 1005 penetrare?
1313 969 1414 996 Idcirco
1429 969 1510 1004 igitur
1525 973 1553 996 et
1566 977 1619 995 nos
1633 969 1661 996 in
1675 969 1774 995 talibus
1785 977 1825 995 ss-

1050 1024 1134 1051 penso
1156 1017 1223 1050 pede
1250 1020 1376 1050 tauquam
1398 1015 1424 1041 in
1451 1016 1512 1042 aula
1536 1015 1614 1049 regia
1641 1015 1742 1049 positi,
1762 1022 1824 1047 patara

1049 1069 1187 1093 sermone,
1201 1062 1277 1096 plura
1290 1061 1398 1089 silentio
1413 1066 1595 1093 transeamus,
1611 1061 1673 1095 ipso
1685 1061 1762 1086 nobis
1781 1067 1825 1092 ape

1049 1108 1117 1136 stolo
1144 1108 1227 1135 Paulo
1249 1108 1376 1143 magistro
1397 1113 1424 1135 et
1445 1107 1512 1133 duce
1533 1106 1615 1140 hujus
1638 1106 1750 1133 itineris
1764 1106 1824 1131 fata

1049 1153 1132 1190 Igitur
1144 1161 1176 1181 ex
1199 1161 1312 1188 persona
1338 1154 1548 1181 contradicentis
1565 1153 1619 1179 sibi
1641 1153 1711 1179 dicit
1730 1153 1823 1186 Aposta-

1049 1201 1090 1228 lns
1108 1209 1134 1227 τί
1149 1200 1273 1235 Nunquid
1284 1201 1413 1235 iniquitas
1425 1204 1467 1228 est
1484 1200 1555 1235 apud
1570 1200 1658 1227 Deum
1672 1201 1684 1226 ’Ξ
1696 1210 1706 1226 ι
1718 1205 1744 1226 et
1755 1201 1822 1225 suti-

1049 1247 1076 1274 in
1091 1247 1174 1274 initis
1189 1247 1332 1282 respondet
1347 1255 1354 1273 :
1375 1256 1384 1272 ι
1400 1247 1477 1274 Absit
1493 1256 1500 1280 ;
1518 1256 1527 1273 ι
1546 1251 1573 1274 ιιι
1588 1247 1624 1273 ad
1638 1248 1732 1273 omnia
1747 1253 1824 1274 esten

1048 1301 1108 1328 qua:
1119 1300 1152 1320 cx
1171 1300 1285 1328 persona
1302 1293 1518 1320 contradicentis
1538 1293 1700 1327 Oiljit'iend:
1718 1298 1789 1322 sunt.
1803 1294 1823 1318 at

1048 1339 1177 1374 Apostolo
1201 1345 1308 1373 semper
1336 1338 1493 1372 responderi
1519 1338 1657 1370 videatur,
1688 1347 1699 1363 ί
1724 1338 1823 1364 Absit:

1048 1384 1100 1412 iste
1120 1391 1185 1419 ergo
1209 1383 1254 1418 qui
1277 1383 1451 1416 contradicit,
1476 1384 1564 1410 utitur
1579 1389 1608 1411 et
1633 1384 1723 1420 Moysi
1741 1387 1824 1414 verbis.

1048 1431 1146 1466 quibus
1169 1430 1234 1457 dicit
1256 1429 1290 1456 ad
1307 1435 1369 1456 eum
1395 1429 1547 1456 Deminus:
1565 1439 1574 1454 ι
1593 1429 1749 1458 Miserebor
1768 1432 1824 1462 cuius

1050 1477 1189 1510 misereor,
1212 1481 1240 1504 et
1260 1475 1473 1504 misericordiam
1498 1477 1637 1510 praestabo
1663 1478 1711 1504 cui
1733 1478 1824 1505 misere

1049 1523 1098 1551 bor
1111 1523 1143 1552 ιδ.
1162 1533 1172 1549 ι
1190 1523 1266 1557 Quod
1283 1523 1305 1550 si
1319 1528 1371 1555 est,
1385 1521 1483 1557 inquit,
1500 1529 1553 1548 non
1572 1529 1639 1557 ergo
1659 1523 1780 1550 volentis
1790 1531 1822 1548 ai-

1049 1577 1102 1604 que
1114 1569 1246 1596 currentis
1259 1573 1301 1596 est
1312 1568 1396 1600 salus.
1405 1568 1452 1595 sed
1465 1567 1523 1602 ejus
1537 1568 1581 1595 cui
1597 1568 1749 1596 miseretur
1762 1568 1822 1596 [)ch

1050 1615 1115 1642 Nam
1132 1620 1160 1642 et
1182 1614 1316 1642 Pharaoni
1338 1613 1407 1649 (80),
1426 1613 1526 1648 inquit.
1546 1613 1663 1646 dicitur,
1684 1623 1696 1638 ι
1720 1615 1783 1649 quia
1801 1618 1821 1639 ιι

1050 1661 1100 1688 hoc
1117 1661 1203 1695 ipsum
1218 1665 1244 1687 te
1255 1659 1395 1690 suscitavi.
1408 1663 1436 1685 nt
1456 1659 1597 1686 ostendam
1615 1659 1643 1684 in
1659 1663 1690 1686 te
1716 1660 1822 1686 virtut-'-

1051 1714 1148 1738 meam,
1161 1711 1188 1733 ct
1203 1709 1232 1733 ιιι
1250 1704 1426 1732 attltuntietur
1441 1711 1537 1731 nomen
1560 1712 1650 1730 meum
1671 1705 1702 1731 in
1720 1706 1823 1731 universa

1052 1758 1123 1779 terra
1138 1752 1159 1767 ¹⁵
1175 1760 1182 1784 ;
1202 1761 1211 1777 ι
1229 1756 1257 1778 ut
1274 1759 1305 1779 ex
1325 1751 1376 1778 hoc
1402 1751 1524 1777 videatur
1534 1750 1655 1781 ostendi.
1677 1751 1746 1784 quia
1766 1753 1786 1777 si
1805 1760 1812 1775 :

1052 1797 1103 1823 boc
1115 1796 1220 1823 electus
1235 1801 1276 1824 est
1288 1795 1404 1827 Pharao,
1422 1800 1450 1821 ιιι
1461 1802 1510 1829 per
1519 1802 1578 1822 eum
1591 1796 1684 1823 virtus
1700 1796 1748 1823 Dei
1762 1797 1824 1823 huc:~

1052 1842 1129 1868 nibus
1141 1842 1303 1873 declaretur,
1316 1849 1368 1868 non
1383 1841 1467 1868 fuitin
1482 1848 1529 1867 sua
1542 1845 1682 1875 potestate
1696 1843 1770 1877 quod
1784 1849 1827 1875 ιντ-

1054 1888 1094 1915 ἰίι.
1118 1887 1148 1915 Et
1173 1888 1249 1915 addit
1262 1887 1316 1924 (Si)
1332 1891 1392 1922 post
1412 1887 1503 1913 omnia
1520 1895 1528 1914 :
1547 1896 1556 1912 ι
1578 1887 1651 1922 Ergo
1666 1889 1714 1914 cui
1732 1888 1827 1914 “titil-

1052 1939 1168 1968 scrctur,
1193 1938 1219 1962 et
1238 1942 1319 1969 quem
1340 1934 1397 1961 vult
1422 1933 1541 1961 indurat.
1559 1943 1568 1960 ι
1587 1933 1646 1961 Iloc
1667 1939 1725 1965 est.
1749 1935 1824 1968 inquit.

1052 1981 1123 2015 quod
1132 1988 1270 2009 assereras
1279 1985 1306 2008 ιιι
1321 1980 1367 2015 qui
1390 1978 1567 2011 contradicis.
1590 1980 1655 2014 quia
1684 1980 1747 2008 sine
1764 1986 1827 2006 causa

1053 2027 1227 2061 conqueritur
1241 2031 1268 2054 et
1289 2027 1383 2060 arguit
1399 2027 1523 2054 hotuines
1546 2026 1628 2053 Deus.
1648 2025 1681 2052 Si
1700 2027 1771 2054 enim

1054 2080 1133 2107 quem
1155 2072 1347 2106 vulteligit,-et
1364 2080 1443 2107 quem
1460 2072 1515 2099 vult
1536 2072 1644 2105 abjicit.
1660 2072 1793 2099 voluntati
1809 2072 1827 2095 ti-

1056 2117 1107 2145 lius
1122 2118 1183 2152 quis
1206 2119 1308 2146 resistit
1321 2117 1377 2154 (82)
1398 2126 1447 2153 per
1461 2126 1542 2153 quem
1560 2119 1655 2146 omnia
1674 2119 1688 2145 ἒ
1706 2119 1771 2145 Illud
1784 2119 1827 2143 sise

219 2167 327 2198 tequam
339 2162 439 2197 aliquid
455 2162 544 2196 operis
561 2161 624 2189 boni
643 2161 741 2188 malive
757 2162 917 2196 gessissent,
934 2163 1004 2191 Deus
1019 2163 1040 2191 D
1055 2163 1137 2191 dubio
1159 2165 1338 2191 contradictio
1366 2165 1417 2191 ista
1443 2164 1562 2197 molitur,
1583 2165 1658 2199 quod
1686 2165 1714 2191 in
1739 2163 1825 2191 hornis!

219 2209 317 2236 dixerit
333 2208 386 2242 t76)
402 2208 444 2236 vel
467 2208 501 2235 de
522 2208 585 2235 illo:
601 2217 610 2234 ι
633 2208 672 2235 Ad
694 2208 744 2235 hoc
766 2213 872 2243 tempus
885 2209 1003 2243 veniam,

1061 2216 1113 2236 non
1125 2210 1160 2237 sit
1179 2209 1290 2237 libertas
1306 2209 1433 2245 arbitrii,
1452 2218 1501 2238 nec
1529 2211 1634 2238 habeat
1657 2211 1827 2244 unusquisqt-e

255 2278 277 2295 ¹⁶
292 2278 370 2306 Rom.
385 2277 496 2311 un.‘29.
513 2277 557 2304 50.
597 2277 706 2304 “Rom.
725 2285 761 2309 rx,
776 2277 809 2304 Η
825 2284 882 2312 seq.
918 2276 976 2292 ¹¹-¹³
990 2275 1088 2304 Genes.
1107 2283 1183 2309 xvttt,
1200 2275 1248 2309 i0;
1269 2275 1382 2304 Malacb.
1398 2284 1417 2311 I,
1438 2276 1466 2304 2.
1504 2277 1527 2293 “
1548 2278 1637 2306 Exod.
1664 2287 1764 2311 xum.
1786 2278 1825 2306 l9;

221 2313 297 2342 Ilom.
316 2321 353 2346 Ix,
374 2313 472 2346 15,”.
512 2314 533 2329 "
549 2313 634 2340 Exod.
663 2320 700 2346 Ix.
726 2315 779 2346 tt};
802 2312 880 2340 ltom.
903 2321 941 2345 Ix,
966 2312 1008 2338 l7.

255 2387 312 2423 (70)
328 2388 365 2415 lta
386 2387 512 2414 Babanus
530 2386 581 2423 hic»
594 2390 621 2413 et
634 2385 790 2423 iu_fr:i._llss.
806 2392 871 2412 vero
884 2385 1006 2423 plerique

218 2429 247 2450 et
261 2420 340 2454 editi,
357 2431 367 2448 ι
393 2423 419 2449 in
445 2423 513 2449 lilios
537 2421 593 2448 Dei.
614 2430 623 2447 ι
642 2421 692 2448 Ms.
716 2420 815 2456 Regius
836 2428 909 2447 tntm.
926 2420 1004 2452 1659,

221 2465 233 2484 ι
249 2457 274 2484 in
292 2457 347 2485 lilio
371 2458 427 2485 Dei.
445 2466 454 2483 ι

256 2492 312 2527 (7t)
333 2492 414 2525 Editi,
434 2501 443 2518 ι
467 2493 500 2519 ad
514 2499 546 2519 ea
569 2498 629 2526 qua:
646 2490 672 2517 in
696 2498 776 2518 carne
795 2490 873 2526 positi
891 2489 1005 2524 quasie-

220 2532 292 2554 l'attl.
311 2537 322 2554 ι

256 2561 312 2597 (72)
334 2561 416 2595 Editi,
432 2571 441 2588 ι
465 2561 796 2597 dispensationem.....ne
819 2560 915 2587 iterato
927 2558 1005 2586 fasti-

221 2597 306 2629 dium.
326 2607 336 2624 ι
351 2601 404 2623 etc.

258 2632 314 2666 (7'5)
335 2631 416 2663 Editi.
435 2640 446 2666 ι
465 2635 494 2658 ιιι
516 2632 656 2658 ostendam
673 2632 699 2658 in
720 2635 745 2658 te
767 2631 905 2662 virtutem,
919 2631 946 2655 et
962 2635 1008 2655 an-

223 2666 375 2695 nuntietur.
392 2675 402 2692 ι
424 2665 488 2693 Mss.
504 2666 624 2700 quidam,
641 2675 651 2692 ι
668 2665 836 2695 annuntiem.
855 2674 864 2690 ι
880 2669 933 2691 etc.

258 2702 315 2737 (τι)
336 2701 419 2737 Editi,
436 2709 446 2737 ς
477 2698 685 2737 ῡὶὸἰιὶενὶιέιίιιιθ
709 2701 773 2737 mihi
798 2708 804 2726 :
822 2699 901 2737 Quid
919 2698 1006 2725 adhuc

222 2734 353 2771 quieritur
369 2736 381 2763 ?
398 2735 534 2764 Voluntati
545 2736 618 2763 enim
630 2734 688 2770 ejus
699 2736 762 2771 quis
775 2734 902 2771 resistet?
917 2741 927 2771 ξ

258 2772 314 2807 (75)
331 2771 413 2808 Editi,
429 2781 444 2808 Vr
457 2775 486 2799 ut
500 2775 633 2808 tanquam
644 2768 722 2805 regia
745 2769 893 2808 cujusdam
908 2768 1004 2808 domus

224 2803 282 2840 qua:
295 2803 489 2840 multiplicibus
500 2803 713 2840 ingressibus...
726 2809 753 2832 ct
769 2803 800 2832 ex
820 2812 872 2831 uno
887 2804 913 2830 in
931 2803 1002 2830 aliud

1058 2383 1196 2415 conclave.
1210 2383 1245 2410 ita
1262 2387 1391 2411 transeat.
1411 2392 1421 2409 ι
1440 2383 1542 2410 Deinde
1558 2382 1641 2410 iidem
1654 2383 1722 2410 editi
1738 2388 1763 2410 et
1775 2390 1824 2408 mai.

1058 2418 1177 2452 quidam,
1187 2428 1197 2444 ‹
1207 2418 1245 2445 ita
1257 2419 1338 2446 etiam
1351 2418 1462 2445 Paulmn
1477 2419 1699 2453 subaperientem
1713 2419 1824 2445 rideri".

1058 2458 1206 2487 aperteque
1220 2453 1389 2487 pandentem.
1408 2462 1418 2479 ι

1093 2488 1150 2520 (76)
1170 2488 1251 2520 Editi,
1273 2497 1283 2514 ‹
1298 2487 1413 2515 dixerat.
1434 2497 1443 2513 ι

1105 2488 1150 2520 76)
1170 2488 1251 2521 Editi,
1273 2497 1283 2514 ‹
1298 2488 1413 2515 dixerat.
1434 2497 1443 2513 ι

1093 2488 1149 2558 £77)
1171 2523 1413 2558 Respondisselque,
1430 2522 1512 2549 Absit.
1529 2521 1593 2549 "ac
1610 2522 1793 2558 desiderantur
1807 2523 1822 2545 in

1059 2557 1241 2590 antea'cditis,
1255 2563 1281 2585 et
1293 2559 1319 2585 in
1335 2566 1386 2584 ms.
1408 2558 1490 2592 Regio
1506 2565 1579 2583 nttm.
1598 2557 1678 2589 1659,
1691 2557 1737 2593 qui
1751 2563 1822 2591 3-:st

1061 2592 1152 2619 habet.
1173 2601 1182 2618 ι
1205 2593 1227 2619 si
1247 2600 1299 2619 non
1314 2592 1438 2619 volentis.
1461 2601 1470 2618 ι
1487 2597 1540 2619 etc.

1071 2597 1152 2623 labet,
1173 2601 1182 2618 ι
1205 2597 1227 2619 si
1247 2600 1299 2620 non
1314 2597 1438 2621 volentis.
1461 2601 1470 2618 ι
1487 2597 1540 2619 etc.

1095 2627 1151 2666 (7g)
1266 2636 1276 2652 ‹
1293 2627 1488 2666 misericordia.
1509 2631 1562 2666 uel
1578 2636 1588 2653 ι
1607 2626 1800 2654 misericordia.
1814 2633 1820 2649 ι

1094 2662 1150 2695 (79)
1170 2662 1249 2694 Editi,
1267 2671 1277 2688 ‹
1298 2663 1438 2697 quaeritur,
1451 2671 1460 2687 ι
1478 2662 1557 2688 male.
1816 2694 1819 2697 .

1093 2696 1149 2732 (80)
1171 2697 1250 2728 Editi.
1269 2706 1278 2723 ι
1299 2696 1385 2731 neque
1402 2698 1535 2724 currentis
1552 2697 1640 2730 salus.
1661 2697 1709 2725 sed
1724 2697 1779 2731 ejus
1790 2701 1820 2721 cm

1058 2733 1211 2759 miseretur.
1230 2732 1295 2759 Nam
1307 2731 1452 2763 Pharaoni,
1468 2741 1477 2757 ι
1494 2736 1548 2760 etc.

1103 2767 1148 2801 81)
1170 2766 1250 2798 Editi.
1268 2776 1279 2794 ‹
1300 2766 1326 2794 in
1339 2766 1396 2801 ejus
1411 2771 1589 2801 potesta:c....
1608 2767 1639 2795 Ει
1653 2766 1765 2794 addidit.
1781 2773 1789 2790 ι

1103 2802 1147 2837 82)
1169 2801 1249 2836 Editi,
1267 2811 1276 2828 ι
1294 2801 1410 2829 resistet.
1427 2811 1436 2829 ι
