1827 3053
8 77 96 106 ιιιδ

485 78 666 108 (ΣΟΜΜΕΝΤ.
686 78 720 106 IN
741 78 850 106 EPIST.
871 78 917 105 AD
937 77 1021 106 ROM.
1043 78 1107 106 LIB.
1125 79 1182 109 VII.

1585 81 1652 109 “56

5 137 40 164 in
73 145 125 166 sua
147 142 282 174 potestate
302 142 394 167 utaut
415 138 534 167 salvetur
554 139 623 176 (83),
642 145 689 167 aut
709 144 814 175 pereat.
830 141 853 170 Α
867 139 1025 173 sagacitate,
1051 139 1277 174 contemplabitur
1300 147 1416 176 quorum
1431 148 1464 168 ex
1492 137 1534 166 his
1547 141 1653 169 animus

5 182 53 209 De
73 183 175 218 quibus
196 184 301 218 plenius
316 185 426 219 quidem
441 192 456 212 a
477 185 555 213 nobis
569 185 595 212 in
610 193 643 213 eo
664 186 755 214 libello
768 185 812 213 ubi

5 228 47 255 tle
68 228 178 255 arbitrii
194 229 317 257 libertate
330 230 518 263 disseruimus,
529 238 578 265 pro
593 230 695 259 viribus
707 231 813 265 singula

5 281 138 309 qumque
159 275 280 302 discussa
301 281 364 303 sunt
380 275 452 311 (84),
468 284 527 311 quae
548 278 582 305 ad
607 277 811 305 instructionem

5 319 90 346 satis
108 327 244 354 superque
257 319 403 347 Sttﬂiciant.
418 321 515 349 Paucis
537 326 626 349 tamen
642 321 724 349 etiam
741 330 813 350 nunc

5 365 45 392 tle
69 365 114 392 his
127 373 187 399 quae
202 366 237 392 ibi
254 366 324 394 dicta
347 371 420 399 sunt,
441 367 656 396 admonebimus.
673 368 750 402 Quod
770 368 811 395 tli-

5 409 67 441 ιιι,
90 419 100 436 ι
125 409 182 437 Νοιι
201 410 333 443 volentis,
348 418 437 446 neque
452 413 598 444 currentis,
612 413 660 440 sed
681 414 810 441 miseren-

5 457 48 483 tis
69 460 114 483 est
131 456 188 488 Dei,
204 465 214 482 ι
241 457 277 483 ita
294 457 444 491 accipitur,
463 458 532 486 sicut
543 463 572 486 et
593 459 677 487 David
702 460 769 487 dicit
782 461 809 488 in

5 501 129 530 Psalmo
146 502 167 518 "
183 511 190 529 :
207 511 218 529 ι
238 502 298 530 Nisi
316 503 445 531 Dominus
459 504 636 533 aedificaverit
649 506 770 538 domum,
782 507 808 534 in

5 555 117 575 vanum
137 548 328 576 laboraverunt
341 549 386 584 qui
401 549 536 577 zediticant
553 558 624 578 eam.
646 550 701 580 Nisi
717 552 808 580 Domi-

5 602 65 622 nus
81 595 245 622 custodierit
262 595 412 628 civitatem,
435 597 534 625 frustra
549 598 641 633 vigilat
656 600 701 634 qui
716 605 809 628 custo-

5 641 19 667 d
38 645 48 668 t
66 649 142 669 eam.
162 650 171 667 ι
187 641 214 668 In
233 649 287 676 quo
301 643 424 670 ostendit
445 651 495 670 non
515 644 577 679 quia
599 646 621 672 is
638 645 684 680 qui
698 646 806 672 domum

5 687 142 720 aedificat,
160 687 225 714 nihil
240 692 311 723 agat,
326 693 353 715 et
374 689 477 717 otiosus
498 689 543 724 sit,
557 695 583 718 et
597 691 632 718 ita
648 699 707 718 eam
724 691 808 718 aedifi-

5 737 53 760 cet
73 733 225 765 Dominus;
245 733 292 760 sed
309 734 366 767 ipse
385 734 494 769 quidem
512 739 642 770 quantum
659 741 701 763 est
716 736 743 763 in
762 737 807 764 ho-

5 779 87 806 mine
102 779 295 806 sollicitudinis
314 785 342 807 et
364 780 463 808 laboris
478 782 628 816 expendat;
648 783 692 810 Dei
715 788 804 810 autem

5 824 54 857 sit,
82 829 115 852 ut
137 825 286 852 obstaculis
300 825 426 853 omnibus
447 827 554 857 amotis,
571 835 640 862 opus
664 829 806 862 perveniat

5 870 39 896 ad
61 870 193 897 effectum
210 869 277 904 (85).
294 869 361 898 Cum
382 878 446 906 ergo
460 879 507 906 per
522 872 571 899 hoc
590 873 718 900 doceatur
731 874 804 908 quod

5 918 95 944 homo
111 916 220 951 quidem
245 915 364 944 laborem
383 917 519 952 impendat
541 923 568 945 et
582 919 802 953 sollicitudinem,

5 961 84 988 Deus
98 966 191 989 autem
210 969 364 989 successum
391 963 465 997 operi
494 963 595 990 tribuat
617 969 643 991 et
664 963 802 997 eﬂ'ectum,

5 1008 84 1035 nium
107 1008 200 1042 utique
213 1012 241 1035 et
253 1007 408 1042 religiosum
429 1013 472 1035 est
495 1008 555 1036 ideo
571 1014 598 1036 et
615 1010 717 1037 homini
731 1011 802 1045 quod

5 1062 29 1079 in
51 1060 84 1080 se
97 1058 142 1081 est
153 1053 254 1088 operis,
267 1061 401 1081 summam
427 1054 481 1081 Deo
501 1055 584 1088 magis
600 1062 682 1090 quam
699 1056 800 1083 homini

9 1100 145 1133 leputare
172 1098 239 1134 (86).
262 1099 308 1127 Sic
336 1104 363 1127 et
388 1107 448 1127 cum
478 1100 577 1128 Paulus
604 1101 751 1136 planlabat,
776 1108 803 1129 et

5 1143 105 1178 ιροιιο
119 1145 231 1179 rigabat,
246 1145 314 1172 Deus
324 1145 389 1172 dare
398 1145 497 1173 dicitur
510 1147 705 1174 incrementum
718 1149 737 1163 ¹⁷
753 1156 759 1174 :
774 1154 802 1176 et

5 1191 139 1217 tdditur:
163 1199 172 1216 t
191 1189 285 1225 itaque
300 1198 387 1225 neque
402 1192 446 1226 qtti
465 1192 581 1226 plantat,
599 1200 684 1227 neque
696 1193 742 1227 qtti
761 1194 800 1220 ri-

5 1240 48 1269 gat
66 1240 111 1261 est
121 1234 234 1269 aliquid,
247 1234 293 1262 sed
313 1235 358 1270 qui
371 1235 569 1262 incrementum
585 1236 630 1262 dat
647 1235 717 1263 Deus
735 1236 766 1264 ⁸⁸.
788 1246 797 1263 ι

5 1286 38 1306 tta
60 1287 130 1315 ergo
144 1281 226 1307 etiam
248 1280 274 1307 in
293 1281 418 1314 praesenti
442 1281 501 1308 loco
523 1289 666 1316 pnssntmus
689 1282 798 1316 dicere;

11 1331 101 1360 taque
115 1332 202 1360 neque
216 1326 261 1361 qui
274 1327 362 1353 currit
375 1332 417 1354 est
431 1327 543 1361 aliquid,
558 1335 645 1362 neque
658 1328 703 1363 qui
722 1328 797 1362 vult;

5 1371 50 1398 ied
72 1372 121 1406 qui
145 1370 270 1398 effectura
297 1373 343 1400 dat
367 1372 447 1400 Deus.
476 1373 526 1406 Qui
547 1373 619 1400 enim
639 1374 798 1410 vult,ctqui

5 1417 111 1450 :urrit,
134 1418 185 1445 hoc
200 1418 324 1446 videntur
340 1427 401 1446 esse
416 1420 487 1454 quod
502 1425 543 1447 est
559 1419 603 1448 ille
619 1421 664 1456 qui
682 1421 796 1455 plantat,

5 1469 25 1491 ιι
45 1463 93 1491 ille
113 1463 159 1498 qui
183 1464 270 1499 rigat;
288 1465 335 1492 sed
355 1472 415 1493 eum
435 1465 480 1500 qui
506 1465 608 1500 plantat
628 1466 682 1501 (87)
698 1471 796 1494 etcum

5 1510 48 1545 ιιιί
64 1509 136 1544 rigat
155 1510 221 1537 nihil
236 1511 300 1538 dicit
312 1518 371 1538 esse
384 1511 529 1546 Apostolus
545 1521 550 1538 :
569 1521 621 1539 nou
636 1514 709 1547 quod
730 1513 795 1540 niltil

5 1559 84 1589 -gant
98 1563 106 1588 ;
122 1555 169 1582 sed
182 1555 253 1590 quod
275 1556 308 1583 ad
330 1557 558 1591 comparationem
577 1557 621 1584 Dei
645 1558 692 1592 qui
710 1558 797 1585 incre-

7 1607 126 1628 ncntum
142 1601 188 1628 (lat
203 1602 289 1636 operi,
310 1603 352 1630 vel
375 1602 511 1635 etl‘ecttttn,
530 1603 566 1630 illi
590 1604 655 1630 nihil
678 1611 738 1631 esse
754 1604 796 1631 di-

5 1652 112 1674 :antur.
137 1647 192 1674 Sed
219 1648 314 1675 ethoc
338 1649 409 1683 quod
433 1649 532 1676 tlicitur
548 1649 581 1676 ad
610 1648 794 1682 Pharaonem,

5 1702 9 1719 t
26 1693 100 1726 Quia
115 1692 149 1720 ad
165 1693 215 1721 hoc
233 1694 320 1728 ipsum
338 1699 364 1722 te
386 1694 527 1727 suscitari,
547 1699 576 1722 ut
602 1695 743 1722 ostendam
767 1695 794 1722 in

5 1746 24 1766 e
40 1739 173 1766 virtutem
193 1746 280 1766 meam
292 1739 325 1771 ",
347 1749 356 1767 ι
374 1740 454 1775 quale
470 1741 506 1767 sit
518 1741 667 1767 videamus.
683 1740 793 1767 Certum

5 1788 40 1810 :st
58 1784 145 1811 Deum
161 1792 213 1811 non
230 1785 316 1811 solum
338 1786 409 1813 scire
428 1785 643 1821 uniuscujusque
667 1786 792 1820 proposi-

9 1839 56 1858 um
70 1837 104 1858 ac
118 1830 297 1863 voluntatem,
312 1831 359 1858 sed
372 1836 398 1859 et
419 1832 556 1867 praescire.
582 1830 678 1858 Sciens
702 1836 792 1858 autem

5 1883 24 1904 ξι
57 1884 253 1912 ρτξιιηοερεηε,
286 1883 412 1912 tauquam
446 1878 533 1904 bonus
565 1878 736 1912 dispensator
766 1883 793 1904 et

6 1927 103 1953 ustus,
128 1922 345 1957 uniuscujusque
367 1923 484 1949 motibus
501 1929 528 1949 et
547 1923 686 1958 proposito
709 1924 794 1949 utitur

5 1969 31 1993 id
53 1975 87 1994 ea
104 1975 186 2001 opera
199 1967 342 1994 eilicienda
359 1969 414 2002 (88)
430 1976 489 2002 qua:
503 1969 716 2004 tutiuscttjusqiie
735 1970 793 1995 ani-

5 2021 59 2039 nus
75 2020 109 2039 ac
129 2012 255 2040 voluntas
273 2014 360 2048 eligit.
381 2012 457 2041 Velut
468 2015 503 2046 si,
520 2015 593 2042 verbi
609 2023 702 2047 causa,
718 2015 793 2041 dica-

5 2065 61 2085 nus
76 2066 84 2085 :
101 2058 301 2088 Paterfamilias
313 2060 335 2087 si
347 2062 408 2097 quis
426 2061 461 2088 sit
477 2061 599 2094 sapiens,
610 2065 638 2087 et
654 2061 754 2094 justus,
767 2064 794 2086 et

5 2105 105 2133 labens
125 2107 208 2135 multa
230 2108 360 2140 servitia,
378 2115 482 2141 nonne,
500 2114 601 2143 quanta
624 2107 681 2134 lieri
705 2111 795 2142 potest

865 190 944 219 aptus
960 185 995 212 sit
1011 185 1044 212 ad
1063 193 1108 213 rus
1119 186 1276 218 colendum,
1289 193 1316 214 et
1328 187 1403 221 ipsos
1417 187 1472 213 ruri
1490 187 1628 221 deptttabit
1641 187 1654 214 ΐ

863 232 939 264 cujus
954 238 1018 258 vero
1033 232 1065 258 ad
1079 232 1284 266 negotiandum,
1296 232 1371 267 cujus
1385 233 1466 260 etiam
1482 233 1515 259 ad
1530 233 1653 259 nutrien-

863 277 926 303 dum
941 285 1022 312 pecus
1042 277 1109 311 (89).
1128 277 1206 311 cujus
1221 285 1284 304 vero
1306 278 1339 304 ad
1357 277 1552 309 ministerium,
1566 284 1591 304 et
1603 278 1653 304 ob-

862 322 988 349 servandi
1002 322 1083 357 615
1096 322 1210 349 ctthiculi
1224 323 1264 349 sui
1277 328 1368 357 aptum
1379 322 1566 358 prohahit(90)
1581 324 1652 358 inge-

862 367 934 394 ttiutn
946 387 953 400 ,
970 372 997 394 et
1016 368 1051 394 ita
1068 375 1286 402 umtmquemque
1302 368 1518 402 competentibus
1537 368 1649 403 oﬂiciis,

861 417 954 448 utpote
977 413 1104 449 sapiens,
1128 414 1312 447 mancipabit?
1326 412 1423 441 Verum
1448 415 1575 449 quoniam
1596 423 1648 442 non

860 459 924 487 latet
942 468 1014 492 eum,
1029 460 1086 487 sive
1103 459 1312 495 paterfamilias,
1323 461 1380 487 sive
1394 468 1441 487 rex
1456 461 1506 488 iste
1521 461 1565 492 sit,
1577 463 1648 495 quod

860 511 970 531 necesse
988 508 1030 532 est
1050 505 1185 532 interdum
1207 504 1340 532 rebellare
1359 505 1506 539 subjectos,
1521 512 1548 533 et
1563 507 1647 534 disci-

858 549 938 585 plintc
958 549 1018 583 jura
1042 558 1232 584 cortutnpcre,
1258 556 1284 577 et
1298 551 1333 577 ob
1359 551 1408 578 hoc
1429 552 1600 587 correptione
1615 560 1647 580 ac

858 595 1018 622 verberibus
1041 595 1179 630 indigere,
1195 602 1305 622 necesse
1321 600 1362 623 est
1379 603 1444 630 ergo
1460 602 1489 624 ut
1510 597 1591 632 eligat
1612 605 1646 625 ex

857 640 983 666 omnibus
1002 645 1062 674 apta
1081 646 1109 667 et
1125 641 1158 666 ad
1185 641 1236 666 hoc
1262 640 1386 674 ingenia,
1403 641 1425 668 si
1449 649 1501 676 qua
1523 642 1567 669 illa
1584 648 1648 670 sunt

858 685 977 712 atrocius
995 686 1121 718 incitata,
1139 694 1199 720 qua:
1221 687 1278 713 suis
1295 687 1405 721 quidem
1423 688 1541 715 motibus
1558 688 1649 715 feran-

858 739 911 763 tur,
919 732 1133 759 emeudationctn
1144 737 1233 758 tamen
1243 731 1647 766 delinquentibusnecessariam

856 779 1007 805 conferant.
1026 777 1163 804 Ponamus
1179 785 1246 813 ergo
1258 778 1299 805 vel
1315 778 1542 812 patremfamilias
1556 779 1646 810 istmn,

821 813 842 840 Π
857 823 898 849 vel
913 830 1002 857 regem
1020 823 1119 850 vidisse
1141 827 1263 857 tempus,
1280 830 1334 857 quo
1353 823 1492 850 emendari
1507 824 1605 851 debent
1618 822 1647 852 hi

856 869 900 902 qui
926 874 1020 895 contra
1047 876 1136 895 mores
1158 873 1185 895 et
1202 868 1373 902 disciplinam
1395 868 1477 896 multa
1503 870 1648 897 commisc-

857 914 920 946 rint,
934 919 961 941 et
972 913 1086 949 elegisse
1101 914 1267 941 tlirissitnuut
1281 914 1334 949 (91)
1347 915 1475 949 aliquem,
1486 919 1512 941 et
1526 915 1568 942 his
1581 915 1647 949 ipsis

855 960 900 994 qui
923 959 1085 994 corripiendi
1101 964 1166 986 sunt
1185 959 1268 986 multo
1290 960 1421 987 diriorem
1446 959 1512 995 (92),
1532 960 1577 994 qui
1596 968 1646 995 pro

854 1005 1002 1033 seriei-ibus
1022 1006 1077 1032 suis
1089 1005 1146 1040 jam
1162 1014 1214 1033 non
1234 1006 1269 1033 sit
1282 1006 1377 1040 dignus
1389 1005 1645 1038 emendatione,sed

854 1055 950 1077 morte.
965 1050 1064 1077 Volens
1077 1057 1142 1078 vero
1156 1050 1294 1077 interitum
1312 1051 1372 1085 ejus
1381 1050 1413 1076 ad
1427 1050 1643 1077 emendationem

853 1096 985 1131 proficere
1000 1100 1172 1129 czeterorum,
1185 1095 1265 1122 mittit
1282 1103 1342 1122 cum
1360 1095 1392 1122 ad
1405 1095 1464 1122 illos
1478 1104 1546 1130 quos
1558 1101 1645 1124 morte

852 1145 910 1176 ejus
922 1143 1021 1177 corrigi
1037 1142 1119 1177 cupit,
1140 1146 1168 1169 et
1182 1142 1247 1168 dicit
1264 1142 1289 1168 ei
1304 1151 1312 1169 :
1329 1151 1340 1168 ι
1358 1142 1425 1175 Quia
1441 1142 1473 1169 ad
1488 1142 1538 1169 hoc
1555 1142 1642 1178 ipsum

852 1193 877 1216 te
895 1189 1041 1221 suscitavi,
1068 1193 1096 1215 ιιι
1122 1189 1263 1215 ostendam
1288 1188 1314 1215 iu
1341 1193 1367 1215 te
1388 1188 1514 1215 virtutem
1541 1196 1642 1221 meatu,

851 1237 878 1261 et
913 1239 942 1261 ut
982 1233 1156 1261 annuntietur
1189 1241 1285 1260 nomen
1322 1241 1411 1260 meum
1449 1233 1476 1260 in
1518 1235 1642 1261 universa

851 1285 924 1307 terra
951 1281 983 1307 '°.
1009 1290 1018 1306 ι
1039 1279 1103 1307 \‘ide
1125 1281 1197 1307 cuitu
1212 1281 1274 1316 quia
1293 1288 1345 1308 non
1363 1281 1451 1309 dixit:
1469 1290 1478 1307 t
1494 1280 1561 1315 Quia
1578 1290 1590 1308 ι
1609 1283 1642 1309 ad

850 1326 901 1354 hoc
921 1327 1008 1361 ipsum
1029 1332 1054 1354 tc
1067 1327 1117 1354 feci
1134 1337 1140 1354 :
1160 1327 1280 1362 alioquin
1303 1327 1336 1354 ad
1358 1327 1528 1354 conditorem
1545 1327 1641 1355 referri

849 1372 928 1407 Culpa
945 1373 1082 1400 videietttr
1098 1384 1104 1401 :
1121 1373 1167 1400 sed
1184 1373 1221 1400 ait
1236 1381 1243 1400 :
1259 1382 1269 1400 ι
1287 1373 1326 1400 Ad
1341 1373 1392 1400 hoc
1413 1374 1499 1408 ipsum
1514 1379 1540 1400 te.
1554 1375 1639 1402 susci-

851 1420 904 1446 tavi
922 1429 928 1446 :
951 1428 960 1445 ι
978 1419 1029 1446 hoc
1044 1424 1103 1451 est,
1128 1425 1157 1446 ιιι
1179 1427 1226 1454 per
1246 1419 1329 1446 animi
1349 1419 1388 1447 tui
1408 1420 1540 1446 malitiam
1559 1427 1640 1454 quant

850 1465 898 1492 tibi
916 1465 1030 1492 infrenis
1047 1464 1102 1501 (95)
1113 1471 1140 1492 et
1156 1465 1215 1493 sine
1232 1465 1277 1492 Dei
1292 1466 1389 1493 timore
1409 1467 1524 1493 vivendo
1540 1465 1641 1501 qutesi-

851 1511 896 1544 sti,
917 1516 944 1538 ct
960 1511 987 1538 in
1003 1512 1072 1538 alios
1089 1511 1224 1547 irrogetur
1243 1511 1316 1538 utilis
1336 1517 1363 1539 et
1385 1511 1525 1539 fructuosa
1545 1517 1640 1538 corre-

850 1558 914 1589 ctio,
932 1562 960 1584 et
975 1557 1001 1584 in
1013 1563 1039 1584 te
1049 1559 1136 1592 ipsum
1150 1558 1182 1583 ad
1197 1557 1365 1591 posteritatis
1379 1558 1532 1592 exemplum
1553 1556 1641 1584 famo-

848 1603 973 1630 sissitnus
992 1603 1151 1630 conferatttr
1174 1603 1312 1630 interitus.
1338 1603 1415 1637 Quod
1436 1608 1526 1630 autent
1554 1602 1639 1634 dit-it,

851 1659 860 1674 ι
871 1648 1051 1683 Ετεοωιηειιί
1062 1649 1118 1675 vult
1127 1649 1282 1681 miseretur,
1293 1654 1320 1676 et
1329 1656 1409 1683 quem
1421 1649 1477 1675 vult
1490 1648 1609 1681 indurat,
1625 1657 1635 1674 ι

848 1702 880 1721 et
895 1694 936 1720 his
954 1702 1013 1728 quze
1029 1694 1054 1720 iu
1068 1694 1161 1721 Exodo
1173 1695 1274 1729 scripta
1287 1698 1350 1721 sunt
1365 1695 1473 1721 videtur
1487 1701 1637 1721 assumere.

849 1739 884 1765 lbi
900 1739 972 1766 enim
994 1740 1081 1766 dicit:
1102 1748 1111 1765 ι
1136 1739 1270 1766 lndurabo
1289 1747 1337 1766 cor
1351 1739 1519 1770 Pharaonis.
1541 1740 1579 1765 uti
1604 1747 1639 1765 tte

848 1785 965 1811 dimittat
980 1785 1106 1819 populum
1130 1784 1163 1811 ¹¹.
1185 1795 1194 1812 ι
1229 1784 1409 1811 Indurabatur
1420 1791 1508 1811 autem
1526 1783 1582 1820 (95)
1592 1791 1639 1812 cor

848 1830 999 1857 Pharaonis
1020 1831 1070 1858 hoc
1091 1831 1184 1857 modo.
1204 1830 1295 1857 Noluit
1313 1830 1384 1857 Dens
1399 1830 1425 1857 in
1441 1837 1503 1856 eum
1519 1830 1636 1856 subitam

847 1883 871 1903 et
887 1877 993 1911 plenam
1004 1879 1068 1903 dare.
1084 1876 1128 1904 vin
1141 1877 1244 1903 lictam.
1259 1875 1392 1909 Quamvis
1405 1875 1477 1903 enim
1486 1880 1636 1903 essetcon-

847 1928 988 1950 suunuataa
1021 1923 1147 1954 malitiae,
1176 1927 1263 1950 tamen
1289 1929 1338 1958 per
1367 1922 1528 1957 patientiam
1555 1929 1635 1951 suam

848 1969 918 1995 Deus
933 1969 989 2004 (ςιίὶ)
1007 1977 1055 1995 nec
1069 1969 1117 2004 ipsi
1132 1968 1289 1996 facultatem
1307 1967 1496 1996 conversionis
1512 1967 1636 1995 excluse-

847 2020 888 2042 rat
903 2023 910 2041 :
923 2020 947 2041 et
963 2015 1023 2042 ideo
1042 2015 1129 2049 primo
1145 2015 1308 2048 leuioribus,
1331 2020 1388 2042 tum
1402 2020 1486 2042 etiam
1505 2013 1635 2049 paulatim

848 2060 1101 2093 ingravescentibus
1115 2060 1140 2086 in
1152 2067 1213 2087 eum
1229 2061 1389 2088 verberibus
1406 2061 1491 2087 utitur
1507 2058 1573 2094 (97).
1584 2060 1637 2086 Sed

847 2106 918 2140 quod
937 2105 1005 2132 Dcns
1017 2106 1128 2140 gerebat
1143 2113 1191 2141 per
1204 2106 1377 2141 patientiam,
1390 2113 1424 2134 ex
1441 2106 1491 2133 hoc
1500 2106 1545 2132 ille
1559 2106 1638 2133 indu-

31 2190 53 2206 "
67 2188 141 2217 Psal.
155 2195 246 2221 cxxvt,
257 2188 281 2215 Ι.
319 2188 339 2203 ¹⁷
356 2187 365 2214 l
382 2187 443 2216 Cor.
459 2196 500 2221 Ill,
522 2188 549 2215 6.
587 2187 609 2203 "
625 2187 688 2214 ibid.
704 2187 731 2214 7.
772 2186 793 2202 "
817 2186 896 2213 llom.
915 2194 955 2219 ιιι,
971 2187 1017 2220 l't’;
1035 2186 1120 2214 Exod.
1134 2195 1173 2221 Ix,
1190 2188 1234 2216 Ιϐ.
1279 2189 1303 2206 ’⁸
1318 2187 1383 2217 ibid.
1396 2189 1417 2205 "
1432 2187 1515 2215 Exod.
1529 2195 1566 2219 tv,
1577 2186 1622 2214 21.

32 2270 90 2305 (83)
111 2269 195 2300 Alias,
212 2278 222 2295 ι
238 2277 286 2296 nec
304 2269 402 2296 haheat
416 2270 603 2304 unusquisque
617 2269 657 2296 sui
673 2274 791 2304 putesta-
806 2271 829 2299 ι)

6 2313 52 2332 em
75 2310 105 2331 ut
125 2305 253 2335 salvetur,
272 2314 281 2329 ι
296 2309 348 2331 etc.

33 2340 91 2367 ιιιιι
114 2339 180 2366 Vide
195 2339 240 2366 lib.
257 2347 286 2366 ιιι
302 2339 370 2374 Περὶ
388 2339 498 2374 ἀρχῶν,
512 2347 572 2374 Cap.
588 2340 612 2366 1.

26 2376 92 2437 ((8:1)
114 2374 196 2403 Editi.
212 2384 220 2400 t
239 2380 368 2408 quantum
381 2381 423 2402 est
438 2377 463 2401 in
482 2376 600 2407 homine,
619 2376 671 2400 vim
690 2375 793 2402 sollici-

46 2410 103 2437 inis
113 2415 141 2436 et
164 2409 264 2436 laboris
276 2412 407 2437 exnettdat
424 2419 431 2437 :
448 2411 518 2437 sicut
536 2412 684 2437 obstaculis
699 2411 791 2437 omni-

7 2409 103 2437 udinis
113 2415 141 2436 et
164 2409 264 2436 laboris
276 2412 407 2444 expendat
424 2419 431 2442 ;
448 2411 518 2437 sicut
536 2412 684 2437 obstaculis
699 2411 791 2437 omni-

5 2453 47 2474 tus
61 2445 218 2472 amotis.....
241 2445 273 2471 ad
289 2446 449 2478 perlectum.
470 2459 478 2470 ι

32 2481 91 2514 (86)
113 2480 194 2509 Editi,
208 2489 217 2505 t
236 2481 308 2514 pitnu
323 2485 348 2506 et
374 2480 529 2513 religiosum
546 2485 599 2512 est,
617 2481 677 2507 idco
695 2485 721 2507 ct
743 2480 791 2506 bo-

5 2524 62 2543 tum
81 2515 153 2545 quod
170 2514 197 2541 in
211 2522 239 2542 se
257 2521 297 2541 cst
311 2515 402 2548 operis
415 2524 566 2542 summm...
585 2521 690 2548 putare.
710 2525 720 2542 ι
740 2515 790 2542 Ms.

6 2558 72 2578 inus
83 2549 194 2584 Regius,
213 2558 223 2576 ι
248 2551 321 2583 pium
338 2551 431 2583 utique
446 2557 471 2576 ct
488 2550 641 2584 religiosum
658 2557 698 2577 est
713 2554 745 2578 de
759 2559 791 2579 eo

5 2592 22 2612 :t
40 2586 151 2612 houtiue
171 2585 241 2619 quod
263 2585 289 2611 in
315 2593 344 2611 se
360 2587 448 2618 agitur
463 2593 555 2619 apt-re,
579 2594 714 2612 summam
738 2589 791 2612 lico

5 2620 96 2654 mgis,
117 2628 126 2645 ι
144 2625 198 2646 etc.
217 2619 266 2646 Ms.
282 2620 366 2647 codex
384 2620 576 2654 Vallis-Clarae,
592 2629 601 2645 ι
625 2622 677 2647 Deo
697 2626 723 2647 ct
743 2622 790 2648 lto-

7 2656 64 2681 ιιιιιὶ
83 2656 155 2690 quod
168 2655 194 2681 in
210 2661 239 2681 se
251 2660 292 2682 est
306 2656 397 2688 operis
411 2664 593 2683 Sltttlllt:tll|....
615 2656 759 2689 imputare.
778 2665 788 2682 ι

5 2689 51 2716 Sed
68 2692 158 2716 caueri
180 2697 244 2716 mss.
267 2695 293 2716 et
315 2691 444 2717 ltahanus
461 2696 489 2717 ut
510 2693 534 2717 iu
555 2696 648 2717 nostro
669 2697 754 2718 textu.

33 2724 92 2758 (87)
114 2724 146 2761 _l'.‘t
162 2724 205 2761 ille
218 2726 262 2756 qui
289 2725 356 2759 rigat
372 2733 381 2757 ,'
396 2726 441 2752 sed
456 2734 514 2753 eum
538 2726 583 2761 qui
598 2727 713 2761 plantat.
728 2726 791 2754 llaec

5 2759 97 2786 lesuut
114 2759 140 2785 in
152 2760 243 2786 editis.

33 2793 93 2829 (88)
112 2793 194 2827 l'lditi=
212 2803 221 2820 t
239 2793 414 2828 perficienda.
431 2803 443 2821 ι

881 2268 936 2303 (89)
957 2268 1025 2295 Editi
1042 2275 1070 2306 et
1092 2277 1157 2297 mss.
1180 2270 1282 2305 plures,
1296 2280 1306 2297 ι
1323 2271 1459 2298 nutriendi
1485 2272 1602 2306 posceris.
1623 2281 1634 2299 ι

848 2304 986 2340 Datianus,
1005 2313 1013 2329 ι
1035 2305 1067 2330 ad
1086 2304 1258 2332 nutriendum
1279 2314 1386 2340 pet-ora.
1406 2315 1417 2332 ι

883 2338 939 2377 (90)
961 2339 1046 2377 Editi,
1075 2348 1085 2365 ι
1112 2340 1211 2367 cubilis
1239 2338 1286 2367 sui
1302 2347 1394 2375 aptum
1416 2341 1533 2377 probat,
1553 2350 1564 2368 ι
1587 2341 1634 2374 al.,

850 2383 860 2400 t
882 2375 1015 2408 probarit,
1036 2383 1045 2400 ι
1062 2379 1116 2401 etc.

883 2409 940 2443 (at)
961 2409 1049 2440 Alias,
1071 2418 1080 2434 t
1105 2409 1308 2438 debttisscut....
1326 2412 1567 2440 commiserunt....
1583 2412 1634 2438 du-

848 2444 995 2472 rissimum.
1014 2453 1024 2470 ι

883 2479 938 2517 (1:2)
953 2480 1038 2517 Alias,
1057 2488 1067 2504 t
1083 2478 1232 2507 duriorem.
1251 2489 1261 2506 ι
1277 2480 1308 2507 Et
1319 2487 1423 2517 postea,
1439 2491 1448 2509 t
1464 2482 1561 2509 Volens
1572 2490 1636 2516 ergo

845 2515 986 2542 inti-ritum
1001 2515 1069 2549 ejus.
1089 2523 1098 2540 ι
1115 2519 1168 2541 etc.

882 2551 938 2584 (93)
954 2550 1037 2580 l‘l-litl.
1058 2559 1067 2575 ι
1086 2549 1231 2584 ittfrunitc;
1255 2559 1265 2577 ι
1286 2552 1333 2579 sed
1345 2559 1442 2580 omnes
1462 2560 1526 2579 tnss.
1540 2557 1567 2580 et
1585 2553 1639 2579 tt...-

845 2586 941 2616 ltauus,
962 2586 1112 2612 «infrenis.
1136 2595 1146 2611 ι

881 2620 937 2656 (94)
952 2619 1032 2655 Ergo.
1047 2620 1104 2647 Non
1120 2621 1256 2655 reperitur
1274 2622 1301 2649 in
1320 2627 1401 2649 antea
1415 2623 1507 2650 editis.

880 2656 935 2690 (Dii)
957 2657 1035 2682 Deest
1052 2665 1061 2681 t
1083 2661 1172 2682 autem
1193 2666 1202 2680 ι
1217 2657 1243 2682 in
1258 2659 1348 2685 editis.

878 2692 934 2725 (uti)
953 2700 962 2715 t
992 2691 1061 2718 Deus
1085 2702 1093 2716 ι
1114 2693 1248 2718 omittitur
1271 2693 1296 2718 in
1320 2692 1412 2720 editis.
1439 2693 1541 2719 Dcitttle
1565 2700 1630 2720 mss.

842 2727 965 2785 fllllltltllll.
985 2731 1013 2752 ct
1030 2727 1172 2759 lt..bauus,
1193 2736 1202 2753 ι
1230 2727 1397 2762 lenioribus,
1422 2736 1433 2755 ι
1449 2736 1500 2765 pro
1524 2735 1534 2754 ι
1552 2728 1634 2754 levio-

842 2768 865 2785 ΙἸ
878 2768 927 2784 tltS.
948 2770 956 2785 I

841 2768 927 2787 I'lllliS.
948 2770 956 2786 I

878 2794 934 2830 (97)
954 2795 1038 2830 Alias,
1053 2804 1063 2821 ι
1082 2796 1220 2825 utebatur.
1239 2806 1249 2823 ι
