1827 3053
187 66 256 94 1147

914 63 1075 90 οιιιωῐκιδ

1757 67 1805 95 ιιιι

187 129 301 156 rabatur
318 127 351 154 ad
363 130 562 161 contemptum,
581 125 714 160 majorem
726 125 778 152 sibi
795 124 863 152 iram
879 132 974 152 recon-
993 125 1013 153 Α
1027 122 1153 150 omnibus
1169 123 1214 151 Dei
1229 123 1481 159 dispensationibus
1491 125 1581 161 θιθ
1594 129 1624 153 et
1636 125 1804 161 judiciisedo-

185 175 264 206 deus,
278 173 314 200 ita
328 178 356 200 ut
370 174 403 200 ad
416 173 505 208 ipsum
522 171 578 199 dici
588 171 733 199 conveniat
747 171 811 198 illud
822 171 894 207 quod
907 171 975 199 scri-

185 220 226 247 bit
241 219 384 254 Apostolus
396 219 419 235 "
435 226 442 246 :
457 232 467 245 ι
481 218 522 245 An
532 217 639 245 divitias
648 217 779 245 benitatis
790 217 861 252 ejus,
884 223 911 247 et
926 226 974 254 pa-

183 263 360 298 tientiat(98),
373 267 399 290 et
411 263 626 299 longanimitatis
647 263 819 297 contemnis,
844 263 974 299 ignorans

184 310 313 344 quoniam
330 309 462 344 patientia
481 309 528 336 Dei
547 309 581 336 ad
597 309 788 344 paenitentiam
807 314 832 337 te
846 309 976 337 adducit?

185 356 340 383 Secundum
357 355 486 382 duritiam
499 362 589 383 autem
610 359 683 382 tuam
698 359 725 383 et
739 363 788 383 cor
800 355 974 390 itnpmniteus

185 402 354 429 thesaurisas
372 402 419 429 tibi
442 402 493 436 ipsi
513 402 583 429 iram
607 402 633 429 in
658 402 703 429 die
730 401 786 429 irai.
809 411 818 428 ›
835 401 892 429 Non
909 411 973 438 ergo

185 457 265 484 quetn
281 449 339 476 VIIII.
356 448 427 476 Deus
445 449 563 481 indurat,
578 449 625 476 sed
639 449 685 484 qui
701 449 837 484 patientia?
853 449 909 484 (99)
926 450 973 476 ob-

183 499 337 529 temperare
354 493 482 526 noluerit,
498 494 650 521 induratur.
667 494 840 529 Superﬂunm
852 502 916 530 ergo
930 500 973 522 est.

182 539 254 574 quod
267 540 334 567 dicis
345 539 483 574 Apostolo.
497 547 513 565 o
539 544 567 566 tu
586 539 631 574 qui
649 539 866 574 adversaris(l):
883 549 891 565 1
904 539 972 571 Quid

181 594 246 621 ergo
264 587 352 614 adhuc
362 586 503 620 queritur?
525 586 660 613 Voluntati
672 586 743 613 enim
757 585 814 620 ejus
826 587 886 621 quis
903 587 971 613 resi-

180 632 251 659 stit?
264 643 273 658 »
289 631 427 659 Voluntati
443 630 552 665 quidem
566 630 612 658 Dei
627 636 730 657 certum
747 635 789 658 est
801 631 872 665 quod
883 630 971 658 utilius

181 678 314 711 obsistat;
343 678 390 706 sed
416 678 582 705 voluntatem
607 677 666 711 ejus
687 677 788 712 justam
814 681 971 711 rectumque

181 730 243 750 esse
260 723 334 750 scire
352 730 402 750 nos
423 722 552 750 convenit
566 722 616 758 (2).
632 722 666 750 Ut
682 722 745 750 boni
760 722 832 749 enim
849 727 895 749 aut
908 722 970 748 mali

180 769 267 795 simus
282 773 381 795 nosme
393 768 539 796 voluntatis
550 773 592 796 cst
608 777 614 796 :
630 768 719 796 malus
735 774 823 795 autem
836 768 868 795 ad
878 768 969 804 cujus-

1026 173 1100 196 ceret
1113 169 1146 195 “.
1160 169 1194 196 Et
1206 177 1255 197 nos
1274 177 1341 205 ergo
1350 170 1374 198 si
1388 170 1493 207 aliquid
1503 171 1537 199 de
1548 171 1727 200 secretisDei
1741 178 1765 200 et
1776 181 1806 200 η-

1026 214 1142 242 conditis
1161 214 1218 249 (10)
1236 215 1426 244 desideramus
1441 223 1611 252 agnoscere.
1629 217 1656 245 si
1678 217 1806 245 desiderio-

1026 268 1084 287 rum
1098 265 1126 288 et
1141 268 1194 288 non
1209 262 1416 290 contentionum
1430 261 1487 298 (ii)
1497 263 1549 290 viri
1563 271 1679 296 sumus,
1691 264 1806 292 occultius

1025 306 1052 333 in
1066 306 1165 333 divinis
1181 306 1394 335 litterisinserta
1412 307 1458 335 Dei
1472 308 1576 343 judicia
1593 309 1719 337 ﬁdeliter
1734 315 1760 337 et
1771 310 1801 337 Ita

1025 351 1126 379 utiliter
1138 353 1319 386 requiramus.
1344 352 1492 388 Propterea
1506 361 1630 390 namque
1645 359 1677 382 et
1696 355 1806 383 Domini

1024 392 1145 425 dicebat;
1158 407 1167 424 1
1181 397 1348 426 Scrutamini
1361 398 1518 434 Scripturas
1527 400 1562 434 ’⁷,
1577 410 1588 427 ι
1597 401 1696 428 sciens
1709 401 1805 428 bacam

1024 445 1057 471 ab
1076 444 1117 472 his
1135 445 1180 479 qui
1201 445 1227 472 in
1247 445 1308 472 aliis
1323 446 1439 481 negotiis
1451 446 1579 482 occupati
1601 447 1762 475 transituris
1776 450 1805 474 rd

1023 490 1137 517 audiunt
1156 490 1197 516 Vttl
1214 490 1318 525 legunt,
1345 492 1392 518 sed
1417 491 1461 518 his
1482 491 1528 526 qui
1557 498 1638 518 recto
1660 497 1688 519 et
1709 493 1805 527 sintpl‘ni

1023 535 1115 567 corde,
1128 534 1186 570 jugi
1200 535 1304 568 labore,
1319 535 1514 571 coutinuisque
1529 535 1637 571 vigiliis
1653 537 1737 564 altius
1748 538 1805 565 Scri-

1023 585 1116 615 pturas
1133 581 1241 609 divinas
1254 587 1430 615 scrutantur,
1447 582 1548 618 aperiri
1567 592 1575 610 :
1601 591 1638 611 ex
1659 584 1758 618 Quibus
1775 593 1806 611 tae

1023 633 1075 652 non
1089 633 1149 653 esse
1162 635 1213 662 ego
1230 627 1300 655 bene
1323 627 1398 655 novi.
1421 628 1449 656 Si
1473 629 1536 663 quis
1553 634 1651 656 tamen
1669 630 1762 666 sitqui
1779 631 1806 657 ita

1021 673 1280 706 1p:;erut,irtvettiet.
1303 673 1403 701 Verum
1429 679 1457 702 et
1475 682 1524 702 nos
1542 682 1594 709 pro
1614 675 1727 703 viribus
1738 677 1770 703 ad
1783 685 1807 704 ea

1021 726 1081 752 qua!
1093 718 1232 746 habentur
1244 720 1270 748 in
1286 721 1414 748 manibus
1430 727 1641 749 convertamur.
1664 732 1675 747 1
1696 722 1807 756 Nunquid

1021 764 1086 792 dicit
1115 765 1282 800 ﬁgmentum,
1313 766 1410 802 inquit,
1441 768 1466 795 ei
1498 768 1544 803 qui
1569 767 1630 804 (Β.)
1649 777 1681 796 se
1707 769 1807 797 ﬁnxit:

181 814 252 847 tttodi
270 814 394 845 verbera,
410 819 437 841 et
457 815 544 842 hortus
554 815 587 842 ad
599 812 875 850 cujusmodigloriam
888 815 970 842 desti-
986 804 1007 832 Β
1021 810 1090 843 Quid
1106 818 1148 839 me
1162 812 1201 839 sic
1213 811 1325 840 fecisti?
1345 812 1444 840 Annon
1459 813 1544 841 habet
1559 818 1732 848 potestatem
1751 816 1807 850 tign-

180 865 269 892 uetnr,
286 860 434 888 voluntatis
448 865 489 888 est
500 860 560 888 Dei.

218 906 260 932 t7.
283 915 292 931 1
308 906 330 933 0
346 907 441 939 homo,
461 911 488 933 tu
511 907 572 941 quis
585 915 614 934 es
629 908 674 942 qui
688 912 783 935 contra
799 907 838 943 (5)
861 915 969 943 respon-

180 952 246 978 deas
260 951 333 979 lico?
346 952 471 987 Nunquid
485 953 549 980 dicit
563 953 720 989 ﬁgmentum
735 954 759 981 ei
772 953 817 989 qui
828 961 858 981 se
871 954 968 982 ﬁnxit:

180 998 251 1031 Quid
269 1005 310 1024 me
323 997 411 1025 fecisti
426 999 485 1025 sic?
508 998 603 1026 Annon
621 999 705 1027 habet
722 1004 885 1034 potestatem
903 1001 970 1036 ﬁgu-

179 1042 222 1070 Ius
237 1043 284 1070 ltiti
300 1051 333 1070 ex
346 1043 441 1071 eadem
455 1052 544 1072 massa
562 1044 652 1072 facere
669 1045 742 1072 aliud
762 1046 870 1080 quidem
885 1046 968 1073 vasin

181 1089 321 1122 honorem,
344 1089 416 1116 aliud
433 1097 498 1117 vero
513 1090 538 1117 in
550 1091 744 1118 contumeliam
759 1092 782 1108 "
793 1092 804 1119 τ
815 1101 825 1118 ι
841 1092 969 1128 Legimus

177 1140 204 1161 et
222 1135 248 1161 in
270 1135 426 1171 Evangeliis
440 1136 474 1169 ",
487 1144 534 1164 eos
550 1136 588 1172 (4)
602 1137 647 1172 qui
664 1143 791 1173 proterve
805 1143 833 1165 el
851 1137 966 1165 inﬁdeli-

179 1186 221 1207 ter
236 1181 412 1215 inquirebant
427 1189 441 1208 a
461 1181 576 1211 Domino
592 1183 618 1210 in
635 1191 688 1218 qua
706 1188 839 1218 potestate
859 1184 915 1212 haec
928 1184 969 1212 l'a-

177 1232 251 1254 ceret
272 1236 332 1262 qtue
349 1228 481 1261 faciebat,
508 1233 535 1255 et
552 1229 612 1264 quis
630 1230 654 1256 ei
673 1229 791 1257 dedisset
806 1235 966 1266 potestatem

178 1274 258 1306 hanc,
278 1282 312 1301 ne
328 1276 506 1310 responsione
519 1275 628 1310 quidem
645 1275 742 1310 dignos
759 1276 876 1304 habitos.
889 1275 968 1304 Simi-

1021 856 1063 883 Ius
1079 856 1127 884 ltlll
1141 865 1174 885 ex
1191 857 1286 885 eadem
1302 865 1391 886 massa
1407 859 1498 886 facere
1510 859 1583 886 aliud
1594 859 1715 895 quidem
1726 863 1806 887 vasa-l

1022 902 1173 936 honorem,
1191 903 1264 930 aliud
1285 911 1352 932 vero
1374 905 1407 931 ad
1430 905 1629 933 contumeliam
1641 906 1654 933 3
1670 915 1680 932 ι
1698 906 1731 933 Et
1749 907 1806 941 aput

1019 948 1163 976 Jeremiam
1181 949 1340 984 prophetam
1358 951 1411 978 tale
1422 951 1527 986 aliquid
1541 951 1672 985 legimus,
1683 953 1731 980 ubi
1742 953 1807 988 jube-

1021 999 1064 1022 tttr
1084 1002 1098 1022 ιι
1121 995 1175 1022 Deo
1190 995 1303 1023 introire
1319 996 1345 1023 itt
1361 997 1471 1024 domum
1491 997 1582 1033 ﬁguli,
1596 1002 1627 1026 et
1646 998 1743 1027 videre
1756 1007 1806 1027 eum

1021 1039 1165 1074 ﬁngentem
1183 1050 1190 1068 :
1211 1042 1304 1077 utiqtte
1326 1049 1373 1069 vas
1389 1042 1536 1077 collapsum
1561 1044 1595 1070 de
1618 1044 1748 1071 manibus
1761 1046 1807 1072 suis

1019 1087 1182 1122 recolligens
1196 1096 1304 1115 rursum
1326 1088 1406 1115 ﬁnxit
1422 1087 1488 1115 illud
1510 1089 1666 1116 secundum
1691 1090 1807 1116 volunta-

1019 1137 1072 1161 tem
1086 1142 1173 1161 suam.
1193 1143 1203 1160 1
1221 1134 1254 1161 Et
1285 1134 1375 1162 factus
1396 1139 1447 1167 est,
1470 1135 1569 1170 inquit,
1593 1141 1691 1163 sermo
1712 1136 1806 1163 Domini

1018 1179 1051 1205 ad
1073 1187 1134 1206 eum
1158 1180 1252 1208 dicens
1269 1190 1276 1208 :
1292 1179 1419 1216 Nunquid
1441 1189 1492 1216 ego
1515 1189 1569 1208 non
1586 1189 1705 1216 possum
1728 1182 1807 1210 tacere

1017 1227 1126 1254 domum
1147 1227 1227 1255 Israel
1241 1228 1311 1256 sicut
1331 1228 1429 1263 ﬁgulus
1447 1229 1498 1256 iste
1520 1229 1563 1256 ’⁸2
1584 1238 1594 1255 ι
1617 1229 1653 1256 Ει
1673 1228 1806 1264 Sapienti:

1017 1272 1083 1300 dicit
1095 1273 1118 1289 ¹⁹
1141 1284 1147 1301 :
1168 1283 1177 1299 1
1197 1273 1266 1301 Vasa
1289 1273 1360 1308 ﬁguli
1383 1275 1482 1310 probat
1500 1274 1617 1309 ἴοι-11η,
1639 1281 1668 1304 et
1689 1277 1807 1305 homines

175 1320 238 1346 liter
248 1328 356 1355 quoque
369 1325 395 1348 et
410 1321 436 1348 in
451 1321 579 1356 prtesenti
600 1321 660 1350 loco
676 1327 779 1349 motum
801 1323 910 1357 quidem
927 1323 951 1358 (5'

1050 1323 1103 1347 stos
1136 1319 1261 1346 tentatio.
1283 1329 1292 1345 ι
1309 1319 1395 1347 Habet
1412 1328 1478 1356 ergo
1495 1321 1582 1348 nostri
1605 1321 1684 1349 Deus
1697 1328 1808 1358 potesta-

176 1365 300 1394 vnletnus
315 1366 474 1400 Apostolqu
489 1373 516 1393 et
528 1367 672 1394 adversum
681 1367 831 1395 insolentes
839 1369 968 1404 quaestio-

176 1416 235 1439 nes,
253 1417 285 1435 ac
305 1417 354 1444 per
368 1418 398 1437 ea
413 1418 474 1445 quae
487 1412 627 1446 respondit
643 1412 693 1447 (6),
711 1414 886 1447 proponentis
897 1422 966 1442 con-

1018 1369 1071 1393 tem
1085 1366 1156 1393 sicut
1169 1370 1197 1393 et
1217 1365 1317 1399 ﬁgulus
1333 1365 1396 1398 luti,
1412 1371 1440 1394 ut
1455 1366 1535 1394 faciat
1554 1375 1588 1395 ex
1607 1376 1701 1396 massa
1720 1371 1807 1397 eadem

1015 1419 1079 1438 vasa
1105 1412 1138 1439 ad
1159 1412 1290 1439 honorem
1303 1433 1310 1444 ,
1327 1416 1354 1439 et
1377 1420 1439 1440 vasa
1465 1413 1498 1439 ad
1523 1415 1737 1443 contumeliam.
1752 1415 1806 1443 Tibi

177 1455 323 1482 lumaciaut
340 1456 507 1485 confudisse.
525 1458 570 1484 Ait
583 1457 654 1484 enim
671 1467 677 1484 :
699 1467 708 1483 ι
723 1458 744 1485 0
762 1459 853 1492 homo,
871 1462 966 1495 tuquis
980 1479 1000 1507 ρ
1018 1464 1082 1493 ergo
1095 1457 1140 1491 qui
1155 1457 1305 1485 insolenter
1319 1459 1468 1492 respondes
1478 1459 1542 1491 Deo,
1552 1460 1611 1488 haec
1623 1462 1737 1489 audisse
1748 1463 1808 1489 sum

176 1507 207 1526 es
220 1499 265 1534 qui
279 1505 373 1526 contra
389 1502 554 1535 respondeas
569 1502 643 1529 Deo?
658 1511 667 1528 ι
686 1502 741 1530 lloc
751 1509 792 1531 est
806 1505 966 1533 euitnhomo

174 1546 248 1579 apud
264 1546 358 1579 Deum,
374 1548 445 1581 quod
457 1548 528 1582 apttd
543 1548 653 1583 ﬁgulum
671 1549 765 1578 lututn.
782 1550 813 1578 Et
827 1551 898 1579 sicut
910 1560 967 1579 scr-

175 1598 225 1618 vos
242 1599 369 1625 neqttam,
385 1593 406 1619 si
424 1591 494 1620 forte
509 1593 646 1621 videbitur
658 1595 767 1622 domino
787 1595 845 1622 ﬁeri
865 1597 965 1624 debere

175 1637 285 1672 aliquod
308 1646 377 1672 opus
397 1639 469 1674 quod
491 1643 519 1666 et
531 1639 646 1668 rationis
667 1646 696 1668 et
713 1641 838 1669 utilitatis
856 1642 964 1678 plenutn

175 1684 221 1717 sit,
240 1684 283 1710 ille
300 1690 389 1712 autent
406 1686 512 1720 operari
534 1686 639 1720 nolens,
659 1695 690 1714 ea
713 1695 773 1721 qua:
787 1688 964 1724 dominusju-

175 1729 385 1760 iit-Ldisculere
410 1731 540 1766 incipiat,
573 1736 599 1759 et
631 1733 768 1767 requirere
793 1741 807 1761 a
839 1735 962 1762 domino:

177 1776 278 1812 thuid
295 1777 346 1804 hoc
360 1785 429 1812 opus
444 1778 502 1805 ﬁeri
517 1778 616 1814 jubes?
627 1779 675 1806 Cui
701 1781 831 1815 prodest?
844 1781 891 1808 Cui
915 1790 964 1810 ue-

175 1825 327 1850 iessariutn
352 1825 570 1853 est?coutumaci
592 1832 671 1853 servo
694 1834 753 1861 qum
768 1827 828 1853 'erit
846 1827 885 1863 (7)
910 1833 963 1854 tam

175 1871 256 1905 digna
279 1871 419 1906 responsio
431 1892 438 1905 ,
454 1871 506 1899 nisi
527 1877 556 1899 ut
572 1872 679 1900 dicatur
691 1874 715 1900 ei
734 1882 741 1900 :
759 1882 768 1899 1
789 1873 828 1900 Tu
842 1875 903 1908 quis
917 1882 962 1907 es,

173 1916 221 1950 qui
239 1922 333 1944 contra
347 1918 511 1952 respondeas
528 1927 537 1944 ι
554 1918 729 1946 domino?ita
746 1919 849 1954 placet;
871 1921 907 1947 ita
920 1921 964 1948 do-

175 1962 249 1988 tuiuo
263 1962 377 1990 videtur.
391 1962 449 1990 Non
465 1968 528 1998 puto
543 1965 721 1999 autemquod
738 1966 759 1991 si
769 1965 856 1992 ﬁdelis
866 1973 963 1993 servus

173 2012 201 2034 et
216 2008 335 2043 prudens
348 2008 514 2043 interroget,
536 2008 628 2037 volens
649 2009 802 2045 intelligere
825 2015 852 2038 ct
869 2010 961 2038 mirari

173 2054 334 2087 sapientiam
349 2054 451 2081 dotniui
471 2055 520 2089 (8),
538 2055 610 2090 quod
623 2055 732 2082 dicatur
743 2057 767 2084 ei
788 2065 795 2083 :
819 2065 828 2081 1
844 2055 884 2083 Tu
901 2057 963 2091 quis

171 2101 223 2128 es?
241 2110 250 2127 ι
284 2101 404 2136 Denique
429 2109 490 2129 cum
519 2101 616 2128 Daniel
640 2104 770 2136 propheta
798 2102 962 2130 voluntatem

1018 1505 1083 1531 ciat.
1101 1504 1152 1537 Qui
1171 1512 1235 1531 vero
1246 1512 1327 1539 opera
1342 1505 1481 1539 sapientia:
1494 1505 1541 1534 Dei
1557 1507 1582 1534 in
1596 1507 1806 1542 dispensationi

1017 1549 1067 1578 bus
1080 1549 1136 1586 (15)
1149 1550 1207 1584 ejus
1220 1550 1357 1578 desiderat
1369 1553 1506 1583 contueri.
1520 1553 1615 1579 audiat
1633 1553 1661 1580 in
1687 1554 1743 1582 alio
1757 1555 1806 1581 loco

1017 1595 1101 1623 dehis
1118 1595 1184 1630 ipsis
1199 1595 1310 1622 Paulum
1325 1596 1477 1623 divinorum
1488 1602 1660 1625 secretorum
1675 1601 1807 1627 consciam

1016 1641 1208 1676 disputantem.
1228 1650 1237 1668 1
1255 1641 1283 1668 ln
1301 1641 1382 1670 domo
1402 1647 1491 1670 autem
1520 1651 1620 1679 magna
1652 1652 1713 1673 non
1742 1652 1807 1677 sunt,

1015 1687 1113 1722 inquit,
1138 1689 1325 1716 tantummodo
1359 1696 1422 1716 vasa
1444 1697 1525 1717 aurea
1542 1695 1570 1716 et
1596 1695 1754 1725 argentea,
1770 1695 1809 1719 sext

1014 1737 1041 1760 et
1056 1732 1143 1767 lignea
1168 1737 1196 1760 et
1219 1732 1332 1766 ﬁctilia,
1349 1738 1376 1761 et
1400 1734 1452 1761 alia
1467 1734 1575 1769 quidem
1598 1735 1635 1762 ad
1660 1736 1810 1766 honorati.

1015 1779 1069 1806 alia
1085 1783 1175 1806 autem
1196 1779 1228 1806 ad
1244 1780 1452 1807 contumeliam.
1468 1779 1496 1807 Si
1515 1787 1581 1814 ergo
1595 1781 1660 1815 quis
1677 1783 1809 1809 emunda-

1014 1825 1085 1852 verit
1099 1825 1275 1860 semetipsum
1290 1825 1324 1852 ab
1338 1826 1390 1858 liis,
1403 1826 1456 1853 crit
1471 1833 1517 1854 vas
1532 1827 1566 1853 ad
1584 1826 1728 1855 honorem
1750 1835 1809 1855 san-

1014 1871 1174 1904 ctiﬁcatum,
1199 1876 1226 1898 et
1247 1871 1313 1899 utile
1330 1871 1455 1904 Domino,
1469 1872 1503 1898 ad
1520 1879 1604 1899 omne
1621 1880 1695 1907 opus
1711 1873 1808 1901 bonur;

1014 1921 1137 1952 paratum
1155 1918 1187 1945 ‘°.
1210 1927 1220 1944 ι
1243 1918 1328 1945 Audis
1343 1917 1443 1946 Paulus
1466 1920 1492 1945 in
1515 1918 1558 1946 his
1581 1918 1611 1945 in
1635 1919 1745 1953 quibus
1764 1928 1809 1947 nea

1014 1964 1108 1990 habuit
1125 1968 1281 1998 protervum
1296 1963 1526 1991 contradictorem
1541 1983 1548 1995 ,
1569 1966 1719 1998 quomodo
1738 1973 1810 1993 raso-

1014 2016 1073 2036 rum
1087 2009 1257 2036 diversitates
1275 2009 1404 2043 aperuit?
1417 2009 1484 2036 Nam
1505 2009 1541 2037 ibi
1560 2010 1606 2037 ubi
1627 2012 1748 2038 auditor
1764 2020 1810 2038 non

1013 2059 1075 2082 erat
1103 2054 1212 2089 dignus.
1236 2054 1283 2082 sed
1307 2054 1495 2081 contradictor
1521 2059 1603 2086 erat,
1629 2056 1695 2082 sola
1725 2056 1809 2083 neuti:

1013 2107 1078 2128 vasa
1093 2104 1306 2133 commemorat;
1324 2101 1369 2128 hic
1390 2105 1481 2128 autem
1503 2106 1530 2128 et
1545 2108 1632 2128 aurea
1655 2102 1731 2129 dicit
1745 2110 1808 2131 εδει,

174 2146 280 2174 Domini
293 2147 645 2182 desiderassetagnoscere,
659 2147 729 2173 unde
740 2151 768 2174 ct
784 2157 794 2173 1
807 2147 848 2175 vir
858 2147 961 2175 deside-
976 2153 998 2181 ι)
1013 2151 1040 2175 et
1061 2153 1207 2182 argentea,
1224 2151 1252 2175 et
1268 2147 1369 2183 lignea,
1391 2151 1418 2175 et
1441 2147 1534 2174 ﬁctilia
1548 2156 1556 2174 :
1571 2151 1601 2174 et
1625 2147 1685 2175 alia
1707 2149 1807 2184 quidem

174 2193 278 2220 riorum
290 2192 312 2208 "
332 2202 341 2219 ι
362 2193 515 2227 appellatus
533 2197 591 2226 est,
610 2200 661 2220 non
677 2198 718 2220 est
735 2192 773 2229 (9)
791 2193 814 2220 ei
832 2194 933 2220 dictum
952 2202 960 2220 :

174 2248 184 2265 1
202 2238 241 2266 Tu
257 2239 318 2274 quis
333 2239 384 2266 es?
398 2248 409 2265 ι
427 2239 475 2267 St‘d
492 2239 589 2266 missus
601 2243 643 2267 est
654 2239 776 2273 angelus,
791 2240 837 2274 qui
855 2247 916 2267 eum
929 2240 963 2267 de

206 2299 231 2316 “
246 2298 328 2326 Rom.
343 2307 373 2328 tt.
387 2298 414 2331 4,
433 2298 459 2326 5.
499 2299 522 2314 “
536 2297 614 2325 Rom.
632 2306 669 2330 ιι.
684 2299 730 2330 20,
747 2298 793 2326 21.

840 2300 864 2317 ’⁸
880 2298 963 2328 Marc.
982 2307 1022 2332 χι,
1037 2299 1082 2332 ἳθς
1097 2298 1161 2326 Luc.
1172 2306 1220 2331 xx,
1235 2297 1263 2326 2.
1301 2298 1324 2314 ’⁵
1341 2297 1406 2324 Dan.
1427 2306 1465 2331 is,
1476 2297 1522 2325 25.

1015 2193 1081 2221 dicit
1094 2193 1149 2228 (iii)
1167 2201 1226 2221 esse
1248 2193 1282 2220 ad
1300 2194 1441 2225 honorem,
1461 2193 1514 2220 alia
1532 2200 1599 2220 vero
1620 2194 1656 2220 ad
1673 2199 1809 2221 contume-

1017 2239 1080 2267 liam
1096 2239 1167 2267 tieri.
1183 2238 1318 2267 Similiter
1332 2243 1360 2266 et
1374 2239 1421 2266 ubi
1431 2239 1663 2275 memoravit(t5)
1680 2241 1809 2268 niueum

1567 2299 1592 2313 “
1606 2299 1676 2326 ibid.
1706 2299 1739 2326 2|
1757 2306 1808 2333 seu].

173 2336 196 2356 '1
215 2333 294 2363 10.111.
318 2342 344 2367 ν,
365 2334 411 2361 59.
451 2334 475 2349 "
488 2333 588 2361 Jeretn.
603 2341 679 2366 xvrtt,
695 2334 723 2367 5,
736 2334 763 2361 6.
800 2334 823 2349 "
838 2334 921 2362 Eccli.
938 2342 1022 2368 urit,
1040 2336 1067 2362 ti.
1105 2334 1127 2350 ³⁰
1142 2334 1163 2361 ιι
1178 2333 1249 2362 Tim.
1267 2341 1296 2365 tt,
1310 2333 1356 2366 20,
1369 2332 1414 2361 21.

209 2406 266 2440 (98)
282 2405 352 2434 Editi
369 2405 581 2441 prmtermittunl
594 2404 675 2441 1chus
686 2412 713 2433 et
725 2405 875 2441 patientiae.
897 2414 907 2430 ι

207 2441 264 2481 (99)
283 2442 364 2481 Editi,
384 2442 562 2481 1Jt:ttie_ttter.
583 2449 592 2466 ι
611 2440 660 2468 Ms.
683 2448 754 2481 unus
773 2445 800 2481 et
823 2440 959 2473 liahanus,

175 2485 185 2502 1
204 2476 351 2511 patientia.
371 2485 381 2503 ›
399 2476 497 2503 Caneri
519 2483 596 2507 mss.,
616 2485 626 2501 1
647 2476 825 2511 paenitentiae.
844 2485 853 2501 ›

216 2511 256 2546 (1)
273 2510 356 2543 Editi,
373 2521 383 2538 1
402 2512 473 2547 quod
488 2511 569 2543 dicis,
586 2516 613 2538 tu
626 2510 672 2545 qui
691 2510 820 2547 Apostolo
836 2511 962 2547 advorsa-

174 2547 223 2574 ris.
241 2545 251 2572 ί
276 2545 419 2578 Ιιεὼθιιιιεξ
459 2547 529 2580 quod
545 2546 612 2573 dicit
634 2545 798 2580 Apostolus,
822 2551 849 2572 tu
873 2545 930 2580 qui,
950 2554 960 2571 ι

174 2587 229 2610 etc.
244 2581 298 2609 Sed
315 2582 408 2608 caeteri
428 2589 494 2608 mss.
513 2587 542 2608 ut
555 2582 580 2608 in
594 2587 688 2608 nostro
701 2586 786 2608 textu.

211 2616 249 2652 (2)
259 2616 330 2644 Editi
343 2622 404 2650 post
422 2626 432 2642 1
448 2617 573 2643 convenit
591 2625 601 2643 ι
616 2617 727 2648 addunt,
743 2626 752 2642 ‹
769 2617 887 2644 Attende
898 2615 961 2650 qltitl

197 2651 253 2680 icit.
270 2661 282 2678 ι
302 2652 356 2679 Sed
375 2653 432 2679 hanc
444 2651 524 2678 verba
538 2659 671 2687 nusquam
682 2657 839 2687 comparent
855 2653 880 2679 in
898 2659 962 2678 mss.

188 2695 226 2714 zec
236 2687 304 2721 apud
323 2687 473 2714 Rabanutn.

208 2722 247 2755 (ὅ)
261 2721 371 2749 Contra.
391 2721 472 2748 Deest
485 2721 511 2747 iu
523 2721 613 2748 editis.

213 2757 252 2790 (Δ)
268 2757 331 2783 an.
347 2756 488 2784 Ontittitnr
502 2757 527 2783 in
538 2756 628 2784 editis.

213 2792 251 2827 (5)
266 2792 388 2825 Quidam.
404 2792 577 2820 Desiderantur
593 2792 618 2819 iu
634 2798 714 2820 antea
729 2793 819 2821 editis.

1051 2404 1090 2439 t6)
1105 2404 1188 2437 Editi,
1204 2413 1214 2430 1
1228 2411 1277 2439 per
1287 2412 1318 2431 ca
1330 2411 1390 2439 quae
1406 2402 1561 2438 respondet.
1579 2412 1589 2429 ι
1607 2402 1676 2431 λιες.
1689 2404 1806 2439 quidam.

1017 2449 1026 2465 1
1046 2448 1093 2474 per
1107 2448 1155 2466 eas
1174 2448 1234 2474 qua:
1252 2440 1451 2474 responsiones,
1465 2447 1474 2464 ι
1491 2443 1546 2465 etc.

1050 2476 1088 2510 (7)
1108 2475 1188 2509 Editi,
1206 2484 1214 2500 1
1235 2474 1407 2501 contumacis
1418 2481 1482 2510 ergo
1494 2481 1556 2510 quas
1567 2474 1631 2510 erit,
1654 2483 1666 2500 ι
1686 2479 1741 2501 etc.

1049 2510 1086 2545 (8)
1103 2510 1185 2545 Editi,
1201 2519 1210 2535 1
1228 2515 1255 2537 et
1272 2510 1411 2536 admirans
1423 2509 1586 2545 sapientiam
1607 2509 1725 2537 domini.
1746 2519 1757 2536 ι

1054 2543 1092 2579 (9)
1105 2544 1246 2572 Οιιιίιιιιιιι·
1267 2554 1276 2570 1
1293 2549 1334 2571 est
1354 2554 1362 2570 ι
1381 2544 1407 2570 in
1422 2543 1515 2571 editis.

1052 2580 1106 2615 (10)
1125 2580 1205 2611 Editi,
1217 2589 1226 2604 1
1239 2580 1267 2607 Si
1290 2579 1392 2614 aliquid
1406 2579 1507 2606 secreti
1527 2579 1573 2606 Dei
1583 2584 1618 2615 et
1634 2580 1780 2607 reconditi.
1794 2587 1803 2605 ι

1051 2615 1107 2649 (Η)
1123 2615 1203 2647 Editi,
1222 2625 1230 2640 1
1247 2615 1492 2649 contemptionum,
1508 2623 1517 2639 ι
1535 2614 1618 2642 male.

1050 2651 1107 2685 (12)
1121 2650 1204 2683 Editi,
1221 2659 1230 2676 1
1250 2650 1347 2684 ﬁgulus
1358 2650 1381 2676 ei
1398 2649 1486 2685 inquit
1501 2650 1560 2683 qui,
1582 2658 1593 2675 ι
1608 2655 1663 2679 etc.

1050 2687 1104 2721 (t5)
1119 2685 1202 2718 Editi,
1225 2694 1233 2710 1
1257 2693 1338 2720 opera
1359 2684 1404 2712 Dei
1424 2684 1568 2718 sapienter
1583 2686 1610 2712 in
1628 2686 1802 2720 dispensatis-

1013 2722 1103 2751 nibus,
1124 2730 1134 2746 ι
1147 2726 1200 2748 etc.

1048 2757 1106 2790 (14)
1122 2755 1202 2782 Dicit.
1217 2755 1299 2783 Deest
1314 2756 1340 2782 in
1356 2755 1446 2783 editis.

1049 2758 1094 2790 (14
1122 2758 1202 2782 Dicit.
1217 2758 1299 2783 Deest
1314 2758 1340 2782 in
1356 2758 1446 2783 editis.

1049 2758 1106 2828 (15)
1120 2790 1202 2827 Editi,
1223 2800 1232 2818 ι
1256 2790 1387 2819 Similiter
1403 2796 1430 2819 et
1447 2791 1491 2819 hic
1511 2791 1693 2823 memoravit.
1724 2800 1734 2817 ι
1750 2795 1796 2816 εις.
