1831 3052
24 86 88 116 1119

497 81 675 112 COMMENT.
695 82 730 111 IN
747 81 857 110 EPIST.
878 83 923 110 AD
943 84 1026 113 non.
1049 85 1113 113 LIB.
1135 63 1208 113 vtt.'

1577 87 1647 114 1150

22 150 105 178 quare
119 142 170 168 alia
186 141 218 169 ad
237 141 383 175 honorem,
407 141 460 170 alia
481 150 547 170 vero
561 144 594 170 ad
615 143 807 171 contumrliam
824 145 846 173 Α
860 143 942 178 617
959 145 1002 172 hic
1022 145 1088 172 nihil
1104 145 1156 172 tale
1175 145 1271 178 reddit,
1297 144 1343 171 sed
1363 144 1440 180 quasi
1467 150 1560 180 Vagam
1580 152 1646 172 cou-

23 189 84 215 ftant
98 196 105 214 :
125 188 162 214 ibi
180 188 266 219 siluit,
282 187 326 215 hic
340 189 457 221 aperuit.
475 196 485 213 ι
507 187 535 215 Si
554 189 625 216 enim
639 189 698 223 quis
711 196 808 215 cuntu-

21 233 125 260 davni-it
154 233 336 267 semetipsum,
362 232 459 267 inquit,
491 234 524 260 ab
551 234 604 267 his,
622 243 631 260 I
650 234 708 260 sine
728 233 810 261 dubio

21 279 123 312 peccati
140 277 282 310 sordibus,
299 287 308 304 ι
329 279 380 305 erit
395 280 428 306 ad
442 279 574 307 honorem
587 287 636 306 vas
654 280 808 307 sanctiﬁca-

22 330 86 356 tum,
101 329 130 351 et.
145 324 212 351 utile
232 324 361 356 Dotuino,
385 325 418 352 ad
432 332 511 352 omne
530 333 598 360 opus
612 326 711 354 bomtm
730 334 810 361 para-

21 375 75 396 tum
93 368 128 396 ⁸¹.
149 378 160 395 ι
182 369 275 396 Restat
286 369 367 404 igitur
381 375 410 396 ut
425 370 470 403 qui
487 378 518 397 se
534 378 588 397 non
604 370 807 401 emendaverit,

22 422 68 442 nec
82 422 132 448 per
148 414 337 449 pceuiteutiam
349 414 454 448 peccati
476 414 595 442 maculas
606 415 723 442 abluerit
741 414 807 451 (l6),

20 461 52 486 sit
66 467 114 487 vas
134 459 169 486 ad
187 459 388 486 Contumeliam.
412 459 489 492 Quod
508 464 535 487 et
558 460 580 488 si
606 461 712 487 auxerit
728 461 808 488 utali-

22 506 94 536 tiam,
106 509 134 531 et
149 505 269 532 ceuverti
288 505 474 539 perduritiam
491 505 590 532 mentis
604 511 631 532 et
645 513 694 532 cor
713 506 808 541 impm.

21 551 105 577 nitens
120 551 230 577 onmiuo
242 550 447 584 contempserit.
463 549 581 585 eritjam
595 558 647 578 non
659 551 744 578 solum
760 559 808 579 vas

21 595 200 626 contumeliae.
229 595 276 623 sed
300 600 328 622 et
354 603 403 622 vas
435 596 490 624 ine.
523 595 561 623 Ita
586 605 651 632 ergo
675 597 805 626 rationem

21 649 96 675 quam
109 642 145 668 ibi
162 642 271 675 indigne
287 640 462 676 poscentibus
482 641 593 675 claudit,
612 644 656 671 ltic
668 644 748 678 digne
760 644 808 670 de-

21 687 200 714 silerantibus
221 687 316 722 pandit
338 696 345 715 :
364 696 413 723 per
435 695 516 723 quant
542 688 624 716 etiam
650 689 714 716 illud
736 689 806 724 qttod

20 734 94 767 paulo
107 738 171 761 ante
185 733 309 762 deJacob
320 739 347 762 et
364 735 434 763 Esau
453 735 594 770 proposuit
607 735 676 771 (17),
686 737 808 770 apertius

20 780 187 813 explanatur.
212 779 245 807 Ut
268 779 339 807 enim
359 780 442 808 Jacob
462 786 536 808 esset
552 788 601 808 vas
624 782 656 807 ad
674 781 806 808 honorem

858 190 1025 224 junctiouem
1041 191 1119 218 istatn
1141 191 1266 225 reliquit:
1281 199 1340 226 qua:
1358 192 1440 219 etiatn
1460 191 1482 219 si
1501 198 1554 218 non
1569 199 1646 217 assu-

861 241 966 268 matur,
989 237 1105 264 lucidior
1135 238 1237 271 absque
1263 244 1294 264 ea
1328 237 1438 264 dabitur
1465 236 1645 264 intellectus:

859 281 933 307 verbi
947 288 1040 314 causa,
1056 286 1084 309 ut
1101 282 1137 309 ita
1153 282 1274 317 legamus
1290 291 1296 308 :
1318 291 1327 308 ι
1349 282 1449 310 Voleus
1465 281 1536 309 Deus
1551 286 1646 309 osten-

859 325 924 353 dere
939 325 1019 358 iram,
1038 332 1065 353 et
1081 333 1172 354 notam
1189 326 1280 354 facere
1294 327 1440 362 potentiam
1455 334 1544 359 suam,
1561 328 1645 354 susti-

859 372 918 398 uuit
937 372 962 399 in
980 372 1061 399 multa
1076 373 1208 408 patientia
1226 381 1289 401 vasa
1311 374 1358 401 ira:
1376 378 1437 408 apta
1458 374 1485 400 in
1511 373 1642 408 perditio-

859 424 931 448 nem,
950 422 979 444 ut
1001 423 1079 445 notas
1102 418 1204 446 faceret
1219 419 1329 446 divitias
1352 418 1444 454 gloriae
1457 426 1513 446 suat
1529 419 1554 446 in
1570 419 1646 446 vasis

859 463 1061 491 misericordiae.
1081 474 1090 490 ι
1112 464 1139 491 lu
1161 472 1216 499 qtto
1237 465 1288 492 ltoc
1305 465 1414 491 videtur
1435 465 1561 500 intelligi,
1582 466 1645 498 quia

858 506 921 533 dum
946 508 1058 534 sustinet
1079 509 1149 535 Deus
1173 513 1201 536 et
1222 509 1357 543 patienter
1379 508 1431 536 l'ert
1455 509 1606 536 incredulos
1619 513 1646 536 et

859 552 994 585 infideles,
1019 559 1110 581 notant
1134 554 1201 581 facit
1223 554 1377 582 hominibus
1393 559 1420 581 et
1443 556 1599 590 patientiam
1619 559 1646 582 et

859 599 1006 632 potentiam
1020 607 1098 626 suam
1117 609 1124 627 :
1141 601 1315 634 patientiam,
1335 601 1398 626 dum
1419 601 1464 627 ditt
1482 601 1607 632 sustinet,
1623 600 1645 627 si

859 643 928 671 forte
941 644 1114 679 resipiscant,
1129 650 1156 672 et
1167 649 1382 678 convertantur;
1404 645 1565 678 potentiam,
1579 645 1644 672 dum

858 689 1005 724 aliquando
1020 691 1108 724 punit,
1121 696 1147 717 et
1164 691 1264 725 llagitia
1281 699 1333 717 non
1354 698 1545 725 usquequaque
1561 691 1644 717 inulta

858 736 1034 770 derelinquit.
1054 737 1085 763 Et
1102 744 1210 763 rursum
1230 745 1239 762 ι
1260 737 1288 763 in
1314 736 1386 763 vasis
1410 737 1613 768 misericordiae,
1633 745 1642 762 ι

859 782 910 808 hoc
937 786 988 814 est,
1014 783 1060 817 qui
1084 784 1245 817 semetipsos
1270 783 1487 810 eumudaveruut
1509 783 1543 809 ab
1569 782 1644 809 omni

19 824 226 857 smetilicatum,
245 829 272 852 et
288 824 353 852 utile
374 825 488 852 Domino
500 845 507 858 ,
527 825 560 852 ad
574 833 655 852 omne
669 833 738 860 opus
758 827 806 852 bo-
824 819 845 849 Β
860 828 938 855 sorde
956 828 1070 862 peccati,
1085 836 1117 856 ex
1135 837 1186 863 qua
1206 838 1215 854 ι
1236 830 1351 857 mundus
1366 837 1417 856 non
1433 834 1475 856 εει
1489 829 1645 863 quisquam.

20 877 77 896 num
89 874 225 904 paratum,
235 871 324 897 anima
335 870 392 904 ejus
400 871 600 898 emundavrrat
611 871 803 906 semetipsum:

19 922 41 942 et
57 916 150 943 videns
165 916 235 943 Deus
248 917 393 949 puritatem
409 917 687 952 ejus,etpotestatem
703 917 805 945 habens

20 969 49 987 ιιι
67 962 162 989 eadem
179 970 267 989 massa
283 962 373 990 facere
386 963 458 990 aliud
473 971 520 990 vas
528 964 561 990 ad
578 963 719 995 honorem,
732 963 805 991 aliud

20 1009 49 1033 ad
68 1008 277 1041 contumeliam,
304 1008 388 1037 Jacob
411 1009 520 1044 quidem
543 1010 599 1044 qui,
619 1015 647 1037 ιιι
676 1011 803 1044 diximus,

19 1053 209 1081 emundaverat
223 1054 278 1090 (18)
286 1055 473 1089 semetipsum,
485 1055 549 1082 fecit
559 1063 606 1082 vas
618 1057 650 1082 ad
663 1056 804 1089 honorem;

21 1097 84 1124 Esau
101 1106 168 1126 vero
182 1100 259 1134 cujus
267 1099 385 1127 animam
398 1107 450 1127 non
465 1100 502 1127 ita
517 1108 612 1135 puram
627 1109 677 1129 nec
691 1101 726 1128 ita
740 1102 806 1128 siut-

20 1143 110 1177 plicem
129 1145 216 1177 vidit,
231 1153 263 1172 ex
284 1145 378 1173 eadem
398 1154 488 1173 massa
507 1147 572 1174 fecit
588 1155 635 1174 vas
658 1147 690 1174 ad
708 1152 804 1174 roulu-

21 1192 134 1219 tueliaut.
154 1192 189 1220 Ut
199 1197 288 1220 autent
301 1194 373 1220 scias
384 1193 456 1227 quod
468 1201 517 1226 pro
531 1182 649 1228 puritate
663 1199 690 1221 et
701 1194 806 1228 simpli-

21 1238 97 1265 citate
119 1240 217 1266 animm
237 1238 322 1266 Jacob
339 1240 427 1267 l'actus
440 1240 523 1267 fuerit
543 1248 590 1267 vas
606 1240 639 1267 ad
663 1241 804 1271 honorem,

21 1284 78 1310 audi
98 1284 178 1318 quale
197 1285 221 1311 ei
237 1284 328 1311 divina
354 1285 495 1319 Scriptura
518 1286 704 1320 simplicitatis
728 1286 806 1312 testi—

22 1330 134 1356 monium
166 1330 299 1364 perhibet.
325 1339 334 1356 ι
349 1330 382 1357 Et
406 1336 476 1364 erat,
501 1332 598 1367 inquit,
625 1331 708 1359 Jacob
723 1333 804 1360 homo

22 1374 140 1409 simplec,
156 1375 282 1403 habitans
298 1376 408 1404 domum
423 1377 457 1404 ".
480 1386 489 1403 ι
510 1377 570 1405 Ideo
586 1386 650 1413 ergo
662 1379 805 1412 Apostolus

21 1419 81 1447 dicit
92 1420 124 1448 de
137 1420 188 1453 eis,
207 1421 269 1455 quia
282 1422 440 1456 priusquam
459 1428 638 1449 nascerentur
654 1423 755 1450 dicitur
770 1425 804 1452 de

22 1464 76 1491 eis:
94 1474 103 1491 ι
121 1464 204 1492 Jacob
216 1465 308 1499 dilexi,
325 1466 393 1494 Esau
410 1473 499 1494 autem
514 1469 576 1494 odio
594 1469 673 1495 habui
686 1469 746 1497 ¹²⁹.ι

52 1510 93 1538 18.
114 1520 124 1537 ι
146 1512 222 1545 Quod
238 1512 260 1539 si
274 1513 368 1539 volens
383 1513 454 1540 Deus
469 1513 612 1541 ostendere
627 1516 705 1546 iram,
719 1520 802 1542 etuo-
817 1506 838 1535 (ἶ

23 1556 172 1584 taml'acere
188 1558 335 1592 potentiam
352 1566 442 1591 suam,
458 1560 589 1586 sustinuit
607 1561 632 1587 itt
652 1561 733 1588 multa
755 1569 803 1596 pa-

23 1601 110 1631 tientia
127 1611 192 1631 vasa
211 1605 257 1631 ira:
268 1610 329 1639 apta
347 1605 373 1632 in
388 1605 578 1640 perditionem,
595 1612 623 1633 ut
641 1613 717 1634 notas
732 1608 804 1635 lace-

23 1653 59 1675 ret
69 1649 174 1677 divitias
189 1650 281 1685 glorize
297 1659 354 1679 sua:
369 1652 394 1679 itt
418 1652 489 1679 vasis
510 1652 721 1685 misericordim,
744 1663 803 1688 qua:

23 1696 178 1730 praeparavit
198 1697 222 1723 in
246 1697 357 1731 gloriam
375 1705 450 1724 suam
469 1705 477 1724 :
495 1705 564 1731 quos
584 1702 612 1725 et
631 1700 739 1726 vocavit
755 1707 804 1726 nos

23 1747 70 1766 non
83 1741 169 1768 solutn
186 1742 242 1778 (l9)
260 1750 292 1769 ex
310 1741 422 1774 .ludaeis.
448 1744 494 1770 sed
508 1743 589 1769 etiam
613 1751 646 1770 cx
667 1744 802 1778 gentibus,

22 1785 117 1814 siculin
127 1787 197 1815 Osee
206 1788 269 1815 dicit
280 1797 286 1815 :
297 1788 403 1814 Voeabo
414 1796 467 1815 non
477 1788 581 1823 plebem
591 1796 689 1820 tucam,
698 1789 803 1823 plebem

24 1838 117 1865 meam;
133 1837 163 1860 et
178 1840 229 1860 non
243 1833 378 1866 dilectam,
390 1834 530 1867 dilectam;
542 1839 630 1862 etnon
648 1835 804 1862 misericor-

22 1875 87 1904 diam
97 1884 281 1912 consecutam,
290 1879 500 1907 misericordiam
510 1881 728 1908 eousecutam.Et
735 1881 786 1908 erit
795 1891 802 1909 ε

23 1922 48 1949 lu
63 1922 131 1958 loco,
143 1925 190 1953 ubi
201 1925 301 1952 dictutn
314 1930 356 1952 est
370 1926 409 1952 eis
424 1934 430 1953 :
444 1924 500 1952 Non
515 1926 591 1960 plebs
604 1934 664 1954 utea
680 1924 728 1954 vos
742 1935 749 1954 :
768 1927 803 1954 ibi

23 1970 186 1998 vocabuntur
200 1970 246 1998 lilii
259 1971 304 1997 Dei
321 1971 373 1997 vivi
389 1971 423 1999 ³³.
441 1981 450 1998 ι
469 1972 546 2006 Saepe
563 1973 596 1998 de
615 1972 805 2008 incompositis

23 2014 214 2045 elocutionibus
226 2017 349 2052 Apostoli
361 2017 567 2052 defectibusque
575 2026 669 2045 earum
684 2026 804 2047 commo-

23 2061 135 2094 nuimus,
150 2063 223 2098 quod
240 2068 268 2090 et
280 2064 307 2090 iu
322 2064 447 2099 prieseuti
463 2063 523 2091 loco
539 2064 714 2091 nihilominus
726 2065 805 2092 iuve-

23 2107 97 2134 nitur.
128 2108 187 2135 Non
218 2109 290 2136 enim
317 2110 440 2137 redditur
469 2110 502 2137 ad
531 2111 632 2145 aliquid
663 2111 716 2138 hoc
746 2111 803 2147 ('20)

23 2154 87 2186 quod
114 2155 152 2182 ait
174 2155 200 2181 in
224 2155 358 2191 principio
381 2156 494 2190 capituli
513 2164 520 2183 :
540 2166 549 2182 (
566 2156 643 2190 Quod
664 2157 686 2184 si
711 2158 804 2186 volens

24 2198 96 2227 Deus.
120 2211 130 2228 ι
156 2200 235 2228 Verbi
266 2209 368 2234 causa,
405 2207 435 2229 ut
469 2207 497 2230 et
529 2203 556 2230 in
585 2203 646 2231 aliis
679 2203 734 2239 ipse
765 2206 806 2232 di-

24 2244 108 2274 xit“:
126 2257 134 2274 ι
155 2247 232 2281 Quod
244 2248 267 2274 si
283 2247 409 2282 primitiae
423 2253 534 2281 sanette,
544 2253 570 2275 et
587 2257 675 2276 massa
692 2249 749 2286 (2i)
764 2259 771 2277 z
792 2260 801 2277 ι

56 2336 75 2352 ³¹
92 2338 110 2364 ll
128 2338 199 2365 Tim.
215 2346 245 2367 tt.
270 2337 313 2365 2L
372 2337 394 2353 ²¹
407 2337 474 2364 Gen.
488 2337 608 2370 xxv,27.
645 2338 677 2355 ³¹¹
695 2340 810 2371 Malam.

21 2366 40 2382 ⁸³
54 2372 100 2401 Job
115 2381 170 2406 ειν,
186 2374 214 2407 4,
231 2374 258 2400 5.
310 2373 333 2388 ³⁸
348 2372 419 2400 Psal.
436 2380 500 2406 xxx,
519 2366 565 2400 21).

68 2440 109 2471 16)
122 2441 204 2472 Editi,
219 2451 230 2468 ι
251 2441 382 2468 maculam
395 2441 522 2469 abluerit.
541 2451 551 2468 ι

71 2477 111 2512 l7)
128 2477 215 2508 Alias,
233 2486 242 2503 ι
260 2477 395 2512 proponit.
411 2486 421 2502 ι

57 2510 110 2545 (18)
122 2512 206 2544 Alias,
217 2521 226 2538 ι
245 2510 412 2539 einuudavit.
435 2520 445 2538 ι

58 2546 111 2583 (19)
129 2547 212 2579 Editi,
227 2556 237 2573 ι
252 2547 369 2574 sustinet
387 2548 412 2573 in
433 2546 516 2573 multa
534 2547 666 2583 patientia,
678 2555 741 2574 vasa
757 2548 805 2575 iraa

26 2584 81 2617 {Apta
96 2583 129 2609 ad
141 2583 293 2613 interitum,
307 2587 336 2608 ιιι
348 2583 506 2609 ostenderet
521 2583 630 2609 divitias
643 2582 735 2617 gloria:
749 2591 805 2610 sum:

27 2619 49 2654 tu
62 2623 120 2644 vasa
184 2625 244 2652 quae
255 2618 416 2652 praeparavit
430 2618 454 2644 iu
467 2617 592 2652 gloriam,
606 2622 713 2652 quoset
724 2625 806 2645 voca-

26 2655 59 2675 vut
70 2659 120 2678 non
136 2653 233 2684 solum,
256 2662 265 2678 ι
280 2658 331 2679 etc.

58 2685 110 2721 (ευ)
126 2687 172 2714 Sic
194 2695 257 2714 mss.
280 2685 584 2721 pleriquetﬂabanns,
602 2692 630 2714 ct
652 2687 728 2714 editi.
753 2686 803 2713 Ms.

28 2720 373 2780 zﬁrlqoregi‘ulipum.1639,
390 2730 399 2747 ι
419 2720 476 2748 Non
488 2722 560 2750 ettitu
574 2722 690 2750 reddidit
702 2722 804 2757 aliquid

27 2759 56 2778 au
67 2759 124 2787 Itoc,
140 2766 150 2782 ι
163 2762 216 2784 etc.

58 2788 205 2825 (ilelias,
225 2800 234 2818 ι
254 2795 280 2819 et
291 2798 397 2819 massae.
414 2799 424 2817 ι

856 874 961 901 etiamsi
985 875 1064 902 unius
1087 875 1140 902 diei
1165 875 1247 902 fuerit
1270 876 1322 904 vita
1339 876 1398 909 ejus
1415 875 1437 891 ³⁸
1451 873 1518 911 (22),
1539 884 1549 901 ι
1569 881 1647 902 notas

857 919 922 946 facit
935 920 1043 947 divitias
1061 921 1154 954 gloria:
1167 929 1221 949 su:e
1235 928 1243 948 :
1257 930 1317 956 qua:
1339 929 1415 957 vasa.
1426 929 1479 948 nou
1501 921 1647 948 irrationa-

857 963 903 989 bili
920 962 1020 998 aliqua,
1035 969 1082 991 aut
1097 964 1208 992 fortuita
1230 966 1329 1000 gratia,
1349 966 1395 993 sed
1410 966 1537 1001 quoniatn
1558 966 1615 999 ipsa
1630 973 1646 992 a

856 1010 1021 1044 supradictis
1037 1010 1095 1044 (25)
1119 1011 1247 1039 sordibus
1273 1019 1301 1039 se
1320 1016 1550 1047 cxpurgaverant,
1577 1019 1646 1046 pra:-

857 1056 963 1090 paravit
977 1056 1003 1083 in
1014 1057 1143 1092 gloriam.
1157 1057 1233 1090 Quod
1252 1063 1341 1084 autem
1359 1057 1498 1091 subjuugit
1513 1065 1520 1083 :
1543 1066 1552 1082 σ
1572 1056 1646 1090 Quos

855 1107 883 1128 et
899 1102 1005 1129 vocavit
1019 1110 1067 1129 ttos
1079 1103 1155 1138 (~24);
1176 1112 1186 1129 ι
1203 1110 1251 1138 pro
1270 1110 1303 1130 eo
1317 1108 1346 1130 ut
1367 1103 1388 1130 si
1410 1103 1523 1129 dixisset
1542 1111 1549 1129 :
1568 1103 1646 1130 Sicut

857 1155 908 1175 nos
925 1156 992 1183 quos
1007 1148 1113 1175 vocavit
1125 1157 1136 1174 ι
1160 1157 1212 1175 non
1229 1147 1313 1175 solum
1334 1156 1366 1174 ex
1383 1146 1492 1180 Judaris,
1504 1148 1550 1175 sed
1561 1148 1642 1174 etiam

855 1201 888 1220 ex
911 1195 1047 1228 gentibus.
1069 1203 1079 1220 ι
1100 1194 1248 1228 Superiora
1264 1195 1337 1221 enim
1358 1194 1434 1228 quasi
1456 1194 1489 1221 de
1501 1193 1644 1220 Pharaone

856 1238 901 1274 qui
916 1237 966 1265 fuit
979 1246 1025 1265 vas
1037 1239 1095 1271 irm,
1106 1238 1175 1265 etde
1191 1239 1254 1266 llliis
1273 1238 1353 1266 Israel
1365 1240 1409 1273 qui
1423 1244 1502 1265 erant
1514 1246 1576 1265 vasa
1599 1238 1646 1265 nti-

856 1285 1023 1316 sericordize,
1054 1289 1215 1319 prosecutus
1250 1285 1368 1313 videtur.
1406 1284 1454 1312 llic
1481 1292 1546 1320 ergo
1571 1285 1644 1319 quod

856 1329 1005 1364 subjungit,
1021 1338 1031 1355 ι
1050 1329 1123 1362 Quos
1135 1335 1163 1357 et
1179 1330 1287 1357 vocavit
1301 1337 1359 1362 nos,
1374 1338 1427 1357 ttou
1446 1330 1532 1357 solum
1548 1337 1581 1357 ex
1593 1329 1642 1356 Ju-

856 1375 932 1407 dzeis,
951 1377 997 1402 sed
1013 1375 1094 1402 etiam
1116 1383 1150 1402 ex
1174 1376 1309 1411 gentibus,
1326 1376 1548 1403 tsimilitudinem
1567 1377 1645 1403 vide-

857 1426 900 1449 tur
917 1429 1078 1448 assumere:
1098 1421 1150 1449 hoc
1174 1427 1227 1453 est,
1251 1425 1279 1448 tit
1302 1422 1339 1448 ita
1363 1422 1465 1448 dictum
1494 1422 1643 1449 videatur:

857 1468 970 1495 Sicutet
987 1476 1036 1495 nos
1054 1475 1147 1495 sumus
1172 1475 1236 1494 vasa
1258 1467 1462 1500 misericordiae,
1480 1476 1549 1502 quos
1563 1475 1644 1494 voca-

857 1515 894 1540 vit
912 1521 963 1540 nou
979 1513 1066 1541 solum
1089 1520 1120 1540 ex
1139 1511 1251 1546 Iudaeis,
1267 1512 1314 1539 sed
1338 1513 1420 1540 etiam
1446 1521 1478 1540 ex
1507 1513 1645 1547 gentibus.

858 1560 931 1592 llarc,
951 1566 1081 1594 quantum
1096 1559 1128 1586 ad
1145 1559 1232 1594 ipsius
1246 1559 1386 1594 apostolici
1410 1559 1547 1586 sermonis
1568 1559 1646 1586 ordin

858 1613 917 1632 nem
945 1605 1219 1639 cxplanatiouemque
1245 1605 1390 1631 verborum
1419 1605 1547 1638 pertinet,
1571 1605 1643 1631 dicta

857 1652 920 1678 siut.
937 1650 1012 1677 Nunc
1028 1651 1147 1677 breviter
1164 1655 1330 1685 repetentes,
1348 1650 1439 1684 aliqua
1458 1650 1539 1676 etiam
1556 1650 1589 1676 de
1605 1650 1648 1676 in-

858 1696 968 1723 tellectu
985 1696 1115 1723 interiore
1137 1695 1316 1730 requiramus.
1336 1694 1478 1728 Quomodo
1493 1702 1557 1728 ergo
1574 1693 1648 1722 Deus

857 1748 948 1769 notam
964 1742 1030 1769 facit
1047 1741 1103 1777 (25)
1121 1741 1188 1767 iram
1203 1740 1302 1768 suam?
1319 1740 1370 1767 Per
1386 1747 1462 1772 vasa,
1486 1741 1583 1774 inquit,
1600 1740 1648 1767 ira

857 1792 947 1822 aptata
972 1787 998 1814 in
1019 1787 1208 1822 perditionem.
1236 1786 1405 1820 Obstupesco
1428 1794 1478 1820 ego
1504 1787 1574 1820 apud
1591 1792 1649 1812 me-

858 1835 1001 1869 tuctipsum
1018 1833 1074 1870 (26)
1091 1833 1177 1861 sancti
1194 1832 1314 1868 Spiritus
1335 1832 1479 1860 consilium
1499 1832 1523 1857 in
1545 1831 1647 1858 divinis

857 1881 1040 1908 voluminibus
1059 1884 1203 1907 contuens.
1218 1878 1285 1906 Nam
1300 1878 1369 1905 iram
1386 1878 1494 1912 quidem
1515 1877 1562 1903 Dei
1583 1883 1645 1912 quas

857 1934 897 1956 est
912 1936 926 1955 a
941 1932 1038 1954 natttra
1052 1925 1109 1960 ejus
1122 1929 1268 1956 extranea,
1289 1928 1380 1951 notam
1405 1923 1462 1950 ﬁeri
1487 1923 1646 1950 hominibus

858 1974 933 2006 dicit,
959 1973 1029 2000 sicut
1055 1979 1175 2007 praesens
1203 1971 1247 1998 hic
1272 1969 1396 2005 Apostoli
1421 1969 1524 1996 indicat
1546 1969 1645 1995 locus:

858 2022 1008 2049 bonitatem
1023 2026 1086 2047 vero
1101 2018 1171 2054 ejus,
1193 2021 1220 2046 et
1238 2017 1423 2048 dulcedinem,
1447 2015 1518 2050 quod
1541 2020 1647 2042 natum

858 2069 917 2103 ejus
932 2072 972 2094 est
986 2065 1136 2101 proprium,
1154 2064 1283 2091 abscondi
1299 2069 1443 2095 memorat,
1456 2067 1483 2089 et
1498 2061 1644 2092 occultari.

859 2114 929 2142 sicut
943 2112 1026 2140 David
1052 2111 1118 2139 dicit
1134 2119 1141 2137 :
1160 2120 1169 2136 ι
1189 2110 1275 2144 Quam
1300 2117 1398 2143 magna
1426 2109 1569 2135 mttltitudo
1584 2108 1644 2134 dul-

858 2159 963 2188 cedinis
989 2163 1050 2190 tute,
1075 2157 1198 2190 Domine,
1217 2164 1299 2192 quam
1324 2155 1489 2183 abscondisti
1520 2154 1640 2182 timenti—

859 2205 910 2232 bus
932 2209 958 2231 te
976 2203 1014 2230 “l
1038 2202 1126 2236 tQuid
1152 2209 1216 2236 ergo
1228 2209 1317 2228 causae
1343 2201 1465 2227 dicemus
1487 2199 1559 2234 quod
1577 2199 1647 2226 Deus

858 2250 925 2278 iram
942 2249 1097 2276 manifestat.
1112 2247 1277 2279 ltoutittibus,
1302 2251 1330 2274 ct
1354 2246 1525 2274 dulcediuettt
1553 2243 1646 2271 celat?

1410 2337 1434 2353 ⁸⁸
1445 2337 1522 2364 Rom.
1539 2343 1578 2369 ιι,
1602 2335 1645 2363 16.

831 2352 851 2378 t,
865 2344 892 2375 2:
907 2344 984 2371 Rom.
1004 2351 1042 2375 ιιι,
1066 2343 1110 2370 15.
1148 2341 1170 2358 ³³
1188 2341 1252 2369 ibid.
1264 2339 1299 2368 22
1315 2347 1372 2374 seq.

896 2441 951 2476 (9.2)
967 2441 1035 2469 Editi
1053 2444 1111 2474 post
1130 2449 1140 2465 ι
1157 2439 1211 2466 vita
1234 2439 1293 2472 ejus
1310 2448 1319 2464 ι
1344 2438 1446 2476 addunt
1463 2446 1473 2464 ‹
1494 2445 1575 2472 super
1590 2442 1647 2476 ter-

860 2474 927 2506 ram,
943 2474 956 2502 ἰ
972 2485 1029 2510 qua:
1050 2477 1131 2502 verba
1147 2475 1244 2502 desunt
1267 2476 1292 2501 in
1310 2474 1436 2500 omnibus
1462 2481 1529 2502 mss.
1544 2474 1647 2501 nostris

858 2517 886 2538 et
900 2514 968 2545 apud
982 2512 1133 2538 “ab-“IIII”.

893 2543 951 2582 (ἑὸ)
967 2546 1037 2573 Editi
1049 2566 1056 2577 ,
1077 2555 1086 2571 ι
1104 2545 1152 2582 sed
1168 2552 1228 2572 ctntt
1249 2551 1279 2571 ea
1295 2544 1470 2582 supradictis,
1491 2553 1500 2570 ι
1519 2548 1573 2582 etc.

858 2579 939 2612 unus.
957 2590 966 2606 ι
989 2582 1036 2608 sed
1054 2580 1183 2616 quoniant
1207 2587 1238 2606 se
1263 2581 1436 2614 supradictis,
1453 2588 1467 2616 rt
1481 2585 1535 2616 etc.
1551 2579 1643 2606 R..ba-

858 2625 919 2648 nus,
937 2626 946 2642 ι
964 2617 1010 2644 sed
1023 2615 1153 2650 quoniam
1168 2622 1232 2642 ecce
1247 2622 1308 2649 quae
1325 2622 1340 2642 ι
1359 2615 1534 2649 supradictis,
1553 2623 1565 2641 ι
1588 2620 1643 2642 etc.

860 2652 912 2679 Sed
931 2660 994 2678 mss.
1014 2654 1066 2677 dtto
1085 2656 1158 2677 recte
1177 2655 1206 2677 ut
1222 2650 1247 2676 itt
1271 2655 1364 2677 nostro
1380 2654 1466 2677 textu.

893 2685 950 2720 (24)
966 2687 1046 2713 Deest
1062 2694 1071 2710 ι
1092 2693 1141 2712 nos
1160 2695 1169 2711 ι
1188 2685 1215 2720 in
1225 2685 1317 2720 editis.

894 2719 952 2756 (25)
966 2721 1048 2756 Editi,
1067 2729 1076 2745 ι
1093 2725 1188 2756 notam
1207 2719 1297 2746 laciet.
1313 2727 1324 2744 t

894 2755 950 2791 (26)
967 2755 1049 2789 Editi,
1067 2764 1076 2781 (
1093 2755 1164 2783 itttra
1179 2757 1378 2789 memetipsunt.
1397 2761 1407 2779 ι
