1827 3053
177 103 243 132 1151

911 97 1072 127 ORIGENIS
1080 89 1086 94 '

1236 70 1321 82 ‘c-~--‘

1743 98 1802 126 1151

174 159 233 187 Scit
248 156 306 186 sine
320 157 402 185 dubio
418 156 512 191 fragile
526 162 587 183 esse
599 155 741 184 hominum
765 163 860 191 genus,
883 160 912 184 et
925 155 959 183 ad
974 162 997 191 Α
1012 153 1231 183 misericordiam
1256 156 1441 182 consecutam.
1466 151 1500 180 Et
1524 153 1578 181 erit
1594 161 1603 181 :
1628 153 1657 181 In
1684 154 1749 182 loco
1764 159 1801 185 ubi

175 203 278 238 lapsum
294 202 411 236 proclive
430 208 479 236 per
495 200 700 236 negligentiam,
721 201 819 235 quibus
838 201 964 236 expediat

176 248 263 283 magis
287 254 348 273 esse
372 246 422 273 sub
448 251 520 272 metu
537 245 594 278 iraa,
617 253 697 280 quam
715 253 762 280 spe
789 245 963 280 benignitatis

177 294 223 321 Dei
241 297 268 321 et
285 291 436 318 dulcedinis
459 291 586 323 relaxari,
606 291 678 318 sicut
705 296 731 318 et
755 290 892 325 Sapientia
915 293 961 320 Dei

176 338 245 365 dicit
265 336 287 353 "
303 346 310 364 :
328 345 338 362 ι
358 336 408 370 Qui
434 335 520 370 parcit
542 334 649 368 baculo,
673 335 731 362 odit
756 335 840 363 lilium
871 344 961 364 suum.

176 384 206 411 Si
220 383 291 413 enim
318 381 486 417 percusseris
513 389 574 408 eum
604 381 689 415 virga,
715 389 769 409 non
800 382 959 409 morietur:

175 430 293 456 animam
312 432 400 454 autem
416 427 476 462 ejus
489 427 593 455 salvam
613 427 698 455 facies
719 436 733 455 a
755 432 853 455 morte.
875 437 884 455 ι
907 427 962 455 No-

177 478 231 500 tam
248 473 313 500 facit
324 473 381 510 (27)
398 481 463 509 ergo
482 473 630 508 potentiam
648 481 724 501 suam
743 473 824 507 Dcus,
838 474 899 501 dum
916 475 963 501 im-

174 521 234 555 pios
251 521 367 554 castigat
386 525 414 547 et
434 521 556 554 corripit,
585 525 614 547 ut
637 522 785 548 secundum
812 520 962 555 Scriptor-ae

175 567 336 593 sententiam
358 575 368 591 ι
392 566 455 593 dum
482 566 632 601 ﬂagellatur
663 566 803 600 pestilens,
832 565 963 593 innocens

175 612 292 639 astutior
309 611 355 639 flat
366 611 401 639 ⁸⁸.
426 621 436 638 ι
453 612 536 640 Notas
547 617 635 639 autem
654 612 718 639 facit
736 612 817 638 etiam
829 619 839 637 ι
855 611 963 640 divitias

175 655 267 691 gloriae
284 664 340 683 sua:
354 657 380 683 in
399 657 470 683 vasis
486 657 692 690 misericordim,
715 663 775 691 qua:
798 657 962 692 preparavit

175 701 202 729 in
216 701 338 737 gloriam.
356 712 366 729 ι
382 702 558 730 Innotescuut
570 703 671 730 divitia:
683 703 741 739 (28)
757 703 804 730 Dei
816 710 878 731 cum
896 710 961 738 erga

174 755 222 775 eos
236 748 281 783 ιιιιὶ
299 748 367 776 inter
383 749 507 776 homines
523 755 699 784 spernuntur,
714 753 741 776 et
757 749 872 776 humiles
883 753 959 782 sunt,

173 795 360 822 misericordia
383 795 442 830 ejus
461 796 625 829 ostenditur,
644 796 689 831 qui
719 804 772 824 non
802 796 830 824 in
857 796 961 824 divitiis

174 840 241 874 suis,
256 848 306 868 nec
322 841 347 868 in
364 842 483 877 potentia
505 850 566 874 sua,
584 843 631 870 sed
651 843 678 870 in
695 843 810 870 Domino
834 847 958 878 sperant.

174 885 250 913 Sicut
260 890 287 913 et
302 891 364 914 tunc
384 887 558 915 Hebraeorum
577 896 644 924 gens
660 889 802 924 desperata
822 888 893 916 inter
908 889 957 916 ho-

173 932 261 960 mines
281 937 308 960 et
326 932 444 968 abjecta,
460 941 475 961 a
495 933 552 960 Deo
572 933 788 961 misericordiam
812 939 958 961 consecuta

172 983 231 1010 est;
248 978 283 1005 ita
301 985 366 1013 ergo
389 978 445 1016 (29)
471 984 499 1006 et
525 987 598 1008 nunc
626 980 742 1016 populus
767 980 888 1014 gentium
913 979 959 1014 qui

172 1024 362 1058 spernebatur,
386 1029 414 1051 et
439 1026 634 1059 desperabatur
656 1027 690 1053 ab
720 1026 763 1054 his
786 1026 832 1061 qui
856 1026 883 1053 in
907 1026 960 1053 cir-

171 1070 338 1097 cumcisione
360 1070 524 1105 gloriantur,
548 1072 764 1099 misericordiam
787 1077 951 1099 consecutus

172 1119 224 1141 est.
241 1114 295 1142 Sed
315 1115 380 1142 illud
400 1120 442 1143 est
455 1116 527 1151 quod
541 1118 633 1145 acrius
652 1117 783 1144 debemus
803 1116 958 1147 intendere,

171 1160 235 1192 quia
248 1165 275 1188 et
289 1161 326 1189 illi
345 1163 482 1190 consecuti
501 1167 565 1190 sunt
585 1162 815 1196 misericOrdiam,
836 1167 864 1190 et
884 1161 960 1196 plebs

172 1205 219 1233 Dei
235 1206 359 1242 appellati
373 1212 448 1241 sunt,
468 1213 495 1235 et
508 1208 601 1236 dilecti
616 1208 664 1236 Dei
681 1208 806 1241 fuerunt;
825 1207 872 1235 sed
890 1215 959 1242 quo-

173 1252 246 1279 niam
269 1260 378 1281 servare
397 1253 454 1290 (50)
477 1260 618 1290 acceptam
643 1255 760 1290 gratiam
788 1253 959 1285 nescierunt,

173 1297 272 1326 dicitur
288 1299 321 1326 ad
344 1306 414 1326 eos:
435 1308 443 1324 t
463 1298 492 1326 In
511 1300 609 1334 quibus
630 1299 817 1327 mmchabatur
837 1306 960 1327 commo-

173 1345 243 1372 ratio
257 1345 340 1373 Israel
363 1345 432 1381 (51).
458 1345 547 1372 dimisi
569 1352 641 1379 eam,
663 1350 690 1374 et
709 1346 769 1373 dedi
791 1345 815 1372 ei
839 1344 960 1373 libellum

173 1390 276 1424 repudii
293 1391 318 1418 in
336 1398 431 1418 manus
444 1399 509 1418 suas
525 1391 566 1425 ⁸⁹;
583 1401 593 1417 ι
615 1396 643 1418 et
661 1391 725 1418 item
748 1391 811 1418 alibi
829 1399 835 1418 :
855 1399 864 1416 t
885 1389 960 1417 Facti

173 1435 240 1463 estis
263 1436 328 1463 mihi
354 1436 380 1463 in
403 1436 557 1464 satietatem
581 1436 648 1473 (5'2),
667 1436 725 1472 jam
750 1444 804 1464 non
826 1435 960 1464 dimittam

173 1489 285 1518 peccata
299 1489 397 1512 vestra.
418 1494 428 1511 ι
446 1485 479 1512 Et
495 1493 544 1520 per
552 1484 698 1513 Jeremiam
717 1486 846 1512 Dominus
869 1484 935 1512 dicit
950 1492 957 1511 :
974 1503 995 1532 ο

176 1538 186 1556 ι
209 1529 286 1557 Sicut
301 1530 430 1565 spelunca
450 1531 551 1567 hyaenae
573 1531 644 1558 facta
664 1537 706 1559 cst
724 1531 790 1558 mihi
818 1530 961 1559 hereditas

174 1582 234 1602 nica
261 1575 295 1603 “.
324 1584 333 1602 ι
361 1575 399 1603 Ne
422 1576 493 1603 forte
517 1577 598 1604 etiam
624 1585 673 1605 nos
699 1577 746 1612 qui
778 1585 832 1604 non
860 1577 962 1604 iuirnus

172 1623 248 1660 plebs
268 1624 323 1659 (55)
342 1625 399 1658 Dei,
420 1625 466 1653 sed
487 1634 535 1661 per
558 1626 669 1654 divitias
691 1626 781 1661 glorite
807 1634 862 1654 sua-
882 1634 962 1654 voca-

173 1670 212 1697 vit
228 1677 277 1697 nos
291 1671 394 1705 plebem
412 1679 500 1703 suam,
517 1676 544 1699 et
571 1671 617 1708 qui
643 1679 697 1700 non
726 1671 829 1699 fuimus
854 1671 960 1705 dilecti,

173 1717 221 1743 sed
243 1717 305 1744 facti
327 1726 421 1745 sumus
448 1718 549 1751 dilecti,
572 1723 600 1746 et
626 1718 672 1746 filii
698 1719 744 1746 Dei
772 1719 836 1750 vivi,
861 1718 883 1746 si
909 1726 961 1746 non

173 1768 204 1788 ut
229 1762 275 1789 Illii
301 1762 370 1790 lucis
392 1769 420 1791 et
449 1764 495 1792 lilii
530 1763 576 1791 Dei
603 1763 785 1796 ambulemus,
809 1764 832 1791 si
855 1771 907 1790 non
933 1769 962 1790 ut

172 1807 250 1843 plebs
292 1807 338 1835 Dei
379 1808 416 1836 ita
453 1817 583 1844 agamus,
612 1818 622 1835 ι
646 1813 676 1836 ιιι
708 1809 829 1837 videntes
872 1808 961 1837 homi—

173 1861 223 1881 nes
247 1861 329 1889 opera
353 1860 445 1882 nostra
472 1855 552 1888 bona,
578 1856 751 1891 magniﬁcent
773 1855 881 1883 Patrem
910 1862 961 1882 no-

172 1904 258 1928 strum
289 1900 334 1935 qui
361 1901 387 1927 in
413 1900 491 1929 cmlis
524 1905 567 1928 est
589 1901 623 1934 “,
652 1910 661 1928 ι
685 1901 830 1929 verendum
855 1907 897 1929 est
928 1909 963 1929 ne

173 1946 248 1974 illum
277 1954 428 1974 sermonem
457 1947 628 1976 incurramus
652 1948 786 1983 Apostoli,
814 1956 868 1983 quo
889 1947 927 1975 ait
951 1955 959 1975 :

175 2001 186 2018 ι
204 1992 232 2019 Si
247 1992 319 2019 enim
345 1991 416 2019 Deus
437 1992 606 2021 naturalibus
630 1993 714 2021 ramis
744 2001 797 2021 non
825 1993 960 2028 pepercit,

173 2046 223 2066 nec
239 2038 287 2066 tibi
300 2044 391 2073 parcet
404 2039 436 2067 δ’.
456 2039 534 2066 Sicut
545 2039 572 2066 in
586 2039 656 2067 Osee
670 2039 737 2067 dicit
750 2039 807 2074 (51)
826 2048 833 2067 :
851 2039 959 2067 Vocabo

172 2091 227 2111 non
258 2083 363 2118 plebem
395 2092 493 2117 meam,
514 2084 620 2120 plebem
646 2092 751 2117 meam;
772 2089 800 2112 et
822 2093 873 2112 non
894 2084 961 2111 dile-

173 2134 257 2162 ctam,
268 2130 410 2164 dilectam;
429 2135 457 2158 et
475 2138 527 2158 non
540 2129 755 2158 misericordiam
773 2135 959 2163 consecutam,

204 2199 227 2216 ⁸⁷
241 2199 322 2227 Prov.
341 2187 466 2230 xttt,24;
481 2206 559 2229 um.
577 2198 621 2231 I5,
640 2198 684 2226 14.
722 2199 744 2214 ⁸³
763 2198 845 2226 Prov.
863 2206 922 2229 xu,
940 2197 962 2225 21

204 2235 218 2261 ι.
256 2235 279 2252 ⁴¹
296 2235 374 2261 Rom.
390 2242 426 2261 ιιι.
442 2233 488 2261 2|.
538 2234 562 2250 “
579 2233 656 2261 Rom.
685 2241 723 2261 Ix.
749 2233 794 2261 25.
843 2233 867 2250 ⁸⁵
881 2233 946 2261 Osc.

1069 2197 1170 2226 Ierem.
1197 2205 1237 2229 ιιι,
1255 2198 1282 2226 8.
1320 2197 1343 2213 ⁵⁸
1357 2196 1458 2224 Jerem.
1475 2204 1524 2228 xu,
1540 2195 1569 2224 9.

1083 2233 1107 2249 "
1117 2233 1185 2261 ibid.
1204 2233 1245 2260 I0.
1283 2232 1306 2249 “
1322 2232 1393 2260 Psal.
1410 2239 1493 2261 an.
1506 2231 1534 2258 2.

919 2241 946 2261 c.
964 2241 984 2267 ι,
1005 2241 1033 2261 υ.

174 2234 218 2262 18.
256 2235 279 2252 ⁴¹
296 2235 374 2262 Rom.
390 2242 426 2266 ιιι,
442 2233 488 2261 2|.
538 2234 562 2250 “
579 2233 656 2261 Rom.
685 2241 723 2266 Ix,
749 2233 794 2261 25.

172 2269 198 2287 ⁸⁸
209 2270 286 2298 Rom.
302 2278 340 2303 rx,
355 2269 400 2296 26.
447 2268 470 2285 δ’
489 2268 587 2304 Philip.
602 2276 639 2302 tv,
654 2269 681 2296 7.

1013 201 1115 229 dictum
1130 204 1174 228 est
1186 199 1246 227 eis:
1259 198 1317 226 Non
1332 197 1410 234 plebs
1427 205 1486 225 mea
1500 206 1559 231 vos,
1579 198 1617 226 ibi
1636 199 1802 227 vocabuntur
1826 199 1827 225 ἰ

1014 246 1062 272 ﬁlii
1075 245 1121 272 Dci
1140 244 1192 272 vivi
1209 244 1242 271 “.
1266 253 1277 270 ι
1296 244 1494 272 Testimonium
1518 251 1586 272 sane
1610 245 1665 272 hoc
1689 247 1763 280 quod
1778 248 1803 274 de

1013 292 1082 320 Osee
1097 291 1212 319 assumit
1226 289 1383 325 Apostolus,
1399 294 1531 324 quantum
1545 289 1581 317 ad
1601 290 1697 318 locum
1722 291 1801 326 ipsum

1015 337 1154 372 prophetat
1177 336 1232 371 (55)
1258 335 1384 371 pertinet,
1399 342 1454 363 non
1478 335 1588 362 videtur
1611 336 1648 363 de
1668 338 1801 372 gentibus,

1012 383 1097 419 618
1109 383 1156 410 sed
1176 382 1209 410 de
1221 383 1279 417 ipso
1296 381 1394 417 populo
1409 379 1491 409 Israel
1508 380 1572 408 dici.
1590 381 1658 414 Sed,
1674 387 1709 409 ut
1723 383 1749 410 iu
1764 392 1801 410 se.

1013 429 1168 464 perioribus
1183 428 1313 460 diximus,
1329 434 1360 455 ex
1376 426 1458 455 simili
1480 426 1580 455 Paulus
1601 428 1693 455 sumit
1717 435 1801 456 exeat.

1013 474 1096 509 plum,
1117 479 1146 501 ut
1166 473 1293 501 ostendat
1317 473 1382 508 quia
1400 472 1472 500 sicut
1500 472 1554 500 illis
1577 474 1723 508 quondam
1747 482 1799 502 cu-

1013 520 1108 554 ahjccti
1136 524 1227 548 essent
1252 524 1279 547 et
1308 519 1453 554 desperati,
1482 519 1585 547 dictum
1614 525 1659 547 est
1684 521 1798 555 primo:

1015 576 1025 593 ι
1045 567 1098 594 Vos
1110 574 1163 594 non
1181 565 1296 602 populus
1312 573 1399 598 meus,
1421 569 1448 593 et
1471 573 1521 600 ego
1544 573 1597 592 non
1627 573 1691 592 sum
1721 572 1801 594 vester

1014 611 1083 639 Deus
1096 611 1133 644 “;
1154 620 1163 637 ι
1184 617 1212 639 et
1224 611 1332 638 additur
1356 615 1417 644 post
1437 610 1494 638 hcc
1510 611 1567 646 (56)
1581 620 1589 639 :
1608 621 1617 637 ι
1638 612 1672 639 Et
1683 613 1738 639 erit
1754 622 1760 639 :
1777 613 1799 639 Ιι

1012 656 1072 685 loco
1089 657 1116 684 in
1142 664 1195 692 quo
1217 656 1319 684 dictum
1336 661 1379 684 est
1397 657 1438 684 eis
1458 666 1465 684 :
1483 656 1539 683 Non
1562 665 1622 684 mea
1638 657 1719 692 plebs
1736 665 1779 685 vos
1794 667 1799 684 :

1012 703 1181 730 vocabuntur
1192 707 1218 730 et
1234 703 1284 738 ipsi
1298 702 1345 729 lilii
1360 702 1406 730 Dei
1422 702 1473 729 vivi
1492 702 1530 736 ";
1551 713 1561 729 ι
1584 703 1636 734 ita,
1659 703 1759 738 inquit.
1777 707 1801 730 et

1015 758 1025 775 ι
1047 757 1097 776 nos
1122 756 1191 783 quos
1222 748 1331 775 vocavit
1363 755 1417 775 non
1439 748 1526 775 solum
1552 757 1586 775 ex
1615 748 1735 780 Iuda-is.
1760 750 1800 776 sed

1011 795 1094 822 etiam
1119 802 1151 821 ex
1169 794 1306 830 gentibus,
1337 802 1347 820 ι
1364 794 1409 829 ιιιιί
1432 799 1496 821 ante
1518 802 1571 821 non
1595 802 1714 821 eramus
1734 794 1802 829 plebs

974 836 996 863 Β
1011 840 1080 874 ejus,
1092 848 1163 868 nunc
1178 839 1283 875 plebem
1305 847 1382 867 suam
1398 847 1447 866 nos
1463 839 1519 875 (57)
1534 840 1657 872 vocavit,
1676 849 1686 866 ι
1705 845 1734 867 et
1754 849 1798 867 nou

1010 887 1155 918 dilectam,
1174 885 1316 918 dilectam;
1342 889 1370 912 et
1393 885 1419 912 in
1442 884 1504 912 loco
1532 885 1578 912 IIDI
1603 886 1713 913 dictum
1735 892 1772 913 est
1789 896 1797 911 ι

1010 932 1098 963 nobis,
1124 940 1134 957 ι
1156 930 1214 958 Νοιι
1231 930 1306 966 plebs
1327 938 1385 958 mea
1404 938 1468 962 vos;
1487 931 1523 958 ibi
1537 941 1546 957 ι
1565 932 1732 959 vocabimur
1745 932 1774 958 ιῦ
1787 942 1798 956 ιι

1011 977 1057 1004 Dei
1089 976 1152 1003 vivi.
1182 985 1191 1002 ι
1228 975 1280 1003 Sed
1303 975 1430 1003 fortassis
1466 976 1608 1011 requirant
1633 983 1650 1003 ι
1673 977 1753 1002 nobis
1778 976 1799 1002 hi

1009 1022 1054 1056 qui
1081 1029 1115 1048 ex
1143 1021 1350 1049 circumcisione
1370 1025 1444 1053 sunt,
1471 1025 1498 1048 et
1524 1020 1709 1048 dicant:Ubi
1734 1022 1799 1047 enim

1010 1069 1043 1094 ad
1059 1076 1105 1095 ros
1118 1068 1218 1095 dicturtt
1233 1071 1288 1099 est,
1302 1067 1367 1103 quia
1381 1075 1434 1094 non
1456 1067 1517 1095 sitis
1532 1067 1609 1102 plebs
1629 1067 1678 1094 Dei
1698 1075 1756 1100 vos,
1776 1073 1800 1094 ut

1011 1115 1046 1142 ibi
1067 1113 1200 1141 voccmini
1225 1113 1272 1141 lilii
1295 1113 1340 1140 Dei
1371 1113 1441 1141 vivi?
1473 1113 1606 1141 Assercnt
1634 1114 1711 1141 enim
1736 1115 1799 1148 ιιιιιιιι

1011 1160 1081 1186 Deus
1097 1160 1153 1186 lucc
1166 1159 1192 1186 in
1206 1158 1299 1187 Judaaa
1322 1159 1429 1186 locutus
1444 1163 1484 1186 est
1499 1159 1538 1193 (in
1557 1159 1616 1193 ipsa
1644 1158 1722 1186 enim
1749 1164 1800 1185 tau-

1011 1207 1150 1234 tumutodo
1167 1211 1248 1233 notus
1261 1210 1303 1234 est
1318 1205 1388 1233 Deus
1403 1205 1455 1242 “),
1477 1210 1504 1232 et
1528 1205 1596 1232 nihil
1623 1206 1684 1232 haec
1701 1205 1734 1232 ad
1758 1214 1799 1231 nos

1012 1259 1147 1289 spectant,
1165 1254 1228 1289 quia
1243 1263 1252 1280 ι
1270 1254 1313 1282 lcx
1329 1254 1362 1281 ad
1382 1261 1429 1281 eos
1445 1254 1490 1289 qui
1512 1254 1538 1280 in
1552 1253 1612 1288 lege
1629 1258 1698 1280 sunt
1713 1253 1796 1287 loqui-

1012 1305 1055 1328 tur
1066 1300 1098 1328 ".
1118 1310 1128 1327 ο
1145 1300 1200 1328 Iino
1211 1308 1262 1335 ego
1274 1300 1415 1327 ostendam
1433 1299 1521 1326 locum
1536 1299 1623 1326 multo
1637 1299 1799 1335 digniorem,

1012 1346 1056 1373 ubi
1076 1347 1160 1374 Deum
1180 1346 1254 1381 loqui
1270 1350 1299 1373 et
1313 1346 1405 1373 deCuit
1423 1350 1451 1373 et
1471 1345 1599 1380 possibile
1630 1345 1696 1372 fuit.
1718 1345 1801 1379 Neque

1011 1393 1084 1420 enim
1096 1396 1296 1427 consequenter
1313 1392 1382 1418 Deus
1397 1391 1468 1426 loqui
1492 1391 1520 1417 in
1538 1392 1694 1423 montibus,
1719 1397 1746 1418 ct
1761 1400 1800 1418 m-

1011 1438 1102 1473 pibus,
1116 1443 1142 1466 et
1158 1437 1365 1472 quibuscuoque
1380 1437 1495 1464 terrenis
1518 1436 1585 1464 locis
1604 1437 1718 1464 dicetur
1728 1437 1781 1471 (58)
1794 1448 1799 1463 ;

1012 1483 1060 1511 sed
1079 1484 1106 1511 in
1119 1488 1209 1510 mente
1230 1483 1348 1510 hominis
1363 1482 1483 1518 loquitur
1507 1482 1590 1513 Deus,
1607 1483 1635 1509 in
1653 1490 1739 1510 sensu
1764 1491 1800 1510 n-

1013 1529 1147 1562 tiouabili,
1166 1529 1238 1556 etin
1261 1528 1406 1564 principali
1431 1528 1539 1561 cordis,
1569 1534 1596 1556 et
1624 1529 1662 1556 ibi
1692 1531 1800 1556 CIIIIIII'

1013 1575 1085 1609 digni
1101 1579 1129 1602 et
1143 1574 1225 1602 alieni
1240 1583 1255 1602 a
1270 1574 1326 1601 Deo
1339 1579 1417 1602 actus
1431 1574 1603 1601 conscientia
1626 1575 1799 1610 redarguunt:

1013 1621 1168 1656 culpantur,
1188 1622 1236 1655 ibi,
1256 1621 1381 1656 inquam,
1405 1620 1615 1656 pronuntiatur,
1643 1621 1681 1648 ibi
1711 1622 1800 1650 dicitur

1013 1668 1046 1694 ad
1065 1667 1185 1703 singulos
1197 1675 1332 1704 quosque,
1347 1668 1410 1703 quia
1427 1676 1436 1693 ι
1451 1675 1503 1694 non
1519 1667 1595 1701 plebs
1611 1675 1673 1695 utea
1691 1676 1742 1696 vos
1750 1669 1779 1695 “.
1791 1678 1799 1694 ι

1015 1714 1043 1742 Si
1058 1722 1122 1742 vero
1143 1714 1273 1742 emundet
1301 1721 1332 1742 se
1359 1713 1421 1749 quis
1446 1714 1481 1741 ab
1509 1713 1552 1741 his
1574 1718 1601 1742 et
1630 1715 1801 1749 puriﬁcet,et

1017 1769 1026 1786 I
1042 1767 1094 1795 pax
1110 1759 1168 1791 Dei,
1181 1767 1241 1794 qua:
1252 1763 1399 1794 exsuperat
1415 1766 1524 1786 omnem
1548 1765 1672 1787 tuentem
1685 1760 1722 1792 δ’,
1740 1770 1750 1786 ι
1765 1767 1803 1787 cor

1015 1805 1074 1841 ejus
1092 1805 1204 1840 incipiat
1218 1805 1365 1837 custodire,
1387 1804 1434 1838 ibi,
1457 1804 1508 1832 hoc
1525 1810 1579 1838 est,
1597 1805 1626 1831 in
1651 1806 1747 1833 cordis
1768 1814 1803 1832 se-

1015 1856 1101 1884 creto,
1136 1850 1267 1886 pacificus
1290 1850 1415 1884 eﬂ‘ectus,
1447 1849 1520 1878 ﬁlius
1559 1850 1606 1878 Dei
1635 1852 1800 1879 conscientia

1015 1896 1179 1931 astipulante
1189 1896 1342 1924 vocabitur.

1052 1943 1097 1971 19.
1117 1952 1127 1969 ι
1147 1943 1232 1970 Isaias
1251 1948 1341 1969 autem
1363 1941 1464 1969 clamat
1479 1949 1529 1976 pro
1551 1940 1658 1969 Israel:
1681 1941 1712 1969 Si
1731 1942 1802 1970 fuerit

1014 1995 1146 2017 numerus
1161 1988 1279 2015 tiliorum
1299 1986 1381 2014 Israel
1398 1991 1528 2021 tauquam
1546 1994 1635 2014 arena
1658 1990 1755 2020 maris,
1769 1994 1802 2014 re

1014 2035 1105 2071 liquiae
1117 2035 1199 2063 salvae
1221 2034 1296 2062 (ient.
1321 2033 1438 2061 Verbum
1460 2033 1533 2060 enim
1564 2040 1765 2062 consumutans
1778 2040 1799 2061 et

1013 2081 1140 2109 breviatis
1160 2081 1186 2108 in
1202 2080 1329 2116 aequitate
1345 2088 1352 2107 :
1371 2081 1434 2115 quia
1452 2080 1565 2107 verbum
1594 2080 1751 2107 breviatum
1769 2080 1800 2106 fa-

1014 2128 1068 2156 cict
1095 2127 1226 2155 Dominus
1255 2134 1337 2163 super
1366 2131 1466 2154 terram
1490 2135 1498 2153 :
1521 2129 1548 2153 et
1574 2126 1650 2154 sicut
1685 2127 1799 2162 praedixit

1623 2196 1646 2212 "
1673 2195 1766 2224 IlattII.
1777 2203 1798 2229 v,

1083 2233 1107 2249 "
1117 2233 1185 2261 ibid.
1204 2233 1245 2260 I0.
1283 2232 1306 2249 “
1322 2232 1393 2260 Psal.
1410 2239 1493 2263 Luv,
1506 2231 1534 2258 2.
1574 2232 1597 2248 "
1611 2231 1693 2259 Itoni.
1708 2240 1748 2264 ιιι,
1762 2231 1799 2259 I9.

215 2329 273 2370 ςεη
290 2328 336 2356 δίε
553 2327 781 2370 naeuus-snsi
878 2332 906 2354 ει
985 2327 1008 2356 υ
1024 2332 1111 2370 υςιειε
1127 2323 1179 2370 33':
1192 2334 1216 2370 ,ε
1233 2321 1594 2370 et_v«:c:':e::er.tztia_9.es

173 2362 226 2391 teri
242 2371 307 2390 mss.
326 2374 335 2389 ι
351 2364 563 2397 percusserit....
577 2362 673 2390 Notam
689 2363 783 2392 faciet.
805 2372 814 2388 ι

193 2399 266 2440 .(28)
283 2398 330 2427 Ms.
350 2399 450 2434 ltegius
466 2406 542 2426 num.
561 2398 641 2432 I659,
666 2407 676 2424 ι
693 2404 723 2425 ut
737 2398 907 2426 innotescunt
920 2397 963 2425 di-

173 2439 258 2465 Vlllzﬂ,
275 2443 284 2460 ι
304 2439 356 2460 etc.

210 2469 266 2504 (29)
284 2468 570 2504 ErgotDesideratnr
603 2468 628 2495 in
656 2468 732 2496 libris
761 2467 961 2504 anteareditis.

174 2503 277 2531 Deinde
300 2511 350 2530 ius.
373 2503 474 2538 Regius
499 2512 574 2533 num.
597 2504 675 2537 I659,
699 2513 709 2530 ι
733 2503 934 2538 despiciebatur
950 2513 960 2530 ι

173 2547 222 2574 pro
240 2539 468 2574 cdt-sperabatur.
492 2549 501 2564 ι

210 2572 267 2608 (50)
286 2573 366 2605 Editi,
386 2582 396 2599 ι
411 2574 567 2603 observare.
586 2584 596 2601 ι

210 2608 364 2648 (5I)_Editi,
388 2617 398 2634 ι
416 2610 640 2637 commemoratio
660 2609 756 2642 Israel,
779 2608 868 2636 dimisi
887 2615 960 2640 eam,

197 2644 456 2713 |"'('52()I'F.a:Iic'euis
481 2679 546 2706 mihi
566 2680 592 2706 in
616 2680 783 2711 satietatem,
810 2683 863 2706 etc.
885 2677 962 2705 Ilnnc

176 2712 428 2757 Lfcripttrete‘locutn
449 2721 500 2741 nec
520 2715 546 2742 in
570 2715 684 2751 Vulgata
706 2715 805 2749 reperi,
827 2722 877 2741 nec
894 2713 965 2749 apud

188 2751 366 2819 M‘ggfgdi'ti:
380 2792 390 2809 ι
404 2783 449 2818 qui
464 2791 517 2812 non
533 2791 627 2812 sumus
643 2783 719 2819 plebs
732 2783 789 2811 Dei.
814 2793 823 2809 ι

213 2808 268 2855 (Si)
281 2808 329 2846 tite
338 2808 632 2855 'xp.;tai“c}stiait‘s;
640 2808 746 2848 (sica;
753 2808 858 2847 aro...
867 2818 942 2854 dicit,
955 2828 965 2845 ι

1021 2358 1111 2391 editis,
1127 2366 1177 2386 nec
1192 2360 1219 2386 in
1235 2366 1302 2386 mss.
1317 2358 1419 2386 nostris
1436 2363 1592 2391 comparet;
1615 2359 1665 2386 sed
1688 2359 1798 2386 restitui-

1019 2401 1063 2423 tur
1076 2403 1108 2422 ex
1122 2394 1245 2422 Rabano.
1264 2394 1297 2420 Et
1311 2394 1509 2420 restituendum
1523 2401 1586 2420 eum
1609 2400 1671 2421 esse
1691 2400 1799 2427 sequen-

1018 2431 1053 2457 tia
1071 2431 1153 2457 verba
1180 2429 1309 2460 indicant.
1330 2437 1340 2453 ι
1360 2427 1560 2455 Testimonium
1583 2435 1652 2456 sane
1670 2429 1721 2456 hoc
1735 2428 1798 2463 quod

1017 2466 1050 2492 de
1063 2465 1134 2493 Osee
1147 2465 1263 2492 assumit
1275 2463 1433 2498 Apostolus,
1453 2472 1463 2489 ι
1482 2468 1548 2495 etc.,
1565 2471 1629 2498 qua:
1646 2465 1729 2491 verba
1747 2463 1797 2490 uul-

1016 2500 1125 2528 Iatcnus
1136 2499 1232 2527 referri
1250 2503 1367 2534 possunt.
1377 2498 1409 2524 ad
1426 2500 1627 2533 praacedentem
1647 2504 1796 2526 contextum

1020 2545 1030 2562 ι
1061 2535 1089 2563 Si
1120 2536 1193 2562 enitn
1223 2534 1295 2562 Deus
1321 2534 1492 2560 naturalibus
1520 2534 1605 2561 ramis
1631 2542 1685 2561 non
1712 2541 1798 2569 peper-

1017 2571 1080 2601 cit,»
1097 2575 1163 2603 etc.,
1178 2574 1272 2604 utpote
1286 2569 1331 2604 qni
1351 2577 1385 2596 ex
1402 2569 1472 2596 Osee
1487 2569 1600 2596 minime
1618 2571 1773 2597 assumitur.

1053 2606 1110 2642 (55)
1127 2605 1209 2642 Editi,
1225 2605 1338 2642 {ipsius
1358 2605 1512 2639 prophetae;
1537 2612 1546 2630 I
1568 2609 1596 2631 et
1611 2610 1715 2639 postea,
1732 2612 1742 2630 ι
1758 2604 1797 2631 sui

1015 2641 1048 2669 de
1059 2640 1120 2675 ipso
1129 2641 1209 2668 Israel
1224 2640 1287 2675 dici.
1301 2648 1310 2665 ι

1053 2676 1110 2712 (56)
1130 2676 1176 2712 Sic
1196 2683 1249 2703 ms.
1270 2674 1468 2712 ngiuspum.
1492 2674 1572 2712 I659.
1594 2674 1665 2702 Editi
1692 2680 1796 2712 veros

1023 2720 1090 2739 mss.
1100 2709 1241 2746 quidam,
1254 2719 1263 2736 ι
1285 2709 1317 2736 Et
1335 2710 1409 2746 addit
1433 2714 1493 2744 post
1512 2711 1591 2746 hace,
1609 2714 1691 2746 sete.
1717 2709 1794 2736 Rebar

1023 2744 1124 2783 nuch
1133 2746 1168 2783 ﬁt
1182 2745 1287 2783 addidit
1302 2744 1446 2783 propheta,
1459 2751 1486 2774 ct
1503 2745 1574 2773 dicit
1587 2754 1595 2774 :
1607 2745 1640 2773 Et
1650 2746 1715 2777 erit,
1728 2753 1739 2772 ι
1749 2749 1792 2772 ειε-

1057 2782 1113 2817 (57)
1128 2780 1198 2817 Q’us.
1210 2780 1292 2817 Deest
1302 2780 1329 2817 in
1342 2780 1432 2808 editis.

1056 2815 1112 2854 (58)
1130 2815 1212 2851 Editi,
1227 2824 1236 2842 ι
1257 2816 1366 2844 dicitur.
1387 2823 1396 2842 ι
