  <div class='ocr_page' id='page_1' title='image "/cluster/home/n/w/nwhite01/storage/ocr_20150623/14/njp.32101077772448/586.png"; bbox 0 0 1827 3053; ppageno 0'>
   <div class='ocr_carea' id='block_1_1' title="bbox 6 142 1168 175">
    <p class='ocr_par' dir='ltr' id='par_1_1' title="bbox 6 142 1168 175">
     <span class='ocr_line' id='line_1_1' title="bbox 6 142 1168 175; baseline 0.004 -6"><span class='ocrx_word' id='word_1_1' title='bbox 6 142 49 170; x_wconf 65' lang='grc'><strong>55</strong></span> <span class='ocrx_word' id='word_1_2' title='bbox 470 142 649 170; x_wconf 73' lang='lat' dir='ltr'><strong>COMMENT.</strong></span> <span class='ocrx_word' id='word_1_3' title='bbox 671 142 704 170; x_wconf 88' lang='lat' dir='ltr'><strong>IN</strong></span> <span class='ocrx_word' id='word_1_4' title='bbox 724 143 834 172; x_wconf 81' lang='lat' dir='ltr'><strong>EPIST.</strong></span> <span class='ocrx_word' id='word_1_5' title='bbox 856 144 902 172; x_wconf 75' lang='lat' dir='ltr'><strong>AD</strong></span> <span class='ocrx_word' id='word_1_6' title='bbox 920 144 1003 174; x_wconf 75' lang='lat' dir='ltr'><strong>ROM.</strong></span> <span class='ocrx_word' id='word_1_7' title='bbox 1023 145 1088 174; x_wconf 81' lang='lat' dir='ltr'><strong>LIB.</strong></span> <span class='ocrx_word' id='word_1_8' title='bbox 1110 146 1168 175; x_wconf 66' lang='lat' dir='ltr'><strong>VII.</strong></span> 
     </span>
    </p>
   </div>
   <div class='ocr_carea' id='block_1_2' title="bbox 1562 151 1630 178">
    <p class='ocr_par' dir='ltr' id='par_1_2' title="bbox 1562 151 1630 178">
     <span class='ocr_line' id='line_1_2' title="bbox 1562 151 1630 178; baseline 0.029 -2"><span class='ocrx_word' id='word_1_9' title='bbox 1562 151 1630 178; x_wconf 57' lang='grc' dir='ltr'>,ιιι</span> 
     </span>
    </p>
   </div>
   <div class='ocr_carea' id='block_1_3' title="bbox 2 202 1630 241">
    <p class='ocr_par' dir='ltr' id='par_1_3' title="bbox 2 202 1630 241">
     <span class='ocr_line' id='line_1_3' title="bbox 2 202 1630 241; baseline 0.005 -11"><span class='ocrx_word' id='word_1_10' title='bbox 2 204 67 231; x_wconf 73' lang='lat' dir='ltr'><strong>aias</strong></span> <span class='ocrx_word' id='word_1_11' title='bbox 83 211 92 231; x_wconf 87' lang='lat'><strong>:</strong></span> <span class='ocrx_word' id='word_1_12' title='bbox 110 202 172 232; x_wconf 86' lang='lat' dir='ltr'><strong>Nisi</strong></span> <span class='ocrx_word' id='word_1_13' title='bbox 189 203 319 232; x_wconf 83' lang='lat' dir='ltr'><strong>Dominus</strong></span> <span class='ocrx_word' id='word_1_14' title='bbox 335 205 455 232; x_wconf 71' lang='lat' dir='ltr'><strong>Sabaoth</strong></span> <span class='ocrx_word' id='word_1_15' title='bbox 475 204 632 240; x_wconf 74' lang='lat' dir='ltr'><strong>reliquisset</strong></span> <span class='ocrx_word' id='word_1_16' title='bbox 648 204 728 233; x_wconf 87' lang='lat' dir='ltr'><strong>nobis</strong></span> <span class='ocrx_word' id='word_1_17' title='bbox 748 213 791 233; x_wconf 88' lang='lat' dir='ltr'><strong>se-</strong></span> <span class='ocrx_word' id='word_1_18' title='bbox 805 208 828 237; x_wconf 91' lang='grc' dir='ltr'><strong>Α</strong></span> <span class='ocrx_word' id='word_1_19' title='bbox 843 213 891 241; x_wconf 79' lang='lat' dir='ltr'><strong>ges</strong></span> <span class='ocrx_word' id='word_1_20' title='bbox 903 206 1046 234; x_wconf 90' lang='lat' dir='ltr'><strong>Dominum</strong></span> <span class='ocrx_word' id='word_1_21' title='bbox 1063 207 1147 235; x_wconf 80' lang='lat' dir='ltr'><strong>Deum</strong></span> <span class='ocrx_word' id='word_1_22' title='bbox 1163 212 1238 236; x_wconf 93' lang='lat' dir='ltr'><strong>tuum</strong></span> <span class='ocrx_word' id='word_1_23' title='bbox 1253 215 1286 236; x_wconf 91' lang='lat' dir='ltr'><strong>ex</strong></span> <span class='ocrx_word' id='word_1_24' title='bbox 1300 212 1356 237; x_wconf 92' lang='lat' dir='ltr'><strong>toto</strong></span> <span class='ocrx_word' id='word_1_25' title='bbox 1373 209 1454 237; x_wconf 90' lang='lat' dir='ltr'><strong>corde</strong></span> <span class='ocrx_word' id='word_1_26' title='bbox 1474 213 1532 241; x_wconf 85' lang='lat' dir='ltr'><strong>tuo,</strong></span> <span class='ocrx_word' id='word_1_27' title='bbox 1552 214 1580 238; x_wconf 88' lang='lat' dir='ltr'><strong>et</strong></span> <span class='ocrx_word' id='word_1_28' title='bbox 1596 217 1630 238; x_wconf 82' lang='lat' dir='ltr'><strong>ex</strong></span> 
     </span>
    </p>
   </div>
   <div class='ocr_carea' id='block_1_4' title="bbox 2 250 787 285">
    <p class='ocr_par' dir='ltr' id='par_1_4' title="bbox 2 250 787 285">
     <span class='ocr_line' id='line_1_4' title="bbox 2 250 787 285; baseline 0.003 -8"><span class='ocrx_word' id='word_1_29' title='bbox 2 257 54 284; x_wconf 79' lang='lat' dir='ltr'><strong>en,</strong></span> <span class='ocrx_word' id='word_1_30' title='bbox 79 251 163 279; x_wconf 88' lang='lat' dir='ltr'><strong>sicut</strong></span> <span class='ocrx_word' id='word_1_31' title='bbox 191 250 308 278; x_wconf 82' lang='lat' dir='ltr'><strong>Sodoma</strong></span> <span class='ocrx_word' id='word_1_32' title='bbox 338 251 401 279; x_wconf 89' lang='lat' dir='ltr'><strong>facti</strong></span> <span class='ocrx_word' id='word_1_33' title='bbox 426 259 559 285; x_wconf 81' lang='lat' dir='ltr'><strong>essemus,</strong></span> <span class='ocrx_word' id='word_1_34' title='bbox 584 256 611 279; x_wconf 92' lang='lat' dir='ltr'><strong>et</strong></span> <span class='ocrx_word' id='word_1_35' title='bbox 636 252 707 279; x_wconf 89' lang='lat' dir='ltr'><strong>sicut</strong></span> <span class='ocrx_word' id='word_1_36' title='bbox 731 252 787 279; x_wconf 84' lang='lat' dir='ltr'><strong>Go-</strong></span> 
     </span>
    </p>
   </div>
   <div class='ocr_carea' id='block_1_5' title="bbox 2 297 787 334">
    <p class='ocr_par' dir='ltr' id='par_1_5' title="bbox 2 297 787 334">
     <span class='ocr_line' id='line_1_5' title="bbox 2 297 787 334; baseline 0.003 -10"><span class='ocrx_word' id='word_1_37' title='bbox 2 298 99 325; x_wconf 83' lang='lat' dir='ltr'><strong>orrha</strong></span> <span class='ocrx_word' id='word_1_38' title='bbox 131 297 239 326; x_wconf 78' lang='lat' dir='ltr'><strong>similes</strong></span> <span class='ocrx_word' id='word_1_39' title='bbox 258 297 415 326; x_wconf 75' lang='lat' dir='ltr'><strong>fuissemus.</strong></span> <span class='ocrx_word' id='word_1_40' title='bbox 446 298 515 332; x_wconf 85' lang='lat' dir='ltr'><strong>Quid</strong></span> <span class='ocrx_word' id='word_1_41' title='bbox 542 306 609 334; x_wconf 74' lang='lat' dir='ltr'><strong>ergo</strong></span> <span class='ocrx_word' id='word_1_42' title='bbox 640 298 787 327; x_wconf 70' lang='lat' dir='ltr'><strong>dicemus?</strong></span> 
     </span>
    </p>
   </div>
   <div class='ocr_carea' id='block_1_6' title="bbox 2 343 784 379">
    <p class='ocr_par' dir='ltr' id='par_1_6' title="bbox 2 343 784 379">
     <span class='ocr_line' id='line_1_6' title="bbox 2 343 784 379; baseline 0.003 -9"><span class='ocrx_word' id='word_1_43' title='bbox 2 343 60 370; x_wconf 78' lang='lat' dir='ltr'><strong>uod</strong></span> <span class='ocrx_word' id='word_1_44' title='bbox 76 348 193 379; x_wconf 69' lang='lat' dir='ltr'><strong>gentes,</strong></span> <span class='ocrx_word' id='word_1_45' title='bbox 208 351 269 379; x_wconf 68' lang='lat' dir='ltr'><strong>qua:</strong></span> <span class='ocrx_word' id='word_1_46' title='bbox 281 351 335 371; x_wconf 94' lang='lat' dir='ltr'><strong>non</strong></span> <span class='ocrx_word' id='word_1_47' title='bbox 353 344 529 372; x_wconf 81' lang='lat' dir='ltr'><strong>sectabantur</strong></span> <span class='ocrx_word' id='word_1_48' title='bbox 546 343 693 379; x_wconf 88' lang='lat' dir='ltr'><strong>justitiam,</strong></span> <span class='ocrx_word' id='word_1_49' title='bbox 707 353 784 372; x_wconf 56' lang='lat' dir='ltr'><strong>com-</strong></span> 
     </span>
    </p>
   </div>
   <div class='ocr_carea' id='block_1_7' title="bbox 2 389 782 427">
    <p class='ocr_par' dir='ltr' id='par_1_7' title="bbox 2 389 782 427">
     <span class='ocr_line' id='line_1_7' title="bbox 2 389 782 427; baseline 0.003 -10"><span class='ocrx_word' id='word_1_50' title='bbox 2 389 198 417; x_wconf 62' lang='lat' dir='ltr'><strong>&quot;ebenderuut</strong></span> <span class='ocrx_word' id='word_1_51' title='bbox 223 390 376 425; x_wconf 88' lang='lat' dir='ltr'><strong>justitiam;</strong></span> <span class='ocrx_word' id='word_1_52' title='bbox 398 390 533 425; x_wconf 76' lang='lat' dir='ltr'><strong>justitiam</strong></span> <span class='ocrx_word' id='word_1_53' title='bbox 555 396 647 418; x_wconf 89' lang='lat' dir='ltr'><strong>autem</strong></span> <span class='ocrx_word' id='word_1_54' title='bbox 667 399 729 427; x_wconf 71' lang='lat' dir='ltr'><strong>qua:</strong></span> <span class='ocrx_word' id='word_1_55' title='bbox 750 401 782 420; x_wconf 86' lang='lat' dir='ltr'><strong>ex</strong></span> 
     </span>
    </p>
   </div>
   <div class='ocr_carea' id='block_1_8' title="bbox 4 436 783 471">
    <p class='ocr_par' dir='ltr' id='par_1_8' title="bbox 4 436 783 471">
     <span class='ocr_line' id='line_1_8' title="bbox 4 436 783 471; baseline 0.004 -8"><span class='ocrx_word' id='word_1_56' title='bbox 4 438 36 464; x_wconf 86' lang='lat' dir='ltr'><strong>le</strong></span> <span class='ocrx_word' id='word_1_57' title='bbox 52 441 111 465; x_wconf 85' lang='lat' dir='ltr'><strong>est.</strong></span> <span class='ocrx_word' id='word_1_58' title='bbox 134 436 221 464; x_wconf 85' lang='lat' dir='ltr'><strong>Israel</strong></span> <span class='ocrx_word' id='word_1_59' title='bbox 234 441 326 464; x_wconf 88' lang='lat' dir='ltr'><strong>autem</strong></span> <span class='ocrx_word' id='word_1_60' title='bbox 344 442 452 464; x_wconf 84' lang='lat' dir='ltr'><strong>sectans</strong></span> <span class='ocrx_word' id='word_1_61' title='bbox 466 436 552 471; x_wconf 70' lang='lat' dir='ltr'><strong>legem</strong></span> <span class='ocrx_word' id='word_1_62' title='bbox 564 437 686 471; x_wconf 73' lang='lat' dir='ltr'><strong>iustitiae,</strong></span> <span class='ocrx_word' id='word_1_63' title='bbox 702 438 729 465; x_wconf 94' lang='lat' dir='ltr'><strong>in</strong></span> <span class='ocrx_word' id='word_1_64' title='bbox 743 439 783 466; x_wconf 87' lang='lat' dir='ltr'><strong>le-</strong></span> 
     </span>
    </p>
   </div>
   <div class='ocr_carea' id='block_1_9' title="bbox 2 482 782 518">
    <p class='ocr_par' dir='ltr' id='par_1_9' title="bbox 2 482 782 518">
     <span class='ocr_line' id='line_1_9' title="bbox 2 482 782 518; baseline 0.001 -8"><span class='ocrx_word' id='word_1_65' title='bbox 2 491 45 510; x_wconf 77' lang='lat' dir='ltr'><strong>:m</strong></span> <span class='ocrx_word' id='word_1_66' title='bbox 66 491 127 511; x_wconf 88' lang='lat' dir='ltr'><strong>nou</strong></span> <span class='ocrx_word' id='word_1_67' title='bbox 146 482 280 518; x_wconf 87' lang='lat' dir='ltr'><strong>pervenit.</strong></span> <span class='ocrx_word' id='word_1_68' title='bbox 299 482 410 516; x_wconf 75' lang='lat' dir='ltr'><strong>Quare?</strong></span> <span class='ocrx_word' id='word_1_69' title='bbox 429 483 496 516; x_wconf 86' lang='lat' dir='ltr'><strong>Quia</strong></span> <span class='ocrx_word' id='word_1_70' title='bbox 520 491 573 511; x_wconf 89' lang='lat' dir='ltr'><strong>non</strong></span> <span class='ocrx_word' id='word_1_71' title='bbox 596 491 628 511; x_wconf 86' lang='lat' dir='ltr'><strong>ex</strong></span> <span class='ocrx_word' id='word_1_72' title='bbox 652 483 716 513; x_wconf 87' lang='lat' dir='ltr'><strong>fide.</strong></span> <span class='ocrx_word' id='word_1_73' title='bbox 737 485 782 511; x_wconf 88' lang='lat' dir='ltr'><strong>sed</strong></span> 
     </span>
    </p>
   </div>
   <div class='ocr_carea' id='block_1_10' title="bbox 3 528 783 565">
    <p class='ocr_par' dir='ltr' id='par_1_10' title="bbox 3 528 783 565">
     <span class='ocr_line' id='line_1_10' title="bbox 3 528 783 565; baseline 0.001 -9"><span class='ocrx_word' id='word_1_74' title='bbox 3 529 64 557; x_wconf 82' lang='lat' dir='ltr'><strong>Iasi</strong></span> <span class='ocrx_word' id='word_1_75' title='bbox 83 538 120 558; x_wconf 89' lang='lat' dir='ltr'><strong>ex</strong></span> <span class='ocrx_word' id='word_1_76' title='bbox 136 530 264 565; x_wconf 90' lang='lat' dir='ltr'><strong>operibus</strong></span> <span class='ocrx_word' id='word_1_77' title='bbox 285 528 457 557; x_wconf 78' lang='lat' dir='ltr'><strong>oﬂ&#39;euderunt</strong></span> <span class='ocrx_word' id='word_1_78' title='bbox 477 530 503 557; x_wconf 95' lang='lat' dir='ltr'><strong>in</strong></span> <span class='ocrx_word' id='word_1_79' title='bbox 522 529 638 564; x_wconf 87' lang='lat' dir='ltr'><strong>lapidem</strong></span> <span class='ocrx_word' id='word_1_80' title='bbox 655 529 783 558; x_wconf 81' lang='lat' dir='ltr'><strong>offensio-</strong></span> 
     </span>
    </p>
   </div>
   <div class='ocr_carea' id='block_1_11' title="bbox 8 574 783 610">
    <p class='ocr_par' dir='ltr' id='par_1_11' title="bbox 8 574 783 610">
     <span class='ocr_line' id='line_1_11' title="bbox 8 574 783 610; baseline -0.001 -7"><span class='ocrx_word' id='word_1_81' title='bbox 8 584 38 608; x_wconf 84' lang='lat' dir='ltr'><strong>s,</strong></span> <span class='ocrx_word' id='word_1_82' title='bbox 65 577 142 603; x_wconf 86' lang='lat' dir='ltr'><strong>sicut</strong></span> <span class='ocrx_word' id='word_1_83' title='bbox 158 575 290 610; x_wconf 90' lang='lat' dir='ltr'><strong>scriptum</strong></span> <span class='ocrx_word' id='word_1_84' title='bbox 310 579 353 603; x_wconf 88' lang='lat' dir='ltr'><strong>est</strong></span> <span class='ocrx_word' id='word_1_85' title='bbox 372 583 379 602; x_wconf 90' lang='lat'><strong>:</strong></span> <span class='ocrx_word' id='word_1_86' title='bbox 402 574 473 602; x_wconf 86' lang='lat' dir='ltr'><strong>Ecce</strong></span> <span class='ocrx_word' id='word_1_87' title='bbox 489 583 561 610; x_wconf 93' lang='lat' dir='ltr'><strong>pono</strong></span> <span class='ocrx_word' id='word_1_88' title='bbox 577 576 604 603; x_wconf 89' lang='lat' dir='ltr'><strong>in</strong></span> <span class='ocrx_word' id='word_1_89' title='bbox 629 575 695 603; x_wconf 86' lang='lat' dir='ltr'><strong>Sion</strong></span> <span class='ocrx_word' id='word_1_90' title='bbox 715 575 783 610; x_wconf 89' lang='lat' dir='ltr'><strong>lapi-</strong></span> 
     </span>
    </p>
   </div>
   <div class='ocr_carea' id='block_1_12' title="bbox 2 620 781 656">
    <p class='ocr_par' dir='ltr' id='par_1_12' title="bbox 2 620 781 656">
     <span class='ocr_line' id='line_1_12' title="bbox 2 620 781 656; baseline -0.001 -7"><span class='ocrx_word' id='word_1_91' title='bbox 2 630 46 650; x_wconf 82' lang='lat' dir='ltr'><strong>:m</strong></span> <span class='ocrx_word' id='word_1_92' title='bbox 58 620 236 653; x_wconf 72' lang='lat' dir='ltr'><strong>offensionis,</strong></span> <span class='ocrx_word' id='word_1_93' title='bbox 250 625 278 648; x_wconf 88' lang='lat' dir='ltr'><strong>et</strong></span> <span class='ocrx_word' id='word_1_94' title='bbox 293 625 398 656; x_wconf 81' lang='lat' dir='ltr'><strong>petram</strong></span> <span class='ocrx_word' id='word_1_95' title='bbox 419 620 540 648; x_wconf 87' lang='lat' dir='ltr'><strong>scandali</strong></span> <span class='ocrx_word' id='word_1_96' title='bbox 556 629 563 648; x_wconf 87' lang='lat'><strong>:</strong></span> <span class='ocrx_word' id='word_1_97' title='bbox 579 625 607 648; x_wconf 89' lang='lat' dir='ltr'><strong>et</strong></span> <span class='ocrx_word' id='word_1_98' title='bbox 626 621 672 655; x_wconf 89' lang='lat' dir='ltr'><strong>qui</strong></span> <span class='ocrx_word' id='word_1_99' title='bbox 693 621 781 648; x_wconf 84' lang='lat' dir='ltr'><strong>credit</strong></span> 
     </span>
    </p>
   </div>
   <div class='ocr_carea' id='block_1_13' title="bbox 2 666 781 701">
    <p class='ocr_par' dir='ltr' id='par_1_13' title="bbox 2 666 781 701">
     <span class='ocr_line' id='line_1_13' title="bbox 2 666 781 701; baseline -0.003 -6"><span class='ocrx_word' id='word_1_100' title='bbox 2 681 4 695; x_wconf 65' lang='grc' dir='ltr'><strong>ι</strong></span> <span class='ocrx_word' id='word_1_101' title='bbox 27 676 107 700; x_wconf 90' lang='lat' dir='ltr'><strong>eum,</strong></span> <span class='ocrx_word' id='word_1_102' title='bbox 124 675 180 694; x_wconf 87' lang='lat' dir='ltr'><strong>non</strong></span> <span class='ocrx_word' id='word_1_103' title='bbox 200 667 342 694; x_wconf 71' lang='lat' dir='ltr'><strong>erubescet</strong></span> <span class='ocrx_word' id='word_1_104' title='bbox 363 666 397 693; x_wconf 83' lang='lat'><strong>&#39;°.</strong></span> <span class='ocrx_word' id='word_1_105' title='bbox 423 676 432 692; x_wconf 79' lang='grc' dir='ltr'><strong>ι</strong></span> <span class='ocrx_word' id='word_1_106' title='bbox 457 666 637 701; x_wconf 84' lang='lat' dir='ltr'><strong>Posteaquam</strong></span> <span class='ocrx_word' id='word_1_107' title='bbox 665 675 712 701; x_wconf 85' lang='lat' dir='ltr'><strong>per</strong></span> <span class='ocrx_word' id='word_1_108' title='bbox 734 667 781 694; x_wconf 81' lang='lat' dir='ltr'><strong>Dei</strong></span> 
     </span>
    </p>
   </div>
   <div class='ocr_carea' id='block_1_14' title="bbox 2 712 782 748">
    <p class='ocr_par' dir='ltr' id='par_1_14' title="bbox 2 712 782 748">
     <span class='ocr_line' id='line_1_14' title="bbox 2 712 782 748; baseline 0 -8"><span class='ocrx_word' id='word_1_109' title='bbox 2 714 156 748; x_wconf 79' lang='lat' dir='ltr'><strong>tpientiaut</strong></span> <span class='ocrx_word' id='word_1_110' title='bbox 172 721 252 748; x_wconf 86' lang='lat' dir='ltr'><strong>quam</strong></span> <span class='ocrx_word' id='word_1_111' title='bbox 279 712 398 748; x_wconf 86' lang='lat' dir='ltr'><strong>loquitur</strong></span> <span class='ocrx_word' id='word_1_112' title='bbox 416 712 471 748; x_wconf 72' lang='grc' dir='ltr'><strong>(δυ)</strong></span> <span class='ocrx_word' id='word_1_113' title='bbox 492 712 592 740; x_wconf 79' lang='lat' dir='ltr'><strong>Paulus</strong></span> <span class='ocrx_word' id='word_1_114' title='bbox 620 713 691 740; x_wconf 90' lang='lat' dir='ltr'><strong>inter</strong></span> <span class='ocrx_word' id='word_1_115' title='bbox 720 721 782 748; x_wconf 86' lang='lat' dir='ltr'><strong>per-</strong></span> 
     </span>
    </p>
   </div>
   <div class='ocr_carea' id='block_1_15' title="bbox 2 758 782 794">
    <p class='ocr_par' dir='ltr' id='par_1_15' title="bbox 2 758 782 794">
     <span class='ocr_line' id='line_1_15' title="bbox 2 758 782 794; baseline -0.001 -7"><span class='ocrx_word' id='word_1_116' title='bbox 2 767 72 787; x_wconf 91' lang='lat' dir='ltr'><strong>ctos</strong></span> <span class='ocrx_word' id='word_1_117' title='bbox 93 760 130 793; x_wconf 83' lang='lat'><strong>&quot;,</strong></span> <span class='ocrx_word' id='word_1_118' title='bbox 151 763 257 787; x_wconf 88' lang='lat' dir='ltr'><strong>secreta</strong></span> <span class='ocrx_word' id='word_1_119' title='bbox 276 764 304 786; x_wconf 90' lang='lat' dir='ltr'><strong>et</strong></span> <span class='ocrx_word' id='word_1_120' title='bbox 327 758 485 787; x_wconf 83' lang='lat' dir='ltr'><strong>abscondita</strong></span> <span class='ocrx_word' id='word_1_121' title='bbox 515 759 615 786; x_wconf 80' lang='lat' dir='ltr'><strong>dirime</strong></span> <span class='ocrx_word' id='word_1_122' title='bbox 639 759 782 794; x_wconf 79' lang='lat' dir='ltr'><strong>dispensa-</strong></span> 
     </span>
    </p>
   </div>
   <div class='ocr_carea' id='block_1_16' title="bbox 2 805 780 840">
    <p class='ocr_par' dir='ltr' id='par_1_16' title="bbox 2 805 780 840">
     <span class='ocr_line' id='line_1_16' title="bbox 2 805 780 840; baseline -0.001 -8"><span class='ocrx_word' id='word_1_123' title='bbox 2 806 68 832; x_wconf 81' lang='lat' dir='ltr'><strong>onis</strong></span> <span class='ocrx_word' id='word_1_124' title='bbox 82 805 222 840; x_wconf 79' lang='lat' dir='ltr'><strong>exposuit,</strong></span> <span class='ocrx_word' id='word_1_125' title='bbox 244 809 272 832; x_wconf 90' lang='lat' dir='ltr'><strong>et</strong></span> <span class='ocrx_word' id='word_1_126' title='bbox 287 805 403 832; x_wconf 85' lang='lat' dir='ltr'><strong>ostendit</strong></span> <span class='ocrx_word' id='word_1_127' title='bbox 418 812 470 840; x_wconf 88' lang='lat' dir='ltr'><strong>qua</strong></span> <span class='ocrx_word' id='word_1_128' title='bbox 497 805 602 832; x_wconf 80' lang='lat' dir='ltr'><strong>ratione</strong></span> <span class='ocrx_word' id='word_1_129' title='bbox 627 811 716 839; x_wconf 86' lang='lat' dir='ltr'><strong>quove</strong></span> <span class='ocrx_word' id='word_1_130' title='bbox 734 812 780 831; x_wconf 91' lang='lat' dir='ltr'><strong>or-</strong></span> 
     </span>
    </p>
   </div>
   <div class='ocr_carea' id='block_1_17' title="bbox 5 850 781 885">
    <p class='ocr_par' dir='ltr' id='par_1_17' title="bbox 5 850 781 885">
     <span class='ocr_line' id='line_1_17' title="bbox 5 850 781 885; baseline 0 -7"><span class='ocrx_word' id='word_1_131' title='bbox 5 859 46 878; x_wconf 85' lang='lat' dir='ltr'><strong>ne</strong></span> <span class='ocrx_word' id='word_1_132' title='bbox 59 851 103 879; x_wconf 89' lang='lat' dir='ltr'><strong>vel</strong></span> <span class='ocrx_word' id='word_1_133' title='bbox 126 851 195 878; x_wconf 88' lang='lat' dir='ltr'><strong>iram</strong></span> <span class='ocrx_word' id='word_1_134' title='bbox 209 850 280 878; x_wconf 83' lang='lat' dir='ltr'><strong>Deus</strong></span> <span class='ocrx_word' id='word_1_135' title='bbox 296 851 421 879; x_wconf 81' lang='lat' dir='ltr'><strong>ostendat</strong></span> <span class='ocrx_word' id='word_1_136' title='bbox 435 852 460 878; x_wconf 89' lang='lat' dir='ltr'><strong>itt</strong></span> <span class='ocrx_word' id='word_1_137' title='bbox 481 851 555 879; x_wconf 93' lang='lat' dir='ltr'><strong>vasis</strong></span> <span class='ocrx_word' id='word_1_138' title='bbox 571 851 629 885; x_wconf 76' lang='lat' dir='ltr'><strong>irze,</strong></span> <span class='ocrx_word' id='word_1_139' title='bbox 651 852 694 880; x_wconf 87' lang='lat' dir='ltr'><strong>vel</strong></span> <span class='ocrx_word' id='word_1_140' title='bbox 713 851 781 879; x_wconf 90' lang='lat' dir='ltr'><strong>divi-</strong></span> 
     </span>
    </p>
   </div>
   <div class='ocr_carea' id='block_1_18' title="bbox 841 252 1625 290">
    <p class='ocr_par' dir='ltr' id='par_1_18' title="bbox 841 252 1625 290">
     <span class='ocr_line' id='line_1_18' title="bbox 841 252 1625 290; baseline 0.006 -12"><span class='ocrx_word' id='word_1_141' title='bbox 841 255 896 278; x_wconf 89' lang='lat' dir='ltr'><strong>tota</strong></span> <span class='ocrx_word' id='word_1_142' title='bbox 913 252 1002 280; x_wconf 84' lang='lat' dir='ltr'><strong>anima</strong></span> <span class='ocrx_word' id='word_1_143' title='bbox 1020 256 1075 283; x_wconf 87' lang='lat' dir='ltr'><strong>tua,</strong></span> <span class='ocrx_word' id='word_1_144' title='bbox 1092 257 1119 280; x_wconf 94' lang='lat' dir='ltr'><strong>et</strong></span> <span class='ocrx_word' id='word_1_145' title='bbox 1134 260 1168 280; x_wconf 84' lang='lat' dir='ltr'><strong>ex</strong></span> <span class='ocrx_word' id='word_1_146' title='bbox 1188 253 1251 281; x_wconf 88' lang='lat' dir='ltr'><strong>totis</strong></span> <span class='ocrx_word' id='word_1_147' title='bbox 1266 253 1368 282; x_wconf 83' lang='lat' dir='ltr'><strong>viribus</strong></span> <span class='ocrx_word' id='word_1_148' title='bbox 1388 255 1441 283; x_wconf 84' lang='lat' dir='ltr'><strong>tuis</strong></span> <span class='ocrx_word' id='word_1_149' title='bbox 1456 263 1464 282; x_wconf 84' lang='lat'><strong>:</strong></span> <span class='ocrx_word' id='word_1_150' title='bbox 1485 260 1513 282; x_wconf 91' lang='lat' dir='ltr'><strong>et</strong></span> <span class='ocrx_word' id='word_1_151' title='bbox 1530 255 1625 290; x_wconf 88' lang='lat' dir='ltr'><strong>proxi-</strong></span> 
     </span>
    </p>
   </div>
   <div class='ocr_carea' id='block_1_19' title="bbox 840 298 1630 332">
    <p class='ocr_par' dir='ltr' id='par_1_19' title="bbox 840 298 1630 332">
     <span class='ocr_line' id='line_1_19' title="bbox 840 298 1630 332; baseline 0.008 -9"><span class='ocrx_word' id='word_1_152' title='bbox 840 304 913 324; x_wconf 89' lang='lat' dir='ltr'><strong>utum</strong></span> <span class='ocrx_word' id='word_1_153' title='bbox 934 301 1008 325; x_wconf 92' lang='lat' dir='ltr'><strong>tttum</strong></span> <span class='ocrx_word' id='word_1_154' title='bbox 1025 298 1095 326; x_wconf 85' lang='lat' dir='ltr'><strong>sicut</strong></span> <span class='ocrx_word' id='word_1_155' title='bbox 1112 298 1238 332; x_wconf 87' lang='lat' dir='ltr'><strong>leipsum.</strong></span> <span class='ocrx_word' id='word_1_156' title='bbox 1255 298 1284 326; x_wconf 86' lang='lat' dir='ltr'><strong>In</strong></span> <span class='ocrx_word' id='word_1_157' title='bbox 1308 299 1351 327; x_wconf 88' lang='lat' dir='ltr'><strong>bis</strong></span> <span class='ocrx_word' id='word_1_158' title='bbox 1371 301 1476 328; x_wconf 88' lang='lat' dir='ltr'><strong>duobus</strong></span> <span class='ocrx_word' id='word_1_159' title='bbox 1493 301 1630 329; x_wconf 81' lang='lat' dir='ltr'><strong>mandatis</strong></span> 
     </span>
    </p>
   </div>
   <div class='ocr_carea' id='block_1_20' title="bbox 839 342 1628 380">
    <p class='ocr_par' dir='ltr' id='par_1_20' title="bbox 839 342 1628 380">
     <span class='ocr_line' id='line_1_20' title="bbox 839 342 1628 380; baseline 0.004 -11"><span class='ocrx_word' id='word_1_160' title='bbox 839 343 926 370; x_wconf 87' lang='lat' dir='ltr'><strong>omnis</strong></span> <span class='ocrx_word' id='word_1_161' title='bbox 941 342 994 370; x_wconf 82' lang='lat' dir='ltr'><strong>Lex</strong></span> <span class='ocrx_word' id='word_1_162' title='bbox 1013 343 1110 378; x_wconf 82' lang='lat' dir='ltr'><strong>pendet</strong></span> <span class='ocrx_word' id='word_1_163' title='bbox 1126 348 1153 371; x_wconf 92' lang='lat' dir='ltr'><strong>et</strong></span> <span class='ocrx_word' id='word_1_164' title='bbox 1169 343 1310 378; x_wconf 62' lang='lat' dir='ltr'><strong>Propheta:</strong></span> <span class='ocrx_word' id='word_1_165' title='bbox 1321 345 1359 378; x_wconf 65' lang='lat'><strong>&#39;5;</strong></span> <span class='ocrx_word' id='word_1_166' title='bbox 1374 355 1383 371; x_wconf 85' lang='lat' dir='ltr'><strong>I</strong></span> <span class='ocrx_word' id='word_1_167' title='bbox 1397 345 1424 372; x_wconf 93' lang='lat' dir='ltr'><strong>in</strong></span> <span class='ocrx_word' id='word_1_168' title='bbox 1438 353 1493 380; x_wconf 88' lang='lat' dir='ltr'><strong>quo</strong></span> <span class='ocrx_word' id='word_1_169' title='bbox 1514 346 1628 373; x_wconf 89' lang='lat' dir='ltr'><strong>eviden-</strong></span> 
     </span>
    </p>
   </div>
   <div class='ocr_carea' id='block_1_21' title="bbox 840 388 1627 424">
    <p class='ocr_par' dir='ltr' id='par_1_21' title="bbox 840 388 1627 424">
     <span class='ocr_line' id='line_1_21' title="bbox 840 388 1627 424; baseline 0.004 -9"><span class='ocrx_word' id='word_1_170' title='bbox 840 393 881 416; x_wconf 86' lang='lat' dir='ltr'><strong>ter</strong></span> <span class='ocrx_word' id='word_1_171' title='bbox 908 388 1056 423; x_wconf 84' lang='lat' dir='ltr'><strong>Prophelas</strong></span> <span class='ocrx_word' id='word_1_172' title='bbox 1078 394 1106 417; x_wconf 88' lang='lat' dir='ltr'><strong>et</strong></span> <span class='ocrx_word' id='word_1_173' title='bbox 1131 390 1229 424; x_wconf 80' lang='lat' dir='ltr'><strong>Legem</strong></span> <span class='ocrx_word' id='word_1_174' title='bbox 1253 391 1358 418; x_wconf 90' lang='lat' dir='ltr'><strong>duobus</strong></span> <span class='ocrx_word' id='word_1_175' title='bbox 1387 391 1430 419; x_wconf 87' lang='lat' dir='ltr'><strong>his</strong></span> <span class='ocrx_word' id='word_1_176' title='bbox 1452 391 1627 419; x_wconf 83' lang='lat' dir='ltr'><strong>sermonibus</strong></span> 
     </span>
    </p>
   </div>
   <div class='ocr_carea' id='block_1_22' title="bbox 838 432 1629 464">
    <p class='ocr_par' dir='ltr' id='par_1_22' title="bbox 838 432 1629 464">
     <span class='ocr_line' id='line_1_22' title="bbox 838 432 1629 464; baseline 0.006 -5"><span class='ocrx_word' id='word_1_177' title='bbox 838 432 980 461; x_wconf 83' lang='lat' dir='ltr'><strong>breviavit.</strong></span> <span class='ocrx_word' id='word_1_178' title='bbox 999 433 1090 462; x_wconf 84' lang='lat' dir='ltr'><strong>Potest</strong></span> <span class='ocrx_word' id='word_1_179' title='bbox 1109 439 1136 462; x_wconf 92' lang='lat' dir='ltr'><strong>et</strong></span> <span class='ocrx_word' id='word_1_180' title='bbox 1152 444 1161 460; x_wconf 77' lang='grc' dir='ltr'><strong>ε</strong></span> <span class='ocrx_word' id='word_1_181' title='bbox 1178 435 1288 462; x_wconf 87' lang='lat' dir='ltr'><strong>verbum</strong></span> <span class='ocrx_word' id='word_1_182' title='bbox 1303 436 1452 463; x_wconf 85' lang='lat' dir='ltr'><strong>breviatum</strong></span> <span class='ocrx_word' id='word_1_183' title='bbox 1468 446 1478 462; x_wconf 76' lang='grc' dir='ltr'><strong>ι</strong></span> <span class='ocrx_word' id='word_1_184' title='bbox 1494 437 1546 464; x_wconf 91' lang='lat' dir='ltr'><strong>dici</strong></span> <span class='ocrx_word' id='word_1_185' title='bbox 1562 436 1629 464; x_wconf 81' lang='lat' dir='ltr'><strong>fides</strong></span> 
     </span>
    </p>
   </div>
   <div class='ocr_carea' id='block_1_23' title="bbox 838 480 1629 518">
    <p class='ocr_par' dir='ltr' id='par_1_23' title="bbox 838 480 1629 518">
     <span class='ocr_line' id='line_1_23' title="bbox 838 480 1629 518; baseline 0.005 -12"><span class='ocrx_word' id='word_1_186' title='bbox 838 480 950 514; x_wconf 86' lang='lat' dir='ltr'><strong>sytnboli</strong></span> <span class='ocrx_word' id='word_1_187' title='bbox 971 488 1031 515; x_wconf 71' lang='lat' dir='ltr'><strong>qua:</strong></span> <span class='ocrx_word' id='word_1_188' title='bbox 1061 480 1234 508; x_wconf 87' lang='lat' dir='ltr'><strong>credentibus</strong></span> <span class='ocrx_word' id='word_1_189' title='bbox 1256 482 1382 513; x_wconf 84' lang='lat' dir='ltr'><strong>traditur,</strong></span> <span class='ocrx_word' id='word_1_190' title='bbox 1408 482 1435 509; x_wconf 88' lang='lat' dir='ltr'><strong>in</strong></span> <span class='ocrx_word' id='word_1_191' title='bbox 1460 490 1514 518; x_wconf 84' lang='lat' dir='ltr'><strong>qua</strong></span> <span class='ocrx_word' id='word_1_192' title='bbox 1546 483 1629 511; x_wconf 88' lang='lat' dir='ltr'><strong>totius</strong></span> 
     </span>
    </p>
   </div>
   <div class='ocr_carea' id='block_1_24' title="bbox 838 525 1627 564">
    <p class='ocr_par' dir='ltr' id='par_1_24' title="bbox 838 525 1627 564">
     <span class='ocr_line' id='line_1_24' title="bbox 838 525 1627 564; baseline 0.008 -14"><span class='ocrx_word' id='word_1_193' title='bbox 838 525 957 559; x_wconf 87' lang='lat' dir='ltr'><strong>mysterii</strong></span> <span class='ocrx_word' id='word_1_194' title='bbox 977 533 1082 552; x_wconf 88' lang='lat' dir='ltr'><strong>summa</strong></span> <span class='ocrx_word' id='word_1_195' title='bbox 1108 526 1203 560; x_wconf 84' lang='lat' dir='ltr'><strong>paucis</strong></span> <span class='ocrx_word' id='word_1_196' title='bbox 1222 533 1345 553; x_wconf 80' lang='lat' dir='ltr'><strong>connexa</strong></span> <span class='ocrx_word' id='word_1_197' title='bbox 1373 528 1546 555; x_wconf 76' lang='lat' dir='ltr'><strong>scrutantibus</strong></span> <span class='ocrx_word' id='word_1_198' title='bbox 1569 528 1627 564; x_wconf 60' lang='lat' dir='ltr'><strong>(A5)</strong></span> 
     </span>
    </p>
   </div>
   <div class='ocr_carea' id='block_1_25' title="bbox 836 572 1626 609">
    <p class='ocr_par' dir='ltr' id='par_1_25' title="bbox 836 572 1626 609">
     <span class='ocr_line' id='line_1_25' title="bbox 836 572 1626 609; baseline 0.006 -10"><span class='ocrx_word' id='word_1_199' title='bbox 836 572 999 599; x_wconf 83' lang='lat' dir='ltr'><strong>continetur.</strong></span> <span class='ocrx_word' id='word_1_200' title='bbox 1021 581 1030 598; x_wconf 76' lang='grc' dir='ltr'><strong>ι</strong></span> <span class='ocrx_word' id='word_1_201' title='bbox 1060 572 1093 599; x_wconf 83' lang='grc' dir='ltr'>Ει</span> <span class='ocrx_word' id='word_1_202' title='bbox 1115 572 1186 600; x_wconf 88' lang='lat' dir='ltr'><strong>sicut</strong></span> <span class='ocrx_word' id='word_1_203' title='bbox 1216 573 1353 609; x_wconf 78' lang='lat' dir='ltr'><strong>praedixit,</strong></span> <span class='ocrx_word' id='word_1_204' title='bbox 1382 575 1480 608; x_wconf 89' lang='lat' dir='ltr'><strong>inquit,</strong></span> <span class='ocrx_word' id='word_1_205' title='bbox 1517 574 1626 604; x_wconf 83' lang='lat' dir='ltr'><strong>Isaias:</strong></span> 
     </span>
    </p>
   </div>
   <div class='ocr_carea' id='block_1_26' title="bbox 837 617 1626 655">
    <p class='ocr_par' dir='ltr' id='par_1_26' title="bbox 837 617 1626 655">
     <span class='ocr_line' id='line_1_26' title="bbox 837 617 1626 655; baseline 0.004 -10"><span class='ocrx_word' id='word_1_206' title='bbox 837 617 892 645; x_wconf 84' lang='lat' dir='ltr'><strong>Nisi</strong></span> <span class='ocrx_word' id='word_1_207' title='bbox 922 618 1053 645; x_wconf 85' lang='lat' dir='ltr'><strong>Dominus</strong></span> <span class='ocrx_word' id='word_1_208' title='bbox 1082 617 1201 647; x_wconf 79' lang='lat' dir='ltr'><strong>Sabaoth</strong></span> <span class='ocrx_word' id='word_1_209' title='bbox 1236 620 1391 655; x_wconf 84' lang='lat' dir='ltr'><strong>reliquisset</strong></span> <span class='ocrx_word' id='word_1_210' title='bbox 1415 620 1492 648; x_wconf 89' lang='lat' dir='ltr'><strong>nobis</strong></span> <span class='ocrx_word' id='word_1_211' title='bbox 1520 628 1626 654; x_wconf 85' lang='lat' dir='ltr'><strong>semen,</strong></span> 
     </span>
    </p>
   </div>
   <div class='ocr_carea' id='block_1_27' title="bbox 835 662 1628 697">
    <p class='ocr_par' dir='ltr' id='par_1_27' title="bbox 835 662 1628 697">
     <span class='ocr_line' id='line_1_27' title="bbox 835 662 1628 697; baseline 0.004 -7"><span class='ocrx_word' id='word_1_212' title='bbox 835 662 907 690; x_wconf 87' lang='lat' dir='ltr'><strong>sicut</strong></span> <span class='ocrx_word' id='word_1_213' title='bbox 925 663 1042 691; x_wconf 90' lang='lat' dir='ltr'><strong>Sodoma</strong></span> <span class='ocrx_word' id='word_1_214' title='bbox 1062 664 1126 691; x_wconf 83' lang='lat' dir='ltr'><strong>facti</strong></span> <span class='ocrx_word' id='word_1_215' title='bbox 1143 672 1278 697; x_wconf 83' lang='lat' dir='ltr'><strong>essemus,</strong></span> <span class='ocrx_word' id='word_1_216' title='bbox 1290 670 1315 692; x_wconf 92' lang='lat' dir='ltr'><strong>et</strong></span> <span class='ocrx_word' id='word_1_217' title='bbox 1330 665 1400 692; x_wconf 90' lang='lat' dir='ltr'><strong>sicut</strong></span> <span class='ocrx_word' id='word_1_218' title='bbox 1422 665 1575 693; x_wconf 87' lang='lat' dir='ltr'><strong>Gomorrha</strong></span> <span class='ocrx_word' id='word_1_219' title='bbox 1590 667 1628 694; x_wconf 90' lang='lat' dir='ltr'><strong>si-</strong></span> 
     </span>
    </p>
   </div>
   <div class='ocr_carea' id='block_1_28' title="bbox 836 709 1628 744">
    <p class='ocr_par' dir='ltr' id='par_1_28' title="bbox 836 709 1628 744">
     <span class='ocr_line' id='line_1_28' title="bbox 836 709 1628 744; baseline 0.005 -9"><span class='ocrx_word' id='word_1_220' title='bbox 836 709 914 736; x_wconf 88' lang='lat' dir='ltr'><strong>miles</strong></span> <span class='ocrx_word' id='word_1_221' title='bbox 927 709 1083 737; x_wconf 79' lang='lat' dir='ltr'><strong>fuissemus.</strong></span> <span class='ocrx_word' id='word_1_222' title='bbox 1098 719 1108 736; x_wconf 85' lang='grc'><strong>›</strong></span> <span class='ocrx_word' id='word_1_223' title='bbox 1121 710 1197 744; x_wconf 87' lang='lat' dir='ltr'><strong>Quod</strong></span> <span class='ocrx_word' id='word_1_224' title='bbox 1211 718 1303 738; x_wconf 87' lang='lat' dir='ltr'><strong>semen</strong></span> <span class='ocrx_word' id='word_1_225' title='bbox 1317 710 1423 738; x_wconf 83' lang='lat' dir='ltr'><strong>lsaiasa</strong></span> <span class='ocrx_word' id='word_1_226' title='bbox 1438 711 1550 739; x_wconf 91' lang='lat' dir='ltr'><strong>Domino</strong></span> <span class='ocrx_word' id='word_1_227' title='bbox 1561 712 1628 740; x_wconf 85' lang='lat' dir='ltr'><strong>dicit</strong></span> 
     </span>
    </p>
   </div>
   <div class='ocr_carea' id='block_1_29' title="bbox 835 755 1627 793">
    <p class='ocr_par' dir='ltr' id='par_1_29' title="bbox 835 755 1627 793">
     <span class='ocr_line' id='line_1_29' title="bbox 835 755 1627 793; baseline 0.006 -12"><span class='ocrx_word' id='word_1_228' title='bbox 835 755 1011 783; x_wconf 69' lang='lat' dir='ltr'><strong>derelictum?</strong></span> <span class='ocrx_word' id='word_1_229' title='bbox 1029 756 1093 784; x_wconf 92' lang='lat' dir='ltr'><strong>Illud</strong></span> <span class='ocrx_word' id='word_1_230' title='bbox 1120 757 1179 784; x_wconf 86' lang='lat' dir='ltr'><strong>sine</strong></span> <span class='ocrx_word' id='word_1_231' title='bbox 1199 757 1282 785; x_wconf 89' lang='lat' dir='ltr'><strong>dubio</strong></span> <span class='ocrx_word' id='word_1_232' title='bbox 1298 758 1369 792; x_wconf 88' lang='lat' dir='ltr'><strong>quod</strong></span> <span class='ocrx_word' id='word_1_233' title='bbox 1394 757 1464 785; x_wconf 88' lang='lat' dir='ltr'><strong>idetn</strong></span> <span class='ocrx_word' id='word_1_234' title='bbox 1480 758 1627 793; x_wconf 81' lang='lat' dir='ltr'><strong>Apostolus</strong></span> 
     </span>
    </p>
   </div>
   <div class='ocr_carea' id='block_1_30' title="bbox 835 802 1622 837">
    <p class='ocr_par' dir='ltr' id='par_1_30' title="bbox 835 802 1622 837">
     <span class='ocr_line' id='line_1_30' title="bbox 835 802 1622 837; baseline 0.005 -9"><span class='ocrx_word' id='word_1_235' title='bbox 835 802 943 837; x_wconf 83' lang='lat' dir='ltr'><strong>exponit</strong></span> <span class='ocrx_word' id='word_1_236' title='bbox 972 803 998 829; x_wconf 89' lang='lat' dir='ltr'><strong>itt</strong></span> <span class='ocrx_word' id='word_1_237' title='bbox 1019 802 1092 835; x_wconf 84' lang='lat' dir='ltr'><strong>aliis,</strong></span> <span class='ocrx_word' id='word_1_238' title='bbox 1122 811 1183 830; x_wconf 83' lang='lat' dir='ltr'><strong>cum</strong></span> <span class='ocrx_word' id='word_1_239' title='bbox 1207 803 1274 830; x_wconf 88' lang='lat' dir='ltr'><strong>dicit</strong></span> <span class='ocrx_word' id='word_1_240' title='bbox 1296 803 1330 830; x_wconf 90' lang='lat' dir='ltr'><strong>ad</strong></span> <span class='ocrx_word' id='word_1_241' title='bbox 1355 803 1496 831; x_wconf 85' lang='lat' dir='ltr'><strong>Abraham</strong></span> <span class='ocrx_word' id='word_1_242' title='bbox 1519 805 1622 832; x_wconf 83' lang='lat' dir='ltr'><strong>dictum</strong></span> 
     </span>
    </p>
   </div>
   <div class='ocr_carea' id='block_1_31' title="bbox 834 847 1625 879">
    <p class='ocr_par' dir='ltr' id='par_1_31' title="bbox 834 847 1625 879">
     <span class='ocr_line' id='line_1_31' title="bbox 834 847 1625 879; baseline 0.005 -5"><span class='ocrx_word' id='word_1_243' title='bbox 834 855 944 875; x_wconf 62' lang='lat' dir='ltr'><strong>esse”</strong></span> <span class='ocrx_word' id='word_1_244' title='bbox 963 847 1022 875; x_wconf 88' lang='lat' dir='ltr'><strong>Tibi</strong></span> <span class='ocrx_word' id='word_1_245' title='bbox 1050 849 1121 876; x_wconf 88' lang='lat' dir='ltr'><strong>dabo</strong></span> <span class='ocrx_word' id='word_1_246' title='bbox 1147 853 1247 875; x_wconf 88' lang='lat' dir='ltr'><strong>terram</strong></span> <span class='ocrx_word' id='word_1_247' title='bbox 1279 848 1360 879; x_wconf 86' lang='lat' dir='ltr'><strong>hanc.</strong></span> <span class='ocrx_word' id='word_1_248' title='bbox 1386 853 1414 875; x_wconf 88' lang='lat' dir='ltr'><strong>et</strong></span> <span class='ocrx_word' id='word_1_249' title='bbox 1439 849 1538 876; x_wconf 84' lang='lat' dir='ltr'><strong>semini</strong></span> <span class='ocrx_word' id='word_1_250' title='bbox 1567 855 1625 879; x_wconf 92' lang='lat' dir='ltr'><strong>tuo.</strong></span> 
     </span>
    </p>
   </div>
   <div class='ocr_carea' id='block_1_32' title="bbox 2 893 1623 932">
    <p class='ocr_par' dir='ltr' id='par_1_32' title="bbox 2 893 1623 932">
     <span class='ocr_line' id='line_1_32' title="bbox 2 893 1623 932; baseline 0 -9"><span class='ocrx_word' id='word_1_251' title='bbox 2 905 37 924; x_wconf 85' lang='lat' dir='ltr'><strong>as</strong></span> <span class='ocrx_word' id='word_1_252' title='bbox 66 896 162 932; x_wconf 65' lang='lat' dir='ltr'><strong>gloriae</strong></span> <span class='ocrx_word' id='word_1_253' title='bbox 184 904 241 924; x_wconf 72' lang='lat' dir='ltr'><strong>sua:</strong></span> <span class='ocrx_word' id='word_1_254' title='bbox 259 897 285 924; x_wconf 91' lang='lat' dir='ltr'><strong>iu</strong></span> <span class='ocrx_word' id='word_1_255' title='bbox 309 897 383 924; x_wconf 82' lang='lat' dir='ltr'><strong>vasis</strong></span> <span class='ocrx_word' id='word_1_256' title='bbox 410 897 670 925; x_wconf 68' lang='lat' dir='ltr'><strong>misrricordize:et</strong></span> <span class='ocrx_word' id='word_1_257' title='bbox 687 897 779 925; x_wconf 91' lang='lat' dir='ltr'><strong>docuit</strong></span> <span class='ocrx_word' id='word_1_258' title='bbox 797 893 889 924; x_wconf 81' lang='lat' dir='ltr'><strong>BNun</strong></span> <span class='ocrx_word' id='word_1_259' title='bbox 928 895 996 922; x_wconf 84' lang='lat' dir='ltr'><strong>dixit</strong></span> <span class='ocrx_word' id='word_1_260' title='bbox 1028 904 1034 923; x_wconf 93' lang='lat'><strong>:</strong></span> <span class='ocrx_word' id='word_1_261' title='bbox 1070 895 1104 922; x_wconf 87' lang='lat' dir='ltr'><strong>Et</strong></span> <span class='ocrx_word' id='word_1_262' title='bbox 1139 895 1305 927; x_wconf 78' lang='lat' dir='ltr'><strong>seminibus,</strong></span> <span class='ocrx_word' id='word_1_263' title='bbox 1344 896 1419 930; x_wconf 85' lang='lat' dir='ltr'><strong>quasi</strong></span> <span class='ocrx_word' id='word_1_264' title='bbox 1459 895 1485 922; x_wconf 92' lang='lat' dir='ltr'><strong>in</strong></span> <span class='ocrx_word' id='word_1_265' title='bbox 1516 896 1623 931; x_wconf 87' lang='lat' dir='ltr'><strong>multis;</strong></span> 
     </span>
    </p>
   </div>
   <div class='ocr_carea' id='block_1_33' title="bbox 2 941 1624 979">
    <p class='ocr_par' dir='ltr' id='par_1_33' title="bbox 2 941 1624 979">
     <span class='ocr_line' id='line_1_33' title="bbox 2 941 1624 979; baseline 0 -9"><span class='ocrx_word' id='word_1_266' title='bbox 2 944 57 970; x_wconf 77' lang='lat' dir='ltr'><strong>aod</strong></span> <span class='ocrx_word' id='word_1_267' title='bbox 74 951 124 971; x_wconf 86' lang='lat' dir='ltr'><strong>vas</strong></span> <span class='ocrx_word' id='word_1_268' title='bbox 142 943 189 971; x_wconf 72' lang='lat' dir='ltr'><strong>ira:</strong></span> <span class='ocrx_word' id='word_1_269' title='bbox 203 943 249 971; x_wconf 83' lang='lat' dir='ltr'><strong>ﬂat</strong></span> <span class='ocrx_word' id='word_1_270' title='bbox 265 944 451 979; x_wconf 85' lang='lat' dir='ltr'><strong>unusquisque</strong></span> <span class='ocrx_word' id='word_1_271' title='bbox 472 950 505 970; x_wconf 88' lang='lat' dir='ltr'><strong>ex</strong></span> <span class='ocrx_word' id='word_1_272' title='bbox 532 951 564 971; x_wconf 90' lang='lat' dir='ltr'><strong>eo</strong></span> <span class='ocrx_word' id='word_1_273' title='bbox 581 944 652 978; x_wconf 91' lang='lat' dir='ltr'><strong>quod</strong></span> <span class='ocrx_word' id='word_1_274' title='bbox 669 951 716 978; x_wconf 91' lang='lat' dir='ltr'><strong>per</strong></span> <span class='ocrx_word' id='word_1_275' title='bbox 731 944 780 971; x_wconf 88' lang='lat' dir='ltr'><strong>du-</strong></span> <span class='ocrx_word' id='word_1_276' title='bbox 831 942 894 974; x_wconf 84' lang='lat' dir='ltr'><strong>sed,</strong></span> <span class='ocrx_word' id='word_1_277' title='bbox 910 942 1006 969; x_wconf 83' lang='lat' dir='ltr'><strong>semini</strong></span> <span class='ocrx_word' id='word_1_278' title='bbox 1031 946 1092 974; x_wconf 83' lang='lat' dir='ltr'><strong>tuo,</strong></span> <span class='ocrx_word' id='word_1_279' title='bbox 1121 946 1249 976; x_wconf 89' lang='lat' dir='ltr'><strong>tanquatn</strong></span> <span class='ocrx_word' id='word_1_280' title='bbox 1267 941 1293 968; x_wconf 93' lang='lat' dir='ltr'><strong>in</strong></span> <span class='ocrx_word' id='word_1_281' title='bbox 1310 949 1376 975; x_wconf 87' lang='lat' dir='ltr'><strong>uno,</strong></span> <span class='ocrx_word' id='word_1_282' title='bbox 1403 942 1449 977; x_wconf 88' lang='lat' dir='ltr'><strong>qtti</strong></span> <span class='ocrx_word' id='word_1_283' title='bbox 1474 947 1518 970; x_wconf 88' lang='lat' dir='ltr'><strong>est</strong></span> <span class='ocrx_word' id='word_1_284' title='bbox 1542 943 1624 970; x_wconf 90' lang='lat' dir='ltr'><strong>Chri-</strong></span> 
     </span>
    </p>
   </div>
   <div class='ocr_carea' id='block_1_34' title="bbox 5 987 1626 1025">
    <p class='ocr_par' dir='ltr' id='par_1_34' title="bbox 5 987 1626 1025">
     <span class='ocr_line' id='line_1_34' title="bbox 5 987 1626 1025; baseline 0 -9"><span class='ocrx_word' id='word_1_285' title='bbox 5 990 78 1016; x_wconf 86' lang='lat' dir='ltr'><strong>tiatu</strong></span> <span class='ocrx_word' id='word_1_286' title='bbox 101 997 179 1017; x_wconf 82' lang='lat' dir='ltr'><strong>suam</strong></span> <span class='ocrx_word' id='word_1_287' title='bbox 199 994 227 1017; x_wconf 90' lang='lat' dir='ltr'><strong>et</strong></span> <span class='ocrx_word' id='word_1_288' title='bbox 250 997 297 1017; x_wconf 90' lang='lat' dir='ltr'><strong>cor</strong></span> <span class='ocrx_word' id='word_1_289' title='bbox 322 990 497 1025; x_wconf 77' lang='lat' dir='ltr'><strong>itupmttiteus</strong></span> <span class='ocrx_word' id='word_1_290' title='bbox 526 989 690 1017; x_wconf 82' lang='lat' dir='ltr'><strong>thesaurizet</strong></span> <span class='ocrx_word' id='word_1_291' title='bbox 721 989 779 1025; x_wconf 70' lang='grc'><strong>(40)</strong></span> <span class='ocrx_word' id='word_1_292' title='bbox 830 993 889 1016; x_wconf 87' lang='lat' dir='ltr'><strong>stus</strong></span> <span class='ocrx_word' id='word_1_293' title='bbox 898 988 931 1016; x_wconf 72' lang='lat'><strong>‘9.</strong></span> <span class='ocrx_word' id='word_1_294' title='bbox 944 997 953 1014; x_wconf 76' lang='grc' dir='ltr'><strong>ι</strong></span> <span class='ocrx_word' id='word_1_295' title='bbox 968 987 1023 1015; x_wconf 86' lang='lat' dir='ltr'><strong>Hoc</strong></span> <span class='ocrx_word' id='word_1_296' title='bbox 1034 992 1150 1024; x_wconf 82' lang='lat' dir='ltr'><strong>estergo</strong></span> <span class='ocrx_word' id='word_1_297' title='bbox 1165 988 1237 1021; x_wconf 85' lang='lat' dir='ltr'><strong>quod</strong></span> <span class='ocrx_word' id='word_1_298' title='bbox 1258 987 1314 1023; x_wconf 72' lang='grc' dir='ltr'>(ιι)</span> <span class='ocrx_word' id='word_1_299' title='bbox 1336 988 1402 1016; x_wconf 88' lang='lat' dir='ltr'><strong>dicit</strong></span> <span class='ocrx_word' id='word_1_300' title='bbox 1421 987 1626 1024; x_wconf 77' lang='lat' dir='ltr'><strong>lsaias:619</strong></span> 
     </span>
    </p>
   </div>
   <div class='ocr_carea' id='block_1_35' title="bbox 3 1033 1620 1070">
    <p class='ocr_par' dir='ltr' id='par_1_35' title="bbox 3 1033 1620 1070">
     <span class='ocr_line' id='line_1_35' title="bbox 3 1033 1620 1070; baseline 0.001 -10"><span class='ocrx_word' id='word_1_301' title='bbox 3 1035 34 1061; x_wconf 89' lang='lat' dir='ltr'><strong>bi</strong></span> <span class='ocrx_word' id='word_1_302' title='bbox 52 1035 106 1070; x_wconf 86' lang='lat' dir='ltr'><strong>ipsi</strong></span> <span class='ocrx_word' id='word_1_303' title='bbox 127 1034 196 1061; x_wconf 90' lang='lat' dir='ltr'><strong>iram</strong></span> <span class='ocrx_word' id='word_1_304' title='bbox 215 1034 242 1062; x_wconf 91' lang='lat' dir='ltr'><strong>in</strong></span> <span class='ocrx_word' id='word_1_305' title='bbox 256 1035 300 1062; x_wconf 91' lang='lat' dir='ltr'><strong>die</strong></span> <span class='ocrx_word' id='word_1_306' title='bbox 314 1035 362 1062; x_wconf 69' lang='lat' dir='ltr'><strong>ira:</strong></span> <span class='ocrx_word' id='word_1_307' title='bbox 379 1035 417 1068; x_wconf 82' lang='lat'><strong>&quot;;</strong></span> <span class='ocrx_word' id='word_1_308' title='bbox 435 1042 498 1062; x_wconf 85' lang='lat' dir='ltr'><strong>vasa</strong></span> <span class='ocrx_word' id='word_1_309' title='bbox 518 1039 608 1061; x_wconf 86' lang='lat' dir='ltr'><strong>autent</strong></span> <span class='ocrx_word' id='word_1_310' title='bbox 626 1035 780 1063; x_wconf 88' lang='lat' dir='ltr'><strong>misericor-</strong></span> <span class='ocrx_word' id='word_1_311' title='bbox 833 1033 910 1062; x_wconf 69' lang='lat' dir='ltr'><strong>«Nisi</strong></span> <span class='ocrx_word' id='word_1_312' title='bbox 927 1033 1058 1063; x_wconf 82' lang='lat' dir='ltr'><strong>Dominus</strong></span> <span class='ocrx_word' id='word_1_313' title='bbox 1074 1034 1230 1068; x_wconf 81' lang='lat' dir='ltr'><strong>reliquisset</strong></span> <span class='ocrx_word' id='word_1_314' title='bbox 1252 1034 1329 1061; x_wconf 87' lang='lat' dir='ltr'><strong>nobis</strong></span> <span class='ocrx_word' id='word_1_315' title='bbox 1354 1041 1461 1066; x_wconf 85' lang='lat' dir='ltr'><strong>setneu,</strong></span> <span class='ocrx_word' id='word_1_316' title='bbox 1474 1044 1485 1061; x_wconf 83' lang='grc' dir='ltr'><strong>ι</strong></span> <span class='ocrx_word' id='word_1_317' title='bbox 1518 1035 1544 1062; x_wconf 88' lang='lat' dir='ltr'><strong>id</strong></span> <span class='ocrx_word' id='word_1_318' title='bbox 1567 1039 1620 1066; x_wconf 83' lang='lat' dir='ltr'><strong>est.</strong></span> 
     </span>
    </p>
   </div>
   <div class='ocr_carea' id='block_1_36' title="bbox 2 1079 1622 1115">
    <p class='ocr_par' dir='ltr' id='par_1_36' title="bbox 2 1079 1622 1115">
     <span class='ocr_line' id='line_1_36' title="bbox 2 1079 1622 1115; baseline 0 -8"><span class='ocrx_word' id='word_1_319' title='bbox 2 1081 37 1107; x_wconf 64' lang='lat' dir='ltr'><strong>ise</strong></span> <span class='ocrx_word' id='word_1_320' title='bbox 54 1081 112 1108; x_wconf 90' lang='lat' dir='ltr'><strong>sint</strong></span> <span class='ocrx_word' id='word_1_321' title='bbox 123 1080 150 1108; x_wconf 92' lang='lat' dir='ltr'><strong>hi</strong></span> <span class='ocrx_word' id='word_1_322' title='bbox 165 1081 209 1115; x_wconf 89' lang='lat' dir='ltr'><strong>qui</strong></span> <span class='ocrx_word' id='word_1_323' title='bbox 228 1087 259 1107; x_wconf 86' lang='lat' dir='ltr'><strong>se</strong></span> <span class='ocrx_word' id='word_1_324' title='bbox 275 1081 483 1108; x_wconf 89' lang='lat' dir='ltr'><strong>emundaverint</strong></span> <span class='ocrx_word' id='word_1_325' title='bbox 498 1081 532 1108; x_wconf 93' lang='lat' dir='ltr'><strong>ab</strong></span> <span class='ocrx_word' id='word_1_326' title='bbox 546 1080 599 1112; x_wconf 87' lang='lat' dir='ltr'><strong>Itis,</strong></span> <span class='ocrx_word' id='word_1_327' title='bbox 612 1085 639 1108; x_wconf 89' lang='lat' dir='ltr'><strong>ct</strong></span> <span class='ocrx_word' id='word_1_328' title='bbox 653 1081 686 1107; x_wconf 90' lang='lat' dir='ltr'><strong>ad</strong></span> <span class='ocrx_word' id='word_1_329' title='bbox 698 1087 779 1108; x_wconf 88' lang='lat' dir='ltr'><strong>omne</strong></span> <span class='ocrx_word' id='word_1_330' title='bbox 831 1080 881 1108; x_wconf 87' lang='lat' dir='ltr'><strong>nisi</strong></span> <span class='ocrx_word' id='word_1_331' title='bbox 898 1079 1018 1107; x_wconf 81' lang='lat' dir='ltr'><strong>dedisset</strong></span> <span class='ocrx_word' id='word_1_332' title='bbox 1029 1079 1108 1107; x_wconf 89' lang='lat' dir='ltr'><strong>nobis</strong></span> <span class='ocrx_word' id='word_1_333' title='bbox 1117 1079 1255 1106; x_wconf 86' lang='lat' dir='ltr'><strong>Christum</strong></span> <span class='ocrx_word' id='word_1_334' title='bbox 1271 1084 1299 1106; x_wconf 95' lang='lat' dir='ltr'><strong>ut</strong></span> <span class='ocrx_word' id='word_1_335' title='bbox 1312 1087 1345 1107; x_wconf 90' lang='lat' dir='ltr'><strong>ex</strong></span> <span class='ocrx_word' id='word_1_336' title='bbox 1360 1079 1440 1106; x_wconf 89' lang='lat' dir='ltr'><strong>nobis</strong></span> <span class='ocrx_word' id='word_1_337' title='bbox 1451 1084 1622 1112; x_wconf 85' lang='lat' dir='ltr'><strong>nasceretur,</strong></span> 
     </span>
    </p>
   </div>
   <div class='ocr_carea' id='block_1_37' title="bbox 2 1125 1622 1161">
    <p class='ocr_par' dir='ltr' id='par_1_37' title="bbox 2 1125 1622 1161">
     <span class='ocr_line' id='line_1_37' title="bbox 2 1125 1622 1161; baseline 0.001 -9"><span class='ocrx_word' id='word_1_338' title='bbox 2 1133 56 1159; x_wconf 67' lang='lat' dir='ltr'><strong>pus</strong></span> <span class='ocrx_word' id='word_1_339' title='bbox 76 1126 178 1153; x_wconf 88' lang='lat' dir='ltr'><strong>bonunt</strong></span> <span class='ocrx_word' id='word_1_340' title='bbox 200 1127 416 1161; x_wconf 72' lang='lat' dir='ltr'><strong>pmparaverittt</strong></span> <span class='ocrx_word' id='word_1_341' title='bbox 433 1126 457 1142; x_wconf 82' lang='lat'><strong>&quot;</strong></span> <span class='ocrx_word' id='word_1_342' title='bbox 474 1135 481 1154; x_wconf 87' lang='lat'><strong>:</strong></span> <span class='ocrx_word' id='word_1_343' title='bbox 503 1134 574 1154; x_wconf 89' lang='lat' dir='ltr'><strong>nunc</strong></span> <span class='ocrx_word' id='word_1_344' title='bbox 593 1131 623 1154; x_wconf 80' lang='lat' dir='ltr'><strong>ut</strong></span> <span class='ocrx_word' id='word_1_345' title='bbox 648 1126 705 1154; x_wconf 68' lang='lat' dir='ltr'><strong>lucc</strong></span> <span class='ocrx_word' id='word_1_346' title='bbox 722 1126 778 1161; x_wconf 89' lang='lat' dir='ltr'><strong>ipsa</strong></span> <span class='ocrx_word' id='word_1_347' title='bbox 833 1135 843 1152; x_wconf 79' lang='grc' dir='ltr'><strong>ι</strong></span> <span class='ocrx_word' id='word_1_348' title='bbox 857 1125 928 1154; x_wconf 89' lang='lat' dir='ltr'><strong>sicut</strong></span> <span class='ocrx_word' id='word_1_349' title='bbox 943 1126 1062 1153; x_wconf 86' lang='lat' dir='ltr'><strong>Sodoma</strong></span> <span class='ocrx_word' id='word_1_350' title='bbox 1087 1125 1233 1153; x_wconf 75' lang='lat' dir='ltr'><strong>fuissemus</strong></span> <span class='ocrx_word' id='word_1_351' title='bbox 1244 1125 1278 1158; x_wconf 76' lang='grc' dir='ltr'><strong>⁸ο,</strong></span> <span class='ocrx_word' id='word_1_352' title='bbox 1291 1133 1301 1151; x_wconf 83' lang='grc'><strong><em>›</em></strong></span> <span class='ocrx_word' id='word_1_353' title='bbox 1329 1131 1461 1160; x_wconf 80' lang='lat' dir='ltr'><strong>quantum</strong></span> <span class='ocrx_word' id='word_1_354' title='bbox 1477 1126 1510 1152; x_wconf 89' lang='lat' dir='ltr'><strong>ad</strong></span> <span class='ocrx_word' id='word_1_355' title='bbox 1525 1126 1622 1160; x_wconf 83' lang='lat' dir='ltr'><strong>impie-</strong></span> 
     </span>
    </p>
   </div>
   <div class='ocr_carea' id='block_1_38' title="bbox 2 1171 1623 1208">
    <p class='ocr_par' dir='ltr' id='par_1_38' title="bbox 2 1171 1623 1208">
     <span class='ocr_line' id='line_1_38' title="bbox 2 1171 1623 1208; baseline 0.002 -10"><span class='ocrx_word' id='word_1_356' title='bbox 2 1171 92 1206; x_wconf 63' lang='lat' dir='ltr'><strong>iajore</strong></span> <span class='ocrx_word' id='word_1_357' title='bbox 115 1173 281 1199; x_wconf 88' lang='lat' dir='ltr'><strong>auctoritate</strong></span> <span class='ocrx_word' id='word_1_358' title='bbox 302 1172 457 1205; x_wconf 88' lang='lat' dir='ltr'><strong>confirmet,</strong></span> <span class='ocrx_word' id='word_1_359' title='bbox 479 1173 561 1200; x_wconf 90' lang='lat' dir='ltr'><strong>etiam</strong></span> <span class='ocrx_word' id='word_1_360' title='bbox 586 1173 612 1199; x_wconf 91' lang='lat' dir='ltr'><strong>itt</strong></span> <span class='ocrx_word' id='word_1_361' title='bbox 639 1172 779 1208; x_wconf 87' lang='lat' dir='ltr'><strong>prophetis</strong></span> <span class='ocrx_word' id='word_1_362' title='bbox 830 1172 895 1199; x_wconf 86' lang='lat' dir='ltr'><strong>tatis</strong></span> <span class='ocrx_word' id='word_1_363' title='bbox 914 1172 1126 1207; x_wconf 75' lang='lat' dir='ltr'><strong>magnitudinem</strong></span> <span class='ocrx_word' id='word_1_364' title='bbox 1148 1177 1265 1205; x_wconf 81' lang='lat' dir='ltr'><strong>spectat,</strong></span> <span class='ocrx_word' id='word_1_365' title='bbox 1291 1172 1341 1199; x_wconf 88' lang='lat' dir='ltr'><strong>nisi</strong></span> <span class='ocrx_word' id='word_1_366' title='bbox 1368 1173 1430 1206; x_wconf 87' lang='lat' dir='ltr'><strong>quia</strong></span> <span class='ocrx_word' id='word_1_367' title='bbox 1457 1179 1484 1199; x_wconf 90' lang='lat' dir='ltr'><strong>et</strong></span> <span class='ocrx_word' id='word_1_368' title='bbox 1511 1174 1623 1208; x_wconf 76' lang='lat' dir='ltr'><strong>gravius</strong></span> 
     </span>
    </p>
   </div>
   <div class='ocr_carea' id='block_1_39' title="bbox 2 1216 1621 1253">
    <p class='ocr_par' dir='ltr' id='par_1_39' title="bbox 2 1216 1621 1253">
     <span class='ocr_line' id='line_1_39' title="bbox 2 1216 1621 1253; baseline 0.001 -9"><span class='ocrx_word' id='word_1_369' title='bbox 2 1222 64 1245; x_wconf 84' lang='lat' dir='ltr'><strong>ocet</strong></span> <span class='ocrx_word' id='word_1_370' title='bbox 87 1217 146 1245; x_wconf 72' lang='lat' dir='ltr'><strong>htec</strong></span> <span class='ocrx_word' id='word_1_371' title='bbox 176 1225 236 1245; x_wconf 84' lang='lat' dir='ltr'><strong>esse</strong></span> <span class='ocrx_word' id='word_1_372' title='bbox 254 1218 412 1252; x_wconf 58' lang='lat' dir='ltr'><strong>praascripta</strong></span> <span class='ocrx_word' id='word_1_373' title='bbox 436 1216 492 1253; x_wconf 79' lang='grc' dir='ltr'><strong>(Η)</strong></span> <span class='ocrx_word' id='word_1_374' title='bbox 507 1226 513 1244; x_wconf 90' lang='lat'>:</span> <span class='ocrx_word' id='word_1_375' title='bbox 533 1227 541 1243; x_wconf 82' lang='grc' dir='ltr'><strong>ι</strong></span> <span class='ocrx_word' id='word_1_376' title='bbox 559 1216 653 1249; x_wconf 82' lang='lat' dir='ltr'><strong>lsaias,’</strong></span> <span class='ocrx_word' id='word_1_377' title='bbox 679 1217 777 1252; x_wconf 91' lang='lat' dir='ltr'><strong>inquit,</strong></span> <span class='ocrx_word' id='word_1_378' title='bbox 830 1218 930 1252; x_wconf 80' lang='lat' dir='ltr'><strong>aliquid</strong></span> <span class='ocrx_word' id='word_1_379' title='bbox 948 1218 1018 1252; x_wconf 87' lang='lat' dir='ltr'><strong>apttd</strong></span> <span class='ocrx_word' id='word_1_380' title='bbox 1035 1217 1173 1245; x_wconf 80' lang='lat' dir='ltr'><strong>lsraclitas</strong></span> <span class='ocrx_word' id='word_1_381' title='bbox 1189 1223 1294 1253; x_wconf 76' lang='lat' dir='ltr'><strong>gestum</strong></span> <span class='ocrx_word' id='word_1_382' title='bbox 1319 1223 1372 1244; x_wconf 78' lang='lat' dir='ltr'><strong>est.</strong></span> <span class='ocrx_word' id='word_1_383' title='bbox 1390 1217 1458 1245; x_wconf 86' lang='lat' dir='ltr'><strong>Nam</strong></span> <span class='ocrx_word' id='word_1_384' title='bbox 1474 1219 1621 1246; x_wconf 64' lang='lat' dir='ltr'><strong>Sodomita;</strong></span> 
     </span>
    </p>
   </div>
   <div class='ocr_carea' id='block_1_40' title="bbox 2 1263 1618 1300">
    <p class='ocr_par' dir='ltr' id='par_1_40' title="bbox 2 1263 1618 1300">
     <span class='ocr_line' id='line_1_40' title="bbox 2 1263 1618 1300; baseline 0.002 -10"><span class='ocrx_word' id='word_1_385' title='bbox 2 1265 88 1290; x_wconf 76' lang='lat' dir='ltr'><strong>laniat</strong></span> <span class='ocrx_word' id='word_1_386' title='bbox 121 1271 170 1298; x_wconf 92' lang='lat' dir='ltr'><strong>pro</strong></span> <span class='ocrx_word' id='word_1_387' title='bbox 203 1263 285 1291; x_wconf 73' lang='lat' dir='ltr'><strong>Israel</strong></span> <span class='ocrx_word' id='word_1_388' title='bbox 305 1273 311 1290; x_wconf 87' lang='lat'><strong>:</strong></span> <span class='ocrx_word' id='word_1_389' title='bbox 332 1263 360 1291; x_wconf 91' lang='lat' dir='ltr'><strong>Si</strong></span> <span class='ocrx_word' id='word_1_390' title='bbox 387 1264 467 1291; x_wconf 77' lang='lat' dir='ltr'><strong>fuerit</strong></span> <span class='ocrx_word' id='word_1_391' title='bbox 501 1271 629 1291; x_wconf 85' lang='lat' dir='ltr'><strong>numerus</strong></span> <span class='ocrx_word' id='word_1_392' title='bbox 661 1263 777 1290; x_wconf 90' lang='lat' dir='ltr'><strong>filiorum</strong></span> <span class='ocrx_word' id='word_1_393' title='bbox 830 1264 856 1291; x_wconf 91' lang='lat' dir='ltr'><strong>in</strong></span> <span class='ocrx_word' id='word_1_394' title='bbox 873 1264 993 1298; x_wconf 83' lang='lat' dir='ltr'><strong>hospites</strong></span> <span class='ocrx_word' id='word_1_395' title='bbox 1009 1264 1103 1291; x_wconf 87' lang='lat' dir='ltr'><strong>incesti</strong></span> <span class='ocrx_word' id='word_1_396' title='bbox 1123 1263 1281 1292; x_wconf 85' lang='lat' dir='ltr'><strong>referuntur</strong></span> <span class='ocrx_word' id='word_1_397' title='bbox 1306 1263 1362 1299; x_wconf 61' lang='lat'><strong>($5)</strong></span> <span class='ocrx_word' id='word_1_398' title='bbox 1386 1269 1413 1291; x_wconf 85' lang='lat' dir='ltr'><strong>et</strong></span> <span class='ocrx_word' id='word_1_399' title='bbox 1437 1265 1568 1300; x_wconf 88' lang='lat' dir='ltr'><strong>impudici</strong></span> <span class='ocrx_word' id='word_1_400' title='bbox 1580 1266 1618 1299; x_wconf 83' lang='lat'><strong>&quot;;</strong></span> 
     </span>
    </p>
   </div>
   <div class='ocr_carea' id='block_1_41' title="bbox 2 1309 1619 1347">
    <p class='ocr_par' dir='ltr' id='par_1_41' title="bbox 2 1309 1619 1347">
     <span class='ocr_line' id='line_1_41' title="bbox 2 1309 1619 1347; baseline 0.002 -12"><span class='ocrx_word' id='word_1_401' title='bbox 2 1309 69 1337; x_wconf 86' lang='lat' dir='ltr'><strong>.rael</strong></span> <span class='ocrx_word' id='word_1_402' title='bbox 83 1315 212 1343; x_wconf 85' lang='lat' dir='ltr'><strong>tanquam</strong></span> <span class='ocrx_word' id='word_1_403' title='bbox 228 1318 309 1336; x_wconf 85' lang='lat' dir='ltr'><strong>arena</strong></span> <span class='ocrx_word' id='word_1_404' title='bbox 325 1310 418 1340; x_wconf 86' lang='lat' dir='ltr'><strong>maris.</strong></span> <span class='ocrx_word' id='word_1_405' title='bbox 432 1310 552 1345; x_wconf 73' lang='lat' dir='ltr'><strong>reliquiae</strong></span> <span class='ocrx_word' id='word_1_406' title='bbox 564 1310 647 1337; x_wconf 68' lang='lat' dir='ltr'><strong>salva:</strong></span> <span class='ocrx_word' id='word_1_407' title='bbox 663 1309 738 1337; x_wconf 82' lang='lat' dir='ltr'><strong>fient.</strong></span> <span class='ocrx_word' id='word_1_408' title='bbox 765 1318 774 1334; x_wconf 74' lang='grc' dir='ltr'><strong>ι</strong></span> <span class='ocrx_word' id='word_1_409' title='bbox 828 1309 942 1345; x_wconf 90' lang='lat' dir='ltr'><strong>populus</strong></span> <span class='ocrx_word' id='word_1_410' title='bbox 964 1317 1030 1337; x_wconf 89' lang='lat' dir='ltr'><strong>vero</strong></span> <span class='ocrx_word' id='word_1_411' title='bbox 1045 1309 1126 1336; x_wconf 84' lang='lat' dir='ltr'><strong>lsrael</strong></span> <span class='ocrx_word' id='word_1_412' title='bbox 1144 1310 1171 1337; x_wconf 90' lang='lat' dir='ltr'><strong>itt</strong></span> <span class='ocrx_word' id='word_1_413' title='bbox 1193 1317 1255 1337; x_wconf 89' lang='lat' dir='ltr'><strong>eum</strong></span> <span class='ocrx_word' id='word_1_414' title='bbox 1273 1310 1422 1345; x_wconf 71' lang='lat' dir='ltr'><strong>sacrilegus</strong></span> <span class='ocrx_word' id='word_1_415' title='bbox 1445 1312 1549 1338; x_wconf 79' lang='lat' dir='ltr'><strong>exstitit</strong></span> <span class='ocrx_word' id='word_1_416' title='bbox 1573 1311 1619 1347; x_wconf 89' lang='lat' dir='ltr'><strong>qui</strong></span> 
     </span>
    </p>
   </div>
   <div class='ocr_carea' id='block_1_42' title="bbox 2 1353 1620 1393">
    <p class='ocr_par' dir='ltr' id='par_1_42' title="bbox 2 1353 1620 1393">
     <span class='ocr_line' id='line_1_42' title="bbox 2 1353 1620 1393; baseline 0.001 -10"><span class='ocrx_word' id='word_1_417' title='bbox 2 1357 140 1385; x_wconf 81' lang='lat' dir='ltr'><strong>‘rovidens</strong></span> <span class='ocrx_word' id='word_1_418' title='bbox 153 1357 252 1384; x_wconf 88' lang='lat' dir='ltr'><strong>etcnitn</strong></span> <span class='ocrx_word' id='word_1_419' title='bbox 265 1357 298 1384; x_wconf 91' lang='lat' dir='ltr'><strong>de</strong></span> <span class='ocrx_word' id='word_1_420' title='bbox 312 1356 412 1384; x_wconf 90' lang='lat' dir='ltr'><strong>futuris</strong></span> <span class='ocrx_word' id='word_1_421' title='bbox 424 1356 566 1391; x_wconf 86' lang='lat' dir='ltr'><strong>propheta,</strong></span> <span class='ocrx_word' id='word_1_422' title='bbox 581 1356 689 1383; x_wconf 88' lang='lat' dir='ltr'><strong>videbat</strong></span> <span class='ocrx_word' id='word_1_423' title='bbox 704 1355 776 1391; x_wconf 92' lang='lat' dir='ltr'><strong>quod</strong></span> <span class='ocrx_word' id='word_1_424' title='bbox 829 1363 891 1383; x_wconf 89' lang='lat' dir='ltr'><strong>cum</strong></span> <span class='ocrx_word' id='word_1_425' title='bbox 910 1355 1040 1382; x_wconf 86' lang='lat' dir='ltr'><strong>Dominus</strong></span> <span class='ocrx_word' id='word_1_426' title='bbox 1056 1353 1206 1389; x_wconf 74' lang='lat' dir='ltr'><strong>maiestatis</strong></span> <span class='ocrx_word' id='word_1_427' title='bbox 1232 1355 1278 1388; x_wconf 90' lang='lat' dir='ltr'><strong>sit,</strong></span> <span class='ocrx_word' id='word_1_428' title='bbox 1297 1355 1381 1383; x_wconf 79' lang='lat' dir='ltr'><strong>frater</strong></span> <span class='ocrx_word' id='word_1_429' title='bbox 1402 1364 1497 1384; x_wconf 89' lang='lat' dir='ltr'><strong>eortttn</strong></span> <span class='ocrx_word' id='word_1_430' title='bbox 1518 1357 1576 1393; x_wconf 83' lang='grc'><strong>(46)</strong></span> <span class='ocrx_word' id='word_1_431' title='bbox 1592 1363 1620 1385; x_wconf 88' lang='lat' dir='ltr'><strong>et</strong></span> 
     </span>
    </p>
   </div>
   <div class='ocr_carea' id='block_1_43' title="bbox 2 1401 1620 1438">
    <p class='ocr_par' dir='ltr' id='par_1_43' title="bbox 2 1401 1620 1438">
     <span class='ocr_line' id='line_1_43' title="bbox 2 1401 1620 1438; baseline 0.001 -9"><span class='ocrx_word' id='word_1_432' title='bbox 2 1402 94 1430; x_wconf 82' lang='lat' dir='ltr'><strong>lurimi</strong></span> <span class='ocrx_word' id='word_1_433' title='bbox 107 1410 140 1429; x_wconf 89' lang='lat' dir='ltr'><strong>ex</strong></span> <span class='ocrx_word' id='word_1_434' title='bbox 156 1402 249 1434; x_wconf 81' lang='lat' dir='ltr'><strong>Israel,</strong></span> <span class='ocrx_word' id='word_1_435' title='bbox 271 1407 298 1429; x_wconf 87' lang='lat' dir='ltr'><strong>et</strong></span> <span class='ocrx_word' id='word_1_436' title='bbox 317 1403 343 1430; x_wconf 90' lang='lat' dir='ltr'><strong>bi</strong></span> <span class='ocrx_word' id='word_1_437' title='bbox 365 1403 482 1430; x_wconf 78' lang='lat' dir='ltr'><strong>maxime</strong></span> <span class='ocrx_word' id='word_1_438' title='bbox 506 1403 552 1438; x_wconf 89' lang='lat' dir='ltr'><strong>qui</strong></span> <span class='ocrx_word' id='word_1_439' title='bbox 577 1409 668 1430; x_wconf 70' lang='lat' dir='ltr'><strong>arente</strong></span> <span class='ocrx_word' id='word_1_440' title='bbox 693 1401 778 1429; x_wconf 84' lang='lat' dir='ltr'><strong>maris</strong></span> <span class='ocrx_word' id='word_1_441' title='bbox 828 1402 880 1429; x_wconf 92' lang='lat' dir='ltr'><strong>dici</strong></span> <span class='ocrx_word' id='word_1_442' title='bbox 897 1401 980 1429; x_wconf 82' lang='lat' dir='ltr'><strong>voluit</strong></span> <span class='ocrx_word' id='word_1_443' title='bbox 997 1407 1024 1429; x_wconf 92' lang='lat' dir='ltr'><strong>et</strong></span> <span class='ocrx_word' id='word_1_444' title='bbox 1040 1409 1109 1429; x_wconf 82' lang='lat' dir='ltr'><strong>esse.</strong></span> <span class='ocrx_word' id='word_1_445' title='bbox 1138 1401 1194 1429; x_wconf 83' lang='lat' dir='ltr'><strong>Nisi</strong></span> <span class='ocrx_word' id='word_1_446' title='bbox 1208 1409 1274 1436; x_wconf 76' lang='lat' dir='ltr'><strong>ergo</strong></span> <span class='ocrx_word' id='word_1_447' title='bbox 1290 1409 1382 1429; x_wconf 87' lang='lat' dir='ltr'><strong>semen</strong></span> <span class='ocrx_word' id='word_1_448' title='bbox 1400 1402 1471 1430; x_wconf 89' lang='lat' dir='ltr'><strong>istud</strong></span> <span class='ocrx_word' id='word_1_449' title='bbox 1488 1402 1620 1431; x_wconf 83' lang='lat' dir='ltr'><strong>Dominus</strong></span> 
     </span>
    </p>
   </div>
   <div class='ocr_carea' id='block_1_44' title="bbox 2 1447 1617 1483">
    <p class='ocr_par' dir='ltr' id='par_1_44' title="bbox 2 1447 1617 1483">
     <span class='ocr_line' id='line_1_44' title="bbox 2 1447 1617 1483; baseline 0.001 -8"><span class='ocrx_word' id='word_1_450' title='bbox 2 1452 191 1483; x_wconf 87' lang='lat' dir='ltr'><strong>ntnparantur,</strong></span> <span class='ocrx_word' id='word_1_451' title='bbox 215 1455 264 1482; x_wconf 89' lang='lat' dir='ltr'><strong>per</strong></span> <span class='ocrx_word' id='word_1_452' title='bbox 277 1449 405 1476; x_wconf 90' lang='lat' dir='ltr'><strong>duritiam</strong></span> <span class='ocrx_word' id='word_1_453' title='bbox 424 1456 501 1476; x_wconf 90' lang='lat' dir='ltr'><strong>suam</strong></span> <span class='ocrx_word' id='word_1_454' title='bbox 521 1452 549 1476; x_wconf 90' lang='lat' dir='ltr'><strong>et</strong></span> <span class='ocrx_word' id='word_1_455' title='bbox 573 1455 622 1475; x_wconf 90' lang='lat' dir='ltr'><strong>cor</strong></span> <span class='ocrx_word' id='word_1_456' title='bbox 647 1447 775 1482; x_wconf 68' lang='lat' dir='ltr'><strong>impmui-</strong></span> <span class='ocrx_word' id='word_1_457' title='bbox 829 1447 994 1482; x_wconf 82' lang='lat' dir='ltr'><strong>reliquisset,</strong></span> <span class='ocrx_word' id='word_1_458' title='bbox 1011 1455 1058 1482; x_wconf 86' lang='lat' dir='ltr'><strong>per</strong></span> <span class='ocrx_word' id='word_1_459' title='bbox 1068 1447 1140 1482; x_wconf 87' lang='lat' dir='ltr'><strong>quod</strong></span> <span class='ocrx_word' id='word_1_460' title='bbox 1156 1447 1277 1483; x_wconf 66' lang='lat' dir='ltr'><strong>reliquiae</strong></span> <span class='ocrx_word' id='word_1_461' title='bbox 1289 1448 1370 1475; x_wconf 67' lang='lat' dir='ltr'><strong>salva:</strong></span> <span class='ocrx_word' id='word_1_462' title='bbox 1385 1449 1493 1482; x_wconf 83' lang='lat' dir='ltr'><strong>ﬂerent,</strong></span> <span class='ocrx_word' id='word_1_463' title='bbox 1510 1455 1538 1477; x_wconf 85' lang='lat' dir='ltr'><strong>et</strong></span> <span class='ocrx_word' id='word_1_464' title='bbox 1553 1457 1617 1477; x_wconf 72' lang='lat' dir='ltr'><strong>vasa</strong></span> 
     </span>
    </p>
   </div>
   <div class='ocr_carea' id='block_1_45' title="bbox 2 1492 1617 1530">
    <p class='ocr_par' dir='ltr' id='par_1_45' title="bbox 2 1492 1617 1530">
     <span class='ocr_line' id='line_1_45' title="bbox 2 1492 1617 1530; baseline 0.002 -9"><span class='ocrx_word' id='word_1_465' title='bbox 2 1502 46 1521; x_wconf 70' lang='lat' dir='ltr'><strong>:ns</strong></span> <span class='ocrx_word' id='word_1_466' title='bbox 63 1494 85 1510; x_wconf 81' lang='lat'><strong>&quot;</strong></span> <span class='ocrx_word' id='word_1_467' title='bbox 102 1492 184 1521; x_wconf 87' lang='lat' dir='ltr'><strong>futuri</strong></span> <span class='ocrx_word' id='word_1_468' title='bbox 202 1497 279 1521; x_wconf 88' lang='lat' dir='ltr'><strong>erant</strong></span> <span class='ocrx_word' id='word_1_469' title='bbox 303 1502 386 1522; x_wconf 71' lang='lat' dir='ltr'><strong>ovasa</strong></span> <span class='ocrx_word' id='word_1_470' title='bbox 414 1494 462 1522; x_wconf 70' lang='lat' dir='ltr'><strong>irae</strong></span> <span class='ocrx_word' id='word_1_471' title='bbox 483 1498 573 1529; x_wconf 89' lang='lat' dir='ltr'><strong>aptata</strong></span> <span class='ocrx_word' id='word_1_472' title='bbox 595 1494 629 1521; x_wconf 86' lang='lat' dir='ltr'><strong>ad</strong></span> <span class='ocrx_word' id='word_1_473' title='bbox 644 1493 777 1528; x_wconf 87' lang='lat' dir='ltr'><strong>perditio-</strong></span> <span class='ocrx_word' id='word_1_474' title='bbox 828 1493 1022 1522; x_wconf 61' lang='lat' dir='ltr'><strong>misericordia:</strong></span> <span class='ocrx_word' id='word_1_475' title='bbox 1052 1494 1241 1527; x_wconf 84' lang='lat' dir='ltr'><strong>salvarentur,</strong></span> <span class='ocrx_word' id='word_1_476' title='bbox 1269 1494 1408 1522; x_wconf 81' lang='lat' dir='ltr'><strong>interisset</strong></span> <span class='ocrx_word' id='word_1_477' title='bbox 1426 1496 1541 1530; x_wconf 88' lang='lat' dir='ltr'><strong>populus</strong></span> <span class='ocrx_word' id='word_1_478' title='bbox 1571 1496 1617 1524; x_wconf 87' lang='lat' dir='ltr'><strong>ille</strong></span> 
     </span>
    </p>
   </div>
   <div class='ocr_carea' id='block_1_46' title="bbox 2 1539 1616 1573">
    <p class='ocr_par' dir='ltr' id='par_1_46' title="bbox 2 1539 1616 1573">
     <span class='ocr_line' id='line_1_46' title="bbox 2 1539 1616 1573; baseline 0.002 -6"><span class='ocrx_word' id='word_1_479' title='bbox 2 1548 59 1572; x_wconf 87' lang='lat' dir='ltr'><strong>em,</strong></span> <span class='ocrx_word' id='word_1_480' title='bbox 80 1549 90 1566; x_wconf 73' lang='grc' dir='ltr'><strong>ι</strong></span> <span class='ocrx_word' id='word_1_481' title='bbox 104 1547 157 1568; x_wconf 93' lang='lat' dir='ltr'><strong>non</strong></span> <span class='ocrx_word' id='word_1_482' title='bbox 174 1540 320 1567; x_wconf 84' lang='lat' dir='ltr'><strong>credentcs</strong></span> <span class='ocrx_word' id='word_1_483' title='bbox 337 1540 398 1568; x_wconf 66' lang='lat' dir='ltr'><strong>vitae</strong></span> <span class='ocrx_word' id='word_1_484' title='bbox 410 1548 477 1573; x_wconf 75' lang='lat' dir='ltr'><strong>sute,</strong></span> <span class='ocrx_word' id='word_1_485' title='bbox 492 1541 540 1568; x_wconf 89' lang='lat' dir='ltr'><strong>sed</strong></span> <span class='ocrx_word' id='word_1_486' title='bbox 558 1539 701 1568; x_wconf 90' lang='lat' dir='ltr'><strong>Dominum</strong></span> <span class='ocrx_word' id='word_1_487' title='bbox 715 1547 774 1566; x_wconf 90' lang='lat' dir='ltr'><strong>ma-</strong></span> <span class='ocrx_word' id='word_1_488' title='bbox 792 1567 810 1573; x_wconf 52' lang='lat'><strong>,_</strong></span> <span class='ocrx_word' id='word_1_489' title='bbox 828 1545 857 1568; x_wconf 85' lang='grc' dir='ltr'><strong>ιιι</strong></span> <span class='ocrx_word' id='word_1_490' title='bbox 873 1541 1003 1569; x_wconf 88' lang='lat' dir='ltr'><strong>Sodoma.</strong></span> <span class='ocrx_word' id='word_1_491' title='bbox 1028 1541 1060 1568; x_wconf 85' lang='lat' dir='ltr'><strong>Et</strong></span> <span class='ocrx_word' id='word_1_492' title='bbox 1084 1545 1176 1568; x_wconf 85' lang='lat' dir='ltr'><strong>tamen</strong></span> <span class='ocrx_word' id='word_1_493' title='bbox 1194 1548 1248 1568; x_wconf 89' lang='lat' dir='ltr'><strong>non</strong></span> <span class='ocrx_word' id='word_1_494' title='bbox 1271 1541 1359 1568; x_wconf 83' lang='lat' dir='ltr'><strong>Otiose</strong></span> <span class='ocrx_word' id='word_1_495' title='bbox 1380 1542 1464 1570; x_wconf 83' lang='lat' dir='ltr'><strong>Isaias</strong></span> <span class='ocrx_word' id='word_1_496' title='bbox 1480 1552 1488 1568; x_wconf 81' lang='grc' dir='ltr'><strong>ι</strong></span> <span class='ocrx_word' id='word_1_497' title='bbox 1500 1550 1591 1570; x_wconf 87' lang='lat' dir='ltr'><strong>semen</strong></span> <span class='ocrx_word' id='word_1_498' title='bbox 1605 1552 1616 1570; x_wconf 79' lang='grc' dir='ltr'><strong>ι</strong></span> 
     </span>
    </p>
   </div>
   <div class='ocr_carea' id='block_1_47' title="bbox 2 1584 1618 1623">
    <p class='ocr_par' dir='ltr' id='par_1_47' title="bbox 2 1584 1618 1623">
     <span class='ocr_line' id='line_1_47' title="bbox 2 1584 1618 1623; baseline 0.001 -10"><span class='ocrx_word' id='word_1_499' title='bbox 2 1587 90 1614; x_wconf 62' lang='lat' dir='ltr'><strong>astatis</strong></span> <span class='ocrx_word' id='word_1_500' title='bbox 107 1586 296 1621; x_wconf 76' lang='lat' dir='ltr'><strong>cruciﬁgeutcs</strong></span> <span class='ocrx_word' id='word_1_501' title='bbox 323 1586 356 1613; x_wconf 89' lang='lat'><strong>&quot;.</strong></span> <span class='ocrx_word' id='word_1_502' title='bbox 393 1596 402 1613; x_wconf 75' lang='grc' dir='ltr'><strong>ι</strong></span> <span class='ocrx_word' id='word_1_503' title='bbox 420 1587 448 1614; x_wconf 89' lang='lat' dir='ltr'><strong>Si</strong></span> <span class='ocrx_word' id='word_1_504' title='bbox 459 1594 537 1622; x_wconf 72' lang='lat' dir='ltr'><strong>ergo,</strong></span> <span class='ocrx_word' id='word_1_505' title='bbox 555 1587 653 1621; x_wconf 84' lang='lat' dir='ltr'><strong>inquit,</strong></span> <span class='ocrx_word' id='word_1_506' title='bbox 670 1586 772 1614; x_wconf 88' lang='lat' dir='ltr'><strong>fuerint</strong></span> <span class='ocrx_word' id='word_1_507' title='bbox 789 1584 810 1596; x_wconf 84' lang='lat'><strong><em>“</em></strong></span> <span class='ocrx_word' id='word_1_508' title='bbox 827 1585 977 1612; x_wconf 89' lang='lat' dir='ltr'><strong>nominavit</strong></span> <span class='ocrx_word' id='word_1_509' title='bbox 1000 1584 1072 1620; x_wconf 89' lang='lat' dir='ltr'><strong>quod</strong></span> <span class='ocrx_word' id='word_1_510' title='bbox 1088 1585 1212 1612; x_wconf 82' lang='lat' dir='ltr'><strong>relictum</strong></span> <span class='ocrx_word' id='word_1_511' title='bbox 1228 1590 1279 1613; x_wconf 87' lang='lat' dir='ltr'><strong>est.</strong></span> <span class='ocrx_word' id='word_1_512' title='bbox 1302 1585 1402 1614; x_wconf 85' lang='lat' dir='ltr'><strong>Semen</strong></span> <span class='ocrx_word' id='word_1_513' title='bbox 1418 1595 1535 1623; x_wconf 88' lang='lat' dir='ltr'><strong>namque</strong></span> <span class='ocrx_word' id='word_1_514' title='bbox 1549 1588 1618 1615; x_wconf 91' lang='lat' dir='ltr'><strong>dici-</strong></span> 
     </span>
    </p>
   </div>
   <div class='ocr_carea' id='block_1_48' title="bbox 3 1631 1617 1670">
    <p class='ocr_par' dir='ltr' id='par_1_48' title="bbox 3 1631 1617 1670">
     <span class='ocr_line' id='line_1_48' title="bbox 3 1631 1617 1670; baseline 0.002 -12"><span class='ocrx_word' id='word_1_515' title='bbox 3 1640 114 1668; x_wconf 81' lang='lat' dir='ltr'><strong>inquam</strong></span> <span class='ocrx_word' id='word_1_516' title='bbox 130 1639 213 1660; x_wconf 90' lang='lat' dir='ltr'><strong>arena</strong></span> <span class='ocrx_word' id='word_1_517' title='bbox 232 1632 324 1663; x_wconf 87' lang='lat' dir='ltr'><strong>maris,</strong></span> <span class='ocrx_word' id='word_1_518' title='bbox 340 1632 461 1668; x_wconf 58' lang='lat' dir='ltr'><strong>reliquiae</strong></span> <span class='ocrx_word' id='word_1_519' title='bbox 474 1632 555 1660; x_wconf 71' lang='lat' dir='ltr'><strong>salva:</strong></span> <span class='ocrx_word' id='word_1_520' title='bbox 567 1632 641 1660; x_wconf 83' lang='lat' dir='ltr'><strong>fient.</strong></span> <span class='ocrx_word' id='word_1_521' title='bbox 658 1641 668 1658; x_wconf 76' lang='grc' dir='ltr'><strong>ι</strong></span> <span class='ocrx_word' id='word_1_522' title='bbox 679 1631 773 1666; x_wconf 88' lang='lat' dir='ltr'><strong>llliqui</strong></span> <span class='ocrx_word' id='word_1_523' title='bbox 827 1635 870 1658; x_wconf 93' lang='lat' dir='ltr'><strong>tur</strong></span> <span class='ocrx_word' id='word_1_524' title='bbox 883 1631 954 1666; x_wconf 91' lang='lat' dir='ltr'><strong>quod</strong></span> <span class='ocrx_word' id='word_1_525' title='bbox 978 1631 1131 1659; x_wconf 88' lang='lat' dir='ltr'><strong>seminatur</strong></span> <span class='ocrx_word' id='word_1_526' title='bbox 1154 1632 1180 1659; x_wconf 90' lang='lat' dir='ltr'><strong>itt</strong></span> <span class='ocrx_word' id='word_1_527' title='bbox 1197 1635 1281 1665; x_wconf 87' lang='lat' dir='ltr'><strong>terra,</strong></span> <span class='ocrx_word' id='word_1_528' title='bbox 1296 1636 1325 1659; x_wconf 89' lang='lat' dir='ltr'><strong>et</strong></span> <span class='ocrx_word' id='word_1_529' title='bbox 1347 1632 1468 1660; x_wconf 87' lang='lat' dir='ltr'><strong>fructum</strong></span> <span class='ocrx_word' id='word_1_530' title='bbox 1484 1634 1617 1670; x_wconf 81' lang='lat' dir='ltr'><strong>multipli-</strong></span> 
     </span>
    </p>
   </div>
   <div class='ocr_carea' id='block_1_49' title="bbox 3 1676 1618 1712">
    <p class='ocr_par' dir='ltr' id='par_1_49' title="bbox 3 1676 1618 1712">
     <span class='ocr_line' id='line_1_49' title="bbox 3 1676 1618 1712; baseline 0.001 -8"><span class='ocrx_word' id='word_1_531' title='bbox 3 1685 38 1704; x_wconf 76' lang='grc' dir='ltr'>(ιιι</span> <span class='ocrx_word' id='word_1_532' title='bbox 59 1677 210 1710; x_wconf 84' lang='lat' dir='ltr'><strong>salvantur,</strong></span> <span class='ocrx_word' id='word_1_533' title='bbox 236 1682 366 1712; x_wconf 89' lang='lat' dir='ltr'><strong>tanquam</strong></span> <span class='ocrx_word' id='word_1_534' title='bbox 390 1685 474 1705; x_wconf 88' lang='lat' dir='ltr'><strong>arena</strong></span> <span class='ocrx_word' id='word_1_535' title='bbox 499 1678 583 1705; x_wconf 90' lang='lat' dir='ltr'><strong>maris</strong></span> <span class='ocrx_word' id='word_1_536' title='bbox 607 1682 688 1710; x_wconf 87' lang='lat' dir='ltr'><strong>sunt;</strong></span> <span class='ocrx_word' id='word_1_537' title='bbox 710 1677 774 1705; x_wconf 88' lang='lat' dir='ltr'><strong>reli-</strong></span> <span class='ocrx_word' id='word_1_538' title='bbox 825 1683 885 1704; x_wconf 89' lang='lat' dir='ltr'><strong>cetn</strong></span> <span class='ocrx_word' id='word_1_539' title='bbox 903 1676 991 1704; x_wconf 85' lang='lat' dir='ltr'><strong>reddit</strong></span> <span class='ocrx_word' id='word_1_540' title='bbox 1016 1684 1024 1704; x_wconf 88' lang='lat'><strong>:</strong></span> <span class='ocrx_word' id='word_1_541' title='bbox 1049 1678 1152 1704; x_wconf 87' lang='lat' dir='ltr'><strong>docens</strong></span> <span class='ocrx_word' id='word_1_542' title='bbox 1177 1684 1225 1712; x_wconf 88' lang='lat' dir='ltr'><strong>per</strong></span> <span class='ocrx_word' id='word_1_543' title='bbox 1248 1677 1311 1709; x_wconf 89' lang='lat' dir='ltr'><strong>hoc,</strong></span> <span class='ocrx_word' id='word_1_544' title='bbox 1325 1677 1406 1704; x_wconf 88' lang='lat' dir='ltr'><strong>etiam</strong></span> <span class='ocrx_word' id='word_1_545' title='bbox 1422 1678 1560 1706; x_wconf 82' lang='lat' dir='ltr'><strong>Christum</strong></span> <span class='ocrx_word' id='word_1_546' title='bbox 1574 1687 1618 1706; x_wconf 86' lang='lat' dir='ltr'><strong>se-</strong></span> 
     </span>
    </p>
   </div>
   <div class='ocr_carea' id='block_1_50' title="bbox 2 1722 1615 1760">
    <p class='ocr_par' dir='ltr' id='par_1_50' title="bbox 2 1722 1615 1760">
     <span class='ocr_line' id='line_1_50' title="bbox 2 1722 1615 1760; baseline 0.002 -10"><span class='ocrx_word' id='word_1_547' title='bbox 2 1723 54 1750; x_wconf 68' lang='lat' dir='ltr'><strong>uia!</strong></span> <span class='ocrx_word' id='word_1_548' title='bbox 72 1731 138 1750; x_wconf 85' lang='lat' dir='ltr'><strong>vero</strong></span> <span class='ocrx_word' id='word_1_549' title='bbox 154 1731 214 1758; x_wconf 64' lang='lat' dir='ltr'><strong>qua:</strong></span> <span class='ocrx_word' id='word_1_550' title='bbox 234 1723 316 1750; x_wconf 67' lang='lat' dir='ltr'><strong>salvat</strong></span> <span class='ocrx_word' id='word_1_551' title='bbox 338 1722 414 1757; x_wconf 85' lang='lat' dir='ltr'><strong>flent,</strong></span> <span class='ocrx_word' id='word_1_552' title='bbox 441 1727 571 1759; x_wconf 88' lang='lat' dir='ltr'><strong>tauquam</strong></span> <span class='ocrx_word' id='word_1_553' title='bbox 600 1723 685 1751; x_wconf 66' lang='lat' dir='ltr'><strong>stella:</strong></span> <span class='ocrx_word' id='word_1_554' title='bbox 709 1722 774 1750; x_wconf 77' lang='lat' dir='ltr'><strong>cceli</strong></span> <span class='ocrx_word' id='word_1_555' title='bbox 825 1723 985 1750; x_wconf 85' lang='lat' dir='ltr'><strong>minaudttm</strong></span> <span class='ocrx_word' id='word_1_556' title='bbox 1010 1729 1082 1757; x_wconf 82' lang='lat' dir='ltr'><strong>esse,</strong></span> <span class='ocrx_word' id='word_1_557' title='bbox 1107 1722 1134 1750; x_wconf 91' lang='lat' dir='ltr'><strong>id</strong></span> <span class='ocrx_word' id='word_1_558' title='bbox 1150 1727 1191 1750; x_wconf 80' lang='lat' dir='ltr'><strong>est</strong></span> <span class='ocrx_word' id='word_1_559' title='bbox 1208 1723 1394 1758; x_wconf 87' lang='lat' dir='ltr'><strong>sepeliendum</strong></span> <span class='ocrx_word' id='word_1_560' title='bbox 1414 1732 1475 1752; x_wconf 87' lang='lat' dir='ltr'><strong>esse</strong></span> <span class='ocrx_word' id='word_1_561' title='bbox 1489 1725 1515 1752; x_wconf 89' lang='lat' dir='ltr'><strong>itt</strong></span> <span class='ocrx_word' id='word_1_562' title='bbox 1531 1729 1615 1760; x_wconf 83' lang='lat' dir='ltr'><strong>terra,</strong></span> 
     </span>
    </p>
   </div>
   <div class='ocr_carea' id='block_1_51' title="bbox 2 1769 1615 1805">
    <p class='ocr_par' dir='ltr' id='par_1_51' title="bbox 2 1769 1615 1805">
     <span class='ocr_line' id='line_1_51' title="bbox 2 1769 1615 1805; baseline 0.003 -9"><span class='ocrx_word' id='word_1_563' title='bbox 2 1775 59 1797; x_wconf 83' lang='lat' dir='ltr'><strong>unt.</strong></span> <span class='ocrx_word' id='word_1_564' title='bbox 87 1769 239 1805; x_wconf 86' lang='lat' dir='ltr'><strong>Utrumque</strong></span> <span class='ocrx_word' id='word_1_565' title='bbox 272 1770 374 1798; x_wconf 90' lang='lat' dir='ltr'><strong>etenim</strong></span> <span class='ocrx_word' id='word_1_566' title='bbox 407 1769 616 1804; x_wconf 84' lang='lat' dir='ltr'><strong>promissionis,</strong></span> <span class='ocrx_word' id='word_1_567' title='bbox 651 1777 711 1805; x_wconf 75' lang='lat' dir='ltr'><strong>qua:</strong></span> <span class='ocrx_word' id='word_1_568' title='bbox 739 1770 773 1797; x_wconf 84' lang='lat' dir='ltr'><strong>ad</strong></span> <span class='ocrx_word' id='word_1_569' title='bbox 824 1774 851 1796; x_wconf 87' lang='lat' dir='ltr'><strong>et</strong></span> <span class='ocrx_word' id='word_1_570' title='bbox 868 1769 930 1796; x_wconf 89' lang='lat' dir='ltr'><strong>inde</strong></span> <span class='ocrx_word' id='word_1_571' title='bbox 942 1769 1254 1804; x_wconf 76' lang='lat' dir='ltr'><strong>resurgentemfructum</strong></span> <span class='ocrx_word' id='word_1_572' title='bbox 1265 1769 1411 1804; x_wconf 90' lang='lat' dir='ltr'><strong>plurimum</strong></span> <span class='ocrx_word' id='word_1_573' title='bbox 1428 1771 1615 1801; x_wconf 83' lang='lat' dir='ltr'><strong>totiusEccle-</strong></span> 
     </span>
    </p>
   </div>
   <div class='ocr_carea' id='block_1_52' title="bbox 2 1813 1616 1852">
    <p class='ocr_par' dir='ltr' id='par_1_52' title="bbox 2 1813 1616 1852">
     <span class='ocr_line' id='line_1_52' title="bbox 2 1813 1616 1852; baseline 0.001 -9"><span class='ocrx_word' id='word_1_574' title='bbox 2 1818 121 1844; x_wconf 41' lang='lat' dir='ltr'><strong>.brabam</strong></span> <span class='ocrx_word' id='word_1_575' title='bbox 146 1816 215 1843; x_wconf 87' lang='lat' dir='ltr'><strong>facta</strong></span> <span class='ocrx_word' id='word_1_576' title='bbox 247 1822 301 1847; x_wconf 86' lang='lat' dir='ltr'><strong>est,</strong></span> <span class='ocrx_word' id='word_1_577' title='bbox 322 1816 442 1844; x_wconf 87' lang='lat' dir='ltr'><strong>continet</strong></span> <span class='ocrx_word' id='word_1_578' title='bbox 465 1823 556 1844; x_wconf 87' lang='lat' dir='ltr'><strong>sermo</strong></span> <span class='ocrx_word' id='word_1_579' title='bbox 573 1815 651 1851; x_wconf 65' lang='lat'><strong>(42):</strong></span> <span class='ocrx_word' id='word_1_580' title='bbox 673 1826 683 1842; x_wconf 72' lang='grc' dir='ltr'><strong>ι</strong></span> <span class='ocrx_word' id='word_1_581' title='bbox 705 1816 771 1848; x_wconf 85' lang='lat' dir='ltr'><strong>Erit,</strong></span> <span class='ocrx_word' id='word_1_582' title='bbox 825 1814 872 1842; x_wconf 71' lang='lat' dir='ltr'><strong>sia:</strong></span> <span class='ocrx_word' id='word_1_583' title='bbox 885 1813 1068 1842; x_wconf 83' lang='lat' dir='ltr'><strong>multitudinis</strong></span> <span class='ocrx_word' id='word_1_584' title='bbox 1078 1814 1260 1850; x_wconf 80' lang='lat' dir='ltr'><strong>prolaturum.</strong></span> <span class='ocrx_word' id='word_1_585' title='bbox 1276 1814 1347 1843; x_wconf 86' lang='lat' dir='ltr'><strong>sicut</strong></span> <span class='ocrx_word' id='word_1_586' title='bbox 1362 1820 1391 1844; x_wconf 87' lang='lat' dir='ltr'><strong>et</strong></span> <span class='ocrx_word' id='word_1_587' title='bbox 1412 1817 1469 1852; x_wconf 86' lang='lat' dir='ltr'><strong>ipse</strong></span> <span class='ocrx_word' id='word_1_588' title='bbox 1484 1816 1616 1845; x_wconf 87' lang='lat' dir='ltr'><strong>Dominus</strong></span> 
     </span>
    </p>
   </div>
   <div class='ocr_carea' id='block_1_53' title="bbox 4 1859 1613 1897">
    <p class='ocr_par' dir='ltr' id='par_1_53' title="bbox 4 1859 1613 1897">
     <span class='ocr_line' id='line_1_53' title="bbox 4 1859 1613 1897; baseline 0.001 -9"><span class='ocrx_word' id='word_1_589' title='bbox 4 1863 82 1897; x_wconf 79' lang='lat' dir='ltr'><strong>tqttll,</strong></span> <span class='ocrx_word' id='word_1_590' title='bbox 113 1870 203 1890; x_wconf 88' lang='lat' dir='ltr'><strong>semen</strong></span> <span class='ocrx_word' id='word_1_591' title='bbox 225 1866 301 1889; x_wconf 93' lang='lat' dir='ltr'><strong>tuum</strong></span> <span class='ocrx_word' id='word_1_592' title='bbox 323 1863 395 1890; x_wconf 91' lang='lat' dir='ltr'><strong>sicut</strong></span> <span class='ocrx_word' id='word_1_593' title='bbox 415 1870 499 1890; x_wconf 89' lang='lat' dir='ltr'><strong>arena</strong></span> <span class='ocrx_word' id='word_1_594' title='bbox 534 1863 628 1893; x_wconf 88' lang='lat' dir='ltr'><strong>maris.</strong></span> <span class='ocrx_word' id='word_1_595' title='bbox 649 1867 678 1890; x_wconf 86' lang='lat' dir='ltr'><strong>et</strong></span> <span class='ocrx_word' id='word_1_596' title='bbox 700 1861 771 1890; x_wconf 85' lang='lat' dir='ltr'><strong>sicut</strong></span> <span class='ocrx_word' id='word_1_597' title='bbox 824 1860 911 1888; x_wconf 89' lang='lat' dir='ltr'><strong>dicit:</strong></span> <span class='ocrx_word' id='word_1_598' title='bbox 929 1860 1007 1888; x_wconf 70' lang='lat' dir='ltr'><strong>«Nisi</strong></span> <span class='ocrx_word' id='word_1_599' title='bbox 1021 1868 1135 1895; x_wconf 75' lang='lat' dir='ltr'><strong>granum</strong></span> <span class='ocrx_word' id='word_1_600' title='bbox 1159 1859 1286 1888; x_wconf 79' lang='lat' dir='ltr'><strong>frumenti</strong></span> <span class='ocrx_word' id='word_1_601' title='bbox 1304 1861 1331 1888; x_wconf 91' lang='lat' dir='ltr'><strong>in</strong></span> <span class='ocrx_word' id='word_1_602' title='bbox 1351 1865 1453 1889; x_wconf 90' lang='lat' dir='ltr'><strong>terram</strong></span> <span class='ocrx_word' id='word_1_603' title='bbox 1474 1863 1613 1895; x_wconf 81' lang='lat' dir='ltr'><strong>ceciderit,</strong></span> 
     </span>
    </p>
   </div>
   <div class='ocr_carea' id='block_1_54' title="bbox 2 1906 1612 1943">
    <p class='ocr_par' dir='ltr' id='par_1_54' title="bbox 2 1906 1612 1943">
     <span class='ocr_line' id='line_1_54' title="bbox 2 1906 1612 1943; baseline 0.002 -9"><span class='ocrx_word' id='word_1_604' title='bbox 2 1908 68 1936; x_wconf 78' lang='lat' dir='ltr'><strong>lellu:</strong></span> <span class='ocrx_word' id='word_1_605' title='bbox 81 1908 142 1936; x_wconf 73' lang='lat' dir='ltr'><strong>creti</strong></span> <span class='ocrx_word' id='word_1_606' title='bbox 153 1907 187 1936; x_wconf 87' lang='lat'><strong>&quot;.</strong></span> <span class='ocrx_word' id='word_1_607' title='bbox 211 1917 221 1934; x_wconf 75' lang='grc' dir='ltr'><strong>ι</strong></span> <span class='ocrx_word' id='word_1_608' title='bbox 242 1908 274 1935; x_wconf 82' lang='grc' dir='ltr'>Ει</span> <span class='ocrx_word' id='word_1_609' title='bbox 291 1908 343 1936; x_wconf 85' lang='lat' dir='ltr'><strong>hoc</strong></span> <span class='ocrx_word' id='word_1_610' title='bbox 353 1913 395 1936; x_wconf 87' lang='lat' dir='ltr'><strong>est</strong></span> <span class='ocrx_word' id='word_1_611' title='bbox 412 1909 483 1943; x_wconf 89' lang='lat' dir='ltr'><strong>quod</strong></span> <span class='ocrx_word' id='word_1_612' title='bbox 504 1908 571 1935; x_wconf 85' lang='lat' dir='ltr'><strong>dicit</strong></span> <span class='ocrx_word' id='word_1_613' title='bbox 586 1917 593 1935; x_wconf 82' lang='lat'>:</span> <span class='ocrx_word' id='word_1_614' title='bbox 619 1918 629 1934; x_wconf 75' lang='grc' dir='ltr'><strong>ε</strong></span> <span class='ocrx_word' id='word_1_615' title='bbox 655 1907 771 1935; x_wconf 84' lang='lat' dir='ltr'><strong>Verbum</strong></span> <span class='ocrx_word' id='word_1_616' title='bbox 823 1911 851 1934; x_wconf 90' lang='lat' dir='ltr'><strong>et</strong></span> <span class='ocrx_word' id='word_1_617' title='bbox 862 1911 996 1934; x_wconf 88' lang='lat' dir='ltr'><strong>mortuttut</strong></span> <span class='ocrx_word' id='word_1_618' title='bbox 1009 1906 1101 1939; x_wconf 87' lang='lat' dir='ltr'><strong>fuerit,</strong></span> <span class='ocrx_word' id='word_1_619' title='bbox 1116 1906 1232 1934; x_wconf 87' lang='lat' dir='ltr'><strong>fructum</strong></span> <span class='ocrx_word' id='word_1_620' title='bbox 1245 1915 1298 1935; x_wconf 88' lang='lat' dir='ltr'><strong>non</strong></span> <span class='ocrx_word' id='word_1_621' title='bbox 1312 1907 1390 1936; x_wconf 69' lang='lat' dir='ltr'><strong>aﬂ‘ert</strong></span> <span class='ocrx_word' id='word_1_622' title='bbox 1405 1908 1508 1943; x_wconf 68' lang='lat' dir='ltr'><strong>(i7);si</strong></span> <span class='ocrx_word' id='word_1_623' title='bbox 1524 1913 1612 1937; x_wconf 83' lang='lat' dir='ltr'><strong>autem</strong></span> 
     </span>
    </p>
   </div>
   <div class='ocr_carea' id='block_1_55' title="bbox 2 1952 1526 1990">
    <p class='ocr_par' dir='ltr' id='par_1_55' title="bbox 2 1952 1526 1990">
     <span class='ocr_line' id='line_1_55' title="bbox 2 1952 1526 1990; baseline 0 -9"><span class='ocrx_word' id='word_1_624' title='bbox 2 1955 53 1981; x_wconf 88' lang='lat' dir='ltr'><strong>uim</strong></span> <span class='ocrx_word' id='word_1_625' title='bbox 71 1962 264 1982; x_wconf 78' lang='lat' dir='ltr'><strong>consummatis</strong></span> <span class='ocrx_word' id='word_1_626' title='bbox 286 1960 314 1981; x_wconf 91' lang='lat' dir='ltr'><strong>et</strong></span> <span class='ocrx_word' id='word_1_627' title='bbox 335 1955 464 1982; x_wconf 82' lang='lat' dir='ltr'><strong>brevians</strong></span> <span class='ocrx_word' id='word_1_628' title='bbox 488 1955 513 1981; x_wconf 87' lang='lat' dir='ltr'><strong>itt</strong></span> <span class='ocrx_word' id='word_1_629' title='bbox 540 1955 690 1989; x_wconf 58' lang='lat' dir='ltr'><strong>equitate:</strong></span> <span class='ocrx_word' id='word_1_630' title='bbox 708 1956 771 1990; x_wconf 81' lang='lat' dir='ltr'><strong>quia</strong></span> <span class='ocrx_word' id='word_1_631' title='bbox 824 1958 960 1980; x_wconf 89' lang='lat' dir='ltr'><strong>mortuum</strong></span> <span class='ocrx_word' id='word_1_632' title='bbox 977 1952 1067 1986; x_wconf 90' lang='lat' dir='ltr'><strong>fuerit,</strong></span> <span class='ocrx_word' id='word_1_633' title='bbox 1083 1953 1200 1980; x_wconf 89' lang='lat' dir='ltr'><strong>fructtttn</strong></span> <span class='ocrx_word' id='word_1_634' title='bbox 1218 1953 1363 1988; x_wconf 91' lang='lat' dir='ltr'><strong>pluriutum</strong></span> <span class='ocrx_word' id='word_1_635' title='bbox 1379 1953 1498 1983; x_wconf 77' lang='lat' dir='ltr'><strong>affert“.</strong></span> <span class='ocrx_word' id='word_1_636' title='bbox 1516 1963 1526 1981; x_wconf 79' lang='grc' dir='ltr'><strong>ι</strong></span> 
     </span>
    </p>
   </div>
   <div class='ocr_carea' id='block_1_56' title="bbox 3 1998 1610 2035">
    <p class='ocr_par' dir='ltr' id='par_1_56' title="bbox 3 1998 1610 2035">
     <span class='ocr_line' id='line_1_56' title="bbox 3 1998 1610 2035; baseline 0 -7"><span class='ocrx_word' id='word_1_637' title='bbox 3 2001 96 2028; x_wconf 86' lang='lat' dir='ltr'><strong>erbum</strong></span> <span class='ocrx_word' id='word_1_638' title='bbox 112 2000 261 2028; x_wconf 83' lang='lat' dir='ltr'><strong>breviatum</strong></span> <span class='ocrx_word' id='word_1_639' title='bbox 284 2000 368 2028; x_wconf 88' lang='lat' dir='ltr'><strong>faciet</strong></span> <span class='ocrx_word' id='word_1_640' title='bbox 388 2001 519 2028; x_wconf 89' lang='lat' dir='ltr'><strong>Dominus</strong></span> <span class='ocrx_word' id='word_1_641' title='bbox 531 2008 614 2035; x_wconf 88' lang='lat' dir='ltr'><strong>super</strong></span> <span class='ocrx_word' id='word_1_642' title='bbox 630 2006 742 2030; x_wconf 88' lang='lat' dir='ltr'><strong>terram.</strong></span> <span class='ocrx_word' id='word_1_643' title='bbox 759 2011 768 2028; x_wconf 77' lang='grc' dir='ltr'><strong>ι</strong></span> <span class='ocrx_word' id='word_1_644' title='bbox 861 2009 870 2026; x_wconf 73' lang='grc' dir='ltr'><strong>ι</strong></span> <span class='ocrx_word' id='word_1_645' title='bbox 882 1999 950 2032; x_wconf 86' lang='lat' dir='ltr'><strong>Quid</strong></span> <span class='ocrx_word' id='word_1_646' title='bbox 963 2006 1027 2034; x_wconf 82' lang='lat' dir='ltr'><strong>ergo</strong></span> <span class='ocrx_word' id='word_1_647' title='bbox 1038 1998 1176 2026; x_wconf 83' lang='lat' dir='ltr'><strong>dicemus?</strong></span> <span class='ocrx_word' id='word_1_648' title='bbox 1191 1999 1267 2032; x_wconf 86' lang='lat' dir='ltr'><strong>Quod</strong></span> <span class='ocrx_word' id='word_1_649' title='bbox 1281 2004 1377 2034; x_wconf 76' lang='lat' dir='ltr'><strong>gentes</strong></span> <span class='ocrx_word' id='word_1_650' title='bbox 1388 2007 1448 2034; x_wconf 68' lang='lat' dir='ltr'><strong>quae</strong></span> <span class='ocrx_word' id='word_1_651' title='bbox 1458 2007 1510 2027; x_wconf 89' lang='lat' dir='ltr'><strong>non</strong></span> <span class='ocrx_word' id='word_1_652' title='bbox 1526 2005 1610 2028; x_wconf 84' lang='lat' dir='ltr'><strong>secta-</strong></span> 
     </span>
    </p>
   </div>
   <div class='ocr_carea' id='block_1_57' title="bbox 2 2041 1610 2082">
    <p class='ocr_par' dir='ltr' id='par_1_57' title="bbox 2 2041 1610 2082">
     <span class='ocr_line' id='line_1_57' title="bbox 2 2041 1610 2082; baseline 0 -8"><span class='ocrx_word' id='word_1_653' title='bbox 2 2046 103 2074; x_wconf 83' lang='lat' dir='ltr'><strong>’erbum</strong></span> <span class='ocrx_word' id='word_1_654' title='bbox 123 2041 287 2079; x_wconf 70' lang='lat' dir='ltr'><strong>breitiattttn,</strong></span> <span class='ocrx_word' id='word_1_655' title='bbox 311 2047 357 2073; x_wconf 94' lang='lat' dir='ltr'><strong>ubi</strong></span> <span class='ocrx_word' id='word_1_656' title='bbox 383 2046 460 2073; x_wconf 89' lang='lat' dir='ltr'><strong>multi</strong></span> <span class='ocrx_word' id='word_1_657' title='bbox 487 2047 575 2074; x_wconf 84' lang='lat' dir='ltr'><strong>vocati</strong></span> <span class='ocrx_word' id='word_1_658' title='bbox 596 2052 671 2080; x_wconf 87' lang='lat' dir='ltr'><strong>sunt,</strong></span> <span class='ocrx_word' id='word_1_659' title='bbox 692 2047 771 2082; x_wconf 88' lang='lat' dir='ltr'><strong>pauci</strong></span> <span class='ocrx_word' id='word_1_660' title='bbox 823 2044 1078 2078; x_wconf 86' lang='lat' dir='ltr'><strong>bauturjustitiam,</strong></span> <span class='ocrx_word' id='word_1_661' title='bbox 1097 2045 1365 2079; x_wconf 84' lang='lat' dir='ltr'><strong>comprehenderunt</strong></span> <span class='ocrx_word' id='word_1_662' title='bbox 1380 2044 1513 2079; x_wconf 81' lang='lat' dir='ltr'><strong>justitiam</strong></span> <span class='ocrx_word' id='word_1_663' title='bbox 1533 2045 1610 2082; x_wconf 64' lang='lat' dir='ltr'><strong>(i8);</strong></span> 
     </span>
    </p>
   </div>
   <div class='ocr_carea' id='block_1_58' title="bbox 4 2091 1609 2126">
    <p class='ocr_par' dir='ltr' id='par_1_58' title="bbox 4 2091 1609 2126">
     <span class='ocr_line' id='line_1_58' title="bbox 4 2091 1609 2126; baseline 0.001 -7"><span class='ocrx_word' id='word_1_664' title='bbox 4 2098 74 2120; x_wconf 87' lang='lat' dir='ltr'><strong>utem</strong></span> <span class='ocrx_word' id='word_1_665' title='bbox 92 2092 168 2119; x_wconf 84' lang='lat' dir='ltr'><strong>electi</strong></span> <span class='ocrx_word' id='word_1_666' title='bbox 182 2092 217 2120; x_wconf 85' lang='grc'><strong>⁸⁷.</strong></span> <span class='ocrx_word' id='word_1_667' title='bbox 231 2092 379 2119; x_wconf 87' lang='lat' dir='ltr'><strong>Possumus</strong></span> <span class='ocrx_word' id='word_1_668' title='bbox 396 2098 485 2120; x_wconf 81' lang='lat' dir='ltr'><strong>autem</strong></span> <span class='ocrx_word' id='word_1_669' title='bbox 499 2097 526 2119; x_wconf 91' lang='lat' dir='ltr'><strong>et</strong></span> <span class='ocrx_word' id='word_1_670' title='bbox 543 2093 624 2119; x_wconf 91' lang='lat' dir='ltr'><strong>totius</strong></span> <span class='ocrx_word' id='word_1_671' title='bbox 642 2093 772 2120; x_wconf 74' lang='lat' dir='ltr'><strong>doctrina:</strong></span> <span class='ocrx_word' id='word_1_672' title='bbox 819 2091 954 2126; x_wconf 88' lang='lat' dir='ltr'><strong>justitiaut</strong></span> <span class='ocrx_word' id='word_1_673' title='bbox 972 2095 1062 2119; x_wconf 85' lang='lat' dir='ltr'><strong>autem</strong></span> <span class='ocrx_word' id='word_1_674' title='bbox 1079 2099 1141 2126; x_wconf 74' lang='lat' dir='ltr'><strong>qua:</strong></span> <span class='ocrx_word' id='word_1_675' title='bbox 1158 2099 1191 2118; x_wconf 86' lang='lat' dir='ltr'><strong>ex</strong></span> <span class='ocrx_word' id='word_1_676' title='bbox 1208 2092 1260 2120; x_wconf 83' lang='lat' dir='ltr'><strong>fide</strong></span> <span class='ocrx_word' id='word_1_677' title='bbox 1275 2097 1316 2120; x_wconf 87' lang='lat' dir='ltr'><strong>est</strong></span> <span class='ocrx_word' id='word_1_678' title='bbox 1328 2092 1363 2120; x_wconf 78' lang='lat'><strong>”.</strong></span> <span class='ocrx_word' id='word_1_679' title='bbox 1375 2102 1385 2119; x_wconf 75' lang='grc' dir='ltr'><strong>ι</strong></span> <span class='ocrx_word' id='word_1_680' title='bbox 1406 2092 1537 2120; x_wconf 80' lang='lat' dir='ltr'><strong>Videntur</strong></span> <span class='ocrx_word' id='word_1_681' title='bbox 1551 2093 1609 2120; x_wconf 87' lang='lat' dir='ltr'><strong>for-</strong></span> 
     </span>
    </p>
   </div>
   <div class='ocr_carea' id='block_1_59' title="bbox 3 2136 1609 2175">
    <p class='ocr_par' dir='ltr' id='par_1_59' title="bbox 3 2136 1609 2175">
     <span class='ocr_line' id='line_1_59' title="bbox 3 2136 1609 2175; baseline 0.003 -12"><span class='ocrx_word' id='word_1_682' title='bbox 3 2137 94 2163; x_wconf 72' lang='lat' dir='ltr'><strong>vrbum</strong></span> <span class='ocrx_word' id='word_1_683' title='bbox 117 2136 205 2163; x_wconf 84' lang='lat' dir='ltr'><strong>dicere</strong></span> <span class='ocrx_word' id='word_1_684' title='bbox 231 2137 393 2170; x_wconf 89' lang='lat' dir='ltr'><strong>breviatum,</strong></span> <span class='ocrx_word' id='word_1_685' title='bbox 415 2142 444 2164; x_wconf 92' lang='lat' dir='ltr'><strong>ut</strong></span> <span class='ocrx_word' id='word_1_686' title='bbox 468 2138 539 2171; x_wconf 82' lang='lat' dir='ltr'><strong>quod</strong></span> <span class='ocrx_word' id='word_1_687' title='bbox 568 2138 642 2172; x_wconf 87' lang='lat' dir='ltr'><strong>prius</strong></span> <span class='ocrx_word' id='word_1_688' title='bbox 664 2138 717 2165; x_wconf 76' lang='lat' dir='ltr'><strong>Lex</strong></span> <span class='ocrx_word' id='word_1_689' title='bbox 744 2144 772 2166; x_wconf 88' lang='lat' dir='ltr'><strong>et</strong></span> <span class='ocrx_word' id='word_1_690' title='bbox 823 2139 904 2166; x_wconf 83' lang='lat' dir='ltr'><strong>tussis</strong></span> <span class='ocrx_word' id='word_1_691' title='bbox 920 2138 971 2166; x_wconf 89' lang='lat' dir='ltr'><strong>hoc</strong></span> <span class='ocrx_word' id='word_1_692' title='bbox 986 2139 1151 2165; x_wconf 87' lang='lat' dir='ltr'><strong>contrarium</strong></span> <span class='ocrx_word' id='word_1_693' title='bbox 1167 2146 1229 2166; x_wconf 88' lang='lat' dir='ltr'><strong>esse</strong></span> <span class='ocrx_word' id='word_1_694' title='bbox 1246 2139 1286 2166; x_wconf 84' lang='lat' dir='ltr'><strong>vel</strong></span> <span class='ocrx_word' id='word_1_695' title='bbox 1304 2139 1356 2167; x_wconf 90' lang='lat' dir='ltr'><strong>illis</strong></span> <span class='ocrx_word' id='word_1_696' title='bbox 1371 2141 1404 2167; x_wconf 87' lang='lat' dir='ltr'><strong>de</strong></span> <span class='ocrx_word' id='word_1_697' title='bbox 1417 2140 1516 2174; x_wconf 87' lang='lat' dir='ltr'><strong>quibus</strong></span> <span class='ocrx_word' id='word_1_698' title='bbox 1530 2148 1609 2175; x_wconf 87' lang='lat' dir='ltr'><strong>supra</strong></span> 
     </span>
    </p>
   </div>
   <div class='ocr_carea' id='block_1_60' title="bbox 2 2182 1608 2221">
    <p class='ocr_par' dir='ltr' id='par_1_60' title="bbox 2 2182 1608 2221">
     <span class='ocr_line' id='line_1_60' title="bbox 2 2182 1608 2221; baseline 0.004 -14"><span class='ocrx_word' id='word_1_699' title='bbox 2 2184 123 2217; x_wconf 68' lang='lat' dir='ltr'><strong>&#39;rupbette</strong></span> <span class='ocrx_word' id='word_1_700' title='bbox 148 2182 322 2210; x_wconf 87' lang='lat' dir='ltr'><strong>continebant</strong></span> <span class='ocrx_word' id='word_1_701' title='bbox 351 2183 378 2210; x_wconf 90' lang='lat' dir='ltr'><strong>iu</strong></span> <span class='ocrx_word' id='word_1_702' title='bbox 401 2183 543 2210; x_wconf 88' lang='lat' dir='ltr'><strong>latitudine</strong></span> <span class='ocrx_word' id='word_1_703' title='bbox 560 2190 768 2218; x_wconf 65' lang='lat' dir='ltr'><strong>praeceptorum,</strong></span> <span class='ocrx_word' id='word_1_704' title='bbox 823 2185 954 2216; x_wconf 86' lang='lat' dir='ltr'><strong>diximus,</strong></span> <span class='ocrx_word' id='word_1_705' title='bbox 974 2184 1046 2219; x_wconf 87' lang='lat' dir='ltr'><strong>quod</strong></span> <span class='ocrx_word' id='word_1_706' title='bbox 1070 2185 1256 2220; x_wconf 88' lang='lat' dir='ltr'><strong>unusquisque</strong></span> <span class='ocrx_word' id='word_1_707' title='bbox 1271 2186 1399 2213; x_wconf 88' lang='lat' dir='ltr'><strong>etuttndet</strong></span> <span class='ocrx_word' id='word_1_708' title='bbox 1415 2193 1444 2214; x_wconf 90' lang='lat' dir='ltr'><strong>se</strong></span> <span class='ocrx_word' id='word_1_709' title='bbox 1465 2191 1492 2214; x_wconf 92' lang='lat' dir='ltr'><strong>et</strong></span> <span class='ocrx_word' id='word_1_710' title='bbox 1510 2193 1608 2221; x_wconf 78' lang='lat' dir='ltr'><strong>expur~</strong></span> 
     </span>
    </p>
   </div>
   <div class='ocr_carea' id='block_1_61' title="bbox 3 2229 1610 2266">
    <p class='ocr_par' dir='ltr' id='par_1_61' title="bbox 3 2229 1610 2266">
     <span class='ocr_line' id='line_1_61' title="bbox 3 2229 1610 2266; baseline 0.003 -11"><span class='ocrx_word' id='word_1_711' title='bbox 3 2231 94 2256; x_wconf 68' lang='grc' dir='ltr'>οιιὶυιις</span> <span class='ocrx_word' id='word_1_712' title='bbox 111 2229 239 2255; x_wconf 83' lang='lat' dir='ltr'><strong>Dominus</strong></span> <span class='ocrx_word' id='word_1_713' title='bbox 262 2231 463 2263; x_wconf 81' lang='lat' dir='ltr'><strong>pronuntiaret,</strong></span> <span class='ocrx_word' id='word_1_714' title='bbox 479 2234 505 2256; x_wconf 91' lang='lat' dir='ltr'><strong>et</strong></span> <span class='ocrx_word' id='word_1_715' title='bbox 523 2229 626 2257; x_wconf 86' lang='lat' dir='ltr'><strong>diceret</strong></span> <span class='ocrx_word' id='word_1_716' title='bbox 642 2240 648 2257; x_wconf 86' lang='lat'><strong>:</strong></span> <span class='ocrx_word' id='word_1_717' title='bbox 668 2239 676 2256; x_wconf 79' lang='grc' dir='ltr'><strong>ι</strong></span> <span class='ocrx_word' id='word_1_718' title='bbox 701 2230 766 2257; x_wconf 86' lang='lat' dir='ltr'><strong>Dili-</strong></span> <span class='ocrx_word' id='word_1_719' title='bbox 786 2238 807 2265; x_wconf 79' lang='grc' dir='ltr'>ι)</span> <span class='ocrx_word' id='word_1_720' title='bbox 821 2234 874 2266; x_wconf 72' lang='lat' dir='ltr'><strong>get,</strong></span> <span class='ocrx_word' id='word_1_721' title='bbox 892 2235 921 2258; x_wconf 90' lang='lat' dir='ltr'><strong>ut</strong></span> <span class='ocrx_word' id='word_1_722' title='bbox 936 2231 984 2258; x_wconf 86' lang='lat' dir='ltr'><strong>fiat</strong></span> <span class='ocrx_word' id='word_1_723' title='bbox 997 2238 1044 2259; x_wconf 82' lang='lat' dir='ltr'><strong>vas</strong></span> <span class='ocrx_word' id='word_1_724' title='bbox 1062 2230 1138 2262; x_wconf 87' lang='lat' dir='ltr'><strong>utile,</strong></span> <span class='ocrx_word' id='word_1_725' title='bbox 1160 2236 1186 2258; x_wconf 92' lang='lat' dir='ltr'><strong>et</strong></span> <span class='ocrx_word' id='word_1_726' title='bbox 1205 2238 1252 2259; x_wconf 82' lang='lat' dir='ltr'><strong>vas</strong></span> <span class='ocrx_word' id='word_1_727' title='bbox 1265 2232 1459 2260; x_wconf 60' lang='lat' dir='ltr'><strong>misericordiae</strong></span> <span class='ocrx_word' id='word_1_728' title='bbox 1476 2241 1483 2260; x_wconf 90' lang='lat'>:</span> <span class='ocrx_word' id='word_1_729' title='bbox 1500 2233 1542 2260; x_wconf 87' lang='lat' dir='ltr'><strong>vel</strong></span> <span class='ocrx_word' id='word_1_730' title='bbox 1557 2233 1610 2261; x_wconf 87' lang='lat' dir='ltr'><strong>illis</strong></span> 
     </span>
    </p>
   </div>
   <div class='ocr_carea' id='block_1_62' title="bbox 365 2306 1086 2341">
    <p class='ocr_par' dir='ltr' id='par_1_62' title="bbox 365 2306 1086 2339">
     <span class='ocr_line' id='line_1_62' title="bbox 365 2306 1086 2339; baseline 0.008 -7"><span class='ocrx_word' id='word_1_731' title='bbox 365 2306 387 2323; x_wconf 80' lang='grc'><strong>¹¹</strong></span> <span class='ocrx_word' id='word_1_732' title='bbox 405 2306 412 2333; x_wconf 96' lang='lat' dir='ltr'><strong>l</strong></span> <span class='ocrx_word' id='word_1_733' title='bbox 429 2306 492 2334; x_wconf 79' lang='lat' dir='ltr'><strong>Cor.</strong></span> <span class='ocrx_word' id='word_1_734' title='bbox 523 2315 552 2338; x_wconf 84' lang='lat' dir='ltr'><strong>tt,</strong></span> <span class='ocrx_word' id='word_1_735' title='bbox 570 2307 596 2335; x_wconf 87' lang='lat'><strong>6.</strong></span> <span class='ocrx_word' id='word_1_736' title='bbox 645 2309 668 2324; x_wconf 67' lang='grc' dir='ltr'><strong>δ’</strong></span> <span class='ocrx_word' id='word_1_737' title='bbox 687 2309 764 2336; x_wconf 69' lang='lat' dir='ltr'><strong>llum.</strong></span> <span class='ocrx_word' id='word_1_738' title='bbox 794 2316 824 2339; x_wconf 84' lang='lat' dir='ltr'><strong>tt,</strong></span> <span class='ocrx_word' id='word_1_739' title='bbox 844 2308 870 2336; x_wconf 83' lang='lat'><strong>5.</strong></span> <span class='ocrx_word' id='word_1_740' title='bbox 919 2309 942 2325; x_wconf 84' lang='lat'><strong>&quot;</strong></span> <span class='ocrx_word' id='word_1_741' title='bbox 959 2309 978 2336; x_wconf 94' lang='lat' dir='ltr'><strong>ll</strong></span> <span class='ocrx_word' id='word_1_742' title='bbox 996 2310 1086 2338; x_wconf 78' lang='lat' dir='ltr'><strong>Tim.“</strong></span> 
     </span>
    </p>
   </div>
   <div class='ocr_carea' id='block_1_63' title="bbox 886 2306 1607 2341">
    <p class='ocr_par' dir='ltr' id='par_1_63' title="bbox 919 2309 1607 2341">
     <span class='ocr_line' id='line_1_63' title="bbox 919 2309 1607 2341; baseline 0.009 -6"><span class='ocrx_word' id='word_1_743' title='bbox 919 2309 942 2325; x_wconf 85' lang='lat'><strong>&quot;</strong></span> <span class='ocrx_word' id='word_1_744' title='bbox 959 2309 978 2336; x_wconf 93' lang='lat' dir='ltr'><strong>ll</strong></span> <span class='ocrx_word' id='word_1_745' title='bbox 996 2310 1100 2341; x_wconf 89' lang='lat' dir='ltr'><strong>Tim.tt,</strong></span> <span class='ocrx_word' id='word_1_746' title='bbox 1115 2311 1160 2337; x_wconf 72' lang='grc'><strong>21.</strong></span> <span class='ocrx_word' id='word_1_747' title='bbox 1207 2310 1232 2327; x_wconf 69' lang='grc'><strong>⁸⁸</strong></span> <span class='ocrx_word' id='word_1_748' title='bbox 1251 2310 1329 2338; x_wconf 80' lang='lat' dir='ltr'><strong>Rom.</strong></span> <span class='ocrx_word' id='word_1_749' title='bbox 1347 2318 1378 2340; x_wconf 88' lang='lat' dir='ltr'><strong>It.</strong></span> <span class='ocrx_word' id='word_1_750' title='bbox 1395 2311 1422 2337; x_wconf 80' lang='lat'><strong>5.</strong></span> <span class='ocrx_word' id='word_1_751' title='bbox 1474 2312 1497 2328; x_wconf 85' lang='lat'>&quot;</span> <span class='ocrx_word' id='word_1_752' title='bbox 1514 2313 1522 2339; x_wconf 97' lang='lat' dir='ltr'><strong>l</strong></span> <span class='ocrx_word' id='word_1_753' title='bbox 1543 2312 1607 2341; x_wconf 84' lang='lat' dir='ltr'><strong>Cor.</strong></span> 
     </span>
    </p>
   </div>
   <div class='ocr_carea' id='block_1_64' title="bbox 2 2341 1607 2382">
    <p class='ocr_par' dir='ltr' id='par_1_64' title="bbox 2 2341 1607 2382">
     <span class='ocr_line' id='line_1_64' title="bbox 2 2341 1607 2382; baseline 0.006 -15"><span class='ocrx_word' id='word_1_754' title='bbox 2 2343 65 2382; x_wconf 25' lang='lat'><strong>“18,7</strong></span> <span class='ocrx_word' id='word_1_755' title='bbox 89 2344 112 2359; x_wconf 76' lang='lat'><strong>&#39;°</strong></span> <span class='ocrx_word' id='word_1_756' title='bbox 126 2343 279 2382; x_wconf 41' lang='grc' dir='ltr'><strong>(μω-ιρι,</strong></span> <span class='ocrx_word' id='word_1_757' title='bbox 298 2341 339 2368; x_wconf 78' lang='grc'><strong>17.</strong></span> <span class='ocrx_word' id='word_1_758' title='bbox 379 2341 516 2382; x_wconf 80' lang='lat' dir='ltr'><strong>&quot;’_Mat_t_h._</strong></span> <span class='ocrx_word' id='word_1_759' title='bbox 541 2351 608 2374; x_wconf 78' lang='lat' dir='ltr'><strong>xxtt,</strong></span> <span class='ocrx_word' id='word_1_760' title='bbox 629 2343 677 2382; x_wconf 75' lang='lat' dir='ltr'><strong>M._</strong></span> <span class='ocrx_word' id='word_1_761' title='bbox 689 2378 696 2382; x_wconf 81' lang='lat'>_</span> <span class='ocrx_word' id='word_1_762' title='bbox 711 2344 734 2359; x_wconf 86' lang='lat'><strong>&quot;</strong></span> <span class='ocrx_word' id='word_1_763' title='bbox 751 2343 841 2382; x_wconf 39' lang='lat' dir='ltr'><strong>&quot;Digni.</strong></span> <span class='ocrx_word' id='word_1_764' title='bbox 856 2353 891 2374; x_wconf 75' lang='grc' dir='ltr'>ιι,</span> <span class='ocrx_word' id='word_1_765' title='bbox 915 2345 1058 2382; x_wconf 43' lang='grc' dir='ltr'>δὲμειιιιι.</span> <span class='ocrx_word' id='word_1_766' title='bbox 1078 2354 1146 2378; x_wconf 84' lang='lat' dir='ltr'><strong>xxtt,</strong></span> <span class='ocrx_word' id='word_1_767' title='bbox 1158 2346 1204 2380; x_wconf 82' lang='grc'><strong>57,</strong></span> <span class='ocrx_word' id='word_1_768' title='bbox 1220 2346 1266 2379; x_wconf 78' lang='lat'><strong>39,</strong></span> <span class='ocrx_word' id='word_1_769' title='bbox 1282 2346 1326 2374; x_wconf 78' lang='grc'><strong>40.</strong></span> <span class='ocrx_word' id='word_1_770' title='bbox 1366 2347 1388 2363; x_wconf 83' lang='grc'><strong><em>⁵³</em></strong></span> <span class='ocrx_word' id='word_1_771' title='bbox 1400 2346 1488 2375; x_wconf 75' lang='lat' dir='ltr'><strong>Galat.</strong></span> <span class='ocrx_word' id='word_1_772' title='bbox 1504 2355 1545 2382; x_wconf 85' lang='grc' dir='ltr'>ιιι,</span> <span class='ocrx_word' id='word_1_773' title='bbox 1563 2348 1607 2376; x_wconf 78' lang='lat' dir='ltr'><strong>i6.</strong></span> 
     </span>
    </p>
   </div>
   <div class='ocr_carea' id='block_1_65' title="bbox 2 2377 723 2413">
    <p class='ocr_par' dir='ltr' id='par_1_65' title="bbox 2 2377 710 2410">
     <span class='ocr_line' id='line_1_65' title="bbox 2 2377 710 2410; baseline -0.003 -4"><span class='ocrx_word' id='word_1_774' title='bbox 2 2380 77 2407; x_wconf 76' lang='lat' dir='ltr'><strong>’Is‘ai.</strong></span> <span class='ocrx_word' id='word_1_775' title='bbox 98 2387 117 2409; x_wconf 87' lang='lat' dir='ltr'><strong>t,</strong></span> <span class='ocrx_word' id='word_1_776' title='bbox 135 2378 158 2405; x_wconf 87' lang='lat'><strong>9.</strong></span> <span class='ocrx_word' id='word_1_777' title='bbox 198 2379 218 2394; x_wconf 88' lang='grc'><strong>⁶¹</strong></span> <span class='ocrx_word' id='word_1_778' title='bbox 233 2377 301 2405; x_wconf 84' lang='lat' dir='ltr'><strong>Gen.</strong></span> <span class='ocrx_word' id='word_1_779' title='bbox 325 2385 380 2410; x_wconf 83' lang='lat' dir='ltr'><strong>xix,</strong></span> <span class='ocrx_word' id='word_1_780' title='bbox 398 2377 424 2404; x_wconf 83' lang='lat'><strong>5.</strong></span> <span class='ocrx_word' id='word_1_781' title='bbox 465 2379 486 2393; x_wconf 82' lang='grc'><strong><em>⁵²</em></strong></span> <span class='ocrx_word' id='word_1_782' title='bbox 503 2377 581 2405; x_wconf 78' lang='lat' dir='ltr'><strong>Joan.</strong></span> <span class='ocrx_word' id='word_1_783' title='bbox 600 2385 648 2410; x_wconf 73' lang='grc' dir='ltr'>χιι,</span> <span class='ocrx_word' id='word_1_784' title='bbox 665 2378 710 2405; x_wconf 70' lang='grc'><strong>24.</strong></span> 
     </span>
    </p>
   </div>
   <div class='ocr_carea' id='block_1_66' title="bbox 264 2377 985 2413">
    <p class='ocr_par' dir='ltr' id='par_1_66' title="bbox 264 2377 985 2413">
     <span class='ocr_line' id='line_1_66' title="bbox 264 2377 985 2413; baseline 0.006 -9"><span class='ocrx_word' id='word_1_785' title='bbox 264 2386 301 2405; x_wconf 79' lang='lat' dir='ltr'><strong>:II.</strong></span> <span class='ocrx_word' id='word_1_786' title='bbox 325 2385 380 2410; x_wconf 83' lang='lat' dir='ltr'><strong>xix,</strong></span> <span class='ocrx_word' id='word_1_787' title='bbox 398 2377 424 2404; x_wconf 83' lang='lat'><strong>5.</strong></span> <span class='ocrx_word' id='word_1_788' title='bbox 465 2379 486 2393; x_wconf 82' lang='grc'><strong><em>⁵²</em></strong></span> <span class='ocrx_word' id='word_1_789' title='bbox 503 2377 581 2405; x_wconf 78' lang='lat' dir='ltr'><strong>Joan.</strong></span> <span class='ocrx_word' id='word_1_790' title='bbox 600 2385 648 2410; x_wconf 73' lang='grc' dir='ltr'>χιι,</span> <span class='ocrx_word' id='word_1_791' title='bbox 665 2378 710 2405; x_wconf 70' lang='grc'><strong>24.</strong></span> <span class='ocrx_word' id='word_1_792' title='bbox 750 2379 771 2394; x_wconf 79' lang='grc'>⁸³</span> <span class='ocrx_word' id='word_1_793' title='bbox 789 2379 868 2406; x_wconf 78' lang='lat' dir='ltr'><strong>Itoni.</strong></span> <span class='ocrx_word' id='word_1_794' title='bbox 885 2387 922 2413; x_wconf 85' lang='lat' dir='ltr'><strong>tx,</strong></span> <span class='ocrx_word' id='word_1_795' title='bbox 941 2380 985 2408; x_wconf 78' lang='lat'><strong>50.</strong></span> 
     </span>
    </p>
   </div>
   <div class='ocr_carea' id='block_1_67' title="bbox 19 2426 1086 2463">
    <p class='ocr_par' dir='ltr' id='par_1_67' title="bbox 19 2426 1086 2463">
     <span class='ocr_line' id='line_1_67' title="bbox 19 2426 1086 2463; baseline -0.001 -8"><span class='ocrx_word' id='word_1_796' title='bbox 19 2429 73 2463; x_wconf 78' lang='lat'><strong>(59)</strong></span> <span class='ocrx_word' id='word_1_797' title='bbox 90 2427 259 2463; x_wconf 75' lang='lat' dir='ltr'><strong>Saludiauus.</strong></span> <span class='ocrx_word' id='word_1_798' title='bbox 284 2435 293 2452; x_wconf 82' lang='lat' dir='ltr'><strong>t</strong></span> <span class='ocrx_word' id='word_1_799' title='bbox 312 2426 487 2463; x_wconf 72' lang='lat' dir='ltr'><strong>Postca__qtt:e</strong></span> <span class='ocrx_word' id='word_1_800' title='bbox 511 2433 559 2460; x_wconf 89' lang='lat' dir='ltr'><strong>per</strong></span> <span class='ocrx_word' id='word_1_801' title='bbox 583 2426 628 2463; x_wconf 71' lang='lat' dir='ltr'><strong>Dei</strong></span> <span class='ocrx_word' id='word_1_802' title='bbox 655 2427 765 2462; x_wconf 89' lang='lat' dir='ltr'><strong>sapieu-</strong></span> <span class='ocrx_word' id='word_1_803' title='bbox 816 2428 938 2455; x_wconf 89' lang='lat' dir='ltr'><strong>continet</strong></span> <span class='ocrx_word' id='word_1_804' title='bbox 954 2435 1052 2456; x_wconf 84' lang='lat' dir='ltr'><strong>sermo.</strong></span> <span class='ocrx_word' id='word_1_805' title='bbox 1077 2438 1086 2454; x_wconf 77' lang='grc' dir='ltr'><strong>ι</strong></span> 
     </span>
    </p>
   </div>
   <div class='ocr_carea' id='block_1_68' title="bbox 2 2461 1516 2499">
    <p class='ocr_par' dir='ltr' id='par_1_68' title="bbox 2 2461 1516 2499">
     <span class='ocr_line' id='line_1_68' title="bbox 2 2461 1516 2499; baseline 0.003 -10"><span class='ocrx_word' id='word_1_806' title='bbox 2 2461 137 2496; x_wconf 56' lang='lat' dir='ltr'><strong>umquam</strong></span> <span class='ocrx_word' id='word_1_807' title='bbox 156 2462 284 2499; x_wconf 81' lang='lat' dir='ltr'><strong>loquitur,</strong></span> <span class='ocrx_word' id='word_1_808' title='bbox 299 2470 311 2499; x_wconf 63' lang='grc' dir='ltr'><strong>ι</strong></span> <span class='ocrx_word' id='word_1_809' title='bbox 328 2467 383 2499; x_wconf 78' lang='lat' dir='ltr'><strong>etc.</strong></span> <span class='ocrx_word' id='word_1_810' title='bbox 405 2461 545 2493; x_wconf 76' lang='lat' dir='ltr'><strong>Merliuus,</strong></span> <span class='ocrx_word' id='word_1_811' title='bbox 564 2471 579 2499; x_wconf 54' lang='grc' dir='ltr'>ε</span> <span class='ocrx_word' id='word_1_812' title='bbox 593 2461 688 2499; x_wconf 61' lang='lat' dir='ltr'><strong>Postea</strong></span> <span class='ocrx_word' id='word_1_813' title='bbox 705 2470 765 2497; x_wconf 66' lang='lat' dir='ltr'><strong>quae</strong></span> <span class='ocrx_word' id='word_1_814' title='bbox 853 2463 911 2499; x_wconf 72' lang='lat'><strong>(425)</strong></span> <span class='ocrx_word' id='word_1_815' title='bbox 929 2464 1009 2496; x_wconf 83' lang='lat' dir='ltr'><strong>Editi,</strong></span> <span class='ocrx_word' id='word_1_816' title='bbox 1027 2474 1035 2488; x_wconf 79' lang='grc' dir='ltr'><strong>ι</strong></span> <span class='ocrx_word' id='word_1_817' title='bbox 1053 2463 1145 2499; x_wconf 84' lang='lat' dir='ltr'><strong>paucis</strong></span> <span class='ocrx_word' id='word_1_818' title='bbox 1158 2470 1225 2490; x_wconf 87' lang='lat' dir='ltr'><strong>nexa</strong></span> <span class='ocrx_word' id='word_1_819' title='bbox 1238 2464 1422 2499; x_wconf 78' lang='lat' dir='ltr'><strong>sermonibus,</strong></span> <span class='ocrx_word' id='word_1_820' title='bbox 1437 2474 1446 2492; x_wconf 76' lang='grc' dir='ltr'><strong>ι</strong></span> <span class='ocrx_word' id='word_1_821' title='bbox 1463 2469 1516 2493; x_wconf 87' lang='lat' dir='ltr'><strong>etc.</strong></span> 
     </span>
    </p>
   </div>
   <div class='ocr_carea' id='block_1_69' title="bbox 2 2496 1606 2536">
    <p class='ocr_par' dir='ltr' id='par_1_69' title="bbox 2 2496 1606 2536">
     <span class='ocr_line' id='line_1_69' title="bbox 2 2496 1606 2536; baseline 0.002 -11"><span class='ocrx_word' id='word_1_822' title='bbox 2 2508 30 2536; x_wconf 69' lang='lat' dir='ltr'><strong>cr</strong></span> <span class='ocrx_word' id='word_1_823' title='bbox 53 2499 98 2525; x_wconf 84' lang='lat' dir='ltr'><strong>Det</strong></span> <span class='ocrx_word' id='word_1_824' title='bbox 120 2496 461 2536; x_wconf 37' lang='lat' dir='ltr'><strong>sapieittiatu‘loquitur,_t</strong></span> <span class='ocrx_word' id='word_1_825' title='bbox 484 2501 537 2536; x_wconf 78' lang='lat' dir='ltr'><strong>etc.</strong></span> <span class='ocrx_word' id='word_1_826' title='bbox 560 2496 763 2529; x_wconf 76' lang='lat' dir='ltr'><strong>Gcttebrardtts,</strong></span> <span class='ocrx_word' id='word_1_827' title='bbox 834 2496 910 2536; x_wconf 51' lang='grc' dir='ltr'><strong>Δ(ιὶ4)</strong></span> <span class='ocrx_word' id='word_1_828' title='bbox 928 2499 1010 2536; x_wconf 81' lang='lat' dir='ltr'><strong>Editi,</strong></span> <span class='ocrx_word' id='word_1_829' title='bbox 1034 2496 1134 2533; x_wconf 57' lang='lat' dir='ltr'><strong>(quod</strong></span> <span class='ocrx_word' id='word_1_830' title='bbox 1163 2504 1206 2525; x_wconf 83' lang='lat' dir='ltr'><strong>est</strong></span> <span class='ocrx_word' id='word_1_831' title='bbox 1225 2498 1361 2527; x_wconf 78' lang='lat' dir='ltr'><strong>Christus.</strong></span> <span class='ocrx_word' id='word_1_832' title='bbox 1389 2496 1447 2527; x_wconf 73' lang='lat' dir='ltr'><strong>Neu</strong></span> <span class='ocrx_word' id='word_1_833' title='bbox 1473 2507 1539 2536; x_wconf 77' lang='lat' dir='ltr'><strong>ergo</strong></span> <span class='ocrx_word' id='word_1_834' title='bbox 1564 2505 1606 2529; x_wconf 82' lang='lat' dir='ltr'><strong>est</strong></span> 
     </span>
    </p>
   </div>
   <div class='ocr_carea' id='block_1_70' title="bbox 21 2531 1095 2568">
    <p class='ocr_par' dir='ltr' id='par_1_70' title="bbox 21 2531 1095 2568">
     <span class='ocr_line' id='line_1_70' title="bbox 21 2531 1095 2568; baseline 0.001 -8"><span class='ocrx_word' id='word_1_835' title='bbox 21 2531 196 2566; x_wconf 72' lang='lat' dir='ltr'><strong>Posteaquam</strong></span> <span class='ocrx_word' id='word_1_836' title='bbox 211 2531 322 2568; x_wconf 17' lang='lat' dir='ltr'><strong>peerei</strong></span> <span class='ocrx_word' id='word_1_837' title='bbox 334 2531 495 2565; x_wconf 80' lang='lat' dir='ltr'><strong>sapientiam</strong></span> <span class='ocrx_word' id='word_1_838' title='bbox 512 2531 629 2568; x_wconf 85' lang='lat' dir='ltr'><strong>loeutus,</strong></span> <span class='ocrx_word' id='word_1_839' title='bbox 649 2540 658 2557; x_wconf 85' lang='grc'><strong>›</strong></span> <span class='ocrx_word' id='word_1_840' title='bbox 673 2537 727 2560; x_wconf 90' lang='lat' dir='ltr'><strong>etc.</strong></span> <span class='ocrx_word' id='word_1_841' title='bbox 815 2531 905 2564; x_wconf 57' lang='lat' dir='ltr'><strong>aliud,</strong></span> <span class='ocrx_word' id='word_1_842' title='bbox 918 2535 1001 2568; x_wconf 85' lang='lat' dir='ltr'><strong>quod,</strong></span> <span class='ocrx_word' id='word_1_843' title='bbox 1017 2543 1027 2560; x_wconf 71' lang='grc' dir='ltr'><strong>ι</strong></span> <span class='ocrx_word' id='word_1_844' title='bbox 1041 2531 1095 2561; x_wconf 77' lang='lat' dir='ltr'><strong>etc.</strong></span> 
     </span>
    </p>
   </div>
   <div class='ocr_carea' id='block_1_71' title="bbox 19 2567 1190 2605">
    <p class='ocr_par' dir='ltr' id='par_1_71' title="bbox 19 2567 1190 2605">
     <span class='ocr_line' id='line_1_71' title="bbox 19 2567 1190 2605; baseline 0 -11"><span class='ocrx_word' id='word_1_845' title='bbox 19 2569 72 2605; x_wconf 72' lang='grc'><strong>(40)</strong></span> <span class='ocrx_word' id='word_1_846' title='bbox 90 2567 184 2605; x_wconf 20' lang='grc' dir='ltr'><strong>νΕιιὶιὶ,</strong></span> <span class='ocrx_word' id='word_1_847' title='bbox 216 2575 225 2592; x_wconf 80' lang='grc' dir='ltr'><strong>ι</strong></span> <span class='ocrx_word' id='word_1_848' title='bbox 254 2567 433 2605; x_wconf 69' lang='lat' dir='ltr'><strong>thesaurizat,</strong></span> <span class='ocrx_word' id='word_1_849' title='bbox 452 2576 469 2605; x_wconf 70' lang='lat'><strong>_)</strong></span> <span class='ocrx_word' id='word_1_850' title='bbox 496 2571 524 2605; x_wconf 76' lang='lat' dir='ltr'><strong>et</strong></span> <span class='ocrx_word' id='word_1_851' title='bbox 545 2567 677 2605; x_wconf 60' lang='lat' dir='ltr'><strong>omittunt</strong></span> <span class='ocrx_word' id='word_1_852' title='bbox 701 2575 763 2605; x_wconf 78' lang='lat' dir='ltr'><strong>cum</strong></span> <span class='ocrx_word' id='word_1_853' title='bbox 854 2569 911 2603; x_wconf 64' lang='lat' dir='ltr'><strong>(i5)</strong></span> <span class='ocrx_word' id='word_1_854' title='bbox 927 2567 1002 2605; x_wconf 54' lang='lat' dir='ltr'><strong>Alias</strong></span> <span class='ocrx_word' id='word_1_855' title='bbox 1018 2579 1027 2596; x_wconf 82' lang='grc' dir='ltr'><strong>ι</strong></span> <span class='ocrx_word' id='word_1_856' title='bbox 1042 2570 1161 2597; x_wconf 83' lang='lat' dir='ltr'><strong>fuerunt.</strong></span> <span class='ocrx_word' id='word_1_857' title='bbox 1181 2578 1190 2595; x_wconf 73' lang='grc' dir='ltr'><strong>ι</strong></span> 
     </span>
    </p>
   </div>
   <div class='ocr_carea' id='block_1_72' title="bbox 2 2602 723 2640">
    <p class='ocr_par' dir='ltr' id='par_1_72' title="bbox 2 2602 723 2640">
     <span class='ocr_line' id='line_1_72' title="bbox 2 2602 723 2640; baseline 0.001 -13"><span class='ocrx_word' id='word_1_858' title='bbox 2 2612 48 2630; x_wconf 62' lang='lat' dir='ltr'><strong>uss.</strong></span> <span class='ocrx_word' id='word_1_859' title='bbox 62 2602 214 2640; x_wconf 78' lang='lat' dir='ltr'><strong>plerisque,</strong></span> <span class='ocrx_word' id='word_1_860' title='bbox 233 2610 243 2628; x_wconf 72' lang='grc' dir='ltr'><strong>ι</strong></span> <span class='ocrx_word' id='word_1_861' title='bbox 261 2602 322 2637; x_wconf 85' lang='lat' dir='ltr'><strong>ipsi,</strong></span> <span class='ocrx_word' id='word_1_862' title='bbox 339 2611 348 2627; x_wconf 85' lang='lat' dir='ltr'><strong>I</strong></span> <span class='ocrx_word' id='word_1_863' title='bbox 365 2606 408 2640; x_wconf 63' lang='lat' dir='ltr'><strong>et,</strong></span> <span class='ocrx_word' id='word_1_864' title='bbox 423 2609 434 2640; x_wconf 59' lang='grc' dir='ltr'><strong>ι</strong></span> <span class='ocrx_word' id='word_1_865' title='bbox 452 2602 539 2640; x_wconf 88' lang='lat' dir='ltr'><strong>iu_die</strong></span> <span class='ocrx_word' id='word_1_866' title='bbox 553 2602 610 2629; x_wconf 69' lang='lat' dir='ltr'><strong>irae.</strong></span> <span class='ocrx_word' id='word_1_867' title='bbox 633 2610 646 2640; x_wconf 59' lang='grc' dir='ltr'><strong>ι</strong></span> <span class='ocrx_word' id='word_1_868' title='bbox 661 2602 723 2628; x_wconf 88' lang='lat' dir='ltr'><strong>Dein</strong></span> 
     </span>
    </p>
   </div>
   <div class='ocr_carea' id='block_1_73' title="bbox 554 2602 1275 2640">
    <p class='ocr_par' dir='ltr' id='par_1_73' title="bbox 554 2602 1275 2640">
     <span class='ocr_line' id='line_1_73' title="bbox 554 2602 1275 2640; baseline 0.003 -12"><span class='ocrx_word' id='word_1_869' title='bbox 554 2602 610 2629; x_wconf 69' lang='lat' dir='ltr'><strong>irae.</strong></span> <span class='ocrx_word' id='word_1_870' title='bbox 633 2602 763 2640; x_wconf 53' lang='lat' dir='ltr'><strong>{Deinde</strong></span> <span class='ocrx_word' id='word_1_871' title='bbox 854 2604 910 2640; x_wconf 76' lang='grc'><strong>(46)</strong></span> <span class='ocrx_word' id='word_1_872' title='bbox 928 2604 1007 2636; x_wconf 79' lang='lat' dir='ltr'><strong>Editi,</strong></span> <span class='ocrx_word' id='word_1_873' title='bbox 1027 2614 1036 2630; x_wconf 83' lang='grc'><em>‹</em></span> <span class='ocrx_word' id='word_1_874' title='bbox 1055 2610 1130 2640; x_wconf 56' lang='lat' dir='ltr'><strong>piter</strong></span> <span class='ocrx_word' id='word_1_875' title='bbox 1145 2611 1248 2631; x_wconf 89' lang='lat' dir='ltr'><strong>eorum.</strong></span> <span class='ocrx_word' id='word_1_876' title='bbox 1267 2613 1275 2630; x_wconf 80' lang='grc' dir='ltr'><strong>ι</strong></span> 
     </span>
    </p>
   </div>
   <div class='ocr_carea' id='block_1_74' title="bbox 2 2637 1601 2673">
    <p class='ocr_par' dir='ltr' id='par_1_74' title="bbox 2 2637 1601 2673">
     <span class='ocr_line' id='line_1_74' title="bbox 2 2637 1601 2673; baseline 0.001 -9"><span class='ocrx_word' id='word_1_877' title='bbox 2 2640 59 2665; x_wconf 77' lang='lat' dir='ltr'><strong>idem</strong></span> <span class='ocrx_word' id='word_1_878' title='bbox 71 2637 137 2666; x_wconf 77' lang='lat' dir='ltr'><strong>editi</strong></span> <span class='ocrx_word' id='word_1_879' title='bbox 154 2639 273 2669; x_wconf 84' lang='lat' dir='ltr'><strong>habent,</strong></span> <span class='ocrx_word' id='word_1_880' title='bbox 294 2645 303 2663; x_wconf 80' lang='grc' dir='ltr'><strong>ι</strong></span> <span class='ocrx_word' id='word_1_881' title='bbox 321 2643 384 2663; x_wconf 89' lang='lat' dir='ltr'><strong>sttttt</strong></span> <span class='ocrx_word' id='word_1_882' title='bbox 402 2637 428 2664; x_wconf 87' lang='lat' dir='ltr'><strong>lti</strong></span> <span class='ocrx_word' id='word_1_883' title='bbox 444 2637 489 2672; x_wconf 88' lang='lat' dir='ltr'><strong>qui</strong></span> <span class='ocrx_word' id='word_1_884' title='bbox 503 2645 533 2664; x_wconf 86' lang='lat' dir='ltr'><strong>se</strong></span> <span class='ocrx_word' id='word_1_885' title='bbox 545 2637 764 2665; x_wconf 79' lang='lat' dir='ltr'><strong>emuttdateruut</strong></span> <span class='ocrx_word' id='word_1_886' title='bbox 855 2637 911 2672; x_wconf 67' lang='grc'><strong>(47)</strong></span> <span class='ocrx_word' id='word_1_887' title='bbox 930 2639 979 2666; x_wconf 81' lang='lat' dir='ltr'><strong>Ms.</strong></span> <span class='ocrx_word' id='word_1_888' title='bbox 997 2637 1065 2666; x_wconf 81' lang='lat' dir='ltr'><strong>unus</strong></span> <span class='ocrx_word' id='word_1_889' title='bbox 1082 2639 1202 2673; x_wconf 58' lang='lat' dir='ltr'><strong>lit-gius,</strong></span> <span class='ocrx_word' id='word_1_890' title='bbox 1228 2648 1237 2664; x_wconf 80' lang='grc' dir='ltr'><strong>ι</strong></span> <span class='ocrx_word' id='word_1_891' title='bbox 1255 2640 1341 2673; x_wconf 86' lang='lat' dir='ltr'><strong>ipsum</strong></span> <span class='ocrx_word' id='word_1_892' title='bbox 1363 2640 1450 2667; x_wconf 88' lang='lat' dir='ltr'><strong>solum</strong></span> <span class='ocrx_word' id='word_1_893' title='bbox 1470 2645 1570 2668; x_wconf 82' lang='lat' dir='ltr'><strong>manet.</strong></span> <span class='ocrx_word' id='word_1_894' title='bbox 1591 2649 1601 2666; x_wconf 89' lang='lat' dir='ltr'><strong>I</strong></span> 
     </span>
    </p>
   </div>
   <div class='ocr_carea' id='block_1_75' title="bbox 6 2674 1604 2709">
    <p class='ocr_par' dir='ltr' id='par_1_75' title="bbox 6 2674 1604 2709">
     <span class='ocr_line' id='line_1_75' title="bbox 6 2674 1604 2709; baseline 0.003 -9"><span class='ocrx_word' id='word_1_895' title='bbox 6 2674 78 2709; x_wconf 12' lang='lat' dir='ltr'><strong>bibis,</strong></span> <span class='ocrx_word' id='word_1_896' title='bbox 92 2679 163 2700; x_wconf 81' lang='lat' dir='ltr'><strong>eL...</strong></span> <span class='ocrx_word' id='word_1_897' title='bbox 179 2676 423 2709; x_wconf 54' lang='lat' dir='ltr'><strong>preparaverunt.)</strong></span> <span class='ocrx_word' id='word_1_898' title='bbox 526 2707 531 2709; x_wconf 23' lang='grc' dir='ltr'><em>α</em></span> <span class='ocrx_word' id='word_1_899' title='bbox 622 2707 628 2709; x_wconf 89' lang='lat'>_</span> <span class='ocrx_word' id='word_1_900' title='bbox 711 2707 716 2709; x_wconf 97' lang='lat'>_</span> <span class='ocrx_word' id='word_1_901' title='bbox 818 2674 895 2701; x_wconf 79' lang='lat' dir='ltr'><strong>Alter</strong></span> <span class='ocrx_word' id='word_1_902' title='bbox 910 2675 1010 2708; x_wconf 73' lang='lat' dir='ltr'><strong>Regius</strong></span> <span class='ocrx_word' id='word_1_903' title='bbox 1027 2683 1100 2701; x_wconf 88' lang='lat' dir='ltr'><strong>ttttm.</strong></span> <span class='ocrx_word' id='word_1_904' title='bbox 1115 2674 1194 2705; x_wconf 75' lang='grc'><strong>1659,</strong></span> <span class='ocrx_word' id='word_1_905' title='bbox 1212 2684 1221 2699; x_wconf 80' lang='grc' dir='ltr'><strong>ι</strong></span> <span class='ocrx_word' id='word_1_906' title='bbox 1242 2674 1359 2702; x_wconf 85' lang='lat' dir='ltr'><strong>fructum</strong></span> <span class='ocrx_word' id='word_1_907' title='bbox 1379 2683 1432 2702; x_wconf 90' lang='lat' dir='ltr'><strong>non</strong></span> <span class='ocrx_word' id='word_1_908' title='bbox 1447 2675 1544 2703; x_wconf 73' lang='lat' dir='ltr'><strong>afferet</strong></span> <span class='ocrx_word' id='word_1_909' title='bbox 1560 2694 1604 2704; x_wconf 85' lang='lat'><strong>....</strong></span> 
     </span>
    </p>
   </div>
   <div class='ocr_carea' id='block_1_76' title="bbox 20 2707 1605 2744">
    <p class='ocr_par' dir='ltr' id='par_1_76' title="bbox 20 2707 1605 2744">
     <span class='ocr_line' id='line_1_76' title="bbox 20 2707 1605 2744; baseline 0.001 -8"><span class='ocrx_word' id='word_1_910' title='bbox 20 2707 75 2744; x_wconf 57' lang='lat' dir='ltr'><strong>(ili</strong></span> <span class='ocrx_word' id='word_1_911' title='bbox 91 2709 138 2735; x_wconf 73' lang='lat' dir='ltr'><strong>Ms.</strong></span> <span class='ocrx_word' id='word_1_912' title='bbox 159 2707 378 2744; x_wconf 28' lang='lat' dir='ltr'><strong>unus,_¢ﬂetiam</strong></span> <span class='ocrx_word' id='word_1_913' title='bbox 402 2707 428 2734; x_wconf 92' lang='lat' dir='ltr'><strong>in</strong></span> <span class='ocrx_word' id='word_1_914' title='bbox 445 2707 587 2744; x_wconf 25' lang='lat' dir='ltr'><strong>Wpropbeta</strong></span> <span class='ocrx_word' id='word_1_915' title='bbox 613 2707 689 2735; x_wconf 89' lang='lat' dir='ltr'><strong>ducet</strong></span> <span class='ocrx_word' id='word_1_916' title='bbox 711 2707 762 2735; x_wconf 89' lang='lat' dir='ltr'><strong>ltoc</strong></span> <span class='ocrx_word' id='word_1_917' title='bbox 818 2708 935 2736; x_wconf 84' lang='lat' dir='ltr'><strong>fructum</strong></span> <span class='ocrx_word' id='word_1_918' title='bbox 952 2707 1095 2743; x_wconf 73' lang='lat' dir='ltr'><strong>plurimum</strong></span> <span class='ocrx_word' id='word_1_919' title='bbox 1114 2709 1219 2736; x_wconf 81' lang='lat' dir='ltr'><strong>alleret.</strong></span> <span class='ocrx_word' id='word_1_920' title='bbox 1239 2719 1249 2735; x_wconf 76' lang='grc' dir='ltr'><strong>ι</strong></span> <span class='ocrx_word' id='word_1_921' title='bbox 1276 2710 1329 2737; x_wconf 87' lang='lat' dir='ltr'><strong>Sed</strong></span> <span class='ocrx_word' id='word_1_922' title='bbox 1345 2711 1434 2738; x_wconf 67' lang='lat' dir='ltr'><strong>cwteri</strong></span> <span class='ocrx_word' id='word_1_923' title='bbox 1451 2719 1533 2743; x_wconf 83' lang='lat' dir='ltr'><strong>tuss.,</strong></span> <span class='ocrx_word' id='word_1_924' title='bbox 1549 2709 1605 2738; x_wconf 77' lang='lat' dir='ltr'><strong>Ra-</strong></span> 
     </span>
    </p>
   </div>
   <div class='ocr_carea' id='block_1_77' title="bbox 2 2741 1321 2780">
    <p class='ocr_par' dir='ltr' id='par_1_77' title="bbox 2 2741 1321 2780">
     <span class='ocr_line' id='line_1_77' title="bbox 2 2741 1321 2780; baseline 0.002 -11"><span class='ocrx_word' id='word_1_925' title='bbox 2 2741 44 2771; x_wconf 53' lang='lat'><strong>1.3.:</strong></span> <span class='ocrx_word' id='word_1_926' title='bbox 60 2741 201 2780; x_wconf 61' lang='lat' dir='ltr'><strong>scriptum.</strong></span> <span class='ocrx_word' id='word_1_927' title='bbox 221 2751 230 2768; x_wconf 81' lang='grc' dir='ltr'><strong>ι</strong></span> <span class='ocrx_word' id='word_1_928' title='bbox 249 2741 320 2780; x_wconf 81' lang='lat' dir='ltr'><strong>Ed_it_i</strong></span> <span class='ocrx_word' id='word_1_929' title='bbox 342 2749 418 2780; x_wconf 79' lang='lat' dir='ltr'><strong>vero,</strong></span> <span class='ocrx_word' id='word_1_930' title='bbox 439 2742 572 2780; x_wconf 14' lang='lat' dir='ltr'><strong>illati-anus</strong></span> <span class='ocrx_word' id='word_1_931' title='bbox 585 2747 612 2768; x_wconf 90' lang='lat' dir='ltr'><strong>et</strong></span> <span class='ocrx_word' id='word_1_932' title='bbox 628 2744 672 2769; x_wconf 83' lang='lat' dir='ltr'><strong>alii</strong></span> <span class='ocrx_word' id='word_1_933' title='bbox 686 2750 761 2780; x_wconf 84' lang='lat' dir='ltr'><strong>mss.</strong></span> <span class='ocrx_word' id='word_1_934' title='bbox 818 2745 904 2771; x_wconf 53' lang='lat' dir='ltr'><strong>bauns</strong></span> <span class='ocrx_word' id='word_1_935' title='bbox 921 2741 1026 2780; x_wconf 40' lang='lat' dir='ltr'><strong>et‘editi</strong></span> <span class='ocrx_word' id='word_1_936' title='bbox 1044 2749 1073 2771; x_wconf 90' lang='lat' dir='ltr'><strong>ut</strong></span> <span class='ocrx_word' id='word_1_937' title='bbox 1085 2745 1111 2770; x_wconf 93' lang='lat' dir='ltr'><strong>in</strong></span> <span class='ocrx_word' id='word_1_938' title='bbox 1128 2751 1220 2771; x_wconf 83' lang='lat' dir='ltr'><strong>nostro</strong></span> <span class='ocrx_word' id='word_1_939' title='bbox 1236 2750 1321 2772; x_wconf 77' lang='lat' dir='ltr'><strong>textu.</strong></span> 
     </span>
    </p>
   </div>
   <div class='ocr_carea' id='block_1_78' title="bbox 2 2777 1602 2815">
    <p class='ocr_par' dir='ltr' id='par_1_78' title="bbox 2 2777 1602 2815">
     <span class='ocr_line' id='line_1_78' title="bbox 2 2777 1602 2815; baseline 0.003 -12"><span class='ocrx_word' id='word_1_940' title='bbox 2 2780 48 2806; x_wconf 85' lang='lat' dir='ltr'><strong>ttin</strong></span> <span class='ocrx_word' id='word_1_941' title='bbox 61 2777 151 2806; x_wconf 76' lang='lat' dir='ltr'><strong>nostro</strong></span> <span class='ocrx_word' id='word_1_942' title='bbox 164 2782 249 2815; x_wconf 84' lang='lat' dir='ltr'><strong>textu,</strong></span> <span class='ocrx_word' id='word_1_943' title='bbox 265 2777 316 2805; x_wconf 86' lang='lat' dir='ltr'><strong>nisi</strong></span> <span class='ocrx_word' id='word_1_944' title='bbox 328 2778 398 2812; x_wconf 89' lang='lat' dir='ltr'><strong>quod</strong></span> <span class='ocrx_word' id='word_1_945' title='bbox 412 2777 477 2805; x_wconf 83' lang='lat' dir='ltr'><strong>editi</strong></span> <span class='ocrx_word' id='word_1_946' title='bbox 490 2778 624 2805; x_wconf 78' lang='lat' dir='ltr'><strong>ltubeutttt</strong></span> <span class='ocrx_word' id='word_1_947' title='bbox 639 2779 737 2813; x_wconf 80' lang='lat' dir='ltr'><strong>scripta</strong></span> <span class='ocrx_word' id='word_1_948' title='bbox 749 2787 758 2804; x_wconf 73' lang='grc' dir='ltr'><strong>ι</strong></span> <span class='ocrx_word' id='word_1_949' title='bbox 853 2779 909 2815; x_wconf 62' lang='lat'><strong>($8)</strong></span> <span class='ocrx_word' id='word_1_950' title='bbox 926 2779 990 2806; x_wconf 70' lang='lat' dir='ltr'><strong>Mss.</strong></span> <span class='ocrx_word' id='word_1_951' title='bbox 1004 2779 1069 2811; x_wconf 85' lang='lat' dir='ltr'><strong>duo,</strong></span> <span class='ocrx_word' id='word_1_952' title='bbox 1088 2788 1096 2804; x_wconf 74' lang='grc' dir='ltr'><strong>ι</strong></span> <span class='ocrx_word' id='word_1_953' title='bbox 1111 2785 1263 2806; x_wconf 71' lang='lat' dir='ltr'><strong>consecuta:</strong></span> <span class='ocrx_word' id='word_1_954' title='bbox 1279 2785 1341 2808; x_wconf 88' lang='lat' dir='ltr'><strong>sunt</strong></span> <span class='ocrx_word' id='word_1_955' title='bbox 1351 2780 1514 2815; x_wconf 62' lang='lat' dir='ltr'><strong>jttstitiam.’</strong></span> <span class='ocrx_word' id='word_1_956' title='bbox 1531 2779 1602 2807; x_wconf 78' lang='lat' dir='ltr'><strong>Editi</strong></span> 
     </span>
    </p>
   </div>
   <div class='ocr_carea' id='block_1_79' title="bbox 2 2814 1603 2851">
    <p class='ocr_par' dir='ltr' id='par_1_79' title="bbox 2 2814 1603 2851">
     <span class='ocr_line' id='line_1_79' title="bbox 2 2814 1603 2851; baseline 0.004 -14"><span class='ocrx_word' id='word_1_957' title='bbox 2 2822 55 2841; x_wconf 71' lang='grc' dir='ltr'>ποι</span> <span class='ocrx_word' id='word_1_958' title='bbox 72 2814 235 2851; x_wconf 68' lang='lat' dir='ltr'><strong>prtescripta.</strong></span> <span class='ocrx_word' id='word_1_959' title='bbox 254 2821 284 2851; x_wconf 55' lang='grc' dir='ltr'>ι-</span> <span class='ocrx_word' id='word_1_960' title='bbox 311 2847 317 2851; x_wconf 91' lang='lat'><strong><em>_</em></strong></span> <span class='ocrx_word' id='word_1_961' title='bbox 424 2848 493 2851; x_wconf 86' lang='lat'><strong>__</strong></span> <span class='ocrx_word' id='word_1_962' title='bbox 626 2847 644 2851; x_wconf 89' lang='lat'><strong>__</strong></span> <span class='ocrx_word' id='word_1_963' title='bbox 815 2819 841 2851; x_wconf 73' lang='lat' dir='ltr'><strong>et</strong></span> <span class='ocrx_word' id='word_1_964' title='bbox 859 2814 911 2851; x_wconf 71' lang='lat' dir='ltr'><strong>ius.</strong></span> <span class='ocrx_word' id='word_1_965' title='bbox 934 2822 1019 2851; x_wconf 84' lang='lat' dir='ltr'><strong>unus,</strong></span> <span class='ocrx_word' id='word_1_966' title='bbox 1046 2823 1055 2839; x_wconf 83' lang='grc' dir='ltr'><strong>ι</strong></span> <span class='ocrx_word' id='word_1_967' title='bbox 1084 2815 1323 2848; x_wconf 84' lang='lat' dir='ltr'><strong>apprehenderqu</strong></span> <span class='ocrx_word' id='word_1_968' title='bbox 1342 2814 1488 2851; x_wconf 79' lang='lat' dir='ltr'><strong>justitiam.</strong></span> <span class='ocrx_word' id='word_1_969' title='bbox 1515 2824 1527 2843; x_wconf 76' lang='grc' dir='ltr'><strong>ι</strong></span> <span class='ocrx_word' id='word_1_970' title='bbox 1549 2816 1603 2844; x_wconf 79' lang='lat' dir='ltr'><strong>Sed</strong></span> 
     </span>
    </p>
   </div>
   <div class='ocr_carea' id='block_1_80' title="bbox 24 2847 1238 2886">
    <p class='ocr_par' dir='ltr' id='par_1_80' title="bbox 24 2847 1238 2886">
     <span class='ocr_line' id='line_1_80' title="bbox 24 2847 1238 2886; baseline 0 -9"><span class='ocrx_word' id='word_1_971' title='bbox 24 2847 77 2886; x_wconf 49' lang='grc' dir='ltr'>(ιιι</span> <span class='ocrx_word' id='word_1_972' title='bbox 87 2849 132 2877; x_wconf 89' lang='lat' dir='ltr'><strong>Sic</strong></span> <span class='ocrx_word' id='word_1_973' title='bbox 146 2856 209 2886; x_wconf 72' lang='lat' dir='ltr'><strong>mss.</strong></span> <span class='ocrx_word' id='word_1_974' title='bbox 223 2852 251 2875; x_wconf 91' lang='lat' dir='ltr'><strong>et</strong></span> <span class='ocrx_word' id='word_1_975' title='bbox 267 2847 407 2886; x_wconf 68' lang='lat' dir='ltr'><strong>Rabauus.</strong></span> <span class='ocrx_word' id='word_1_976' title='bbox 424 2848 609 2886; x_wconf 9' lang='lat' dir='ltr'><strong>Editiqvcrntc</strong></span> <span class='ocrx_word' id='word_1_977' title='bbox 626 2847 760 2881; x_wconf 80' lang='lat' dir='ltr'><strong>Utrusque</strong></span> <span class='ocrx_word' id='word_1_978' title='bbox 817 2849 945 2877; x_wconf 74' lang='lat' dir='ltr'><strong>ltabanus</strong></span> <span class='ocrx_word' id='word_1_979' title='bbox 963 2855 991 2878; x_wconf 88' lang='lat' dir='ltr'><strong>ut</strong></span> <span class='ocrx_word' id='word_1_980' title='bbox 1006 2850 1032 2876; x_wconf 90' lang='lat' dir='ltr'><strong>iu</strong></span> <span class='ocrx_word' id='word_1_981' title='bbox 1048 2847 1142 2876; x_wconf 82' lang='lat' dir='ltr'><strong>nostro</strong></span> <span class='ocrx_word' id='word_1_982' title='bbox 1156 2854 1238 2877; x_wconf 83' lang='lat' dir='ltr'><strong>textu.</strong></span> 
     </span>
    </p>
   </div>
   <div class='ocr_carea' id='block_1_81' title="bbox 2 2883 758 2921">
    <p class='ocr_par' dir='ltr' id='par_1_81' title="bbox 2 2883 758 2921">
     <span class='ocr_line' id='line_1_81' title="bbox 2 2883 758 2921; baseline -0.001 -12"><span class='ocrx_word' id='word_1_983' title='bbox 2 2883 268 2921; x_wconf 74' lang='lat' dir='ltr'><strong>:uim&#39;prmnissioues</strong></span> <span class='ocrx_word' id='word_1_984' title='bbox 289 2890 350 2918; x_wconf 68' lang='lat' dir='ltr'><strong>quae</strong></span> <span class='ocrx_word' id='word_1_985' title='bbox 370 2885 403 2911; x_wconf 87' lang='lat' dir='ltr'><strong>ad</strong></span> <span class='ocrx_word' id='word_1_986' title='bbox 425 2884 559 2911; x_wconf 72' lang='lat' dir='ltr'><strong>Abraham</strong></span> <span class='ocrx_word' id='word_1_987' title='bbox 590 2883 667 2910; x_wconf 69' lang='lat' dir='ltr'><strong>fut-Le</strong></span> <span class='ocrx_word' id='word_1_988' title='bbox 685 2890 758 2913; x_wconf 75' lang='lat' dir='ltr'><strong>sunt,</strong></span> 
     </span>
    </p>
   </div>
   <div class='ocr_carea' id='block_1_82' title="bbox 18 2308 310 2341">
    <p class='ocr_par' dir='ltr' id='par_1_82' title="bbox 18 2308 310 2341">
     <span class='ocr_line' id='line_1_82' title="bbox 18 2308 310 2341; baseline -0.01 -6"><span class='ocrx_word' id='word_1_989' title='bbox 18 2310 128 2335; x_wconf 63' lang='lat' dir='ltr'><strong>&quot;that.</strong></span> <span class='ocrx_word' id='word_1_990' title='bbox 146 2315 184 2340; x_wconf 73' lang='grc' dir='ltr'>ιι,</span> <span class='ocrx_word' id='word_1_991' title='bbox 200 2308 234 2335; x_wconf 71' lang='grc'><strong>27</strong></span> <span class='ocrx_word' id='word_1_992' title='bbox 252 2314 310 2341; x_wconf 83' lang='lat' dir='ltr'><strong>seq.</strong></span> 
     </span>
    </p>
   </div>
  </div>
