1831 3052
230 138 300 166 “55

965 137 1126 166 ORIGENIS

1774 143 1807 167 1ιῆ

229 207 291 234 quze
313 199 340 225 itt
369 197 559 233 superioribus
583 197 773 229 disseruimus,
805 198 877 232 quod
904 197 1022 224 naturali
1036 199 1060 229 Α
1076 197 1102 224 in
1119 205 1193 230 eunt,
1218 204 1271 225 non
1295 198 1439 226 erubescet
1455 198 1486 226 ⁸⁸.
1501 207 1511 225 t
1529 197 1672 233 Apostolus
1683 204 1808 230 autem”;

227 245 297 279 lege,
315 245 341 272 in
354 253 406 279 qua
420 245 479 271 sine
494 245 577 271 dttbio
591 250 632 271 est
643 249 670 271 et
681 244 798 278 iustitia,
814 249 925 271 utantur
939 245 1022 272 etiam

228 296 333 326 gentes.
355 290 495 324 Quomodo
510 297 577 323 ergo
593 290 636 317 Itic
651 291 716 317 dicit
733 292 796 325 qttia
824 300 834 316 ί
847 295 945 326 gentes
961 298 1023 325 quze

228 345 281 363 non
301 337 480 364 sectabantur
505 336 652 371 justitiam,
677 338 942 372 comprehenderunt
965 337 1021 372 (69)

226 382 378 417 justitiam?
391 391 400 408 ι
423 382 490 409 Vide
505 390 569 417 ergo
596 382 618 410 si
645 383 696 409 hoe
715 383 796 410 modo
817 390 964 418 possumus
985 391 1024 411 re-

228 429 373 463 spondere.
395 428 474 455 Aliud
500 434 540 455 est
567 429 679 461 sectari,
704 428 777 456 aliud
801 429 914 456 insilqu
937 429 1022 456 habe-

229 481 258 501 re
274 473 341 508 (50).
370 473 477 502 Sectari
504 473 605 501 dicitur
632 474 676 501 ille
700 477 744 508 qut
764 482 812 509 per
826 475 976 502 doctrinam
993 480 1022 503 et

231 519 375 548 lectionem
395 519 506 547 multatn
522 520 630 555 assequi
645 520 749 555 aliquid
764 521 838 556 cupit
855 529 862 548 :
877 521 948 548 unde
962 525 989 548 et
1004 528 1019 548 a

230 566 361 594 sectanda
377 571 462 594 sectae
483 566 624 601 appellata:
638 571 701 594 sunt
718 566 871 600 bujusmodi
891 567 1021 594 doctriuze

226 619 287 648 qua;
314 613 455 640 hominum
480 612 626 640 traditione
652 612 805 640 discuntur.
828 613 931 641 Gentes
955 621 1020 648 ergo

228 658 285 693 (5|)
306 658 367 693 quia
392 659 476 693 legem
492 658 590 685 tabulis
614 659 655 686 vel
671 659 747 687 libris
761 660 800 687 sic
821 660 949 694 scriptam
965 668 1018 687 non

227 704 397 736 habuerunt,
424 712 478 732 non
496 704 626 732 dicuntur
650 710 761 732 sectata‘.
777 713 836 734 esse
858 705 991 742 justitiam
1010 715 1017 734 :

228 750 383 777 habui-runt
410 753 498 778 tamen
525 750 646 784 insitam,
664 759 745 786 qttam
768 752 809 779 lex
827 759 873 779 eos
888 752 1018 780 naturalis

227 795 344 822 edocuit.
374 795 476 823 Idcirco
492 804 557 831 ergo
571 797 686 831 proximi
716 797 824 824 fuerunt
844 797 958 832 justitite
983 799 1009 826 ei

227 848 289 874 qua:
305 848 336 867 ex
363 841 414 868 lide
431 845 483 875 est,
500 841 526 868 id
545 846 596 874 est,
620 841 740 870 Christo.
765 851 774 868 ι
786 842 868 869 Israel
895 850 958 869 vero
973 851 1017 869 se—

1076 243 1165 278 pidem
1181 243 1351 276 oﬂ'ension's,
1365 249 1392 272 et
1406 249 1511 280 petram
1531 245 1662 275 scandali,
1674 254 1683 270 ι
1701 246 1729 272 de
1741 248 1778 271 alii.
1789 259 1802 271 ..ι

1075 296 1107 316 eo
1123 289 1207 324 ipsius
1233 290 1309 316 Isaia:
1326 290 1466 325 prophetae
1489 289 1552 317 huic
1567 290 1716 317 testimonio
1729 292 1809 322 iuueni,

1075 335 1102 362 in
1117 344 1171 370 quo
1187 336 1223 363 ita
1247 337 1381 372 scriptum
1394 342 1436 364 est
1459 345 1467 364 :
1487 347 1496 363 ι
1508 336 1542 365 Et
1558 345 1611 366 non
1628 343 1744 372 tanquam
1762 339 1809 371 law

1072 380 1232 408 oﬂen~ionis
1245 381 1395 410 occurretis
1405 381 1441 414 ei,
1459 389 1548 417 neque
1556 387 1584 409 ul
1600 381 1678 416 lapidi
1692 382 1760 410 ruina.
1774 383 1807 412 “n

1072 430 1097 453 et
1116 433 1148 453 ex
1170 431 1285 462 utroque
1311 428 1370 455 loco
1397 435 1546 462 excerpens
1581 435 1640 463 qua:
1667 430 1809 456 assertioniltut

1072 472 1130 500 suis
1158 473 1300 502 commoda
1332 474 1492 502 videbantur
1521 474 1624 509 aptavit
1651 474 1713 510 (56).
1738 475 1809 502 Verum-

1073 520 1164 544 tamen
1182 517 1313 546 Dominus
1327 517 1419 557 Jesus,
1432 526 1514 554 quem
1530 519 1662 554 plurimis,
1677 521 1717 547 sed
1733 521 1809 547 boniset

1073 563 1240 591 salutaribus
1257 564 1416 592 nominibus
1441 565 1600 600 compellari
1627 565 1768 598 invenimus,
1783 566 1809 591 ni-

1073 617 1132 636 rttttt
1160 609 1277 638 fortasse
1295 611 1418 639 videatttr
1441 619 1491 640 cur
1515 612 1542 639 in
1563 613 1616 640 hoc
1644 613 1699 639 loco
1718 614 1809 646 quemdt

1072 655 1141 684 Isaia
1155 657 1286 691 propheta
1309 659 1425 694 sumpsit
1439 658 1598 694 Apostolus.
1622 659 1687 694 lapis
1698 659 1809 687 odettsiont

1073 706 1102 730 et
1117 707 1193 738 petra
1208 703 1330 731 scandali
1347 705 1517 737 nominetur;
1533 712 1594 732 eum
1612 705 1699 739 utique
1713 705 1769 732 bono
1781 706 1809 731 be

1071 748 1153 780 mino.
1172 753 1199 775 et
1218 749 1281 776 boui
1299 749 1388 778 Patris
1411 749 1480 777 It‘ilio
1496 758 1663 785 quaecunque
1687 752 1746 778 bona
1759 757 1778 778 et
1786 759 1809 777 ειη

1070 794 1167 821 lutaria
1181 794 1239 830 (57)
1257 795 1385 823 videntur
1396 796 1516 831 aptanda
1537 796 1603 828 sint.
1622 802 1653 823 ut
1672 804 1728 832 pax,
1748 803 1766 823 et
1786 797 1809 829 in

1071 841 1155 874 stitia,
1175 846 1204 868 et
1226 842 1340 874 veritas,
1358 846 1386 870 et
1403 843 1503 870 ostium
1529 850 1584 877 quo
1609 842 1721 870 intratur
1741 844 1767 869 ad
1783 843 1809 869 Pr

227 892 304 914 etans
331 887 416 922 legem
441 887 563 921 justitim,
592 888 617 915 in
637 888 724 922 legem
742 896 795 915 non
820 890 944 923 pervenit
958 888 990 915 “.
1004 898 1013 914 ι
1034 877 1054 904 Β
1071 892 1150 919 trem,
1174 893 1201 914 et
1216 893 1322 922 pastor,
1342 893 1372 916 et
1388 888 1431 917 leo
1451 889 1485 917 de
1511 889 1581 916 tribu
1597 889 1674 921 Juda,
1695 889 1732 916 vel
1742 890 1809 916 Catulli

227 932 261 960 Et
277 934 320 961 hic
338 933 424 966 locus,
449 934 522 961 sicut
549 942 631 969 supra
659 935 860 962 observandum
887 935 1016 967 diximus,

227 979 255 1008 in
271 987 324 1007 uno
339 981 489 1015 eodemque
503 980 638 1008 versiculo
656 980 764 1008 diverse
787 981 908 1008 nominat
932 981 1017 1016 legem

228 1024 296 1062 (52).
317 1025 427 1053 Certum
445 1031 486 1054 est
496 1026 569 1054 ettim
585 1026 648 1062 quia
664 1027 747 1054 Israel
760 1028 916 1055 sectabatur
931 1027 1016 1062 legem

224 1070 338 1106 iustitiae
352 1071 499 1099 secundum
518 1071 648 1105 litteram,
676 1073 721 1099 sed
736 1073 762 1100 in
787 1073 873 1108 legem
888 1081 941 1101 non
957 1081 1018 1108 per-

225 1118 311 1145 venit.
339 1116 426 1151 Qttatn
446 1118 549 1153 legem?
577 1118 642 1146 Sine
668 1120 749 1146 dubio
775 1120 896 1154 spiritus.
924 1119 1017 1155 Neque

225 1164 297 1191 cuitn
315 1164 366 1191 hoc
383 1164 483 1192 diceret
506 1165 662 1200 Apostolus,
687 1166 748 1199 quia
768 1166 851 1201 legem
871 1174 950 1200 qttatu
973 1173 1017 1193 se-

226 1210 361 1243 ctabatur,
389 1217 416 1238 et
432 1219 512 1246 quam
540 1213 658 1245 tenebat,
676 1217 703 1240 et
728 1221 808 1247 quant
837 1212 963 1244 habebat,
990 1213 1016 1239 iu

227 1256 297 1284 hanc
310 1264 363 1283 tton
381 1258 548 1291 pervenerit.
570 1258 668 1286 Reddit
684 1265 747 1293 ergo
764 1257 907 1290 rationem,
923 1266 973 1285 cur
990 1258 1016 1285 itt

226 1301 311 1337 legem
335 1302 416 1330 Israel
438 1311 490 1331 non
520 1305 638 1339 potuerit
665 1305 817 1338 pervenire.
851 1304 941 1337 «Quia
963 1312 1016 1332 non

224 1354 259 1375 ex
283 1347 345 1380 (Ide,
369 1349 467 1383 inquit,
494 1350 540 1377 sed
567 1350 623 1387 (333)
645 1350 720 1385 quasi
746 1358 778 1378 ex
807 1350 975 1385 operibus".
1004 1360 1013 1376 ι

226 1392 263 1420 De
281 1393 332 1420 (ide
346 1393 448 1422 Christi
463 1399 490 1422 et
514 1397 641 1430 operibus
663 1396 740 1431 legis,
764 1396 872 1424 abunde
889 1397 915 1424 in
933 1397 1016 1424 initiis

225 1438 306 1472 hujus
318 1440 444 1474 Epistolas
458 1441 637 1469 disseruimus
656 1442 712 1477 (5i)
731 1451 736 1469 :
753 1447 779 1469 et
795 1441 855 1469 ideo
872 1450 906 1470 ne
919 1443 1015 1470 eadem

226 1485 326 1518 smpius
353 1485 494 1518 iteremus,
519 1492 681 1521 przesentem
707 1488 794 1514 locum
822 1488 916 1522 paucis
932 1489 1016 1522 ipsius

223 1530 344 1563 Apostoli
375 1531 547 1559 sermonibus
577 1532 757 1566 explicemus,
795 1533 897 1568 quibus
925 1534 1011 1562 dicit:

226 1574 404 1609 «Ignorantes
428 1577 499 1603 enim
517 1577 561 1604 Dei
585 1577 731 1611 justitiam,
753 1583 780 1606 et
796 1586 872 1605 suam
889 1587 1014 1614 quaeren-

224 1624 266 1647 tes
279 1626 407 1653 statuere,
429 1621 546 1656 iustitiae
565 1623 609 1650 Dei
637 1631 690 1650 non
712 1629 775 1651 sunt
791 1624 916 1658 subjecti.
939 1625 1013 1653 Finis

223 1666 297 1694 enim
310 1666 376 1702 legis
386 1667 522 1702 Christus,
537 1669 570 1696 ad
584 1669 717 1704 justitiam
732 1669 806 1697 outni
820 1671 942 1699 credenti
952 1673 984 1698 “.
999 1682 1008 1698 ι

223 1713 291 1746 Quia
306 1721 372 1749 ergo
386 1714 473 1750 legem
495 1716 671 1743 sectabantur
690 1724 741 1743 non
765 1718 912 1745 secundum
928 1726 1010 1754 opera

222 1759 333 1794 iustitiae
350 1761 406 1790 Dei.
430 1761 477 1788 sed
501 1762 648 1789 secundum
663 1769 744 1797 opera
761 1771 815 1790 suae
828 1763 951 1798 justitire,
970 1765 1011 1791 itl-

221 1806 295 1835 circo
320 1815 331 1833 ‹
354 1806 525 1835 οπειιιίωιυιιι
554 1809 580 1835 ltt
613 1809 727 1844 lapidem
769 1809 940 1844 oﬂ'ensiouis,
977 1811 1012 1839 de

221 1859 275 1886 quo
290 1852 422 1887 scriptum
440 1858 482 1881 est
499 1854 556 1890 (55)
572 1861 580 1881 :
596 1854 666 1882 Ecce
684 1863 754 1890 pono
770 1856 795 1882 itt
814 1856 877 1882 Sion
894 1855 1011 1890 lapidem

222 1896 390 1931 offensionis,
417 1902 443 1926 et
463 1904 569 1934 pelrant
594 1901 736 1927 scandali:
763 1906 790 1927 et
819 1902 864 1935 qui
894 1901 1012 1928 credidit

221 1943 249 1970 in
281 1951 361 1976 eum,
393 1952 446 1972 non
477 1946 618 1973 erubescet
637 1946 668 1972 ⁸⁷.
691 1956 700 1972 ι
734 1946 880 1974 Sciendum
920 1953 1009 1974 autent

220 1993 276 2020 est,
299 1989 414 2024 quodin
440 1989 508 2017 Isaia
535 1992 663 2025 propheta
693 1992 743 2019 hoc
769 1993 953 2019 testimoninnt
975 1992 1011 2019 ita

221 2035 349 2070 scriptum
376 2041 440 2064 est:
460 2046 469 2062 ι
485 2036 553 2064 Ecce
578 2045 629 2072 ego
652 2038 769 2065 immitto
797 2039 823 2065 itt
848 2038 1013 2065 fundamen-

221 2084 247 2107 ta
263 2079 328 2108 Sion
356 2081 470 2116 lapidem
497 2083 658 2117 pretiosum,
685 2084 813 2116 electum,
842 2083 1010 2118 angularem,

219 2128 379 2163 pra'clat-um
395 2128 422 2156 in
439 2128 615 2156 fundamenta
638 2130 717 2163 ejus;
743 2134 771 2156 et
796 2129 840 2164 qui
863 2129 1012 2156 crediderit

253 2175 276 2192 “
291 2177 368 2202 ttom.
381 2176 476 2208 tx,5I.
512 2176 536 2193 "
549 2176 627 2204 Rom.
645 2184 682 2208 tx,
698 2177 741 2204 52.
780 2178 802 2193 ⁶⁶
815 2177 890 2204 Rom.
906 2185 930 2203 tt.
944 2177 970 2208 3,
986 2177 1012 2203 4.

220 2210 263 2238 Η.
288 2211 311 2227 ¹⁶
328 2211 426 2240 Psalm.
445 2219 482 2243 tx,
494 2211 544 2244 24;
562 2211 628 2239 alias
642 2219 669 2245 x,
685 2212 710 2239 5.
748 2213 769 2228 ⁷¹
781 2212 875 2239 Matth.
890 2220 967 2243 χχιιι,
986 2212 1029 2238 15.

219 2246 262 2273 15.
297 2247 318 2262 ⁷⁸
336 2247 397 2274 Osc.
416 2254 445 2279 It,
464 2245 491 2274 6.

256 2294 312 2329 (49)
329 2294 416 2326 Editi.
444 2304 454 2321 ι
472 2295 614 2329 Quomodo
628 2303 694 2330 ergo
710 2295 753 2322 hic
770 2295 836 2321 dicit
853 2299 946 2327 gentes
959 2313 1003 2323 ....
1021 2297 1043 2325 D

219 2330 470 2364 comprehendisse,
491 2340 500 2357 ι
519 2337 571 2358 etc.
586 2330 648 2357 Mss.
666 2331 718 2357 dtto
732 2331 832 2357 habent
849 2340 858 2355 ι
880 2337 1005 2364 c0tupre-

220 2364 328 2396 hensas,
344 2372 419 2405 ιρι-ο
438 2374 455 2392 ιι
469 2366 715 2405 comprehendisse.
734 2375 742 2390 ι
757 2366 809 2391 Sed
830 2366 931 2392 rectius
949 2373 1002 2393 ms.

220 2405 290 2424 unus
302 2403 329 2426 et
345 2399 474 2428 liabauns
487 2405 516 2427 ttt
531 2399 557 2427 itt
574 2405 666 2427 nostro
683 2405 766 2428 textu.

256 2433 312 2467 (50)
334 2433 405 2461 Libri
424 2441 503 2462 antea
521 2435 585 2462 editi
596 2455 604 2466 ,
618 2444 627 2460 t
649 2435 727 2462 Aliud
741 2435 838 2462 sectari
852 2456 859 2468 ,
876 2434 947 2461 aliud
963 2434 1004 2466 in-

220 2469 319 2496 sectari
337 2469 446 2497 habere.
464 2479 474 2496 ›
497 2470 561 2498 Mss.
585 2470 638 2496 dtto
659 2475 788 2496 onttttuut
812 2479 821 2495 ι
841 2470 969 2500 insitum,
992 2479 1001 2495 ι

221 2503 291 2564 quod
316 2504 461 2532 restituunt
489 2506 575 2533 codex
592 2505 692 2538 Regius
714 2504 889 2536 uum.1639.
905 2511 930 2532 et
952 2504 1006 2532 Ra-

239 2545 317 2564 anus.

239 2545 317 2564 anus.

257 2572 314 2610 (5|)
334 2572 418 2610 Editi,
434 2583 444 2600 ι
462 2581 534 2610 vero.
557 2583 567 2601 ι
586 2574 619 2601 Ει
631 2580 724 2610 postea
736 2595 742 2606 ,
766 2584 775 2600 ι
790 2575 943 2602 habuerunt
961 2579 1002 2602 ta-

220 2615 282 2634 men
300 2607 379 2634 insita
392 2617 452 2642 quae
464 2609 518 2641 lex.
537 2619 546 2635 ι
563 2615 615 2637 etc.

257 2642 312 2678 (5‘2)
333 2642 378 2670 Sic
396 2649 469 2679 recte
483 2651 532 2671 ms.
552 2643 650 2679 Regius
670 2653 743 2672 nttm.
757 2645 835 2672 I659.
865 2643 902 2670 Ita
918 2644 1001 2672 etiam

221 2676 266 2714 alii
287 2676 340 2705 duo
367 2685 432 2705 mss.
456 2678 548 2714 Regii.
566 2676 616 2705 :tisi
641 2681 710 2714 quod
734 2688 782 2714 pro
804 2689 813 2706 ι
833 2680 969 2710 nominat,
989 2688 997 2705 ι

222 2711 338 2749 habeant
354 2721 364 2738 ι
383 2711 527 2749 nominari.
549 2722 558 2740 ι
581 2711 656 2740 Editi
673 2711 740 2741 vero
761 2722 901 2749 pet-peram
913 2735 919 2746 ,
938 2723 948 2739 ι
967 2713 1000 2741 Ει

221 2747 264 2783 hie
284 2747 359 2775 locus
372 2748 444 2776 sicut
462 2756 542 2783 supra
564 2747 769 2776 observandusf
784 2751 907 2777 Diximus
926 2750 998 2776 enim

221 2781 247 2808 in
260 2790 314 2810 uno
335 2781 643 2819 codetuque'versiculo
665 2784 777 2812 diversae
802 2784 937 2812 nominari
964 2783 1003 2811 Ie-

239 2824 280 2843 CS.
301 2827 311 2842 ι

257 2826 280 2842 5.

222 2825 312 2883 Eclini.)
320 2850 399 2883 Editi,
422 2862 430 2878 ι
448 2850 558 2885 Quare?
571 2848 639 2883 Quia
657 2858 709 2878 nou
725 2860 756 2879 ex
774 2853 835 2886 lidc,
848 2853 906 2885 sed,
922 2862 930 2878 t
946 2858 998 2880 etc.

1069 932 1157 960 leonis
1171 933 1217 968 qui
1236 935 1374 961 excitatur
1387 942 1402 961 a
1423 942 1530 967 somno,
1548 934 1591 962 vel
1606 935 1775 964 sanctiﬁcatio,
1786 933 1809 960 ul

1070 979 1227 1013 redemptio,
1243 985 1270 1006 et
1283 985 1381 1007 mulera
1399 981 1551 1015 Itujusmodi
1563 989 1624 1016 qua:
1636 981 1765 1016 dignationi
1776 981 1809 1013 rjut

1068 1025 1214 1052 convenire
1228 1025 1379 1052 videantur.
1401 1024 1455 1053 Sed
1472 1026 1533 1053 vide
1556 1026 1580 1053 si
1605 1034 1739 1062 possumus
1759 1027 1809 1052 etim

1070 1079 1080 1096 ‹
1096 1070 1210 1105 lapidem
1227 1071 1384 1098 offensionis
1395 1077 1422 1099 et
1437 1077 1542 1107 petram
1555 1073 1674 1100 scandali
1685 1083 1694 1097 ι
1708 1072 1809 1100 ostendere

1068 1123 1202 1151 quatenus
1216 1117 1240 1144 ei
1257 1117 1340 1153 620
1353 1122 1540 1153 competenter
1549 1119 1636 1152 possit
1647 1117 1736 1152 aptari.
1754 1116 1809 1143 υιιεη.

1068 1162 1108 1188 sin
1119 1166 1145 1188 et
1160 1162 1317 1189 scandalum
1332 1170 1413 1189 ttnunt
1428 1170 1511 1197 prope
1526 1167 1609 1196 atque
1624 1163 1693 1190 idem
1708 1162 1809 1196 significat.

1069 1208 1232 1234 Scandalutn
1247 1208 1347 1235 etenittt
1368 1208 1468 1235 dicitur
1484 1216 1546 1236 cum
1571 1209 1597 1236 itt
1614 1208 1655 1235 via
1675 1209 1737 1235 obex
1749 1207 1809 1239 aliquit

1070 1254 1219 1286 invenitur,
1236 1257 1280 1288 qut
1308 1261 1431 1289 gressum
1457 1253 1609 1282 incedentis
1635 1254 1676 1282 vel
1699 1253 1809 1281 scandenti:

1069 1299 1207 1332 impediat.
1230 1299 1292 1327 Inde
1304 1307 1369 1335 ergo
1395 1300 1554 1328 scandalum
1573 1305 1690 1327 tractum
1712 1305 1754 1326 est.
1768 1298 1809 1331 Qui:

1069 1345 1152 1380 igitur
1167 1346 1193 1373 hi
1209 1346 1254 1380 qui
1267 1352 1346 1373 erant
1357 1347 1383 1373 iu
1401 1346 1477 1379 Sion,
1494 1347 1551 1374 vias
1567 1354 1619 1374 nou
1631 1348 1713 1374 bonas
1726 1346 1809 1373 inceden

1067 1384 1118 1421 tes.
1137 1391 1190 1418 iter
1216 1391 1376 1426 perditionis
1390 1392 1498 1419 concito
1520 1392 1588 1426 pede
1604 1393 1749 1423 currebant,
1762 1391 1809 1416 mali

1067 1438 1123 1463 suis
1137 1437 1260 1465 faventes
1274 1438 1404 1471 invicem,
1428 1438 1501 1464 sicut
1516 1437 1650 1472 Propheta
1669 1437 1729 1465 dicit
1736 1437 1763 1467 ".
1773 1435 1809 1469 qui!

1069 1493 1078 1510 ι
1091 1483 1216 1511 laudatur
1230 1489 1360 1519 peccator
1376 1485 1403 1512 itt
1418 1485 1562 1513 desideriis
1575 1486 1674 1513 anima:
1686 1492 1745 1515 sua.
1755 1489 1775 1510 ει
1784 1482 1809 1515 W'l

1068 1530 1176 1565 iniquus
1194 1536 1236 1558 est
1260 1530 1317 1566 (58)
1344 1531 1534 1559 benedicitttr:
1551 1541 1560 1557 ι
1575 1531 1689 1560 veniens
1719 1530 1809 1558 Domina

1067 1581 1094 1603 et
1108 1576 1233 1604 Salvator
1251 1581 1355 1610 noster,
1383 1585 1500 1612 arguere
1513 1577 1598 1612 coepit
1622 1577 1681 1604 vias
1703 1579 1809 1605 contend

1067 1623 1158 1650 dicere
1175 1633 1181 1651 :
1203 1632 1213 1649 ι
1229 1622 1277 1650 Vat
1292 1623 1367 1650 vobis
1382 1623 1484 1651 Scribat
1496 1628 1524 1650 et
1538 1622 1667 1650 Phariszei
1679 1623 1699 1639 ⁷³
1709 1631 1716 1656 ;
1727 1632 1736 1648 ι
1750 1627 1769 1649 et
1780 1622 1809 1646 ite

1067 1676 1125 1695 rttut
1144 1677 1151 1696 :
1169 1678 1178 1695 ι
1190 1669 1237 1697 Vae
1247 1669 1323 1697 vobis
1339 1669 1466 1696 divitibus
1481 1670 1525 1703 ⁷⁸;
1550 1678 1561 1695 ι
1585 1674 1612 1697 et
1635 1670 1726 1698 iteruut
1745 1675 1752 1694 :
1769 1668 1809 1692 tu

1066 1715 1127 1747 tibi,
1144 1714 1306 1746 Jerusalem.
1323 1723 1384 1750 qua:
1397 1715 1499 1742 occidis
1522 1715 1680 1750 prophetas,
1700 1719 1726 1742 et
1743 1713 1809 1748 lapsu

1065 1767 1113 1787 eos
1127 1760 1172 1794 qui
1188 1763 1222 1788 ad
1239 1766 1264 1789 te
1281 1762 1358 1789 missi
1377 1761 1433 1797 (59)
1449 1761 1555 1788 sunt".
1570 1770 1581 1788 ι
1597 1762 1652 1789 Sed
1669 1766 1696 1788 et
1710 1760 1775 1787 multa
1786 1759 1809 1784 lui

1065 1807 1166 1834 similia
1182 1807 1288 1841 dicens,
1298 1812 1327 1836 et
1343 1815 1459 1843 arguens
1476 1816 1533 1841 eos,
1547 1808 1681 1843 impedire
1695 1807 1764 1842 cepit
1776 1806 1809 1830 \i-‘i

1066 1854 1227 1888 perditionis
1237 1861 1344 1885 eorutn,
1358 1859 1386 1881 et
1401 1853 1515 1882 eITectus
1528 1859 1572 1881 est
1583 1854 1623 1881 eis
1638 1853 1703 1888 lapis
1720 1851 1809 1879 ollensio-

1067 1900 1108 1926 nis
1124 1904 1152 1926 et
1167 1904 1242 1933 petra
1256 1900 1389 1933 scandali,
1413 1908 1466 1926 non
1492 1900 1586 1927 sitiens
1600 1907 1648 1927 eos
1663 1898 1754 1934 ingredi
1767 1903 1809 1921 mn

1066 1946 1148 1973 latattt
1163 1953 1224 1980 quae
1243 1946 1318 1973 ducit
1340 1946 1372 1972 ad
1396 1951 1509 1973 ntortettt
1526 1946 1559 1974 ⁷⁸.
1577 1947 1624 1974 Sic
1645 1947 1751 1980 denique
1767 1950 1809 1969 Nm

1065 1991 1135 2018 Osce
1150 1992 1281 2026 propheta
1297 1992 1427 2026 scriptum
1448 1996 1489 2019 est
1506 1993 1540 2019 de
1557 1993 1599 2020 bis
1616 1993 1661 2028 qui
1679 1991 1766 2027 peccati
1778 1991 1809 2015 ixt

1065 2037 1193 2064 incedunt
1211 2048 1217 2064 ι
1235 2046 1245 2062 t
1274 2037 1387 2072 Propter
1425 2037 1485 2068 hoe,
1517 2038 1616 2072 inquit,
1646 2045 1708 2065 ecce
1725 2044 1765 2071 ego
1784 2041 1809 2060 εξ-

1064 2083 1136 2116 piatu
1164 2083 1236 2110 viam
1262 2084 1321 2117 ejus
1344 2085 1456 2112 sudibus
1483 2085 1550 2120 (60),
1580 2091 1608 2113 et
1635 2087 1807 2113 obstrnautms

1064 2129 1132 2160 eius,
1151 2134 1177 2156 et
1194 2131 1320 2156 semitam
1335 2138 1410 2157 suum
1425 2140 1476 2158 non
1492 2132 1609 2158 inveniet
1620 2132 1654 2158 ".
1671 2141 1681 2156 ι
1712 2131 1807 2157 Prtimui!

1052 2176 1073 2192 ⁸⁷
1092 2178 1217 2208 Itotn.tx,
1234 2177 1307 2210 52,5
1328 2197 1334 2203 .
1374 2179 1396 2194 ⁶⁸
1413 2179 1471 2205 Iszti.
1489 2187 1583 2210 sxvut.
1599 2180 1641 2206 16.
1680 2178 1758 2205 "Issi.
1771 2182 1806 2202 rut,

1083 2213 1104 2228 ⁷²
1117 2212 1183 2239 an.
1198 2221 1234 2244 γι,
1245 2214 1288 2239 24.
1327 2214 1349 2229 ⁷³
1360 2214 1453 2241 Matth.
1472 2223 1553 2247 X.\ltl,
1571 2215 1616 2242 37.
1655 2216 1678 2231 "
1693 2214 1806 2240 Malliana

1093 2293 1148 2329 (54)
1173 2291 1238 2329 Vide
1252 2299 1348 2329 supra,
1359 2292 1404 2319 lib.
1419 2301 1461 2325 tu.
1476 2301 1553 2320 ttttm.
1569 2292 1596 2320 9.

1171 2328 1239 2355 Editi
1252 2348 1260 2360 ,
1277 2322 1294 2354 ι’
1305 2322 1477 2355 Olleudetunt
1492 2328 1563 2354 enitn
1577 2330 1602 2355 itt
1627 2326 1737 2362 lapidem
1752 2322 1806 2350 olim

1059 2365 1155 2395 sionis,
1171 2364 1241 2390 sicut
1254 2365 1383 2398 scriptqu
1398 2368 1449 2391 est.
1467 2372 1477 2388 ›
1499 2367 1554 2389 etc.

1094 2398 1149 2434 (56)
1173 2397 1218 2434 Sic
1245 2397 1316 2425 tnss.’
1341 2399 1405 2424 duo.
1428 2397 1508 2434 rEditi
1536 2405 1602 2424 vero
1628 2404 1655 2424 et
1681 2404 1727 2423 tus.
1754 2398 1805 2419 IIIIS-

1060 2444 1069 2460 ι
1090 2433 1247 2468 Apostultttn
1331 2433 1478 2460 inseruisse
1502 2451 1548 2460 ....
1569 2438 1750 2467 ext-erpenteut
1768 2435 1806 2468 tu”

1058 2464 1257 2496 assertionibus
1280 2469 1337 2495 suis
1416 2474 1535 2502 aptasse.
1555 2476 1567 2494 ι
1587 2464 1748 2498 Babauus.‘
1764 2464 1807 2493 Ar"

1057 2504 1144 2532 stolus
1233 2503 1385 2531 inseruisse
1410 2504 1517 2531 videtur
1608 2503 1805 2536 excerpendo

1058 2545 1245 2614 fingsﬁetd’iti,
1266 2582 1277 2598 σ
1296 2577 1325 2600 et
1336 2572 1425 2600 Patris
1439 2572 1512 2600 bono
1524 2572 1593 2600 Filio
1610 2576 1762 2608 quascunque
1781 2573 1804 2591 9‘

1057 2608 1165 2640 lutariaI
1188 2617 1196 2634 ι
1213 2613 1269 2635 etc.

1057 2678 1076 2680 Α
1091 2644 1147 2680 (58)
1168 2642 1200 2670 In
1215 2642 1352 2680 desideriis
1366 2643 1463 2680 animi;
1477 2650 1544 2680 ante,
1557 2648 1583 2670 et
1609 2643 1654 2680 qui
1668 2642 1764 2680 rinion!

1054 2677 1118 2706 Haec
1132 2677 1232 2705 desunt
1246 2678 1272 2706 in
1289 2677 1370 2718 editis
1387 2678 1431 2705 ubi
1445 2677 1586 2719 legitur“
1611 2679 1730 2704 laudatur
1742 2678 1803 2735 Em“

1057 2719 1116 2735 Ima
1142 2720 1230 2735 nsntm
1258 2713 1436 2735 hettedtcelttr
1464 2721 1472 2735 ε
1505 2719 1620 2735 velatam:
1651 2720 1712 2735 prim
1796 2717 1803 2723 ‘

1057 2719 1118 2746 tor,
1142 2720 1230 2747 usque
1257 2713 1436 2741 benedicetnr
1464 2721 1472 2740 :
1505 2713 1620 2740 veniens
1651 2720 1712 2747 ergo

1054 2757 1146 2818 “"559;
1228 2781 1328 2818 Regius
1345 2790 1419 2810 nutu.
1435 2781 1517 2816 I659,
1539 2790 1551 2809 ι
1574 2787 1603 2811 et
1621 2781 1720 2818 lepidas
1737 2777 1801 2806 1113⁵⁸⁵

1052 2818 1086 2846 ad
1105 2824 1139 2844 le.
1162 2827 1171 2843 ι
1388 2847 1391 2851 λ

1088 2853 1144 2886 (ϋο)
1161 2852 1249 2886 Editi,
1266 2861 1276 2879 ι
1296 2852 1335 2887 sp"
1359 2852 1376 2862 ’ν
1414 2861 1420 2866 ·
