1831 3052
7 159 76 185 H57

467 161 645 190 COMMENT.
666 162 699 190 IN
717 162 825 190 EPIST.
846 162 891 190 AD
911 162 993 191 ROM.
1013 162 1077 190 LIB.
1096 163 1163 191 Vill.

1559 163 1627 190 “53

5 223 73 251 ergo
92 216 202 251 iterum,
228 217 250 245 si
268 218 386 252 videtur,
413 219 439 246 in
455 220 545 248 medio
564 221 652 255 ipsum
669 220 792 254 Paulum,
808 229 830 257 Α
846 221 961 255 positum
981 225 1085 255 spectat
1101 228 1154 255 quo
1176 218 1237 247 illuc
1255 218 1385 254 pergebat
1405 218 1478 253 (b‘l),
1497 218 1566 253 lapis
1584 219 1626 246 of-

4 263 53 296 qui
67 263 187 298 acceptis
202 266 337 299 quondam
350 265 472 300 epistolis
487 274 503 293 a
524 266 722 300 sacerdotibus,
737 266 790 293 Da-

4 316 127 336 mascum
144 311 273 345 pergebat
289 314 319 338 ut
332 318 427 339 omnes
441 312 513 340 viros
529 319 560 340 ac
575 312 703 341 mulieres
714 311 791 340 Citri-

4 358 46 381 sto
68 354 214 383 credentes
238 356 344 385 vinctos
357 357 519 392 perduceret
543 358 570 385 in
591 356 743 386 Jerusalem
757 357 792 386 τ’.

5 398 73 426 Cum
90 406 155 435 ergo
168 406 259 435 ageret
272 401 342 429 istud
358 401 410 430 iter
423 402 538 437 peccati,
551 403 670 431 occurrit
692 403 717 431 ei
736 403 792 432 Do-

6 445 98 473 minus
112 444 191 474 Iesus
206 448 232 474 in
245 448 300 479 via.
316 453 343 476 et
357 449 389 476 ad
406 453 512 484 tempus
522 457 583 477 eum
596 449 717 477 caecitate
732 457 793 485 per-

8 493 93 520 cussit
110 500 118 519 :
136 498 163 520 et
183 493 270 521 factus
284 499 328 522 est
342 494 379 522 illi
393 514 400 527 ,
425 499 556 529 quantum
571 494 605 522 ad
619 495 707 529 ipsum
728 502 792 530 pro-

844 267 973 295 I'ensionis
997 272 1024 294 et
1051 271 1126 303 petra
1151 267 1281 299 scandali,
1297 273 1326 294 ut
1354 267 1418 294 illud
1447 268 1497 294 iter
1525 267 1627 301 peccati

844 312 915 347 quod
931 312 1054 345 tenebat,
1070 312 1179 348 explere
1195 320 1249 340 non
1269 317 1378 347 posset,
1404 312 1449 339 sed
1478 319 1628 339 conversus

844 358 968 385 crederet
982 358 1006 385 ei
1021 358 1066 393 qui
1082 358 1152 385 viam
1164 366 1240 386 suam
1251 358 1416 388 excluserat,
1429 362 1456 384 et
1466 357 1626 392 quibusdam

844 404 956 432 sudibus
970 403 1026 439 (62)
1039 404 1259 433 cotnmiuationis
1269 404 1459 437 obstruxerat;
1472 408 1499 431 et
1514 403 1626 431 credens

844 449 871 477 in
884 457 946 477 eum
960 457 1013 477 non
1029 450 1214 478 erubesceret.

7 557 1601 570 Μ

561 641 739 687 LIBER
776 640 1066 687 OCTAVUS.

43 809 66 836 l.
84 818 93 834 ι
109 809 229 841 Fratres,
241 808 367 835 voluntas
378 808 486 843 quidem
498 807 587 835 cordis
600 807 664 840 mei,
678 812 706 835 et
719 807 919 842 obse-chre
951 810 1034 838 Deum
1063 817 1112 845 pro
1143 809 1300 847 ipsis(68),
1329 814 1358 836 ut
1381 809 1422 838 vel
1446 810 1472 838 in
1495 811 1548 838 nne
1577 811 1625 838 an.

6 854 90 881 cratio
103 854 175 889 apud
191 854 275 881 Deum
293 853 322 881 ﬁt
338 861 388 889 pro
402 853 453 881 illis
470 854 498 880 in
516 853 640 880 salutem.
658 853 795 881 Testimo-

7 901 79 927 nium
105 901 179 928 enim
202 901 334 936 perhibeo
351 900 413 932 illis,
438 900 510 935 quod
524 900 723 927 aemulationem
746 900 793 927 Dei

8 947 139 978 habeant,
157 947 204 974 sed
221 954 276 973 non
296 946 446 973 secundttm
468 945 619 973 scientiam.
637 944 795 980 Ignorantes

9 993 78 1020 enim
105 992 155 1020 Dei
176 992 308 1027 justitiam
321 1011 328 1023 ,
350 996 378 1019 et
396 999 472 1019 suam
490 991 622 1027 justitiam
643 995 796 1026 quaerentes

9 1039 175 1067 constituere
187 1059 194 1071 ,
207 1039 318 1075 justitiaa
334 1038 382 1065 Dei
404 1045 459 1065 non
477 1043 541 1065 sunt
555 1037 669 1072 subjecti
684 1037 716 1064 ⁷⁷.
733 1046 742 1064 ι
759 1038 796 1064 Et

10 1093 40 1112 ex
61 1086 157 1118 initio,
177 1089 204 1113 et
226 1086 388 1121 procedente
402 1084 458 1120 (65)
475 1088 548 1111 textu
565 1083 706 1119 Epistulae,
725 1083 795 1111 dixi-

9 1140 65 1159 mus
81 1131 195 1159 Paulutn
221 1140 291 1159 nunc
316 1140 364 1167 pro
383 1133 526 1167 gentibus,
542 1141 613 1160 nunc
639 1134 719 1160 etiam
743 1141 791 1168 pro

9 1177 86 1205 Israel
103 1177 194 1204 facere
207 1185 369 1205 sermonem.
384 1178 452 1211 Quia
466 1186 530 1213 ergo
540 1179 566 1205 in
579 1180 621 1206 his
633 1186 692 1213 qua:
707 1187 792 1214 nuper

9 1223 130 1256 exposita
151 1229 214 1250 sunt
226 1245 233 1255 ,
250 1223 343 1251 multis
360 1224 524 1251 testimoniis
546 1225 688 1252 adversum
707 1225 790 1252 Israel

10 1275 67 1294 usus
83 1273 128 1295 est
139 1268 349 1303 prophetarum,
373 1269 409 1296 ita
433 1275 462 1297 ut
489 1270 622 1305 proferret
642 1271 676 1298 de
696 1271 789 1298 lsaia:

13 1312 86 1341 tNisi
106 1313 237 1341 Dominus
253 1315 372 1344 Sabaoth
397 1316 552 1351 reliquisset
578 1316 657 1344 nobis
684 1323 789 1349 semen,

10 1358 74 1386 sicut
97 1357 216 1387 Sodoma
239 1360 302 1388 facti
325 1369 466 1395 essemus,
491 1367 517 1390 et
540 1362 612 1390 sicut
636 1362 788 1390 Gomorrha

9 1403 106 1431 similes
123 1404 268 1433 fuissemus
278 1406 340 1440 τίς»
359 1412 387 1435 et
400 1407 497 1435 iterum
509 1408 533 1425 "
547 1415 554 1435 :
574 1417 585 1434 ι
605 1407 635 1435 Si
648 1407 729 1435 luerit
744 1415 791 1434 nu-

10 1455 95 1476 merus
110 1449 228 1477 ﬁliorum
241 1450 324 1479 Israel
347 1457 476 1488 tauquam
494 1461 575 1480 arena
602 1453 705 1486 maris,
730 1452 791 1480 reli-

842 859 948 892 quando
961 858 1119 893 perveniant
1131 857 1163 884 ad
1184 857 1309 884 salutem.
1332 857 1437 883 Habent
1449 857 1521 884 enim
1537 857 1624 885 zelum

841 905 922 939 621
941 903 998 937 Dei,
1015 903 1061 930 sed
1075 910 1127 930 non
1143 902 1289 930 secundum
1306 903 1458 929 scientiam.
1475 903 1507 929 Et
1526 905 1624 937 probat

842 949 977 984 quomodo
1010 955 1065 975 non
1108 948 1255 975 secundum
1292 947 1433 975 scientiam
1466 948 1551 974 zelum
1580 947 1624 975 Dei

842 993 960 1021 habeant
976 1001 985 1020 :
1005 993 1067 1028 quia
1094 1002 1104 1019 ί
1119 993 1294 1028 ignorantes,
1324 993 1412 1027 ittquit
1430 993 1462 1023 ".
1483 993 1527 1020 Dei
1545 993 1626 1027 justi-

843 1038 907 1066 tiam
925 1037 994 1074 (69),
1007 1047 1017 1064 ι
1029 1037 1143 1072 iustitiae
1153 1045 1208 1065 suae
1222 1038 1418 1073 obtemperant.
1437 1037 1493 1065 Non
1513 1039 1624 1065 Inuitum

841 1092 905 1121 ergo
931 1084 1042 1119 prodest
1064 1084 1166 1111 habere
1190 1083 1278 1110 zelum
1307 1083 1365 1117 Dei,
1393 1087 1421 1111 et
1442 1092 1493 1111 non
1526 1085 1624 1112 habere

841 1130 983 1157 scientiam
998 1128 1048 1156 zeli
1066 1129 1133 1164 (70).
1151 1128 1270 1163 Denique
1287 1127 1370 1156 Judaei
1385 1134 1509 1163 putantes
1525 1137 1555 1157 se
1567 1130 1624 1157 zelo

842 1176 888 1202 Dei
903 1182 992 1210 agere,
1007 1174 1131 1208 sacrilegi
1151 1174 1316 1201 exstiterunt
1329 1175 1354 1201 in
1367 1174 1461 1201 Filium
1475 1175 1520 1202 Dei
1537 1186 1543 1202 :
1559 1176 1621 1210 quia

843 1229 896 1248 non
909 1220 1059 1248 secundum
1082 1220 1224 1247 scientiam
1249 1220 1328 1246 zelati
1345 1226 1408 1247 sunt
1424 1220 1495 1247 sicut
1509 1220 1624 1249 Phinees

842 1266 912 1294 ﬁlius
938 1265 1071 1299 Eleazari,
1098 1266 1144 1300 qui
1172 1265 1322 1292 secundum
1346 1265 1488 1293 sricutiam
1518 1268 1622 1294 zelutus

842 1312 982 1340 interemit
1003 1310 1177 1338 Madianitem
1204 1310 1306 1345 pariter
1324 1311 1513 1339 etlsraelitam
1539 1312 1623 1340 forni-

840 1363 944 1385 cantem
957 1365 1016 1384 ctnn
1032 1364 1063 1384 ea
1077 1355 1101 1372 “
1113 1365 1120 1383 :
1134 1360 1161 1383 et
1172 1356 1243 1382 sicut
1256 1355 1329 1383 Elius
1344 1356 1389 1390 qui
1402 1357 1473 1384 dixit
1486 1366 1492 1384 :
1512 1356 1623 1386 IZelans

840 1402 944 1430 zelatus
961 1409 1022 1430 sum
1045 1402 1158 1429 Domino
1178 1401 1356 1436 omnipotenti
1377 1401 1433 1429 Deo
1450 1401 1543 1435 Israel,
1560 1403 1622 1437 quia

841 1449 1045 1485 dereliquerunt
1072 1454 1098 1476 te
1120 1448 1167 1476 lilii
1189 1448 1272 1475 Israel
1296 1447 1364 1484 (7i),
1395 1449 1539 1483 prophetas
1562 1453 1623 1476 tuos

10 1495 74 1527 quia:
88 1497 171 1524 salva:
186 1498 250 1526 nent
263 1507 270 1526 :
287 1509 297 1526 ι
317 1505 344 1527 et
354 1500 396 1527 bis
406 1499 674 1534 addit(64—65),quia
686 1509 696 1525 ι
709 1497 792 1526 Israel
805 1491 827 1521 Ο
843 1495 1015 1527 occiderunt,
1028 1498 1056 1523 et
1067 1494 1162 1522 altaria
1178 1499 1222 1520 tua
1236 1493 1429 1521 subverterunt
1440 1495 1479 1527 s5;
1491 1503 1501 1520 ι
1515 1499 1542 1522 ct
1553 1495 1623 1521 sicut

10 1545 112 1569 sectans
129 1542 214 1578 legem
224 1544 345 1579 justitite,
362 1545 388 1572 in
406 1544 493 1580 legent
507 1553 560 1573 non
576 1545 700 1580 pervenit
711 1545 734 1562 ⁸⁸
748 1552 757 1578 ;
774 1553 783 1571 ι

11 1592 148 1619 propterea
170 1597 242 1616 nunc
271 1591 406 1618 consolari
431 1598 528 1618 rursus
553 1591 680 1626 populum
706 1598 786 1618 suum

10 1632 108 1665 volens,
121 1637 150 1661 et
166 1641 215 1668 per
239 1634 290 1663 hoc
303 1635 419 1664 invitare
435 1636 468 1663 ad
485 1636 575 1667 tidem,
588 1636 654 1664 dicit
668 1645 675 1663 :
694 1644 703 1661 ι
720 1635 788 1662 Fra-

11 1680 79 1710 tres,
105 1679 233 1708 voluntas
256 1681 364 1716 quidem
391 1682 483 1709 cordis
501 1681 569 1714 meiI
584 1686 612 1709 et
633 1682 788 1709 obsecratio

11 1725 74 1758 apud
88 1726 173 1753 Deum
194 1727 223 1754 tit
237 1734 287 1762 pro
300 1727 353 1756 illis
371 1728 397 1755 in
411 1728 525 1757 salutem
542 1727 576 1755 “.
600 1737 609 1754 ι
629 1727 661 1755 Ει
675 1735 786 1756 causam

10 1776 55 1796 cur
67 1770 192 1799 voluntas
211 1779 258 1800 sua
273 1778 300 1800 et
315 1774 469 1801 obsecratio
486 1781 535 1808 pro
549 1774 601 1801 illis
615 1775 685 1810 apud
702 1774 786 1802 Deum

11 1815 109 1852 (66-67)
127 1818 262 1845 habeatur
277 1819 406 1848 ostendit.
416 1829 426 1845 ι
441 1819 638 1848 Testimonium
647 1820 786 1852 enim,in-

11 1861 74 1894 quit,
92 1862 223 1896 perhibeo
241 1863 304 1895 illis.
318 1864 390 1898 quod
402 1864 602 1892 :emulationem
614 1864 723 1898 quidem
738 1864 785 1892 Dei

12 1904 142 1939 habeant,
155 1907 202 1934 sed
219 1914 272 1935 non
285 1909 433 1936 secundum
453 1909 592 1935 scientiam
605 1908 638 1935 ⁸¹.
659 1917 669 1934 ι
689 1907 788 1942 Quam-

13 1950 57 1984 vis,
75 1952 180 1987 inquit,
196 1957 235 1980 tot
256 1957 283 1981 et
301 1954 384 1982 tantis
407 1953 526 1982 involuti.
542 1954 597 1982 sint
616 1957 785 1989 peccatorum

13 2001 115 2024 suorum
138 1999 337 2030 malis,tamen
362 2004 405 2027 est
433 1999 474 2027 eis
499 1998 643 2027 ineli'abilis
661 1999 736 2026 zelus
760 2002 789 2026 et

12 2043 141 2070 lmulalio
162 2042 218 2070 Dei.
243 2043 276 2070 Et
300 2043 357 2071 haec
378 2052 421 2072 me
440 2044 588 2072 commovit
611 2051 693 2071 causa
710 2042 790 2071 obse-

841 1542 1015 1574 Mathathias,
1029 1542 1063 1569 de
1076 1549 1129 1576 quo
1150 1542 1177 1568 in
1190 1541 1279 1576 primo
1302 1540 1372 1568 libro
1394 1540 1621 1575 Macltabaeorum,

839 1588 971 1623 scriptum
984 1592 1026 1615 est
1041 1587 1076 1621 “,
1091 1586 1156 1622 quia
1181 1595 1191 1613 ‹
1207 1586 1312 1614 zelatus
1334 1589 1375 1613 est
1392 1585 1417 1613 in
1440 1585 1498 1621 iege
1514 1587 1570 1618 Dei,
1595 1592 1623 1614 ct

841 1634 1042 1661 intremuerunt
1067 1639 1146 1660 renes
1167 1631 1244 1666 ejus,
1270 1636 1300 1658 et
1321 1631 1444 1659 ascendit
1467 1630 1543 1658 furor
1561 1630 1623 1664 ejus

839 1678 987 1707 secundutn
997 1677 1157 1712 judicium.»
1173 1676 1275 1704 llorum
1287 1676 1407 1704 omnium
1420 1676 1494 1704 zelus
1504 1681 1531 1703 et
1541 1684 1622 1703 temu-

839 1725 904 1752 latio
929 1724 1079 1752 secundum
1110 1722 1252 1751 scientiam
1279 1721 1340 1749 fuit.
1374 1720 1529 1749 Judaeorum
1555 1729 1620 1749 vero

839 1769 915 1797 zelus
936 1775 990 1796 non
1012 1772 1072 1796 erat
1083 1767 1232 1795 secundum
1247 1766 1409 1799 scientiam,
1433 1766 1534 1794 idcirco
1558 1767 1620 1801 quia

839 1815 999 1849 ignorantes
1013 1813 1059 1841 Dei
1069 1812 1215 1849 justitiam,
1230 1812 1368 1847 propriam
1387 1811 1565 1844 conabantur,
1594 1813 1620 1838 id

837 1865 889 1892 est,
902 1867 961 1895 quae
970 1857 1240 1892 hominibnsjustitia
1254 1857 1408 1887 videbatur.
1422 1857 1544 1891 implere;
1559 1864 1620 1882 cum

839 1907 932 1940 utique
945 1905 1018 1940 ipsos
1035 1903 1121 1939 magis
1143 1903 1189 1930 Dei
1204 1902 1328 1937 iustitiae,
1342 1909 1401 1938 quae
1430 1907 1471 1930 est
1496 1902 1622 1929 Christus

840 1951 907 1987 (7-2).
922 1948 1213 1978 conveneritobedire.
1233 1947 1288 1976 Sed
1308 1949 1370 1976 vide
1394 1955 1467 1975 nunc
1495 1954 1529 1973 ne
1552 1946 1623 1974 forte

841 2004 894 2024 non
920 1995 973 2023 illis
995 1994 1061 2022 solis
1077 1994 1130 2021 dici
1147 2001 1236 2022 sermo
1253 1994 1304 2022 iste
1318 1993 1450 2027 videatur,
1476 1993 1538 2028 quia
1563 1992 1621 2027 (75)

844 2050 854 2068 ι
870 2041 956 2070 zelum
974 2041 1022 2069 Dei
1050 2041 1180 2072 habeant,
1201 2040 1250 2068 sed
1277 2047 1332 2067 non
1357 2039 1506 2067 secundum
1530 2038 1621 2066 scien-

44 2090 66 2106 "
79 2091 138 2117 Act.
157 2099 194 2120 tv.
209 2092 237 2125 ‘2,
250 2092 277 2120 5.
314 2092 337 2109 "
354 2091 431 2120 Rom.
445 2094 545 2122 1.1-5.
582 2094 605 2110 ⁷⁸
626 2093 704 2121 Rom.
729 2101 768 2124 Ix.
785 2092 837 2124 29;
865 2092 965 2125 Isai..t,
982 2091 1009 2119 9.
1046 2091 1069 2108 "
1087 2091 1164 2119 Rom.
1180 2099 1218 2122 ιχ,
1231 2090 1282 2123 27;
1301 2089 1363 2117 Isai.
1380 2090 1472 2125 L22.
1505 2088 1622 2125 3°»Rom.

14 2132 48 2156 Ix,
61 2124 104 2162 ζῆ.
143 2127 164 2142 ⁸¹
180 2123 259 2155 Rom.
277 2135 304 2160 ι,
320 2128 345 2157 l.
384 2128 406 2144 ⁸¹
425 2129 489 2156 ibid.
504 2129 532 2156 2.
569 2129 592 2145 ⁸³
605 2129 682 2156 Rom.
705 2137 733 2162 x,
753 2123 780 2156 5.
818 2127 842 2144 ⁸⁵
860 2128 862 2155 ζ

877 2127 939 2155 ium.
958 2123 1026 2160 ixv,
1040 2126 1067 2154 7.
1079 2127 1106 2154 8.
1143 2126 1166 2142 ⁸⁸
1181 2125 1214 2153 lii
1237 2126 1362 2162 Regum,
1387 2124 1429 2152 10.
1466 2123 1514 2151 “l
1532 2123 1621 2152 Much.

14 2166 40 2190 ιι,
58 2160 101 2186 24.

29 2206 167 2246 .(6i)_Si_c
180 2205 245 2233 editi
259 2211 285 2234 et
301 2206 584 2246 niss._plcrique,_nisi
606 2208 789 2246 qp_od_pos_te-
804 2210 825 2237 ι)
842 2208 880 2246 tio
897 2208 960 2241 Dei,
983 2208 1044 2246 haec
1064 2214 1107 2246 me
1119 2206 1279 2246 somniavit“
1288 2213 1369 2246 causa
1382 2227 1390 2239 ,
1415 2209 1442 2233 ut
1469 2204 1620 2245 obsecratio

16 2242 93 2268 riores
109 2242 225 2277 habeant
236 2260 244 2273 ,
265 2251 275 2267 ς
292 2249 346 2276 quo
360 2242 424 2269 illud
439 2243 577 2276 pergebat.
594 2253 604 2268 ι
624 2243 673 2270 Ms.
687 2242 789 2277 Regius

15 2282 84 2301 num.
103 2276 184 2312 I659,
202 2284 212 2302 ί
231 2281 361 2312 quantum
373 2277 406 2304 ad
421 2277 485 2303 illud
501 2278 669 2311 propositum
682 2276 789 2312 spectat

15 2317 64 2372 :23
83 2311 221 2345 pergebat.
237 2320 247 2336 ι
268 2311 454 2343 Deindeediti,
472 2320 481 2337 ι
493 2313 603 2346 explere
617 2320 670 2340 non
684 2318 787 2347 posset.

77 2353 226 2372 conversus
238 2347 355 2372 credidit
368 2347 391 2372 ei
405 2347 462 2372 uni.
479 2355 490 2372 ι
507 2352 559 2372 etc.

77 2353 226 2381 conversus
238 2347 355 2373 credidit
368 2347 391 2374 ei
405 2347 462 2381 qui.
479 2355 490 2372 ι
507 2352 559 2374 etc.

15 2379 210 2440 “Sigeum,
226 2389 236 2407 ‹
253 2381 389 2414 sentibus;
409 2379 421 2406 ῐ
435 2386 462 2408 et
474 2385 565 2416 postea
578 2401 585 2413 ,
616 2390 625 2407 ι
647 2388 701 2409 non
724 2388 787 2409 eru-

31 2420 110 2442 escet.
130 2425 140 2442 ι

46 2449 101 2485 (65)
119 2450 166 2478 Sic
186 2457 280 2478 onmes
303 2457 372 2486 mss.
383 2450 477 2477 nostri.
507 2450 578 2478 Editi
601 2457 680 2486 vero,
695 2457 790 2486 perpe-

17 2491 117 2521 ram”
133 2486 310 2520 prmecdente.
332 2495 341 2511 I
363 2485 432 2512 Loca
450 2486 493 2512 hic
517 2486 598 2521 citata
622 2485 656 2521 ab
673 2485 789 2521 Origene

17 2520 185 2581 lreperiétntur
201 2527 294 2554 supra,
309 2525 374 2550 tom.
395 2527 437 2552 Ill,
453 2527 528 2547 num.
546 2520 571 2552 t,
585 2520 613 2551 2.
627 2520 655 2554 9,
668 2520 732 2548 tom.
749 2526 789 2554 vt,

25 2562 82 2580 llllII.
117 2574 123 2581 .

17 2560 82 2580 Itum.
97 2560 123 2581 ὅ.

47 2588 152 2624 (64-θὸ)
172 2589 268 2621 Edili,t
281 2595 308 2618 et
316 2590 359 2617 hic
370 2589 470 2617 addit.)
486 2589 585 2616 Deinde
593 2597 659 2617 mss.
668 2589 787 2624 quidam,

16 2622 75 2660 editi
86 2622 272 2660 etVRabanus.
286 2634 296 2651 ι
308 2624 334 2652 in
347 2625 432 2659 legem
442 2625 553 2660 justitite
565 2632 618 2651 non
629 2622 761 2658 perirenit.
776 2633 786 2651 ι

18 2655 88 2684 Male.
105 2658 171 2696 Nam
189 2655 269 2696 supra
281 2667 337 2696 _vox
352 2669 361 2685 ι
373 2655 510 2696 “iustitiae:
533 2659 559 2685 in
581 2655 705 2696 omnibus
721 2666 785 2696 mss.

18 2696 41 2728 et
55 2694 120 2726 apud
135 2694 221 2728 ipsqu
239 2693 384 2722 Rabanum‘
406 2695 557 2726 omittitur,
585 2698 613 2721 et
638 2694 682 2721 hic
704 2694 785 2721 etiam

18 2725 85 2753 deest
102 2728 127 2754 in
141 2725 190 2758 ms.
205 2728 288 2758 Regio
304 2737 378 2756 num.
395 2729 473 2756 1659.

50 2760 231 2798 (66-67)pr
242 2760 334 2792 Deum.
345 2763 406 2791 Hzec
414 2765 493 2791 verba
503 2764 599 2791 desunt
609 2764 634 2791 in
645 2763 787 2799 editis,qui

19 2799 223 2833 pqsleahabent,
241 2799 252 2824 ἁ
266 2798 383 2826 ostendit
396 2799 489 2826 dicens
501 2807 508 2826 :
521 2799 716 2827 Testimonium
729 2798 788 2831 per-

20 2830 167 2867 biheoillis,
185 2833 266 2867 quod,
285 2842 294 2859 ι
313 2838 366 2861 etc.

50 2864 102 2901 (63)
123 2864 206 2901 Editi‘,
227 2877 238 2894 ι
259 2873 346 2899 tamen
368 2867 510 2897 ineiiabilis
532 2869 604 2898 zelus
625 2873 650 2896 et
673 2868 784 2896 aemula-

841 2243 918 2277 [ieret
936 2250 983 2277 pro
996 2242 1060 2277 ipsis
1071 2243 1103 2268 ad
1119 2242 1212 2269 Deum.
1231 2251 1240 2267 ι
1260 2241 1403 2277 Rabanns,
1422 2240 1619 2277 ¢_tarmen_qnia

841 2274 1012 2304 ineﬂ‘ab'ilern‘
1032 2277 1137 2309 zelum,
1158 2281 1185 2304 et
1207 2275 1404 2303 aemulationem
1435 2275 1480 2302 Dei
1508 2274 1617 2306 habent,

841 2312 899 2339 haec
924 2319 967 2338 me
988 2312 1135 2339 commovit
1159 2318 1241 2338 causa
1271 2310 1432 2338 obsecrasse
1463 2309 1546 2337 Deum
1570 2316 1620 2342 pro

842 2346 917 2380 ipsis.
935 2356 945 2373 ι
961 2346 1010 2374 Ms.
1029 2354 1097 2373 unus
1107 2346 1206 2380 Regius
1220 2353 1294 2372 num.
1313 2345 1400 2380 1939,
1416 2352 1425 2370 ι
1442 2348 1530 2371 tamen
1549 2343 1620 2370 inest

841 2378 897 2408 illis
925 2383 999 2408 zelus
1022 2385 1051 2408 et
1073 2378 1208 2408 annui—alio
1235 2380 1291 2406 Dei.
1315 2378 1379 2406 Haec
1399 2386 1442 2406 me
1466 2382 1619 2406 coannovet

842 2423 923 2443 causa
947 2417 1090 2444 obsecrare
1116 2415 1199 2442 Deum
1224 2422 1273 2448 pro
1299 2415 1375 2449 ipsis.
1395 2422 1406 2440 ι
1430 2413 1527 2441 (hateri
1552 2420 1619 2440 vero

841 2457 908 2480 mss.
926 2455 954 2477 ut
969 2451 996 2477 in
1011 2454 1103 2478 nostro
1116 2454 1201 2477 textu.

877 2485 933 2521 (69)
953 2484 999 2513 Sic
1010 2492 1105 2513 omnes
1127 2492 1191 2512 mss.
1212 2484 1302 2521 nostri
1329 2487 1357 2511 et
1384 2483 1521 2521 Rabanps.
1538 2482 1620 2521 _Edi_ti

843 2517 944 2552 vero,'t
956 2520 1064 2552 habent,
1081 2520 1173 2547 dicens
1187 2526 1196 2546 :
1211 2518 1369 2553 Ignorantes
1386 2519 1458 2546 enim
1476 2517 1522 2553 Dei
1535 2517 1616 2551 justi-

843 2554 917 2587 tiam,
933 2560 960 2582 et
972 2562 1047 2582 suam
1062 2559 1214 2590 quaerentes
1224 2552 1357 2586 statuere,
1377 2553 1490 2587 iustitiae
1505 2552 1551 2579 Dei
1566 2560 1620 2580 non

842 2594 903 2616 sunt
914 2590 1037 2623 subjecti.
1049 2598 1058 2616 ι

878 2623 934 2660 (70)
959 2625 1028 2651 Editi
1041 2643 1054 2660 ,γ
1079 2634 1088 2650 ι
1101 2623 1241 2652 scientiam
1271 2622 1328 2655 Dei,
1342 2632 1352 2649 ι
1378 2622 1423 2660 qui
1441 2626 1533 2660 postea
1547 2629 1619 2660 cum

839 2656 944 2686 duobus
962 2666 1027 2686 mss.
1049 2659 1160 2691 habent,
1187 2668 1196 2684 ι
1209 2663 1334 2692 putantes
1351 2656 1438 2685 zelum
1458 2656 1553 2692 seibci
1569 2658 1620 2683 ha-

840 2692 913 2720 bere.
928 2703 937 2719 I
966 2692 1020 2720 Sed
1044 2701 1096 2722 ms.
1129 2691 1229 2728 Regius
1253 2700 1325 2720 num.
1346 2693 1413 2721 I639
1438 2696 1466 2719 et
1491 2691 1619 2718 Rabanus

839 2729 938 2756 rectius
957 2732 985 2755 ut
999 2728 1024 2755 in
1040 2732 1134 2755 nostro
1147 2733 1230 2755 textu.

871 2763 931 2803 fit)
950 2762 1039 2796 Editi,
1059 2772 1068 2789 t
1080 2764 1142 2799 quia
1158 2762 1360 2798 dereliquerunt
1381 2766 1489 2797 pactum
1512 2759 1618 2788 Domini

841 2797 886 2824 iiltt
904 2798 994 2824 Israel.
1012 2806 1022 2823 ι

870 2806 886 2825 ΙΙ
904 2805 994 2824 Israel.
1012 2806 1022 2823 ι

875 2832 933 2868 (72)
949 2832 1029 2866 Editi,
1046 2840 1056 2858 ι
1067 2832 1112 2867 qui
1128 2836 1169 2860 est
1183 2831 1317 2861 Christus.
1334 2841 1344 2857 ι

875 2868 931 2904 (73)
950 2867 1031 2902 Eclili,
1047 2878 1058 2895 ι
1071 2868 1126 2903 qui.
1140 2877 1150 2893 ι
