1831 3052
19 121 59 148 161

455 114 634 150 εοιιιῙΕΝτ.
656 121 689 149 IN
710 121 820 149 EPIST.

842 122 887 150 AD
908 121 991 152 ROM.
1012 123 1077 150 LIB.
1099 124 1167 152 VIII.
1564 127 1631 154 [If-'2.

14 187 46 214 st,
76 181 200 209 Christus
235 190 244 206 ι
263 180 309 216 qui
341 180 427 208 factus
451 186 492 208 est
522 183 600 210 nobis
624 182 730 217 iustitia
761 191 775 209 a
792 188 814 217 Α
829 181 976 209 exaltatum
997 191 1012 210 a
1029 187 1065 217 te,
1079 190 1165 217 neque
1184 182 1263 217 longe
1276 189 1290 209 a
1311 187 1336 210 te
1349 183 1360 198 θ
1373 182 1441 220 (88),
1455 193 1464 210 ι
1486 189 1515 212 ει
1528 191 1627 213 coitum

13 232 48 254 ’νο
60 228 92 259 ’⁸,
108 237 117 253 ι
140 232 167 254 ει
183 234 234 261 pax
247 247 255 260 ,
272 227 333 254 vide
351 227 487 262 quomodo
516 228 581 255 dicit
595 235 603 255 ἰ
620 237 629 253 σ
645 227 707 255 Ilaec
739 233 783 255 est

14 279 80 300 atem
98 274 151 300 vita
167 279 270 301 aeterna
284 294 291 305 ,
318 278 347 300 ut
362 279 528 309 cognoscant
542 279 568 302 te
582 274 672 302 solum
686 282 780 302 verum

13 325 87 353 tcum,
102 325 130 347 et
144 327 226 354 quem
249 320 347 347 misisti
368 321 460 349 Jesum
478 320 615 347 Chrisutm
632 322 666 347 9’.
681 330 690 347 ι
719 321 782 348 llaec

13 365 166 399 rgojustitia
186 373 238 393 nan
263 371 368 393 tantum
393 366 476 392 vitam
496 366 610 400 praebet,
631 367 679 393 sed
702 371 781 393 acter-

14 421 51 438 am
65 413 156 439 vitam.
170 412 243 439 Illam
254 420 318 440 vero
328 412 532 448 Iegisjnstitiatu
541 413 597 448 (85)
612 413 672 447 «ίμιί
687 412 781 440 fecerit

14 466 83 489 omo,
99 468 108 484 ι
124 466 176 484 non
191 458 258 485 dixit
276 458 302 484 in
320 462 453 484 aeternum
474 458 564 489 vivet,
587 458 634 484 scd
659 463 779 484 tantum-

15 505 70 530 nodo
101 513 110 529 ι
126 504 199 530 vivet
221 504 247 530 in
277 511 330 531 ea:
352 514 361 530 ι
379 504 506 539 quoniam
521 503 542 531 si
566 503 627 530 linis
650 503 725 538 legis,
752 508 780 530 ut

13 550 135 584 .postolus
150 550 219 577 dicit
238 551 259 582 ‘,
275 549 402 577 Christus
419 555 472 581 est,
499 557 547 577 nec
568 549 653 584 ipsam
670 557 730 584 (tua:
745 557 779 576 ex

13 604 49 630 ‘ge
60 602 100 622 est
110 596 246 631 justitiam
260 595 318 622 sine
331 595 441 623 Christo
458 595 608 629 adimplere
621 594 779 630 poteritqui

15 650 71 668 uem
87 642 155 676 legis
170 649 221 668 non
237 641 351 675 suscipit
364 641 514 669 Christum.
540 641 601 668 Ihec
629 648 695 676 ergo
720 648 780 675 qua:

13 696 24 714 ιι
55 688 106 715 ﬁde
134 693 175 714 cst
197 687 388 723 justitia,qu.x:
415 692 456 714 est
481 687 622 720 Christus,
650 692 778 721 tanquam

13 733 83 760 ivens
116 739 144 760 ct
170 733 342 766 subsistens,
376 733 432 760 haec
448 753 454 765 ,
486 732 585 767 inquit,
614 733 699 760 dicit:
717 732 780 759 «Ne

14 779 91 806 ixeris
112 779 139 806 iu
168 778 252 806 corde
278 783 324 806 tuo
340 787 347 806 :
365 779 432 812 Quis
457 779 581 806 ascendit
607 778 634 805 in
661 778 779 805 caelum?

14 832 42 851 nc
56 829 108 857 est,
121 825 261 852 Christum
275 824 410 851 deducere
424 832 431 850 :
447 824 501 850 Aut
524 824 586 858 quis
600 822 739 850 descendit
752 823 777 850 in

834 235 895 263 qum
905 233 1066 263 sequuntur.
1083 228 1152 261 Quid
1166 235 1232 262 ergo
1249 232 1290 255 cst
1301 228 1373 263 qttod
1386 236 1433 263 per
1447 230 1498 258 hoe
1511 232 1627 265 Aposto~

834 273 875 302 lus
887 274 986 301 docet?
1001 273 1041 302 Nc
1057 274 1163 302 scilicet
1176 274 1300 302 dicamus
1319 274 1345 301 in
1369 275 1452 302 corde
1467 282 1562 303 nostro
1574 296 1583 309 ,
1598 282 1626 304 et

833 325 958 354 putemus
976 321 1047 355 quod
1070 321 1196 349 Christus
1221 321 1248 348 in
1270 321 1330 348 loco
1352 321 1443 356 aliquo
1459 324 1625 357 continetur,

831 370 859 392 et
872 373 926 392 non
939 366 1039 400 ubique
1052 371 1106 398 est.
1128 374 1160 393 ac
1179 374 1227 401 per
1252 367 1342 394 omnia
1364 367 1422 401 ipse
1444 367 1623 396 dilfuuditur:

832 410 932 445 quippe
943 411 1061 445 quicum
1075 417 1147 439 esset
1159 411 1297 442 iri-terris.
1310 412 1417 440 dicebat
1427 413 1490 448 quia
1505 419 1579 441 esset
1594 420 1624 442 et

814 455 858 481 ~in
887 456 968 483 ctelo.
987 456 1034 484 Sic
1057 457 1130 484 enim
1151 457 1312 491 loquebatur
1334 458 1367 485 ad
1384 459 1521 493 apostolos
1532 467 1596 487 suos
1614 467 1622 485 :

834 511 842 527 ι
860 501 943 528 Nemo
963 502 1087 530 ascendit
1099 503 1125 529 in
1142 503 1254 535 coelum,
1270 503 1319 531 nisi
1332 505 1378 538 qui
1390 504 1424 532 de
1432 505 1500 532 ct'eIo
1514 506 1625 533 descen-

831 547 881 578 dit,
894 547 1103 575 Filiushominis
1117 549 1162 582 qui
1183 550 1260 576 estin
1272 550 1357 576 caelo”
1369 549 1435 586 (89).
1449 559 1458 576 ›
1471 550 1530 578 Non
1543 552 1622 586 dixit,

830 594 876 627 qui
887 593 948 627 fuit,
957 594 1015 626 sed,
1028 594 1090 629 «qui
1101 600 1144 622 est
1155 596 1181 621 in
1190 595 1269 622 cwlo.
1286 605 1295 621 ›
1306 596 1339 622 Ει
1350 604 1443 623 rursus
1453 604 1487 624 ne
1498 602 1622 631 putemus

830 647 891 666 cum
909 640 936 667 in
949 640 1018 668 caelo
1030 648 1091 668 esse
1112 641 1315 674 tantummodo,
1336 649 1433 670 vacare
1453 647 1543 670 autem
1563 646 1623 679 ejus

831 686 978 720 praesentia
991 687 1132 722 abyssum,
1144 686 1311 721 ideojustilia
1319 695 1380 721 qua:
1387 695 1420 715 ex
1431 689 1481 716 fide
1492 695 1533 717 est
1541 690 1620 717 dicit:

832 740 842 757 ί
856 732 894 759 Νε
904 732 1005 760 dixeris
1016 733 1042 759 iii
1056 733 1138 761 corde
1154 737 1200 759 tuo
1210 743 1216 761 :
1225 733 1292 767 Quis
1301 733 1456 762 ascenditin
1465 734 1581 764 cmlum'
1594 737 1620 764 9ο

831 777 863 804 Ει
875 778 951 813 quasi
964 778 1052 806 sitnile
1065 779 1101 806 sit
1111 780 1161 806 hoe
1172 779 1283 811 dicenti,
1292 779 1431 819 Christum
1445 782 1479 809 de
1492 781 1562 809 cmlo
1574 784 1622 810 de»

830 823 941 856 ducere,
954 823 992 850 ita
1006 824 1108 852 addidit
1126 825 1272 858 Apostolus
1287 831 1294 850 :
1309 834 1318 849 ι
1342 825 1398 853 lloc
1414 831 1467 859 est,
1480 827 1619 855 Christum

13 870 138 906 byssum?
154 870 206 897 hoc
219 875 273 902 est,
286 870 424 898 Christum
440 878 455 896 a
466 870 581 897 mortuis
593 870 723 896 reducere
737 870 775 895 ’.ι
796 860 816 887 Β
830 870 974 897 deducere.
987 879 997 896 ι
1022 870 1055 897 Et
1072 877 1180 898 rursum
1194 870 1215 897 si
1229 871 1291 905 quis
1305 877 1396 899 mente
1410 878 1437 900 et
1451 873 1620 907 cogitatione

13 917 44 944 ~cc
62 916 170 944 mireris
195 917 266 950 qttod
284 923 348 943 cum
372 915 499 942 Christus
526 915 584 949 ipse
601 914 636 942 sit
657 913 774 948 justitia,

13 963 62 990 uasi
84 964 118 990 de
134 961 189 989 alio
214 961 250 988 ita
278 961 311 988 de
338 968 367 988 se
394 965 450 988 haec
471 961 562 988 dicere
590 960 724 987 videatur.
747 959 776 986 ln

13 1009 78 1036 iultis
93 1008 168 1036 enim
185 1007 252 1035 focis
273 1007 394 1034 invenies
406 1006 574 1034 Sulvatorem
587 1006 663 1040 quasi
677 1005 710 1032 de
723 1005 776 1032 alio

13 1063 25 1080 ιι
40 1055 72 1081 de
83 1062 113 1081 se
123 1054 197 1088 loqui
211 1061 220 1085 ;
234 1057 263 1080 ut
280 1052 306 1079 in
320 1051 466 1086 Evangelio
478 1052 545 1079 dicit
557 1053 567 1067 '
584 1061 590 1079 :
612 1051 660 1078 «Et.
675 1055 777 1080 statuet

13 1108 50 1127 res
62 1109 76 1127 a
88 1101 208 1133 dextris;
223 1099 318 1127 Ιιωιιοε
331 1102 443 1125 autema
457 1097 577 1125 sinistris
589 1097 656 1134 (86):
666 1102 694 1125 et
704 1097 776 1125 dicet

13 1146 30 1172 is
43 1146 87 1180 qui
110 1153 125 1173 a
146 1145 251 1172 dextris
264 1148 340 1176 sunt,
364 1148 391 1171 et
415 1143 514 1170 iterum
539 1142 585 1178 qui
612 1150 627 1170 a
655 1143 776 1171 sinistris

13 1200 59 1227 int,
84 1204 93 1221 ι
113 1202 145 1222 ea
161 1201 222 1229 quae
238 1192 337 1227 scripta
355 1196 427 1219 sunt.
444 1190 522 1224 Quod
543 1198 608 1225 ergo
621 1190 658 1216 ait
677 1197 684 1215 :
703 1199 711 1214 ι
733 1187 771 1216 Ne

13 1242 86 1269 ixeris
103 1241 131 1268 in
145 1241 228 1268 corde
243 1244 289 1266 tuo
307 1247 313 1265 :
331 1237 399 1271 Quis
414 1236 536 1264 ascendit
552 1236 578 1263 in
595 1235 711 1267 ctelum,
725 1238 773 1262 aut.

13 1288 48 1315 uis
73 1286 216 1314 descendit
241 1286 268 1312 in
295 1283 444 1320 abyssum?
468 1292 477 1308 ι
498 1282 617 1317 exceptis
643 1281 685 1308 his
712 1287 773 1315 quae

13 1333 73 1360 tedia
89 1331 240 1363 interserit,
259 1340 268 1356 ‹
288 1329 340 1357 hoc
352 1334 403 1361 est,
420 1328 558 1355 Christum
575 1327 718 1359 deducere,
731 1325 773 1353 vel

20 1379 132 1406 mortuis
148 1377 296 1404 reducere:
312 1385 320 1400 ι
335 1374 432 1407 sedet,
449 1384 457 1399 ι
473 1373 559 1408 Prope
570 1377 610 1400 est
622 1372 733 1399 verbum
745 1371 773 1398 in

13 1431 36 1450 rc
49 1427 107 1454 tuo,
121 1427 147 1449 et
160 1422 186 1449 in
203 1421 283 1448 corde
303 1425 360 1452 tuo,
380 1429 388 1445 ι
402 1420 435 1446 de
446 1418 655 1446 Deuteronomio
669 1417 774 1444 videtur

13 1474 168 1503 ssumptum,
183 1466 228 1494 ubi
248 1466 300 1493 hoe
316 1465 396 1492 modo
410 1464 541 1499 scriptum
561 1468 621 1491 est:
640 1473 649 1489 ‹
664 1462 775 1490 Manda-

13 1523 45 1541 tm
62 1514 123 1545 hoc,
135 1513 208 1548 quod
221 1519 271 1548 ego
283 1511 383 1539 mando
395 1510 442 1538 tibi
455 1510 545 1543 hodie,
560 1517 614 1536 non
627 1513 667 1536 est
681 1515 776 1543 super-
787 1529 808 1558 α

13 1562 135 1588 raltatuni
152 1567 167 1587 a
186 1564 223 1592 te,
242 1566 328 1594 neque
345 1558 425 1592 longe
445 1564 460 1583 a
476 1560 511 1583 te.
532 1555 590 1582 Non
607 1559 649 1582 est
666 1555 692 1581 in
706 1555 776 1582 cosio

13 1607 108 1634 tdicas
125 1615 132 1633 :
146 1605 216 1638 Quis
237 1603 367 1631 ascendet
389 1601 469 1629 nobis
487 1601 513 1628 in
536 1600 650 1630 cmlum,
665 1603 691 1626 et
705 1599 777 1626 acci-

13 1652 43 1679 iet
58 1651 124 1678 illud
139 1649 229 1681 nobis,
242 1654 270 1676 ut
285 1647 427 1675 audientes
443 1646 575 1673 faciamus
588 1645 672 1672 illud?
685 1643 777 1678 Neque

13 1705 64 1724 aus
91 1704 168 1724 mare
190 1699 250 1727 est,
279 1699 309 1722 ut
333 1693 409 1721 dicas
430 1702 437 1720 :
459 1692 526 1725 Quis
548 1691 673 1719 transibit
698 1689 777 1717 nobis

16 1751 64 1771 aus
81 1750 170 1774 mare,
186 1747 212 1769 et
225 1742 340 1776 accipiet
353 1740 429 1771 illud,
447 1744 476 1766 nt
489 1739 630 1766 audientes
645 1736 777 1764 faciamus

13 1789 73 1816 Iud?
87 1789 170 1816 Juxta
194 1793 220 1815 te
235 1793 276 1815 est
296 1787 408 1814 verbum
427 1785 503 1812 valde
520 1785 546 1811 in
565 1791 611 1811 ore
632 1788 688 1815 tuo,
704 1787 730 1810 et
749 1783 776 1810 in

13 1836 69 1862 mle
92 1840 151 1864 tuo.
175 1840 201 1860 et
220 1833 245 1860 iu
264 1833 392 1859 manibus
409 1831 473 1864 tuis,
491 1834 520 1857 ut
537 1829 621 1857 facias
638 1829 702 1856 illud
721 1829 741 1856 ⁸.
764 1838 773 1855 ι

15 1890 56 1908 um
75 1889 144 1916 ergo
166 1880 223 1907 hac
242 1887 276 1906 ex
298 1877 506 1905 Deutcronomio
522 1880 659 1910 assumpta
674 1875 739 1906 sint,
752 1878 780 1902 et

18 1927 139 1962 postulas
160 1925 263 1953 scribat
285 1924 348 1958 quia
367 1923 488 1958 jus'itia,
505 1929 565 1957 quae
586 1929 617 1948 ex
634 1921 685 1948 fide
701 1926 742 1948 est
756 1921 778 1954 ',

13 1982 46 1999 Ihil
68 1974 127 1999 haec
148 1971 225 2002 dicit,
241 1977 301 2004 qua).
320 1974 361 1996 est
380 1968 523 2000 Christus;
543 1966 603 1994 sine
621 1965 703 1993 dubio
723 1966 778 2002 (87)

13 2025 40 2044 tae
57 2018 83 2044 in
98 2017 310 2045 Deuteronomio
322 2017 448 2044 dicuntur
464 2014 611 2050 Apostolus
625 2021 640 2041 a
663 2013 772 2041 Christo

13 2071 49 2092 eta
65 2074 128 2094 esse
138 2066 306 2100 pronuntiat.
318 2065 375 2099 Ipse
385 2070 426 2092 est
442 2072 507 2098 ergo
518 2063 565 2098 qui
578 2063 659 2090 dicit:
675 2072 683 2087 ι
696 2061 772 2088 Mau-

13 2117 71 2138 tum
86 2113 150 2145 hoc,
173 2113 243 2147 quod
263 2118 312 2146 ego
332 2112 365 2139 do
382 2110 429 2138 tibi
442 2111 531 2141 hodie,
548 2117 600 2136 non
615 2113 655 2136 est
673 2115 769 2142 super-

828 916 977 943 descendat
990 915 1015 942 in
1029 915 1167 951 abyssum.
1181 921 1280 951 putans
1301 917 1336 944 ibi
1360 922 1462 945 tantum
1483 920 1619 947 contineri

827 962 976 994 Christum,
988 961 1065 996 quasi
1079 961 1166 989 simile
1177 962 1213 988 sit
1226 962 1366 990 Christum
1382 971 1511 992 revocare
1520 972 1535 992 a
1547 973 1620 993 moe-

829 1008 891 1040 tuis,
912 1008 948 1035 ita
962 1007 1100 1042 subiungit
1116 1016 1122 1034 :
1141 1016 1151 1033 ‹
1167 1007 1223 1035 11οε
1237 1013 1289 1040 est,
1305 1008 1444 1036 Christum
1463 1009 1618 1038 reducere:

827 1054 951 1082 mortuis.
967 1063 976 1080 ι
993 1054 1046 1081 Sed
1061 1055 1107 1088 ita,
1121 1054 1215 1088 inquit,
1228 1054 1309 1082 debes
1329 1055 1430 1082 sentire
1449 1056 1482 1082 de
1497 1056 1615 1089 Christo,

829 1103 956 1133 tanquam
971 1098 1004 1125 de
1016 1098 1113 1131 Verho,
1129 1103 1156 1126 et
1171 1098 1295 1131 veritate,
1307 1103 1334 1126 et
1349 1100 1490 1134 sapientia.
1502 1106 1529 1127 et
1535 1100 1617 1134 justi-

827 1145 862 1173 tia
889 1144 948 1173 Dei.
965 1144 1028 1171 Hzec
1046 1149 1135 1172 autem
1150 1144 1238 1171 omnia
1259 1151 1309 1171 non
1329 1144 1425 1171 inloco
1439 1150 1614 1179 qumruntur,

826 1191 872 1218 sed
886 1190 984 1225 ubiqtte
996 1191 1092 1218 adsunt
1105 1198 1112 1216 :
1128 1196 1215 1224 neque
1229 1189 1261 1215 ab
1283 1189 1395 1217 infernis
1412 1189 1477 1217 locis
1487 1190 1542 1227 (90)
1550 1200 1615 1219 evo-

828 1236 1021 1272 cantur-£23
1029 1236 1076 1264 sed
1085 1236 1236 1264 tuentesola
1251 1235 1441 1270 intellectuque
1459 1237 1613 1271 capiuntur.

826 1280 966 1315 Tanquam
978 1281 1095 1308 Verbum
1109 1288 1173 1316 ergo
1185 1286 1211 1308 et
1227 1281 1358 1316 sapientia
1376 1289 1459 1316 prope
1475 1287 1515 1309 est
1530 1283 1556 1310 in
1567 1290 1615 1310 ore

826 1330 872 1353 tuo
897 1329 923 1353 et
945 1325 972 1353 in
991 1327 1072 1354 corde
1088 1330 1143 1354 tuo.
1160 1326 1191 1354 Et
1211 1335 1222 1352 ‹
1238 1327 1288 1353 hoc
1307 1331 1358 1358 est,
1380 1327 1476 1361 inquit,
1501 1328 1613 1355 verbum

826 1372 887 1399 fidei
897 1371 953 1408 (91)
963 1371 1034 1407 quod
1049 1373 1237 1407 pricdicamus.
1249 1372 1316 1406 Quia
1332 1372 1353 1399 si
1369 1373 1558 1400 confitearisin
1567 1381 1616 1400 ore

826 1423 872 1445 tuo
887 1418 1028 1446 Dominum
1039 1418 1142 1450 Jesutn,
1155 1419 1338 1446 etcredideris
1352 1419 1379 1446 in
1389 1419 1471 1446 corde
1485 1424 1530 1446 tuo
1543 1421 1614 1454 quod

825 1465 897 1492 Deus
913 1464 987 1492 illum
1003 1465 1146 1492 suscitavit
1163 1473 1176 1492 a
1195 1466 1320 1496 mortuis.
1337 1465 1428 1492 salvus
1449 1466 1516 1492 eris.
1527 1464 1615 1493 Corde

825 1511 895 1539 enim
910 1511 1030 1539 creditur
1045 1511 1078 1538 ad
1092 1511 1237 1545 justitiam,
1263 1519 1313 1539 ore
1327 1516 1416 1539 autem
1433 1511 1566 1540 confessio
1585 1513 1615 1539 fit

828 1556 856 1584 in
883 1556 998 1583 salutem
1014 1556 1034 1582 '.
1055 1566 1064 1582 ι
1092 1556 1227 1584 Debemus
1253 1557 1336 1583 etiam
1355 1557 1407 1584 hoc
1424 1557 1493 1585 scire
1508 1576 1517 1590 ,
1543 1558 1613 1592 quod

827 1601 899 1629 aliud
917 1607 959 1630 est
979 1602 1184 1636 possibilitatem
1196 1610 1257 1630 esse
1272 1603 1297 1629 in
1313 1602 1413 1636 aliquo,
1435 1601 1508 1629 aliud
1524 1602 1614 1630 emea-

826 1648 896 1676 ciatn
918 1648 958 1675 vel
982 1648 1153 1675 eliieientiam
1168 1648 1236 1683 (92),
1258 1649 1330 1683 quod
1353 1648 1438 1676 Grteei
1455 1648 1569 1683 δύναμιν
1585 1652 1613 1676 el

826 1694 964 1730 ἐνέργειαν
979 1694 1035 1729 (95)
1053 1699 1159 1721 vocant.
1174 1694 1253 1722 Verbi
1267 1703 1365 1722 causa:
1383 1695 1515 1722 Parvulos
1526 1702 1612 1727 nuper

825 1744 904 1767 natus
911 1739 1091 1774 possibilitate
1104 1739 1272 1767 rationabilis
1280 1740 1362 1767 homo
1373 1744 1412 1767 est
1424 1748 1431 1766 :
1442 1745 1529 1774 potest
1539 1739 1610 1766 enim

824 1793 884 1814 esse
900 1785 1070 1812 rationabilis
1084 1785 1106 1812 si
1121 1785 1278 1813 adoleverit.
1293 1785 1325 1812 Et
1340 1785 1519 1820 possibilitate
1527 1785 1610 1812 etiam

823 1831 911 1864 faber,
925 1836 953 1858 et
968 1831 1144 1866 gubernator,
1160 1835 1188 1858 et
1209 1831 1403 1866 grammaticus
1416 1830 1534 1861 dicitur;
1547 1837 1611 1864 pos-

827 1876 904 1904 sibile
917 1877 989 1903 enirn
1006 1880 1089 1903 estut
1107 1876 1202 1903 horum
1225 1875 1326 1910 aliquid
1342 1875 1386 1902 sit.
1405 1874 1528 1902 Ellicacia
1544 1882 1609 1902 vero

827 1920 868 1947 vel
891 1920 1044 1953 efﬁcientia,
1067 1921 1117 1947 hoc
1131 1924 1183 1952 est,
1200 1927 1228 1947 re
1244 1921 1300 1955 ipsa
1317 1924 1398 1954 atque
1413 1918 1525 1950 effectu,
1542 1919 1609 1945 nihil

827 1967 922 1994 horum
935 1971 976 1994 est
990 1967 1052 1994 dum
1067 1971 1108 1994 est
1118 1966 1246 2001 parvulus
1258 1975 1265 1994 :
1278 1966 1324 1993 sed
1339 1965 1361 1993 si
1375 1965 1489 1999 coeperit
1506 1964 1545 1991 vel
1563 1972 1608 1991 ra-

827 2014 907 2041 tionis
921 2013 975 2048 jam
989 2020 1072 2048 capax
1087 2021 1157 2044 esse.
1173 2012 1215 2040 vel
1235 2012 1337 2046 aliquid
1350 2010 1454 2038 fabrilis
1470 2011 1548 2042 artis,
1563 2015 1610 2038 aut

824 2059 969 2093 cuiuslibet
984 2059 1095 2086 alterius
1111 2059 1227 2091 etlicere,
1246 2063 1308 2085 tunc
1318 2057 1375 2092 jam
1390 2057 1507 2085 eilicacia
1524 2057 1610 2084 ratio-

825 2105 1039 2137 nabilisdicitur,
1052 2104 1092 2131 vel
1106 2103 1191 2136 faber,
1204 2103 1244 2130 vel
1252 2103 1320 2130 sicut
1334 2103 1398 2129 illud
1412 2108 1452 2131 est
1467 2101 1523 2138 (9‘)
1538 2102 1609 2138 quod

15 2166 56 2193 "l
72 2167 138 2194 Cor.
161 2175 181 2199 t,
200 2166 245 2194 50.
282 2167 305 2182 ”
318 2165 394 2194 Jo‘an.
411 2173 477 2196 xvn,
494 2165 521 2192 5.
560 2165 568 2180 ¹
585 2163 696 2199 ibiibi.
733 2163 744 2178 '
761 2163 765 2189 i

851 2161 869 2194 ἲ,
881 2161 922 2199 λ
945 2160 955 2176 ³
967 2160 1061 2199 Matth:
1079 2167 1149 2199 xxv;
1161 2160 1205 2190 55.
1225 2160 1331 2199 ὅληόβρ
1343 2159 1388 2187 41.
1426 2159 1437 2176 ⁸
1450 2160 1526 2187 Deut.
1539 2167 1605 2192 xxx,

17 2202 70 2229 -14,
110 2202 214 2229 “Rom.
229 2210 255 2233 x,
274 2203 301 2228 ti.
339 2201 348 2216 ⁸
365 2203 442 2228 Deut.
460 2208 525 2231 xxx,
544 2199 587 2225 11.

15 2249 69 2282 (85)
91 2249 163 2276 Editi
178 2268 186 2279 ,
211 2259 219 2274 ι
233 2249 278 2275 Illa
304 2256 368 2274 vero
389 2247 455 2281 legis
473 2245 589 2279 justitia,
615 2251 696 2278 quam
723 2243 766 2276 qui
784 2246 806 2273 Ι)

13 2281 71 2310 :erit
85 2285 182 2314 homo,
198 2292 250 2310 non
273 2284 342 2310 dixit
365 2283 390 2309 iri
415 2287 548 2309 :cterntltn
561 2300 569 2312 ,
587 2281 633 2306 sed
650 2283 768 2305 tanturn-

13 2320 73 2349 odo,
90 2320 165 2346 vivet
182 2319 208 2345 in
229 2327 258 2345 ca
275 2328 282 2344 :
301 2319 372 2352 quod
393 2317 453 2343 finis
474 2316 539 2352 legis
555 2317 601 2350 (ut
622 2314 766 2352 Apostolus

13 2354 53 2386 ait)
68 2348 198 2381 Christus
212 2357 262 2385 est,
279 2348 327 2379 nec
343 2353 398 2386 ipsa
411 2360 470 2384 «piae
484 2348 515 2377 ex
529 2348 588 2386 lege
600 2348 764 2381 estjuslitia,

14 2397 36 2414 te
56 2389 171 2416 Christo
192 2388 330 2420 adizupleri
351 2388 438 2421 potuit
452 2407 459 2416 ,
480 2385 684 2421 quiatinemLi
709 2387 764 2421 etc.

13 2431 40 2450 is.
56 2425 112 2450 duo
130 2423 206 2457 Regii
221 2433 226 2449 :
248 2417 318 2449 ιἸΗλ
335 2417 399 2448 vero
417 2417 652 2457 legisjustitiaqui
671 2417 767 2444 fecerit

13 2467 105 2486 11.0....
125 2453 197 2492 quod
217 2458 277 2484 finis
289 2457 347 2492 (aL,
364 2466 373 2481 ‹
385 2453 494 2492 (ιιιοᾶλῄ
510 2453 585 2487 linis)
599 2453 674 2486 legis,
688 2462 696 2477 ι
712 2457 765 2492 etc.

13 2493 30 2518 ι]
43 2501 95 2520 nis.
120 2490 222 2526 Regius
237 2490 310 2519 unni.
333 2491 401 2518 1659
416 2495 443 2517 et
459 2490 585 2516 [tabanus
603 2493 675 2526 recte
692 2491 720 2526 ut
740 2490 765 2525 in

13 2533 69 2555 astro
83 2521 177 2559 textu:
188 2527 240 2554 nisi
253 2527 324 2561 quod
337 2527 405 2553 alios
421 2525 527 2561 habeat.
545 2523 693 2561 «quoniam
706 2521 767 2548 linis

13 2564 61 2596 gis;
77 2574 87 2589 ι
102 2563 177 2590 alius
191 2558 270 2594 vero,
284 2571 293 2587 ε
309 2561 380 2597 quod
396 2559 498 2597 siriinis
513 2558 610 2592 Iegis,t
631 2562 689 2597 ειε.⁸
710 2595 713 2597 _
735 2591 740 2596 Ι

14 2599 67 2634 (8η)
97 2598 193 2629 Alias,
220 2605 229 2622 ε
245 2597 289 2632 qui
307 2595 323 2623 ει
347 2596 448 2623 dextris
471 2599 542 2627 sunt,
563 2596 589 2619 et
603 2600 618 2619 a
638 2595 766 2624 sinistris,

13 2653 19 2665 ,
35 2643 43 2659 ι
60 2640 116 2662 etc.

15 2669 68 2704 (87)
83 2668 174 2704 Editi,
188 2676 198 2693 ‹
209 2666 304 2694 ordine
321 2663 501 2704 piqgﬂmale.
610 2697 616 2703 Ι
761 2696 767 2702 _

14 2697 68 2739 (88)
83 2703 135 2731 Ms.
150 2702 257 2739 _Regius
268 2697 340 2728 nutu.
356 2700 435 2739 1959,
448 2703 531 2729 recte,
545 2706 554 2723 ι
569 2697 616 2724 tibi
631 2705 638 2730 ;
655 2705 664 2722 ι
676 2697 767 2739 claeteri

15 2730 135 2769 inquis;
150 2730 279 2764 Rabanus
300 2740 326 2763 et
346 2735 410 2762 editi
429 2730 596 2769 perperam,
624 2741 634 2758 ι
651 2730 739 2769 vobis.
754 2739 764 2757 ι

13 2774 79 2801 inde
93 2766 172 2804 editi,
187 2779 256 2798 «non
269 2766 558 2805 estsuperexalta'tum,
574 2773 660 2801 neque
674 2766 764 2801 longe,

15 2814 113 2835 t-zetera
126 2814 200 2841 qum,
213 2816 222 2832 ι
239 2811 293 2833 etc.

13 2843 66 2878 (S9,
91 2834 156 2869 Na'n
170 2834 237 2867 dixit
249 2841 293 2875 qui
304 2841 366 2876 fuit,
381 2840 441 2872 sed,
456 2839 500 2875 qui
520 2842 556 2865 est
571 2837 598 2863 in
613 2835 686 2863 caelo.
701 2834 764 2863 Ihec

122 2889 260 2920 ΡΑτῐιοι..
277 2889 335 2920 Gn.
354 2888 440 2920 XIV.

625 2199 634 2214 ⁷
645 2197 722 2225 Joau.
741 2205 781 2229 tit,
799 2197 843 2223 15.

880 2196 891 2211 ⁸
906 2196 983 2222 Rom.
999 2203 1025 2227 ις,
1042 2195 1069 2224 6.
1106 2196 1117 2211 ³
1132 2195 1210 2223 Rom.
1226 2204 1253 2226 x,
1267 2195 1341 2222 8-10.

822 2243 1011 2270 desiderantur
1026 2242 1051 2268 in
1067 2241 1185 2267 editione
1197 2240 1374 2267 chebrardi.

857 2276 911 2313 (90)
933 2276 978 2303 Sic
992 2284 1041 2303 ins.
1057 2275 1244 2313 Regiusnuui.
1262 2276 1330 2302 1659
1348 2280 1374 2313 et
1386 2275 1523 2313 “abantis.
1543 2274 1606 2313 Ca:-

822 2309 871 2339 teri
888 2309 951 2339 vero
972 2318 1038 2338 tnss.
1053 2315 1080 2338 et
1101 2309 1177 2343 editi,
1204 2320 1212 2335 ι
1227 2317 1315 2346 neque
1334 2310 1367 2337 ab
1385 2309 1485 2338 inferni
1499 2309 1576 2341 locis,
1593 2318 1602 2335 ι

820 2351 872 2374 etc.

856 2381 911 2417 (91)
924 2381 1004 2412 Editi,
1021 2380 1181 2417 qTanquam
1196 2379 1312 2417 Verbum
1329 2387 1393 2414 ergo
1406 2383 1432 2406 et
1450 2378 1602 2417 Sapientia.

821 2415 907 2450 Prope
923 2421 963 2442 est
975 2416 1085 2442 verbum
1104 2417 1129 2441 in
1142 2422 1190 2442 ore
1201 2419 1246 2441 tuo
1259 2420 1286 2441 et
1301 2415 1326 2441 in
1344 2417 1426 2442 corde
1440 2418 1496 2446 tuo,
1513 2418 1540 2440 et
1556 2415 1606 2441 hoc

821 2457 863 2478 est
879 2451 992 2477 verbum
1005 2450 1077 2480 fidei,
1095 2459 1103 2475 ι
1118 2455 1171 2478 etc.

857 2485 913 2521 (92)
929 2485 974 2511 Sic
990 2485 1053 2521 editi
1073 2489 1100 2511 et
1120 2492 1171 2511 ms.
1188 2483 1287 2521 Regius
1308 2491 1384 2521 num.
1409 2482 1605 2521 1659._C:‘eteri

822 2518 885 2547 vero
903 2527 966 2547 mss.
980 2524 1007 2546 et
1023 2519 1158 2552 “altanus,
1175 2527 1184 2544 ‹
1203 2519 1275 2553 quod
1289 2519 1361 2545 aliud
1371 2523 1412 2546 est
1427 2518 1608 2553 possibilitate

821 2563 882 2583 esse
910 2555 935 2581 in
952 2555 1053 2588 aliquo,
1066 2554 1138 2581 aliud
1149 2553 1266 2581 eliicacia
1280 2554 1318 2579 vel
1331 2553 1485 2588 eilicientia.
1505 2562 1514 2579 I

858 2590 913 2625 (95)
935 2589 980 2616 Sic
995 2587 1044 2625 ms.
1061 2589 1159 2623 Regius
1175 2597 1249 2614 llunl.
1265 2589 1331 2625 "5.39
1344 2593 1369 2615 et
1384 2587 1522 2615 “altanus.
1536 2589 1606 2625 Ε.ᾱίιί

823 2623 907 2657 vero,
924 2633 934 2650 ‹
955 2624 1140 2651 endelechiam
1167 2629 1194 2650 et
1220 2623 1356 2658 energiatn
1375 2627 1482 2650 vocant.
1503 2633 1513 2649 ι
1539 2624 1606 2652 Mss.

822 2660 949 2695 quidaml
961 2667 979 2695 «ν
990 2658 1099 2688 didami,
1118 2658 1402 2695 et__e_nergia_voeant_.r
1413 2667 1422 2683 ι

858 2693 914 2730 (94)
933 2693 1060 2730 [tabanus
1077 2697 1104 2720 et
1117 2693 1193 2730 editi,
1210 2691 1403 2730 {velsiuquid
1423 2691 1495 2719 aliud
1519 2697 1570 2730 esl_,
1592 2702 1601 2730 ι

820 2727 872 2757 ειεζ
885 2727 949 2756 Mss.
964 2728 1098 2763 plerique,
1114 2736 1124 2763 ᾳ
1141 2728 1182 2754 vel
1195 2727 1216 2755 si
1230 2727 1295 2762 quid
1311 2727 1441 2763 illudest,
1460 2736 1470 2752 ι
1485 2732 1538 2754 etc.
1551 2728 1604 2754 Sed

821 2761 996 2800 rectiusqttis.
1020 2761 1089 2790 unus
1113 2762 1213 2798 Regius
1236 2761 1311 2790 num.
1337 2761 1402 2789 l6“
1425 2766 1453 2789 ut
1470 2762 1496 2789 in
1511 2767 1605 2790 nostro

818 2802 904 2828 textu.

1451 2880 1488 2909 3'1
