1831 3052
28 115 87 142 1163

468 112 648 141 COMMENT.
670 112 703 140 IN
725 112 837 141 EPIST.
858 113 902 140 AD
922 112 1006 140 ROM.
1029 113 1093 142 Llli.
1113 113 1179 141 Vill.

1562 116 1630 143 “65

27 179 110 201 vocent
124 174 166 200 ubi
183 173 347 208 paenitentia:
356 173 437 200 locus
450 181 502 200 non
531 179 583 201 est.
602 174 634 201 Et
649 175 712 201 hinc
728 174 794 201 dicit
809 177 832 204 Α
846 181 894 201 eos
909 175 941 206 υ,
958 183 967 200 ι
986 174 1045 202 sine
1060 174 1143 202 dubio
1168 175 1304 203 Christum
1320 174 1414 202 Jesum
1434 175 1579 203 Dominum
1594 177 1635 203 iu-

25 220 77 253 quia
93 227 102 244 ι
120 217 280 245 invocabitis
299 225 352 250 me,
367 222 394 244 et
413 225 464 252 ego
479 225 532 244 non
547 219 689 245 exaudiam
709 226 766 246 vos.
785 227 794 244 ι

25 265 109 292 Sermo
132 269 220 290 tamen
252 263 298 291 ltie
319 271 400 298 quem
418 264 493 297 ponit
516 263 670 296 Apostolus,
689 263 714 290 id
727 268 770 290 est
789 272 797 291 :

27 321 35 337 ι
50 311 200 345 Quicunque
230 311 398 337 invocaverit
421 316 518 336 nomen
548 307 677 341 Domini,
705 309 797 336 salvus

24 358 76 387 erit,
87 366 95 382 ι
109 357 176 390 apud
191 355 247 383 Joel
263 357 424 390 prophetam
443 356 494 382 hoc
511 356 590 382 modo
610 356 727 387 scriptus
736 361 797 383 est:

25 414 33 429 ι
48 404 75 430 Ει
91 403 157 430 dabo
182 402 303 437 prodigia
328 402 353 428 in
377 402 447 429 caalo
471 409 596 434 sursum,
625 406 651 429 et
673 402 698 428 in
725 407 796 429 terra

24 449 150 479 deorsum,
165 447 339 483 sanguinem,
358 453 384 474 et
399 447 488 481 ignem
499 467 506 479 ,
526 453 554 474 et
569 454 696 482 vaporem
718 447 795 475 fumi.

26 492 65 519 Sol
76 497 244 520 convcrtetur
264 492 291 519 in
321 492 456 523 tenebras,
470 498 497 519 et
507 492 567 519 luna
587 492 612 518 in
626 493 796 525 sanguinem,

26 538 89 575 prius
101 546 180 572 qttam
190 538 281 564 veniat
290 538 348 565 dies
360 538 464 564 Domini
481 545 593 573 magnus
604 542 629 565 et
639 538 793 571 nobilis(9).

26 584 52 610 iit
62 584 109 610 erit
120 591 127 609 :
140 583 300 617 Quicunque
317 583 484 611 invocaverit
504 591 601 610 nomen
617 583 733 616 Domini,
743 583 797 610 sal~

24 638 64 656 vus
79 631 128 657 erit
142 630 175 657 ¹⁷.
192 640 200 655 ι
219 630 332 656 Videtur
347 633 436 657 tamen
457 629 522 656 mihi
537 629 640 664 grande
653 629 753 663 aliquid
767 629 794 656 in

24 675 161 710 Scripturis
174 675 274 702 divinis
290 675 341 702 snh
357 675 408 702 hoc
422 674 603 702 invocationis
624 675 734 702 nomine
749 675 796 702 de-

22 722 123 755 signari.
135 721 191 748 Non
205 723 276 748 euitn
292 720 348 756 (10)
362 722 395 748 de
408 721 640 755 qualibuscunque
654 721 730 752 viris,
744 721 794 748 sed

22 767 50 793 de
60 767 207 801 ingentibus
220 772 247 794 et
262 767 408 802 praecipuis
420 767 549 794 scribitur
559 767 622 801 quia
634 776 643 792 ι
658 766 729 792 Enos
740 767 795 800 pri-

22 819 74 839 mus
89 812 207 845 speravit
231 811 287 847 (ll)
303 811 430 838 invocare
446 819 544 838 nomen
562 811 666 838 Domini
684 811 723 843 ης
740 821 749 837 ι
767 816 794 838 et

22 856 44 883 in
57 857 167 884 Psalmis
182 866 188 883 :
201 867 210 883 ι
225 858 328 892 Moyses
342 861 368 884 et
379 859 468 884 Aaron
485 857 511 884 in
532 858 715 885 sacerdotibus
726 858 794 892 ejus,

21 908 44 929 et
57 902 160 930 Samuel
179 904 204 930 in
222 904 264 930 his
280 904 324 937 qui
341 904 467 930 invocant
486 911 584 931 nomen
599 904 667 938 ejus.
685 904 794 931 invoca-

20 948 74 975 bant
93 949 245 980 Dominum,
260 956 287 976 et
304 950 360 984 ipse
376 949 539 977 exaudiebat
552 957 615 977 eos:
631 951 656 977 in
669 951 793 978 columna

21 995 90 1021 nttltis
104 994 267 1028 loquebatur
281 995 313 1020 ad
329 1001 375 1020 eos
390 993 422 1019 ".
444 1002 452 1018 ι

50 1038 74 1065 5.
93 1047 101 1064 ι
114 1039 255 1071 Quomodo
268 1046 333 1073 ergo
345 1040 522 1071 invocahunt,
541 1039 566 1067 in
579 1047 659 1074 quem
672 1048 723 1068 non
736 1048 796 1068 cre—

19 1084 153 1111 didcrnnt?
173 1084 227 1112 Ant
251 1084 388 1118 quomodo
403 1085 514 1112 credent
529 1085 565 1117 ei,
586 1092 665 1119 qnent
681 1094 733 1113 non
747 1094 794 1113 au-

21 1130 139 1157 dierunt?
151 1130 292 1163 Quomodo
306 1134 395 1156 autem
411 1130 521 1157 audient
538 1130 598 1157 sine
613 1131 796 1165 praedicante?

20 1175 150 1207 Quomodo
172 1182 237 1202 vero
261 1174 448 1209 pratdicabunt
471 1175 522 1202 nisi
542 1175 702 1202 mittantur?
720 1176 795 1203 Sicut

19 1221 141 1253 scriptum
158 1225 201 1248 est
214 1229 221 1248 :
237 1221 321 1254 Quam
331 1221 444 1256 speciosi
457 1221 538 1256 pedes
551 1221 793 1257 evangelizantium

16 1262 78 1290 bona
91 1265 112 1279 ’°
128 1265 183 1299 (12)
195 1266 200 1292 l
219 1276 228 1291 ι
247 1266 386 1294 Manifeste
398 1268 423 1295 in
437 1268 480 1295 his
494 1269 610 1303 per‘hoc
623 1270 694 1304 quod
711 1270 775 1296 dicit
787 1279 793 1296 :

19 1318 27 1333 ι
42 1308 178 1341 Quomodo
191 1319 255 1345 ergo
270 1312 445 1343 invocabunt,
464 1314 490 1340 in
506 1322 586 1349 quem
601 1323 655 1342 non
673 1315 795 1343 credide-

16 1355 86 1381 runt?
104 1365 113 1380 ι
131 1356 195 1383 illud
212 1357 282 1391 qttod
299 1358 422 1392 superius
442 1360 532 1394 posuit
552 1360 585 1387 de
603 1361 735 1395 propinata
752 1361 794 1388 di-

16 1404 95 1432 ctum,
111 1403 174 1436 quia
195 1412 202 1427 ι
223 1403 310 1430 omnis
334 1404 489 1439 quicunque
513 1405 680 1433 invocaverit
695 1414 794 1433 nomen

16 1444 126 1479 Domini,
143 1449 233 1475 salvus
254 1449 321 1479 erit.
341 1459 349 1475 ι
368 1451 400 1478 ad
421 1451 559 1479 Christum
580 1453 724 1481 Dominum
745 1453 796 1481 do-

18 1493 66 1518 cuit
93 1493 276 1522 reierendunt.
303 1494 449 1530 Postquam
471 1495 542 1522 enim
563 1495 653 1523 dixit:
672 1505 681 1522 ι
698 1497 791 1524 Omnis

16 1538 162 1574 quicunque
194 1540 363 1568 invocaverit
397 1548 493 1568 nomen
532 1541 660 1574 Dotnini,
703 1543 792 1570 salvus

16 1583 61 1609 crit
76 1584 141 1618 (l5),
154 1594 164 1610 ι
176 1584 335 1619 subiungit:
353 1595 363 1611 ι
382 1586 522 1619 Quomodo
540 1594 605 1621 ergo
618 1586 793 1620 invocabtmt,

16 1628 38 1654 in
53 1636 128 1662 quem
142 1638 197 1656 non
212 1631 407 1658 crediderunt?
421 1641 429 1658 ι
442 1631 628 1660 Cltristoenim
644 1631 726 1659 Judazi
740 1640 792 1660 non

16 1675 192 1707 crediderunt,
209 1681 235 1703 et
252 1677 310 1703 ideo
327 1685 377 1704 ttcc
388 1677 517 1705 invocant
530 1685 589 1704 eutn
606 1678 648 1704 cui
665 1685 716 1705 non
731 1685 792 1704 cre-

16 1718 145 1748 dixlcrttnt.
163 1721 216 1748 Sed
232 1727 258 1748 et
276 1721 302 1748 itt
321 1722 453 1758 principio
468 1722 591 1758 Epistolm
605 1730 684 1756 quam
697 1722 728 1748 ad
740 1721 790 1748 Co-

16 1767 123 1794 rinthios
142 1768 251 1799 scribit,
268 1768 312 1795 ubi
335 1769 401 1796 dicit
418 1779 424 1797 :
443 1778 451 1794 t
466 1769 533 1796 Cum
545 1769 673 1795 omnibus
688 1768 733 1802 qui
751 1767 792 1794 in-

16 1817 103 1838 i‘ttcattl
114 1821 212 1840 notnen
224 1812 327 1840 Domini
340 1814 424 1842 nostri
436 1814 492 1850 (Η)
502 1813 565 1842 Jesu
574 1813 672 1842 Christi
683 1813 708 1839 in
717 1812 790 1840 omni

16 1858 66 1885 loco
87 1861 208 1895 ipsurttttt
223 1865 250 1888 et.
264 1866 356 1889 nostro
368 1861 403 1893 εί,
425 1871 434 1888 ι
451 1869 512 1889 eum
527 1860 605 1894 cujus
630 1866 728 1887 nomen
747 1859 785 1886 in-

16 1911 130 1938 vocatur,
161 1907 302 1933 Dominum
317 1907 407 1934 Jesnm
425 1908 561 1935 Christum
577 1906 631 1942 (iii)
647 1913 706 1934 esse
728 1912 790 1940 pro-

16 1953 122 1980 nuntiat.
147 1952 176 1979 Si
195 1960 258 1986 ergo
272 1957 299 1980 et
312 1954 394 1986 Enns,
411 1958 438 1980 et
461 1954 578 1989 Moyses,
594 1957 621 1980 et
638 1952 741 1985 Aaron,
764 1955 792 1979 et

16 1996 114 2024 Samuel
133 2007 143 2023 ι
161 1999 325 2026 invocabant
343 2000 496 2032 Dominum,
518 2005 545 2026 et
558 2000 613 2033 ipse
630 1997 793 2024 exaudiebat

43 2065 61 2079 ¹⁷
72 2064 142 2092 Joel.
157 2073 188 2097 tt.
201 2065 249 2093 50—
261 2065 306 2093 5‘2.

16 2106 63 2126 tcvt
79 2108 96 2131 I,
111 2101 139 2128 6.
182 2101 293 2128 "Joan.
311 2109 338 2133 v,
352 2101 396 2128 23.
450 2102 491 2128 "l
509 2102 570 2128 Cir.
583 2109 602 2134 ι,
619 2101 646 2127 2.
684 2101 705 2116 ¹⁵
715 2099 782 2128 ibid.

345 2067 366 2082 ¹⁸
379 2066 446 2093 Gen.
462 2074 498 2096 tv,
513 2066 556 2093 36.
587 2067 609 2082 ¹⁹
621 2065 692 2093 Psal.
714 2070 804 2095 xcvnt,
818 2062 844 2088 6.
929 2063 952 2080 ³ο
966 2063 1041 2090 Rom.

352 2101 396 2125 23.
450 2102 490 2125 "l
509 2102 570 2125 Cir.
583 2109 602 2125 ι.
619 2101 646 2125 2.
684 2101 705 2116 ¹⁵
716 2099 782 2125 ibid.
821 2099 854 2114 ’δ’
869 2098 948 2125 Rom.
965 2106 991 2125 ι.
1009 2098 1041 2124 14

850 222 998 247 vocabant:
1015 226 1042 247 et
1058 221 1081 248 si
1104 220 1234 248 invocare
1248 228 1344 248 nomen
1365 221 1484 253 Domini,
1506 226 1533 248 et
1555 229 1635 248 orare

851 267 1006 299 Dominttm,
1021 274 1104 293 unum
1121 271 1202 301 atque
1219 267 1289 294 idem
1306 272 1365 299 est;
1394 268 1465 294 sicut
1493 268 1635 296 invocatur

849 312 930 344 Dens,
939 311 1108 338 invocantlus
1119 317 1161 338 est
1173 311 1313 343 Christus;
1326 316 1354 339 ct
1362 312 1431 339 sicut
1445 318 1542 340 oratur
1553 313 1634 342 Dens.

849 357 884 384 ita
897 361 924 383 et
938 357 1058 384 orandus
1075 361 1117 384 est
1134 357 1280 388 Christus;
1297 363 1322 383 et
1335 359 1406 385 sicut
1423 357 1564 386 oiTerimus
1577 359 1633 393 (16)

849 402 903 429 Deo
919 401 992 429 Patri
1017 402 1105 437 primo
1121 403 1243 429 omnittm
1257 403 1405 435 orationes,
1427 405 1462 431 ita
1477 409 1504 432 et
1519 405 1633 432 Domino

847 446 910 474 Jesn
927 447 1050 479 Christo;
1069 451 1097 474 et
1112 448 1183 475 sicut
1206 446 1344 475 ol‘l‘crimns
1362 449 1558 483 postulationes
1582 449 1633 477 Pa.

850 492 896 520 tri,
910 493 946 520 ita
962 492 1104 520 oli'erimus
1131 493 1328 528 postulationes
1353 499 1380 520 ot
1399 494 1484 526 Filio;
1512 499 1539 522 et
1561 495 1632 523 sicut

847 537 986 565 oﬂ‘erimus
1002 538 1152 572 gratiarum
1176 539 1297 566 actiones
1318 539 1389 571 Deo,
1417 540 1452 566 ita
1478 545 1506 567 et
1529 541 1632 574 gratias

846 582 988 610 oﬂ‘erimus
1008 583 1153 611 Salvatori.
1176 584 1263 612 Unttm
1281 593 1396 619 namque
1417 587 1526 619 utrique
1544 586 1631 613 Itono-

848 636 904 656 rent
921 628 1108 660 deferendum,
1135 629 1160 656 id
1185 634 1227 656 est
1258 630 1342 662 Patri,
1366 635 1394 658 et
1421 631 1498 663 Filio,
1525 632 1631 659 divinus

846 675 942 701 edocet
959 681 1048 702 sermo
1065 682 1126 701 cum
1140 675 1204 702 dicit
1221 683 1227 702 :
1247 685 1256 701 ι
1276 675 1311 703 Ut
1324 683 1416 702 omnes
1432 675 1487 711 (l7)
1502 677 1632 704 honorifi-

846 725 908 746 cent
928 719 1040 753 Filium,
1068 721 1138 748 sicut
1154 721 1337 748 honorificam
1358 721 1467 749 Patrem
1480 722 1513 749 ".
1532 732 1540 748 ι
1555 722 1631 756 Quod

847 766 927 792 tuodo
942 765 997 800 (l8)
1015 771 1106 792 autem
1119 766 1154 793 de
1171 766 1290 799 Epistola
1311 766 1344 793 ad
1361 766 1519 794 Corinthios
1534 775 1631 802 propo-

847 810 962 842 suimus,
974 811 1173 844 ubiApostolus
1191 811 1278 845 primo
1293 811 1402 845 quidem
1419 811 1499 838 dicit:
1514 821 1523 837 ι
1539 812 1632 838 Eccu-

847 856 893 883 sia:
916 855 973 888 Dei,
990 863 1048 890 qum
1071 860 1113 883 est
1127 857 1260 889 Corinthi,
1282 857 1460 885 sanetilicatis
1478 858 1503 885 in
1522 858 1632 886 Christo

845 901 920 934 Jesu,
935 903 1038 929 vocatis
1055 903 1196 935 sanctis",
1217 913 1227 929 ι
1241 908 1269 930 et
1286 908 1345 937 post
1357 903 1631 938 harc,quasialterius

847 946 947 981 gradus
972 951 1000 975 et
1020 947 1132 975 alterius
1154 948 1258 976 ordinis
1274 949 1327 976 sint
1341 948 1410 983 (l9),
1438 949 1474 976 ita
1492 950 1632 986 subiungit

846 993 990 1027 quosdam,
1014 993 1047 1020 de
1073 994 1170 1028 quibus
1188 995 1273 1022 dicit:
1299 1004 1308 1020 ι
1325 995 1392 1022 Ctttn
1421 996 1557 1023 universis
1584 998 1630 1031 qtti

846 1037 973 1064 invocant
995 1046 1093 1065 nomen
1123 1039 1230 1066 Domini
1253 1039 1338 1066 nostri
1366 1040 1421 1074 (ΞΟ)
1440 1040 1503 1068 Jcsu
1529 1041 1629 1069 Christi

846 1083 873 1110 in
903 1083 975 1110 omni
999 1083 1058 1110 loco
1080 1083 1200 1118 ipsorum
1228 1089 1255 1111 ct
1274 1090 1366 1112 nostro
1383 1086 1405 1101 ’⁵
1427 1095 1433 1112 :
1460 1096 1469 1112 ι
1494 1087 1629 1114 videbitur

846 1128 970 1159 fortassis
995 1129 1095 1157 habere
1123 1130 1223 1164 aliquid
1254 1131 1436 1166 dilferentiaa,
1465 1134 1538 1168 quod
1567 1134 1627 1162 illos

845 1174 953 1208 quidem
978 1174 1126 1202 Ecclesiam
1154 1176 1201 1203 Dci
1229 1176 1361 1209 nominat,
1384 1182 1411 1205 ct
1432 1178 1616 1206 sanctiﬁcatos

845 1223 871 1245 et
899 1224 1008 1246 vocatos
1033 1225 1141 1247 sanctos
1160 1228 1166 1246 :
1184 1221 1249 1247 istos
1279 1225 1368 1248 autem
1395 1226 1498 1248 tantum
1513 1241 1522 1255 ,
1552 1232 1562 1248 ι
1579 1225 1625 1257 qui

844 1263 925 1300 625
942 1265 1068 1291 invocant
1084 1273 1180 1292 nomen
1197 1266 1302 1293 Domini
1317 1267 1402 1294 nostri
1417 1267 1479 1295 Jesu
1495 1269 1625 1297 Christi.-

845 1310 877 1336 Et
895 1309 957 1337 vide
970 1317 1003 1338 ne
1019 1310 1089 1337 forte
1111 1311 1162 1338 ista
1184 1311 1329 1339 diversitas
1346 1312 1398 1339 tale
1413 1313 1512 1347 aliquid
1534 1320 1628 1341 πειρη-

846 1356 899 1387 dat,
917 1355 996 1390 quale
1011 1360 1038 1383 ct
1057 1363 1175 1390 praesens
1190 1358 1295 1384 videtur
1309 1357 1407 1385 habere
1423 1359 1579 1393 capitulum.
1600 1361 1626 1387 in

845 1410 898 1436 quo
912 1402 990 1430 docet
1014 1410 1068 1430 non
1091 1410 1170 1436 posse
1187 1403 1306 1431 invocari
1319 1403 1375 1438 (2|)
1392 1411 1488 1431 nomen
1509 1405 1626 1440 Domini,

845 1447 895 1474 nisi
909 1447 984 1482 prius
998 1448 1121 1475 credatur
1134 1448 1159 1475 in
1177 1448 1313 1476 Cltristnm
1326 1449 1370 1476 ¹⁵”.
1381 1449 1448 1478 Cum
1463 1454 1551 1477 autem
1562 1459 1627 1479 cre-

846 1491 944 1519 diderit
959 1492 1019 1527 quis
1034 1492 1143 1520 Christo
1156 1512 1164 1526 ,
1179 1493 1285 1522 etiamsi
1312 1495 1428 1521 nondum
1443 1495 1627 1525 sanctiﬁcatus

845 1537 891 1570 sit,
909 1542 934 1565 ct
948 1538 1076 1566 Ecclesia:
1090 1538 1195 1572 corpori
1210 1539 1337 1572 sociatus,
1357 1545 1444 1567 tamen
1463 1547 1574 1569 necesse
1585 1547 1627 1570 est

842 1583 935 1618 utjam
952 1584 1059 1611 invocet
1074 1591 1135 1611 cum
1150 1585 1192 1611 cui
1209 1584 1334 1613 credidit.
1356 1586 1479 1614 Cltristtts
1494 1587 1565 1614 enim
1582 1594 1627 1614 ve-

842 1629 882 1656 nit
897 1637 1026 1657 munuum
1042 1630 1218 1658 reconciliare
1239 1631 1304 1661 lico,
1321 1635 1348 1657 et
1363 1632 1504 1659 credentes
1520 1632 1571 1659 sibi
1584 1633 1626 1659 of—

840 1674 914 1702 ferre
930 1676 1014 1703 Patri.
1035 1676 1108 1709 Quos
1126 1682 1214 1703 autem
1232 1676 1308 1704 oii'ert
1326 1677 1420 1711 Patri,
1435 1679 1552 1714 Spiritus
1565 1688 1628 1708 san-

840 1726 901 1748 ctus
922 1721 1044 1756 suscipit,
1069 1727 1099 1749 ut
1120 1723 1270 1750 sanctiﬁcat
1285 1730 1341 1755 eos,
1359 1728 1387 1750 ct
1400 1728 1527 1758 tanquam
1544 1725 1626 1752 ctele-

844 1767 894 1794 stis
907 1767 962 1803 (ἓὲ)
977 1767 1100 1795 Ecclesiae
1114 1769 1310 1802 pritnitivurutn
1324 1769 1346 1784 '°
1363 1771 1481 1797 membra
1494 1771 1625 1803 viviﬁcet,

844 1817 925 1846 atque
946 1813 972 1839 in
988 1813 1150 1840 soliditatem
1169 1814 1250 1840 totius
1272 1814 1396 1847 corporis
1417 1814 1624 1848 perfectionem-

846 1866 899 1894 que
924 1859 1047 1886 restituat
1059 1878 1067 1890 ,
1084 1863 1110 1886 et
1124 1859 1158 1886 ita
1173 1860 1279 1886 demntn
1303 1860 1425 1888 Ecclesia
1443 1860 1489 1887 Dei
1507 1868 1561 1888 non
1574 1861 1624 1888 ha—

845 1905 912 1932 bens
936 1904 1066 1932 maculam
1085 1911 1172 1938 neqtte
1194 1912 1286 1940 rugam
1301 1905 1322 1920 "
1337 1904 1394 1940 (-25)
1418 1905 1546 1940 appellati
1569 1913 1626 1934 me-

846 1955 966 1978 reantur.
985 1950 1062 1978 Prius
1078 1958 1145 1986 ergo
1161 1959 1241 1986 quam
1258 1952 1291 1978 ad
1306 1952 1417 1985 gradum
1434 1953 1521 1979 istius'
1535 1953 1625 1987 perfe-

845 1995 942 2023 ctionis
966 1998 1094 2024 accedant
1114 1997 1188 2033 (24),
1207 2002 1332 2032 tanquam
1352 1998 1506 2026 mediatoris
1526 1997 1574 2025 Dei
1598 2004 1626 2026 et

929 2063 952 2080 ²⁰
966 2063 1043 2090 Rom.
1059 2072 1085 2096 x,
1104 2063 1147 2094 M,
1161 2063 1203 2090 l5.
1260 2064 1282 2079 ἰ
1298 2063 1305 2090 Ι
1320 2064 1382 2091 Cor.
1396 2072 1414 2094 ι.
1433 2064 1461 2092 2.
1517 2065 1539 2080 ¹³
1551 2064 1625 2093 Psal.

1091 2099 1114 2114 ”
1130 2098 1211 2125 llebr.
1225 2106 1274 2131 stt,
1287 2098 1331 2125 25.
1370 2100 1391 2114 ¹⁷
1406 2099 1505 2134 Ephes.
1522 2107 1566 2132 xv,
1578 2099 1623 2127 27.

39 2159 75 2194 (9)
98 2159 145 2186 Sic
161 2166 226 2186 mss.
246 2158 368 2194 plerique
394 2165 422 2187 et
448 2159 524 2186 editi.
553 2159 601 2185 Ms.
619 2163 707 2194 tamen
726 2158 787 2192 qui-
804 2159 827 2188 D
842 2166 915 2194 nutn.
932 2157 1000 2185 i639
1012 2162 1038 2184 et
1054 2157 1191 2194 Rabanus,
1209 2161 1261 2194 ret
1283 2166 1363 2184 orare
1376 2158 1519 2186 Dominum
1537 2177 1544 2185 .
1562 2178 1570 2186 .
1589 2180 1596 2187 .
1612 2183 1623 2190 _

16 2193 62 2221 Iam
76 2200 104 2222 et
121 2194 262 2226 Rabanus,
281 2203 290 2220 ι
308 2193 458 2221 horribilis.
475 2203 484 2219 I
505 2193 605 2220 Deinde
620 2201 672 2220 ms.
687 2193 788 2228 Regius

16 2237 76 2255 tlltn.
95 2229 168 2255 1639
180 2235 207 2256 et
222 2230 297 2261 editi,
320 2237 330 2254 ι
345 2234 372 2256 et
387 2229 476 2255 omnis
489 2228 652 2264 quicunque,
669 2238 679 2264 ξ
699 2233 752 2264 etc:

37 2265 94 2298 (i0)
126 2264 200 2290 Editi
222 2268 250 2291 et
266 2272 334 2291 mss.
349 2262 599 2298 quidamrmitittnnt
618 2262 789 2290 «animalis.

16 2306 70 2325 mus
97 2298 202 2333 Regius
227 2307 301 2326 num.
318 2298 395 2329 l659,
415 2308 424 2324 ι
443 2297 502 2325 Νοιι
518 2299 589 2324 enim
603 2299 636 2324 de
651 2298 790 2333 qualibus-

16 2341 108 2367 'nuquc
137 2331 241 2366 verbis,
258 2335 305 2360 sed
331 2333 483 2368 inguinibus
499 2337 526 2359 et
550 2331 694 2367 praecipuis
712 2331 789 2359 Scri‘

16 2370 100 2400 Illlris,
120 2368 194 2394 Euos
215 2369 328 2401 primus,
347 2367 427 2394 n’etc.
451 2367 527 2394 Male.

36 2404 93 2437 (Η)
114 2403 200 2435 Editi,
217 2412 227 2427 ‹
246 2404 321 2436 prius
333 2403 460 2437 speravit,
481 2412 490 2428 I
505 2406 558 2430 etc.

35 2438 90 2472 112)
113 2439 164 2464 Sic
189 2445 282 2464 omnes
300 2445 364 2464 mss.
379 2438 475 2464 nostri.
503 2437 573 2464 Editi
591 2444 655 2463 vero
677 2437 786 2467 habent,

35 2472 286 2508 evangelizantium
304 2480 395 2508 pacem
408 2491 415 2503 ,
436 2472 678 2508 evangeliZantinm
695 2473 763 2498 bona
777 2472 784 2499 i

16 2507 145 2534 lanifeste
172 2512 283 2539 apparet
298 2508 323 2533 in
342 2507 383 2534 bis
394 2514 441 2540 per
454 2507 506 2534 hoc
523 2507 594 2541 quod
609 2507 685 2537 dicit,
703 2515 712 2531 ι
733 2511 786 2533 etc.

36 2543 91 2577 (l3)
113 2543 156 2568 Ad
176 2542 308 2568 Christum
335 2541 474 2577 Dominum
499 2542 588 2568 docuit
612 2541 785 2577 referendum.

16 2575 151 2612 ’oktqttam
172 2577 240 2602 enim
255 2577 322 2603 dixit
340 2585 348 2604 :
364 2575 455 2612 Omnis
467 2577 613 2611 quicunque
631 2576 786 2602 invocarem

19 2611 92 2639 amen
111 2611 221 2638 Domini
238 2612 326 2638 salvus
347 2612 410 2638 erit.
429 2611 490 2638 llatc
506 2612 532 2638 in
547 2612 628 2638 editis
651 2618 784 2644 nusquam

16 2648 188 2680 operiuntur.

33 2682 90 2716 (14)
113 2682 200 2708 Deest
219 2690 229 2706 ι
244 2681 328 2707 nostri
349 2690 358 2716 ρ
377 2681 402 2707 in
419 2686 497 2707 antea
512 2680 603 2707 editis.

34 2717 91 2751 (l5)
112 2715 200 2751 Editi,
221 2724 229 2741 t
249 2715 330 2743 Deum
345 2715 435 2743 Jesnm
451 2716 599 2742 Christum.
617 2724 626 2740 ι

34 2752 90 2786 (lii)
114 2750 201 2781 Editi,
216 2760 225 2776 ι
244 2756 270 2778 et
287 2752 400 2778 adorare
416 2751 498 2777 Deum
511 2758 595 2786 unum
617 2754 697 2786 atque
712 2750 782 2777 idem

16 2791 49 2815 st.
87 2786 167 2814 sicut
208 2786 350 2813 invocatur
366 2786 499 2817 Christus,
515 2789 542 2812 et
564 2785 717 2812 adorandus
740 2790 782 2812 est

16 2821 137 2854 iitristus,
157 2824 184 2848 et
198 2820 268 2848 sicut
282 2820 430 2852 oil‘erimu“.
447 2830 456 2846 ι
471 2824 525 2847 etc.
540 2819 588 2847 Ms.
601 2827 669 2847 untts
683 2820 782 2853 Regius

843 2193 912 2219 sicut
924 2193 1066 2219 invocatur
1077 2192 1211 2223 Christus,
1228 2192 1266 2219 ita
1279 2197 1305 2219 et
1321 2195 1441 2220 orandus
1451 2194 1588 2221 Christus.
1609 2204 1619 2221 ι

842 2227 970 2254 Rabauus
987 2232 1077 2254 tamen
1091 2227 1191 2253 omittit
1209 2236 1219 2252 ‹
1234 2227 1280 2254 ita.
1299 2236 1309 2253 ι
1328 2227 1380 2254 Sed
1405 2229 1495 2254 caeteri
1512 2236 1577 2256 mss.
1594 2234 1624 2256 tn‘.

842 2262 884 2298 iu_
896 2267 990 2289 nostro
1007 2267 1092 2298 textu,
1113 2262 1163 2288 nisi
1178 2262 1247 2296 quod
1274 2262 1352 2288 initio
1368 2270 1463 2289 omnes
1480 2271 1620 2298 perperam

842 2296 958 2323 habeant
980 2306 990 2322 ι
1009 2297 1161 2332 Dominum,
1183 2306 1193 2322 ι
1215 2304 1276 2323 cutn
1302 2298 1458 2324 necessario
1480 2296 1621 2332 legendum

841 2332 876 2359 sit
890 2339 951 2358 cum
967 2332 1046 2358 editis
1065 2339 1074 2355 ι
1090 2330 1185 2358 Deum.
1206 2341 1215 2357 ι
1322 2362 1325 2365 ι

891 2367 931 2400 17)
953 2366 1059 2393 Omnes.
1073 2366 1152 2393 Deest
1165 2367 1189 2392 in
1204 2366 1281 2393 libris
1294 2371 1372 2393 antea
1389 2366 1480 2394 editis.

875 2366 931 2432 $l7)
953 2366 1059 2393 Omnes.
1073 2366 1152 2406 Deest
1165 2367 1189 2408 i_n
1204 2366 1281 2393 libris
1294 2371 1372 2393 antea
1389 2366 1480 2407 editis.
1575 2403 1590 2411 _

888 2401 931 2434 i8)
953 2401 1043 2428 Modo.
1060 2400 1223 2436 Restituttnr
1233 2408 1266 2428 ex
1279 2409 1330 2428 ms.
1348 2400 1432 2436 Regto
1448 2409 1522 2429 num.
1540 2403 1620 2431 £609.

875 2435 929 2471 (l9)
949 2437 1030 2471 Deest
1043 2444 1052 2460 ι
1071 2435 1126 2471 sint
1144 2445 1153 2461 ι
1171 2436 1197 2462 itt
1211 2437 1301 2463 editis.

873 2469 931 2506 (20)
953 2469 1053 2497 Nostri.
1064 2469 1204 2506 Qmittitur
1216 2471 1242 2498 ιιι
1261 2471 1353 2498 editis.

876 2506 932 2542 (21)
953 2505 1023 2542 Editi
1039 2509 1066 2532 et
1077 2505 1215 2542 Datianus,
1233 2515 1242 2531 ι
1260 2507 1397 2538 invocare,
1415 2515 1424 2532 ι
1443 2506 1523 2535 male.

874 2540 931 2577 (2-2)
952 2540 1033 2577 Editi,
1051 2549 1060 2565 ι
1074 2541 1194 2577 Spiritus
1207 2541 1331 2576 suscipit,
1353 2545 1382 2568 ut
1396 2542 1549 2569 sanctiticet
1561 2550 1619 2576 eos,

839 2575 965 2609 tanquam
977 2575 1106 2605 caelestis.
1126 2585 1136 2602 ι
1155 2580 1206 2603 etc.

871 2610 928 2646 (9.5)
949 2610 1018 2646 Editi
1031 2630 1038 2643 ,
1055 2619 1066 2635 t
1086 2615 1114 2636 ιιι
1126 2611 1163 2638 ita
1181 2611 1288 2637 detnum
1301 2610 1420 2638 Ecclesia
1439 2611 1486 2639 Dei
1501 2620 1553 2640 non
1569 2613 1621 2640 ha-

837 2645 903 2672 bens
915 2645 1046 2671 maculam
1064 2649 1111 2671 aut
1125 2653 1228 2679 rugam,
1247 2655 1256 2671 ι
1270 2652 1324 2672 etc.

872 2679 928 2716 (υ)
949 2679 986 2705 Ita
1003 2679 1140 2706 Rabanns.
1156 2680 1204 2709 Ms.
1221 2680 1320 2714 Regius
1336 2687 1410 2716 num.
1425 2681 1505 2714 1659,
1521 2682 1620 2710 «Prius

835 2715 908 2742 enim
920 2721 1047 2748 quant....
1064 2717 1224 2747 ascendant,
1240 2725 1249 2741 ι
1269 2719 1369 2748 etc.,nt
1381 2715 1408 2742 in
1421 2720 1505 2744 textu.
1521 2718 1620 2746 Caeteti

836 2757 902 2786 mss.
912 2754 943 2786 ret
955 2749 1038 2786 editi,
1058 2758 1068 2775 ι
1082 2748 1160 2777 Prius
1170 2757 1237 2786 ergo
1260 2750 1293 2777 ad
1311 2751 1422 2785 gradum
1439 2751 1517 2779 istius
1529 2753 1620 2786 perte-

834 2785 933 2812 ctionis
956 2784 1104 2812 accedant.
1118 2802 1126 2812 .
1140 2805 1147 2812 .
1161 2805 1169 2813 .
1183 2784 1319 2814 invocent
1334 2792 1432 2813 nomen
1458 2784 1562 2815 Domini
1573 2808 1580 2821 ,
1605 2796 1617 2815 ο

834 2824 887 2847 etc.
