1831 3052
233 120 302 149 H67

969 122 1003 145 υι

1065 123 1130 147 ams
1773 131 1808 157 llr-.1

232 181 372 208 hominum
390 179 515 206 invocant
533 185 631 206 nomen
644 177 751 205 Dontini
769 177 853 205 nostri
868 178 930 205 Jesn
947 179 1020 206 Cbri-
1037 182 1058 208 A
1074 178 1180 211 piamus
1206 179 1282 211 quasi
1309 179 1381 206 dicat
1406 180 1551 215 Apostolus
1574 190 1582 209 ε
1603 181 1656 211 Nos
1678 191 1807 218 pmi‘ﬂﬂt‘srl

233 229 264 254 sli
279 237 284 254 ε
303 232 393 262 postea
410 234 473 254 vero
488 232 569 260 quant
594 225 713 260 Spirittts
738 226 784 252 Dei
802 225 881 252 fuerit
899 227 924 253 itt
940 227 1023 253 corde

229 282 323 301 eorum
339 273 470 305 clamans,
488 282 496 298 ι
514 272 588 299 Abba
603 278 682 306 pater
695 273 728 305 ",
747 283 755 298 t
773 273 830 307 ipse
844 273 960 307 Spiritus
974 281 1021 299 eos

230 320 311 348 etiam
335 327 431 347 n0tncn
459 318 549 346 Patris
575 318 672 345 edocet
695 319 832 346 invocare.
870 319 932 347 Ideo
955 327 1021 353 ergo

231 375 241 391 ι
258 365 412 400 quomodo,
433 373 442 390 ι
460 364 558 399 ittqnil,
579 373 588 390 ι
607 364 773 392 invocabant
796 365 853 400 (25)
866 385 876 399 ,
894 366 920 392 itt
939 374 1020 400 quem

229 417 282 437 non
305 410 499 439 crediderunt?
517 419 525 434 ι
555 415 582 437 et
603 412 629 437 itt
653 411 704 438 hoc
719 411 873 439 arctissima
889 419 936 439 eos
952 420 1020 439 con-

227 456 346 483 clusione
358 455 530 490 constringit.
554 454 632 482 Salus
644 475 651 487 ,
667 455 770 490 inquit,
788 463 841 482 non
855 460 897 483 est
912 456 964 483 nisi
979 456 1021 483 iu-

226 501 346 530 vacanti.
367 500 452 527 Nemo
476 508 540 528 vero
564 500 674 528 invocat
698 501 743 535 qui
760 509 813 528 non
830 502 927 529 credit.
947 501 1019 536 Ergo

227 547 288 582 quia
302 554 354 574 non
373 546 496 578 creditis,
513 553 566 573 non
581 546 729 580 invocatis;
746 552 774 574 et
788 547 849 582 quia
869 555 920 575 non
943 548 1020 574 invo-

225 593 304 623 catis.
319 600 374 620 non
389 593 542 620 salvamini.
566 594 618 621 Sed
638 602 647 619 ι
661 593 823 628 quomodo,»
844 594 932 628 inquit
947 594 1015 629 (26),

227 649 237 665 ί
256 639 368 666 credent
381 640 419 670 ei,
432 646 512 674 quem
530 647 582 666 tton
602 640 767 667 audierunt?
782 649 791 666 ι
810 641 886 673 Quod
900 648 952 667 non
969 648 1016 666 att-

227 686 336 712 dierunt
351 692 497 720 possumus
512 686 552 713 sic
567 686 728 722 intelligere.
747 687 810 721 quia
826 687 868 714 vel
884 687 971 721 ipsttm
991 687 1016 714 in

225 739 309 759 carne
326 732 454 766 positum,
477 732 518 759 vel
534 732 672 767 apostolos
689 732 748 766 ejus
762 732 819 767 (27)
837 733 1017 767 praedicantes

224 779 258 804 de
271 785 304 805 eo
317 778 412 806 audire
436 779 582 806 noluerint.
604 778 650 806 Sic
673 779 744 806 ettim
769 783 796 806 et
816 779 873 814 ipse
887 778 1016 806 Dominus

224 825 290 852 dicit
304 825 325 841 ⁸³
340 835 346 852 :
362 824 426 858 «Qui
441 833 488 852 vos
504 825 588 857 audit,
600 823 642 852 me
660 825 733 852 audit
748 834 755 852 :
770 830 798 852 et
812 825 857 860 qui
874 833 923 852 vos
939 833 1015 860 sper-

224 871 282 904 nit,
305 878 349 899 me
371 871 486 906 spernit.
507 880 516 897 ι
536 871 627 898 Potest
645 876 735 898 autem
761 878 788 899 et
811 872 863 899 ltoc
888 871 1013 907 intelligi,

223 917 294 950 qttod
317 916 399 943 etiam
425 921 451 943 et
477 910 548 943 nunc
571 921 597 943 et
621 924 728 952 semper
745 917 870 944 Christus
883 922 1012 951 tanquam

224 963 341 989 Verbum
357 967 384 989 ei
401 961 480 990 Ratio
494 963 639 998 unicuique
652 964 778 998 loquatur
793 965 818 990 in
836 964 928 996 corde,
939 969 965 991 ct
980 963 1014 991 de

224 1009 324 1041 pietate
339 1007 448 1040 doceat,
464 1009 498 1036 de
509 1008 612 1043 justitia
632 1009 755 1040 suadeat,
772 1009 804 1036 de
818 1009 955 1041 castitate,
979 1008 1014 1037 de

223 1054 352 1087 pudicitia
376 1057 403 1081 et
418 1054 450 1081 dc
469 1055 595 1081 omnibus
617 1053 699 1081 simul
715 1054 861 1081 virtutibus
877 1059 1012 1088 proteste-

225 1107 278 1131 ιιιι·,
295 1101 367 1127 sicut
379 1104 406 1127 et
421 1101 477 1134 ipse
489 1101 553 1128 dicit
565 1102 587 1117 ³⁸
606 1111 611 1128 :
633 1101 718 1128 «Ores
738 1108 803 1128 mea;
817 1108 910 1127 vocem
926 1109 1011 1128 meam

221 1146 346 1173 audiunt.
365 1156 373 1171 ι
394 1146 440 1173 Sic
458 1148 575 1182 denique
591 1153 619 1175 et
636 1149 662 1175 in
675 1149 758 1175 corde
780 1147 854 1174 Pauli
881 1147 1011 1182 loqueba-

223 1197 282 1224 tur,
308 1193 343 1218 ita
369 1197 397 1219 ut
421 1193 467 1220 ille
482 1194 608 1221 diceret:
629 1204 638 1219 ‹
657 1193 698 1221 An
713 1194 930 1226 experimentum
953 1194 1012 1229 ejus

223 1240 342 1270 (puerilis
363 1239 408 1274 qui
431 1239 456 1266 in
480 1246 522 1266 me
546 1238 667 1274 loquitur
688 1239 815 1266 Christus
832 1239 872 1266 "?
888 1248 897 1265 ι
913 1237 1010 1274 Sequi-

223 1291 265 1312 tur
282 1294 288 1311 :
308 1294 317 1310 ‹
336 1285 478 1318 Quomodo
493 1289 583 1312 autem
600 1285 710 1312 audient
727 1285 785 1313 sine
801 1285 985 1320 praedicante?
998 1295 1008 1312 ι

221 1329 249 1357 ltt
264 1331 315 1357 hoc
327 1330 414 1365 magis
429 1337 476 1365 per
487 1330 691 1364 prmdicantinm
705 1337 859 1358 sermonem
873 1330 1010 1358 Christum

221 1377 340 1404 ostendit
367 1377 454 1403 audiri
478 1376 545 1412 (‘28).
564 1377 589 1403 in
606 1377 721 1411 quibus,
739 1378 888 1405 secundum
900 1385 933 1405 ea
950 1385 1011 1412 quae

221 1431 301 1456 supra
325 1422 462 1452 diximus,
479 1421 605 1449 Christus
624 1422 696 1456 loqui
710 1427 738 1449 et
759 1422 859 1450 docere
875 1427 1011 1450 monstra-

223 1473 275 1494 tur.
302 1476 311 1492 ι
326 1466 467 1499 Quomodo
490 1471 581 1493 autem
608 1467 803 1501 praedicabunt,
829 1468 879 1495 nisi
899 1468 1010 1495 mittan-

1074 223 1266 256 pra-dicatores
1277 224 1379 252 Christi
1397 234 1448 253 noti
1466 235 1609 262 possemus
1627 231 1771 264 praedicare,
1784 243 1809 258 ht'v‘

1073 269 1250 296 annnntiandi
1271 271 1349 298 nobis
1363 272 1448 300 virtus
1460 273 1512 300 ttlla
1528 274 1698 308 subsisteret,
1714 278 1755 303 nisi
1767 281 1810 304 adn-

1072 321 1113 343 sct
1129 317 1206 343 nobis
1221 318 1277 352 ipse
1293 319 1338 353 qui
1357 320 1426 348 misit
1446 321 1511 356 (δὲ),
1540 322 1618 355 Quod
1643 323 1666 350 si
1690 325 1810 357 praedicant-

1073 363 1122 389 hus
1139 363 1216 390 nobis
1232 365 1327 392 audire
1343 373 1396 393 non
1414 367 1495 394 vultis
1508 389 1515 400 ,
1532 374 1621 395 vcstra
1642 369 1695 402 jam
1708 369 1769 404 culp:
1780 378 1809 401 est,

1072 412 1098 434 et
1113 408 1136 434 si
1149 409 1291 437 audientes
1316 419 1369 438 non
1392 412 1515 443 creditis.
1532 418 1559 440 et
1578 422 1632 441 noti
1649 416 1770 442 credentes
1781 425 1809 442 ltutl

1071 454 1223 486 invocatis,
1243 460 1269 482 et
1292 464 1346 484 noti
1372 457 1531 486 invocantes
1553 459 1622 487 salvi
1650 468 1708 488 esse
1726 463 1808 495 nequitia.

1070 500 1137 533 Quia
1156 508 1222 536 ergo
1235 502 1310 530 tnissi
1327 507 1390 530 Sunt
1411 504 1444 530 ad
1459 504 1691 539 prmdicationetn,
1706 506 1810 534 idcirrot‘a

1071 546 1113 572 his
1137 547 1182 581 qui
1206 547 1240 574 ab
1254 547 1312 581 ipso
1328 548 1404 576 missi
1421 555 1484 576 suttt
1499 550 1634 584 scriptum
1656 557 1696 578 est
1714 560 1720 578 :
1737 562 1744 577 ι
1758 553 1810 584 ραι-

1070 594 1186 628 speciosi
1211 595 1293 628 pedes
1318 595 1562 630 evangelizantintn
1589 597 1658 624 bona
1679 599 1719 625 "l
1737 609 1744 624 ι
1765 600 1812 631 Quoi

1070 639 1151 672 pedes
1171 639 1216 666 hic
1237 641 1376 674 speciosos
1399 649 1451 668 non
1468 642 1627 677 corporales
1638 663 1646 675 ,
1661 645 1705 671 sed
1719 644 1813 678 spiritales

1068 684 1154 716 dicat,
1173 690 1238 719 pulo
1260 686 1331 719 quod
1355 687 1479 720 quamvis
1499 688 1604 715 anticus
1626 689 1661 715 sit
1676 689 1731 723 quis
1742 689 1813 719 litters,

1068 738 1168 765 negare
1187 739 1242 758 non
1258 734 1354 766 possit.
1371 733 1462 767 Neque
1474 733 1545 760 enim
1562 733 1588 760 in
1606 735 1632 761 id
1650 735 1746 762 ridiculi
1761 736 1813 761 dedu-

1067 780 1110 802 cet
1126 775 1305 809 apostolicum
1331 784 1451 809 sensum,
1469 783 1498 804 ιιι
1521 779 1743 814 evangelistarum
1762 782 1813 815 peds

1067 821 1112 855 qui
1125 822 1266 855 corporeis
1277 822 1363 848 oculis
1378 823 1464 849 videri
1479 829 1603 857 possunt.
1617 830 1691 859 putet
1704 825 1812 860 (55)31ιῶ

1067 867 1180 893 decoros
1204 867 1256 894 dici
1283 872 1311 894 et
1335 869 1490 902 speciosus;
1508 870 1553 896 sed
1580 870 1618 897 illi
1640 876 1700 898 sunt
1719 872 1813 898 det-orici

1065 913 1180 946 speciosi
1194 914 1285 947 pedes,
1298 913 1345 948 qui
1362 914 1500 940 amlntlaut
1516 923 1564 949 per
1576 916 1648 943 viam
1663 917 1730 945 vitm.
1747 917 1812 944 Scrut-

1065 958 1128 984 dum
1145 958 1221 985 illum
1239 959 1311 986 enim
1329 959 1386 995 (34)
1403 960 1448 994 qui
1462 959 1541 993 dixit,
1560 971 1570 987 ι
1586 962 1643 996 Ego
1656 970 1713 989 sum
1728 963 1760 989 ria
1775 964 1810 989 ".i

1066 1004 1184 1040 intellige
1202 1005 1316 1032 decoros
1331 1010 1359 1032 et
1374 1006 1513 1040 speciosus
1537 1009 1768 1042 cvangelizantiunt
1786 1017 1812 1042 te

1064 1051 1112 1078 des
1126 1072 1132 1083 ,
1157 1052 1203 1086 qtti
1231 1060 1281 1087 per
1300 1052 1378 1080 talem
1393 1053 1463 1080 viam
1481 1053 1536 1087 (55)
1555 1060 1696 1082 uterentur
1714 1055 1810 1082 incedere

1067 1097 1111 1124 Isti
1131 1102 1193 1124 sunt
1214 1098 1296 1131 pedes
1308 1098 1405 1133 quibus
1416 1104 1443 1125 et
1459 1099 1558 1126 Paulus
1571 1102 1724 1128 cucurrisse
1738 1108 1811 1128 cursui

1063 1150 1092 1170 se
1108 1143 1176 1170 dixit
1189 1163 1195 1174 ,
1213 1148 1240 1170 ct
1252 1144 1291 1170 sic
1306 1152 1418 1172 currere
1435 1150 1464 1172 ιιι
1482 1147 1697 1180 comprehendat
1708 1147 1741 1178 ³⁸,
1759 1147 1778 1172 id
1787 1152 1811 1172 est

1064 1189 1142 1223 vigor
1158 1189 1256 1216 anima:
1269 1197 1322 1224 qtto
1338 1191 1456 1217 tenditur
1476 1197 1502 1218 ct
1517 1197 1680 1226 properatur
1694 1193 1724 1219 ad
1736 1193 1810 1219 colum.

1062 1234 1192 1261 Gratitice
1206 1241 1296 1261 autem
1312 1236 1394 1269 pedes
1407 1236 1473 1264 istos
1486 1244 1545 1264 esse
1561 1237 1686 1264 ﬁrmabis
1699 1238 1756 1272 (56).
1769 1245 1811 1271 τμη-ι

1062 1279 1140 1307 Jesus
1154 1281 1295 1315 discipulis
1311 1281 1393 1314 lavat,
1418 1288 1445 1309 et
1459 1282 1541 1309 linteo
1553 1290 1610 1317 quo
1631 1285 1777 1318 prmcincttts
1788 1288 1812 1310 est

1063 1327 1145 1361 tergit
1159 1326 1193 1353 ⁸⁸.
1214 1326 1247 1354 Ει
1268 1327 1393 1361 quamvis
1415 1328 1548 1362 corporali
1576 1334 1640 1356 tunc
1663 1331 1746 1364 specie
1760 1329 1812 1355 fuerit

1063 1373 1202 1408 impletttnt
1216 1393 1223 1406 ,
1238 1378 1326 1401 tamen
1342 1374 1425 1410 626
1438 1373 1518 1401 Petro
1535 1375 1585 1401 hoc
1597 1375 1686 1402 solum
1702 1377 1761 1410 quod
1776 1376 1811 1401 ﬁeri

1062 1419 1170 1446 videbat
1194 1419 1349 1454 intelligenti
1370 1419 1436 1455 (37),
1455 1425 1482 1447 et
1499 1421 1578 1454 quasi
1593 1421 1706 1449 honoris
1718 1429 1781 1448 causa
1792 1429 1811 1447 tu

1061 1466 1112 1493 sibi
1128 1473 1210 1493 servo
1222 1467 1307 1501 pedes
1329 1466 1432 1493 lavaret
1454 1466 1584 1494 Dominus
1598 1470 1753 1500 excusanti,
1772 1469 1811 1494 aut.

222 1515 285 1541 tot?
302 1524 311 1539 ι
330 1512 478 1540 Diilicultas
494 1513 558 1540 milii
581 1513 704 1546 qmedam
722 1514 749 1541 in
765 1515 816 1542 hoc
829 1522 955 1543 sermone
971 1516 1009 1542 vi-
1024 1530 1045 1559 ο
1062 1519 1143 1547 quam
1160 1512 1286 1546 profundi
1302 1512 1422 1547 mysterii
1447 1513 1572 1547 proditur
1587 1521 1691 1542 sermo.
1711 1525 1719 1540 ‹
1737 1515 1810 1543 Silet

221 1563 301 1587 detur
325 1567 483 1594 exsurgere.
517 1558 546 1585 Si
569 1558 640 1586 enim
665 1559 702 1587 ita
727 1560 909 1595 itttelligamus
935 1563 1007 1596 quod

221 1611 362 1640 propterea
380 1613 432 1632 non
449 1606 604 1640 praedicent,
628 1606 690 1641 quia
709 1614 760 1633 non
774 1607 916 1634 mittuntur
932 1607 1007 1644 (29);

222 1651 294 1678 nullo
308 1657 398 1678 autem
413 1651 577 1685 pratdicante
602 1659 655 1678 non
682 1651 807 1683 audient;
825 1660 876 1680 non
894 1654 1007 1681 audien-

221 1702 261 1724 tes
286 1704 349 1723 vero
374 1704 425 1723 non
449 1697 561 1723 credent
583 1697 655 1732 (50);
683 1705 734 1724 non
752 1697 893 1726 credentes
918 1704 1006 1726 autem

221 1751 274 1769 non
290 1742 469 1774 inrocalntnt;
487 1750 539 1769 non
556 1743 712 1770 invocantes
735 1751 787 1771 non
804 1745 982 1772 salvabuntur
1000 1754 1006 1771 :

220 1787 354 1821 colligitur
366 1794 398 1813 ex
415 1787 468 1819 his,
486 1792 514 1813 ιιι
531 1794 610 1813 causa
626 1795 679 1822 qtta
698 1796 750 1815 tton
768 1793 831 1815 sunt
847 1789 956 1822 salvati,
971 1789 1005 1815 ad

220 1833 315 1860 vitium
329 1832 383 1868 (31)
402 1833 494 1860 redeat
508 1833 639 1864 auctoris,
658 1834 704 1868 qui
722 1841 774 1861 non
789 1833 894 1861 miserit
908 1835 1007 1869 prtedi-

219 1883 323 1905 cantes.
354 1878 407 1905 Sed
424 1879 509 1913 magis
531 1880 564 1906 ad
589 1879 663 1906 illum
681 1886 740 1911 nos,
765 1879 810 1914 qui
839 1880 937 1906 rectior
953 1885 1005 1911 est,

219 1924 402 1959 intelligentia:
418 1925 553 1951 tramitem
579 1924 754 1952 deﬂectamus
773 1935 779 1951 :
797 1929 825 1952 et
838 1924 908 1959 quod
926 1924 1004 1956 dixit,

221 1980 229 1996 ι
245 1969 387 2003 Quontodo
403 1970 597 2005 praedicabunt,
612 1970 663 1997 nisi
677 1970 828 2002 mittantur,
849 1979 858 1996 ι
878 1970 917 1997 sic
933 1970 1004 1997 acci-

253 2039 275 2055 ²⁸
291 2039 370 2066 Rom.
383 2046 444 2072 vttt,
459 2039 503 2066 15.
546 2040 568 2056 ’³
583 2039 649 2066 Luc.
669 2047 694 2071 ιι,
712 2038 756 2066 16.
793 2038 816 2054 ³ο
828 2037 906 2064 Joan.
927 2046 954 2071 ι,
968 2037 1013 2065 27.

219 2074 239 2091 ⁸⁵
253 2074 336 2102 Ιλϐυν.
353 2081 389 2103 t.\,
402 2074 448 2106 24,
461 2074 506 2101 ‘26.

253 2134 310 2169 (25)
333 2135 394 2160 Mss.
422 2133 532 2168 quidam
547 2154 554 2165 ,
584 2143 593 2169 ε
613 2133 695 2164 Ideo,
718 2132 809 2169 inquit
833 2141 839 2158 :

219 2176 283 2202 ergo
299 2166 488 2199 invocabant,»
506 2174 559 2196 etc.
579 2168 632 2195 Sed
645 2176 694 2195 ms.
718 2167 816 2202 Regius
831 2175 904 2194 ttunt.
923 2166 1002 2200 1659,

219 2204 347 2230 Halmius
361 2209 389 2230 et
404 2203 468 2230 editi
482 2208 511 2229 ut
524 2203 549 2229 itt
564 2208 657 2230 nostro
671 2207 754 2230 textu.

253 2238 308 2273 (26)
329 2238 432 2273 Inquit.
451 2238 528 2273 lteest
545 2238 571 2265 in
582 2238 672 2265 editis.
726 2265 731 2270 ,

254 2271 310 2307 (27')
333 2271 441 2305 Ei'uan
454 2272 535 2299 editis
548 2273 693 2299 omittitur.

254 2306 309 2344 (28)
320 2307 397 2344 Editi
409 2327 416 2339 ,
436 2316 446 2333 ι
468 2308 495 2334 In
510 2307 562 2344 hoc
577 2308 663 2341 magis
685 2306 888 2344 praedicantiqu
901 2314 1003 2334 sermo-

219 2341 280 2369 ncin
296 2343 433 2369 Christum
451 2342 570 2369 ostendit
593 2343 696 2369 audire.
713 2351 722 2368 ι
746 2341 799 2369 Sed
817 2349 911 2369 omnes
936 2350 1003 2370 mss.

219 2383 245 2404 et
258 2377 383 2403 Rabanus
401 2382 430 2404 ut
442 2377 469 2403 in
483 2382 566 2404 textu.

254 2411 310 2447 (29)
328 2410 400 2438 Editi
411 2432 418 2444 ,
440 2421 449 2437 ι
465 2411 638 2447 intelligimus
650 2431 656 2438 .
672 2431 679 2438 .
693 2431 700 2438 .
713 2431 720 2438 .
734 2411 796 2445 quia
821 2419 874 2439 non
896 2411 1004 2439 mittan-

220 2451 273 2473 tur.
293 2455 301 2470 I

255 2480 311 2516 (50)
332 2481 394 2508 Non
415 2481 550 2508 audientes
576 2489 634 2508 υειεο
650 2489 700 2508 non
717 2481 834 2507 credent.

218 2516 368 2543 stituunlur
380 2523 414 2543 ex
431 2525 481 2543 ttts.
497 2517 580 2549 Regio
594 2524 668 2542 nttut.
686 2516 766 2543 1659.

256 2549 313 2586 (51)
334 2549 380 2577 Sic
406 2557 479 2578 reete
504 2552 580 2578 editi.
609 2551 672 2578 Mss.
690 2558 752 2577 vero
767 2551 850 2577 nostri
869 2558 963 2578 ontttcs
977 2557 1005 2579 et

221 2585 366 2616 “abantis,
389 2593 547 2619 perperam,
567 2595 576 2611 ‹
592 2587 624 2612 ad
642 2586 758 2613 initium.
777 2595 786 2611 ι
809 2586 908 2612 Deinde
925 2587 1002 2619 editi,

220 2631 230 2645 ε
248 2620 301 2656 Sed
317 2620 401 2654 magis
412 2622 444 2656 ad
458 2620 535 2656 illum
546 2628 595 2648 nos
607 2621 651 2654 qtti
667 2621 808 2648 rectiorem
822 2621 1004 2656 intelligentiae

219 2655 356 2682 tramitem
371 2654 501 2686 continet,
521 2655 720 2682 deﬂectemus.)

255 2689 312 2725 (32)
330 2688 379 2716 Ms.
392 2688 577 2727 Regiusuttm.
595 2690 674 2727 I659,
693 2699 702 2717 ι
718 2699 769 2718 non
785 2699 925 2726 possemus
939 2700 1004 2727 prac-

223 2725 329 2755 iicare,
356 2731 406 2751 nec
428 2724 589 2751 annuntiare
613 2726 705 2758 vobis,
723 2724 791 2754 nisi'
806 2729 862 2762 ipse
886 2724 1003 2754 nos'tni-

220 2761 308 2786 sisset.
324 2768 335 2784 ι

254 2794 310 2831 (ξό)
332 2793 414 2831 Editi,
430 2794 668 2831 t‘vitleripossint,
683 2801 786 2831 putem,
803 2806 812 2823 ι
826 2802 879 2824 etc.

254 2798 300 2830 (55
332 2798 414 2827 Editi,
430 2803 440 2819 ί
455 2798 539 2820 videri
551 2798 668 2828 possint,

251 2798 311 2865 (Si)
331 2828 420 2857 Enim.
442 2828 520 2856 Deest
539 2830 563 2856 ιιι
581 2830 671 2857 editis.

881 2481 943 2509 liaac
963 2490 1004 2509 re-

1052 2038 1073 2054 “
1089 2039 1108 2066 Il
1124 2039 1187 2067 Cor.
1205 2048 1264 2072 xm,
1284 2040 1311 2066 5.
1350 2041 1372 2057 ³¹
1394 2041 1444 2068 lsa.
1468 2049 1516 2075 Lit,
1532 2041 1557 2068 7.

555 2074 577 2090 ³³
590 2074 668 2102 Joan.
682 2081 740 2105 xm,
752 2074 779 2101 5.
817 2073 839 2088 “
853 2073 994 2106 Joan.xut,
1010 2073 1036 2100 8.

866 2131 1007 2165 Quomodo
1024 2135 1045 2162 D

1063 1559 1161 1592 inquit,
1172 1566 1241 1585 «non
1259 1558 1361 1592 lavero,
1374 1566 1425 1587 non
1440 1559 1553 1588 habebis
1564 1565 1672 1595 partem
1689 1562 1810 1589 mecum“:

1063 1604 1094 1631 Et
1110 1605 1206 1632 iterum
1227 1604 1307 1632 aliam
1328 1605 1442 1633 similem
1468 1607 1533 1634 huic
1557 1614 1651 1634 vocem
1675 1608 1810 1642 tanqmd:

1062 1650 1176 1676 secretis
1197 1651 1318 1678 scicntia:
1341 1651 1444 1686 profert
1470 1652 1609 1680 thesauris
1634 1654 1656 1669 ³⁷
1669 1676 1678 1686 ,
1705 1660 1730 1681 et
1747 1655 1811 1680 dicit:

1063 1705 1073 1722 ι
1085 1696 1162 1729 Quod
1173 1705 1222 1733 ego
1231 1698 1280 1725 feci
1290 1707 1336 1726 vos
1347 1699 1457 1726 nescitis
1465 1699 1546 1727 modo
1557 1709 1563 1726 :
1576 1701 1671 1728 scietis
1681 1706 1759 1727 autent
1769 1705 1816 1733 ρτειτ

1060 1743 1186 1776 modum;
1207 1754 1215 1769 ι
1233 1749 1260 1771 et
1274 1745 1361 1777 addit,
1379 1745 1440 1780 quia
1459 1755 1467 1771 t
1486 1746 1557 1773 sicut
1573 1754 1624 1782 ego
1646 1747 1766 1776 Dominus
1779 1749 1811 1779 (Sit

1059 1792 1087 1814 et
1101 1789 1228 1825 magister
1243 1791 1292 1817 lavi
1310 1792 1391 1825 pedes
1407 1797 1513 1819 vestros
1531 1802 1537 1818 :
1553 1798 1580 1820 et
1597 1801 1644 1820 vos
1662 1795 1766 1822 invicem
1779 1794 1811 1822 63'

1059 1833 1146 1860 lavate
1161 1832 1245 1867 pedes
1262 1833 1433 1861 alterutrum.
1463 1833 1621 1869 Exemplum
1634 1836 1708 1863 enim
1723 1836 1772 1863 dedi
1785 1842 1812 1859 ιτν

1058 1880 1099 1907 bis
1115 1880 1148 1907 ³⁸.
1168 1890 1176 1907 ι
1199 1881 1344 1909 Videamus
1368 1889 1432 1918 ergo
1455 1883 1526 1916 quod
1542 1884 1578 1910 sit
1594 1884 1668 1911 istud
1683 1884 1811 1917 exetnplum.

1057 1933 1111 1960 quo
1127 1926 1250 1960 magistri
1276 1928 1470 1962 discipulorum
1495 1929 1587 1955 lavare
1614 1929 1728 1956 debeant
1750 1928 1812 1962 peds.

1057 1975 1104 1998 aut
1121 1971 1155 1999 de
1171 1979 1223 2007 qua
1238 1979 1308 2007 aqua
1325 1972 1427 2000 lavare.
1449 1972 1478 2000 Si
1492 1973 1553 2007 quis
1564 1973 1688 2001 inveniat
1701 1973 1811 2008 aqttatuti—

1609 2043 1632 2058 ³³
1648 2042 1724 2069 Joan.
1744 2049 1784 2071 ιιι,
1795 2039 1810 2065 ti

1085 2075 1106 2090 ³¹
1123 2075 1187 2102 ibid.
1206 2076 1233 2102 7.
1277 2076 1300 2091 ³³
1316 2076 1382 2103 ibid.
1397 2077 1440 2108 14,
1461 2077 1503 2105 15.

1096 2134 1153 2169 (35)
1175 2133 1220 2161 Sic
1247 2142 1312 2162 mss.
1336 2139 1420 2162 nostri
1447 2143 1541 2163 omttes
1565 2140 1592 2163 et
1619 2137 1695 2163 editi.
1721 2135 1812 2162 ﬂabant:

1060 2177 1142 2210 veto;
1158 2178 1167 2194 ι
1181 2169 1227 2210 qui
1245 2170 1456 2210 pcqspiritalem
1469 2172 1550 2202 viam,
1566 2180 1574 2196 I
1593 2176 1655 2210 etc._
1672 2172 1811 2210 Dulltdctn».

1058 2204 1110 2240 duo
1123 2204 1208 2240 Regii,
1224 2209 1251 2231 et
1262 2204 1336 2236 editi.
1358 2214 1368 2230 ι
1388 2205 1433 2232 Isti
1450 2210 1513 2232 sunt
1524 2213 1590 2240 ergo
1606 2207 1689 2239 pedes
1703 2206 1812 2240 quibus..-

1057 2239 1104 2275 sed
1119 2244 1145 2266 et
1160 2239 1199 2275 sit:
1214 2247 1324 2266 currere
1341 2249 1349 2265 ι
1369 2240 1457 2271 (editi,
1476 2249 1485 2265 ί
1498 2239 1665 2275 cucurrisse)
1685 2239 1811 2273 utcunque

1059 2274 1170 2310 ltendal,
1190 2274 1214 2300 id
1228 2279 1287 2306 est,
1300 2276 1396 2302 anima!
1414 2276 1490 2308 vigor
1506 2284 1515 2300 ι
1535 2275 1630 2310 (editi,
1650 2274 1659 2301 ἑ
1678 2277 1816 2310 :llltuttltiw

1059 2309 1188 2344 tenditur,
1206 2317 1216 2344 ι
1244 2314 1296 2336 etc.
1316 2310 1369 2336 Sed
1383 2317 1434 2336 ms.
1459 2310 1560 2344 Regius
1574 2318 1650 2338 ttutn.
1666 2311 1731 2338 1659
1745 2315 1765 2337 et
1777 2309 1811 2335 iti-

1059 2343 1143 2370 batttts
1159 2348 1187 2370 ιιι
1205 2343 1230 2369 in
1245 2349 1337 2370 nostro
1351 2349 1437 2371 textu.

1094 2378 1150 2413 (56)
1171 2378 1251 2414 Editi,
1272 2388 1281 2403 ι
1298 2379 1426 2406 Gratilice
1440 2383 1531 2406 autem
1548 2379 1632 2414 pedes
1646 2380 1712 2407 istos
1722 2386 1771 2406 esse
1783 2379 1811 2403 ῦπ-

1059 2413 1152 2439 mavit.
1172 2423 1181 2439 ι
1211 2413 1337 2440 Raltamts
1357 2421 1435 2443 vero,
1456 2421 1465 2439 ι
1486 2413 1632 2447 Speciosos
1655 2421 1740 2442 autent
1755 2417 1811 2446 p—dn

1059 2449 1124 2475 istos
1147 2456 1208 2475 esse
1231 2449 1391 2476 lirntabitur.
1403 2458 1412 2474 ι
1433 2449 1535 2476 Deinde
1549 2449 1630 2481 editi,
1649 2459 1660 2474 ι
1681 2455 1707 2476 et
1721 2455 1810 2483 quamve

1058 2483 1237 2517 corporaliter
1250 2484 1340 2516 specie
1351 2503 1358 2516 ,
1376 2494 1385 2509 ι
1400 2489 1454 2510 etc.
1465 2504 1473 2515 ,
1495 2484 1598 2510 omisso
1614 2479 1628 2509 ι’
1641 2490 1706 2511 tunc
1717 2479 1747 2516 ,ἰ
1762 2479 1816 2516 qnel‘

1057 2517 1137 2544 etiam
1151 2518 1265 2553 deestin
1279 2518 1399 2551 plurilnts
1417 2526 1494 2549 tnss.,
1508 2519 1555 2545 sed
1574 2524 1664 2546 exstat
1684 2520 1709 2546 in
1726 2527 1768 2546 tus.
1780 2518 1816 2553 Hc,

1058 2553 1101 2586 gio
1115 2561 1188 2579 ttuttt.
1205 2552 1272 2580 1659
1287 2558 1312 2580 et
1325 2554 1394 2587 apttd
1411 2553 1563 2580 liabauutn.

1093 2587 1147 2622 (57)
1169 2587 1232 2615 Mss.
1250 2589 1313 2618 duo,
1329 2595 1481 2622 perperam,
1500 2596 1510 2613 ι
1533 2596 1587 2614 non
1604 2588 1765 2622 inlelligeuli.
1780 2596 1786 2610 t

1093 2623 1149 2657 (58)
1171 2623 1259 2654 Editi,
1287 2632 1296 2648 ι
1312 2627 1440 2657 tauquam
1463 2623 1496 2649 de
1512 2630 1542 2649 se
1565 2623 1702 2650 credentis
1721 2624 1816 2649 scmus

1058 2658 1159 2691 profert
1177 2658 1336 2695 thesaurus.
1353 2667 1365 2695 ι
1393 2657 1580 2695 (Ms._Regitts
1599 2666 1673 2695 num.
1699 2657 1816 2695 £659}er

1059 2698 1112 2727 tam
1130 2693 1242 2720 secretis
1263 2693 1382 2719 scicntite
1405 2692 1507 2726 profert
1535 2694 1682 2727 thesauris)
1706 2698 1730 2719 et
1745 2692 1806 2717 dicit:

1057 2726 1134 2759 Quod
1147 2734 1196 2761 ego
1210 2727 1259 2754 feci
1275 2728 1360 2758 vobis,
1386 2727 1499 2754 nescitis
1520 2729 1619 2760 modo;
1641 2726 1730 2755 scietis
1744 2731 1805 2752 autem

1058 2766 1149 2795 postea
1164 2769 1171 2788 :
1184 2767 1210 2789 et
1224 2763 1296 2788 addit
1307 2781 1314 2793 ,
1336 2762 1400 2795 quia
1417 2763 1439 2788 si
1453 2769 1505 2796 ego
1519 2762 1659 2790 Dominus.
1678 2772 1687 2788 ι
1703 2762 1746 2789 Ms.
1759 2769 1804 2787 inus

1058 2797 1158 2830 Regius
1171 2797 1270 2824 omittit
1287 2806 1295 2822 ι
1312 2805 1373 2830 quta
1391 2805 1400 2822 ι
1414 2802 1478 2824 ante
1492 2805 1502 2822 ι
1519 2798 1604 2825 sicut.
1621 2807 1631 2824 ι

1092 2832 1149 2866 (59)
1170 2832 1293 2858 Invicem.
1315 2833 1393 2859 Deest
1410 2832 1435 2858 itt
1447 2832 1540 2860 editis.
