1827 3053
9 118 58 145 173
452 117 629 146 COMMENT.
649 118 682 146 IN
700 118 808 146 EPIST.

827 117 874 144 AI)
892 117 975 146 “OM.
998 118 1060 146 LIB.
1084 118 1150 146 VIII.
1544 123 1612 152 Il'li

9 188 30 205 ll'
42 186 75 205 ea
89 185 150 213 qua:
162 179 288 212 superius
304 178 383 211 dixit,
400 179 435 207 de
458 180 584 214 gentibus
599 179 772 214 prolocutus;
789 183 812 211 Α
826 180 887 212 bus,
900 187 971 206 nunc
991 180 1024 207 de
1039 180 1120 207 Israel
1145 180 1237 207 facere
1260 187 1426 214 sermonem,
1449 190 1500 211 nec
1524 188 1613 212 tatncn

9 231 57 250 unc
74 231 149 255 vero,
165 228 194 250 ut
211 224 260 250 sibi
279 223 362 251 moris
377 228 430 257 est,
450 225 534 252 etiam
553 225 587 252 de
604 224 685 252 Israel
710 225 775 252 sub-

9 277 98 304 mgere
112 278 119 296 :
134 270 229 296 ei‘VltIl
243 270 316 304 quod
331 270 525 298 inexcusabilis
544 271 580 298 sit
597 270 680 298 Israel
696 272 774 298 testi-

9 325 36 343 us
51 316 158 343 idoneis
172 316 359 350 comprobare.
377 316 446 350 Ipse,
473 317 572 352 inquit,
586 317 690 352 Moyses
709 318 777 344 dicit

9 370 18 388 ι
35 369 152 396 persona
170 362 215 388 Dei
232 370 240 388 :
255 371 265 387 α
283 361 338 397 Ego
353 363 385 389 ad
409 363 611 391 aemulationem
625 371 674 390 vos
689 363 775 390 addu-

9 416 44 434 tut
62 408 88 434 in
112 415 164 435 non
188 413 314 442 gentem:
334 418 344 434 ι
360 409 394 435 de
415 410 581 437 Christianis
604 411 664 438 sine
693 410 777 437 dubio

9 454 93 487 iccns,
109 453 184 486 quia
207 452 262 479 Deo
274 453 307 479 ad
331 454 534 481 inmolationem
560 455 659 490 prioris
682 455 774 490 populi

9 498 118 525 tcreduli
136 502 163 525 et
187 498 385 532 contemptoris
412 500 543 534 assutnpti
561 504 634 527 sunt.
665 500 719 527 Sed
735 499 775 527 vi-

9 549 81 572 eatur
94 545 225 572 fortassis
237 549 346 579 gentem
360 551 374 571 a
390 544 445 572 Deo
459 544 521 572 Iidei
537 546 635 573 merito
648 551 678 572 et.
690 546 773 573 devo-

9 591 66 618 onis
80 591 197 618 electam
215 590 322 625 Moyses
337 589 494 624 iniuriosius
509 591 702 625 compellasse,
712 599 775 618 cum

9 637 61 667 icit,
79 645 89 661 ι
110 634 139 662 In
170 643 222 662 non
236 641 356 671 gentem,
374 644 383 661 ι
408 640 436 663 et
451 635 506 671 (6i)
525 636 560 662 ita
574 635 651 663 nihili
665 636 773 668 ducere,

9 687 78 709 tnec
91 687 200 716 gentem
215 689 275 708 eam
294 681 430 716 appellare
453 682 593 716 dignetur;
614 686 660 708 aut
681 682 702 709 si
728 689 775 715 ap—

9 728 74 760 allet,
89 727 264 761 insipientem
277 726 333 763 (69.)
351 727 503 754 nominare.
522 727 574 755 Sed
591 735 645 754 non
665 732 706 754 cst
734 728 775 754 in-

9 775 103 801 iriosus
128 773 246 809 Moyses,
271 779 365 808 utpote
388 773 495 800 amicus
512 773 569 805 Dei,
586 781 650 808 erga
673 774 776 801 electos

13 828 43 846 us
60 829 67 846 :
90 828 140 846 nec
155 819 320 847 contumelia
339 819 477 847 videbitur
497 820 523 846 in
539 827 673 852 sermone,
691 820 712 846 si
729 828 775 846 ra-

826 225 965 253 cvidenter
979 230 1007 253 et
1020 227 1107 261 palam
1126 226 1343 254 immutationem
1361 228 1502 256 declarare
1519 237 1615 264 persd—

827 278 867 297 tue
883 270 957 307 (68);
971 272 1008 299 ita
1023 277 1051 298 et
1067 272 1151 300 Isaias
1163 273 1189 300 in
1208 273 1250 300 bis
1266 273 1438 301 sermonibus
1451 275 1532 307 facit,
1545 284 1615 309 quos

827 317 861 343 ad
873 318 1027 352 exeinplnm
1038 319 1183 353 Apostolus
1199 320 1328 354 protulit;
1348 325 1374 348 ct
1388 322 1491 355 pritnas
1505 322 1612 355 quidem

825 367 929 397 partes,
947 363 972 390 id
999 369 1051 396 est,
1072 373 1082 390 ο
1101 371 1227 392 inventus
1242 374 1300 393 sum
1325 374 1340 393 a
1358 374 1410 394 non
1429 369 1615 402 quatrentibus

826 416 887 441 mc;
905 409 995 444 palam
1010 410 1123 444 apparui
1144 410 1216 438 inter
1234 411 1293 439 illos
1323 413 1368 446 qtti
1390 420 1442 440 non
1464 413 1615 448 interroga-

827 453 894 480 bant
910 462 962 485 me,
985 464 994 481 ι
1009 455 1067 482 sine
1080 455 1161 484 dubio
1173 457 1207 484 de
1223 458 1349 492 gentibus
1362 458 1428 486 dicit
1444 467 1450 486 :
1470 465 1498 486 et
1511 459 1555 486 ubi
1570 459 1614 486 ille

826 505 971 533 personam
998 500 1263 534 Iatcntcrimmutat,
1289 503 1434 538 Apostolus
1460 505 1613 532 evidentem

827 544 1028 573 distinctionem
1041 547 1214 575 sermonibus
1226 549 1282 577 suis
1301 550 1372 576 dedit
1390 549 1416 576 itt
1429 558 1460 577 co
1477 552 1547 585 quod
1565 553 1614 578 ad-

827 590 893 617 didit
909 599 915 617 :
935 601 942 616 l
960 591 998 617 Ad
1016 591 1096 618 Israel
1110 598 1199 620 autent
1214 595 1279 628 qttid
1303 595 1383 622 dicit“?
1405 605 1414 620 ι
1431 601 1457 622 et
1473 597 1614 628 superiora

826 635 936 669 quidem
950 637 982 662 ad
995 642 1109 670 gentes;
1128 639 1270 671 sequentia
1286 646 1350 666 vero
1362 641 1473 673 exponit.
1488 641 1519 667 ad
1532 642 1611 668 Israrl

826 688 886 708 esse
914 681 1064 715 referenda,
1082 683 1109 710 in
1127 684 1226 718 quibus
1239 685 1297 711 ait:
1317 693 1325 710 ι
1342 684 1407 712 'l‘ota
1429 686 1472 712 die
1498 687 1613 721 expandi

827 734 923 753 manus
941 735 1015 754 meas
1025 729 1059 755 ad
1075 729 1201 762 p0pttlutn
1215 738 1268 757 non
1279 731 1444 761 credentem,
1460 735 1487 757 et
1507 737 1615 758 contra-

827 772 971 799 dicentem.
996 782 1005 799 ›
1027 773 1080 801 Sed
1095 775 1183 809 pritno
1206 775 1326 802 outnitttn
1341 778 1412 810 quod
1428 777 1482 809 ait,
1501 787 1510 802 ε
1532 777 1616 804 Isaias

826 818 909 845 audet
930 822 958 844 et
975 819 1054 849 dicit.
1075 828 1085 844 ι
1113 819 1252 847 videamus
1269 821 1333 854 quid
1361 822 1470 854 audeat,
1497 822 1536 848 vel
1554 830 1615 857 qua:

9 874 24 893 ο
46 866 184 893 sermonis
207 869 345 899 appareat.
380 865 552 900 Uttaqquue
576 873 658 900 gens,
697 866 772 893 verbi
790 853 811 882 Β
826 865 870 891 hic
887 865 1028 898 propheta:
1045 865 1174 893 doceatur
1187 867 1310 893 audacia.
1325 867 1353 894 Si
1372 868 1542 895 intendamus
1558 868 1614 902 (69)

9 920 76 943 tusa,
92 911 296 947 Egyptiurum,
308 916 356 938 aut
370 911 511 946 Syrorum,
525 916 570 938 aut
582 910 774 945 Moabitarttm,

9 966 32 983 το
47 966 78 985 eo
92 959 166 993 quod
180 958 298 992 propriis
315 957 492 989 lcrtuinis,‘et
504 957 607 992 lingua,
624 962 650 984 ct
667 958 773 990 ltabitu,

9 1013 13 1030 ι
37 1003 157 1031 moribus
180 1008 266 1038 atque
290 1002 422 1030 institutis
445 1003 623 1035 discernitur,
639 1011 706 1038 gens
729 1003 773 1029 illa

9 1051 26 1077 el
51 1050 94 1077 illa
119 1049 297 1084 appellatur:
316 1049 345 1076 et
370 1056 458 1084 neque
483 1049 556 1085 Syri,
579 1049 699 1085 Algyptii
723 1049 775 1076 ali-

9 1095 92 1122 ttando
115 1095 268 1122 dicuntur:
285 1102 373 1129 neque
396 1094 531 1128 Moabitae,
549 1095 656 1122 Idumaei
681 1095 774 1130 appel-

9 1145 90 1174 rttlttl';
115 1145 164 1167 aut
185 1141 290 1168 Arabes
319 1141 428 1177 Scythae
448 1142 516 1177 (b5).
532 1143 679 1169 Christiani
708 1150 772 1170 vero

9 1195 38 1213 on
55 1191 96 1214 est
111 1194 166 1213 una
194 1194 272 1221 gens,
290 1188 338 1214 sed
354 1196 387 1214 ex
410 1188 538 1214 omnibus
561 1188 688 1222 gentibus
703 1196 774 1216 unus

9 1233 98 1267 opulus
115 1242 123 1261 :
139 1239 166 1260 et
185 1234 245 1260 ideo
259 1233 365 1269 Moyses
384 1240 432 1268 pro
449 1241 558 1261 summo
574 1234 679 1262 honore
692 1243 702 1259 ι
719 1242 771 1261 ιιοι]

9 1285 90 1306 autem
106 1289 116 1305 ι
135 1287 196 1306 eam
213 1280 374 1312 nominavit,
397 1280 461 1314 quia
477 1288 529 1307 non
543 1285 605 1307 erat
627 1288 678 1307 una
694 1288 771 1315 gens,

9 1323 43 1355 2d,
58 1325 79 1351 si
100 1326 138 1351 ita
160 1325 213 1352 dici
228 1329 327 1359 potest,
344 1325 467 1352 omnium
482 1325 603 1360 gentium
621 1333 687 1359 gens
703 1325 771 1360 (64).

13 1377 83 1395 eruttt
99 1369 207 1396 excludi
225 1369 378 1396 videbimur
390 1371 417 1396 in
432 1370 474 1397 his
485 1377 544 1403 qua:
557 1371 771 1404 subscqttuntnr,

11 1414 33 1439 bi
50 1413 112 1439 dicit
131 1422 139 1439 :
162 1422 170 1438 ι
190 1412 216 1439 In
230 1419 338 1448 gentem
354 1414 530 1447 insensatam,
546 1414 571 1441 lll
587 1415 654 1442 iratn
668 1423 714 1442 vos
732 1416 772 1441 itt-

9 1467 78 1486 ut-atn
94 1469 101 1487 :
121 1469 131 1485 ι
148 1460 218 1493 quod
236 1465 263 1487 et
281 1466 387 1493 gentem
407 1468 478 1493 eam,
493 1466 518 1488 ct
534 1461 705 1495 insipientem
724 1470 772 1489 no-r

9 1505 139 1532 ditaverit.
160 1506 258 1533 Verum
280 1514 315 1533 tte
333 1506 359 1532 itt
381 1506 432 1534 hoc
456 1507 566 1541 quidem
590 1507 709 1535 famulus
726 1508 771 1535 υι-ὶ
787 1525 808 1553 C

9 1549 89 1585 lnysus
104 1552 300 1578 contumclam
315 1551 349 1578 lat
359 1552 379 1578 il
396 1553 492 1587 populo
504 1553 566 1586 Dei;
579 1554 625 1580 sed
641 1554 772 1587 prmvide-

9 1601 33 1623 at
48 1597 72 1624 in
89 1597 188 1631 spiritu
203 1598 331 1631 quoniatn
347 1598 370 1625 si
387 1598 447 1632 quis
468 1598 522 1625 vult
544 1599 655 1633 sapiens
669 1606 729 1626 esse
746 1600 771 1625 in

9 1651 38 1670 oc
60 1647 170 1676 mundo,
200 1644 332 1678 insipiens
355 1645 413 1671 ﬁeri
443 1645 532 1676 debet,
552 1649 581 1672 ιιι
606 1645 642 1672 sit
663 1646 774 1679 sapiens

10 1691 54 1722 pud
71 1690 153 1716 Deum
169 1690 210 1723 “‘;
226 1695 253 1717 et
269 1699 278 1715 ι
295 1691 359 1724 quia
374 1698 428 1716 non
445 1691 570 1724 cognovit
595 1691 711 1717 mundus
725 1698 773 1724 per

9 1736 145 1767 apiculiam
161 1735 243 1762 Deum
255 1755 263 1767 ,
282 1736 383 1771 placuit
403 1737 456 1763 Deo
473 1743 520 1770 per
534 1736 678 1763 stnltitiatn
702 1743 772 1770 prae-

10 1783 129 1810 icationis
145 1782 236 1810 salvos
249 1782 341 1809 facere
354 1783 497 1810 credentes
511 1783 532 1798 ⁸⁸
551 1793 558 1810 :
578 1792 588 1809 ι
606 1788 632 1810 et
647 1783 709 1818 quia
725 1791 774 1817 per

11 1829 208 1856 r:cdicaliottt'm
219 1829 309 1856 crucis
325 1829 439 1862 Christi,
450 1837 511 1863 qua:
524 1833 567 1856 est
579 1829 693 1856 stultitia
705 1836 772 1864 gen-

9 1875 57 1901 illlIS
65 1874 99 1906 “,
108 1882 200 1909 congrn
211 1875 320 1909 gabitur
333 1874 446 1910 populus
457 1875 500 1908 qtti
515 1875 562 1901 [lat
573 1874 598 1901 in
611 1875 662 1902 hoc
674 1874 774 1902 mundo

9 1921 93 1953 Iulius,
115 1926 147 1948 ut
169 1921 205 1948 sit
219 1921 327 1956 sapiens
345 1922 415 1955 apttd
433 1921 528 1948 Deum.
551 1921 708 1949 Irascuntur
727 1929 774 1948 er-

10 1976 23 1991 o
37 1968 88 2003 (55)
103 1967 189 1996 Judaei
203 1968 275 2003 quod
292 1969 358 2002 ipsis
370 1969 564 1995 excusantibus
582 1972 610 1995 et
628 1967 774 1995 refutanti-

12 2021 47 2044 us,
63 2015 94 2042 ad
110 2015 266 2041 convivium
280 2015 350 2048 regis
366 2015 484 2041 invitata:
499 2019 562 2041 sunt
585 2019 690 2047 gentes,
715 2022 769 2041 ll0ll

10 2061 148 2094 spicientes
170 2061 204 2088 ad
229 2068 260 2087 ea
287 2068 348 2095 qua:
378 2060 478 2086 dudutn
502 2060 535 2086 de
564 2061 614 2086 hoc
643 2059 772 2095 mysterio

23 2106 99 2134 Isaias
125 2106 208 2133 audet
231 2110 260 2133 et
281 2106 347 2133 dicit
364 2115 370 2132 :
385 2105 513 2132 Inventus
535 2113 595 2132 sum
612 2104 668 2140 (66)
685 2112 701 2131 a
719 2112 770 2132 non

11 2153 168 2179 merentibus
180 2159 237 2179 me:
251 2151 338 2186 palam
349 2150 460 2185 apparui
471 2150 542 2177 inter
549 2157 595 2177 eos
606 2150 652 2184 qui
665 2157 707 2176 tne
714 2149 772 2184 (67)

825 910 916 937 verbis
932 911 1003 937 beati
1016 911 1146 945 Stephani
1160 913 1275 940 dicentis
1288 914 1325 940 ‘7;
1346 923 1354 938 ι
1371 914 1455 947 Quem
1468 915 1539 942 enim
1551 923 1615 950 pro-

824 956 967 989 phetarum
986 964 1038 984 non
1062 959 1196 991 persecuti
1212 963 1275 985 sunt
1293 965 1384 994 patres
1401 960 1495 993 vestri,
1509 961 1552 994 qui
1565 968 1613 986 an-

824 1001 988 1028 nuntiabant
1006 1001 1040 1029 de
1056 1003 1174 1030 adventu
1190 1002 1277 1030 Iusti?
1296 1014 1305 1030 ι
1327 1010 1390 1032 tunc
1413 1004 1489 1032 Isaia:
1515 1006 1615 1033 intelli-

824 1047 913 1081 gimus
926 1048 1079 1080 audaciam,
1095 1049 1139 1084 qui
1153 1051 1387 1083 persecutionibns
1410 1055 1438 1078 et
1451 1057 1536 1079 tuorte
1549 1060 1612 1086 pro-

823 1093 911 1128 posita
927 1101 1008 1120 ausus
1022 1099 1063 1120 est
1081 1098 1171 1121 lattten
1185 1095 1219 1122 de
1235 1096 1353 1123 adventu
1369 1096 1437 1123 Jusli
1451 1099 1610 1132 ptmdicarc,

823 1145 849 1167 et
863 1148 911 1174 pro
925 1140 994 1166 botto
1010 1140 1091 1166 audet
1109 1141 1193 1167 etiam
1211 1142 1279 1168 tnori
1291 1142 1323 1170 ⁸⁸.
1348 1142 1374 1168 In
1394 1151 1446 1176 quo
1469 1149 1557 1170 tamen
1574 1144 1612 1171 si-

824 1185 879 1213 tnul
897 1191 923 1212 et
941 1186 1006 1213 illud
1019 1187 1185 1219 ostenditur,
1196 1187 1256 1222 quia
1272 1196 1336 1220 ttott,
1356 1193 1385 1216 ut
1398 1189 1480 1223 aliqui
1504 1192 1611 1224 putant,

824 1232 962 1266 prophetae
981 1233 1136 1260 nesciebant
1149 1234 1213 1268 quid
1229 1234 1364 1266 dicereut,
1377 1239 1405 1261 et
1418 1235 1495 1269 quasi
1509 1235 1613 1264 aliena-

826 1282 851 1304 Io
867 1285 946 1305 senstt
964 1286 1014 1305 suo
1030 1279 1240 1313 prophetabant.
1258 1279 1333 1312 Quod
1359 1280 1432 1306 enim
1449 1280 1516 1308 dicit
1540 1281 1612 1313 Apo-

824 1323 909 1350 stolus
928 1325 960 1351 de
978 1323 1059 1356 Isaia,
1075 1324 1138 1359 quia
1151 1334 1160 1350 ‹
1176 1325 1255 1352 audet
1268 1329 1294 1351 et
1306 1325 1381 1358 dicit,
1401 1334 1410 1351 ι
1429 1325 1480 1352 Itoc
1496 1325 1617 1360 iudicat,

823 1369 887 1402 quia
903 1374 1017 1396 mortetn
1032 1374 1210 1396 contemnens
1231 1376 1258 1397 et
1274 1370 1478 1405 persecutiones
1493 1379 1553 1406 qua;
1568 1371 1611 1398 in-

824 1413 993 1449 ferebantur,
1019 1416 1144 1448 quamvis
1158 1415 1241 1443 sciret
1266 1416 1316 1443 sibi
1341 1416 1482 1443 ittttnincre
1504 1416 1614 1451 pericu-

823 1462 892 1494 lum,
909 1461 990 1488 audet
1006 1466 1095 1488 tamen
1113 1465 1140 1487 et
1163 1461 1292 1496 prtedicat
1318 1462 1430 1488 verbum
1457 1462 1515 1494 Dei,
1542 1461 1613 1489 sicut.

823 1513 850 1535 et
865 1508 921 1542 ipse
936 1507 1035 1535 I‘aulus
1049 1507 1176 1534 diccbat:
1192 1516 1201 1532 ι
1218 1507 1281 1534 Scio
1297 1507 1359 1541 quia
1376 1507 1484 1534 vincula
1506 1512 1533 1534 et
1547 1515 1610 1534 car-

825 1561 900 1581 ceres
913 1557 1023 1581 manent
1039 1561 1081 1580 me
1102 1554 1128 1580 in
1142 1553 1334 1588 .Ierosolytnis;
1350 1553 1396 1581 sed
1408 1561 1458 1588 ego
1474 1561 1526 1581 non
1542 1554 1612 1581 facio

824 1600 976 1626 cltarittrcnt
998 1599 1117 1628 animam
1133 1609 1220 1628 meam
1234 1600 1298 1628 mihi
1310 1600 1343 1626 θ’.
1361 1610 1370 1626 ›
1384 1599 1429 1627 Sic
1439 1607 1504 1635 ergo
1518 1599 1573 1635 (70)
1585 1604 1615 1626 et

825 1646 908 1673 Isaias
918 1645 1020 1672 sciebat
1029 1645 1137 1679 quidem
1150 1646 1297 1671 secandum
1308 1653 1336 1672 se
1345 1652 1405 1672 esse
1411 1650 1438 1672 et
1447 1644 1614 1671 iutet‘licieno

824 1691 887 1717 dum
902 1689 984 1725 629
999 1690 1032 1717 ab
1046 1690 1135 1724 itnpiis
1148 1709 1155 1722 ,
1170 1691 1251 1716 audet
1269 1695 1359 1717 tamen
1374 1711 1381 1723 ,
1394 1695 1422 1717 et
1435 1698 1469 1717 ex
1495 1697 1610 1724 persona

824 1735 925 1762 Christi
946 1735 1012 1762 dicit
1027 1744 1035 1762 :
1053 1743 1062 1760 ‹
1083 1734 1213 1762 Iuventus
1235 1742 1296 1761 sum
1319 1742 1333 1760 a
1352 1742 1404 1761 non
1428 1734 1614 1769 qumrentihns

825 1788 868 1808 tne
881 1781 916 1807 ⁷⁸.
939 1790 947 1806 t
965 1780 1075 1807 Certum
1093 1785 1135 1807 est
1155 1785 1243 1807 autem
1259 1780 1329 1814 quod
1346 1786 1441 1814 gentes
1455 1785 1533 1806 erant
1552 1788 1612 1814 qua:

825 1827 960 1854 Christum
980 1833 1030 1853 nec
1043 1833 1166 1860 qttatrerc
1191 1831 1322 1853 noverant
1335 1846 1342 1858 ,
1362 1833 1411 1853 nec
1433 1826 1466 1852 de
1478 1834 1511 1852 eo
1526 1826 1612 1852 inter—

824 1879 920 1908 rogare
948 1873 1110 1899 didicerant.
1141 1871 1303 1900 Invenerunt
1330 1878 1421 1899 tamen
1448 1879 1530 1907 quem
1559 1879 1613 1899 non

824 1919 999 1954 qttmsierunt,
1013 1918 1076 1952 quia
1093 1919 1150 1953 ipse
1164 1926 1210 1946 eos
1226 1919 1299 1953 prior
1311 1919 1446 1952 quaesivit.
1462 1918 1560 1946 Pastor
1569 1926 1612 1946 est

825 1965 898 1992 enim
917 1965 1002 1992 bonus
1017 1964 1051 1997 7‘,
1067 1967 1094 1990 et
1115 1972 1192 1991 ovem
1206 1972 1266 1998 qua:
1277 1964 1396 1999 perierat
1409 1964 1554 1998 requisivit
1569 1965 1609 1995 ⁷¹;

814 2011 851 2038 ‘et
864 2010 998 2044 sapientia
1021 2014 1061 2037 est
1073 2017 1134 2044 quae
1154 2009 1314 2037 drachmam
1328 2009 1460 2044 perditam
1475 2010 1612 2044 quaesivit,

823 2062 851 2083 et
874 2063 997 2090 querens
1020 2056 1123 2083 invenit
1144 2056 1178 2083 ⁷³.
1195 2055 1280 2082 .ludwi
1304 2060 1394 2082 autem
1420 2063 1506 2090 usque
1523 2056 1610 2083 adhuc

823 2107 951 2137 quatrunt
967 2102 1000 2129 de
1016 2102 1125 2130 Christo
1136 2123 1145 2135 ,
1159 2107 1186 2128 ct
1211 2102 1381 2137 interrogant
1403 2101 1558 2136 Scripturas
1576 2103 1609 2129 de

823 2156 865 2180 eo,
891 2153 918 2175 et
943 2155 994 2174 non
1012 2148 1169 2179 inveniunt;
1191 2148 1253 2181 quia
1278 2154 1343 2173 crux
1369 2146 1427 2181 ejus
1448 2146 1549 2173 Iudicis
1570 2152 1614 2174 est

12 2205 41 2223 0n
56 2196 269 2232 interrogabant.
283 2196 324 2223 Ad
338 2195 418 2222 Israel
432 2199 522 2222 autem
534 2195 599 2229 quid
611 2194 693 2221 dicit?
704 2194 771 2221 Tota
789 2204 810 2231 ι)
825 2194 984 2221 seamlalum
998 2194 1021 2210 "
1037 2193 1093 2229 (7|)
1108 2203 1114 2220 :
1128 2198 1155 2220 et
1168 2193 1227 2221 ideo
1240 2193 1306 2221 dicit
1317 2194 1351 2221 ad
1366 2201 1412 2220 cos
1429 2202 1435 2220 :
1453 2202 1462 2218 ι
1484 2192 1552 2220 Tota
1569 2193 1615 2219 die

12 2241 32 2268 ic
43 2243 156 2278 cxpandi
173 2250 270 2270 manus
291 2249 365 2269 meas
379 2242 413 2269 ad
429 2241 556 2275 populum
580 2248 632 2267 non
652 2240 769 2267 creden-

9 2293 42 2312 em
67 2293 93 2314 ct
121 2287 367 2314 contradicentem.
394 2295 403 2312 ι
426 2286 502 2313 Sicut
527 2286 553 2312 in
582 2284 773 2319 superioribus

9 2340 58 2367 :l'pe
70 2334 238 2361 ostendimus
251 2333 403 2369 apostolum
419 2332 530 2359 Paulutn
546 2339 619 2359 nunc
631 2332 665 2360 de
679 2332 769 2367 genti-

24 2402 70 2430 “l
92 2403 154 2432 Cor.
172 2411 213 2436 Ill,
238 2403 281 2432 l8.
321 2403 440 2431 “ICor.
458 2409 478 2436 t,
497 2402 543 2429 2L

9 2437 74 2466 ’lsa.
87 2446 150 2473 va,
172 2440 195 2466 l.
242 2439 264 2455 '”
280 2439 357 2466 Joau.
374 2446 402 2471 x,
417 2438 461 2465 l4.

25 2507 79 2544 (61)
95 2510 176 2538 Deest
194 2521 203 2537 ι
224 2515 250 2538 et
267 2520 276 2536 ι
294 2511 319 2537 Ῐη
336 2509 427 2537 editis.

28 2545 78 2577 (62)
92 2545 176 2576 Edili,
195 2555 204 2571 ι
226 2545 396 2580 Insipientes,
413 2555 423 2571 ι
442 2543 519 2580 male.

28 2580 78 2615 (65)
95 2580 142 2607 Ms.
157 2588 228 2608 unus
242 2578 341 2614 Regius
357 2588 432 2607 nntn.
450 2578 517 2606 1659
536 2582 618 2610 habet
632 2593 641 2608 I
657 2581 742 2610 Gette.
761 2590 770 2606 ι

9 2613 222 2652 iedcicterirmss.
243 2622 269 2643 et
284 2613 426 2652 llabantts.
447 2624 455 2640 ι
479 2616 596 2652 Scythae.
612 2627 621 2643 ι

29 2649 78 2685 (64)
92 2650 173 2681 Ε‹Ιίιί,
191 2661 200 2676 ‹
218 2652 337 2678 omnium
350 2650 467 2684 gentium
481 2649 583 2684 geides.
607 2662 615 2678 ι

29 2685 80 2720 (ϋὸ)
97 2687 141 2713 Sic
156 2686 204 2714 Ms.
223 2687 322 2720 Regius
338 2693 411 2713 nttttt.
426 2686 494 2713 1639
508 2693 534 2713 et
549 2687 688 2715 Iiabatttts.
702 2686 772 2714 Editi

9 2726 56 2746 tero
72 2726 97 2748 ct
113 2730 176 2748 mss.
196 2722 327 2756 plerique,
344 2731 352 2746 ι
374 2722 524 2748 irasrantur
535 2730 608 2756 ergo,
625 2732 634 2748 ι
648 2727 701 2749 etc.

31 2756 81 2791 ttifi)
98 2757 177 2788 Editi,
195 2766 205 2782 ‹
223 2759 254 2784 de
268 2758 318 2784 hoc
334 2757 472 2791 mysterio.
489 2756 572 2784 Isaias
587 2763 676 2784 autem
692 2757 771 2784 audet

9 2794 23 2815 τι
35 2792 95 2818 dicit
109 2800 116 2818 :
130 2792 256 2819 Iuventus
279 2800 352 2823 sttttt,
373 2801 380 2817 I
402 2797 454 2819 etc.
478 2792 530 2819 Sed
547 2800 642 2820 omnes
665 2801 729 2820 mss.
746 2796 773 2820 ct

11 2827 116 2854 laIDiIIIIIS
131 2832 158 2855 ttt
170 2828 196 2855 Ill
212 2832 304 2855 ttostro
320 2832 408 2854 textu.

583 2402 606 2417 “
627 2401 692 2429 ibid.
718 2401 762 2429 25.
799 2402 820 2418 ⁸⁷
837 2403 898 2428 Act.
924 2401 1028 2431 Vtt.52.

505 2437 528 2452 ⁷¹
543 2436 610 2464 Luc.
627 2445 672 2471 xv,
690 2436 718 2465 4,
756 2437 854 2465 "ibid.
869 2437 895 2464 8.

825 2241 942 2274 cxpaudi
959 2248 1053 2267 manus
1077 2248 1151 2267 meas
1164 2241 1198 2268 ad
1221 2241 1346 2275 populum
1369 2248 1422 2267 non
1444 2240 1613 2271 credentem,

826 2292 854 2313 et
870 2286 1101 2313 contradicentetn
1121 2286 1144 2301 ⁷⁵
1160 2295 1166 2313 :
1183 2295 1192 2312 t
1213 2287 1264 2314 hoc
1284 2291 1337 2319 est,
1353 2294 1415 2313 cum
1431 2287 1562 2320 penderet
1586 2286 1612 2311 in

825 2339 918 2365 cruce,
936 2331 973 2357 illi
993 2339 1046 2358 non
1066 2332 1153 2358 solum
1175 2339 1226 2359 non
1244 2332 1404 2359 invenerunt
1418 2339 1491 2364 eunt,
1510 2331 1556 2358 sed
1571 2331 1615 2358 iu-

1257 2400 1284 2426 7.
1321 2400 1343 2416 ⁶⁰
1358 2401 1416 2426 Act.
1439 2399 1543 2431 “.23,
1564 2399 1612 2426 25.

1211 2435 1234 2451 "
1251 2436 1303 2463 Isa.
1316 2443 1378 2466 va,
1395 2435 1422 2461 2.

1069 2400 1092 2416 ⁸⁸
1106 2400 1183 2427 Rom.
1207 2407 1234 2430 ν,

943 2436 967 2452 ⁷⁸
984 2436 1066 2464 onr.
1083 2443 1104 2467 ι,
1119 2435 1164 2462 25.

865 2506 919 2543 (67)
934 2506 1015 2539 Edili,
1036 2515 1046 2532 ι
1062 2505 1174 2543 apparui
1189 2506 1234 2543 bis
1248 2507 1293 2539 qui
1304 2512 1360 2543 met
1381 2515 1391 2531 ι
1406 2510 1460 2532 etc.

864 2541 918 2578 (68)
933 2543 1012 2574 Editi,
1030 2551 1039 2567 ι
1060 2542 1087 2568 in
1103 2541 1278 2578 mutationem
1293 2541 1430 2567 declinare
1445 2547 1576 2575 persona).
1599 2550 1609 2567 ι

828 2577 880 2605 Sed
893 2585 987 2604 ornnes
1003 2584 1066 2604 mss.
1085 2581 1113 2603 ιιι
1123 2577 1150 2604 in
1163 2582 1255 2603 nostro
1269 2579 1352 2602 textu.

862 2612 919 2647 (69)
933 2613 979 2639 Sic
996 2620 1047 2639 tns.
1062 2611 1161 2645 Regius
1175 2618 1251 2638 ttutn.
1266 2610 1334 2637 I659
1345 2616 1371 2637 et
1385 2610 1523 2647 Ilabautts.
1540 2611 1610 2637 Εὐίιί

827 2656 890 2674 ν--ινο
902 2652 928 2674 et
944 2647 1007 2674 Mss.
1024 2648 1156 2682 plerique,
1176 2655 1185 2671 ε
1201 2646 1350 2682 videttntus.
1364 2646 1434 2682 Quid
1449 2647 1548 2672 audet?
1571 2647 1611 2672 vel

827 2690 886 2718 qua}
902 2683 946 2718 hic
968 2681 1110 2718 Propheta.-
1129 2681 1259 2709 audacia?
1272 2681 1509 2718 Αδῇᾼίιιιθιιιιλτιιιιιιε,
1531 2690 1540 2706 ι
1557 2686 1610 2708 etc.

862 2717 917 2752 (70)
927 2718 974 2744 Ms.
988 2725 1058 2743 unus
1069 2717 1168 2751 Itegius
1181 2724 1252 2743 num.
1268 2716 1348 2748 1639,
1359 2725 1367 2741 ι
1380 2716 1497 2742 animam
1510 2723 1610 2747 meam,

827 2761 908 2788 qualn
928 2760 978 2788 me.
995 2761 1009 2788 ν»
1028 2752 1127 2788 Deinde
1141 2752 1217 2784 editi,
1235 2761 1249 2788 «γ
1262 2752 1289 2778 Si
1308 2759 1382 2786 ergo,
1403 2760 1412 2777 ι
1431 2757 1483 2778 etc.

863 2788 920 2824 (71)
932 2786 1000 2815 Editi
1014 2807 1022 2822 ,
1041 2795 1051 2812 ί
1065 2787 1128 2822 quia
1144 2794 1212 2815 crux
1227 2787 1286 2822 t-jus
1296 2788 1337 2815 eis
1345 2785 1391 2814 est
1407 2785 1579 2815 scandalum.
1597 2793 1607 2810 ι
