1831 3052
229 105 301 133 1175

969 105 1132 135 ORIGENIS
1756 114 1792 141 Ilii

229 174 311 203 super
325 167 472 195 dixerunt:
493 175 503 193 t
528 167 556 194 Si
575 165 660 194 Filius
676 165 722 193 Dei
740 173 782 199 es,
796 165 930 193 descende
945 173 1019 193 nunc
1033 170 1057 197 Α
1073 167 1162 193 minus
1183 165 1291 194 Christo
1309 165 1448 193 crederem
1460 185 1468 199 ,
1491 170 1519 193 et
1532 174 1564 193 ex
1581 166 1630 194 (ide
1647 168 1791 202 ejusjustiﬁu.

228 213 262 240 de
275 221 365 246 cruce,
379 218 405 241 ct
416 213 552 240 credimus
566 212 612 240 tibi
628 212 663 240 ".
680 222 689 238 )
708 212 763 240 Sed
776 211 838 239 audi
856 212 920 246 quid
936 212 1018 239 etiam

231 263 258 289 in
277 261 416 294 Sapientia
430 259 583 287 Salomonis
601 258 754 292 dicatur",
767 259 829 293 quia
848 268 857 284 ι
873 265 925 286 non
944 259 1019 286 inve-

230 308 319 334 nietttr
337 307 371 334 ab
388 306 429 333 his
448 306 493 340 qui
511 310 617 333 tentattt
638 312 699 332 eum
717 305 881 340 :apparebit
895 312 960 333 vero
976 306 1018 332 his

227 353 273 386 qui
289 360 342 379 non
364 357 426 378 sunt
442 351 575 379 increduli
599 352 632 377 ad
650 359 724 378 cum.
747 361 756 376 ν
775 350 828 378 Sed
843 359 877 378 ne
893 351 944 378 hoc
958 351 1019 386 qui-

227 399 288 426 dem
301 406 316 425 a
331 398 410 425 nobis
424 398 553 425 convenit
579 397 707 432 ignorari,
727 397 798 432 quod
812 397 838 424 itt
852 397 1017 432 exemplari-

227 445 278 472 bus
289 444 464 471 lIebraaorum
475 451 527 471 non
540 444 654 471 habetur
673 453 682 470 ι
698 448 725 470 et
744 444 989 471 contradicentem.
1006 453 1015 470 ›

226 491 374 526 Apostolus
388 495 478 518 autem
500 496 609 518 set-ntus
624 496 665 517 est
684 490 861 524 Septuaginta
883 490 1018 525 Interpre-

227 543 283 564 tmu
312 537 454 564 veritatem
480 537 505 563 in
523 536 580 563 suis
600 536 710 570 scriptis
722 555 730 568 ,
757 541 784 563 et
797 537 866 564 sicut
881 537 918 564 illi
933 537 1017 564 inter-

225 583 325 617 pretati
338 587 402 610 sunt
413 582 489 616 ponit
506 582 573 618 (Ἰῖ).

262 628 288 654 7.
315 637 324 653 ‹
354 628 420 655 Dico
433 628 516 662 igitur
534 627 683 662 :Nunquid
706 628 803 662 repulit
819 628 890 656 Deus
911 628 1016 664 plebem

224 681 301 701 suam
314 674 328 701 ‘.’
341 673 431 700 Absit.
447 672 514 700 Nam
528 678 555 700 et
571 680 622 708 ego
636 673 758 701 Israelita
774 681 833 700 sum
850 674 906 709 (75)
922 682 956 701 ex
971 681 1017 701 se-

225 721 300 749 mine
314 720 441 751 Abrahae,
455 725 482 748 et
499 720 569 748 tribu
586 720 735 755 Beniamin.
753 720 811 748 Non
829 721 929 756 repulit
946 721 1018 749 Deus

225 767 332 801 plebem
351 774 428 794 suam
447 774 528 801 quam
549 767 695 801 praescivit.
709 766 750 793 Au
774 767 887 794 nescitis
915 768 942 795 in
960 767 1017 795 Elia

226 815 292 849 quid
311 814 379 842 dicit
407 814 549 849 Scriptura
568 822 576 840 :
594 813 732 848 quomodo
755 813 909 848 interpellat
932 814 1015 841 Deum

224 862 370 888 adversum
386 860 492 888 Israel?
513 860 627 888 Domine
640 879 649 893 ,
662 861 809 895 prophetas
827 865 886 887 tuos
906 860 1015 888 occide-

225 911 298 939 runt,
314 906 409 934 altaria
426 913 472 934 tua
496 906 664 935 suII'oderunt
675 929 683 942 ,
709 913 735 935 et
752 916 803 944 ego
818 908 929 935 relictus
953 915 1014 934 sum

223 953 308 984 solus.
329 957 356 981 et
373 958 497 988 quarrunt
520 954 640 981 animam
666 962 765 983 meam.
790 954 846 982 Sed
868 954 932 988 quid
948 954 1015 982 dicit

223 999 263 1026 illi
280 1007 439 1034 responsum
459 1000 606 1027 divinum?
623 1000 730 1036 Reliqui
754 1001 820 1028 mihi
833 1005 936 1036 septem
954 1000 1014 1028 mil-

223 1045 259 1072 lia
275 1045 396 1073 virorum
412 1047 458 1081 qui
485 1054 540 1074 non
563 1051 746 1074 curvaverant
764 1054 850 1082 genua
873 1046 948 1074 Baal.
967 1046 1015 1074 Sic

223 1091 306 1126 igitur
318 1096 345 1119 et
358 1092 384 1118 in
403 1092 454 1119 hoc
470 1097 591 1127 tempore
606 1093 726 1127 reliquiae
738 1093 886 1120 secundum
901 1092 1015 1120 eiectio-

223 1145 286 1165 nem
301 1139 395 1172 gratiaa
410 1138 491 1166 salva:
503 1138 583 1166 facta:
595 1143 668 1166 sunt.
688 1138 716 1166 Si
734 1143 824 1166 autern
843 1139 943 1174 gratia,
956 1139 1013 1174 iam

223 1191 277 1210 non
291 1191 323 1210 ex
341 1183 491 1218 operibus:
509 1184 630 1219 alioquin
643 1185 730 1219 gratia
753 1184 810 1218 jam
827 1192 880 1211 non
897 1184 925 1210 lit
949 1192 1013 1220 gra-

223 1230 260 1256 tia
275 1229 307 1256 ⁷⁸.
329 1239 338 1255 ›
355 1229 488 1263 Quoniam
503 1238 535 1257 ex
561 1231 603 1258 his
617 1238 676 1265 qua:
691 1238 772 1265 supra
788 1231 858 1257 dicta
875 1235 948 1263 sunt,
973 1231 1014 1258 vi-

222 1275 332 1303 deretur
348 1275 461 1304 forsitan
477 1276 593 1311 populus
604 1276 761 1304 Judmorum
784 1277 909 1311 repulsus
921 1284 981 1304 esse
997 1284 1011 1303 a

222 1320 288 1353 Deo,
312 1328 361 1349 uec
373 1321 475 1356 aliquid
494 1321 551 1356 spei
569 1329 678 1356 gerere,
692 1321 714 1348 si
735 1322 844 1356 quidem
862 1321 888 1348 in
902 1321 1013 1348 :emula-

222 1366 325 1393 tionem
341 1366 479 1393 induxerit
497 1374 558 1394 eum
581 1367 650 1394 Deus
668 1366 695 1394 in
720 1374 774 1393 non
786 1371 893 1402 gentem
907 1386 914 1398 ,
939 1371 966 1394 et
985 1368 1011 1394 in

222 1412 290 1438 iram
305 1431 312 1444 ,
332 1410 357 1437 in
372 1417 482 1446 gentem
506 1411 673 1438 insensatam
690 1411 723 1444 τ’,
737 1417 764 1438 et
787 1411 947 1439 manifestus
972 1411 1013 1438 fa-

222 1461 282 1483 ctus
296 1457 353 1491 (71)
368 1457 401 1483 sit
415 1456 458 1483 his
473 1456 518 1490 qui
537 1464 598 1483 cum
616 1463 667 1483 non
683 1455 853 1490 qumrebant,
870 1461 898 1483 et
918 1456 1013 1483 inven-

223 1506 266 1528 tus
288 1503 324 1528 sit
338 1502 371 1528 ab
387 1502 428 1528 his
453 1502 497 1533 qui
522 1502 555 1529 de
578 1509 610 1528 eo
634 1510 686 1528 non
709 1502 915 1536 interrogabant
930 1502 985 1537 (75)
1003 1510 1010 1529 :

222 1552 369 1580 propterea
392 1547 550 1582 Apostolus,
567 1547 659 1574 volens
677 1547 727 1573 ista
742 1555 849 1579 curare,
872 1553 899 1574 et
918 1552 1012 1574 osten-

222 1594 287 1620 dere
307 1593 370 1627 quia
384 1593 504 1627 supersit
521 1593 615 1620 salutis
634 1593 676 1619 via
694 1593 793 1627 populo
808 1593 864 1628 (76)
889 1593 971 1621 Israel
988 1595 1011 1621 si

222 1639 347 1671 credant,
368 1643 396 1666 et
414 1639 475 1673 quia
492 1647 543 1666 non
562 1639 664 1666 idcirco
680 1639 780 1673 repulsi
799 1643 861 1666 sunt
875 1639 939 1674 quia
964 1647 1012 1674 ge-

222 1693 274 1712 nus
287 1685 342 1712 sint
358 1684 440 1712 Israel
457 1684 574 1720 (77),sed
592 1685 656 1719 quia
673 1684 806 1712 increduli
817 1685 934 1718 fuerint,
951 1685 1010 1713 ait:

224 1740 233 1756 ε
252 1730 309 1757 Non
324 1731 423 1765 repulit
445 1730 515 1758 Deus
533 1731 637 1766 plebem
652 1738 729 1758 suam
744 1738 825 1766 quam
840 1731 985 1766 praescivit.
997 1740 1008 1758 ι

221 1777 256 1803 Et
271 1781 298 1803 ut
323 1777 373 1806 hoc
389 1777 515 1810 prmsenti
538 1776 667 1811 probaret
682 1777 807 1812 exemplo
820 1798 828 1810 ,
847 1777 986 1812 subiungit
1000 1785 1009 1805 :

223 1833 232 1849 ι
253 1823 322 1850 Nam
338 1828 366 1850 ct
388 1830 437 1857 ego
456 1822 579 1851 Israelita
601 1832 660 1851 sum
680 1831 712 1851 ex
737 1824 843 1852 semine
859 1824 1009 1857 Abraham,

220 1874 248 1896 et
265 1870 336 1896 tribu
355 1868 508 1903 Beujamin,
529 1878 538 1894 ι
553 1874 580 1896 et
593 1875 683 1896 tatnen
702 1870 781 1896 Iidem
798 1869 861 1896 Iesu
874 1870 968 1901 doceo.
984 1874 1011 1897 et

220 1916 352 1943 annuntio
373 1917 435 1951 quia
455 1917 511 1950 ipse
528 1922 569 1943 est
586 1917 722 1943 Christus.
737 1917 814 1949 Quod
831 1916 854 1943 si
875 1916 938 1943 mihi
954 1924 1008 1943 non

220 1961 308 1989 obfuit
328 1963 392 1996 quia
406 1970 464 1989 sum
480 1961 602 1989 Israelita
616 1969 649 1989 ex
670 1962 775 1989 semine
786 1962 1012 1996 Abraham,quo-

255 2022 279 2037 ⁷⁸
297 2021 392 2049 Matth.
407 2029 492 2054 xxvtt,
510 2021 558 2053 10,
574 2021 619 2048 12.
667 2022 688 2036 ⁷⁷
708 2021 772 2056 Sup.
792 2029 817 2054 ι,
834 2021 861 2048 2.

255 2090 410 2132 (72).7Editi,
429 2099 438 2116 ε
460 2091 568 2125 scriptis
586 2100 593 2118 :
609 2091 678 2118 sicut
692 2091 728 2118 illi
745 2091 918 2127 interpretati
930 2096 1007 2123 sunt,

219 2131 436 2202 θῒῗξέῗιλίΝῃη)
458 2166 485 2188 et
499 2168 549 2202 ego
567 2161 687 2202 Israelita
708 2169 768 2202 sum
781 2182 788 2195 ,
810 2171 819 2187 ι
834 2167 904 2202 etc.,
923 2169 1008 2202 usque

908 2021 930 2036 ⁷⁸
944 2021 1020 2048 Rom.
1035 2022 1102 2054 xt,I,
1117 2030 1174 2057 seq.

1072 219 1137 245 rer;
1161 218 1266 240 certum
1282 217 1333 240 cst
1355 212 1418 247 quia
1443 221 1454 238 ‹
1478 220 1531 240 non
1551 213 1645 249 repulit
1662 215 1792 250 lteusplelieu

1070 266 1148 285 suam
1176 266 1257 292 quam
1281 258 1430 293 praescivit.
1453 268 1462 284 ι
1479 258 1618 292 Quomodo
1640 265 1717 287 autem
1736 271 1794 296 «quas

1070 304 1218 338 prmscivit,
1233 304 1293 331 illos
1314 309 1339 332 et
1356 304 1482 337 vocavit;
1498 308 1525 331 et
1541 313 1607 339 quos
1623 307 1722 339 vocavit,
1735 308 1795 335 illum

1067 349 1227 384 justiﬁcavit
1247 350 1280 382 ⁸⁸,
1312 359 1322 376 ι
1344 357 1424 386 supra
1445 349 1501 384 jam
1526 352 1625 378 dictum
1647 358 1737 380 est:et
1755 358 1796 387 quat

1071 396 1200 430 praescire
1211 395 1294 429 Deus,
1315 404 1368 424 non
1387 402 1490 424 tatttum
1510 397 1568 432 (78)
1583 399 1795 433 pranoscereiutun

1070 441 1155 476 (quod
1172 449 1222 469 nec
1237 441 1354 469 dubitari
1370 442 1481 477 potest).
1493 442 1540 470 sed
1561 444 1679 478 probare,
1695 450 1718 471 et
1726 446 1795 472 scienti:

1069 495 1117 515 sua
1137 489 1217 524 digna
1241 490 1350 522 ducere,
1367 489 1393 516 in
1406 488 1557 524 Scripturis
1572 489 1797 524 ponath'erumne

1069 542 1183 568 parvum
1207 535 1347 563 videretur
1367 536 1439 570 quod
1453 536 1581 571 exemplo
1594 537 1632 564 sui
1647 537 1696 571 (79)
1708 545 1749 564 non
1763 546 1797 564 esse

1070 580 1208 615 repulsanti
1230 582 1337 616 plebem
1362 582 1408 610 Dei
1425 582 1540 610 docebat
1553 582 1697 617 Apostolus,
1709 583 1797 610 validiori

1070 626 1185 660 requirit
1204 627 1341 662 exempla,
1362 632 1390 655 et
1405 628 1471 655 dicit
1488 636 1495 655 :
1511 637 1520 654 t
1534 628 1575 655 Au
1616 629 1712 656 nescitis
1730 629 1750 656 in
1764 629 1798 655 Elia

1068 674 1133 709 quid
1156 674 1223 701 dicit
1244 674 1413 709 Scriptura?
1434 674 1577 708 Quomodo
1600 674 1735 709 interpellat
1747 675 1798 702 Deum

1068 721 1213 748 adversum
1231 721 1337 749 Israel?
1355 721 1482 752 Domine,
1496 721 1643 756 prophetas
1659 726 1710 748 tuos
1729 722 1798 749 occide-

1070 771 1151 801 runt,
1166 767 1262 795 altaria
1286 771 1332 795 tua
1356 766 1526 795 suifoderuut
1539 787 1546 799 ,
1562 771 1589 794 et
1601 774 1649 803 ego
1661 767 1750 795 relictus
1764 775 1797 794 sua

1069 813 1143 840 solus
1157 834 1165 846 ,
1183 819 1210 840 et
1225 818 1352 848 quaerunt
1376 814 1495 841 animam
1516 821 1614 840 meam.
1631 813 1678 842 Sed
1691 814 1743 848 quid
1759 815 1798 840 dicit

1069 859 1107 887 illi
1124 867 1285 894 responsum
1301 860 1423 887 divinum
1437 860 1494 894 (80)
1506 860 1519 886 ?
1536 869 1545 886 ι
1566 860 1594 886 lu
1618 860 1707 895 quibus
1725 862 1798 887 docetur

1069 906 1200 941 propheta
1226 906 1371 941 aliquando
1394 906 1453 933 zelo
1475 907 1522 934 Dei
1540 906 1664 941 repletus,
1687 914 1737 933 cum
1755 908 1797 941 apud

1068 951 1152 980 Deum
1171 952 1227 988 (81)
1243 949 1490 987 querelam'populi
1503 953 1708 987 praevaricatoris
1719 961 1798 988 expone

1067 1002 1109 1024 ret
1123 1017 1130 1029 .
1145 998 1190 1032 qui
1209 1006 1263 1025 non
1280 997 1368 1025 solum
1384 998 1533 1032 prophetas
1547 999 1691 1031 occidisset,
1704 1004 1726 1026 et
1736 998 1797 1025 altaria

1067 1042 1265 1076 subvertisset,
1281 1051 1375 1071 verum
1402 1048 1430 1071 et
1453 1043 1539 1071 Eliam
1560 1045 1605 1080 qui
1624 1045 1744 1072 videbatur
1754 1046 1798 1072 sola

1065 1096 1210 1124 superesse
1228 1095 1255 1118 et
1270 1090 1412 1124 prophetis
1438 1089 1543 1117 Domini
1555 1110 1563 1123 ,
1584 1095 1716 1118 conaretur
1731 1090 1798 1117 ειειίιμ

1064 1143 1158 1171 gnere.
1183 1136 1218 1164 Et
1243 1136 1294 1164 hoc
1318 1137 1374 1163 Elia
1391 1136 1461 1171 apud
1483 1137 1567 1164 Deum
1590 1137 1744 1172 deplorante,
1760 1137 1798 1162 audi

1064 1181 1129 1217 quid
1144 1182 1177 1209 ad
1193 1189 1255 1209 eum
1271 1184 1381 1210 oracula
1396 1183 1488 1210 divina
1503 1183 1696 1218 respondeant:
1710 1182 1798 1215 «Betim

1065 1229 1130 1257 mihi
1149 1229 1205 1265 (82)
1222 1235 1325 1264 septem
1344 1230 1428 1258 millia
1454 1231 1574 1258 virorum
1591 1231 1634 1265 qui
1651 1238 1696 1257 non
1709 1236 1798 1257 curvare-

1064 1279 1127 1302 ruut
1142 1283 1228 1310 genua
1242 1275 1316 1303 Baal.
1337 1285 1346 1301 ι
1361 1276 1425 1303 Baal
1444 1277 1508 1303 idoli
1533 1284 1629 1304 nomen
1652 1282 1698 1307 cst.
1714 1277 1738 1303 ad
1749 1275 1798 1308 cujus

1063 1321 1165 1349 cultum
1178 1322 1292 1356 populus
1303 1322 1358 1354 ille,
1377 1322 1472 1349 relicta
1489 1322 1535 1349 Dei
1547 1323 1616 1358 lege,
1628 1320 1800 1350 decidentllac

1063 1371 1126 1394 sottt
1141 1375 1201 1401 quae
1216 1367 1362 1402 Apostolus
1378 1368 1410 1394 ad
1422 1368 1578 1402 exemplum
1593 1368 1710 1403 temporis
1719 1374 1800 1401 prase't-

1065 1412 1098 1439 tis
1115 1411 1238 1439 adducit.
1254 1412 1288 1439 Et
1302 1413 1396 1439 addit:
1415 1422 1425 1438 ι
1443 1413 1489 1440 sic
1513 1413 1597 1448 igitur
1611 1420 1636 1440 et
1655 1415 1678 1441 in
1698 1414 1737 1440 hoc
1755 1418 1798 1438 tetu-

1064 1464 1130 1491 pore
1141 1458 1262 1492 reliquiae
1275 1458 1422 1486 secundum
1442 1459 1603 1486 electionem
1621 1460 1704 1494 gratias
1715 1459 1756 1492 (85)
1766 1457 1798 1483 ral-

1065 1510 1105 1530 ra:
1119 1503 1198 1531 factm
1212 1509 1286 1532 sunt.
1303 1503 1331 1531 Si
1351 1510 1439 1531 autem
1462 1506 1562 1541 gratia,
1574 1505 1629 1539 jam
1646 1513 1690 1532 nou
1703 1512 1728 1532 ex
1741 1503 1800 1536 operi

1067 1550 1117 1579 bus
1136 1563 1141 1579 ;
1159 1549 1283 1586 alioquin
1294 1551 1378 1585 gratia
1396 1550 1452 1586 jam
1475 1559 1529 1579 non
1549 1553 1577 1580 [it
1596 1552 1686 1586 gratia.
1710 1560 1716 1575 ι
1735 1550 1798 1577 Osten-

1066 1597 1183 1625 deudtttn
1204 1604 1269 1632 ergo
1285 1605 1334 1632 pro
1350 1597 1452 1625 viribus
1476 1598 1556 1625 nobis
1569 1604 1618 1630 est,
1631 1597 1744 1633 quomodo
1755 1596 1798 1621 situt

1065 1643 1166 1670 factum
1182 1647 1224 1669 est
1237 1643 1289 1669 sub
1314 1642 1394 1675 Elia,
1420 1643 1464 1670 ubi
1488 1651 1598 1671 omnem
1621 1643 1730 1678 populum
1748 1639 1800 1675 630

1066 1690 1196 1724 propheta
1214 1689 1294 1716 simul
1308 1694 1449 1724 potaverat
1467 1690 1614 1718 refutatum
1629 1689 1687 1725 (84),
1701 1688 1798 1715 invenim-

1066 1739 1109 1762 tur
1124 1738 1226 1768 septem
1250 1734 1332 1761 millia
1348 1735 1409 1767 viri,
1423 1736 1470 1770 qut
1495 1736 1688 1770 permanserint
1702 1735 1725 1761 itt
1744 1738 1797 1759 test:-

1061 1785 1153 1808 mento
1166 1780 1229 1813 Dei;
1248 1780 1289 1807 sic
1305 1779 1405 1807 factum
1417 1786 1458 1808 est
1471 1781 1554 1809 etiam
1572 1781 1710 1809 inadvequ
1724 1779 1797 1806 Cluith

1061 1831 1089 1854 et
1112 1826 1155 1854 bis
1183 1827 1350 1861 temporibus
1375 1828 1474 1861 quibus
1494 1828 1657 1862 praedicabat
1676 1825 1765 1853 Paulus.
1782 1823 1798 1848 tt

1066 1872 1126 1900 vide
1138 1873 1160 1899 si
1177 1872 1246 1900 forte
1260 1880 1402 1908 possumus
1413 1873 1546 1900 Joannem
1561 1874 1708 1908 Baptistam.
1722 1869 1798 1906 quisa.L

1065 1918 1168 1944 vatoris
1192 1918 1331 1951 praecessit
1356 1919 1503 1945 adventum
1518 1937 1525 1950 ,
1553 1926 1651 1953 ponere
1673 1919 1724 1944 loco
1743 1915 1797 1942 Elir:

1064 1963 1284 1998 quandoquidem
1299 1968 1326 1990 et
1337 1963 1515 1998 Evangelium
1533 1964 1592 1999 (85)
1610 1964 1660 1991 tale
1674 1964 1698 1992 ei
1716 1963 1798 1989 testium-

1211 2022 1235 2038 "
1248 2023 1326 2051 Rom.
1345 2030 1374 2056 ι,
1390 2023 1422 2050 19
1432 2044 1440 2056 ,
1451 2023 1496 2051 20.
1541 2024 1565 2040 '°
1583 2026 1658 2053 Itoni.
1673 2031 1726 2055 rut,
1736 2022 1767 2049 50.

1099 2091 1156 2127 (79)
1172 2092 1242 2120 Editi
1255 2113 1263 2126 ,
1287 2102 1297 2118 ι
1318 2100 1351 2120 ne
1365 2101 1460 2128 parum
1479 2094 1618 2122 videretur
1635 2095 1701 2130 quod
1715 2091 1798 2125 exemp:-

1062 2133 1156 2197 Βηῗέυ)
1168 2132 1295 2202 ἓὲἓῖᾳυίά
1313 2162 1377 2188 dicit
1392 2171 1558 2202 responsurus
1570 2165 1705 2202 diuinum?
1723 2163 1767 2202 lLtft
1783 2162 1798 2185 ἰῇ

219 2196 273 2228 ad,
298 2205 307 2221 ι
328 2196 450 2233 alioquin
473 2196 559 2233 gratia
581 2197 637 2233 jam
652 2204 704 2223 non
729 2198 755 2223 lit
773 2197 861 2231 gratia
874 2218 880 2228 ,
900 2207 909 2224 ι
927 2197 1008 2224 omit-
1026 2203 1047 2231 D
1062 2197 1312 2233 mssattostrisatou
1325 2203 1492 2232 comparent.
1513 2198 1614 2227 Deinde
1634 2208 1694 2227 mss.
1708 2198 1798 2233 pleriqru‘.

220 2236 314 2258 tttntur
334 2232 358 2258 iu
372 2231 453 2258 editis
470 2239 478 2262 ;
496 2231 543 2258 sed
562 2232 741 2258 restitttttutur
754 2239 786 2258 ex
798 2233 924 2259 omnibus
940 2239 1007 2259 mss.

255 2266 313 2301 (74)
332 2265 443 2293 Fac/us.
464 2266 542 2293 Deest
558 2267 584 2293 in
598 2267 691 2299 editis,
708 2271 736 2292 et
752 2267 777 2293 in
791 2267 916 2301 pluribus
929 2275 1007 2298 ωδε..

219 2307 266 2333 sed
283 2301 410 2329 exstatin
436 2308 487 2329 ms.
508 2300 595 2336 Regio
610 2310 685 2329 num.
703 2301 772 2329 I659
787 2300 814 2329 et
825 2302 895 2336 apud
919 2302 1008 2329 Baba-

221 2349 296 2368 IIIII".

256 2375 312 2410 (75)
331 2371 414 2410 Editi,
428 2380 438 2397 ι
458 2372 534 2399 abeo
542 2371 587 2405 qui
601 2378 654 2398 non
670 2371 868 2410 interrogabat.
891 2381 900 2397 1

258 2406 315 2445 (76)
337 2409 406 2437 Editi
420 2427 427 2439 ,
443 2415 453 2432 ι
471 2411 605 2445 quantmp
620 2407 738 2441 supersit
751 2406 848 2433 salutis
868 2406 977 2445 populo,
996 2416 1005 2432 ι

219 2441 274 2472 ειό.
291 2441 381 2472 Codex
394 2451 459 2471 Vero
471 2441 665 2473 Vallis-Clama,
679 2450 688 2466 ε
705 2449 785 2476 quant
806 2442 925 2476 supersit
936 2441 1010 2468 salu-

222 2480 258 2506 tis
271 2487 327 2506 sua:
339 2480 449 2514 populo,
460 2485 527 2507 «etc.
539 2477 669 2514 Rabanus
684 2482 693 2504 :
713 2485 721 2504 ι
738 2483 798 2512 quae
820 2477 939 2514 supersit
962 2483 1009 2514 sa-

221 2515 271 2542 luti
285 2522 341 2541 suae
355 2512 493 2548 a‘populo,
509 2524 518 2540 ι
531 2520 584 2542 etc.
600 2512 654 2540 Sed
668 2519 742 2541 recte
755 2521 806 2540 ms.
821 2521 891 2539 unus
908 2513 1008 2548 Regius

221 2557 297 2576 num.
316 2549 384 2575 1659
399 2570 405 2580 ,
426 2558 435 2574 ε
458 2550 518 2583 quia
544 2549 665 2583 supersit
686 2548 783 2575 salutis
795 2548 838 2574 via
856 2548 955 2582 populo
968 2568 976 2580 ,
996 2556 1006 2573 ι

220 2591 274 2611 etc.
292 2584 388 2611 Caneri
404 2591 468 2618 mss.
482 2584 581 2610 habent
596 2584 687 2610 itidem
704 2592 713 2608 ε
729 2583 804 2618 quia,
818 2591 827 2608 ι
842 2584 888 2609 sed
899 2591 911 2618 γε
926 2590 982 2610 suae
994 2591 1006 2609 ι

221 2628 270 2652 pro
293 2627 303 2644 ‹
320 2619 374 2644 via.
398 2628 407 2643 ι
427 2617 530 2646 Deinde
543 2627 609 2646 mss.
630 2617 753 2652 plerique
773 2624 801 2645 et
819 2618 884 2644 editi
898 2617 1008 2649 habent,

224 2663 233 2679 ι
265 2659 292 2681 et
318 2661 370 2679 nott
392 2652 514 2685 idcirco,
535 2662 544 2678 ›
561 2657 614 2680 etc.
630 2672 637 2685 ,
653 2654 754 2681 omisso
772 2663 781 2678 ι
807 2653 890 2686 quia,
918 2662 927 2678 ι
950 2660 1010 2686 qua:

222 2697 273 2715 vox
294 2688 449 2715 restituitur
469 2695 502 2715 ex
526 2695 578 2715 ms.
602 2687 687 2722 Regio
710 2696 784 2717 num.
808 2687 876 2716 1659
900 2692 927 2716 et
952 2687 1009 2714 Ita-

222 2724 304 2750 bauo.

258 2758 316 2792 (77)
332 2757 415 2791 Editi,
432 2767 442 2783 ‹
458 2758 519 2792 quia
536 2765 602 2792 gens
617 2757 653 2785 sit
666 2758 756 2786 Israel.
774 2768 784 2784 ι

260 2793 316 2826 (78)
332 2793 401 2820 Editi
416 2812 423 2825 ,
443 2803 452 2818 ε
473 2795 555 2820 Deutn
571 2813 578 2825 ,
596 2801 648 2820 nou
668 2799 772 2821 tantum
785 2814 792 2826 ,
817 2803 825 2820 ι
840 2799 890 2823 ctc.
908 2793 1008 2822 Omnes

223 2836 290 2856 mss.
304 2828 399 2860 nostri,
418 2837 428 2856 ι
444 2828 526 2860 Deus,
541 2836 592 2857 non
605 2833 670 2860 tam,
693 2837 702 2854 ι
720 2835 773 2857 ctc.

1061 2236 1089 2269 et
1107 2231 1171 2269 editi
1193 2240 1204 2269 :_
1221 2241 1230 2256 σ
1249 2231 1276 2258 lu
1299 2231 1491 2269 quibusdocet
1512 2235 1585 2268 quod
1606 2231 1733 2269 propheta.
1747 2243 1754 2257 ν
1766 2238 1797 2257 «ιι-

1061 2266 1115 2293 Sed
1138 2267 1240 2294 rectius
1266 2275 1316 2294 tus.
1342 2266 1443 2303 Regius
1467 2266 1550 2296 num.
1569 2269 1635 2297 1659
1657 2266 1683 2296 ut
1703 2270 1724 2296 in
1741 2273 1798 2295 auso

1062 2305 1148 2328 textu.

1097 2336 1154 2373 (81)
1171 2335 1253 2368 Editi,
1273 2346 1281 2362 ι
1305 2344 1368 2373 cum
1389 2337 1537 2371 aliquando
1559 2340 1629 2373 apud
1647 2340 1748 2369 Deumu
1764 2342 1794 2361 ειη·

1061 2371 1118 2406 Sed
1131 2379 1181 2397 vox
1192 2380 1211 2406 γε
1231 2372 1376 2405 aliquando
1392 2381 1401 2397 ι
1417 2373 1494 2399 deest
1510 2374 1534 2400 in
1553 2371 1620 2406 niss.
1636 2375 1734 2401 nostris.

1097 2405 1153 2444 (82)
1175 2405 1238 2444 Mss.
1250 2406 1383 2441 plerique,
1399 2407 1540 2444 «Mlieliqui
1559 2405 1637 2442 mihi,
1653 2410 1795 2444 inquiti-oft

1060 2441 1162 2468 Deinde
1178 2441 1259 2467 iidetu
1272 2449 1337 2469 mss.
1350 2447 1377 2468 et
1386 2442 1462 2474 editi,
1481 2453 1489 2467 ι
1504 2441 1597 2477 genua
1611 2441 1660 2472 sua
1671 2441 1725 2471 ante
1733 2442 1795 2469 Bal.-

1061 2477 1114 2504 Sed
1130 2484 1178 2504 ms.
1203 2477 1300 2510 ltegius
1315 2484 1389 2503 num.
1405 2477 1474 2504 1659
1490 2483 1519 2504 ut
1534 2479 1562 2505 in
1578 2484 1666 2506 textu.

1096 2510 1153 2572 (832
1173 2510 1256 2544 Editi,
1276 2520 1287 2535 ‹
1307 2513 1456 2538 secundant
1470 2513 1633 2541 electionem
1646 2515 1727 2549 gratia:
1742 2512 1795 2538 Dei.t

1096 2555 1113 2572 :.
1153 2547 1184 2572 ed
1210 2554 1305 2572 omnes
1329 2555 1394 2572 mss.
1411 2548 1496 2572 nostri
1520 2553 1548 2572 et
1570 2549 1695 2572 Haliartus
1713 2550 1795 2572 multo!

1060 2551 1113 2574 etc.
1133 2547 1184 2573 Sed
1210 2554 1305 2573 omnes
1329 2555 1394 2573 mss.
1411 2548 1496 2573 nostri
1520 2553 1548 2575 et
1570 2547 1695 2576 [tabanus
1713 2550 1797 2575 ciuium

1064 2592 1073 2607 ι
1094 2582 1150 2609 Dei.
1170 2591 1179 2606 ›
1199 2580 1301 2619 Deinde
1317 2581 1397 2619 iidem
1412 2582 1476 2619 editi
1489 2588 1540 2619 .Vet
1555 2591 1624 2612 mss.
1641 2586 1734 2619 plures,
1747 2593 1752 2607 I
1764 2589 1794 2615 ira

1062 2625 1115 2654 non
1128 2622 1169 2643 est
1186 2617 1284 2654 gratia,
1296 2626 1304 2642 ι
1317 2617 1362 2643 sed
1381 2624 1430 2643 ms.
1443 2616 1558 2654 RegiusI
1575 2616 1654 2648 num'.
1669 2619 1725 2646 1659
1737 2619 1795 2649 ubqu

1061 2652 1143 2679 habet
1161 2660 1171 2677 ι
1191 2652 1227 2679 sit
1241 2660 1251 2677 ›
1270 2659 1318 2686 pro
1334 2661 1343 2676 ι
1363 2656 1413 2679 est.
1433 2661 1442 2677 ι

1097 2685 1152 2721 (81)
1170 2685 1318 2718 Rabantis,
1337 2695 1345 2711 ι
1371 2687 1527 2721 repudiari;
1557 2698 1567 2714 ›
1593 2690 1642 2717 sed
1666 2697 1742 2717 moues
1758 2692 1794 2712 In»

1062 2722 1147 2749 nostri
1166 2727 1192 2748 ct
1207 2721 1285 2754 editi,
1306 2731 1316 2747 ‹
1337 2721 1496 2748 refutatum.
1517 2732 1526 2748 ι

1096 2755 1154 2791 (85)
1169 2756 1207 2784 Ita
1225 2764 1275 2783 ms.
1294 2756 1392 2790 Regius
1409 2765 1485 2784 num.
1504 2758 1576 2786 1659
1593 2765 1621 2787 el
1639 2760 1749 2787 “altanus.
1761 2756 1792 2782 ιί-τ·

1063 2793 1112 2818 teri
1131 2799 1196 2820 vero
1215 2799 1279 2820 mss.
1298 2793 1383 2821 nostri
1401 2796 1428 2820 ct
1443 2793 1528 2827 editi,
1546 2803 1555 2820 ι
1573 2801 1601 2822 et
1623 2795 1791 2830 Evangelisu.’

1061 2831 1114 2854 CIC.
