1831 3052
20 122 86 150 1177

476 122 658 151 COMMENT.
681 122 714 150 IN
735 123 845 152 EPIST.
864 123 910 151 AD
930 123 1014 154 ROM.
1033 124 1098 152 LIB.
1120 121 1187 150 VIII.

1572 127 1642 156 H73

18 181 89 207 nium
103 179 239 214 perhibet,
249 180 311 215 quia
327 190 336 206 ι
355 181 382 207 in
396 181 494 216 spiritu
509 186 536 210 et
548 182 647 210 virtute
669 192 678 209 ι
697 184 801 210 venerit
818 187 840 214 Α
857 191 905 217 pcr
919 183 1043 217 gratiam,
1060 183 1106 210 sed
1123 189 1172 217 per
1189 191 1199 208 ι
1220 182 1382 210 electionem
1398 183 1492 218 gratim
1511 193 1520 210 ι
1539 184 1637 211 salvari

18 234 29 251 ι
47 225 114 253 Elia:
127 226 166 259 εις
185 236 194 253 ι
211 231 238 254 et
258 227 314 262 ipse
340 227 471 255 Dominus
495 228 594 256 dixerit
612 229 645 256 de
664 237 698 256 co
714 238 720 256 :
740 239 748 256 ι
772 231 803 258 Et

16 274 37 301 si
53 274 135 301 vultis
154 275 226 302 scire
239 296 245 307 ,
258 276 316 310 ipse
328 280 369 303 est
386 275 470 304 Elias.
489 275 539 309 Qui
557 276 639 304 habet
652 285 732 305 aures
753 285 802 304 att-

16 321 117 353 diendi,
132 322 224 348 audiat
236 322 269 349 ⁸³.
292 331 301 347 t
318 321 368 349 ch
391 330 457 357 ergo
474 323 520 357 qui
538 323 564 350 in
586 324 682 358 spiritu
701 328 728 351 et
747 324 803 351 vir-

17 369 69 392 tute
84 366 313 400 veueratElize,in
324 371 431 394 tantttttt
449 368 643 402 desperaverat
657 369 689 396 de
703 369 802 404 populo

17 411 60 438 illo
74 431 82 443 ,
100 415 131 438 ut
154 420 207 439 non
223 420 270 440 eos
291 413 394 441 diceret
407 421 467 441 esse
489 414 693 448 generationem
715 415 802 442 Abra-

16 458 53 484 ha:
75 457 133 493 (86)
148 479 156 491 ,
174 459 220 485 sed
241 460 446 494 generationem
464 460 635 495 viperarum;
652 465 679 488 et
697 461 738 488 Itis
752 462 801 488 ad-

16 505 88 530 deret
109 512 116 530 :
139 513 148 529 ι
170 504 258 532 Nolite
269 505 362 532 dicere
375 506 438 540 quia
452 510 555 540 patrem
569 506 702 533 habemus
716 507 803 534 Abra-

18 549 85 575 ham.
114 549 179 577 Dico
204 551 277 578 enim
302 552 380 579 vobis
393 572 401 584 ,
421 552 487 586 quia
507 557 604 587 potens
623 557 664 579 est
684 553 753 580 Dens
769 553 802 581 de

17 595 149 629 lapidibus
175 596 234 624 istis
258 598 393 625 suscitare
409 598 478 625 ﬁlios
499 598 616 626 Abrahae
638 599 670 627 ⁸³.
698 608 707 624 ι
734 599 801 626 llnic

15 648 76 676 ergo
101 641 154 669 ista
180 643 214 669 de
236 643 334 677 popttlo
359 645 537 678 conquerenti
565 646 762 678 respondeatur
785 652 799 671 a

16 685 126 712 Domino
148 692 175 713 et
196 687 337 715 Salvatore
351 693 447 716 nostro
464 696 472 715 :
498 698 507 714 ι
527 688 582 723 Ego
597 690 654 716 scio
667 697 734 723 quos
746 690 801 716 cle-

15 731 94 763 gerim
113 731 154 762 5‘;
177 741 186 758 ι
208 737 233 759 et
249 732 347 759 iterum
364 739 372 760 :
388 742 396 758 ι
419 733 489 760 Ores
514 740 580 760 mea:
597 740 688 760 vocem
713 740 799 763 meam

15 777 140 811 audiunt,
162 782 189 805 et
214 786 266 812 ego
289 779 414 813 prwcedo
439 786 503 812 eas,
529 784 556 806 et
582 783 733 814 sequuntur
758 787 801 806 me

16 830 76 850 mea:
90 823 129 855 ὐς
150 834 159 849 ι
177 829 206 851 et
223 824 342 851 iterum:
363 834 372 850 ι
393 823 485 852 Habeo
508 824 576 851 alias
592 832 655 852 oves
669 832 728 859 qua:
746 832 798 852 non

15 873 73 895 sunt
90 869 124 896 de
139 870 190 897 hoc
208 870 272 898 ovili
287 879 293 897 :
309 876 418 905 oportet
432 877 509 898 meet
527 871 587 898 illas
602 871 737 898 adducere
746 871 796 898 ³⁸.»

15 913 77 946 Quid
95 919 188 942 autent
203 919 230 942 et
247 915 306 949 ipse
318 923 447 942 numerus
465 921 566 951 septem
582 916 665 943 millia
680 917 798 943 virorum

15 951 111 986 indicet
138 960 290 989 videamus.
315 958 495 995 Septenarius
520 969 650 990 numerus
673 962 738 997 (87)
765 962 798 989 ad

14 1005 129 1038 requiem
149 1006 280 1040 pertinet.
296 1016 305 1032 ι
325 1006 352 1034 1η
366 1008 479 1042 septima
496 1018 505 1033 ι
523 1008 595 1035 enin.
609 1018 617 1033 ι
635 1008 678 1035 die
693 1009 799 1042 requie-

15 1050 50 1077 vit
64 1051 134 1078 Deus
145 1052 180 1079 ".
200 1062 210 1078 ι
235 1053 305 1080 Audi
318 1060 384 1088 ergo
399 1058 427 1081 el
449 1054 573 1082 Christus
591 1056 733 1082 credentes
746 1054 797 1082 sibi

14 1097 146 1131 quomodo
161 1098 195 1125 ad
209 1098 331 1133 reqtticm
351 1099 465 1132 invitat,
479 1105 506 1127 et
521 1100 587 1128 dicit
602 1109 610 1127 :
628 1109 637 1126 ι
658 1099 751 1127 Venite
763 1099 798 1127 ad

13 1149 54 1169 me
73 1151 171 1171 omnes
185 1145 231 1178 qui
255 1144 401 1177 laboratis,
416 1150 443 1173 et
460 1146 565 1173 onerati
577 1146 643 1173 estis
659 1154 666 1173 :
681 1150 708 1173 et
724 1146 798 1173 inve-

14 1188 86 1216 nietis
103 1190 226 1224 requiem
242 1192 388 1219 animabus
401 1192 501 1219 vestris
516 1191 550 1218 ⁸⁸.
564 1201 574 1217 ι
587 1192 627 1219 Ad
640 1192 720 1218 istum
732 1199 798 1226 ergo

14 1237 191 1269 septenarium
215 1245 358 1265 numerum
377 1239 494 1272 pertinet
516 1238 605 1266 omnis
620 1238 667 1272 qui
681 1238 796 1265 veniens

14 1281 43 1308 ad
64 1281 204 1310 Christum
230 1284 356 1318 deposuit
379 1291 462 1311 onera
486 1283 610 1318 peccati,
627 1288 656 1310 ct
675 1284 795 1319 requiem

15 1327 106 1355 salutis
130 1329 233 1357 invenit
261 1330 330 1366 (88).
358 1329 441 1358 Recte
466 1337 530 1365 ergo
546 1329 689 1364 Apostolus
708 1330 797 1364 dicit,

15 1373 70 1407 quia
91 1383 101 1400 ι
127 1374 169 1402 sic
184 1379 211 1402 et
235 1375 263 1402 in
286 1376 337 1403 hoc
360 1380 483 1411 tempore
509 1376 630 1411 reliquiae
647 1376 795 1404 secundum

14 1419 170 1448 electionem
188 1421 282 1457 gratia:
296 1422 378 1449 salva:
390 1422 468 1450 facta:
483 1427 564 1453 sunt;
579 1432 590 1449 ι
611 1423 738 1458 reliquias
755 1423 796 1451 dl-

15 1473 73 1494 cens
96 1473 145 1495 eos
165 1469 211 1502 qui
232 1476 265 1495 ex
287 1467 497 1495 circumcisione
522 1468 719 1501 crediderunt,
742 1474 795 1496 tam

15 1513 142 1546 apostolos
159 1521 222 1541 cum
237 1513 337 1549 quibus
354 1521 384 1541 se
401 1521 511 1549 quoque
529 1520 700 1546 aunnmerat,
713 1523 794 1550 quam

14 1562 39 1585 et
60 1564 174 1587 cazteros
195 1560 240 1595 qui
259 1567 321 1588 cum
339 1560 406 1595 ipsis
427 1561 513 1597 secuti
536 1565 601 1588 sttnt
628 1561 707 1588 lldcm
731 1560 796 1588 Jesu

15 1602 119 1632 Christi.
144 1604 199 1632 Sed
221 1605 293 1640 quod
312 1605 399 1639 dicit,
424 1615 433 1631 ι
460 1606 608 1633 secundum
635 1606 797 1634 electionem

15 1649 101 1681 gratiae
119 1659 129 1676 ι
148 1650 238 1678 salvas
255 1650 340 1678 factas
353 1658 412 1678 esse
432 1651 574 1686 reliquias,
591 1652 646 1679 haec
660 1651 725 1678 mihi
744 1658 796 1678 non

17 1694 115 1723 videtur
140 1696 278 1731 superflua
294 1704 354 1724 esse
371 1697 515 1724 electionis
531 1697 647 1732 adjectio
663 1697 730 1732 (89).
745 1697 798 1724 Po-

16 1741 61 1768 tuit
75 1743 146 1769 enim
170 1742 284 1770 dicere:
304 1751 314 1768 ι
332 1742 466 1778 Reliquiae
484 1753 494 1769 t
517 1751 563 1777 per
580 1743 698 1777 gratiam
715 1752 724 1769 ι
743 1742 798 1770 sal-

17 1794 52 1814 vae
66 1787 142 1816 facta!
161 1793 241 1821 sunt;
265 1798 275 1814 ι
294 1789 342 1815 sed
357 1789 475 1816 ostendit
499 1796 546 1824 per
571 1789 628 1815 haec
650 1796 710 1816 esse
736 1795 798 1823 gra-

17 1833 74 1860 tiam
90 1839 117 1861 et
134 1834 196 1862 sine
209 1834 353 1868 electione,
378 1838 480 1862 etcum
497 1834 642 1862 electione.
656 1833 723 1861 Nam
739 1841 798 1861 ont-

18 1886 60 1906 nes
72 1881 180 1914 quidem
200 1880 245 1915 qui
269 1887 318 1915 per
339 1880 419 1908 fidem
445 1880 597 1912 salvantur,
615 1887 663 1914 per
684 1879 797 1915 gratiam

17 1925 69 1952 sine
83 1926 165 1954 dubio
183 1926 324 1954 salvantur
347 1936 354 1954 :
376 1927 422 1961 qui
438 1931 529 1953 autem
545 1934 593 1961 per
609 1935 618 1952 ι
636 1926 797 1953 electionem

17 1972 100 2004 gratia:
128 1982 139 1999 ι
166 1973 319 2005 salvantur,
345 1972 515 2007 perfectioris
542 1971 597 2008 (90)
618 1972 716 1999 anima:
732 1971 797 1999 mihi

17 2015 134 2044 videntur
150 2018 271 2045 ostendi.
290 2018 368 2045 Sicut
388 2018 460 2045 enim
484 2018 567 2045 Israel
587 2018 689 2045 dicitur
709 2017 799 2045 omnis

17 2061 56 2093 Qui
79 2062 220 2090 descendit
243 2063 276 2090 de
290 2070 392 2097 genere
407 2063 489 2090 Israel
510 2073 516 2090 :
534 2063 579 2090 ille
601 2067 693 2090 autem
717 2070 799 2090 verus

18 2107 92 2136 Israel
105 2113 158 2142 est,
176 2109 223 2144 qui
239 2114 329 2136 mente
350 2117 416 2144 pura
437 2113 466 2137 et
493 2110 576 2137 corde
601 2109 710 2141 sincero
726 2109 800 2136 videt

18 2152 92 2182 Deum
109 2167 115 2184 ς
133 2157 170 2183 ita
191 2160 218 2183 et
232 2155 266 2183 de
278 2155 329 2182 hoc
346 2155 474 2191 accipere
488 2163 632 2191 possumus
645 2156 715 2191 (91).
726 2155 798 2190 qttod

854 227 961 254 dicetur
984 227 1040 263 (9‘2)
1058 236 1072 254 a
1089 227 1211 255 Christo.
1235 228 1355 262 Denique
1377 234 1402 255 et
1427 229 1484 264 ipse
1502 229 1641 264 apostolus

855 274 953 301 Paulus
965 294 973 306 .
996 274 1019 301 si
1036 275 1098 309 quis
1111 282 1172 302 eum
1191 275 1217 302 in
1238 275 1329 303 verbis
1349 276 1406 302 suis
1424 276 1570 311 diligenter
1590 275 1642 303 ob-

853 325 943 348 servet
968 321 1042 348 videt
1064 324 1201 356 quomodo
1234 321 1389 356 Imjusmodi
1419 322 1642 350 distinctionibus

853 367 957 400 utitur;
983 367 1046 395 alibi
1065 368 1213 395 secundum
1239 375 1349 396 carnem
1367 369 1511 396 nominans
1537 368 1641 402 Israel.

852 413 915 440 alibi
940 421 1022 448 super
1037 422 1069 441 eo
1083 415 1176 441 carnis
1197 415 1308 441 omnino
1323 422 1374 442 non
1398 415 1502 442 faciens
1526 415 1641 442 mentio—

853 467 925 492 nem,
937 460 1008 487 sicut
1022 460 1048 487 itt
1063 461 1189 495 prtesenti
1209 461 1268 488 loco
1278 481 1286 493 ,
1302 461 1347 488 ubi
1360 469 1420 488 cum
1436 461 1551 493 diceret,
1576 462 1640 495 quia

856 516 865 531 ι
890 514 942 532 non
959 507 1055 541 repulit
1079 508 1148 534 Deus
1168 507 1272 542 plebem
1294 516 1382 540 suam,
1407 517 1416 534 )
1433 513 1460 535 et
1473 508 1639 535 nobilitatem

852 552 1009 580 Israelitica:
1027 553 1124 580 animae
1139 553 1221 580 vellet
1242 560 1377 587 exponere
1390 573 1398 584 ,
1422 553 1460 580 ait
1476 563 1482 580 :
1507 562 1515 578 ι
1532 552 1598 579 Nam
1613 557 1642 579 et

851 607 901 634 ego
915 600 1034 627 Israelita
1047 609 1116 628 sum.
1140 611 1149 627 ι
1168 601 1196 628 In
1210 603 1326 628 secunda
1342 610 1405 629 vcro
1425 603 1458 628 ad
1472 602 1639 634 Corinthios,

852 647 896 672 ulxi
914 648 1074 681 quibusdam
1085 647 1119 674 de
1137 647 1289 674 Israelitico
1305 656 1404 682 genere
1415 649 1561 674 secundum
1577 656 1640 675 cur-

852 699 912 718 nent
928 692 1107 726 gloriantibus
1124 693 1230 727 cogitur
1242 693 1417 728 respondere,
1432 695 1492 720 vide
1504 701 1563 728 qum
1573 701 1640 726 pr'c-

852 737 926 764 misit
943 746 949 764 :
969 747 978 763 ι
1000 738 1064 770 Qua:
1077 738 1181 773 loquor,
1195 738 1294 773 inquit,
1315 747 1368 766 non
1391 739 1538 766 secundum
1556 738 1639 766 Deum

851 782 959 817 loquor,
976 784 1023 810 sed
1043 784 1120 818 quasi
1140 784 1166 811 in
1189 785 1342 819 insipientia
1367 786 1392 811 in
1417 785 1466 812 hac
1488 784 1639 812 substantia

853 829 1001 863 gloriandi.
1017 829 1150 862 Quoniam
1164 831 1271 864 quidem
1286 831 1360 857 multi
1375 831 1528 865 gloriantur
1539 839 1638 858 secun-

853 874 915 901 dum
932 882 1061 908 carnem;
1079 880 1107 902 et
1131 883 1181 910 ego
1204 876 1342 910 gloriabor
1357 878 1391 903 ⁸⁸.
1418 886 1428 902 ι
1451 877 1484 903 Ει
1505 882 1565 910 post
1589 877 1640 903 ali-

853 925 954 955 quanta
964 921 1048 948 dicit:
1068 930 1077 946 ι
1095 921 1200 948 ΙΙιιιπιιιί
1213 927 1287 954 sunt,
1305 928 1331 949 et
1346 931 1409 958 ego;
1425 922 1555 950 Israelita:
1565 927 1640 954 sunt,

853 969 879 992 et
897 974 965 1000 ego;
989 973 1080 993 semen
1098 967 1214 994 Abrahzc
1228 973 1291 995 sunt
1305 988 1312 999 ,
1329 973 1356 994 et
1367 976 1417 1003 ego
1430 969 1462 995 ὀ.
1485 978 1493 994 ι
1512 967 1557 994 Sic
1575 975 1641 1003 ergo

853 1011 896 1038 ubi
917 1012 949 1038 de
966 1012 1048 1039 Israel
1062 1012 1238 1047 loquebatur.
1260 1014 1304 1040 illo
1321 1014 1453 1041 interiore
1465 1013 1575 1041 ltontiue
1588 1016 1640 1048 (ta-

853 1056 885 1083 lis
897 1057 969 1084 enim
983 1063 1026 1084 est
1037 1057 1114 1091 plebs
1138 1058 1182 1084 illa
1197 1067 1277 1093 quam
1297 1060 1432 1093 prmscivit
1448 1059 1529 1091 Dens,
1546 1064 1572 1086 et
1587 1067 1639 1085 tton

853 1103 984 1137 repulit),
1008 1111 1060 1131 non
1079 1103 1145 1130 dicit
1165 1113 1174 1129 ι
1197 1106 1346 1131 secutnlum
1369 1112 1479 1132 carnem
1503 1114 1512 1130 ι
1534 1104 1638 1136 Israel;

852 1148 886 1175 ad
902 1156 949 1176 cos
961 1156 1024 1176 vero
1043 1150 1088 1184 qtti
1107 1150 1132 1176 in
1147 1150 1237 1176 carnis
1257 1158 1355 1185 genere
1367 1151 1555 1186 gloriabantur
1568 1158 1637 1185 prae-

852 1195 934 1227 misit,
946 1195 1018 1229 quod
1032 1195 1065 1222 de
1076 1195 1229 1230 hnjusmodi
1242 1196 1403 1231 gloriatione
1415 1204 1501 1231 neque
1514 1205 1523 1222 ι
1542 1204 1640 1224 secun-

853 1239 916 1266 dum
940 1240 1024 1267 Deum
1047 1249 1056 1266 ι
1074 1240 1242 1275 loqueretur,
1261 1248 1349 1275 neque
1370 1241 1394 1267 in
1410 1241 1561 1275 sapientia;
1579 1241 1638 1274 sed,

851 1290 881 1313 ut
896 1286 952 1320 ipse
969 1286 1056 1318 dicit.
1081 1296 1090 1312 ι
1108 1287 1134 1314 in
1157 1286 1323 1322 insipientia.
1350 1297 1359 1312 ι
1383 1287 1464 1314 Tales
1487 1293 1551 1314 sttnt
1571 1295 1638 1322 ergo

854 1342 864 1358 ι
882 1332 1005 1366 reliquiae
1033 1342 1041 1359 t
1068 1340 1127 1367 qua:
1153 1342 1162 1358 ι
1182 1333 1331 1360 secundum
1356 1332 1517 1359 electionem
1543 1332 1639 1366 gratiae

850 1378 932 1406 salvat
944 1379 1022 1406 facta:
1043 1383 1115 1406 sunt.
1133 1388 1142 1404 ›
1163 1378 1196 1406 Ει
1208 1379 1310 1406 addidit
1325 1388 1332 1406 z
1349 1388 1357 1404 ι
1376 1379 1404 1406 Si
1425 1383 1515 1406 autem
1532 1378 1637 1413 gratia,

848 1426 904 1459 jam
930 1432 982 1451 non
1006 1433 1039 1452 ex
1063 1425 1201 1460 operibus.
1225 1435 1234 1451 ι
1257 1424 1402 1453 Sciendum
1419 1429 1460 1452 est
1480 1432 1561 1458 opera
1577 1431 1638 1458 qua:

850 1469 951 1497 Paulus
966 1471 1101 1505 repudiat,
1123 1475 1152 1498 et
1166 1472 1326 1506 frequenter
1337 1471 1483 1505 vituperat,
1501 1478 1555 1497 non
1578 1477 1638 1498 esse

850 1523 931 1551 opera
949 1517 1064 1551 justitiae
1081 1525 1141 1551 qua?
1157 1517 1321 1544 mandantur
1337 1517 1364 1544 in
1383 1517 1453 1551 lege.
1467 1517 1514 1544 scd
1528 1524 1558 1543 ea
1576 1516 1638 1550 qni-

849 1562 909 1589 dem
926 1562 952 1589 in
964 1563 1062 1598 quibus
1082 1563 1110 1590 lti
1128 1563 1175 1598 qui
1191 1563 1342 1591 secundum
1355 1570 1465 1590 carnem
1489 1562 1573 1597 legem
1590 1570 1638 1588 cu-

848 1608 982 1640 stodiunt,
996 1608 1158 1642 gloriantur.
1179 1608 1204 1636 id
1219 1612 1272 1641 est,
1288 1609 1328 1636 vel
1343 1608 1515 1636 circumcisio
1537 1607 1638 1640 carnis,

848 1652 890 1679 vel
907 1652 1104 1680 sacriﬁciorum
1126 1653 1205 1685 ritus,
1227 1653 1269 1680 vel
1282 1652 1439 1681 obserratio
1463 1652 1636 1679 sabbatontnt

848 1703 876 1725 et
891 1699 1110 1726 neomeniarutn.
1131 1699 1194 1727 Htec
1209 1704 1237 1727 ct
1257 1699 1412 1734 huiusmodi
1426 1707 1492 1735 ergo
1510 1699 1638 1735 (93)snnt

848 1750 931 1777 opera
946 1751 979 1770 ex
991 1743 1090 1778 quibus
1100 1744 1166 1772 dicit
1176 1745 1311 1772 neminem
1322 1745 1441 1779 potuisse
1450 1744 1559 1775 salvari,
1569 1745 1638 1772 etde

848 1788 946 1822 quibus
958 1789 985 1816 in
995 1789 1118 1823 praesenti
1128 1789 1186 1816 luco
1198 1789 1274 1821 dicit,
1282 1789 1345 1824 quia
1355 1799 1363 1814 ι
1378 1796 1431 1816 non
1443 1796 1475 1815 ex
1488 1789 1636 1822 operibus:

849 1834 969 1869 alioquin
986 1835 1072 1870 gratia
1084 1855 1091 1867 ,
1103 1835 1157 1869 jam
1176 1843 1229 1861 non
1247 1835 1276 1861 fit
1299 1834 1399 1869 gratia.
1420 1843 1430 1858 ι
1453 1833 1480 1860 Si
1497 1834 1569 1860 enim
1589 1841 1637 1868 per

849 1878 906 1907 lucc
921 1880 982 1914 quis
993 1880 1170 1915 justificatur,
1184 1887 1236 1906 non
1248 1879 1333 1914 gratis
1343 1878 1519 1913 justilicatur.
1529 1877 1579 1910 Qui
1589 1886 1636 1904 au.

850 1934 905 1956 tem
919 1935 968 1962 per
983 1925 1100 1962 gratiam
1114 1925 1293 1960 jnstilicatur,
1309 1924 1360 1951 ista
1380 1924 1488 1958 quidem
1505 1930 1586 1957 opera
1603 1924 1637 1951 ab

849 1981 881 2002 eo
894 1972 1006 2000 minitne
1016 1976 1190 2006 quaeruntur;
1211 1971 1257 1997 sed
1270 1969 1418 1996 observare
1438 1969 1519 1996 debet
1539 1976 1572 1996 ne
1591 1976 1637 1996 ac-

850 2025 925 2056 cepta
946 2019 1031 2055 gratia
1048 2018 1136 2045 inanis
1153 2017 1201 2043 ﬁat
1214 2017 1240 2043 in
1255 2024 1299 2048 eo,
1312 2017 1383 2043 sicut
1394 2020 1421 2042 et
1434 2015 1535 2042 Paulus
1547 2016 1632 2044 dicit.

849 2065 929 2101 631
945 2064 1007 2098 quia
1026 2072 1035 2088 ι
1053 2062 1138 2097 gratia
1163 2061 1221 2093 eius
1240 2061 1265 2087 itt
1279 2067 1321 2087 tlte
1333 2059 1424 2086 inanis
1437 2066 1489 2086 non
1512 2057 1574 2091 fuit,
1591 2057 1636 2085 sed

850 2110 965 2145 amplius
974 2117 1054 2144 quant
1064 2107 1203 2135 omnesilli
1214 2106 1377 2133 laboravi".
1391 2115 1400 2132 ι
1417 2106 1450 2133 Ει
1461 2106 1556 2132 iterum
1565 2104 1640 2131 addit

851 2161 979 2190 tanquam
990 2162 1094 2182 metnor
1110 2154 1223 2189 gratiae:
1243 2162 1252 2178 ι
1264 2152 1321 2180 Νοιι
1335 2160 1396 2187 ego,
1410 2162 1419 2178 ι
1446 2152 1544 2187 inquit,
1567 2160 1577 2177 ι
1590 2151 1637 2178 sed

18 2207 104 2228 omnes
119 2202 229 2236 quidem
245 2201 291 2236 qui
313 2201 346 2228 ad
370 2201 450 2229 fidem
474 2201 589 2228 veniunt
612 2201 713 2228 Christi
727 2220 735 2233 ,
750 2208 799 2235 per
815 2213 837 2240 ι)
852 2202 938 2238 gratia
956 2201 1002 2228 Dei
1015 2208 1148 2228 mecuth
1165 2199 1224 2226 Non
1243 2198 1308 2226 facit
1319 2206 1385 2233 ergo
1397 2199 1504 2225 inanem
1520 2198 1637 2232 gratiam

18 2246 123 2277 gratiam
137 2247 253 2274 veniunt
266 2255 274 2273 :
291 2246 337 2280 qui
355 2254 421 2273 vero
444 2246 544 2273 donum
559 2246 654 2280 gratiae
667 2247 795 2281 operibus

17 2290 118 2318 virtutis
130 2296 158 2319 et
170 2292 290 2327 puritate
304 2291 396 2319 cordis
411 2296 524 2319 exornat
538 2312 545 2323 .
568 2292 620 2320 iste
642 2299 695 2319 non
708 2291 794 2319 solum

48 2346 69 2362 ⁸¹
81 2348 145 2375 Luc.
162 2356 182 2380 ι,
197 2348 242 2375 17.
290 2348 313 2364 θ’
329 2348 425 2375 Matth.
443 2356 482 2381 χι,
503 2349 553 2380 14,
572 2349 615 2376 15.

661 2349 685 2365 ⁸³
703 2348 796 2376 Matth.
816 2349 885 2382 "1,7,
898 2348 925 2375 9.

852 2247 897 2274 ille
909 2247 954 2280 qtti
971 2246 1053 2281 digna
1066 2245 1089 2272 ei
1108 2253 1189 2278 opera
1207 2243 1358 2278 subjungil,
1373 2249 1399 2271 et
1412 2243 1507 2278 gratia:
1525 2243 1569 2270 Dei
1585 2251 1637 2269 non

848 2291 957 2319 exsistit
975 2291 1109 2325 ingratus.
1131 2289 1181 2323 Qui
1204 2289 1277 2315 enim
1303 2293 1364 2322 pOsl.
1382 2293 1554 2315 consecutam
1576 2295 1637 2322 gra-

973 2347 996 2363 ⁸⁵
1011 2346 1087 2373 Joan.
1105 2355 1165 2377 sui,
1181 2347 1221 2373 l8.
1268 2346 1290 2361 "
1306 2344 1384 2372 Joan.
1399 2353 1426 2376 ιι,
1444 2345 1488 2372 27.
1535 2344 1558 2360 ⁸⁸
1572 2343 1636 2371 ibid.

20 2381 56 2408 16.
93 2383 113 2398 ⁸⁷
129 2383 197 2411 Gen.
214 2391 243 2415 ιι,
261 2383 288 2411 2.
328 2383 350 2399 ⁸³
363 2382 458 2410 Matth.
473 2380 512 2416 it,
527 2384 625 2414 28.29.
663 2384 686 2400 ⁸⁸
699 2383 719 2410 ll
730 2383 792 2411 Cor.
812 2380 853 2417 ιιιέ

889 2384 912 2416 7,
927 2382 971 2410 18.
1008 2382 1031 2398 ³⁸
1045 2382 1109 2409 ibid.
1123 2381 1169 2408 22.
1208 2381 1229 2397 "
1252 2380 1260 2407 l
1280 2380 1342 2409 Cor.
1357 2388 1402 2412 xv,
1419 2381 1460 2407 10.

50 2426 102 2462 (86)
119 2428 188 2455 Editi
200 2449 208 2461 ,
227 2438 236 2454 ι
259 2429 322 2463 quia
344 2429 369 2455 irt
387 2429 530 2462 spiritu....
550 2435 579 2456 ut
594 2438 647 2457 nott
662 2439 709 2458 eos
723 2431 797 2458 dice-

20 2467 56 2488 ret
78 2463 146 2490 lilios
171 2464 334 2491 Abrahzc....
359 2465 392 2491 de
415 2464 549 2499 lapidibus
574 2465 707 2493 suscitare
729 2466 799 2493 lilios

19 2496 160 2523 Abraham.
179 2508 189 2523 ι

58 2505 160 2524 1⁸31Ιῖ1111.
179 2508 189 2524 ι

47 2531 105 2571 ,(87)
122 2533 386 2571 Ειιιιίηι-εθριίιιιιιε
402 2542 541 2563 numerus.
563 2544 572 2560 ι
594 2535 704 2568 Deinde.
719 2544 728 2561 ι
751 2535 800 2562 Se-

21 2568 94 2599 ptima
109 2568 181 2594 enim
197 2569 250 2600 die,
273 2578 282 2595 ι
303 2574 355 2597 etc.

52 2601 104 2636 (88)
128 2602 174 2629 Sic
192 2611 286 2630 omnes
298 2612 363 2632 mss.
379 2605 476 2632 nostri.
499 2604 569 2632 Editi
587 2612 651 2632 vero
665 2609 693 2632 et
708 2604 800 2632 Raba-

22 2642 78 2665 nus.
94 2646 102 2662 ι
119 2638 248 2665 inveniet.
267 2648 275 2664 ι

55 2671 164 2708 (89)ᾃ8ἱι;
178 2678 250 2700 recte
273 2681 337 2700 mss.
357 2674 488 2708 plerique.
508 2673 635 2701 Rabanus
646 2681 722 2706 vero,
748 2682 798 2702 ms.

23 2710 86 2732 unus
103 2706 290 2739 Reginsnnnt.
310 2706 373 2736 1641
395 2715 420 2736 et
437 2706 516 2739 editi,
533 2719 540 2733 ι
562 2709 618 2735 ha'c
638 2709 704 2736 mihi
724 2709 799 2736 vide-

24 2742 62 2766 Iur
75 2742 206 2777 superﬂua
223 2751 284 2771 esse
296 2744 438 2771 electionis
454 2743 581 2777 utljcclio,
604 2753 613 2768 ι
631 2749 685 2770 ett.
699 2743 800 2771 Deinde

23 2780 68 2814 tus.
86 2776 184 2811 Regius
197 2786 272 2806 num.
291 2779 371 2812 l659,
391 2789 400 2805 ι
414 2784 442 2806 et
455 2776 513 2806 sine
527 2778 659 2806 electione
672 2787 731 2807 csse
742 2779 798 2806 elc-

23 2814 142 2839 CllOl‘lelll.
167 2822 176 2838 I

55 2844 107 2881 (90)
117 2847 197 2876 Recte
212 2855 262 2876 ms.
276 2847 377 2884 Regius
390 2857 463 2877 num.
479 2849 558 2882 1659,
572 2858 580 2874 ι
593 2849 772 2884 perfectioris.
785 2857 796 2874 ι

851 2430 946 2458 (Σπιθιὶ
967 2436 1032 2456 vero
1057 2436 1122 2456 mss.
1146 2428 1274 2456 Rabauus
1299 2433 1327 2456 et
1356 2428 1443 2461 editi,
1471 2434 1613 2463 perperam
1628 2445 1637 2459 ,

855 2474 864 2491 ι
881 2465 1066 2500 perfectiores.
1086 2473 1095 2489 t

888 2500 944 2534 (9t)
962 2499 1044 2532 Editi,
1064 2507 1073 2524 ι
1098 2503 1125 2526 ct
1147 2499 1198 2527 hoc
1218 2499 1341 2532 accipere
1362 2504 1523 2533 possumus,
1544 2506 1554 2523 ι
1570 2502 1636 2530 etc..

852 2535 954 2562 omisso
970 2543 979 2559 ι
1002 2534 1050 2560 ita.
1066 2543 1075 2559 I

890 2569 945 2604 (92)
959 2569 1028 2596 Editi
1041 2590 1049 2600 ,
1069 2578 1078 2593 ι
1094 2573 1239 2600 exornant,
1257 2568 1306 2604 isti
1319 2575 1372 2595 non
1389 2567 1637 2604 solumqursalvari

854 2603 991 2631 dicuntttr.
1019 2613 1027 2630 t
1056 2604 1157 2631 Deinde
1188 2612 1253 2630 mss.
1283 2603 1403 2638 plerique
1429 2608 1456 2629 et
1489 2603 1636 2638 “abantis,

857 2648 866 2664 ι
887 2639 946 2665 vide
961 2648 969 2664 ι
994 2639 1058 2672 (ms.
1075 2638 1175 2673 Regius
1198 2647 1270 2667 Itum.
1284 2635 1366 2666 ’1639
1378 2643 1405 2665 et
1421 2638 1505 2670 editi,
1523 2647 1532 2663 ι
1554 2635 1636 2673 videt)

855 2674 987 2708 quomodo
1001 2674 1152 2708 huiusmodi
1164 2674 1397 2704 distinctionibus,
1416 2683 1426 2698 ι
1443 2678 1496 2700 etc.

891 2708 946 2744 (95)
966 2717 975 2734 ι
996 2706 1065 2743 Ergo
1090 2718 1099 2734 ι
1123 2709 1260 2735 omittitur
1284 2708 1309 2744 in
1335 2708 1424 2744 editis.
1441 2707 1541 2744 Deinde
1556 2706 1635 2744 ιίιῐειιι

854 2741 918 2770 editi
934 2741 960 2769 et
976 2741 1043 2770 mss:
1056 2744 1174 2778 quidam,
1200 2753 1208 2767 ι
1235 2748 1262 2770 et
1280 2743 1313 2770 de
1327 2742 1424 2777 quibus
1446 2742 1471 2778 in
1495 2742 1564 2778 ipso_
1578 2741 1635 2778 locu

852 2778 928 2810 dicit,
949 2787 957 2803 t
975 2783 1039 2810 ως..
1065 2775 1111 2805 sed
1132 2786 1183 2805 nis.
1203 2778 1301 2812 llcpins
1316 2775 1390 2805 ιιῖιιιι.
1413 2777 1482 2805 1659
1503 2782 1531 2804 ct
1545 2775 1633 2804 Raba-

853 2821 915 2846 nus,
931 2814 1040 2845 rectius,
1057 2818 1085 2840 ttt
1102 2813 1128 2840 itt
1143 2818 1236 2841 nostro
1249 2818 1335 2841 textu.
