1852 3053
213 128 280 157 H87

945 123 1105 152 ORIGENIS

1794 122 1843 150 IIS!

213 195 262 215 nes
276 187 366 214 mundi
379 185 521 222 appellatio
534 184 652 212 refertur
668 192 675 210 :
693 177 795 211 idcirco
812 183 908 217 repetit
923 183 993 217 Apo-
1013 187 1033 214 Α
1049 183 1097 209 bus
1111 182 1290 214 crediderant,
1304 182 1385 210 dicit:
1397 192 1406 208 t
1420 181 1503 210 Vobis
1515 181 1590 210 enim
1608 182 1682 210 dion
1700 180 1840 215 gentibus,

213 234 308 266 stolas,
324 240 349 260 et
364 232 534 260 manifestius
550 231 576 257 in
595 238 649 265 quo
665 230 765 257 dixerit
781 229 910 256 mundum
925 229 997 256 desi-

212 285 286 314 gnat.
299 281 343 305 Att.
359 279 428 305 enim
443 285 449 303 :
469 287 477 302 ι
496 277 527 304 Et
541 276 685 302 diminutio
700 275 756 310 (47)
771 283 864 302 eorum
875 294 882 306 ,
897 275 998 302 divitize

213 325 343 358 gentium.
368 334 376 349 I
395 323 470 356 Quod
495 323 568 348 enim
586 322 638 348 illis
657 321 701 355 qtti
719 320 890 349 offenderunt
917 320 997 347 dimi-

213 374 305 394 mttuttt
321 373 362 395 est
374 369 542 399 ctahlatnm,
559 367 590 392 ad
605 367 716 394 divitias
734 366 853 401 gentium
869 365 998 392 collatqu

213 419 264 443 est.
280 415 325 447 qui
341 421 388 448 per
400 413 476 440 {idem
486 420 549 448 pars
562 413 703 440 Dnminiet
720 413 860 439 lnereditas
873 412 933 446 ejus
944 411 998 446 (48)

216 458 304 484 «Ili-cli
319 464 392 484 sunt.
408 458 479 484 Bene
502 463 590 484 autem
609 458 641 484 ad
659 457 865 484 diminutionem
884 456 1000 484 reddidit

213 504 416 538 plenitudinem.
441 508 465 530 et
484 511 535 529 non
551 504 610 530 sine
633 503 764 536 profundo
780 503 898 536 quodam
919 510 998 529 sensu

211 553 340 588 populum
362 552 443 579 Israel
462 552 560 579 Paulus
581 551 775 586 plenitudinem
793 554 880 574 vocat.
896 547 924 574 In
947 555 1000 582 quo

213 607 262 634 ego
279 607 327 633 pro
351 599 451 625 rit-ibus
473 597 540 624 ηις-ῖς
561 597 613 623 tale
634 595 735 629 aliquid
757 593 900 627 intelligo:
923 593 1001 619 Nunc

213 645 323 677 quidem
345 644 429 669 donec
448 651 543 669 omnes
563 646 657 677 gente;
684 641 795 666 veniunt
820 639 853 665 ad
872 638 1000 670 salutem,

213 695 416 723 congregantur
431 688 530 714 divitia:
548 689 593 714 Dei
610 695 641 714 ex
660 686 828 713 credentium
849 683 1001 710 multitudi-

214 743 248 762 ne
266 743 273 761 :
292 735 338 760 sed
350 734 434 762 donec
448 733 528 760 Israel
543 733 569 760 in
585 732 774 759 incredulitate
790 729 921 764 persistit,
935 736 1001 755 nou-

213 780 277 806 dunt
296 779 434 813 plenitudo
451 779 584 813 portionis
610 778 716 805 Domini
738 778 842 804 dicetur
864 774 920 810 (I9)
941 782 1000 802 esse

208 825 359 866 completa.
381 824 459 850 Deest
471 825 542 850 ettittt
567 824 599 850 ad
621 825 753 858 integrum
771 821 886 856 populus
906 819 998 847 Israel.

214 871 280 898 Cum
291 878 353 897 vero
361 869 494 904 plenitudo
507 870 624 904 gentium
635 868 831 896 subintrarerit
841 867 874 896 ’°.
885 872 910 893 et
922 865 1001 893 Israel
1019 854 1038 881 Β

208 909 243 943 ¹ἰιι
254 916 400 943 novissimo
415 920 534 949 tempore
549 923 597 950 per
610 915 688 941 Iidem
709 913 811 940 venerit
825 913 858 938 ad
873 911 1000 942 salutem,

215 962 273 996 ipse
287 962 338 987 erit
353 960 465 995 populus
486 961 529 995 qui
548 961 621 995 prior
637 959 747 994 quidem
765 958 869 990 fuerat;
890 957 936 983 sed
952 963 1002 983 tto-

214 1008 343 1035 vissimus
356 1006 466 1033 veniens
481 1006 565 1040 ipsam
580 1004 780 1039 quodammodo
794 1001 960 1029 Itmreditatis
975 1005 1002 1027 et

211 1053 349 1088 'portionis
369 1051 473 1079 Domini
500 1049 694 1085 plenitudinem
712 1048 860 1083 complebit
884 1046 952 1082 (50).
969 1046 1002 1073 Et

216 1099 276 1125 ideo
291 1107 300 1123 ε
317 1097 455 1132 plenitudo
470 1106 480 1122 ι
497 1095 664 1130 appellatur,
689 1094 752 1129 quia
768 1093 840 1128 quod
863 1092 957 1120 deerat
975 1091 1000 1118 itt

215 1143 338 1177 portione
357 1141 414 1173 Dei,
434 1141 459 1167 itt
477 1140 632 1167 novissimis
654 1139 710 1173 ipse
728 1137 877 1172 complebit
894 1145 900 1162 :
923 1141 951 1163 et
965 1136 1000 1163 ita

214 1187 407 1222 omnipotentis
416 1191 443 1214 et
457 1186 519 1213 botti
536 1185 580 1212 Dei
596 1184 762 1219 dispensatio
779 1183 874 1210 delicta
888 1183 1001 1210 aliorum

214 1231 350 1260 fructuosa
367 1232 427 1258 aliis
437 1231 528 1262 efficit,
543 1230 612 1258 sicut
628 1230 653 1256 in
667 1228 792 1264 pra-senti
809 1229 905 1256 delicta
919 1227 1001 1255 Isrm-I

216 1278 326 1305 divitias
350 1277 441 1304 tuuttdi
461 1276 533 1308 facit,
552 1281 580 1302 et
599 1275 804 1302 diminutionem
821 1283 915 1301 eorum
932 1274 1002 1300 divi-

217 1325 267 1350 tias
288 1324 418 1358 gentium.
442 1321 499 1349 Ilam
523 1330 587 1348 nullo
607 1321 628 1347 si
646 1326 672 1347 ct
697 1329 729 1348 ex
749 1321 870 1356 gentium
896 1320 1002 1347 delictis

216 1377 275 1401 qum
299 1369 452 1395 neceSsat-in
469 1368 638 1402 delinquunt,
658 1367 710 1393 tale
727 1366 828 1401 aliquid
847 1366 927 1393 faciat
942 1375 1001 1392 etv.-

214 1416 287 1441 nium
296 1415 476 1449 dispensator,
487 1419 513 1440 et
523 1413 661 1447 aliquibus
668 1421 700 1439 ex
709 1412 747 1439 eis
755 1412 861 1438 divitias
870 1412 1001 1443 conferat,

215 1467 248 1486 tte
264 1459 313 1486 ltoe
336 1460 412 1493 quasi
428 1459 544 1494 speciale
557 1459 642 1484 solius
661 1458 743 1485 Israel
760 1457 843 1484 fuisse
860 1456 1000 1490 videatur,

215 1503 261 1530 sed
284 1505 397 1538 a-quitas
419 1504 487 1537 apud
509 1502 612 1536 justum
635 1506 661 1528 et
684 1501 784 1529 butnnn
811 1502 895 1528 Deum
922 1509 1002 1535 super

215 1547 341 1577 omnibus
362 1549 504 1579 habeatur,
521 1547 603 1575 etiam
629 1551 656 1574 tu
679 1547 748 1581 apud
761 1547 936 1582 demetipsutn
958 1547 1003 1582 qui

215 1595 294 1630 legis,
311 1595 411 1629 requiri
418 1600 443 1620 lo
458 1594 525 1630 (5|).

252 1641 296 1667 10.
314 1650 325 1666 ο
341 1641 422 1667 Vobis
436 1639 508 1666 enim
522 1639 584 1666 dico
598 1639 724 1674 gentibus
738 1647 744 1664 ε
759 1638 883 1672 Quautliu
895 1639 1003 1674 quidem

215 1694 266 1721 ego
279 1694 337 1713 sum
356 1685 492 1720 apostolus
506 1685 635 1720 gentium,
655 1684 835 1712 ministerium
862 1692 950 1712 meum
971 1685 1004 1710 il.

219 1731 350 1763 lustrabo,
363 1732 384 1758 si
393 1738 446 1765 qtto
472 1731 551 1757 modo
563 1729 1004 1765 ittmutuli-tionemimmittamﬂii)

215 1785 323 1805 eat-neut
340 1785 439 1811 meam,
456 1782 484 1804 et
495 1778 584 1804 salvos
601 1775 699 1802 faciam
714 1776 822 1810 aliquos
836 1783 869 1802 ex
885 1775 949 1803 illis.
973 1775 1002 1803 Si

215 1826 288 1850 enim
302 1824 413 1851 amissio
434 1830 527 1850 eorum
551 1821 738 1849 reconciliatio
760 1827 801 1848 est
821 1822 923 1853 mundi,
943 1830 1003 1856 qua:

216 1875 257 1897 est
273 1870 433 1904 assumptio,
456 1869 507 1896 nisi
524 1869 579 1895 vita
592 1875 625 1894 ex
645 1867 805 1895 mortuis"?
819 1877 827 1893 ι
841 1868 917 1895 Sicut
932 1875 1004 1902 sarpe

216 1916 419 1943 observavimus
446 1916 472 1942 itt
497 1916 548 1942 hac
576 1913 694 1949 Epistola
723 1913 834 1941 l‘aulmn
856 1914 1002 1948 aliquando

216 1969 265 1996 pro
280 1961 388 1993 Iudaeis,
403 1961 548 1995 aliquando
568 1967 618 1994 pro
635 1959 773 1994 gentibus,
789 1959 924 1985 interdum
939 1966 1002 1985 rem

216 2007 248 2033 ad
267 2007 379 2033 alterum
398 2006 504 2035 horum.
524 2005 566 2032 vel
584 2003 617 2031 ad
632 2010 777 2038 utrumque
794 2004 884 2031 facere
898 2011 1002 2030 sermo-

216 2059 287 2083 nem,
307 2052 376 2078 sicut.
387 2058 447 2078 cum
463 2050 581 2081 dicebat,
595 2059 604 2075 ‹
624 2050 652 2076 Si
668 2055 758 2077 autent
786 2054 813 2076 ιιι
828 2048 939 2076 Judzeus
955 2057 1001 2075 co-

215 2097 384 2132 guominatis
397 2097 432 2128 ³³,
448 2106 456 2122 ι
477 2095 556 2130 quasi
571 2095 604 2121 ad
622 2094 744 2122 .Iudreuut
765 2095 892 2129 loquens:
907 2099 936 2122 et
951 2094 1001 2121 ite-

215 2151 287 2174 rum,
302 2152 312 2168 ι
329 2141 422 2169 Judteo
438 2142 565 2176 pritnttm,
586 2146 614 2168 et
628 2141 723 2168 Grmco
735 2141 768 2173 ”,
788 2150 797 2167 ι
819 2142 931 2175 loquens
945 2140 1000 2175 (5'))

1049 227 1118 261 Quid
1129 235 1195 262 ergo
1215 228 1288 256 dicat
1312 229 1437 263 gentibus
1453 227 1776 259 videamusJQuandiu
1801 235 1842 259 qn-

1049 273 1110 300 dctu
1126 280 1176 306 ego
1198 281 1268 305 sum,
1288 273 1386 307 inquit,
1405 272 1546 306 apostolus
1567 271 1721 304 gentium,
1741 270 1841 297 ministe-

1050 318 1120 344 riuttt
1140 326 1229 344 meum
1242 317 1490 352 illustrabo,siqno
1507 317 1589 344 modo
1607 317 1640 343 in
1657 316 1840 343 annulationca

1051 362 1194 389 immittam
1216 370 1325 390 carnem
1343 369 1441 393 meatu,
1467 366 1495 388 et
1509 361 1608 388 salvos
1626 359 1741 386 faciant
1759 360 1841 394 aliqu»

1050 415 1081 434 ex
1101 408 1164 434 illis.
1185 417 1193 432 ι
1217 409 1291 434 Dicet
1308 408 1429 441 aliquis:
1446 407 1523 440 Quod
1539 407 1595 438 ait,
1619 416 1630 432 ι
1654 405 1786 439 Quaudiu
1806 413 1839 439 ιιςςι

1052 461 1111 479 sunt
1139 453 1276 487 apostolus
1303 454 1436 488 gentium,
1455 463 1465 478 ι
1482 453 1533 479 hoc
1553 453 1678 479 videtur
1704 452 1839 480 ostendero,

1052 499 1124 532 quod
1139 507 1190 525 non
1206 506 1312 533 semper
1328 498 1379 525 erit
1397 498 1535 533 apostolus
1545 497 1685 533 gentium
1700 505 1708 527 ;
1728 497 1775 523 sed
1787 503 1840 521 rea:-

1051 544 1121 578 pletn
1135 543 1295 574 ministerio,
1319 543 1431 570 aliortnu
1449 543 1648 578 quorumlibet
1672 541 1808 575 apostolus
1818 547 1840 565 δι

1051 589 1167 615 futurus.
1185 589 1238 615 Sed
1253 594 1382 623 quautttnt
1409 594 1435 615 et.
1458 596 1491 615 ex
1511 588 1599 623 ipsius
1619 587 1810 617 serttlonibus,
1824 592 1842 611 tl

1051 642 1082 661 ex
1108 642 1197 662 rerum
1225 640 1362 669 gestarent
1388 635 1495 661 ratione
1508 633 1676 668 colligitur,
1692 633 1809 667 quandut
1824 641 1842 656 in

1052 680 1103 707 hoc
1130 680 1230 707 mundo
1256 680 1316 712 fuit,
1345 680 1529 713 pertuansisse
1561 679 1587 705 in
1619 679 1683 705 Iide
1701 684 1731 705 et
1750 678 1842 703 Vctllaie

1051 726 1191 759 apostolus
1209 725 1330 760 gentium
1354 725 1560 758 comprobatur.
1589 723 1674 757 Quid
1699 730 1764 758 ergo
1787 724 1838 748 dlce

1052 778 1111 797 ntus
1121 770 1132 796 τ
1141 769 1341 804 Nunquiduam,
1360 775 1486 804 tanquam
1500 777 1598 796 servus
1613 770 1713 796 bonus
1725 773 1752 795 et
1764 769 1817 794 Iitlcl
1827 781 1841 795 ξ.

1052 816 1097 850 (ιιιὶ
1123 816 1148 842 in
1176 815 1271 850 paucis
1295 815 1382 842 fuerat
1404 815 1492 842 ﬁdelis
1516 815 1550 848 ⁸⁸,
1579 815 1698 842 sciebat
1727 821 1756 840 se
1779 821 1840 846 supr

1055 861 1137 887 multa
1155 861 1392 892 constituendum,
1407 865 1434 887 et
1449 861 1607 895 apostolum
1627 860 1761 886 futurqu
1777 866 1838 886 etus

1053 911 1112 942 post
1125 906 1226 933 exitum
1242 913 1320 933 sutnu
1336 914 1387 932 non
1398 905 1486 933 solunt
1502 906 1646 941 gentium,
1658 906 1747 933 sedet
1759 904 1840 931 Isma-

1053 957 1152 985 tarum,
1169 956 1196 978 et
1212 951 1326 978 aliorum
1342 951 1466 978 farta-sis
1483 951 1686 984 inrisibxlimn,
1703 951 1740 978 illi
1755 951 1794 976 ubi
1808 951 1838 976 bc

1052 998 1181 1026 ncdicunt
1197 998 1313 1032 spiritus
1329 1003 1354 1024 et
1369 998 1466 1025 anima:
1488 998 1637 1033 justorutn
1667 997 1807 1025 Dominum
1817 998 1839 1022 “.

1052 1043 1182 1079 hymnum
1199 1043 1303 1076 dicunt,
1327 1047 1354 1070 et
1374 1042 1582 1078 superexaltant
1606 1051 1678 1070 euut
1701 1043 1729 1070 in
1745 1042 1816 1068 saxei
1834 1042 1840 1066 ?

1052 1089 1092 1116 An
1103 1089 1192 1123 potius
1204 1088 1366 1123 simpliciter
1379 1089 1480 1116 dictqu
1494 1088 1551 1124 (54)
1562 1089 1709 1116 debemus
1724 1089 1837 1122 accipere.

1056 1144 1064 1160 ‹
1083 1135 1206 1168 Quandiu
1223 1141 1273 1168 ego
1297 1141 1356 1161 sum
1386 1134 1525 1168 apostolus
1555 1135 1709 1168 gentium,
1727 1144 1736 1159 ι
1751 1134 1810 1160 sicut
1822 1140 1838 1158 εί

1054 1181 1182 1208 Dominus
1196 1181 1228 1207 ad
1243 1180 1381 1215 apostolos
1392 1181 1474 1207 dicit:
1489 1190 1498 1206 ε
1517 1180 1548 1207 Et
1566 1188 1638 1208 ecce
1651 1189 1706 1215 ego
1723 1180 1836 1206 vobisut

1052 1236 1112 1255 stnn
1121 1228 1246 1255 omttibus
1255 1227 1359 1259 diebus,
1375 1234 1460 1262 usque
1469 1227 1502 1254 ad
1513 1227 1791 1254 consummationem
1802 1234 1838 1251 sr-

1053 1275 1105 1302 cttli
1119 1274 1162 1301 δη
1176 1283 1185 1300 ι
1205 1282 1257 1300 ttou
1272 1274 1343 1308 quod
1368 1274 1441 1300 dicat
1452 1282 1480 1300 se
1500 1277 1564 1307 post
1580 1273 1837 1300 consummationeu

1053 1320 1142 1348 szrcnli
1166 1327 1218 1347 non
1233 1320 1352 1347 futurum
1368 1327 1427 1346 cum
1443 1320 1493 1351 eis,
1510 1319 1559 1346 sed
1577 1324 1610 1346 ut
1640 1320 1797 1346 ostenderet
1819 1326 1837 1343 sc

1053 1375 1191 1401 nunquam
1207 1367 1240 1393 ab
1261 1367 1302 1394 eis
1326 1366 1523 1397 discessurum,
1539 1375 1548 1390 ε
1572 1374 1671 1400 usque
1688 1366 1722 1392 ad
1736 1372 1838 1392 Consum—

1055 1413 1203 1439 ntationctn
1221 1412 1311 1439 smculi
1329 1422 1338 1438 ι
1354 1412 1440 1444 dixit;
1456 1412 1493 1438 ita
1509 1417 1537 1438 et
1559 1412 1730 1446 Apostolus,
1747 1421 1755 1437 ι
1773 1412 1840 1442 Qum-

1053 1459 1097 1485 diu
1113 1466 1161 1491 ego
1176 1466 1235 1484 sunt
1251 1458 1399 1492 apostolus,
1422 1467 1431 1483 ›
1448 1457 1550 1484 dixisse
1572 1458 1637 1492 (55)
1652 1466 1704 1492 pro
1721 1463 1837 1490 uquret

1055 1505 1110 1532 sine
1123 1504 1184 1539 ﬁne.
1207 1505 1271 1538 Qui:
1287 1509 1377 1531 autem
1396 1512 1429 1531 ex
1452 1509 1569 1538 utraque
1584 1505 1680 1538 recipi
1698 1505 1790 1531 debeat
1803 1511 1836 1529 ct-

1057 1551 1162 1586 positio,
1183 1551 1363 1585 relinquimus
1377 1550 1490 1584 legentis
1510 1550 1645 1576 arbitrio.
1672 1549 1760 1585 Igitur
1773 1557 1827 1583 quae

1056 1597 1100 1623 diu
1115 1596 1254 1630 apostolus
1266 1600 1307 1623 est
1323 1595 1442 1630 getttityn
1459 1595 1561 1622 Paulus
1576 1595 1771 1622 ministerium
1779 1602 1834 1621 suum

1056 1641 1194 1668 illustrare
1213 1648 1242 1668 se
1260 1641 1324 1667 dicit
1344 1648 1352 1668 :
1374 1646 1401 1668 et
1418 1640 1484 1676 quid
1506 1645 1562 1667 tam
1579 1641 1716 1676 dignum,
1737 1644 1834 1675 quamet

1055 1687 1239 1721 unusquisth
1255 1686 1433 1714 ministerium
1448 1694 1526 1712 suum
1542 1686 1615 1721 (56),
1632 1687 1711 1720 quod
1735 1694 1781 1721 per
1803 1685 1828 1710 De

1055 1732 1252 1766 providentiam
1271 1731 1390 1766 suscipit,
1411 1731 1544 1758 exornet?
1563 1731 1698 1758 Exornat
1727 1734 1834 1758 anteme:

1055 1776 1174 1803 illustrat
1187 1776 1368 1803 ministerium
1393 1783 1482 1807 suum,
1511 1775 1559 1811 qui
1592 1777 1668 1803 bene
1703 1776 1834 1802 ministrat.

1054 1822 1124 1850 sicut
1139 1823 1295 1849 econtrario
1320 1822 1479 1848 dehonestat
1508 1821 1705 1848 ministerium
1723 1829 1804 1849 suum,
1819 1828 1835 1844 ε.

1054 1868 1172 1895 nctabile
1184 1867 1260 1899 facit,
1277 1867 1359 1903 636
1370 1868 1413 1902 qui
1428 1867 1600 1902 negligenter
1616 1872 1645 1894 et
1664 1868 1778 1902 indigne
1798 1875 1833 1891 tm-

1054 1914 1222 1942 nistrarerit.
1252 1914 1330 1940 Verbi
1357 1921 1449 1946 causa,
1475 1914 1503 1940 in
1532 1914 1698 1940 ministerio
1728 1912 1833 1940 Ecrlcsi:

1056 1969 1064 1985 ι
1080 1960 1222 1993 diaconus,
1240 1960 1339 1994 inquit,
1357 1960 1403 1994 qui
1428 1960 1497 1987 bene
1512 1959 1735 1990 ministrat-erit,
1756 1959 1833 1984 bonum

1053 2003 1168 2038 gradum
1194 2002 1245 2030 sibi
1262 2003 1390 2037 acquirit,
1416 2008 1443 2030 et
1465 2003 1578 2030 multam
1608 2004 1744 2030 ﬁduciam
1758 2004 1782 2030 in
1799 2003 1834 2027 lii:

1053 2047 1116 2075 .L-su
1133 2048 1278 2076 Christi".
1298 2059 1307 2074 ι
1329 2048 1356 2076 Si
1373 2056 1436 2076 vero
1449 2057 1503 2076 non
1529 2049 1599 2076 bene
1627 2049 1832 2077 ministraverit:

1053 2095 1104 2122 hoc
1121 2099 1174 2125 est,
1190 2095 1212 2121 si
1225 2102 1314 2122 nonae
1328 2094 1407 2122 talem
1423 2095 1579 2122 exhibuerit
1591 2095 1707 2129 qualem
1722 2095 1833 2122 describi

1052 2140 1196 2174 Apostolus
1212 2140 1245 2173 “,
1273 2147 1395 2175 gravem,
1424 2148 1476 2167 non
1498 2140 1665 2175 bilingueut,
1692 2148 1749 2167 non
1768 2141 1832 2166 nlui"

216 2188 293 2222 quasi
305 2189 338 2214 ad
351 2193 509 2221 utrumque;
527 2187 562 2214 ita
579 2195 650 2214 ttunc
662 2194 726 2213 vero
739 2192 833 2220 aperte
851 2187 883 2213 ad
895 2191 1000 2221 gentes,
1017 2195 1039 2222 ι)
1055 2186 1120 2213 vino
1145 2186 1282 2218 deditum,
1303 2194 1356 2213 non
1381 2187 1465 2221 turpis
1483 2186 1550 2213 lucri
1569 2187 1773 2220 appetitorem,
1798 2186 1832 2211 sci

215 2233 267 2260 hoc
280 2238 322 2260 est
335 2233 368 2260 ad
384 2239 432 2260 eos
447 2232 564 2259 maxime
575 2233 620 2266 qui
642 2232 668 2258 in
684 2232 750 2258 urbe
767 2231 851 2259 Roma
865 2239 898 2259 ex
915 2231 1003 2265 genti-

251 2314 274 2330 ¹⁶
288 2314 364 2341 Boni.
383 2321 419 2343 XI.
437 2313 482 2341 95.

186 2373 190 2378 .
217 2350 239 2364 ⁸²
256 2350 349 2376 Matth.
365 2356 462 2381 nrt",
479 2347 526 2375 20.

520 2313 540 2328 ²⁴¹
559 2313 624 2340 iltid.
640 2313 671 2339 I5
685 2320 760 2346 seqq.

564 2348 587 2363 "
601 2348 609 2374 I
624 2347 693 2376 Tim.
714 2347 755 2379 III,
770 2347 812 2374 I3.
843 2347 865 2362 “
875 2348 940 2374 ibid.
956 2348 983 2373 ὃ.

254 2427 309 2465 (Π)
331 2428 377 2456 Sic
393 2437 444 2456 ms.
461 2430 562 2465 Regius
576 2438 650 2457 nutu.
662 2429 738 2457 I639.
750 2424 846 2455 Caneri
857 2431 921 2452 vero
931 2432 1008 2455 mss.,

219 2463 345 2489 Iulianus
362 2465 473 2496 etediti,
489 2463 508 2491 «Ἴ
522 2466 583 2493 Ilaec
599 2465 751 2496 diminutio.
769 2475 778 2490 ν
795 2469 846 2492 etc.

254 2498 419 2537 (ιθ-ΜΨ,
437 2509 446 2525 t
468 2508 539 2535 qttze,
560 2510 569 2526 ι
587 2505 632 2537 et,
647 2509 656 2525 ‹
680 2500 725 2537 qui
754 2507 803 2534 per
829 2499 910 2526 fidem
938 2505 1002 2534 pars

220 2532 326 2570 Domini
337 2533 442 2570 effecta
457 2532 518 2562 sunt
535 2536 678 2562 tnereditas
690 2532 761 2570 ejus:
779 2545 788 2560 ι

255 2567 309 2601 (49)
329 2568 413 2598 Alias,
430 2578 440 2594 ε
461 2570 569 2597 dicitur.
583 2579 592 2596 ι

254 2603 308 2639 (ῥυ)
327 2602 395 2639 ζῖιΙίιὶ
408 2609 433 2630 et
450 2603 588 2636 Raltanus,
605 2614 615 2630 ‹
632 2603 776 2639 compleat,
793 2613 803 2630 ι
817 2604 899 2632 male.

230 2670 235 2678 I
255 2636 310 2678 (51)
327 2636 452 2678 Its-“mss.
464 2639 533 2666 Editi
552 2647 624 2672 vero,
642 2648 652 2678 ε
671 2636 730 2678 ._I_.im
748 2647 814 2666 sane
829 2639 873 2678 ﬁet
887 2647 920 2678 ett
934 2646 1001 2678 geu-

218 2671 397 2712 littlltrtIcIICllb:
406 2681 629 2712 quarttecessarto
637 2673 806 2712 delinquunt.
816 2675 871 2702 tale
879 2671 999 2712 aliquid:

217 2708 336 2746 omnium
353 2708 426 2746 enim
444 2708 669 2746 dispensator,_et
681 2709 832 2746 aliquibus
847 2716 879 2746 ea
897 2709 998 2746 eis_di-

216 2742 297 2781 vitias
313 2742 547 2781 confertiueﬂltoc
562 2744 637 2778 quasi
648 2744 767 2781 spiritale
776 2745 859 2771 solius
871 2743 998 2781 Isr_at:l..-.

218 2777 268 2802 ista
282 2777 412 2815 require.»
421 2777 581 2815 Ms._liegitts
590 2777 669 2815 num.
679 2778 746 2815 I659
756 2786 898 2815 perperam
908 2778 997 2810 habet,

220 2820 229 2835 ι
249 2818 301 2836 non
320 2813 382 2844 quia
408 2813 534 2846 specialis
558 2814 626 2840 alius
654 2814 733 2840 Israel
751 2813 835 2841 fuisse
854 2814 994 2842 videatur;

808 2312 831 2328 ³⁸
843 2312 921 2338 Rom.
942 2320 971 2342 ll,
993 2311 1034 2338 I7.

1057 2231 1199 2259 habentem
1220 2232 1378 2267 mystcriqu
1392 2233 1454 2260 tidei
1476 2233 1504 2259 in
1517 2233 1691 2260 conscientia
1703 2239 1831 2268 purazuon

1075 2312 1096 2328 ”
1110 2311 1186 2339 Rom.
1208 2320 1226 2345 ι,
1239 2312 1282 2339 16.
1320 2313 1342 2328 ⁸ο
1355 2312 1517 2345 Mallius“,
1529 2311 1576 2340 9.5.
1627 2313 1648 2328 "
1666 2313 1736 2340 Dan.
1752 2311 1828 2343 tu,&i.

1052 2428 1118 2459 sed;
1138 2435 1146 2452 ι
1163 2431 1259 2453 czetera
1277 2432 1341 2453 vero
1355 2430 1383 2452 ιιι
1400 2425 1425 2451 ἱη
1443 2429 1529 2452 textu.

1092 2461 1148 2497 (52)
1172 2461 1252 2493 Editi,
1267 2471 1276 2486 ι
1295 2460 1491 2493 honorillcabo,
1506 2460 1528 2486 si
1544 2465 1601 2494 quo
1615 2460 1699 2487 modo
1713 2460 1747 2486 ad
1763 2466 1819 2485 τω

1059 2498 1168 2525 landum
1183 2503 1336 2531 provocent,
1355 2505 1365 2521 ι
1379 2499 1432 2521 etc.

1091 2532 1147 2568 (55)
1169 2528 1298 2568 Loquens,
1319 2537 1370 2568 nec
1391 2537 1447 2568 _t:ou
1474 2534 1501 2556 et
1527 2528 1609 2563 paulo
1637 2534 1701 2563 post
1729 2530 1774 2559 ita,
1795 2528 1827 2553 dc-

1054 2564 1118 2595 sunt
1136 2564 1162 2593 in
1182 2564 1272 2596 editis,
1288 2570 1315 2592 et
1330 2566 1355 2591 itt
1372 2564 1510 2598 plerisque
1527 2572 1596 2590 tuss.

1091 2602 1147 2637 (5i)
1168 2601 1284 2628 Dictum.
1303 2600 1475 2637 Desideratqr
1487 2599 1514 2625 in
1527 2604 1610 2637 ante?
1625 2599 1718 2626 editis.

1089 2633 1145 2672 ('55)
1164 2636 1303 2672 Sieymssn
1315 2640 1340 2662 et
1355 2634 1440 2672 editio
1453 2633 1565 2661 Veneta.
1578 2633 1668 2672 usta
1675 2641 1732 2660 men
1744 2633 1824 2672 Ιξιιςςις

1055 2669 1140 2699 ιιιιίιιζ
1160 2670 1228 2698 1659
1255 2671 1334 2697 habet
1351 2678 1361 2695 ι
1380 2669 1449 2695 dixit
1462 2677 1471 2694 υ
1490 2675 1539 2702 pro
1559 2677 1569 2694 ι
1586 2669 1701 2696 dixisse.
1720 2678 1728 2694 ι
1745 2669 1822 2694 ρει-κη

1052 2715 1116 2734 vero
1131 2707 1208 2737 editi,
1227 2715 1236 2731 ‹
1257 2704 1346 2732 δεξιουιί
1361 2712 1368 2730 :
1385 2704 1491 2731 dicatur
1507 2704 1543 2730 ita
1561 2708 1590 2731 et
1611 2704 1765 2738 Apostolus.
1778 2724 1784 2730 .
1797 2720 1820 2727 .-

1051 2743 1163 2773 dixisse,
1183 2751 1192 2766 ι
1207 2746 1259 2768 etc.

1086 2772 1256 2812 (56)'Sumu.
1284 2774 1364 2802 Deest
1388 2774 1415 2801 in
1443 2773 1521 2801 libris
1539 2779 1620 2802 lutea
1645 2773 1726 2802 editio
1740 2772 1779 2801 Itis
1801 2775 1819 2796 ιι

1051 2813 1076 2839 itt
1082 2815 1119 2839 l‘ra
1124 2833 1131 2840 .
