1831 3052
29 147 94 174 1N9

481 148 660 176 (IOMMEN‘I‘.
683 149 715 176 IN
737 148 847 176 EPIST.

867 149 912 176 AD
933 149 1018 179 ROM.
1038 149 1102 179 LIB.
1121 149 1191 177 VIII.
1576 150 1646 178 "90

23 209 74 242 jam
97 209 198 234 bonum
215 207 338 241 gradum,
358 207 404 233 sed
422 208 517 234 tnalam
539 209 589 235 sibi
607 215 716 242 pmnant
743 217 808 235 cou-
823 213 845 239 Α
865 218 873 234 ι
889 217 968 243 opt-ra
990 218 999 234 ι
1015 209 1073 243 ejus
1087 218 1095 234 ι
1113 209 1192 238 bona,
1221 206 1392 241 magniflccnt
1418 205 1527 234 Patrem
1556 209 1602 241 qui
1619 210 1645 234 in

25 253 103 287 quirit
115 252 185 287 (57),
202 256 326 286 tanquant
343 252 386 286 qui
399 253 589 279 contumeliam
602 253 696 280 fecerit
711 255 804 281 divino

27 297 186 324 ministerio.
204 296 332 323 Similiter
346 302 435 324 autent
453 302 478 323 et
502 297 546 331 qui
563 297 723 332 presbyterii
741 306 805 332 gra-

25 344 84 369 dum
99 343 214 376 suscipit
229 344 255 369 in
275 342 406 374 Ecclesia,
419 343 487 369 satis
500 348 561 376 agat
576 343 713 370 illustrare
731 345 806 370 mini-

26 389 130 414 sterium
151 388 323 423 presbyterii.
343 389 381 414 Ad
401 390 487 422 ipsum
514 389 586 415 enim
616 389 753 422 pertinenti
778 395 805 417 et

26 433 64 458 illa
80 441 138 466 qua:
162 434 196 460 de
215 434 380 469 pri-sliyteris
404 435 436 460 ad
458 434 547 461 Titum
573 436 668 462 scribit
689 436 806 469 Aposto~

26 479 62 505 lus
74 478 97 494 "
116 487 122 504 :
143 483 172 505 et
187 487 216 505 ea
233 487 292 512 qum
306 479 392 505 Isaias
418 480 523 513 scribit,
539 487 599 507 cmn
616 480 700 507 dicit:
722 489 731 505 ι
746 479 806 515 Ipse

26 525 148 551 Dominus
165 524 306 559 iujudicio
323 523 379 559 (58)
391 525 479 551 veniet
495 533 554 552 cum
577 525 744 559 presbyteris
757 532 806 559 po-

26 571 84 604 puli,
101 575 127 597 et
138 579 202 598 cum
215 571 379 606 principibus
388 572 445 606 ejus
457 571 638 604 iudicabitur;
652 581 662 597 ι
678 571 803 604 etadtlit;

28 627 36 641 ε
49 616 100 642 Vos
117 622 208 642 autem
231 617 325 652 utquid
346 617 510 644 succenditis
540 617 646 643 vincam
663 623 760 647 meam,
777 624 805 643 et

26 663 134 696 direptio
151 670 299 696 pauperum
313 663 338 689 in
356 662 480 689 domibus
502 663 599 689 vestris
616 662 674 688 est?
691 661 723 689 Ut
740 661 804 696 quid

25 708 144 741 iniuriam
163 707 253 734 facitis
268 707 364 740 populo
380 715 452 739 meo,
468 711 494 733 et
507 714 637 740 personas
655 713 803 741 pauperum

24 754 186 781 confunditis
201 754 241 780 “?
259 763 268 779 ι
281 753 434 779 Sci-nudum
452 753 509 779 hare
520 758 610 780 autem
623 758 646 779 et
660 753 804 785 episcopus

25 801 136 826 illustrat
151 800 333 826 ministerium
353 806 432 825 suum
449 798 476 824 in
489 799 657 832 episcopatu,
677 798 698 824 si
714 798 746 824 sit
762 805 802 824 se-

24 847 134 872 cundum
161 845 232 880 quod
251 845 380 872 describit
396 844 540 878 Apostolus
555 843 587 874 ",
608 843 804 877 irrepreliensi-

24 891 89 922 bilis,
105 891 230 925 vigilans,
246 890 372 924 prudens,
385 894 511 920 Ornatus,
532 887 683 922 hospitalis,
699 888 802 919 doctor,

24 944 71 962 non
84 937 247 968 vinolentus,
265 943 318 962 non
338 942 490 969 percussor,
517 933 564 960 sed
579 933 730 964 modestus;
748 940 801 959 non

24 980 160 1014 litigiosus,
178 989 231 1007 non
246 988 353 1012 avarus,
372 980 480 1006 domum
503 986 578 1005 suam
602 979 671 1005 bene
696 985 801 1012 regens,

24 1026 86 1052 ﬁlios
98 1026 204 1053 habens
220 1026 245 1051 in
263 1025 394 1059 obsequio
417 1032 477 1051 cum
495 1024 567 1050 omni
587 1024 732 1058 gravitate,
747 1031 802 1050 non

25 1071 104 1098 elatus
115 1071 254 1106 superbia,
272 1079 304 1098 ne
319 1071 344 1097 iu
360 1070 491 1105 judicium
508 1070 609 1096 incidat
625 1069 735 1096 diaboli.
751 1069 802 1102 Qui

25 1117 80 1144 talis
90 1123 140 1149 est,
159 1117 279 1144 illustrat
292 1117 474 1143 tniuisterium
501 1116 674 1149 episcopatus
692 1115 745 1147 sui,
769 1120 799 1142 ut

24 1168 48 1188 et
61 1162 115 1196 ipse
130 1163 224 1189 audiat
237 1171 245 1189 :
257 1171 266 1188 ι
284 1162 366 1197 Euge,
380 1169 459 1189 serve
475 1161 544 1187 bone
557 1166 584 1187 et
602 1160 687 1187 [idolis
700 1169 707 1193 ;
720 1168 802 1194 super

24 1214 101 1240 pauca
119 1208 194 1235 fuisti
208 1207 309 1239 ﬁdelis,
323 1214 403 1241 super
418 1206 500 1233 multa
515 1211 540 1234 te
557 1207 719 1233 constituam
736 1206 767 1233 ⁸⁸.
789 1215 799 1232 ι

26 1254 149 1281 .‘iimiliter
164 1259 256 1280 atttem
271 1258 298 1280 et
312 1254 391 1280 vidua
404 1253 426 1270 ⁵⁸
440 1253 462 1280 si
479 1257 637 1286 permaneat
650 1253 676 1278 in
702 1253 802 1279 oratio-

25 1299 96 1326 nibus
110 1305 136 1326 ct
153 1299 389 1326 obsecrationibus
407 1304 485 1326 nocte
497 1307 528 1325 ac
549 1299 602 1331 die,
621 1298 737 1325 illustrat
753 1299 802 1325 mi-

26 1345 156 1371 nisterium
173 1345 316 1372 viduitatis
332 1353 396 1372 suat.
425 1344 453 1371 Si
473 1352 538 1370 vero
553 1345 588 1371 sit
605 1345 666 1370 talis
691 1343 799 1378 qualem

24 1392 158 1425 Apostolus
172 1396 246 1418 notat
259 1392 294 1423 ⁸ο,
312 1392 408 1422 otiosa,
423 1395 450 1417 et
469 1390 592 1423 verbosa,
605 1397 631 1418 et
648 1398 700 1417 non
716 1390 801 1418 solum

26 1437 140 1469 verbosa,
156 1438 205 1465 sed
217 1438 374 1468 etcuriosa,
389 1437 502 1471 loquens
521 1444 580 1471 quae
598 1444 649 1463 non
677 1441 799 1471 oportet;

25 1488 65 1509 aut
79 1485 112 1510 sit
135 1485 160 1511 in
176 1483 281 1511 deliciis
296 1483 397 1518 degens
423 1483 492 1518 (59),
518 1487 545 1509 et
566 1483 659 1510 vivens
676 1488 778 1510 mortua
792 1491 799 1514 ;

25 1528 74 1555 h'cc
89 1530 278 1561 debonoravit,
292 1522 318 1555 ct
331 1537 383 1556 non
401 1528 547 1555 illustravit
561 1529 743 1556 ministerium
761 1529 800 1555 vi—
817 1550 836 1561 τ,

25 1575 125 1601 dnilalis
142 1583 208 1602 sum.
224 1575 324 1601 Eodem
342 1576 421 1601 modo
438 1574 522 1600 etiam
540 1573 616 1607 virgo
639 1578 798 1600 consecrata

25 1619 72 1646 Deo
94 1620 211 1647 illustrat
238 1620 416 1646 ministerium
435 1618 599 1653 virginitatis
623 1626 695 1649 sum,
714 1618 735 1644 si
765 1619 801 1645 sit

24 1670 107 1691 sancta
124 1671 239 1699 corpore
256 1669 282 1691 et
300 1664 405 1698 spiritu,
419 1668 445 1690 et
458 1671 510 1689 non
525 1663 622 1696 cogitet
638 1669 697 1696 quae
709 1662 799 1689 humi-

24 1717 79 1736 ιιιιιιι
96 1716 168 1744 sunt,
186 1711 232 1738 sed
244 1719 303 1745 qua:
321 1710 376 1739 Dei.
393 1709 528 1744 quomodo
544 1708 647 1742 placeat
661 1708 714 1735 Deo
725 1707 756 1734 ".
770 1707 799 1735 Si

24 1762 80 1782 vero
94 1757 171 1784 aliter
182 1761 253 1790 agat,
269 1763 321 1782 nou
338 1755 424 1782 solum
441 1754 498 1790 (60)
516 1762 569 1781 non
585 1754 704 1781 illustrat
717 1754 798 1780 titini-

26 1801 128 1827 sterium
145 1803 307 1836 virginitatis
331 1809 403 1834 suae,
431 1809 478 1828 nec
507 1800 621 1827 illustrat
647 1799 797 1834 lampadem

23 1851 102 1878 suam,
125 1849 171 1874 sed
198 1848 351 1874 econtrario
375 1847 464 1874 lumen
486 1847 544 1880 ejus
564 1846 756 1880 exstinguitur,
771 1850 800 1871 et

22 1891 127 1920 elﬁcitur
139 1903 191 1921 nua
204 1895 237 1921 de
254 1893 442 1927 insipientibus
459 1892 616 1928 virginibus.
630 1891 690 1918 Ilzec
705 1891 798 1917 eadrm

22 1941 45 1962 et
57 1940 237 1974 unusquisque
247 1940 273 1966 in
289 1939 407 1966 Ecclesia
418 1939 521 1972 positus
536 1937 606 1972 apud
623 1937 799 1971 semetipsum

23 1988 128 2016 reputet,
149 1991 176 2011 ιιι
195 1986 221 2012 iu
246 1991 408 2019 quOt‘lIIIQIIc
431 1984 490 2010 loco
516 1987 580 2015 stat,
598 1983 655 2008 sive
672 1982 699 2008 in
715 1982 800 2013 clero,

21 2028 70 2053 sive
85 2030 108 2056 iu
124 2031 214 2065 plebe,
230 2030 346 2056 illustret
367 2029 546 2056 ministerium
571 2028 632 2055 fidei
657 2026 713 2062 (6|)
731 2034 799 2058 eum,

21 2079 45 2099 et
66 2075 129 2103 tales
144 2077 225 2103 faciat
239 2080 317 2102 actus
329 2083 410 2108 suos,
430 2084 439 2100 ι
461 2079 489 2101 υι
504 2075 627 2101 videntes
647 2083 657 2100 ι
676 2073 800 2100 homines

60 2145 82 2161 "
93 2146 146 2174 Tit.
164 2155 184 2180 ι,
208 2147 225 2174 6
240 2154 297 2180 seq.
346 2147 370 2162 “
386 2146 448 2174 Isat.
473 2153 514 2177 tu,
534 2146 576 2178 Η,
601 2145 644 2172 15.

21 2178 40 2193 ⁵⁰
55 2180 117 2208 ibid.
144 2178 234 2211 δίη).
271 2178 318 2208 ⁵1⁸1
343 2181 404 2208 Cor.
441 2189 488 2210 vti.
517 2181 562 2208 5‘2.
587 2180 630 2207 51.

21 2220 54 2247 IV,
71 2215 110 2244 19.
155 2217 178 2233 ⁵·
197 2218 274 2244 Itoni.
293 2225 329 2248 Ix,
343 2217 367 2245 5.
407 2217 429 2232 "
484 2216 504 2243 Il
520 2216 582 2243 Cor.
598 2223 623 2247 ν,
644 2215 686 2246 19,
702 2214 747 2241 20.

52 2275 103 2311 (57)
124 2277 173 2304 Ms.
194 2285 264 2304 ttuus
289 2276 387 2310 Regius
405 2283 478 2302 num.
503 2274 581 2311 16M,
605 2283 612 2299 ι
632 2274 679 2300 sed
699 2272 798 2311 malum
816 2276 838 2304 υ

21 2308 66 2347 sibi
78 2307 219 2345 acquirit.»
231 2307 404 2339 Cmteriﬂwro
417 2318 493 2342 mss.,
505 2308 632 2336 [tabanus
647 2313 673 2335 et
690 2307 754 2335 editi
771 2313 801 2335 ιιι

21 2350 43 2368 111
58 2349 139 2372 textu.

51 2379 104 2412 (58)
125 2381 176 2411 Ms.
207 2381 306 2415 Regius
324 2388 400 2407 num.
417 2379 497 2410 I639.
527 2388 549 2415 «ν
566 2379 592 2406 in
615 2377 765 2415 judicium;
787 2387 795 2403 ι

20 2416 101 2448 galeri
117 2423 182 2443 vero
199 2412 277 2448 mest,
293 2416 421 2443 Rabanus
443 2419 470 2441 ct
485 2414 563 2444 editi,
581 2423 590 2438 ι
609 2415 635 2439 in
648 2412 765 2448 judicio.
786 2422 794 2438 I

22 2446 114 2485 Deinde
140 2452 217 2482 editi,
236 2461 245 2477 ι
263 2446 407 2485 iudicabit,
427 2459 436 2475 ι
455 2454 482 2476 ει
494 2448 696 2485 ita_le_gendut_n
713 2447 798 2485 _vide—

22 2485 70 2521 "lf-
81 2483 152 2521 μμ.
169 2481 363 2513 ιειιιιεηίιοειτί
380 2492 474 2512 omnes
490 2489 518 2510 et
533 2483 660 2510 Rabanus
675 2481 777 2509 habent
788 2501 796 2515 ,

22 2524 31 2539 ι
42 2518 214 2549 judicabitur.
230 2530 240 2546 ι

51 2552 104 2587 (59)
126 2556 206 2587 Euliti,
221 2564 231 2580 ι
246 2556 293 2582 sed
310 2555 337 2581 in
350 2553 455 2581 deliciis
470 2560 563 2587 agens.
581 2561 590 2577 ι

51 2587 102 2620 (60)
123 2586 243 2616 Illustrat
259 2590 434 2617 ministerium
458 2586 617 2621 virginitatis
634 2594 699 2617 sua,
719 2586 741 2612 ti
757 2586 790 2612 ait

20 2627 102 2650 Iuncta
111 2632 218 2658 corpore
230 2629 254 2651 ει
267 2625 374 2658 spiritu,
386 2629 409 2650 ει
425 2631 476 2649 non
489 2623 582 2656 cogitet
591 2629 649 2658 qua:
660 2621 793 2658 hominum

19 2661 84 2694 Itfpl,
104 2655 228 2694 ud'qua
252 2655 308 2687 Dii.
333 2659 462 2694 quomodo
475 2655 580 2694 plorent
603 2656 668 2682 Deo.
684 2655 715 2683 Si
733 2663 791 2682 vero

21 2689 92 2718 aliter
110 2689 183 2728 agat,
197 2703 247 2721 mm
264 2689 360 2722 solum.
388 2692 448 2719 Haec
475 2689 502 2718 in
518 2691 596 2728 editis
613 2697 665 2717 non
680 2697 792 2724 compa-

22 2730 85 2757 rent,
97 2725 143 2755 sed
160 2729 339 2756 restituuntur
355 2736 388 2755 ex
403 2734 469 2754 mss.
486 2730 513 2752 et
527 2725 650 2752 Itabano.

52 2759 105 2795 (61)
125 2762 206 2795 Editi,
225 2762 421 2790 uninisterium
431 2768 509 2789 suum
525 2759 597 2787 fidei.
615 2769 625 2785 ι

51 2794 104 2830 (62)
125 2794 205 2830 Editi,
223 2807 232 2824 I
249 2799 370 2825 infirmos
384 2799 466 2824 alere.
484 2806 493 2822 ι

63 2828 104 2865 (15)
124 2828 208 2866 Editi,
248 2838 277 2861 et
294 2833 445 2867 Rabanutm
460 2831 487 2858 in
503 2831 628 2858 abortum
649 2828 794 2864 quemdam

22 2870 148 2896 redactos.
167 2877 177 2894 ο

696 2143 821 2170 ⁸⁷1Τίιιι.
840 2151 882 2176 ιιι,
905 2143 923 2170 9.
950 2150 1028 2176 seqq.

669 2181 691 2196 δ’
717 2179 814 2206 Matth.
843 2186 870 2210 ν,
890 2177 933 2205 Hi.

857 254 933 281 cmlis
947 259 988 280 est
1004 255 1037 280 ".
1057 264 1066 279 ι
1086 254 1141 281 Iloe
1153 254 1225 281 enim
1244 252 1393 279 faciebatet
1406 252 1506 280 I'aulus
1521 253 1647 281 docet-do

856 303 960 332 gentes,
979 307 1093 332 quorum
1109 304 1168 326 orat
1184 298 1332 332 apostolus,
1349 301 1376 324 et
1403 297 1572 329 instruendo,
1603 299 1644 325 in-

859 345 951 371 tirmos
964 344 1140 378 “olereﬂiii,
1159 343 1461 379 parvuloslartealendo
1479 343 1512 376 ⁸⁸,
1529 344 1646 372 robustis

856 390 996 416 fortiorem
1007 390 1080 416 verbi
1094 390 1183 416 cibum
1194 389 1347 424 praebendo,
1363 395 1499 421 errantes,
1513 394 1539 416 et
1552 389 1578 417 iu
1592 390 1645 417 fido

856 435 1016 467 titubantes,
1036 443 1067 461 ac
1083 435 1156 461 velut
1173 435 1199 461 iu
1233 434 1383 461 abortivum
1410 435 1546 468 quoddam
1563 435 1644 461 reda-

855 486 913 508 ctos
925 481 980 516 (65)
997 487 1120 508 materno
1131 480 1229 507 :ilI‘ectn
1242 487 1348 506 rnrsttm
1362 480 1546 513 parturiendo,
1559 480 1644 506 dcuec

855 527 979 554 Christus
997 527 1162 553 formaretur
1180 526 1235 559 (6i)
1255 526 1280 552 in
1297 527 1337 552 eis
1350 526 1373 541 "
1388 535 1394 552 :
1411 530 1437 551 et
1454 533 1501 558 per
1514 526 1570 552 ha-c
1585 534 1643 552 euit-

853 571 898 597 nia
929 571 1091 598 illustrando
1116 571 1298 598 titinistrrium
1326 570 1494 605 apostolatus
1521 572 1580 602 sui,
1616 572 1642 598 iu

854 617 1054 643 :emnlationeut
1081 616 1141 643 lldei
1160 620 1185 643 et
1211 617 1298 643 zelum
1325 617 1401 643 bona:
1428 618 1644 645 conuersationis

855 662 1003 689 adducebat
1017 670 1127 688 carnem
1142 670 1217 688 suam
1233 662 1302 695 (65),
1323 662 1349 687 id
1362 667 1412 693 est,
1426 663 1573 689 secundum
1588 671 1645 689 car-

855 715 917 734 nem
933 710 1082 740 cognalos;
1100 713 1128 733 ιιι
1145 707 1166 734 si
1187 715 1238 733 non
1252 714 1358 737 omnes,
1371 707 1477 741 aliquos
1489 712 1577 733 tamen
1590 707 1645 734 sal—

855 759 902 778 vos
918 752 1020 779 faceret
1036 760 1068 779 cx
1085 753 1147 779 illis.
1168 753 1213 779 Sic
1225 759 1290 786 ergo
1304 753 1366 778 dum
1381 752 1535 786 pervigilem
1549 760 1641 778 curam

854 802 880 824 et
903 797 993 832 iugem
1022 798 1233 825 sollicitudinem
1257 805 1322 832 erga
1349 798 1499 824 doctrinam
1524 798 1642 833 gentium

855 844 935 878 gerit,
953 848 979 870 et
993 846 1227 871 conversationem
1239 852 1333 870 eorum
1350 851 1383 871 ac
1397 844 1479 870 vitam
1495 844 1572 870 valde
1585 852 1644 878 pro-

820 879 841 907 Β
855 888 970 915 habilem
987 889 1062 920 facit,
1081 889 1204 916 videntes
1225 889 1281 916 haec
1295 889 1428 916 Israelitas
1441 888 1496 925 (66)
1508 890 1552 924 qui
1565 893 1644 916 erant

857 935 964 968 cognati
982 933 1042 968 ejus
1055 935 1202 962 secundum
1215 942 1323 962 carnem
1340 936 1375 967 “,
1391 935 1423 961 ad
1438 935 1586 962 imitandos
1597 942 1643 962 eos

854 981 899 1014 qui
915 981 1060 1014 proficiunt
1083 981 1108 1008 in
1133 981 1185 1007 tide
1202 981 1247 1007 Dei
1266 981 1374 1012 invitat,
1397 986 1424 1007 et
1445 985 1574 1015 provocat
1591 990 1597 1007 :
1616 984 1644 1007 et

853 1031 894 1053 est
911 1026 995 1061 gloria
1013 1026 1155 1054 ministerii
1172 1026 1230 1059 ejus
1246 1033 1306 1052 cum
1321 1035 1353 1052 ex
1369 1026 1524 1053 eruditione
1546 1034 1640 1053 eorum

853 1071 935 1098 etiarn
953 1072 1004 1098 illis
1019 1072 1155 1106 profectus
1169 1072 1224 1107 (67)
1237 1072 1395 1098 accesserit.
1409 1081 1417 1097 ι
1430 1071 1458 1098 Si
1471 1072 1541 1098 enim
1558 1071 1643 1098 antis-

853 1118 892 1144 sio
908 1125 1001 1144 eorum
1027 1117 1211 1144 reconciliatio
1224 1123 1265 1143 est
1288 1117 1390 1146 utundi,
1409 1124 1468 1150 quin
1481 1122 1522 1143 est
1536 1124 1639 1143 assum-

854 1163 921 1196 ptio,
938 1162 989 1188 nisi
1005 1164 1059 1188 vita
1076 1170 1107 1188 cx
1123 1162 1255 1188 mortuis?
1272 1171 1281 1186 ι
1300 1161 1355 1188 lloc
1374 1162 1439 1188 mihi
1453 1162 1597 1188 ostendere
1613 1161 1640 1188 in

852 1206 896 1233 bis
914 1207 1085 1232 sermonibus
1114 1207 1220 1232 videtur
1246 1206 1399 1239 Apostolus,
1431 1206 1503 1240 quod
1533 1206 1639 1239 abjecto

853 1252 947 1284 Israel,
967 1257 994 1279 et
1014 1253 1046 1278 ad
1060 1258 1153 1286 gentes
1166 1252 1319 1278 necessario
1342 1252 1532 1286 przrdit-atione
1549 1257 1637 1278 trans—

853 1297 917 1330 lata,
934 1299 1046 1324 mundus
1062 1298 1125 1333 (hoc
1150 1303 1200 1329 est,
1225 1299 1358 1325 universa:
1377 1304 1471 1332 gentes
1487 1298 1564 1334 [68])
1594 1306 1637 1324 rc-

854 1344 1017 1371 conciliatus
1033 1349 1074 1371 est
1088 1344 1154 1376 Deo,
1173 1344 1319 1370 secundum
1336 1344 1406 1378 quod
1421 1343 1554 1378 scriptum
1570 1348 1611 1370 est
1626 1351 1634 1369 :

856 1399 865 1416 ι
889 1389 957 1423 Quia
975 1390 1044 1416 Deus
1070 1395 1129 1416 erat
1146 1390 1171 1416 iu
1188 1390 1298 1416 Christo
1315 1390 1443 1416 mundum
1459 1388 1640 1416 reconcilians

853 1435 914 1467 sibi,
932 1442 984 1460 non
999 1438 1126 1468 reputans
1140 1435 1193 1461 illis
1208 1434 1305 1460 delicta
1330 1435 1448 1467 ipsorum
1464 1434 1504 1465 '7;
1522 1442 1531 1458 ι
1546 1438 1573 1460 et
1586 1433 1639 1459 ite»

855 1488 911 1506 rum
929 1480 1000 1506 sicut
1016 1479 1115 1506 Paulus
1128 1479 1195 1506 dicit
1210 1488 1217 1506 :
1239 1488 1247 1504 ι
1264 1479 1315 1511 Qui
1331 1479 1419 1513 posuit
1445 1478 1470 1505 iit
1488 1478 1566 1504 nobis
1579 1485 1640 1504 vcr-

854 1525 915 1551 bum
935 1524 1182 1556 terouciliationis;
1198 1532 1207 1550 ι
1233 1532 1282 1558 per
1293 1525 1364 1558 quod
1380 1523 1493 1550 verbum
1509 1523 1616 1550 dicebat
1630 1530 1639 1549 :

857 1580 865 1596 ι
883 1570 1019 1606 Rogamus
1043 1578 1093 1604 pro
1118 1569 1239 1602 Christo,
1266 1567 1480 1596 reconciliamini
1503 1568 1565 1595 Deo.
1582 1577 1592 1594 ι
1609 1568 1639 1595 Si

853 1624 929 1650 ergo,
947 1616 1043 1650 inquit,
1059 1615 1213 1642 Israeliticm
1224 1615 1312 1649 gentis
1327 1613 1406 1647 hujus
1417 1613 1534 1646 abjcct‘o
1545 1621 1640 1640 recon-

854 1662 1017 1688 cilialioncm
1031 1661 1158 1695 praestitit
1177 1661 1287 1691 mundo,
1299 1660 1355 1687 etsi
1363 1664 1438 1686 tanta
1449 1659 1567 1694 fuiterga
1575 1666 1642 1694 gen-

856 1712 908 1733 tem
925 1707 1002 1733 istaut
1020 1706 1119 1739 gratia,
1136 1713 1196 1739 qua;
1206 1705 1310 1732 sublata
1324 1704 1360 1731 ab
1374 1712 1405 1731 ea
1417 1704 1474 1739 (69)
1484 1705 1638 1731 universum

855 1752 984 1778 mundum
1000 1751 1054 1777 Deo
1066 1750 1397 1780 reconciliaresufliceret,
1411 1753 1542 1783 quantum
1559 1755 1640 1783 putas

852 1802 916 1824 tunc
925 1796 1073 1824 mcrcbitur
1084 1797 1208 1825 mundus.
1216 1803 1278 1822 cum
1289 1795 1370 1821 etiam
1382 1801 1448 1828 gens
1457 1795 1507 1820 ista
1519 1795 1642 1821 reconci-

852 1843 911 1869 liari
929 1841 1058 1868 meruerit
1074 1841 1128 1868 Deo
1146 1841 1223 1874 (70)?
1237 1840 1347 1874 thuid
1370 1840 1437 1865 illud
1452 1839 1487 1865 sit
1510 1841 1581 1873 quod
1602 1846 1633 1866 ex

851 1887 932 1922 637
950 1886 1169 1914 recmtoiliatione
1188 1886 1268 1912 Israel
1287 1885 1401 1912 tumulus
1419 1884 1552 1918 acquirat,
1570 1884 1632 1910 bre-

852 1933 923 1959 viter
936 1932 1058 1959 ostendit
1082 1932 1194 1958 dicens:
1218 1940 1227 1956 ‹
1253 1931 1310 1957 Vita
1332 1938 1363 1957 ex
1382 1931 1505 1956 mortuis.
1524 1939 1533 1955 ι
1562 1928 1638 1955 Tune

853 1977 924 2004 enim
951 1977 1003 2003 erit
1029 1976 1179 2010 asstunptio
1196 1975 1288 2006 Israel,
1306 1975 1414 2008 quando
1427 1973 1481 2008 jam
1496 1977 1524 1999 et
1539 1972 1638 1999 mortui

853 2023 937 2048 vitam
962 2021 1106 2055 recipient,
1120 2026 1147 2047 et
1163 2021 1280 2047 mundus
1297 2028 1329 2046 ex
1353 2019 1522 2053 corruptibili
1546 2019 1638 2044 int-or-

853 2068 990 2104 ruptibilis
1005 2067 1060 2101 lict,
1080 2072 1108 2095 et
1127 2067 1256 2094 mortales
1271 2066 1477 2093 immortalitate
1493 2065 1637 2092 donaban-

1080 2142 1103 2158 ⁵⁸
1118 2141 1212 2168 Matth.
1236 2149 1301 2172 xxv,
1322 2139 1365 2167 25.
1405 2139 1427 2155 ⁸³
1445 2138 1453 2165 1
1469 2138 1539 2165 Tini.
1570 2146 1594 2168 ν,
1609 2138 1637 2166 5.

972 2173 996 2194 ’ί
1008 2173 1085 2205 Rom.
1109 2185 1164 2209 im,
1176 2177 1203 2203 32.
1242 2177 1265 2192 "
1282 2176 1291 2202 1
1315 2176 1378 2203 Cor.
1394 2182 1435 2206 ιιι⁹
1449 2174 1477 2201 2.
1511 2174 1534 2189 ⁸³
1547 2173 1638 2201 Galat.

889 2271 944 2306 (64)
965 2271 1046 2302 Editi,
1069 2271 1241 2306 «formetur.
1262 2279 1271 2306 ι

888 2301 944 2340 (65)
967 2301 1060 2333 Sumit.
1081 2305 1158 2332 Deest
1171 2305 1196 2331 in
1212 2304 1288 2331 libris
1299 2301 1486 2340 antemedilis.

886 2337 942 2377 (66)
961 2340 1007 2368 Sic
1023 2347 1073 2377 me.
1089 2340 1187 2377 Regius
1195 2347 1269 2377 imm.
1288 2339 1365 2377 ιιξζυει.
1376 2337 1472 2377 (Σκελεςί
1492 2342 1556 2362 vero
1569 2344 1635 2377 mss.

850 2382 877 2404 et
889 2370 970 2407 edi'ti,
990 2384 999 2400 ι
1016 2370 1143 2402 videntes
1167 2375 1223 2401 haec
1237 2373 1375 2400 Israelitat.
1389 2382 1398 2397 ι
1414 2370 1554 2402 Rabanus,
1573 2380 1582 2397 ι
1596 2372 1636 2398 vi-
1679 2377 1689 2384 ‘

850 2412 917 2438 deos
930 2414 1019 2437 autem
1041 2409 1186 2436 Israelitas.
1208 2418 1218 2433 ι
1276 2442 1293 2445 __
1310 2442 1316 2445 _
1415 2441 1420 2445 _

885 2446 941 2481 (6'1)
963 2445 1048 2478 Editi,
1058 2453 1067 2470 ι
1083 2451 1146 2471 cum
1166 2451 1199 2471 ex
1216 2442 1371 2481 eruditione
1386 2441 1467 2468 etiam
1481 2439 1545 2470 illis.
1559 2448 1569 2465 ι
1580 2443 1634 2481 εις.

847 2475 988 2512 Rabanus,
1008 2489 1018 2505 ι
1035 2475 1097 2506 ἐιιιιι
1115 2487 1148 2505 ex
1169 2478 1322 2506 eruditione
1337 2477 1436 2504 horum
1461 2482 1570 2512 aequus
1584 2475 1636 2512 illis

848 2510 999 2550 profectus,
1016 2524 1025 2540 ι
1043 2519 1101 2550 etc.
1123 2512 1458 2550 Mssnpleriquegcumca
1475 2510 1636 2549 eruditionis

846 2545 950 2577 bonore
965 2545 1046 2577 etiam
1065 2549 1121 2576 illis
1133 2545 1285 2582 profectus,
1299 2556 1308 2572 ι
1323 2553 1377 2573 etc.
1398 2545 1451 2572 Sed
1466 2545 1567 2571 rectius
1584 2552 1634 2571 ms.

847 2584 948 2618 Regius
961 2592 1035 2610 num.
1049 2583 1117 2610 1659
1135 2587 1163 2609 ιιι
1176 2583 1200 2608 1η
1217 2588 1310 2608 nostro
1326 2585 1411 2618 textu.

882 2613 938 2654 (68)
959 2618 1016 2645 Hoc
1040 2623 1091 2648 est.
1119 2618 1247 2644 uniueme
1267 2621 1367 2651 gentes.
1395 2614 1456 2654 liter,
1470 2613 1578 2654 “desunt
1607 2614 1632 2639 in

849 2649 940 2684 editis,
955 2654 1018 2681 etin
1034 2653 1168 2687 plerisque
1183 2659 1248 2687 mss.
1262 2649 1367 2677 necnon
1383 2649 1609 2687 aputhabanum
1623 2656 1629 2679 ;

846 2689 893 2716 sed
912 2684 1090 2714 restituuntur
1098 2684 1134 2713 ei
1150 2695 1200 2713 ms.
1227 2686 1310 2720 R--gio
1327 2693 1400 2712 num.
1415 2684 1491 2711 1659.

882 2723 939 2758 (69)
960 2723 1042 2754 Editi,
1062 2731 1070 2747 I
1084 2729 1147 2757 erga
1163 2727 1258 2756 gentes
1268 2716 1323 2748 ista
1338 2720 1434 2754 gratia,
1448 2726 1508 2753 qua:
1526 2716 1631 2744 sublata

847 2758 881 2785 ab
895 2765 937 2786 eo.
960 2767 970 2783 ι

884 2785 943 2827 (70)
965 2791 1047 2823 Editi,
1061 2789 1257 2828 LECQOIICiii‘JI‘i
1281 2788 1433 2828 merebitur
1457 2788 1521 2828 Deo.
1538 2796 1547 2812 ι
1563 2785 1628 2828 Mss:

848 2821 952 2861 Regius
967 2821 1045 2854 num.
1058 2825 1137 2861 I659.
1155 2833 1163 2850 ι
1181 2824 1355 2861 reconciliata
1367 2823 1447 2851 fuerit
1467 2823 1531 2855 Deo.
1552 2831 1561 2847 ι
1577 2821 1630 2848 Sed

849 2859 942 2890 caeteri
958 2869 1024 2890 mss.
1038 2865 1064 2888 et
1077 2860 1206 2887 [tabanus
1222 2865 1251 2887 ut
1262 2859 1288 2885 in
1307 2863 1392 2886 textu.
