1852 3053
173 137 237 164 1191

910 125 1072 153 ORIGENIS

1758 119 1816 146 ιιενξ

176 199 232 219 tur.
250 190 402 218 Absurdum
419 193 537 221 namque
557 185 695 213 videretur
719 185 742 212 si
768 192 829 213 cum
855 185 970 212 offensio
986 187 1008 216 Α
1023 189 1077 210 lem
1098 174 1212 218 eiegerit
1235 181 1326 214 bona;
1346 183 1393 207 attt
1418 179 1488 206 mala
1513 179 1638 211 dicatur,
1659 178 1684 205 si
1712 178 1817 212 elegerit
1851 177 1852 182 ‘

179 237 236 272 (7t)
261 237 380 270 ipsormn
409 231 662 260 reconciliationem
689 232 790 258 mundo
814 232 969 263 donaverit,

180 281 328 316 assumptio
353 280 470 314 ipsorum
498 287 551 306 non
581 278 670 313 tuajus
698 277 800 313 aliqttid
821 278 923 305 mttudo
943 282 970 304 et

179 328 351 363 pra‘slautius
368 325 523 364 largiretur.

215 373 257 399 ll.
279 381 288 397 ι
305 371 381 405 Quod
396 369 418 396 si
436 369 563 396 delibatio
583 373 678 396 sancta
695 373 749 401 est,
767 373 794 395 et
810 376 922 396 massa:
942 373 970 396 et

178 419 199 446 si
219 418 294 444 radix
310 420 418 449 sancta,
433 420 460 442 et
476 415 555 442 rami.
585 415 662 448 Quod
683 415 705 442 si
728 415 811 450 aliqui
836 422 869 442 ex
887 415 970 442 ratuis

178 464 255 491 fracti
272 468 346 494 sunt,
367 467 393 488 ltt
414 466 504 488 autetn
531 469 592 488 ctttn
608 468 683 488 esses
700 461 829 493 oleaster,
847 461 970 488 insertus

177 518 207 536 es
221 510 246 536 itt
262 509 326 541 illis,
342 513 369 535 et
381 508 471 535 soeitts
484 507 570 533 factus
583 513 612 533 es
637 505 736 533 radicis
750 511 777 533 et
797 505 970 540 pinguediuis

176 556 262 588 olivae,
282 555 335 581 noli
350 553 459 589 gloriari
474 552 605 579 adversus
619 559 723 578 ramos.
737 551 812 584 Quod
831 551 852 577 si
869 549 971 585 gloria—

177 601 225 632 ris,
243 608 297 627 non
312 603 338 625 tu
351 599 468 625 radicem
482 600 586 631 portas,
598 595 645 622 sed
658 595 734 622 radix
752 600 788 622 te.
798 594 871 622 Dicis
887 601 969 629 ergo:

177 645 268 674 Fracti
293 649 355 672 sunt
378 643 459 674 rami,
485 647 513 669 ut
532 649 583 677 ego
609 642 725 669 inserar.
750 641 841 667 Bene:
860 645 970 674 propter

177 691 394 719 incredulitatem
409 689 487 716 tracti
505 693 577 715 sunt.
596 687 635 714 Tu
655 692 744 714 autent
764 686 815 713 title
831 691 907 713 stas:
922 694 970 712 no-

178 739 196 766 li
214 737 329 772 superbe
343 743 437 771 sapere
453 735 519 771 (7'2),
531 735 578 762 sed
603 734 676 761 time.
700 733 728 760 Si
744 733 816 760 enim
835 733 905 760 Deus
918 739 967 758 na-

179 783 312 811 turalibus
330 781 413 808 ramis
427 789 479 807 non
496 779 627 815 pepercit,
643 786 693 806 ttec
714 779 760 806 tibi
776 784 880 813 parcet.
901 779 968 805 Vide

179 837 244 864 ergo
259 829 405 855 bonitatem
420 831 448 853 et
463 825 638 853 severitatem
666 824 711 851 Dei
724 833 731 851 :
754 824 781 851 iu
796 831 845 851 eos
859 823 966 858 quidem

179 875 224 910 qui
241 874 409 904 ceciderunt,
425 872 600 899 severitatem
611 879 618 902 ;
629 871 655 897 in
668 875 694 896 te
705 874 795 896 autent
811 869 969 901 bonitatem,

181 922 202 948 si
219 919 400 955 permanseris
418 919 444 945 in
468 918 600 945 bonitate.
623 916 750 950 Alioquin
767 920 795 942 et
811 920 838 942 tu
855 915 969 942 excide-

181 968 230 999 ris,
242 971 269 994 et
284 966 332 998 illi,
345 966 368 992 si
386 972 438 992 non
452 963 652 999 permanserint
667 962 694 989 in
712 961 913 992 incredulitate,
930 961 971 987 in-

181 1016 315 1040 sereutur.
335 1011 433 1038 Potens
448 1013 489 1037 est
500 1008 572 1036 enim
589 1008 660 1035 Deus
678 1008 774 1034 iterum
793 1007 915 1034 inserere
938 1006 971 1032 il-

182 1058 232 1085 los.
252 1058 318 1084 Nam
337 1057 357 1083 si
379 1061 405 1082 tu
423 1063 456 1082 ex
481 1053 597 1081 naturali
612 1054 730 1080 oleastro
747 1053 856 1079 excisus
880 1058 920 1082 es,
945 1055 973 1078 et

182 1109 275 1130 contra
289 1101 540 1129 uaturamiuscrlus
555 1108 585 1128 es
603 1101 628 1127 iu
646 1100 744 1127 bonam
761 1099 871 1130 olivam,
884 1105 969 1132 quau-

183 1155 210 1177 to
227 1150 312 1182 magis
323 1148 349 1175 hi
366 1147 518 1174 secundum
536 1152 672 1179 naturam,
689 1146 844 1172 iuserenlur
859 1151 915 1172 sua:
925 1144 974 1171 oli-

183 1203 223 1223 va:
231 1195 530 1232 ?cNescioqu0utodo"
546 1192 573 1219 hi
590 1192 635 1225 qui
651 1192 683 1218 de
695 1190 788 1219 schola
800 1189 934 1217 Valentini
948 1195 975 1217 et

185 1242 310 1268 Basilidis
334 1241 456 1273 veniuttt,
476 1247 534 1266 tunc
550 1240 588 1266 ita
612 1247 626 1266 a
645 1237 729 1266 Paulo
756 1238 828 1264 dicta
850 1245 902 1264 non
925 1244 975 1264 au-

186 1289 300 1318 dientes.
323 1291 419 1322 putant
433 1292 494 1314 eSse
511 1291 635 1313 naturam
650 1286 800 1312 animarum
821 1291 880 1317 qua:
904 1290 974 1310 sem-

185 1342 234 1368 per
247 1334 320 1361 salva
335 1333 381 1365 sit,
391 1339 417 1360 et
432 1335 682 1366 mtuquampereat,
699 1335 725 1358 el
741 1330 821 1356 aliam
833 1336 892 1364 qua:
905 1335 977 1355 sem-

185 1387 233 1413 per
250 1384 352 1414 pereat,
365 1381 393 1405 ct
410 1371 552 1412 nunquam
571 1377 710 1403 salvetur:
726 1383 786 1402 cum
803 1379 896 1410 aperte
911 1373 976 1400 Pall-

185 1426 227 1452 lus
243 1425 316 1452 dic.nt
341 1424 441 1451 fractos
463 1430 522 1450 esse
550 1429 640 1449 ramos
669 1422 746 1448 bona:
770 1421 847 1447 oliva:
865 1424 976 1454 propter

187 1471 402 1497 incredulitatem
420 1477 506 1500 suam,
525 1474 552 1495 et
569 1468 666 1494 divina:
680 1466 835 1493 severitatis
856 1464 913 1500 (75)
936 1466 977 1491 in-

186 1517 304 1551 diguisse
331 1514 469 1542 vindicta:
495 1519 522 1541 et
545 1521 638 1540 rursus
657 1511 766 1540 oleastri
789 1518 890 1541 ramos,
918 1517 977 1545 qutt-

187 1562 257 1594 apud
276 1560 336 1587 illos
355 1565 450 1586 natura
467 1559 572 1594 perdita
590 1558 712 1592 ponitur,
728 1557 845 1583 insertos
855 1562 917 1582 esse
936 1562 975 1581 ra-

187 1609 239 1635 dici
252 1613 278 1633 et
298 1607 453 1642 pinguedini
468 1606 554 1632 olivm.
574 1604 626 1632 Sed
642 1604 695 1632 illis
712 1603 822 1638 quidem
844 1609 893 1636 per
917 1601 976 1628 hate

187 1652 268 1680 [uelle
281 1659 439 1687 responsum
454 1652 490 1679 sit
506 1651 573 1688 (74).
591 1650 772 1678 Nihilominus
784 1653 875 1675 autent
891 1648 974 1674 etiatn

190 1697 326 1731 nobisqui
347 1705 427 1724 uuam
443 1704 504 1724 esse
521 1701 645 1722 naturam
672 1694 794 1720 otuuium
823 1691 975 1722 hominum,

190 1745 244 1771 into
259 1743 315 1779 (75)
335 1743 456 1771 omnium
474 1741 674 1769 rationabiliqu
693 1740 817 1770 diciums,
840 1742 867 1764 et
882 1737 915 1763 ad
931 1744 976 1763 sa-

190 1791 270 1818 lutent
293 1790 435 1825 aequaliter
459 1789 587 1821 habilem,
605 1792 632 1815 et
647 1787 680 1814 ad
698 1785 876 1820 perditionem
889 1783 910 1810 si
930 1790 976 1809 ne-

189 1838 281 1871 gligat,
294 1836 402 1863 occurri
419 1839 509 1870 potest
521 1839 545 1862 el
559 1834 612 1860 dici
625 1843 633 1860 :
646 1831 786 1866 Quomodo
802 1837 866 1864 ergo
877 1827 977 1855 Paulus

188 1879 286 1910 olivam
310 1883 407 1909 bonam
425 1886 452 1908 et
477 1881 625 1908 oleastrum
649 1879 734 1914 ponit,
753 1884 814 1904 cum
837 1875 930 1909 utique
956 1873 977 1900 si

191 1937 269 1956 unam
288 1929 371 1956 sciret
388 1935 449 1955 csse
463 1933 588 1954 uatttratu
606 1925 737 1956 omnium,
755 1922 855 1949 diversi
871 1919 978 1956 generis

190 1975 318 2002 arborum
343 1982 396 2000 non
419 1973 614 2000 introduxisset
640 1969 815 2004 exemplum?
832 1967 978 1995 Dicendum

190 2028 256 2054 ergo
272 2021 304 2046 ad
326 2020 402 2046 hanc:
419 2017 495 2045 Sicut
512 2017 601 2044 omnis
613 2016 726 2042 materia
742 2013 902 2048 corporalis,
918 2020 978 2039 cum

194 2067 254 2093 sine
273 2066 355 2092 dubio
369 2065 450 2090 unius
474 2068 578 2090 natum
601 2062 646 2093 sit,
671 2069 719 2096 per
744 2061 901 2087 accidentes
926 2058 979 2085 s.bi

194 2113 339 2147 qualitates
363 2111 485 2138 diversas
508 2110 613 2144 species
634 2107 736 2142 profert
761 2105 803 2133 vel
823 2111 977 2138 corporum,

192 2159 232 2185 vel
248 2158 386 2188 arborntu,
399 2157 438 2183 vel
457 2156 601 2182 herbarum
614 2161 620 2180 :
635 2155 672 2180 ita
689 2158 715 2179 ct
728 2159 788 2178 cum
803 2151 924 2178 outniutn
938 2158 980 2176 ra-

1024 228 1093 256 mala
1108 237 1116 255 :
1133 233 1160 254 et
1182 228 1221 254 sic
1243 226 1430 260 unusquisque
1446 225 1598 252 secundum
1626 225 1768 260 propositi
1783 233 1818 251 sm

1024 279 1112 301 motus
1128 272 1184 308 (76)
1200 277 1242 299 aut
1261 272 1330 299 bona
1346 271 1429 303 oliva,
1447 272 1468 298 si
1487 271 1538 298 iter
1562 270 1683 296 virtutis
1707 270 1818 300 incedat.

1023 324 1068 345 aut
1080 319 1102 345 si
1114 317 1253 346 contrario
1271 321 1399 349 sectetur,
1417 316 1536 343 oleaster
1548 315 1819 342 nominabilurJnde

1023 364 1139 398 denique
1154 367 1182 390 et
1206 362 1337 389 Dominus
1359 362 1385 388 in
1412 361 1558 396 Evangelia
1586 361 1723 388 dicebat:
1746 370 1758 386 σ
1775 362 1818 388 Ast

1024 411 1105 438 facite
1122 411 1249 437 arborem
1271 409 1381 440 bonam,
1403 412 1429 434 et
1445 407 1551 434 fructus
1568 407 1630 441 ejus
1654 414 1765 438 nouos;
1782 414 1818 433 air.

1025 457 1105 483 facile
1121 457 1250 482 arborem
1268 454 1377 486 ntalant,
1395 459 1422 481 et
1441 453 1545 480 fructus
1567 454 1628 488 ejus
1654 454 1747 480 malos
1758 453 1794 485 ";
1810 463 1817 477 ι

1024 508 1050 528 ttt
1070 502 1224 528 ostenderet
1238 500 1363 527 arborem
1377 499 1474 526 bonam
1486 499 1528 525 vel
1546 498 1652 526 malum
1670 506 1729 524 non
1741 500 1818 529 nasci,

1024 548 1071 575 sed
1093 547 1161 574 ﬁeri.
1182 545 1241 573 .lam
1257 553 1321 572 vero
1338 545 1360 572 si
1388 544 1500 571 accedat
1512 543 1572 579 (77)
1587 543 1699 578 aliquid
1725 543 1761 570 ad
1781 551 1820 569 ar-

1024 595 1098 622 bitrii
1111 595 1279 625 libertatem,
1292 591 1363 626 quod
1379 591 1550 617 extrinsecus
1567 590 1611 617 vel
1626 591 1664 616 ad
1680 589 1753 616 mala
1764 597 1820 623 pro-

1025 646 1114 673 vocet,
1131 641 1172 667 vel
1191 641 1312 667 hortetur
1326 638 1360 664 ad
1375 637 1444 664 bona
1457 644 1503 672 per
1517 635 1676 664 ineffabiles
1690 637 1820 670 quasdam

1024 687 1122 713 divinae
1134 685 1314 712 Providentia:
1329 683 1556 717 dispensatioues,
1577 682 1605 709 iu
1623 682 1707 708 nullo
1728 689 1822 709 conse-

1025 732 1163 767 quentiam
1195 731 1341 765 propositae
1368 729 1546 757 absolutionis
1569 727 1700 755 offendit.
1742 727 1822 754 liabet

1022 778 1095 805 enim
1112 778 1138 804 in
1153 778 1296 811 semetipsa
1312 776 1366 812 (78)
1382 781 1477 804 natura
1494 774 1668 802 rationabilis
1688 774 1820 809 vigentem

1022 829 1050 852 et
1067 824 1100 851 ad
1117 824 1175 851 luce
1191 823 1301 850 arbitrii
1322 822 1486 854 libertatem,
1510 829 1564 856 qua
1587 821 1632 848 vel
1657 821 1786 853 obedire,
1801 820 1819 847 si

987 866 1008 893 Β
1028 870 1104 902 velit,
1122 869 1289 904 provocanti,
1306 868 1358 899 vel.
1373 869 1395 896 si
1410 868 1489 901 nolit,
1504 874 1639 901 spernere
1658 868 1749 901 possit
1763 867 1820 892 lior-

1023 920 1137 942 tantem.
1153 914 1230 948 Quod
1246 919 1336 941 autent
1349 914 1476 946 diximus,
1489 914 1552 948 quia
1572 913 1702 940 materia:
1730 919 1821 945 corpo-

1024 962 1074 989 rali
1096 962 1261 989 accedentes
1274 961 1448 988 extrinsecus
1462 960 1610 995 qualitates
1627 959 1751 986 reddunt
1765 966 1822 992 spe-

1023 1008 1078 1035 cies
1104 1008 1236 1038 diversas,
1257 1006 1364 1041 aliquas
1381 1006 1491 1041 quidem
1514 1006 1548 1033 ad
1572 1005 1693 1032 multum
1719 1010 1822 1038 tempus

1023 1057 1229 1089 permanentes,
1243 1052 1348 1086 aliquas
1364 1052 1398 1078 ad
1412 1052 1504 1084 breve,
1520 1050 1671 1078 ttonuullas
1690 1057 1760 1076 vero
1772 1058 1819 1076 una

1024 1100 1112 1128 solum
1125 1099 1203 1126 anuis
1221 1099 1338 1134 exiguis,
1351 1098 1398 1125 sed
1416 1097 1553 1124 interdum
1570 1096 1657 1123 etiam
1682 1095 1821 1122 Iliensibus

1025 1151 1070 1173 aut
1086 1145 1183 1173 diebus
1195 1145 1289 1180 paucis
1303 1145 1346 1171 vix
1356 1144 1496 1175 durantes,
1512 1142 1548 1168 ita
1567 1141 1749 1176 intelligitur.
1763 1140 1821 1167 Ver-

1026 1193 1052 1220 bi
1071 1199 1154 1219 causa
1168 1199 1175 1218 :
1192 1190 1299 1225 species
1313 1189 1385 1222 emli,
1399 1193 1426 1216 et
1441 1187 1518 1219 solis,
1538 1191 1585 1214 aut
1603 1186 1691 1220 lunze,
1715 1186 1757 1214 vel
1783 1194 1821 1213 as-

1027 1244 1132 1266 trorum
1145 1238 1245 1265 talibus
1256 1236 1416 1271 quibusdam
1431 1235 1553 1262 formata:
1565 1238 1631 1260 sunt
1643 1233 1822 1267 qualitatibus

1026 1294 1086 1321 qua:
1104 1293 1189 1320 usque
1203 1285 1236 1312 ad
1254 1283 1345 1312 steculi
1363 1282 1444 1310 ﬁnem
1457 1281 1606 1317 perdurare
1629 1279 1784 1310 sulm-iant.
1800 1284 1822 1305 et

1028 1338 1169 1366 usquequo
1187 1330 1339 1357 liberentur
1368 1337 1377 1354 ι
1398 1335 1412 1355 a
1431 1327 1564 1354 servitute
1581 1326 1778 1360 corruptionis
1800 1325 1822 1350 in

1029 1376 1183 1403 libertatem
1204 1375 1297 1410 glori-te
1322 1373 1440 1400 ﬁliorum
1466 1371 1575 1398 Dei‘°.r
1593 1370 1665 1397 Alite
1684 1377 1753 1397 vero
1765 1374 1822 1396 sunt

1029 1426 1205 1448 terrenarum
1230 1425 1374 1453 corporum
1400 1417 1558 1452 qualitates,
1585 1420 1613 1442 et
1644 1416 1671 1442 in
1704 1415 1773 1450 ipsis
1787 1420 1823 1441 est

1029 1468 1112 1495 multa
1140 1465 1304 1493 dillereutia.
1335 1463 1529 1491 Nonuullorum
1555 1462 1631 1488 enim
1664 1462 1822 1488 animalium

1030 1520 1154 1547 corpora,
1170 1511 1210 1537 vel
1224 1510 1365 1542 arborum,
1383 1509 1425 1536 vel
1437 1508 1540 1539 avium,
1554 1507 1651 1534 multis
1676 1508 1823 1534 admodum

1028 1561 1141 1593 possunt
1155 1558 1256 1584 durare
1272 1555 1465 1590 temporibus;
1491 1553 1605 1580 altorum
1631 1560 1704 1579 vero
1723 1553 1822 1586 paucis,

1028 1609 1075 1631 aut
1099 1603 1175 1630 valde
1201 1602 1316 1636 exiguis.
1334 1600 1411 1633 Quod
1427 1599 1452 1626 si
1477 1599 1534 1625 btet-
1555 1598 1626 1625 bene
1654 1598 1822 1626 inlL-llt'xlsli,

1028 1655 1199 1677 transeamus
1213 1655 1285 1674 tntnc
1296 1647 1329 1673 ab
1342 1645 1474 1681 exemplis
1487 1650 1626 1678 corporeae
1635 1644 1787 1677 qttalitatis
1798 1646 1823 1669 at

1028 1701 1134 1722 naturae
1151 1692 1321 1720 rationabilis
1346 1691 1504 1725 qualitatem
1523 1698 1528 1714 :
1554 1693 1581 1716 et
1604 1689 1671 1716 vide
1690 1691 1825 1724 quomodo

1028 1740 1089 1766 alia:
1117 1738 1228 1773 quidem
1258 1737 1283 1764 in
1312 1736 1491 1770 qualitatibus
1521 1734 1708 1761 beatitudinis
1735 1736 1824 1761 muta

1029 1785 1111 1812 multa
1129 1786 1278 1819 perdurant
1293 1790 1300 1808 :
1316 1787 1344 1809 et
1363 1782 1422 1808 alite
1438 1782 1464 1808 iu
1479 1781 1614 1814 Qualilale
1632 1780 1757 1807 malitia:
1777 1780 1823 1815 σιν)

1029 1831 1206 1858 nihilominus
1225 1829 1309 1864 638
1331 1827 1428 1856 saecula
1449 1826 1533 1853 multa
1560 1831 1758 1853 consumunt:
1776 1827 1824 1852 ali:

1029 1885 1060 1905 ex
1074 1878 1140 1911 ipsis
1152 1884 1236 1911 parvo
1251 1882 1371 1909 tempore
1386 1873 1425 1900 vel
1448 1874 1474 1899 in
1487 1873 1648 1902 virtutibus.
1663 1872 1715 1899 vel
1730 1873 1758 1899 in
1778 1881 1825 1898 ma-

1030 1923 1096 1950 liliis
1111 1926 1243 1954 manent;
1261 1921 1320 1948 alia:
1333 1919 1490 1954 perexiguo,
1505 1917 1565 1944 alia:
1576 1917 1734 1944 admodum
1748 1917 1825 1944 brevi.

1030 1968 1150 2001 Quorum
1166 1974 1214 2001 per
1229 1965 1334 2000 singula
1350 1964 1473 1991 notitiam
1489 1970 1538 1988 nos
1555 1962 1669 1996 quidem
1691 1961 1824 1990 homines.

1030 2018 1122 2048 utpote
1137 2011 1323 2046 corruptibilis
1339 2009 1461 2043 corporis
1478 2008 1533 2043 (80)
1559 2008 1685 2042 pondere
1711 2013 1825 2041 pra-gra-

1031 2059 1095 2090 vati,
1115 2058 1302 2092 perexiguam,
1320 2056 1463 2083 autetiam
1488 2054 1589 2081 nullam
1614 2061 1723 2087 capere
1739 2059 1825 2086 P03511-

1031 2112 1091 2131 mus
1118 2103 1169 2137 Qui
1189 2110 1253 2129 vero
1268 2106 1408 2129 scrutatur
1426 2100 1527 2131 otunia,
1545 2100 1631 2125 etiam
1655 2098 1717 2124 alta
1737 2099 1782 2124 Dei
1796 2097 1824 2124 “.

1032 2149 1151 2184 Spiritus
1167 2153 1279 2175 sanctus
1295 2147 1422 2174 universa
1438 2146 1522 2175 novit,
1548 2148 1576 2170 et
1599 2149 1666 2169 nota
1700 2143 1768 2169 facit
1789 2141 1823 2167 rei

192 2204 358 2230 tionabilium
382 2210 433 2228 una
461 2207 557 2228 natura
577 2201 623 2232 sit,
649 2198 754 2226 arbitrii
773 2197 873 2232 proprii
890 2204 982 2230 aequa»
997 2203 1020 2230 ι)
1037 2196 1093 2229 ipse
1109 2194 1227 2221 voluerit
1250 2193 1382 2220 revelare.
1396 2191 1424 2218 lu
1441 2190 1484 2217 his
1500 2190 1602 2216 etenim
1633 2189 1787 2222 pracipue,
1803 2187 1823 2212 id

192 2248 254 2275 liter
270 2249 395 2275 libertate
408 2248 517 2279 donata,
533 2245 747 2279 uniuscujusque
773 2242 874 2278 proprii
891 2247 980 2268 tuotus

192 2302 225 2321 ex
241 2295 345 2322 arbitrii
360 2299 495 2329 potestate
512 2292 620 2327 prolati,
637 2291 677 2317 vel
689 2291 721 2317 ad
735 2290 876 2319 virtutem,
891 2287 932 2314 vel
947 2288 979 2314 ad

194 2341 331 2367 libidinem
349 2341 498 2374 subjectum
519 2339 569 2366 sibi
586 2338 704 2364 animam
719 2335 916 2371 perduceutes,
938 2333 981 2360 vel

194 2385 220 2412 in
232 2387 307 2414 home
320 2394 393 2417 eam,
404 2387 445 2413 vel
455 2387 481 2412 in
495 2385 573 2412 malm
587 2384 693 2410 arboris
709 2382 827 2417 speciem
846 2380 960 2407 formant
973 2387 979 2405 :

194 2435 223 2457 ut
239 2437 285 2458 aut
303 2433 371 2459 bona
389 2434 470 2458 arbor
495 2432 611 2462 dicatur,
629 2429 651 2455 si
668 2435 717 2462 per
733 2425 839 2453 arbitrii
860 2428 979 2459 potesta-
999 2449 1002 2451 _

831 2471 853 2486 ‘°
875 2470 1015 2503 Rom.vut,
1033 2469 1078 2496 2t.

179 2481 190 2522 li
230 2478 252 2493 ⁵⁸
268 2477 346 2505 Rom.
363 2486 400 2510 χι,
421 2478 454 2505 16
469 2485 528 2512 sqq.
568 2476 590 2492 "
604 2473 792 2505 Matllt.xl,53.

232 2524 288 2558 (Ἠ)
305 2524 392 2556 Editi,
411 2533 420 2549 ι
436 2524 505 2550 sicut
524 2522 648 2553 oﬂ'eusio,
668 2530 677 2546 ι
696 2524 749 2546 etc.

231 2551 288 2593 (‘7‘23
306 2551 392 2590 Editi,’
406 2568 415 2583 ι
431 2559 483 2586 noli
501 2559 583 2584 altum
596 2551 702 2592 sapere.
718 2564 729 2580 ι
748 2553 800 2581 Sed
816 2560 869 2582 ms.
881 2551 981 2587 Regius

197 2601 271 2620 Imm.
291 2594 357 2621 1659
371 2599 399 2620 ut
411 2594 437 2619 iu
454 2598 538 2620 textu.

233 2629 288 2664 (ιδ)
306 2631 352 2655 Sic
366 2632 437 2654 recte
451 2636 500 2654 ms.
520 2627 618 2664 Regius
631 2633 705 2664 num.
722 2623 801 2664 ιβδο.
818 2622 980 2664 Editinvero,

200 2673 208 2688 ι
225 2657 248 2690 et
264 2659 299 2690 itii
318 2663 480 2693 severitatis,
492 2672 502 2689 ι
519 2657 574 2690 etc:
591 2661 657 2688 Mss.
675 2661 808 2695 plerique,
828 2667 837 2683 ι
854 2663 881 2685 et.
894 2657 930 2684 ibi
946 2663 980 2683 ne

197 2700 362 2727 severitatis.
375 2708 383 2723 ι
400 2704 452 2724 elc.

234 2734 290 2766 (τι)
306 2725 388 2765 eam,
403 2741 412 2758 ‹
425 2732 533 2767 pinguis
549 2731 635 2758 olivze.
650 2730 702 2767 seu
721 2728 773 2755 illis
795 2735 844 2767 per
861 2725 979 2767 luecul'a-

200 2761 259 2794 rilis
282 2761 433 2800 responsio.
450 2761 496 2794 sii.
514 2776 522 2792 ι
553 2767 615 2792 Mss.
637 2764 769 2800 quidam,
782 2761 980 2800 t'pioguediuis

199 2804 291 2834 obvre;
304 2812 313 2828 ι
329 2798 356 2830 et
375 2802 454 2837 paulo
469 2807 528 2835 post
539 2798 667 2827 ontitluut
683 2807 691 2823 ι
708 2799 827 2832 quidem,
841 2806 849 2822 ι
867 2798 913 2824 sed
927 2803 978 2822 ms.

202 2837 300 2869 lin-pius
314 2846 386 2864 num.
406 2838 473 2865 1659
494 2841 524 2862 ut
540 2837 565 2861 in
583 2839 774 2869 nostroptexui.

237 2865 292 2908 (75)
313 2872 359 2899 Sic
373 2880 423 2899 tns.
437 2872 538 2906 lii-gius
553 2878 627 2896 num.
643 2867 720 2894 1659.
740 2867 810 2897 Editi
826 2873 889 2894 vero
903 2865 981 2893 omit-

1031 2245 1082 2271 est,
1099 2240 1125 2266 iu
1149 2239 1352 2273 dispensatione
1379 2236 1551 2264 rationabilis
1568 2240 1680 2261 natura:
1701 2233 1824 2269 apostoli-

1032 2293 1092 2311 cuut
1110 2285 1173 2311 illud
1187 2284 1329 2311 ditendum
1346 2287 1387 2311 est
1401 2293 1406 2310 :
1426 2292 1435 2308 ι
1450 2282 1472 2310 Ο
1484 2281 1599 2308 altitudo
1614 2281 1825 2307 divitiarum»-

1033 2331 1153 2366 picntia-,
1173 2335 1200 2357 et
1218 2330 1340 2357 scicntizc
1360 2329 1416 2361 Dei,
1443 2335 1524 2362 quatit
1552 2327 1754 2354 iuscrntabilia
1769 2330 1824 2352 sunt

1030 2376 1134 2411 judicia
1147 2376 1218 2410 ejus,
1234 2381 1261 2402 et
1274 2374 1475 2408 investigabiles
1492 2373 1542 2399 vim
1557 2372 1618 2406 ejus
1631 2373 1674 2399 εἰ
1692 2382 1702 2397 ι
1722 2372 1769 2400 Sic
1789 2379 1824 2397 cr-

1033 2430 1065 2457 go
1080 2421 1266 2455 unusquisque
1276 2429 1308 2447 ex
1322 2420 1574 2454 arbitriipotestalc
1590 2423 1638 2444 aut
1655 2419 1730 2445 bona
1747 2418 1821 2446 oliva.

1116 2468 1156 2494 ιιι
1172 2467 1236 2494 Cor.
1254 2474 1284 2499 tt,
1305 2466 1345 2493 l0.
1384 2466 1406 2481 ⁸³
1420 2465 1497 2492 Rom.
1514 2472 1552 2496 ιιι,
1568 2465 1615 2492 35.

1033 2519 1104 2545 tttnt,
1121 2522 1130 2539 ι
1140 2513 1262 2540 ouutium
1275 2513 1425 2542 hominum,
1439 2512 1501 2537 imo.
1514 2520 1522 2536 ι
1536 2510 1636 2537 Caeteri
1650 2517 1719 2537 mss.
1733 2509 1824 2536 habent

1035 2559 1043 2574 ι
1062 2550 1125 2579 ἰιιιι),
1142 2558 1150 2574 ι
1168 2547 1214 2574 sed
1228 2548 1354 2574 omittunt
1376 2556 1384 2572 ι
1402 2546 1521 2572 otunium
1542 2546 1700 2571 hominum.
1718 2554 1729 2570 ι

1068 2584 1123 2619 (76)
1138 2583 1219 2614 Edili,
1237 2591 1246 2607 ι
1265 2587 1293 2608 et
1309 2583 1495 2617 unusquisque
1511 2581 1666 2607 secundum
1690 2579 1823 2614 propesiu

1033 2620 1074 2646 sui
1096 2623 1195 2650 motus,
1213 2627 1221 2643 ι
1240 2621 1293 2644 etc.

1069 2655 1125 2688 (77)
1141 2654 1224 2684 Alias,
1245 2661 1254 2677 ί
1273 2653 1293 2679 si
1311 2650 1424 2688 accidit;
1445 2659 1454 2675 ι
1471 2650 1519 2681 aL,
1532 2659 1547 2688 ξ
1566 2649 1588 2688 si
1606 2649 1727 2688 accedit.
1742 2659 1751 2674 ι

1069 2682 1126 2725 (78)
1141 2682 1230 2725 Alias,
1255 2696 1265 2712 ι
1283 2686 1481 2725 insetuetipso.
1500 2694 1510 2711 ι
1531 2685 1636 2712 Deinde
1660 2686 1741 2725 editi,
1767 2682 1820 2708 cri-

1033 2720 1139 2756 gentem
1156 2723 1194 2758 (et.
1213 2723 1269 2749 haec
1280 2721 1397 2758 arbitrii)
1415 2722 1580 2758 libertatem,
1594 2727 1658 2753 qua:
1677 2720 1731 2751 vel,
1750 2728 1760 2744 ι
1775 2724 1819 2744 etc.

1033 2759 1065 2785 Et
1082 2764 1184 2792 postea.
1208 2766 1217 2783 ι
1237 2757 1390 2785 accidentes
1406 2757 1586 2792 extrinsecus.
1604 2763 1614 2780 ι
1632 2759 1686 2792 etc.

1070 2789 1125 2829 (79)
1143 2793 1187 2820 Sic
1205 2800 1269 2829 mss.
1293 2792 1363 2818 Editi
1384 2798 1455 2821 vero,
1476 2799 1484 2814 ι
1501 2796 1527 2816 et
1548 2790 1609 2816 aliae
1618 2789 1751 2824 qualitate
1765 2793 1817 2821 per-

1033 2827 1102 2855 ﬁdia:
1117 2827 1158 2854 ιρι
1172 2827 1289 2858 malitia},
1303 2836 1312 2852 ι
1329 2830 1383 2853 etc.

1072 2863 1127 2898 (80)
1145 2863 1225 2895 Iﬁdlti,
1246 2871 1255 2888 ι
1273 2866 1366 2897 utpote
1379 2859 1574 2895 corruptibiles
1592 2859 1732 2895 carperis,
1747 2868 1756 2883 ›
1773 2861 1814 2882 eu.
