1831 3052
191 141 264 169 1195

936 139 1097 169 ORIGENIS

1761 144 1809 170 Illi!

195 201 294 231 levius,
312 200 357 226 scd
372 198 511 226 excidendi
532 197 711 233 appellantur.
728 196 755 224 In
770 204 824 232 quo
835 197 981 225 vehemen-
995 199 1019 227 Α
1033 204 1094 229 suo,
1107 197 1234 232 possibile
1253 205 1304 226 non
1327 201 1387 225 erat
1402 206 1461 231 nos,
1477 199 1522 232 qui
1546 205 1659 225 eramus
1672 205 1773 233 gentes,
1785 202 1811 226 ir.-

195 247 248 273 tior
260 246 380 280 profecto
399 245 443 271 Dei
459 244 590 271 severitas
602 243 748 275 iudicatur,
763 243 785 270 si
801 248 979 278 posteaquam

193 291 327 325 quis(95).
341 298 400 316 cum
414 293 486 316 esset
499 289 626 322 oleaster,
638 295 665 317 et
682 297 713 317 ex
726 292 898 323 peccatorum
913 287 980 315 silva

193 336 331 368 collectus,
356 335 389 362 ad
405 334 522 361 radicem
546 334 607 362 lidei
626 342 658 362 ac
681 334 832 362 sanctitatis
848 334 981 361 adductus

192 387 243 410 est.
260 388 353 408 rursus
371 388 479 408 amaros
498 380 609 408 malitiae
622 381 743 416 proferat
758 388 863 408 succos.
877 379 931 407 Sed
948 387 981 406 ne

193 429 242 455 hoc
257 428 365 462 quidem
386 427 468 454 lateat
492 434 541 454 uos
567 427 594 454 itt
623 427 674 454 hoc
690 427 761 460 loco,
779 426 851 461 quod
870 433 924 453 non
947 432 980 452 eo

192 474 287 500 ordine
309 472 455 508 Apostolus
475 473 563 506 olivae,
589 477 616 500 et
640 472 751 500 oleastri
775 471 980 499 similitudinem

191 518 294 553 posuit,
311 518 384 553 quod
401 518 471 553 apud
486 518 620 552 agricolas
635 517 760 545 habetur.
776 517 815 545 Illi
829 517 900 545 enim
923 523 980 543 ma-

192 566 233 601 gis
243 566 341 594 olivam
357 566 475 593 oleastro
489 566 620 599 inserere,
636 571 664 593 et
674 574 727 593 non
742 566 820 593 oliva
831 566 979 594 oleastrum

191 611 281 639 solent
300 611 420 639 :Pattltts
437 619 503 638 vero
522 611 670 645 apostolica
699 612 861 639 auctoritate
885 612 980 639 ordine

191 662 358 684 commutato
384 664 428 684 res
452 657 536 692 magis
557 657 656 689 causis,
675 665 756 691 quam
779 665 875 684 causas
900 659 982 685 rebus

191 703 294 738 aptavit
304 702 372 737 (96).

227 749 271 775 1‘2.
289 757 298 774 ι
317 748 385 775 Nolo
409 748 480 775 enim
499 748 555 782 (97)
571 755 619 776 vos
641 748 778 784 ignorare,
798 750 906 780 fratres,
923 756 982 783 my-

191 796 303 822 sterium
321 795 382 826 hoc,
401 799 431 821 ttt
446 802 498 821 non
520 794 579 821 sitis
596 795 667 829 apud
685 795 861 829 vosmetipsos
874 795 981 829 sapien-

191 846 231 868 tes
250 850 258 868 :
275 842 336 876 quia
351 841 459 868 caecitas
476 848 508 867 ex
524 845 599 875 parte
611 841 726 875 contigit
744 840 770 868 in
787 840 879 872 Israel,
896 840 982 867 donec

1036 243 1119 271 troire
1134 243 1160 270 in
1185 243 1370 270 hmreditatcm
1388 243 1446 276 Dei,
1465 248 1494 270 et
1516 244 1541 270 in
1566 244 1670 279 sccptri
1697 244 1811 278 cjusjun

1034 291 1191 319 succedere.
1213 290 1316 318 Idcirco
1341 291 1422 326 igitur
1452 292 1556 325 patitur
1578 291 1653 319 Deus
1678 299 1712 319 ex
1733 300 1812 327 parte.

1035 337 1061 364 id
1086 342 1127 364 est
1150 345 1201 365 non
1226 338 1366 369 omnibus,
1382 337 1429 364 sed
1449 337 1586 372 aliquibus
1607 346 1641 365 ex
1667 338 1750 365 Israel
1770 340 1813 366 ﬁeri

1034 385 1193 416 caecitatem,
1210 384 1244 411 ab
1261 384 1314 411 illis
1337 384 1395 410 sine
1410 383 1491 410 dubio
1507 384 1615 418 angelis
1631 384 1745 411 obtentu
1759 386 1814 411 iuri.

1034 429 1074 455 da:
1090 428 1267 457 aemulationis
1284 429 1384 456 illatant
1401 428 1450 463 (ὃ),
1460 429 1504 462 qui
1527 434 1693 456 cmterarum
1710 430 1814 464 gentium

1035 474 1124 502 sortiti
1142 474 1246 502 fuerant
1267 474 1460 509 principatum.
1475 473 1576 501 Passus
1599 478 1645 501 est
1660 481 1730 508 ergo
1748 474 1814 505 Deus.

1035 525 1061 548 et
1074 529 1134 547 cum
1154 526 1243 555 posset
1256 520 1412 555 prohibere,
1427 519 1523 549 noluit.
1537 524 1566 546 ut
1581 527 1633 554 pro
1653 520 1700 547 his
1713 521 1758 554 qui
1775 528 1815 547 c2-

1034 567 1115 594 citate
1131 567 1245 601 decepti,
1257 567 1282 594 id
1297 571 1340 593 est
1352 565 1442 593 cordis
1459 565 1605 593 obtusione
1618 565 1743 600 prolapsi
1756 571 1817 595 sunt,

1035 613 1154 646 ipsorum
1168 612 1214 647 qui
1240 612 1308 639 istos
1323 611 1485 646 deceperant
1499 611 1643 645 portiones
1656 619 1738 638 suam
1759 611 1818 638 Dea:

1035 657 1137 684 faceret
1162 657 1330 691 portionem.
1345 661 1374 683 ut
1395 655 1597 690 quodammodo
1612 656 1640 682 in
1660 663 1696 682 eo
1711 655 1749 689 (4)
1772 656 1819 690 ipe»)

1034 710 1088 737 quo
1098 705 1234 737 ceperant,
1246 705 1420 736 caperentur.
1432 701 1596 728 Avertentes
1605 701 1683 728 enim
1698 701 1733 728 ad
1745 710 1774 728 se
1781 709 1820 735 per

1034 747 1136 782 peccati
1155 746 1191 782 (5)
1210 747 1352 774 illecebras
1381 746 1426 772 Dei
1453 745 1569 779 plebem,
1589 745 1687 772 locum
1709 746 1821 773 fecerunt

1035 792 1161 827 gentibus
1175 792 1342 826 ingrediendi
1360 792 1386 818 in
1408 791 1593 818 hereditatem
1610 790 1674 823 Dei,
1693 791 1750 818 Deo
1770 800 1819 818 cum

1036 837 1102 872 ipsis
1116 837 1252 864 communi
1266 837 1383 872 quodam
1400 841 1428 863 et
1447 836 1604 871 :cquissimo
1627 835 1695 870 jure
1714 837 1820 864 habent:

191 887 328 921 pienitudo
342 886 462 921 gentittm
480 886 649 913 subinlraret
665 894 672 912 :
689 890 717 913 et
735 885 774 913 sic
792 886 881 912 omnis
897 885 979 912 Israel
996 880 1016 907 Β
1029 883 1171 918 judicium,
1186 888 1215 909 ut
1233 883 1318 910 donec
1337 882 1373 909 illi
1398 882 1503 917 plchem
1522 882 1569 909 Dei
1588 883 1617 909 in
1640 883 1778 910 caecitatis
1791 883 1819 915 (ὅ)

190 932 281 961 salvus
305 932 392 964 ﬁeret,
415 931 486 959 sicut
510 932 640 966 scriptum
659 935 724 959 est:
746 930 845 959 Veniet
858 938 890 958 ex
915 930 980 958 Sion

190 978 236 1011 ψιί
259 977 358 1005 liberet
374 982 402 1004 et
421 981 527 1004 avertat
551 977 705 1011 itnpietates
722 977 756 1005 ab
773 977 876 1005 Iacob:
892 978 982 1005 ethoc

190 1022 244 1050 illis
260 1029 274 1049 a
292 1029 335 1050 me
351 1026 554 1054 testamentum,
567 1029 628 1049 cum
652 1021 793 1050 abstulero
806 1026 916 1056 peccata
939 1030 982 1051 eo-

190 1075 250 1095 rum
265 1067 299 1094 ".
316 1077 326 1094 )
340 1067 435 1095 Adhuc
448 1068 480 1095 ad
493 1075 541 1095 eos
552 1068 598 1102 qui
613 1075 645 1096 ex
658 1068 782 1103 gentibus
797 1069 980 1101 crediderant,

190 1113 267 1148 quasi
291 1113 379 1141 elatos
400 1117 428 1141 et
452 1114 641 1149 superbientes
657 1114 801 1142 adversum
827 1122 917 1142 ramos
935 1115 980 1149 qui

190 1158 267 1186 fracti
295 1163 378 1191 sunt,
395 1164 425 1186 et
451 1163 578 1194 putantes
595 1160 667 1194 quod
694 1160 745 1187 hoc
762 1167 815 1188 non
841 1160 886 1188 Dei
904 1160 982 1188 boni-

189 1209 246 1232 tate
259 1204 314 1240 (98)
331 1209 359 1232 et
381 1205 508 1233 inell'abili
525 1205 729 1241 dispensatione
749 1206 888 1240 sapientiae
908 1206 979 1241 ejus,

189 1250 236 1277 sed
249 1250 306 1277 suis
317 1250 421 1278 meritis
433 1251 572 1279 consecuti
587 1255 696 1283 sunt,ut
710 1251 764 1279 illis
775 1251 902 1279 defractis
912 1274 919 1285 ,
928 1252 979 1287 ipsi

189 1303 250 1322 eum
265 1300 357 1324 essent
372 1296 494 1330 oleastri,
510 1297 698 1325 insererenlur
714 1297 741 1325 in
756 1297 855 1325 bonam
866 1298 979 1331 olivam,

189 1342 254 1370 dicit
270 1351 278 1371 :
293 1352 302 1369 ι
320 1343 390 1370 Nolo
403 1351 451 1371 vos
463 1344 600 1379 ignorare,
617 1344 727 1378 fratres,
742 1344 902 1380 mysterium
916 1344 977 1377 hoc,

189 1393 220 1416 ut
231 1396 284 1416 non
299 1389 360 1416 sitis
373 1389 444 1424 apud
456 1391 636 1425 vosmetipsos
655 1390 806 1425 sapientes;
825 1400 835 1417 ι
852 1391 916 1426 quia
937 1390 979 1418 in-

189 1433 292 1461 sultare
322 1434 413 1468 lapsis,
428 1439 456 1462 et
472 1435 581 1470 gloriari
603 1436 733 1463 adversus
752 1443 843 1464 ramos
860 1435 906 1471 qui
924 1435 978 1463 fra-

190 1479 225 1505 cti
243 1482 315 1511 sunt,
330 1486 383 1506 non
407 1479 436 1506 iit
460 1487 509 1514 per
534 1480 580 1507 Dei
603 1480 775 1515 sapientiam,
797 1480 842 1508 sed
858 1488 907 1516 per
924 1480 976 1508 hu—

190 1533 300 1552 manam
322 1525 468 1553 notabilem
489 1526 557 1561 (99),
578 1531 605 1554 et
622 1527 791 1560 ignorantem
818 1526 975 1561 mysterium

189 1570 248 1598 Dei.
266 1571 317 1604 Qui
329 1571 402 1599 enim
423 1572 571 1599 secundum
598 1571 683 1600 Deum
699 1572 781 1606 sapit.
797 1572 823 1599 in
836 1572 977 1602 beneﬁcus

191 1617 237 1644 ltei
265 1625 317 1644 non
341 1617 451 1644 insultat
468 1617 593 1651 abiectis,
611 1618 658 1645 sed
681 1625 741 1646 cum
764 1617 862 1645 timore
873 1618 976 1653 gratias

188 1663 244 1697 agit
269 1662 462 1690 misericordia
484 1663 633 1697 largientis.
651 1662 699 1690 Est
726 1671 792 1699 ergo
816 1663 975 1699 mysterium

188 1710 259 1744 quod
277 1710 452 1744 ignorabatur
465 1709 498 1737 ah
510 1711 542 1738 iis
552 1711 597 1745 qui
613 1709 790 1742 insultabant,
803 1710 975 1745 hujusmodi;

187 1756 324 1791 quomodo
338 1756 365 1783 in
384 1757 552 1791 dispersione
571 1757 687 1785 ﬁliorum
702 1757 786 1784 Adam
799 1758 904 1785 caeteris
917 1757 978 1792 qui«

188 1803 291 1837 hosque
299 1802 422 1837 gentibus
432 1803 579 1830 secundum
594 1803 752 1838 angelorum
767 1811 909 1831 numerum
922 1804 977 1831 dis-

187 1849 313 1881 tributis,
341 1849 451 1884 propria
477 1850 600 1884 quaedam
627 1857 689 1884 pars
714 1849 759 1877 Dei
777 1849 824 1886 (1)
845 1850 915 1878 facta
940 1850 976 1877 sit

187 1894 269 1922 Israel
283 1896 317 1928 ⁷³,
331 1895 437 1923 sicutet
450 1896 476 1922 in
497 1895 557 1923 aliis
568 1896 612 1922 tibi
632 1896 763 1930 oportuit,
774 1901 801 1923 et
817 1896 842 1923 in
856 1896 898 1923 his
909 1896 974 1930 ipsis

186 1939 268 1974 paulo
281 1940 405 1976 superius
422 1940 642 1971 memoravimus.
653 1942 685 1968 ad
702 1949 770 1975 quos
788 1947 816 1968 et
828 1943 974 1977 repromis-

186 1987 279 2014 sioues
301 1987 444 2019 bonorutn,
463 1992 491 2014 et
517 1992 691 2021 testamenta,
707 1993 734 2015 ct
757 1988 891 2023 Iegislatio
902 1989 973 2017 facta

187 2037 228 2059 est
242 2032 275 2059 ⁷³.
293 2032 417 2060 Maneute
431 2040 497 2069 ergo
513 2040 589 2068 parte
614 2034 657 2061 illa
676 2034 714 2069 (2)
729 2034 834 2062 Dontiui
856 2036 884 2063 in
901 2041 972 2063 statu

223 2113 242 2128 ⁷¹
260 2112 338 2140 Rom.
357 2120 395 2145 χι,
411 2112 447 2139 25
460 2119 516 2147 seq.
553 2114 575 2130 τ’
594 2113 668 2140 Deut.
682 2114 804 2146 xxxtt,8.

845 2115 866 2131 ⁷³
882 2115 959 2142 Rom.
972 2123 1008 2148 Ix,
1021 2114 1048 2142 1.
1086 2114 1185 2142 "Osee
1200 2114 1264 2146 “,7.
1302 2109 1560 2141 "'.lerem.xxxt,37
1574 2118 1580 2143 ;
1594 2110 1630 2136 al.
1642 2117 1761 2142 uniti,
1780 2113 1819 2139 δῖ.

1033 930 1188 964 captivitate
1202 930 1365 962 detinerent,
1384 930 1460 964 quasi
1474 930 1508 957 ad
1522 931 1610 957 vicem
1628 937 1742 962 eorum,
1761 937 1821 965 quos

1032 976 1067 1004 ab
1080 975 1158 1004 initio
1173 983 1205 1003 ex
1229 976 1352 1011 portione
1373 976 1418 1003 Dei
1431 981 1458 1003 et
1471 981 1615 1011 segregata
1636 976 1703 1011 ejus
1718 977 1822 1004 heredi-

1033 1027 1088 1050 tate
1106 1023 1298 1050 subtraxeraut
1312 1042 1319 1053 .
1335 1022 1453 1057 gentium
1480 1031 1611 1050 numerus
1639 1024 1820 1050 redderetur:

1032 1076 1095 1096 cum
1120 1075 1184 1095 vero
1210 1067 1351 1102 plenitudo
1376 1067 1493 1101 gentium
1524 1067 1623 1095 fuisset
1652 1069 1777 1102 expleta,
1800 1075 1822 1095 et

1030 1114 1203 1142 aemulatione
1220 1114 1316 1141 salutis
1331 1121 1425 1141 eorum
1438 1114 1566 1148 ccepisset
1588 1113 1677 1141 Israel
1692 1115 1822 1142 discutere

1030 1167 1045 1188 ει
1060 1160 1206 1195 semetipso
1219 1160 1367 1187 caecitatem
1383 1159 1483 1190 cordis,
1494 1164 1521 1186 et
1535 1159 1654 1186 elevatis
1671 1161 1763 1187 oculis
1775 1162 1822 1187 suis

1029 1205 1168 1233 Christum
1184 1213 1279 1233 verum
1303 1205 1394 1232 lumen
1411 1205 1547 1238 aspicere,
1567 1206 1603 1232 ita
1620 1206 1777 1233 secundum
1790 1207 1821 1242 ᾖ)

1030 1251 1213 1287 praecedentes
1235 1252 1393 1286 prophetias
1419 1251 1533 1278 salutem
1557 1259 1642 1286 quam
1674 1254 1822 1280 obraacatus

1029 1298 1158 1325 amiserat
1180 1297 1273 1331 Israel,
1290 1302 1425 1332 quaereret
1451 1297 1606 1332 instigatus,
1634 1298 1735 1325 dicens
1759 1300 1821 1332 apud

1029 1343 1205 1378 semetipsum
1217 1342 1282 1369 illud
1295 1342 1510 1377 propheticum"
1524 1352 1532 1370 :
1551 1352 1561 1368 ι
1583 1342 1725 1371 Revertar
1742 1345 1776 1370 ad
1791 1344 1824 1369 vi-

1028 1395 1089 1415 rum
1104 1395 1194 1416 meum
1209 1387 1336 1422 priorem,
1346 1387 1474 1422 quoniam
1486 1387 1581 1415 melius
1593 1387 1661 1415 mihi
1675 1394 1736 1416 erat
1753 1394 1822 1417 ante.

1027 1441 1108 1471 quam
1123 1434 1211 1462 modo.
1227 1443 1237 1460 ι
1251 1433 1327 1467 Quod
1347 1438 1437 1460 autem
1461 1434 1519 1461 haec
1541 1433 1593 1461 illis
1611 1435 1750 1468 promissa
1774 1436 1823 1461 sint

1027 1489 1076 1516 per
1091 1481 1254 1517 prophetas,
1278 1481 1304 1508 in
1334 1480 1424 1507 multis
1441 1479 1550 1514 quidem
1570 1481 1744 1514 propheticis
1756 1481 1824 1507 τοι-ιο

1027 1527 1146 1555 minibus
1177 1528 1313 1554 invenitur
1328 1534 1335 1553 :
1351 1533 1482 1561 ponemus
1502 1530 1593 1552 tamen
1611 1528 1687 1560 quod
1713 1526 1823 1553 sutlicist

1030 1576 1063 1604 ad
1082 1582 1212 1611 praesens,
1241 1581 1324 1600 unum
1351 1572 1384 1600 de
1405 1571 1523 1599 Jeremia
1546 1572 1822 1607 testimoniume

1030 1621 1066 1649 ita
1081 1621 1224 1649 continens
1240 1631 1247 1649 :
1263 1629 1272 1646 ι
1285 1620 1314 1648 Si
1326 1618 1461 1646 exaltetur
1475 1618 1575 1645 cretum
1591 1617 1620 1644 in
1639 1619 1822 1649 excelsum:

1029 1672 1101 1696 terra
1119 1667 1278 1695 humilietur
1289 1665 1426 1698 deorsum,
1441 1672 1491 1700 ego
1507 1671 1562 1691 non
1575 1665 1734 1699 reprohabo
1746 1672 1822 1700 genus

1029 1711 1112 1740 Israel
1130 1719 1180 1747 pro
1204 1711 1330 1739 omnibus
1345 1719 1405 1745 quze
1422 1711 1546 1738 fecerunt
1561 1709 1597 1737 ".
1618 1719 1628 1735 I
1646 1709 1677 1736 Si
1697 1717 1766 1744 ergo
1782 1717 1822 1744 pre

1031 1766 1064 1786 eo
1082 1762 1111 1786 ut
1123 1757 1249 1785 introiret
1264 1756 1383 1792 gentium
1407 1755 1559 1790 plenitudo,
1572 1755 1686 1783 ctecitas
1701 1755 1775 1782 facta
1789 1762 1821 1781 est

1030 1805 1057 1832 in
1075 1804 1156 1832 Israel
1169 1812 1216 1839 pro
1232 1804 1357 1831 omnibus
1369 1811 1429 1838 quas
1446 1804 1579 1834 iecerunt,
1594 1802 1653 1829 sine
1668 1802 1756 1830 dubio
1769 1810 1819 1829 ctus

1030 1852 1153 1887 ingressa
1175 1851 1257 1878 fuerit
1270 1851 1390 1885 gentium
1416 1849 1558 1883 plenitudo
1570 1869 1578 1882 ,
1596 1849 1711 1876 caecitas
1733 1856 1821 1875 cessa-

1030 1897 1069 1925 bit
1083 1897 1132 1933 (8).
1150 1897 1226 1930 Quod
1246 1896 1268 1924 si
1292 1897 1348 1928 vis,
1365 1895 1453 1930 inquit
1476 1894 1642 1928 Apostolus,
1659 1894 1736 1921 Scire
1761 1902 1823 1928 qm;~

1030 1942 1110 1970 modo
1124 1943 1206 1970 etiam
1222 1947 1281 1977 post
1297 1942 1445 1969 cmcitatem
1461 1939 1609 1968 salvandus
1619 1940 1655 1967 sit
1671 1940 1769 1971 Israel,
1782 1948 1822 1964 au-

1029 1990 1055 2017 di
1075 1988 1209 2023 quontodo
1226 1988 1355 2022 scriptqu
1372 1991 1434 2014 est:
1453 1995 1462 2011 ι
1482 1984 1578 2013 Veniet
1595 1994 1630 2013 ex
1643 1985 1715 2012 Sion
1732 1986 1778 2020 qui
1796 1985 1823 2010 li-

1028 2036 1115 2069 beret,
1129 2041 1157 2063 et
1173 2039 1277 2062 avertat
1294 2033 1459 2068 impietatem
1474 2031 1507 2058 ab
1517 2031 1605 2059 Iacob
1623 2040 1631 2058 :
1646 2037 1677 2058 et
1700 2032 1754 2058 hoc
1775 2031 1822 2057 illis

219 2182 277 2218 (95)
297 2181 335 2209 Ita
350 2181 493 2218 legendum
505 2183 620 2210 videtur.
629 2182 678 2210 Με-
691 2181 790 2218 Regius
802 2189 877 2218 num.
893 2181 971 2213 I659,
989 2189 1011 2216 D
1027 2180 1134 2218 ipsis....
1150 2185 1177 2207 et
1194 2180 1367 2218 repromissio
1384 2180 1553 2218 b9n_orum,_n
1574 2185 1643 2218 etc,
1654 2183 1705 2207 sed
1797 2188 1820 2205 et

188 2227 199 2253 ε
215 2216 237 2245 si
254 2216 347 2253 postea
362 2216 424 2251 quis
443 2225 533 2252 quam,
549 2226 622 2250 CIIII),
641 2227 650 2244 ι
668 2223 721 2245 etc.
739 2216 836 2244 Caneri
862 2224 926 2244 mss.
945 2222 973 2244 et

186 2252 314 2279 “altanus
330 2252 458 2279 omittunt
473 2262 482 2278 ε
501 2253 571 2287 quis.
593 2263 603 2279 ι

221 2287 284 2324 (96)
295 2287 340 2324 Sic
359 2295 423 2314 mss.
442 2286 626 2324 ἵετςεῗριιιιιθει
640 2286 768 2324 Rabanus
789 2290 817 2314 et
832 2286 907 2314 cditi.
921 2286 971 2324 Iis.

186 2321 251 2349 vero
268 2321 369 2357 Regius
388 2330 462 2349 num.
483 2322 560 2353 1636,
581 2332 591 2348 ‹
611 2322 710 2349 Paulus
735 2328 799 2357 vero
822 2321 971 2355 apostolica

185 2356 349 2384 auctoritate
373 2357 508 2390 spirituali
526 2358 588 2385 huic
600 2363 627 2384 et
643 2364 718 2384 nova:
733 2356 906 2390 agricultura:
923 2364 972 2384 uo-

187 2399 249 2418 vum
263 2399 295 2419 ac
307 2391 475 2426 spiritualcut
491 2392 593 2419 colendi
608 2392 729 2419 ordinem
743 2392 841 2425 posuit.
859 2401 869 2417 ι

222 2426 278 2462 (97)
299 2426 388 2453 Enim.
419 2427 593 2454 Desideratur
609 2427 636 2454 in
659 2430 739 2453 antea
765 2426 854 2462 editis.
871 2426 973 2453 Deinde

186 2460 273 2488 iidem'
282 2462 346 2488 editi
361 2461 461 2488 habent
476 2471 485 2486 ι
501 2463 614 2489 intraret
629 2470 638 2487 ι
658 2469 708 2496 pro
733 2470 743 2487 ι
763 2460 939 2494 subiutraret,
960 2470 970 2486 ι

186 2500 214 2522 et
229 2505 239 2522 ι
256 2496 353 2528 eripiat
368 2505 377 2521 ι
395 2503 444 2530 pro
461 2505 470 2522 ι
489 2497 597 2524 liberet.
613 2506 622 2523 ι

220 2531 277 2565 (98)
296 2531 377 2562 Editi,
393 2540 403 2557 ‹
422 2531 468 2566 qui
495 2531 571 2559 fracti
590 2535 672 2564 sunt,
689 2535 816 2566 putantes
831 2530 902 2566 quod
919 2538 970 2558 non

187 2565 233 2592 Dei
250 2565 380 2598 bonitate,
400 2575 410 2591 ι
426 2565 479 2592 etc.

221 2599 275 2635 (99)
294 2599 375 2635 Editi,
390 2608 399 2625 ι
416 2600 583 2633 culpabilem.
602 2611 610 2626 ι
627 2601 756 2629 Rabanus
769 2605 796 2628 et
808 2608 857 2627 ms.
874 2600 972 2634 Regius

186 2634 259 2661 nunt.
277 2634 356 2670 1659,
376 2644 384 2660 ι
403 2635 546 2670 notabilem
566 2644 572 2666 ;
592 2645 600 2661 ι
624 2642 652 2663 et.
676 2641 750 2663 recte
764 2636 892 2670 quidem,
911 2642 971 2662 nam

187 2679 198 2696 ι
219 2669 344 2696 notabilis
360 2678 369 2694 ι
386 2669 458 2703 apud
482 2669 675 2701 Quintilianum
698 2669 777 2698 idem
790 2675 831 2697 est
853 2679 884 2698 ac
902 2679 911 2695 ι
931 2677 972 2696 re-

187 2703 384 2739 prelteusibilis.
400 2713 410 2730 ι
429 2703 478 2732 Ms.
497 2704 595 2737 Regius
606 2706 684 2738 alter,
702 2705 891 2739 “notabilem;
906 2714 915 2730 ι
934 2705 973 2731 al-

187 2745 228 2766 ter
246 2748 255 2765 ι
276 2739 433 2767 uutabiletu.
459 2748 468 2765 ι

220 2775 256 2811 (1)
268 2785 277 2801 ‹
290 2775 335 2802 Dei
349 2785 357 2800 ι
367 2774 537 2811 omittituriu
548 2773 682 2811 plerisque
694 2782 759 2811 mss.
770 2779 797 2801 ct.
808 2775 878 2809 apud
890 2774 974 2811 Baba-

183 2809 247 2838 uuln
259 2820 266 2839 '.
278 2811 324 2838 sed
334 2814 421 2837 exstat
431 2810 457 2836 in
470 2809 559 2841 editis,
569 2813 596 2837 ct
608 2809 632 2835 in
646 2817 695 2835 ms.
708 2809 792 2844 Regio
803 2817 879 2837 ntttu.
893 2810 971 2837 1650.

184 2847 284 2874 Deinde
300 2845 373 2877 editi,
394 2855 402 2870 ε
425 2845 494 2872 sicut
510 2844 535 2871 in
551 2844 626 2877 aliis,
642 2849 669 2870 ct
684 2844 753 2871 sicut
767 2849 873 2878 oportet
888 2845 914 2871 iu
932 2845 973 2872 his

1026 2216 1154 2243 liabauus
1170 2220 1199 2242 ιιι
1228 2216 1253 2241 itt
1281 2220 1365 2244 textu,
1391 2215 1441 2242 nisi
1469 2215 1540 2248 quod
1559 2215 1676 2249 quidam
1697 2218 1821 2243 omittam

1026 2260 1035 2276 ‹
1054 2255 1078 2277 et
1098 2260 1106 2276 I
1125 2255 1188 2277 ante
1208 2259 1217 2275 ‹
1238 2249 1263 2276 itt
1282 2250 1323 2277 Itis
1337 2250 1410 2284 ipsis.
1432 2259 1440 2275 ι

1060 2285 1098 2322 (2)
1119 2285 1181 2322 Illa.
1198 2285 1340 2322 Ontittitur
1358 2285 1384 2311 iu
1401 2284 1492 2322 editis:

1059 2318 1096 2355 (ὃ)
1117 2321 1163 2347 Sic
1176 2319 1336 2353 ms.llegius
1353 2328 1427 2355 ιιιιιιι.
1445 2318 1525 2346 1659.
1540 2318 1620 2346 Alter
1640 2327 1710 2347 vero
1724 2320 1819 2354 Regius

1024 2363 1098 2383 num.
1116 2355 1183 2382 1640
1196 2359 1222 2381 et
1236 2355 1325 2386 editi,t
1342 2354 1453 2382 obtentu
1472 2354 1582 2381 invidia:
1596 2360 1623 2381 et
1639 2356 1819 2381 a-nmlatiouis

1024 2390 1154 2416 illatam.)
1165 2390 1262 2417 Cteteri
1279 2397 1341 2416 mss.
1359 2394 1387 2416 et
1400 2388 1540 2421 Ilabauus,
1550 2398 1560 2414 (
1580 2389 1699 2417 obtentu
1714 2391 1818 2416 invidt:

1023 2425 1206 2452 mutulutionis
1222 2425 1336 2452 illatam.
1356 2433 1365 2450 ι

1059 2459 1098 2495 (4)
1120 2460 1200 2491 Editi,
1217 2469 1226 2485 ι
1246 2460 1396 2493 portionem
1425 2467 1502 2486 suam
1525 2459 1599 2486 Deus
1622 2459 1740 2491 faceret,
1755 2466 1818 2493 quo-

1024 2494 1169 2522 dammodo
1185 2495 1210 2520 in
1227 2503 1271 2525 eo,
1289 2504 1298 2520 ι
1319 2499 1373 2521 etc.

1061 2530 1098 2563 (5)
1120 2529 1216 2561 Editi,t
1228 2530 1406 2556 Adverteutes
1420 2529 1493 2556 enim
1510 2529 1544 2556 ad
1560 2536 1591 2555 se
1606 2530 1687 2564 (mss.
1697 2528 1815 2564 quidam.

1026 2573 1035 2590 I
1055 2567 1213 2591 Avertentes
1224 2565 1296 2591 enint
1312 2574 1326 2590 ιι
1342 2571 1372 2590 se
1396 2564 1418 2596 ι)
1434 2572 1482 2598 per
1498 2565 1618 2597 peccati,
1639 2573 1648 2590 t
1663 2571 1721 2593 etc.

1059 2601 1096 2635 (6)
1119 2600 1197 2628 ΙτῖιΙὶιὶ.
1214 2608 1223 2625 ‹
1244 2606 1269 2626 ut
1287 2599 1367 2625 donet
1383 2599 1434 2625 illis
1450 2599 1530 2633 (31.,4
1549 2599 1590 2625 i‘Ii
1608 2599 1630 2634 ι)
1646 2600 1756 2634 plebem
1773 2599 1817 2626 Dei

1023 2642 1104 2669 quam
1115 2635 1286 2670 (Sulodianus
1295 2635 1395 2661 omittit
1405 2643 1414 2660 ‹
1425 2642 1506 2668 quam
1518 2634 1542 2668 ι)
1551 2636 1578 2660 in
1593 2635 1817 2666 caecitatis,aetc.

1059 2670 1098 2704 (7)
1122 2670 1183 2697 Ilss.
1212 2669 1333 2704 plerique
1349 2675 1376 2695 et
1401 2670 1529 2696 liabanus
1545 2689 1552 2700 ,
1574 2678 1583 2694 ι
1606 2670 1758 2704 aspiceret.
1784 2671 1815 2695 in

1024 2706 1184 2736 secundum,
1208 2714 1217 2729 ι
1244 2709 1297 2730 etc.
1321 2704 1375 2730 Sed
1405 2711 1455 2730 tus.
1477 2704 1578 2737 liegith
1606 2712 1683 2731 num.
1710 2705 1815 2732 I639ei

1024 2740 1098 2771 editi,
1110 2744 1139 2766 ut
1152 2739 1176 2765 iu
1188 2744 1280 2766 nostro
1294 2744 1376 2765 textu.
1391 2738 1494 2765 Deinde
1505 2741 1709 2774 tuss.quidatu.
1725 2749 1735 2765 ι
1750 2748 1814 2774 qur-

1025 2780 1084 2801 t'ert';
1098 2775 1241 2808 iustigatus
1253 2774 1365 2804 diceret,
1379 2783 1388 2799 ι
1405 2779 1470 2805 etc,
1485 2774 1566 2800 “Iule.

1059 2809 1096 2844 (8)
1135 2809 1179 2836 Sic
1193 2817 1243 2836 ms.
1258 2809 1357 2842 Regius
1374 2809 1647 2837 ntitu.lt359.tlmtrri
1662 2817 1730 2837 vero
1746 2815 1811 2837 ηδε..

1025 2844 1153 2871 Rabantts
1164 2850 1191 2871 ct
1206 2844 1281 2875 editi,
1300 2852 1309 2868 ι
1327 2850 1426 2870 cessat.
1446 2853 1455 2869 ι
