1831 3052
13 179 80 206 1197

475 179 654 209 (ΣΟΜΜΕΝΤ,
677 180 709 207 ΙΝ
729 178 837 207 EPIST.
856 179 901 206 AD
918 179 1000 207 11011.
1017 179 1081 206 LIB.
1105 178 1173 207 VIII.

1573 178 1641 205 “98

14 247 28 266 a
42 246 84 266 me
101 243 302 272 testamentum.
318 247 379 268 cum
406 241 543 268 abstulero
559 247 667 276 peccata
683 249 775 269 corum
794 250 802 266 ι
820 242 843 271 Α
858 247 910 274 qua
924 247 989 267 vero
1009 239 1106 271 tristia.
1129 240 1152 266 si
1176 237 1284 273 quidem
1304 235 1338 263 de
1357 235 1436 264 Israel
1459 238 1594 270 dicuntur.
1609 241 1640 266 ad

12 284 160 312 Sciendum
173 291 238 311 sane
250 286 377 320 est,quod
389 286 415 312 in
425 286 552 320 propheta
563 287 638 316 Isaia.
649 288 719 314 umle
731 287 806 314 testi-

12 331 131 358 mouium
142 331 211 358 istud
227 331 324 358 Paulus
333 332 454 364 assumit,
467 340 515 366 pro
529 340 561 360 co
572 334 642 367 quoel
657 334 805 368 dixitApo-

11 379 120 408 stolns,«
134 377 261 403 venietex
270 376 344 408 Sion,
353 386 361 402 1
372 378 501 412 scriptum
511 383 564 409 est,
578 388 586 404 1
601 379 688 405 veniet
696 384 805 414 propter

12 421 74 449 Sion
83 430 89 454 ;
97 431 106 447 ι
115 423 221 456 etquod
231 423 266 449 ait
278 423 344 454 bicu
354 430 414 449 cum
422 423 558 451 abstulero
565 429 672 458 pecca'a
682 433 783 455 eorum.
792 434 801 450 1

12 468 45 494 ibi
61 468 174 495 omnino
188 468 316 502 scriptum
332 477 384 496 non
399 473 439 496 cst
449 489 457 501 ,
471 470 517 496 sed
531 477 580 496 nec
595 471 663 504 apml
679 469 804 498 Hebraeos

12 513 117 546 quidem
138 519 146 540 :
165 513 284 546 Apustoli
313 518 402 541 tamen
428 515 589 542 auctoritate
610 520 802 550 prmsutnptuln

11 562 59 584 est.
71 557 181 584 Interim
194 560 303 586 veniens
315 559 442 587 Dominus
453 568 485 587 ex
497 560 562 587 Sion
575 560 679 594 liberat,
690 566 717 588 et
728 569 804 589 aver-

15 603 44 630 tit
59 603 215 637 impietates
231 605 264 631 ab
290 604 383 634 Jacob.
408 606 514 633 Avertit
534 612 624 634 autem
642 607 681 642 (9)
707 607 804 642 impie-

15 653 80 676 tates
107 650 143 676 ab
166 658 200 678 eo
216 651 365 678 secundum
389 651 454 678 illud
473 653 545 686 quod
558 653 688 688 scriptum
701 658 743 680 est
755 653 778 669 ⁷⁸
793 662 799 681 :

14 695 78 727 Quia
97 704 107 721 ι
124 695 211 723 diluet
236 697 363 724 Dominus
383 698 480 725 sordes
506 698 622 725 ﬁliorum
639 703 663 726 ct
685 699 800 726 ﬁliarum

15 740 87 770 Sion.
102 744 131 767 et
156 741 314 776 sanguinem
330 742 472 770 mundabit
485 743 539 779 (I0)
553 743 586 770 de
599 743 687 771 medio
702 743 760 778 ejus
774 745 800 771 in

13 788 106 821 spiritu
117 787 224 822 iudicii,
245 793 272 815 et
286 790 382 824 spiritu
401 790 515 817 ustionis
532 790 586 826 (11)
604 798 611 823 ;
627 799 636 816 ι
653 795 680 816 et
701 791 752 818 hoc
764 791 801 819 ita

14 832 68 859 ﬁeri
82 837 274 861 testamentum
290 835 330 861 eis
339 841 398 862 erat
413 843 428 862 a
443 836 509 869 Deo,
525 841 554 863 ut
568 836 608 864 sic
622 836 655 863 ab
668 837 708 864 eis
719 844 799 864 aver-

15 882 134 905 terentur
150 879 303 914 impietates
315 901 322 911 ,
337 885 364 907 et
387 881 561 908 anferrentur
587 885 708 915 peccata.
733 881 799 915 Quis

860 285 921 312 illos
934 286 992 312 sine
1009 285 1090 312 dubio
1105 285 1224 319 reliquos
1236 285 1279 319 qui
1299 285 1428 312 cxcmcati
1444 290 1505 312 sunt
1519 286 1644 314 referitu-

859 336 903 358 tur
918 331 958 358 :si
977 339 1040 358 vero
1053 331 1086 358 de
1102 331 1234 365 gentibus,
1245 331 1303 358 illos
1318 330 1440 364 Profecto
1455 332 1500 365 qui
1515 337 1579 359 sunt
1592 340 1643 359 «τις»

858 383 898 405 tra
915 378 1109 412 plenitudinem
1126 377 1270 412 stringunt.
1292 376 1387 404 Omnia
1403 381 1492 404 tamen
1508 379 1568 404 ﬁnis
1582 385 1644 412 per-

857 429 945 458 urget,
969 428 994 450 et
1016 431 1064 450 eos
1086 424 1193 457 quidem
1213 423 1258 458 qui
1283 423 1353 450 beati
1374 428 1446 455 sunt.
1466 423 1522 450 sive
1544 424 1580 450 illi
1608 431 1642 451 ex

858 469 953 501 Israel,
971 469 1029 495 siVe
1045 468 1127 495 etiam
1151 475 1182 494 ex
1210 467 1336 503 gentibus
1355 467 1480 500 veniant,
1501 468 1643 500 praesentis

857 515 987 548 temporis
1003 514 1059 548 (16)
1077 514 1240 548 evangelicae
1251 514 1381 540 doctrina:
1400 521 1490 540 sermo
1506 514 1641 548 puriticat.

857 565 883 587 ut
901 561 955 587 sint
969 561 1036 587 talus
1050 561 1119 587 sicut
1131 565 1208 586 erant
1230 559 1267 585 illi
1284 559 1317 586 ad
1334 566 1402 593 quos
1422 559 1549 586 Dominus
1568 560 1642 587 dice-

856 606 901 633 bat
917 606 939 622 ⁸⁸
955 614 962 631 :
983 616 992 631 ι
1011 606 1079 633 Ecce
1090 605 1145 639 jam
1159 612 1206 632 vos
1227 604 1320 632 mundi
1336 605 1403 631 estis
1417 610 1526 639 propter
1538 612 1644 632 sermo-

857 659 917 679 nem
933 659 1012 686 quem
1028 652 1132 679 Iocutus
1147 658 1206 678 sum
1223 651 1308 678 vobis.
1326 661 1335 677 1
1354 651 1404 684 Qui
1428 658 1491 677 vero
1504 651 1577 677 verbi
1596 651 1642 678 Dei

855 701 881 724 et
903 698 1035 724 doctrinae
1064 696 1229 731 (ιι-ειπερΙὶοω
1248 696 1462 730 puriﬁcationem
1485 698 1618 730 spreverit.
1633 716 1642 728 .

855 743 979 770 tristibus
1001 747 1027 769 ct
1043 743 1192 776 poenalibus
1216 741 1448 776 purificationibus
1465 741 1641 777 semetipsum

853 793 985 820 reservat,
994 792 1023 815 ut
1031 788 1266 823 ignisgcbennaein
1273 788 1442 816 cruciatibus
1449 794 1553 823 purget,
1561 797 1641 824 quem

854 841 905 861 nec
916 833 1062 869 apostolica
1075 833 1197 861 doctrina
1215 839 1264 860 nec
1277 833 1449 868 evangelicus
1475 841 1565 861 sermo
1578 842 1643 868 pur-

852 880 935 914 gavit,
947 880 1093 907 secundum
1111 879 1176 905 illud
1192 879 1262 914 quod
1275 880 1403 914 scriptum
1418 884 1460 907 est
1472 880 1492 896 '“
1504 889 1511 905 :
1522 889 1531 906 ι
1552 880 1581 906 Et
1596 889 1644 914 pu-

13 929 102 951 autem
128 925 166 952 sit
192 925 243 953 iste
267 926 357 953 omnis
373 926 453 953 Israel
470 927 514 961 qui
537 927 630 954 salvus
648 928 734 959 ﬁeret,
759 927 800 954 vel
818 919 838 947 Β
854 924 966 952 riﬁcabo
980 930 1006 951 te
1023 924 1076 959 igni
1089 925 1123 950 ad
1135 931 1244 959 purum.
1265 934 1274 950 1
1289 923 1387 951 Verum
1406 925 1430 951 in
1446 925 1496 951 hac
1509 925 1565 959 ipsa
1579 933 1644 959 pur-

14 973 70 1000 qua:
85 967 139 994 erit
157 968 205 994 ista
224 968 363 1002 plenitudo
387 970 469 996 etiam
487 972 618 1005 gentium,
637 970 709 998 Deus
725 971 800 999 solus

14 1015 95 1047 novit,
109 1019 138 1042 et
155 1014 315 1050 linigenitus
331 1024 408 1050 suus,
421 1022 448 1045 et
468 1017 490 1044 si
503 1018 548 1052 qui
565 1017 635 1046 forte
648 1019 727 1046 amici
742 1019 801 1054 ejus

15 1066 89 1094 sunt;
102 1062 135 1089 ad
154 1070 222 1096 quos
242 1063 311 1089 dicat
325 1063 347 1079 ⁷⁷
364 1071 372 1090 :
395 1072 404 1089 1
423 1063 481 1090 Jam
501 1072 554 1091 non
570 1065 657 1092 dicam
678 1073 726 1093 vos
743 1073 801 1094 ser-

14 1114 67 1138 vos.
87 1109 135 1135 sed
160 1110 281 1142 amicos;
296 1110 359 1144 quia
385 1114 447 1137 uota
472 1110 550 1137 vobis
563 1110 614 1138 feci
636 1111 726 1138 omnia
740 1119 800 1146 qua:

16 1153 99 1181 audivi
125 1162 140 1182 ιι
167 1155 258 1184 Patre.
279 1165 288 1181 1
310 1155 365 1183 Hoc
386 1161 475 1183 tamen
500 1161 589 1190 potest
609 1157 691 1184 etiam
706 1163 799 1185 nostro

15 1200 100 1227 sensui
114 1209 278 1234 occurrere,
294 1201 365 1236 quod
386 1201 458 1229 sicut
478 1202 578 1236 Israel,
594 1203 713 1237 quandiu
734 1210 799 1238 per-

16 1251 100 1272 manet
112 1247 263 1274 secundum
278 1255 388 1274 carnem
403 1246 531 1280 lsrael,et
541 1256 594 1275 non
608 1249 689 1276 etiam
705 1256 799 1276 secun-

16 1290 73 1318 dum
87 1292 212 1326 spirituum
229 1293 315 1320 factus
327 1293 407 1320 fuerit
419 1294 540 1322 Israelita
555 1301 637 1322 verus
654 1300 743 1322 mente
756 1295 797 1322 vi-

16 1333 76 1362 dens
89 1335 186 1369 Deum.
196 1338 331 1372 pertinere
344 1338 400 1374 (12)
416 1346 467 1366 non
480 1343 571 1374 potest
581 1340 615 1367 ad
626 1339 750 1373 salutem,
760 1340 796 1368 ita

18 1387 61 1407 nec
75 1388 169 1416 gentes
182 1381 290 1418 quidem
305 1391 401 1412 omnes
423 1386 535 1412 omnino
560 1385 660 1413 salvari
674 1391 797 1421 possunt,

18 1424 62 1452 nisi
76 1433 135 1460 qua:
157 1427 228 1455 intra
249 1428 444 1462 plenitudinem
463 1429 563 1457 fuerint
579 1435 704 1465 repertae,
721 1438 797 1466 qna:-

17 1475 116 1506 ounque
129 1472 178 1500 illa
193 1478 236 1501 est
245 1481 304 1508 quae
317 1474 352 1501 ab
367 1475 499 1510 Apostolo
521 1475 661 1510 plenitudo
675 1477 731 1512 (I3)
748 1485 797 1505 no-

18 1518 136 1546 minatur.
158 1519 195 1546 lta
209 1528 273 1556 ergo
289 1521 449 1556 mysterium
468 1520 514 1548 Dei
533 1521 660 1548 iueﬁ'abili
677 1522 795 1556 quadam

18 1562 150 1596 sapientiae
177 1564 235 1598 eius
261 1566 465 1600 dispensatione
491 1570 685 1598 tractatur,ut
711 1568 793 1595 etiam

18 1613 72 1634 cum
90 1609 141 1638 sibi
163 1612 252 1638 anima
270 1617 370 1638 sortem
394 1612 525 1639 malorum
548 1612 604 1646 ipsa
620 1613 794 1646 consciverit,

18 1652 57 1680 ille
73 1656 115 1689 qui
134 1657 211 1684 novit
231 1657 357 1685 universa
373 1657 526 1693 disponere,
543 1657 722 1691 abjectionem
737 1659 796 1694 ejus

18 1704 42 1725 et
58 1708 174 1734 poenam,
194 1702 308 1730 aliorum
326 1702 407 1730 faciat
426 1703 551 1731 salutem.
567 1703 620 1730 Sed
636 1707 663 1730 et
680 1703 745 1731 illud
757 1704 796 1731 vi-

19 1745 90 1773 detur
101 1748 167 1776 mihi
183 1749 209 1776 in
227 1749 277 1776 hoc
290 1749 346 1785 (14)
361 1749 419 1777 loco
429 1750 584 1785 diligentius
595 1750 777 1777 contuendqu
787 1771 795 1784 ,

19 1793 81 1824 quod
100 1795 249 1821 caecitatem
269 1794 348 1822 istam
370 1803 423 1822 non
444 1796 509 1823 dicit
522 1795 594 1822 omni
609 1793 692 1822 Israel
709 1795 798 1822 conli—

20 1836 92 1872 gissc,
107 1839 155 1867 sed
172 1849 181 1865 ι
201 1847 234 1867 ex
247 1844 334 1874 parte.
355 1840 486 1875 Reliquiae
504 1850 514 1866 1
530 1840 602 1867 enim
622 1849 632 1865 ι
649 1840 796 1867 secundum

20 1880 171 1911 electionem
185 1885 279 1919 gratiae
293 1884 374 1911 salvat
390 1885 468 1912 factae
488 1889 552 1912 sunt
565 1885 598 1911 ⁷⁸.
619 1893 628 1910 ι
646 1884 682 1911 De
699 1884 797 1918 quibus

21 1927 130 1962 reliquiis
148 1934 177 1957 et
188 1930 271 1957 Isaias
285 1930 495 1965 prophetaverat
518 1930 611 1957 dicens
626 1937 633 1955 :
650 1938 659 1954 ι
675 1929 730 1956 Nisi
748 1929 798 1956 Do-

21 1974 101 2002 minus
128 1976 249 2004 Sabaoth
277 1976 429 2011 reliquisset
454 1976 532 2004 nobis
555 1983 647 2003 semen
663 1976 720 2002 ⁷⁸.»
738 1975 798 2003 Ista:

21 2027 76 2055 ergo
93 2023 213 2057 reliquizc
230 2024 257 2050 in
278 2022 444 2050 beatitudine
466 2022 646 2050 conferuntur
665 2029 725 2049 cum
741 2021 798 2057 ple-

21 2066 132 2097 nitudine
149 2069 268 2103 gentium
282 2078 289 2096 :
309 2069 398 2096 caeteri
412 2076 476 2096 vero
487 2068 532 2103 qui
548 2068 674 2095 excaecati
689 2073 797 2096 suntex

22 2111 105 2148 Israel,
116 2115 298 2143 conferuntur
312 2115 355 2143 bis
371 2115 498 2151 gentibus
512 2122 572 2149 quae
586 2122 638 2141 non
652 2118 798 2149 potuerunt

23 2157 48 2183 Id
62 2159 254 2192 plenitudinem
271 2161 423 2195 pervenire.
438 2159 483 2187 Sic
498 2166 562 2194 ergo
574 2158 630 2194 (I5)
645 2166 705 2193 qua:
724 2159 798 2186 iuve-

24 2203 120 2233 niuntur
142 2206 169 2233 in
187 2206 359 2234 sermonibus
382 2205 574 2240 prophetarum
595 2205 628 2231 de
651 2205 799 2239 repromis-

852 971 961 1005 gatione
975 977 1035 1004 qtue
1052 976 1102 1004 per
1123 977 1232 1004 poenam
1257 969 1328 1004 ignis
1352 969 1515 1003 adhibetur,
1533 970 1644 1003 quantis

853 1014 1030 1049 temporibus,
1048 1015 1190 1049 quantisve
1213 1014 1320 1042 saeculis
1334 1014 1368 1042 de
1388 1015 1578 1050 peccatoribus
1595 1024 1644 1042 ex-

853 1061 942 1095 igatur
955 1060 1012 1095 (I7)
1024 1061 1174 1092 cruciatus,
1188 1060 1262 1087 solus
1272 1060 1344 1088 scire
1358 1066 1447 1095 potest
1458 1061 1502 1088 ille
1514 1061 1557 1088 cui
1569 1070 1578 1087 ι
1591 1061 1643 1088 Pa-

852 1110 896 1134 ter
912 1114 994 1134 omne
1005 1106 1136 1140 judicium
1152 1106 1305 1139 tradidit",
1328 1115 1337 1132 1
1353 1107 1398 1141 qui
1414 1107 1449 1134 ita
1466 1107 1553 1142 diligit
1564 1115 1642 1135 crea-

852 1157 939 1179 turam
954 1160 1043 1184 suam,
1057 1156 1086 1179 ut
1106 1159 1155 1187 pro
1169 1152 1224 1187 ipsa
1237 1153 1409 1180 evacuaverit
1419 1153 1591 1187 semetipsum
1609 1154 1642 1179 de

853 1197 898 1225 Dei
917 1197 1015 1230 forma,
1035 1202 1063 1225 et
1081 1198 1153 1224 servi
1177 1197 1290 1224 formam
1312 1198 1473 1232 susceperit,
1495 1198 1642 1226 Iutmilians

850 1244 1025 1278 semetipsum
1050 1251 1136 1278 usque
1154 1244 1187 1270 ad
1210 1248 1322 1271 mortem
1338 1243 1361 1259 ⁸³
1373 1263 1381 1276 ,
1396 1244 1489 1271 volens
1515 1253 1526 1270 ‹
1547 1252 1642 1272 omnes

850 1291 973 1318 homines
985 1290 1073 1318 salvos
1091 1290 1160 1322 lteri,
1175 1295 1202 1318 et
1220 1290 1245 1317 in
1271 1290 1436 1325 agnitionem
1454 1290 1577 1317 veritatis
1594 1298 1640 1318 vc-

849 1337 908 1365 nire
919 1337 953 1364 “.
974 1346 983 1363 1
997 1336 1188 1365 Verumtamen
1204 1337 1359 1364 meminisse
1380 1344 1488 1371 semper
1499 1337 1640 1371 debemus,

849 1383 919 1416 quod
936 1387 1096 1417 praesentem
1114 1383 1202 1410 locum
1227 1383 1373 1418 Apostolus
1388 1384 1465 1418 quasi
1482 1384 1640 1420 mysterium

848 1429 943 1456 haberi
955 1429 1037 1456 voluit
1048 1429 1115 1465 (I8),
1136 1437 1190 1464 quo
1205 1429 1309 1457 scilicet
1329 1429 1480 1463 hujnsmodi
1497 1438 1592 1458 sensus
1607 1431 1640 1457 ﬁ-

848 1473 922 1501 deles
939 1476 1040 1509 quique
1053 1479 1080 1502 et
1095 1475 1208 1508 perfecti
1228 1475 1298 1502 intra
1322 1475 1483 1510 semctipsos
1498 1476 1570 1503 velut
1582 1484 1640 1511 my-

847 1519 960 1546 sterium
976 1520 1021 1546 Dei
1039 1519 1147 1547 silentio
1162 1524 1273 1554 tegant,
1291 1527 1341 1547 nec
1361 1521 1460 1554 passim
1476 1521 1642 1554 imperfectis

848 1570 876 1591 et
900 1565 990 1592 minus
1013 1566 1158 1600 capacibus
1183 1565 1332 1600 proferant.
1357 1575 1366 1592 ι
1383 1566 1546 1602 ‘Mysterium
1567 1568 1639 1595 enim

850 1611 932 1646 regis,
948 1621 957 1637 ι
976 1611 1014 1638 ait
1028 1611 1169 1647 Scriptura
1183 1612 1218 1644 ",
1239 1622 1248 1638 ι
1269 1612 1358 1640 celare
1373 1613 1472 1640 bonum
1489 1618 1541 1641 est.
1559 1623 1568 1639 1

883 1657 926 1684 15.
952 1666 961 1683 1
990 1657 1146 1685 Secundum
1184 1658 1359 1694 Evangelium
1390 1658 1500 1693 quidem
1537 1659 1640 1687 inimici

843 1704 960 1735 propter
972 1707 1019 1726 vos
1033 1708 1039 1726 :
1054 1701 1204 1728 secundum
1215 1701 1375 1728 electionem
1388 1707 1478 1729 autem
1490 1702 1642 1731 charissimi

850 1749 963 1781 propter
985 1751 1088 1781 patres.
1114 1745 1179 1773 Sine
1205 1747 1366 1781 poenitentia
1392 1747 1465 1774 enim
1490 1753 1554 1775 sunt
1572 1748 1642 1776 dona

843 1792 878 1842 (et
896 1793 1003 1820 vocatio
1022 1793 1080 1824 Dei,
1094 1792 1169 1820 Sicut
1188 1794 1261 1820 enim
1280 1802 1328 1821 vos
1346 1793 1492 1829 aliquando
1511 1802 1566 1822 non
1586 1803 1643 1822 cre-

850 1837 957 1866 didistis
976 1838 1042 1868 Deo.
1052 1846 1126 1865 nunc
1145 1843 1236 1866 autem
1251 1839 1331 1875 6&1
1348 1838 1560 1867 miscricordiam
1575 1848 1643 1868 con-

844 1875 938 1911 ‘secuti
958 1884 1025 1912 estis
1053 1889 1164 1920 propter
1191 1885 1312 1920 ipsorum
1340 1885 1557 1913 incredulitatem
1578 1895 1585 1913 ι
1606 1887 1642 1914 ita

851 1933 878 1957 et
897 1929 942 1957 isti
961 1937 1035 1956 nunc
1054 1930 1229 1958 crediderunt
1248 1930 1275 1957 in
1295 1931 1377 1958 vestri
1397 1931 1591 1965 misericordia,
1612 1939 1643 1960 ut

849 1979 878 2002 et
910 1975 961 2010 ipsi
990 1976 1204 2004 misericordiam
1239 1982 1442 2012 consequantur
1471 1986 1477 2005 :
1508 1978 1643 2006 conclusit

850 2020 923 2047 enim
940 2021 1011 2048 Deus
1027 2029 1124 2049 omnes
1143 2022 1169 2049 in
1191 2023 1389 2056 incredulitate,
1405 2028 1436 2051 ut
1453 2025 1580 2052 omnibus
1594 2025 1644 2052 mi-

850 2071 983 2094 sereatur.
1000 2066 1022 2094 Ο
1041 2068 1156 2095 altitudo
1174 2068 1329 2096 divitiarum
1350 2069 1490 2105 sapientia!
1508 2076 1535 2098 et
1554 2070 1640 2098 scien-

850 2112 895 2140 tiae
914 2112 962 2140 Dei
984 2122 990 2140 :
1011 2121 1091 2148 quam
1112 2114 1296 2142 inscrutabilia
1315 2119 1380 2143 sunt
1396 2116 1498 2151 judicia
1518 2117 1593 2151 ejus,
1614 2122 1643 2144 et

852 2159 1053 2195 investigabiles
1077 2161 1127 2188 viae
1145 2160 1219 2195 eiusl
1242 2160 1308 2195 Quis
1332 2162 1405 2189 enim
1432 2163 1558 2197 cognovit
1577 2171 1641 2190 sen-

851 2211 910 2231 sum
930 2202 1053 2230 Domini?
1071 2202 1127 2229 Aut
1142 2203 1202 2236 quis
1226 2203 1264 2230 illi
1290 2203 1463 2230 consiliarius
1485 2203 1556 2230 fuit?
1585 2205 1638 2230 Aut

25 2247 130 2280 tionibus
158 2252 260 2285 scripta
289 2251 484 2279 beatitudinem
510 2251 693 2282 continentia,
715 2251 738 2277 si
764 2251 797 2278 de
813 2262 836 2289 υ
851 2250 912 2283 quis
928 2249 1002 2283 prior
1022 2248 1096 2275 dedit
1108 2248 1145 2280 ei,
1162 2253 1189 2274 et
1212 2248 1380 2275 retribuetur
1393 2249 1438 2276 ei?
1453 2248 1586 2281 Quoniam
1604 2256 1639 2276 ex

26 2291 100 2329 lsrael,
118 2299 152 2326 ad
171 2297 300 2332 reliquias
321 2297 386 2324 istas
413 2304 474 2331 qua;
502 2296 593 2324 electae
613 2300 687 2329 sant,
713 2296 798 2330 perti-

27 2345 75 2368 tent
87 2351 93 2369 :
106 2344 126 2370 si
146 2345 179 2371 de
194 2345 330 2378 gentibus,
347 2344 379 2370 ad
398 2343 591 2378 plenitudinem
613 2346 745 2376 spectant.
767 2341 795 2369 Si

64 2410 85 2425 ⁷⁸
99 2411 148 2438 lsa.
164 2419 201 2441 Iv.
216 2411 242 2437 1.
292 2411 315 2426 ⁷⁷
330 2410 408 2437 Joan.
426 2417 469 2440 xv,
487 2409 527 2436 I5.
575 2409 597 2424 ⁷³
613 2409 691 2436 Rom.
702 2409 774 2440 xt,5.

824 2410 846 2425 ⁷³
861 2409 911 2436 Isa.
930 2418 948 2438 ι,
960 2408 987 2435 9.

854 2295 923 2329 ipso,
940 2298 968 2321 et
983 2301 1032 2328 per
1044 2293 1143 2328 Ipsum,
1160 2297 1187 2320 et
1203 2293 1229 2320 in
1246 2293 1304 2327 ipso
1316 2298 1378 2320 sunt
1393 2293 1484 2320 omnia
1498 2302 1505 2320 :
1518 2294 1566 2328 ipsi
1579 2294 1638 2329 glo-

852 2341 892 2368 ria
902 2340 929 2367 in
945 2339 1042 2367 smcula
1057 2339 1228 2367 saeculorum.
1239 2337 1325 2366 Amen
1335 2339 1358 2354 '°
1369 2339 1452 2374 (19).»
1466 2339 1565 2366 Eadem
1577 2348 1639 2374 per-

1043 2407 1066 2423 ³⁰
1076 2407 1156 2434 Joau.
1172 2415 1218 2439 xv,
1229 2406 1256 2434 3.
1313 2406 1334 2422 "
1350 2407 1400 2434 Isa.
1420 2415 1442 2439 l,
1457 2406 1500 2435 25.
1521 2407 1543 2423 ³⁷
1557 2405 1637 2436 Joan.

29 2448 42 2474 ν.
55 2443 95 2472 22.
132 2446 157 2462 ⁸³
179 2446 276 2480 Philip.
299 2453 328 2478 ll,
344 2446 370 2474 7.
406 2445 450 2471 ⁸⁸1
472 2444 541 2472 Tim.
557 2452 591 2477 u,
604 2443 632 2470 4.
670 2444 693 2459 ⁸⁵
710 2444 776 2471 Tol).
788 2451 837 2477 xu,
854 2445 855 2448 “

879 2464 881 2470 .
918 2443 942 2459 ⁸⁸
956 2443 1034 2470 Rom.
1051 2450 1090 2474 xu,
1104 2442 1139 2469 28
1155 2450 1212 2476 seq.

51 2501 85 2535 l9)
103 2503 186 2536 Editi,
204 2513 213 2529 ι
239 2504 346 2534 liberet,
359 2508 386 2530 et
405 2506 511 2529 avertat
531 2501 683 2536 impietates
700 2501 733 2528 ab
749 2500 796 2528 Ja-

31 2535 73 2562 aoh.
87 2538 189 2565 Avertit
201 2543 300 2568 autent.
320 2548 329 2564 1
347 2542 399 2564 etc.

52 2570 101 2606 (I0)
116 2573 162 2599 Sic
176 2580 225 2599 ms.
240 2573 339 2604 Regius
351 2580 425 2599 num.
441 2571 519 2599 1659.
529 2571 625 2598 Caeteri
638 2579 702 2598 vero
717 2579 795 2604 mss.,

33 2601 139 2635 labamus
156 2612 184 2634 et
201 2601 298 2638 editiﬁ
318 2606 620 2634 delcvit....inundavit.
641 2615 650 2632 ι

52 2638 104 2676 (II)
121 2642 207 2674 Editi.
224 2651 233 2668 ι
251 2647 278 2669 et
291 2643 387 2676 spiritu
403 2641 523 2668 ultionis.
538 2649 548 2666 1

50 2674 99 2713 (νζ)
115 2677 196 2709 Editi,
218 2687 227 2702 ι
247 2674 412 2713 pertingere,
431 2687 440 2702 ι
456 2682 483 2704 ct
503 2678 538 2704 ita
556 2677 699 2712 legendum
721 2678 796 2705 vide-

35 2712 70 2768 ἓξ
83 2710 209 2740 Rabanus
230 2710 296 2740 vero
319 2710 352 2740 cf
365 2720 429 2740 mss.
451 2713 536 2739 nostri
559 2710 668 2745 omnes,
688 2722 697 2737 ι
714 2714 798 2747 perti-

64 2751 85 2768 0.
103 2756 111 2768 ι

53 2749 85 2771 ΓΘ.
103 2756 111 2771 1

52 2778 100 2810 (15)
118 2782 268 2809 Plenitudo.
289 2783 370 2810 Deest
382 2783 409 2809 in
425 2788 503 2810 antea
520 2782 609 2810 editis.

51 2813 100 2849 (Μ)
121 2827 130 2843 ‹
159 2817 217 2844 Hoc
244 2827 254 2843 1
278 2817 356 2845 deest
376 2818 401 2844 in
427 2818 524 2852 editis,
546 2823 573 2846 et
591 2817 744 2845 restituitur
763 2827 796 2846 ex

38 2848 111 2877 uoltus
129 2860 194 2880 mss,

52 2883 100 2920 (πὶ)
115 2887 196 2920 Εάἱιὶ,
214 2897 223 2914 1
241 2887 267 2914 Si
286 2895 351 2923 ergo
381 2897 389 2908 ι

885 2501 940 2537 (16)
959 2501 1041 2537 Editi,
1056 2509 1065 2525 1
1083 2499 1140 2526 sive
1156 2503 1184 2537 et
1196 2498 1368 2537 ex_gcn_tibns
1381 2497 1506 2537 veniant.“
1518 2504 1638 2532 praesen-

851 2532 893 2564 tis'
905 2532 1044 2570 temporis,
1069 2543 1079 2560 1
1095 2533 1210 2561 etc.Ms.
1227 2533 1328 2568 Regius
1346 2540 1421 2559 num.
1441 2532 1519 2565 I659,
1537 2542 1546 2558 ι
1566 2540 1639 2566 pra:-

850 2572 918 2599 scuti
938 2577 1070 2606 tempore.
1090 2579 1102 2606 1

886 2606 943 2639 (17)
961 2601 1001 2632 Ita'
1015 2613 1065 2632 ms.
1089 2604 1190 2642 Regius
1214 2611 1288 2642 num.
1306 2602 1409 2642 1651191
1423 2602 1559 2642 Itabauus.
1578 2601 1637 2642 flia:

851 2636 976 2676 terivero
994 2648 1057 2667 mss.
1074 2636 1186 2676 etne—diti
1198 2658 1206 2670 .
1226 2638 1288 2676 (Et
1312 2637 1460 2676 purilicabo
1486 2642 1511 2676 te
1529 2636 1584 2670 igni
1603 2636 1636 2676 ad

850 2675 1091 2711 purificationem.‘
1106 2673 1204 2701 Verum
1237 2673 1294 2711 haec.
1313 2671 1377 2706 Ipsa
1403 2671 1538 2711 purgatio.
1550 2671 1637 2711 .._'._t_le

850 2705 1036 2744 peccatoribus
1049 2709 1149 2744 exigat,
1163 2717 1172 2734 1
1191 2711 1243 2734 etc.
1261 2707 1323 2744 Haec
1334 2705 1416 2734 caute
1428 2706 1549 2744 legenda.
1567 2705 1637 2732 Vide

852 2742 1035 2778 Drigeuinnor.
1054 2743 1100 2770 lib.
1119 2751 1148 2773 tt,
1164 2747 1260 2778 quiest.
1275 2743 1318 2775 11,
1341 2750 1415 2769 1111111.
1433 2742 1475 2768 I6.

886 2777 942 2813 (18)
964 2779 1043 2810 Editi,
1062 2787 1071 2803 ι
1087 2778 1188 2805 habere
1200 2777 1292 2813 voluit.
1315 2786 1325 2803 ι

892 2811 948 2849 (l9)
964 2813 1026 2840 Haac
1045 2813 1137 2849 verba,
1164 2822 1176 2849 At
1187 2812 1320 2849 conclusit
1340 2811 1415 2849 enim
1441 2812 1521 2839 netis.
1533 2819 1551 2849 D_
1567 2815 1634 2842 ειη..

858 2846 943 2883 usque
958 2849 1001 2878 ad,
1024 2848 1070 2874 «in
1090 2847 1187 2874 saecula
1210 2848 1380 2883 smeulorum,
1403 2847 1499 2876 Amen.
1513 2855 1521 2871 ι
1537 2846 1635 2873 desunt

857 2885 882 2911 in
897 2881 986 2916 editis,
1002 2889 1029 2910 et
1044 2883 1222 2910 restituuntur
1233 2890 1264 2909 ex
1280 2881 1406 2909 omnibus
1421 2889 1487 2908 mss.
