1852 3053
83 139 151 167 1201

563 139 743 168 COMMENT.
759 140 792 168 IN
804 140 914 170 EPIST.
936 141 981 169 AD
996 141 1079 170 ROM.
1098 141 1160 170 LIB.
1178 142 1224 170 IX.

1637 144 1706 170 Hit’I

81 199 232 233 perniciem
250 197 371 234 praebet?
384 197 430 225 llis
442 197 524 232 igitur
538 199 669 233 generali,
687 204 818 234 quantum
830 199 872 226 vi-
886 202 909 230 Α
924 200 982 227 tiat.
996 199 1147 227 Consilium
1169 208 1233 228 vero
1246 199 1363 234 sapienti
1383 199 1538 227 necessario
1555 199 1581 227 in
1598 200 1706 234 sapien-

80 245 177 276 detttr,
196 243 341 278 Apostolus
370 243 474 271 ratione
503 245 666 279 perspectis,
686 245 822 272 exclamat
844 250 872 272 et

80 289 160 320 dicit,
177 289 239 324 quia
258 294 331 316 tanta
349 293 388 316 est
406 289 520 317 altitudo
537 290 691 317 divitiarum
713 290 771 323 Dei,
789 296 816 319 et
828 300 872 319 sa-

81 334 195 368 pientia:
206 335 265 370 ejus
279 338 354 361 tanta
365 340 408 362 est
420 333 546 368 altitudo,
561 340 587 363 ct
596 336 718 363 scientia:
734 336 872 365 nihilomi<

82 388 138 408 nus
152 384 227 408 tanta
250 385 292 408 est
307 380 422 408 altitudo
448 381 491 418 (ad
508 382 598 409 omnia
615 383 687 410 enim
709 381 767 411 hac
779 382 870 412 altitu-

81 424 156 452 dinis
174 430 264 452 sermo
277 419 497 458 deserﬂtl'ﬁﬁl),
511 430 541 453 ut
554 428 670 454 scrutari
682 427 783 460 judicia
801 428 871 463 ejus,

81 470 185 504 quibus
199 477 418 505 unamquamque
433 471 551 499 animant
570 477 652 508 atque
667 481 775 501 omnem
789 480 871 502 natu-

82 522 146 543 ram
172 516 363 544 rationabilem
392 517 543 552 dispensat,
570 526 650 547 nemo
678 517 802 554 suﬂicial,
822 530 872 549 nec

83 561 145 587 vias
160 560 206 589 Dei
225 562 323 596 quibus
339 562 506 596 providentia
529 565 588 599 ejus
604 565 706 593 incedit
723 566 780 602 (56)
800 566 873 594 int-c-

82 606 189 639 stigare
206 606 307 641 aliquis
322 609 417 642 possit.
443 608 548 644 Aliquis
574 615 662 638 autem
682 611 796 639 dicimus
819 617 871 640 non

83 649 174 677 solum
199 651 356 684 hominum,
379 651 426 678 sed
450 657 478 680 et
502 654 586 681 totius
610 659 755 683 creaturae.
780 655 873 690 Neque

79 696 159 724 enim
178 696 367 725 inserutabilia
386 697 490 733 judicia
510 698 569 734 eius
590 699 658 735 (57),
676 705 704 727 et
730 701 873 736 investiga-

82 741 156 769 biles
170 741 221 769 vite
233 742 292 777 ejus
308 743 475 777 dicerentur,
493 744 545 772 nisi
560 745 623 780 quia
644 745 718 773 nulla
735 751 777 774 est
793 752 872 775 crea-

81 791 149 813 tura
169 794 229 821 quse
247 787 290 814 vel
307 787 471 824 investigare
490 790 580 817 valeat
600 790 656 824 illa,
679 792 720 819 vel
744 793 871 820 scrutari.

82 831 170 859 Solus
181 837 224 860 est
235 833 307 859 enim
321 833 406 861 Filius
425 835 471 869 qui
490 836 597 863 noverit
617 836 726 864 Patrem
737 837 772 871 ",
788 842 815 866 et
829 846 874 866 so-

80 877 129 905 lus
144 882 185 905 est
211 887 220 904 t
230 879 347 913 Spiritus
361 890 371 906 ι
392 887 501 909 sanctus
523 883 568 918 qtti
596 892 607 909 ι
620 889 756 912 scrutatur
769 885 873 919 omnia,

79 925 168 952 etiam
183 924 352 953 altitudinem
367 926 412 954 Dei
426 927 450 942 "
463 927 530 962 (38).
544 938 554 954 ι
571 929 603 955 Ει
616 929 676 956 ideo
693 930 761 958 itane
777 928 873 958 altitu-

78 968 177 996 dinem
191 969 249 1002 Dei,
264 977 345 1004 quam
365 975 393 998 et
408 971 615 1001 inscrutabilem
639 974 706 1001 dicit
719 979 748 1001 et
762 975 874 1003 ini/esti-

77 1013 215 1048 gabilem,
229 1020 364 1043 creaturae
378 1017 451 1045 omni
468 1018 672 1047 inscrutabilem
686 1026 714 1047 et
729 1021 876 1056 investiga~

80 1059 169 1088 bilem
192 1061 270 1089 dicit.
288 1061 326 1090 De
344 1062 413 1090 Filio
427 1068 493 1091 vero
508 1068 536 1092 et
559 1065 661 1100 Spiritu
677 1072 769 1094 sancto
783 1068 875 1095 dicere

80 1105 140 1131 ista
156 1112 208 1132 non
225 1110 345 1140 poterat,
365 1108 431 1142 quia
449 1108 534 1136 Filius
551 1109 578 1137 in
601 1109 746 1145 Evangelia
762 1111 827 1139 dicit
840 1110 873 1139 ad

80 1148 196 1176 Patrem
207 1159 214 1176 :
225 1159 234 1176 ι
248 1150 338 1183 Pater,
350 1153 441 1180 omnia
451 1160 509 1181 mea
518 1158 563 1181 tua
574 1161 648 1189 sunt,
659 1161 686 1183 et
698 1161 741 1183 ttta
753 1164 812 1184 mea
818 1157 872 1191 ⁹³;»

80 1199 113 1221 et
135 1195 168 1222 de
195 1195 298 1230 Spiritu
319 1203 415 1225 sancto
443 1199 502 1234 ipse
523 1199 624 1228 Paulus
655 1202 814 1236 pronuntiat
834 1203 876 1230 di-

80 1248 152 1268 cens
160 1241 182 1257 ⁹⁸
196 1251 203 1269 :
221 1251 230 1268 ‹
241 1241 325 1270 Nemo
340 1245 414 1271 enim
436 1246 489 1273 scit
512 1246 651 1275 hominum
667 1255 726 1282 quae
750 1254 811 1276 sunt
826 1249 876 1277 ho-

83 1286 179 1319 minis,
196 1287 247 1315 nisi
265 1289 377 1323 spiritus
392 1290 513 1318 hominis
526 1292 572 1327 qui
593 1293 620 1320 in
647 1293 705 1328 ipso
718 1298 759 1321 est
776 1304 782 1321 :
797 1295 831 1321 ita
848 1298 875 1323 et

79 1339 147 1365 qua:
175 1332 201 1359 in
229 1333 284 1361 Deo
312 1341 385 1369 sunt,
414 1344 495 1364 netno
512 1339 652 1373 cognovit,
679 1340 731 1367 nisi
757 1340 876 1375 Spiritus

83 1377 135 1404 Dei
150 1378 218 1413 (59).
231 1388 240 1405 ι
260 1379 341 1408 Vides
357 1388 422 1416 ergo
439 1383 510 1418 quod
527 1383 626 1412 Paulus
643 1385 669 1412 in
686 1386 813 1420 praesenti
828 1393 875 1413 ca-

80 1423 174 1458 pitulo
191 1424 218 1451 in
233 1425 276 1453 his
293 1433 353 1461 quae
366 1427 431 1455 dicit
445 1438 452 1455 :
469 1438 478 1454 ε
491 1429 558 1462 Quis
574 1431 645 1458 enim
663 1433 791 1467 cognovit
812 1441 875 1463 sen-

82 1477 148 1517 sum
168 1469 284 1505 Domini,
302 1477 349 1500 aut
366 1474 428 1508 quis
451 1474 488 1501 illi
512 1476 683 1504 consiliarius
699 1477 748 1505 fttit
763 1479 840 1517 (40)?
860 1490 870 1507 ι

925 246 960 273 tia
980 252 1028 273 sua
1044 249 1096 279 est,
1112 246 1156 280 qui
1181 251 1223 273 est
1241 245 1378 277 Christus,
1395 249 1423 273 et
1445 253 1472 272 tn
1486 245 1643 277 sanctitate,
1660 246 1706 280 qui

922 296 964 319 est
982 291 1099 326 Spiritus
1120 296 1238 318 sanctus.
1259 288 1347 319 Simili
1367 295 1457 318 autem
1483 291 1561 318 modo
1576 295 1603 318 et
1617 300 1627 317 ‹
1641 292 1706 325 Quis

923 336 998 372 prior
1019 336 1092 364 dedit
1111 337 1148 370 ei,
1165 340 1193 363 et
1213 335 1379 363 retribuetur
1401 336 1447 364 ei?
1462 343 1471 361 ι
1503 335 1706 371 intelligendum

922 387 973 411 cst.
988 382 1072 410 Nemo
1092 383 1163 410 enim
1182 381 1284 418 aliquid
1302 382 1398 410 faetori
1414 390 1464 410 suo
1479 383 1554 417 prior
1570 383 1684 410 contulit
1698 393 1705 410 :

922 429 1021 464 quippe
1035 436 1096 456 cutn
1121 428 1204 455 ctiam
1231 427 1282 455 hoc
1308 428 1396 462 ipsmn
1411 427 1482 463 quod
1496 432 1549 460 est,
1566 428 1708 462 unusquis-

922 483 977 510 que
993 483 1007 502 a
1029 474 1170 502 conditore
1192 474 1352 508 susceperit.
1372 483 1381 500 ‹
1394 473 1527 507 Quoniam
1544 481 1575 500 ex
1599 473 1669 508 ipso,
1684 480 1711 499 ct

923 527 971 556 per
985 521 1085 556 ipsum,
1102 523 1128 547 et
1146 520 1172 547 in
1188 520 1246 555 ipso
1257 524 1319 548 sunt
1334 519 1438 547 omnia.
1452 527 1460 544 ι
1481 518 1561 546 Vides
1573 519 1711 553 quomodo

925 568 950 593 iu
967 566 1069 594 ultimis
1086 565 1216 598 ostendit,
1227 565 1298 601 qttod
1317 565 1344 593 in
1360 564 1486 593 omnibus
1501 572 1560 599 quae
1574 571 1655 599 supra
1672 564 1712 590 til-

924 612 974 644 xit,
1009 612 1158 646 signaverit
1183 610 1240 646 (4‘2)
1265 611 1423 646 mysterium
1448 610 1601 637 Trinitatis.
1633 610 1711 637 Sicut

923 658 995 684 cnim
1011 657 1037 684 itt
1063 657 1190 692 przcsenti
1208 657 1268 684 loco
1281 656 1351 690 quod
1369 655 1428 682 ait:
1446 664 1454 681 ι
1469 655 1602 689 Quoniam
1620 663 1653 682 ex
1668 655 1708 688 ip-

923 710 965 733 so,
980 707 1007 729 et
1022 710 1069 737 per
1085 702 1186 737 ipsum,
1202 706 1229 728 et
1244 702 1268 727 iu
1285 700 1342 734 ipso
1359 704 1422 726 sunt
1436 699 1539 730 omnia,
1554 708 1562 723 ι
1580 698 1709 725 convenit

925 747 977 774 illis
994 747 1074 774 dictis
1089 755 1149 781 qua:
1180 746 1250 774 idem
1281 745 1425 780 Apestolus
1446 744 1473 771 itt
1499 744 1560 771 aliis
1579 748 1711 771 memorat

923 793 991 820 locis
1006 801 1068 821 cutn
1084 792 1182 820 dicit”
1199 801 1205 818 :
1221 800 1231 816 ι
1246 790 1322 819 Unus
1347 790 1417 817 Deus
1440 788 1522 816 Pater
1538 796 1569 815 ex
1584 796 1637 822 quo
1652 796 1710 814 Oltt-

924 839 980 870 nia,
1003 844 1030 866 et
1052 846 1121 865 unus
1145 838 1274 865 Dominus
1299 840 1392 862 noster
1419 835 1498 862 Jcsus
1520 835 1643 862 Christus
1663 828 1711 868 per

925 893 1006 920 quem
1022 884 1152 916 omnia”
1170 888 1197 911 et
1209 884 1273 911 item
1287 884 1312 910 in
1327 883 1429 919 Spiritu
1447 881 1492 909 Dei
1512 880 1578 908 dicit
1596 881 1709 908 revelari

925 930 1015 958 omnia
1023 930 1058 962 ",
1074 935 1101 957 et
1121 936 1169 964 per
1179 929 1237 956 haec
1250 929 1375 963 designat
1393 928 1418 954 in
1435 926 1561 954 omnibus
1578 932 1638 953 esse
1652 934 1711 961 pro-

925 975 1071 1002 videntiam
1091 974 1250 1005 Trinitatis;
1273 973 1309 1000 ita
1331 976 1359 1000 et
1378 979 1439 999 cttnt
1465 971 1552 998 dicit:
1571 970 1711 998 (Altitudo

926 1021 1092 1052 divitiarum,
1103 1029 1114 1045 θ
1131 1019 1248 1050 Patrem,
1272 1025 1306 1046 ex
1327 1024 1380 1052 quo
1397 1017 1487 1045 omnia
1505 1017 1571 1043 dicit
1585 1023 1656 1048 esse,
1672 1014 1712 1041 si-

925 1065 1057 1100 gnificat:
1081 1069 1108 1092 et
1135 1064 1275 1098 sapientiae
1301 1061 1649 1094 altitudinem,Christum,
1665 1061 1710 1094 qui

925 1116 968 1139 est
989 1110 1123 1145 sapientia
1147 1110 1217 1144 eius,
1241 1109 1382 1137 ostendit:
1400 1114 1426 1136 et
1449 1109 1570 1136 scientia:
1589 1106 1711 1134 altitudi-

925 1164 998 1189 nem,
1017 1156 1148 1191 Spiritum
1159 1159 1293 1188 sanctum,
1308 1155 1354 1190 qui
1368 1155 1448 1188 etiam
1462 1154 1514 1181 alta
1531 1153 1576 1180 Dei
1591 1151 1709 1183 novit",

927 1203 1049 1231 declarat
1060 1199 1129 1238 (15).
1143 1201 1338 1229 Verumtamen
1351 1201 1423 1236 quod
1439 1200 1524 1228 dicit:
1541 1208 1549 1224 ι
1567 1198 1604 1225 Es
1623 1198 1708 1232 ipso,»

926 1249 977 1277 hoc
990 1250 1078 1284 ipsum
1094 1248 1166 1283 quod
1178 1255 1270 1276 sumus
1286 1247 1390 1275 indicat
1404 1255 1410 1272 :
1432 1256 1441 1272 ‹
1454 1246 1505 1273 Per
1529 1245 1617 1280 ipstttn
1634 1254 1642 1270 ι
1663 1252 1708 1269 τηις

928 1297 993 1328 tem,
1013 1295 1084 1330 quod
1112 1301 1160 1329 per
1177 1293 1237 1328 eius
1252 1293 1452 1329 providentiam
1474 1292 1665 1326 dispensantur
1681 1290 1708 1316 in

926 1342 980 1369 vita
997 1350 1004 1369 :
1022 1351 1031 1367 ε
1044 1341 1071 1368 In
1098 1341 1156 1376 ipso
1169 1350 1177 1366 I
1194 1347 1269 1372 vero,
1286 1339 1356 1374 quod
1383 1338 1516 1374 perfectio
1536 1337 1657 1364 omnium
1684 1341 1711 1362 ct

926 1386 988 1413 ﬁnis
1004 1387 1029 1413 in
1046 1386 1104 1421 ipso
1118 1386 1171 1413 erit
1187 1389 1251 1412 tunc
1264 1391 1324 1412 cum
1341 1385 1393 1411 erit
1410 1383 1479 1410 Deus
1492 1382 1581 1410 omnia
1599 1382 1624 1408 itt
1647 1389 1708 1408 οιιιν-

926 1431 1004 1460 uibus
1015 1432 1038 1448 "
1053 1440 1060 1459 :
1076 1436 1104 1459 et
1129 1436 1193 1459 tttne
1225 1440 1235 1457 ‹
1247 1431 1298 1466 ipsi
1334 1430 1419 1465 gloria
1435 1429 1461 1456 in
1485 1428 1582 1455 szccula
1600 1428 1712 1454 smculu-

925 1485 986 1505 rutn
1003 1477 1058 1513 (14)
1075 1477 1192 1504 :Atnen.
1216 1476 1244 1503 in
1269 1476 1378 1508 saecttia,
1395 1485 1404 1502 l
1426 1479 1535 1511 propter
1561 1475 1613 1500 hoc
1638 1473 1709 1506 quod

82 1514 123 1565 de
147 1517 283 1567 creaturis
300 1517 390 1551 dicat;
413 1523 538 1547 naturam
563 1527 628 1549 vero
644 1521 785 1552 Trinitatis
801 1514 874 1554 ἐπὶ·
887 1538 909 1569 c
925 1523 1057 1558 perfectio
1071 1523 1192 1550 omnium
1209 1522 1265 1558 (45)
1294 1530 1347 1549 non
1380 1522 1450 1549 intra
1482 1527 1563 1548 ututm
1581 1519 1711 1547 saeculum

80 1559 144 1594 piat
161 1569 167 1587 :
184 1561 283 1596 quippe
305 1563 347 1590 cui
367 1563 434 1591 nihil
451 1566 558 1593 sitcum
579 1572 703 1596 creatura
718 1576 873 1605 commune,

82 1606 140 1634 nisi
155 1606 342 1637 beneficentia:
355 1617 434 1644 opus.
458 1611 511 1639 Sed
525 1617 551 1640 et
567 1614 637 1647 quod
653 1615 691 1642 ait
706 1624 713 1642 :
730 1625 739 1642 ‹
752 1617 819 1650 Quis
836 1617 873 1646 illi

82 1653 260 1682 consiliarius
275 1655 344 1682 fuit?
357 1664 366 1682 ι
381 1655 439 1684 Nan
455 1658 533 1691 qttasi
548 1659 638 1686 minus
659 1661 716 1694 ipse
733 1660 873 1691 sufﬁciens

82 1698 203 1725 consilio
227 1699 361 1734 indigeret
383 1700 507 1733 alterius,
522 1700 569 1729 Sed
580 1703 689 1730 consilii
707 1705 865 1739 participem

83 1744 190 1772 nullum
211 1746 319 1779 quidem
348 1747 418 1774 inter
435 1754 578 1776 creaturas
592 1749 648 1785 (41)
672 1758 733 1777 esse
750 1757 869 1785 pronun-

83 1809 1610 1824 .__.__._______—_____,_

927 1568 1108 1599 c0neluditur.
1126 1568 1173 1595 sed
1198 1568 1225 1595 itt
1252 1567 1335 1595 ntulta
1357 1567 1539 1602 protenditur,
1552 1571 1579 1593 et
1596 1565 1640 1592 vis
1664 1565 1712 1591 ali-

927 1615 1034 1650 quando
1060 1614 1231 1648 adimplenda
1269 1617 1407 1648 speratur.
1441 1612 1536 1646 Jungit
1566 1615 1654 1638 autettt
1684 1616 1712 1637 ct

929 1670 938 1687 ε
952 1661 1049 1693 Amen,
1063 1669 1073 1686 ι
1099 1665 1128 1686 ut
1146 1660 1328 1694 intelligamus
1351 1667 1399 1694 per
1415 1659 1489 1686 illum
1504 1658 1537 1685 ad
1553 1658 1634 1685 istam
1648 1656 1712 1683 bea-

927 1707 1069 1734 titutlinem
1089 1705 1261 1736 veniendum,
1275 1706 1307 1732 de
1320 1713 1374 1740 qtto
1389 1705 1520 1739 scriptuttt
1535 1708 1577 1731 est
1597 1704 1622 1730 itt
1640 1703 1712 1737 Apo-

926 1752 1025 1786 calypsi
1044 1772 1050 1778 .
1071 1761 1079 1776 ι
1093 1750 1154 1777 Ilzec
1170 1750 1233 1777 dicit
1248 1750 1293 1784 qui
1313 1755 1355 1777 est
1366 1750 1490 1778 Amen".
1507 1760 1515 1776 ι

684 1888 861 1932 LIBER
899 1888 1123 1934 NONUS.

122 2014 206 2051 αθ
221 2015 246 2042 1.
260 2015 326 2042 Cum
336 2023 384 2051 per
393 2023 499 2044 omnem
514 2021 614 2044 textum
625 2018 784 2053 Epistulaein
794 2027 872 2054 supe-

83 2062 210 2090 rioribus
224 2061 359 2089 docuisset
372 2062 519 2097 Apostolus
528 2064 663 2098 quomodo
686 2071 700 2090 a
720 2063 821 2092 Iudaeis
840 2066 872 2093 ad

144 2132 165 2148 ’¹
183 2128 277 2160 Matth.
297 2141 335 2165 xt,
355 2133 401 2160 27.
453 2133 475 2149 "
489 2133 496 2159 Ι
508 2133 569 2160 Cor.
583 2141 613 2166 tt,
628 2133 670 2160 10.

84 2176 119 2202 ιι,
143 2167 185 2195 10.
222 2167 245 2184 ’⁷
260 2168 326 2196 ibid.
363 2168 467 2197 "ibid.
495 2175 539 2200 xv,
558 2169 601 2196 28.
641 2169 757 2204 "Apoc.
772 2176 812 2200 ιη.
829 2170 870 2197 ‘IL.

87 2235 120 2254 ro
134 2234 214 2258 mss.,
232 2228 360 2255 Rabanus
376 2233 403 2254 et
424 2226 502 2259 editi,
529 2236 539 2252 ι
554 2229 875 2262 Incomprenensihilia...

723 2135 745 2151 ”
759 2133 835 2162 Joan.
851 2143 917 2168 xvu,
934 2135 976 2166 10.
1026 2135 1051 2150 "
1065 2134 1071 2162 Ι
1085 2134 1147 2162 Cor.
1166 2143 1197 2166 tt,
1214 2135 1257 2162 11.

925 2025 1053 2055 gentes,a
1072 2020 1280 2048 circumcisione
1297 2020 1330 2046 ad
1349 2019 1441 2052 ﬁdem,
1453 2027 1467 2046 a
1479 2019 1571 2046 littera
1585 2019 1617 2046 ad
1631 2020 1713 2055 spiri-

925 2071 991 2098 tum,
1004 2066 1037 2092 ab
1053 2066 1148 2093 umbra
1159 2066 1191 2092 ad
1206 2065 1360 2097 veritatem,
1373 2064 1406 2091 ab
1423 2065 1597 2093 observantia
1609 2065 1711 2092 carnali

1307 2134 1330 2150 ”
1344 2134 1352 2161 Ι
1367 2133 1429 2162 Cor.
1448 2141 1505 2166 vm,
1525 2133 1552 2161 6.
1588 2132 1711 2160 "lCor.

933 2228 1007 2263 prior
1022 2227 1097 2254 dedit
1119 2226 1169 2257 illi,
1189 2230 1217 2253 et
1235 2224 1401 2263 retribuetur
1421 2225 1465 2263 ei?
1475 2233 1496 2263 an
1509 2223 1571 2263 sed
1584 2223 1641 2250 haec
1663 2230 1712 2263 po-

87 2262 171 2302 Unde
186 2263 291 2290 enim...
309 2262 359 2302 ista
375 2263 461 2302 possit2
473 2258 559 2302 (editi.
585 2271 594 2286 ι
609 2258 653 2289 ῐι;ι’
678 2263 764 2302 possit
775 2263 797 2302 ξ)
820 2264 880 2298 opi-
895 2265 917 2292 D
931 2258 1033 2302 :strema
1050 2262 1131 2302 verba
1147 2271 1152 2288 :
1169 2270 1178 2285 ε
1189 2264 1237 2302 aut
1252 2261 1314 2295 quis
1338 2259 1411 2302 prior
1436 2259 1510 2302 dedit
1534 2258 1621 2302 illi'xet
1634 2259 1714 2285 retri-

88 2296 189 2324 nari...
217 2301 368 2332 verteretur
401 2296 507 2332 (editi,
536 2301 689 2330 tvertatur,
706 2307 714 2323 I
738 2296 877 2332 ﬂabant—ts,

89 2340 101 2358 ι
114 2332 244 2363 verteret)
260 2332 292 2359 ad
306 2331 429 2363 salutem,
442 2341 451 2357 ι
471 2336 523 2359 etc.
546 2340 556 2357 ›

133 2332 244 2393 ενιθγει)
260 2332 292 2359 ad
306 2332 429 2363 salutem,
442 2341 451 2357 ι
471 2336 523 2359 etc.
546 2340 556 2357 ›

131 2366 190 2401 (55)
203 2367 231 2393 Ε(
244 2367 273 2394 iti
290 2367 411 2402 plerique
432 2372 457 2402 et
483 2375 537 2402 nus.
546 2374 623 2402 unus
643 2368 773 2395 ontittunt
787 2376 797 2393 ‹
811 2368 854 2399 ad,
867 2377 876 2394 ι

86 2403 163 2462 Sitit".
177 2406 202 2429 et
217 2402 357 2442 iiabauus,
372 2401 417 2436 qui
436 2401 461 2428 in
479 2401 530 2428 iiue
544 2401 626 2429 habet
645 2411 655 2428 ι
668 2403 816 2430 disseruit»
831 2408 879 2438 pro

90 2448 100 2462 l
115 2446 122 2462 1
135 2442 245 2462 εεετγιι.
261 2447 271 2462 ι

90 2448 100 2463 ι
115 2442 245 2464 tleservtt.
261 2447 271 2463 ι

128 2471 188 2506 (56)
204 2471 249 2498 Sic
275 2478 326 2499 ms.
347 2471 448 2506 Regius
474 2478 550 2498 num.
579 2471 658 2499 1659.
690 2469 785 2500 Cteteri
813 2479 878 2500 vero

89 2507 323 2542 mss.,riiabauus
336 2512 361 2534 et
376 2506 450 2536 editi.
468 2513 541 2534 «nec
561 2506 618 2534 vias
646 2506 751 2535 Domini
779 2508 878 2542 quibus

88 2541 266 2578 providentia
284 2541 417 2578 incedit,t_
433 2545 488 2569 etc.

128 2576 186 2612 (57)
206 2576 283 2610 Ejus,
305 2581 332 2603 et
358 2576 436 2612 paulo
461 2580 523 2610 post
552 2576 618 2609 illa,
637 2576 735 2604 desunt
760 2577 786 2604 in
821 2577 878 2611 ple-

88 2612 187 2645 risque
200 2619 266 2638 mss.
279 2616 306 2638 et
321 2612 390 2645 aptul
405 2611 557 2643 Rabanum,
573 2619 676 2639 necnon
692 2616 720 2637 et
742 2611 768 2639 iu
784 2612 876 2643 editis,

87 2647 142 2676 sed
155 2647 335 2674 restituuntur
351 2654 383 2673 ex
397 2655 446 2674 nis.
466 2645 552 2680 Regio
563 2654 637 2673 ntttn.
655 2646 734 2674 1659.

128 2681 187 2717 (58)
202 2681 251 2709 Ms.
271 2681 373 2717 Begius
398 2681 571 2717 num._it559,
589 2681 737 2717 talIarDei.
754 2690 770 2717 »γ
779 2680 875 2708 (hateri

89 2715 160 2744 vero
176 2715 254 2748 inss.,
270 2716 400 2744 Rabanus
415 2721 443 2743 et
455 2715 532 2748 editi,
549 2725 558 2741 ‹
571 2716 740 2743 altitudinem
760 2716 817 2742 Di-i.
829 2726 838 2741 ι

129 2751 187 2786 (59)
208 2751 271 2779 Mss.
288 2752 411 2784 quidam,
439 2751 568 2786 “altanus
581 2755 608 2777 et
625 2751 700 2786 editi,
724 2751 793 2777 «nisi
815 2750 876 2783 Spi-

91 2787 164 2815 ritus
178 2785 303 2813 Domini.
319 2796 328 2812 ι
349 2786 402 2813 Sed
419 2785 520 2813 rectius
541 2793 605 2813 mss.
628 2785 704 2820 Regii
719 2793 793 2812 ttutn.
810 2786 876 2813 1659

89 2827 120 2850 et
137 2820 206 2848 1640
219 2826 247 2848 ut
264 2822 290 2847 iu
308 2826 401 2848 nostro
421 2825 506 2847 textu.

132 2856 188 2892 (10)
206 2856 287 2889 Editi,
303 2861 369 2883 «aut
392 2856 454 2890 quis
478 2855 650 2883 consiliarius
674 2855 734 2888 fuit,
749 2859 794 2882 aut
817 2855 876 2890 quis

931 2299 1028 2325 buetttr
1039 2296 1080 2323 ei!
1091 2306 1099 2322 ι
1123 2303 1172 2323 nec
1189 2296 1213 2323 in
1228 2291 1294 2322 mss.
1312 2291 1413 2322 nostris
1429 2300 1477 2322 nec
1490 2294 1558 2329 apud
1571 2291 1711 2320 Rabanutu

932 2332 1114 2367 reperiuntur.

969 2367 1025 2402 (st)
1040 2365 1152 2402 Siculis.
1167 2365 1267 2402 Regius
1284 2372 1358 2402 num.
1373 2363 1440 2402 1659
1451 2368 1478 2390 et
1491 2362 1628 2402 “abantis.
1642 2361 1711 2402 Editi

933 2397 1037 2434 vero,'«
1049 2400 1148 2428 nttllam
1175 2397 1367 2427 in'creaturis.
1383 2409 1392 2425 ι
1409 2398 1471 2434 Mss.
1493 2398 1601 2432 quidam
1614 2397 1714 2425 habent

932 2433 1013 2465 etiam
1032 2446 1041 2462 ι
1057 2436 1169 2463 nttllant.
1181 2445 1190 2460 ι
1209 2435 1310 2461 Deinde
1325 2434 1405 2461 iidem
1423 2433 1499 2465 editi,
1519 2442 1528 2458 ε
1540 2433 1565 2460 itt
1579 2433 1711 2467 sapientia

933 2480 981 2500 stta
999 2477 1040 2499 est
1054 2471 1163 2506 quidetn
1184 2469 1318 2506 Chr_isttts,
1332 2474 1359 2496 et
1377 2469 1403 2506 in
1433 2469 1585 2506 sanctitate
1602 2468 1711 2502 quidem

933 2506 1050 2541 Spiritus
1063 2503 1189 2533 sanctus.
1202 2515 1211 2530 ι
1230 2503 1282 2531 Sed
1299 2503 1389 2532 caeteri
1413 2511 1479 2531 mss.
1497 2508 1524 2530 et
1539 2503 1667 2530 liaharus
1683 2509 1712 2530 ut

932 2543 959 2570 in
977 2545 1069 2569 nostro
1082 2544 1164 2567 textu.

967 2577 1023 2613 (Η)
1039 2576 1120 2607 Editi,
1134 2574 1231 2609 quibus
1249 2574 1418 2613 consentittnt
1434 2581 1529 2613 omnes
1546 2572 1628 2613 nostri
1645 2580 1710 2612 mss.

931 2606 1050 2644 codices,
1067 2620 1075 2637 ι
1089 2606 1283 2645 segregaverit.
1298 2618 1307 2635 ι
1324 2608 1377 2636 Sed
1393 2609 1493 2635 rectius
1505 2606 1644 2639 Rabanus,
1660 2608 1712 2635 tsi-

931 2647 1064 2683 gnaverit.
1078 2656 1088 2673 ν

966 2680 1022 2718 (45)
1037 2681 1169 2709 Declarat.
1185 2678 1406 2708 Prastermittitttr
1417 2678 1443 2705 in
1466 2677 1543 2705 libris
1557 2681 1636 2703 anlca
1654 2677 1711 2703 edi-

929 2718 974 2744 tis.

967 2751 1023 2786 (Η)
1039 2751 1218 2779 chulorttm.
1236 2750 1318 2777 Dccst
1331 2749 1356 2776 itt
1368 2748 1450 2776 editis
1462 2752 1489 2776 et
1509 2748 1534 2781 in
1557 2755 1605 2774 tus.
1626 2746 1710 2780 Regio

931 2795 1006 2814 nutu.
1026 2786 1103 2813 1639.

967 2821 1025 2856 (15)
1045 2821 1127 2852 Editi,
1147 2830 1156 2846 ‹
1172 2820 1304 2856 perfectio
1319 2819 1416 2847 muttis.
1432 2828 1441 2844 ι
