1831 3052
161 99 230 128 1205

867 95 1028 124 ORIGENIS

1712 96 1777 123 ΗΜ

159 160 193 186 ad
205 157 407 186 observantiam
425 155 573 191 spiritalem
594 155 733 190 religionis
752 162 859 183 summa
889 155 945 190 (ιϐ)
960 158 984 185 Α
999 154 1024 181 in
1040 153 1137 180 librum
1148 152 1259 180 Levitici
1273 152 1363 186 aliqua
1375 151 1668 186 dicerenms(53),pro
1680 153 1780 180 Viribus

161 205 293 232 translata
312 204 358 236 sit,
369 207 397 230 et
408 203 467 230 hate
478 202 516 229 ita
528 201 617 238 futura
629 201 796 237 propheticis
809 202 946 229 ostendis-

159 255 201 278 set
220 250 332 278 vocibus
356 249 499 283 designata
520 256 527 274 :
544 246 601 283 jam
621 254 693 275 nunc
715 242 847 281 spiritalis
867 247 947 280 hujus

159 295 348 327 observantite,
360 295 394 322 ad
413 301 494 329 quam
508 294 598 322 cultus
616 293 663 320 Dei
681 294 762 320 ritum
781 293 873 320 docuit
885 300 946 320 esse

160 342 331 373 translatum,
349 341 506 375 aggreditur
524 347 615 367 mores
633 344 660 367 et
676 339 799 367 instituta
812 338 868 373 (47)
881 345 945 366 san-

157 387 226 420 cire,
238 390 266 413 ct
281 386 319 413 ait
336 394 344 413 :
358 385 472 413 Obsecro
485 386 575 420 itaque
586 393 640 416 uos.
656 385 764 419 fratres,
782 391 829 418 per
840 384 943 410 miseri-

156 434 274 460 cordiam
295 433 354 466 Dei,
378 438 405 460 ut
420 433 566 460 exltibeatis
586 431 643 468 (48)
664 441 775 467 corpora
794 437 879 460 uestra
894 433 943 458 ho-

156 478 234 504 stiam
251 479 389 510 uiuentem,
401 483 532 510 sanctam,
553 477 608 505 Deo
623 477 943 511 placentem,rationabile

155 525 308 558 obsequium
325 529 449 551 uestrum.
477 523 512 550 Et
536 523 616 551 nolite
637 523 800 558 conformari
814 523 874 550 huic
890 531 942 550 stu-

154 568 214 594 culo
230 575 239 594 :
255 569 300 595 sed
332 569 514 603 reformamini
545 568 711 595 renovatione
732 575 822 595 sensus
840 569 919 595 uestri
930 574 942 596 ξ

154 619 182 640 ιιι
199 613 314 648 probetis
335 623 393 648 qua:
415 615 450 641 sit
465 614 585 641 uoluntas
606 613 666 646 Dei,
684 613 753 648 quod
778 613 892 646 bonum,
916 618 942 640 et

155 658 367 691 betteplaet'tum,
394 665 419 686 et
449 659 594 693 perfectum
624 658 643 686 ¹.
667 658 818 692 Quoniam,
841 658 940 693 inquit,

153 703 323 731 ostendimus
346 711 361 730 a
384 703 529 731 sacriﬁciis
555 703 712 731 carnalibus
741 704 940 737 recedendum,

154 750 303 776 secundum
315 749 388 784 quod
405 755 432 777 et
443 749 578 785 Propheta
595 750 679 778 dicit:
697 750 806 778 [Ionias
826 755 851 777 et
866 750 942 778 obla-

154 794 253 821 tionem
267 795 396 826 noluisti.
415 804 460 823 nec
475 796 575 831 placita
593 801 655 823 sunt
675 797 743 824 tibi'
756 805 764 824 :
779 805 860 830 nunc,
881 798 937 830 ait,

154 840 240 867 doceo
258 848 306 868 vos
331 841 430 876 quibus
448 842 547 870 hostiis
570 843 719 870 delectetur
732 843 861 871 Deus:ct
881 845 938 873 haec

153 884 237 912 doceo
257 893 310 912 non
323 886 401 921 quasi
421 887 570 922 imperans,
584 887 652 916 nihil
663 888 735 915 enim
747 889 855 923 prolicit
872 889 939 924 legis

153 930 307 964 imperium,
320 933 366 959 sed
379 933 458 967 quasi
471 933 517 968 qui
534 933 650 961 ollicium
663 935 829 969 susceperim
844 943 939 963 recon-

152 976 258 1004 ciliandi
279 985 326 1004 vos
349 977 413 1010 Deo,
436 979 541 1006 obsecro
563 987 620 1012 vos,
640 979 752 1013 fratres;
775 985 802 1007 et
825 981 938 1009 obsecro

152 1029 206 1049 non
218 1030 268 1057 per
280 1024 442 1057 potentiam,
455 1025 501 1052 sed
515 1033 561 1059 per
575 1025 784 1052 misericordiam
802 1026 859 1053 Dei.
869 1026 936 1060 Quia

150 1067 235 1098 enim,
253 1067 324 1094 sicut
338 1075 422 1103 supra
440 1068 544 1095 ostendi
561 1068 629 1103 (49),
639 1076 734 1096 omnes
744 1069 863 1097 conclusi
875 1073 938 1098 sunt

149 1113 199 1140 sub
216 1117 327 1145 peccato
353 1114 373 1146 ³,
402 1122 475 1142 nunc
496 1114 553 1148 jam
573 1122 625 1142 nun
641 1114 668 1142 in
685 1115 808 1147 meritis,
834 1116 881 1143 sed
907 1116 935 1144 in

151 1159 335 1187 mittericordia
347 1160 392 1187 Dei
405 1161 479 1187 salus
488 1161 605 1187 humana
618 1161 752 1188 consistit.
765 1161 834 1195 Quid
846 1167 935 1189 autem

148 1210 190 1232 est
203 1206 274 1239 quod
287 1213 335 1233 vos
348 1206 479 1234 obsecro?
497 1205 532 1233 Ut
554 1207 698 1234 ealtibeatis
717 1215 828 1242 corpora
850 1213 936 1235 uestra

148 1250 261 1278 hostium
280 1252 413 1283 viventem,
434 1257 565 1284 sanctam,
585 1252 641 1279 Deo
660 1252 828 1286 placentem,
852 1258 881 1280 ut
901 1253 936 1281 sit

149 1296 207 1331 (50)
224 1297 380 1324 rationabile
397 1298 549 1333 obsequiqu
565 1303 692 1326 uestrum.
709 1298 874 1334 Obsequium
891 1299 935 1328 hic

150 1342 252 1369 cultum
280 1343 325 1370 Dei
342 1343 419 1371 dicit.
449 1344 500 1377 Qui
520 1344 610 1372 Cultus
633 1345 760 1380 quoniam
784 1346 883 1373 dudum
908 1347 935 1374 in

149 1388 283 1420 pecudum
305 1394 442 1416 mutorum
469 1391 629 1424 corporibus
647 1391 832 1424 consistebat.
851 1400 934 1427 nunc,

149 1433 256 1466 inquit,
270 1433 295 1460 in
308 1441 424 1468 corpore
438 1435 608 1462 rationabilis
620 1436 739 1464 hominis
751 1436 892 1470 oll'eratur,
907 1436 935 1465 et

147 1484 264 1512 corpora
279 1479 364 1514 magis
381 1485 473 1507 vestra
489 1488 570 1514 quam
592 1482 724 1515 pecudum
745 1482 812 1510 ﬁant
827 1484 933 1511 sacriﬁ-

146 1523 218 1550 t-ium
231 1523 298 1556 Deo,
313 1529 396 1559 atque
412 1526 438 1552 in
454 1527 541 1553 sacris
559 1527 691 1554 altaribus
701 1527 877 1556 collocentur.
898 1529 930 1557 Hi

146 1570 217 1595 enim
233 1570 278 1604 qui
292 1571 413 1598 membra
427 1578 475 1598 sua
495 1573 663 1600 tnortilicant
676 1573 856 1602 abincenlivo
869 1575 931 1603 libi-

146 1613 217 1640 diuis
232 1619 259 1641 ct
273 1614 387 1648 furoris,
407 1621 434 1642 et
454 1620 530 1643 actus
550 1617 673 1651 corporis
688 1619 730 1645 sui
746 1618 799 1646 Deo
817 1619 932 1654 placitos

145 1658 264 1691 habent,
289 1660 405 1688 hostiam
428 1661 576 1695 viventem,
599 1668 740 1695 sanctam,
766 1663 929 1699 placentem,

145 1705 200 1732 Deo
213 1706 410 1733 rationabiliter
424 1706 553 1739 olierunt,
576 1713 603 1735 et
624 1708 710 1744 legem
732 1710 929 1738 sacriﬁciorum

143 1758 204 1785 qua:
223 1751 249 1778 in
263 1751 385 1780 Levitico
401 1753 455 1780 lata
477 1759 518 1781 est
536 1754 593 1790 (51)
613 1755 760 1782 secundum
779 1756 928 1791 spiritalem

144 1796 352 1833 intelligentiam
375 1800 523 1834 complent.
545 1800 624 1828 Verbi
646 1808 740 1832 causa,
765 1807 793 1828 ιιι
814 1801 850 1828 ibi
861 1801 928 1830 olle-

144 1842 240 1869 rebant
259 1844 371 1871 vitulum
393 1845 481 1879 primo
497 1846 573 1878 loco,
591 1846 634 1873 vel
663 1848 782 1874 secundo
801 1847 926 1881 arietem,

142 1892 190 1914 aut
204 1889 283 1915 tertio
296 1890 419 1922 hircum,
444 1895 491 1918 aut
510 1896 612 1925 quarto
628 1896 765 1924 turtures,
783 1892 824 1919 vel
843 1893 926 1920 etiant

143 1932 231 1966 pullos
244 1934 444 1967 columbarum.
463 1941 492 1962 ut
509 1937 534 1963 in
554 1937 596 1964 his
611 1937 822 1972 uniuscujusque
836 1939 925 1965 anima

142 1978 333 2010 puriﬁcaretur
343 1987 392 2014 pro
403 1980 535 2014 qualitate
550 1985 688 2015 gestorum
706 1989 713 2013 ;
731 1982 787 2009 lnuc
810 1990 879 2009 nunc
899 1983 924 2010 in

143 2031 193 2050 suo
210 2032 325 2058 corpore
366 2027 553 2061 unusquisque
574 2027 741 2060 puriticaus.
764 2031 791 2054 ct
808 2028 924 2061 spiritali

141 2075 222 2094 sensu
246 2068 424 2102 discernens,
457 2070 612 2097 rationabili
634 2071 766 2105 obsequio
789 2072 925 2100 viventem

141 2113 260 2140 hostiam
279 2114 358 2142 oll‘ert
376 2115 432 2150 (52)
451 2116 516 2143 Dco.
535 2116 571 2143 De
587 2116 684 2150 quibus
708 2117 839 2151 singulis,
863 2126 924 2145 cum

997 200 1145 234 explanare
1163 200 1328 226 tentavimus
1339 198 1476 232 quomodo
1497 198 1688 233 unusquisque
1700 199 1780 225 ratio-

997 245 1079 272 nabili
1097 246 1228 280 obsequio
1242 245 1331 272 cultus
1349 243 1418 276 Dei,
1432 244 1456 272 si
1471 244 1629 278 superbiam
1648 244 1707 279 (54)
1725 253 1780 271 eor-

996 291 1070 324 poris
1090 290 1132 317 sui
1150 291 1259 323 vincat,
1279 290 1400 317 immolet
1415 289 1546 323 vitulum;
1572 289 1597 317 si
1614 289 1780 317 iracundiam

996 340 1122 370 superet,
1141 336 1255 362 arietem
1277 334 1397 370 jugulet;
1421 335 1444 361 si
1465 334 1607 362 libidinem
1629 335 1733 368 vincat,
1756 337 1779 363 in

994 382 1180 409 holocaustum
1203 381 1301 408 oll'erat
1331 381 1452 413 hircum;
1471 381 1494 408 si
1518 388 1602 416 vagos
1620 386 1650 408 et
1664 381 1779 409 lubricos

994 427 1188 462 cogitationum
1204 431 1311 454 resecet
1330 426 1445 459 volatus,
1462 426 1607 454 columbas
1621 432 1651 454 et
1665 432 1780 454 turtures

993 472 1116 500 immolet
1132 472 1198 508 (55).
1212 471 1264 499 Sed
1278 472 1346 505 hinc,
1359 472 1461 505 utdixi,
1471 472 1493 499 si
1507 473 1569 507 quis
1584 473 1659 500 scire
1674 473 1778 508 dignum

993 522 1082 554 putat,
1107 517 1145 545 ibi
1167 518 1246 545 latius
1275 518 1392 545 disserta
1421 518 1548 552 reperiet.
1587 518 1667 546 Nunc
1693 524 1779 546 autern

993 563 1092 591 Paulus
1116 563 1241 591 obsecrat
1262 564 1406 591 credentes
1423 563 1451 590 iu
1471 563 1597 596 Christo,
1619 569 1650 591 ut
1667 572 1778 599 corpora

992 617 1041 636 sua
1060 609 1205 636 exhibeant
1220 609 1332 636 hostium
1353 610 1495 641 viventem,
1516 615 1655 641 sanctam,
1677 611 1778 645 pluen-

993 660 1044 682 tem
1059 655 1124 682 Deo.
1145 655 1286 682 Viventem
1306 655 1510 687 dicithostiam,
1526 663 1589 690 qua:
1603 656 1689 683 vitam
1702 676 1711 687 ,
1728 657 1777 683 hoe

991 705 1044 733 est,
1062 701 1203 729 Christum
1221 701 1247 728 in
1263 709 1293 728 se
1316 701 1397 735 gerit,
1426 706 1454 729 et
1472 702 1540 729 dicit
1555 710 1564 729 :
1580 701 1696 729 Mortem
1716 703 1777 730 λιιι

991 748 1021 774 in
1035 755 1144 781 corpore
1156 751 1246 774 nostro
1263 745 1319 782 (56)
1335 747 1559 782 circum/erimus,
1572 753 1600 774 ut
1613 753 1636 774 et
1648 748 1702 775 uita
1715 748 1777 775 less

991 792 1091 820 Christi
1118 793 1145 820 in
1171 800 1279 825 corpore
1298 798 1388 820 nostro
1407 794 1592 826 manifestetur
1606 795 1628 822 ‘.
1648 795 1776 823 Sanctam

953 828 976 858 Β
990 838 1067 869 dicit,
1086 838 1112 864 in
1135 845 1189 871 qua
1215 843 1328 865 sanctus
1348 838 1467 872 Spiritus
1485 839 1609 871 habitat,
1631 840 1774 869 secundum

989 883 1060 917 quod
1080 883 1106 910 in
1126 883 1179 910 alio
1193 883 1252 910 loco
1265 883 1333 910 dixit
1349 883 1386 900 ³-⁸
1401 892 1407 910 :
1423 883 1464 910 Au
1487 885 1595 911 nescitis
1611 886 1676 919 quia
1697 884 1775 921 6“

990 929 1116 963 temptant
1143 928 1190 956 Dei
1214 929 1287 960 estis,
1308 933 1332 956 et
1356 928 1471 963 Spiritus
1488 930 1546 965 (57)
1568 930 1617 956 Dei
1633 932 1735 957 habitat
1750 933 1774 958 in

988 974 1080 1000 vobis?
1105 974 1262 1001 Placentem
1284 974 1350 1007 Deo,
1370 979 1462 1009 utpote
1477 983 1492 1002 a
1511 976 1633 1010 peccatis
1657 981 1686 1003 et
1706 977 1774 1004 ritiis

987 1024 1152 1054 separatam.
1181 1019 1243 1048 Haec
1268 1025 1358 1047 autem
1383 1021 1476 1048 omnia
1499 1022 1673 1049 rationabilis
1691 1024 1774 1050 cultus

987 1067 1030 1089 est
1046 1063 1104 1090 Dei.
1124 1063 1216 1091 Potest
1236 1065 1309 1091 enim
1328 1072 1377 1099 pro
1396 1065 1441 1092 tali
1458 1066 1530 1093 cultu
1546 1067 1623 1095 reddi
1645 1068 1734 1100 ratio,
1749 1074 1773 1095 et

987 1110 1092 1136 ostendi
1112 1110 1176 1144 quia
1195 1111 1307 1145 dignum
1335 1116 1377 1139 est
1399 1112 1456 1139 Deo
1472 1113 1540 1141 tales
1554 1114 1659 1142 hostias
1679 1115 1772 1142 immo-

987 1153 1037 1182 lari
1058 1154 1132 1189 (58):
1145 1156 1247 1183 arietes
1270 1162 1372 1190 autem,
1391 1162 1419 1185 et
1434 1158 1538 1192 hircos,
1560 1165 1589 1187 et
1604 1160 1706 1188 vitulos
1725 1162 1772 1188 im-

987 1200 1093 1228 mortali
1109 1206 1137 1228 et
1155 1202 1316 1237 incorporeo
1338 1204 1393 1231 Deo
1410 1204 1502 1232 oll’erri
1524 1205 1599 1233 nulla
1618 1207 1689 1235 ratio
1704 1214 1772 1235 recta

986 1250 1014 1273 et
1033 1246 1147 1275 honesta
1165 1249 1305 1284 suscipiet.
1334 1249 1397 1277 llaec
1413 1258 1479 1286 ergo
1501 1251 1538 1278 ita
1563 1252 1656 1280 facere
1668 1274 1677 1287 ,
1695 1260 1723 1281 et
1739 1255 1771 1281 ita

986 1292 1076 1320 colere
1103 1293 1186 1321 Deum
1216 1302 1262 1322 eos
1289 1296 1335 1330 qui
1361 1296 1471 1324 Christo
1496 1299 1692 1332 crediderunt,
1721 1309 1769 1328 non

986 1338 1073 1365 solum
1090 1339 1169 1366 docet
1186 1341 1342 1374 Apostolus,
1360 1342 1407 1369 sed
1421 1346 1448 1368 et
1460 1342 1591 1371 obsecrat
1605 1353 1654 1379 per
1669 1346 1770 1373 miseri-

985 1385 1107 1413 cordiam
1131 1385 1178 1414 Dei
1193 1396 1201 1414 ;
1217 1392 1246 1414 ut
1260 1389 1385 1416 ostendat
1399 1397 1448 1424 per
1461 1390 1513 1418 hoc
1538 1391 1662 1419 humano
1685 1394 1770 1427 generi

986 1431 1132 1467 (quoniam
1151 1432 1272 1467 proclive
1297 1439 1339 1461 est
1360 1435 1393 1461 ad
1419 1435 1568 1471 delictum)
1587 1437 1770 1471 hujuscemodi

987 1477 1091 1506 hostias
1101 1478 1147 1505 Dei
1162 1479 1335 1507 miseratione
1348 1481 1471 1515 provisus
1483 1490 1490 1508 :
1500 1481 1600 1516 quibus
1612 1483 1634 1510 si
1649 1491 1763 1518 unquam

985 1522 1076 1557 lapsus
1105 1523 1256 1556 acciderit,
1285 1531 1333 1559 per
1361 1525 1524 1553 rationabile
1554 1527 1716 1562 obsequium
1746 1534 1772 1555 et

985 1568 1089 1596 hostias
1110 1576 1143 1596 eo
1169 1570 1249 1597 modo
1267 1577 1320 1605 quo
1345 1578 1426 1606 supra
1457 1571 1578 1600 diximus
1609 1573 1769 1606 immolatas,

985 1615 1105 1650 reparari
1121 1615 1206 1649 possit
1222 1616 1313 1643 anima
1327 1624 1358 1644 ac
1377 1618 1483 1645 restitui
1497 1618 1531 1645 ad
1548 1619 1678 1646 salutem.
1698 1620 1770 1653 Quod

983 1663 1073 1687 autem
1088 1661 1179 1687 multa:
1196 1661 1251 1688 sint
1270 1662 1465 1690 misericordiae
1478 1664 1540 1698 Dei,
1557 1665 1686 1700 designat
1703 1666 1769 1692 Pau-

983 1705 1026 1733 lus
1037 1706 1064 1732 in
1080 1707 1199 1734 secunda
1225 1708 1258 1734 ad
1277 1707 1432 1736 Corinthios
1444 1729 1452 1741 ,
1475 1709 1572 1737 dicens
1591 1720 1598 1737 :
1615 1710 1768 1738 Benedictus

984 1751 1055 1779 Deus
1067 1757 1091 1779 et
1103 1751 1187 1780 Pater
1199 1753 1306 1780 Domini
1319 1755 1403 1781 nostri
1414 1755 1479 1782 Iesu
1491 1755 1591 1783 Christi
1607 1757 1688 1784 Pater
1701 1759 1769 1784 mise-

982 1801 1157 1828 ricordiarum
1171 1802 1193 1829 ⁷.
1219 1803 1305 1831 Audis
1324 1803 1506 1835 Deum,'sicot
1522 1805 1579 1840 (59)
1599 1805 1701 1832 Christi
1719 1805 1766 1831 Pa-

983 1851 1025 1874 ter
1038 1851 1098 1880 est,
1123 1852 1151 1875 et
1178 1848 1318 1883 sapientire
1342 1854 1418 1884 pater
1433 1855 1484 1882 est,
1517 1857 1545 1878 et
1560 1850 1676 1885 justitiaa
1697 1857 1766 1886 pater

980 1896 1034 1925 est,
1063 1901 1123 1927 qua:
1145 1894 1236 1921 omnia
1262 1894 1387 1923 Christus
1406 1900 1457 1928 est,
1486 1895 1522 1922 ila
1554 1904 1616 1924 esse
1637 1902 1665 1924 et
1689 1897 1764 1924 mise-

981 1939 1158 1966 ricordiarmn
1189 1945 1303 1974 patrem.
1322 1941 1391 1975 Ergo
1415 1941 1541 1970 Christus
1572 1943 1643 1970 sicut
1669 1949 1760 1970 caetera

980 1984 1069 2011 omnia
1100 1989 1156 2018 est,
1187 1991 1215 2013 et.
1245 1986 1439 2014 misericordiae
1466 1988 1523 2022 ipse
1553 1993 1617 2021 est,
1662 1990 1762 2017 miseri-

981 2029 1082 2057 cordia
1111 2030 1216 2064 multae,
1239 2039 1291 2058 non
1322 2039 1373 2058 una
1398 2031 1454 2067 (60)
1484 2039 1491 2059 :
1522 2033 1574 2060 hoc
1605 2039 1667 2067 est,
1699 2034 1761 2061 sicut

981 2074 1099 2102 thesauri
1117 2076 1258 2110 sapientia:
1280 2081 1308 2103 et
1336 2076 1456 2104 scientia:
1487 2077 1513 2104 in
1539 2078 1599 2112 ipso
1626 2085 1701 2112 sunt,
1718 2079 1759 2106 sed

980 2127 1045 2147 sunt
1068 2120 1266 2155 absconditi';
1288 2122 1323 2148 ita
1346 2127 1372 2149 et
1402 2122 1596 2150 misericordia:
1623 2124 1760 2151 thesaurus

177 2159 185 2175 ¹
211 2159 379 2204 “ﬂauam,
405 2162 503 2204 1L2.“
518 2161 623 2204 "‘P'sui.
647 2170 742 2204 xxxix,
765 2163 797 2197 'l;
819 2163 900 2192 llebr.

1031 2165 1041 2181 ³
1057 2165 1116 2195 Gal.
1137 2174 1178 2199 Ill,
1198 2167 1244 2196 22.
1281 2167 1326 2194 ‘ll
1346 2168 1408 2195 Cor.
1422 2176 1459 2201 tv,
1477 2169 1521 2197 l0.
1560 2169 1596 2185 ⁵·⁶
1612 2169 1622 2197 l
1638 2169 1702 2199 Cor.
1721 2179 1756 2204 ιιι,

139 2194 184 2222 16.
227 2195 237 2210 ⁷
254 2193 275 2222 ΙΙ
296 2195 358 2224 Cor.
382 2205 402 2228 ι,
428 2197 455 2224 5.
493 2197 503 2212 ⁸
532 2197 620 2224 Colos.
645 2204 682 2229 ιι.
699 2199 726 2226 3.

175 2240 232 2277 (46)
250 2241 335 2277 ﬂditi,
359 2243 449 2277 religio
463 2251 577 2270 summa.

176 2276 232 2311 (Π)
249 2276 300 2311 Ms.
316 2276 417 2311 Regius
435 2286 509 2304 num.
530 2278 608 2310 1659,
622 2283 646 2305 et
659 2283 768 2306 statuta.

176 2310 231 2349 (48)
251 2310 312 2349 lianc
328 2310 421 2344 verba,
436 2318 464 2339 ut
479 2313 632 2344 ex/tibeatis.
652 2319 718 2345 etc.,
736 2321 820 2349 usque
837 2314 882 2348 ad,
896 2320 921 2342 et

139 2344 339 2381 beneplacitum,
355 2351 380 2373 et
392 2348 534 2381 perfertum
546 2367 554 2378 .
578 2344 817 2376 desiderantur'in
844 2344 920 2379 libris

138 2383 218 2405 antea
235 2380 316 2407 editis
329 2400 337 2412 ,
352 2380 399 2408 sed
416 2383 596 2409 restituuntur
614 2390 646 2409 ex
661 2383 786 2411 omnibus
798 2391 864 2412 mss.

310 2423 396 2466 uinosi,I
404 2418 469 2443 sicut
485 2426 565 2466 sulpra
582 2419 703 2466 prtem-lit:

175 2447 231 2483 (50)
248 2447 282 2475 Ut
304 2450 347 2476 sit.
377 2447 439 2478 [line
461 2447 542 2478 verba
572 2452 668 2480 desunt
693 2453 719 2480 in
740 2453 817 2480 libris
837 2459 917 2482 antea

139 2483 237 2521 editis;
261 2484 358 2521 deinde
377 2486 455 2520 paulo
480 2487 549 2513 infra
567 2493 628 2521 post
654 2488 764 2521 cultum,
793 2496 842 2515 vos
873 2489 921 2517 Dei

138 2518 274 2545 omittitur
290 2518 383 2558 itidini
395 2521 422 2547 in
434 2521 526 2554 editis,
540 2518 575 2558 β(
587 2522 612 2548 ίιι
627 2518 762 2558 plerisque
776 2531 841 2552 mss.
856 2532 921 2551 nec-

139 2561 192 2580 non
212 2553 317 2615 θηὲἓίι
333 2552 483 2588 Rabanum,
500 2552 547 2584 sed
563 2552 756 2585 restituitur-ex
769 2566 820 2585 ms.
836 2557 920 2594 Regio

139 2596 212 2615 ttullt.
303 2607 311 2615 ι

139 2596 212 2615 ιιιιιιι.
232 2591 311 2615 1659.

173 2622 230 2657 (51)
249 2623 342 2655 Alias,
358 2623 421 2650 data
433 2629 481 2656 est,
497 2627 531 2653 al.
550 2627 646 2654 collata
661 2633 710 2655 est.
731 2628 831 2656 Deinde
854 2637 922 2657 mss.

137 2658 258 2696 quidam,
283 2662 311 2696 unt
333 2658 377 2696 ubi
390 2659 533 2693 o/[erebant
557 2663 666 2688 uitulum
691 2663 776 2696 primo
799 2664 826 2690 in
851 2664 919 2691 loco.

136 2700 189 2732 ιττίε2
214 2692 262 2720 Ms.
289 2692 390 2727 Regius
413 2692 487 2723 num.
509 2695 587 2729 1659,
608 2697 646 2723 ibi
670 2692 826 2732 offerebant,
853 2705 918 2732 etc.,

136 2734 237 2753 OII'IISSO
254 2733 292 2755 ΙΙΙ.

173 2761 230 2800 (52)
252 2762 315 2800 Mss.
341 2762 471 2800 plerique,
499 2764 627 2792 [lulianus
655 2770 682 2792 ct
702 2766 784 2800 editi,
813 2769 917 2796 obtulit.

136 2796 190 2823 Sed
208 2797 307 2825 rectius
321 2796 369 2825 nis.
388 2796 487 2833 llegius
512 2809 584 2828 num.
602 2801 681 2834 1659,
702 2796 790 2835 olferl.

1014 2246 1069 2282 (55)
1090 2246 1156 2275 Vide
1177 2248 1268 2275 homil.
1289 2256 1307 2276 ιι
1332 2250 1359 2276 in
1377 2249 1495 2280 Leritic..
1516 2259 1590 2276 num.
1603 2250 1632 2279 2.

1012 2282 1069 2316 (54)
1087 2282 1136 2309 Ms.
1160 2291 1241 2316 unus,
1262 2284 1349 2312 cultus
1375 2285 1421 2311 Dei
1444 2286 1550 2318 faciat;
1574 2287 1598 2313 si
1617 2287 1757 2321 superbiam

974 2321 1079 2388 euiiit‘iir
1100 2351 1147 2388 Sic
1179 2360 1230 2381 ms.
1259 2353 1361 2388 Regius
1374 2362 1448 2382 num.
1475 2355 1555 2383 1659.
1578 2356 1676 2383 Castori
1700 2365 1756 2384 vero

973 2386 1194 2417 mss..‘l{abanus
1209 2393 1236 2414 et
1251 2386 1327 2420 editi,
1347 2389 1531 2416 immolauerit.

1008 2421 1066 2456 (56)
1088 2420 1198 2449 Nostro.
1219 2423 1299 2450 Deest
1314 2425 1339 2450 in
1359 2424 1479 2452 editione
1489 2424 1675 2454 Genehrardi.

1009 2457 1065 2491 (57)
1087 2456 1167 2492 Editi,
1184 2456 1300 2492 Spiritus
1315 2463 1431 2486 satiatus.

1013 2491 1068 2526 (58)
1101 2491 1221 2527 Sicrms.
1246 2492 1346 2527 Regius
1369 2501 1442 2520 num.
1474 2494 1556 2522 1639,
1577 2495 1676 2523 (ἔπιθι-ἰ
1700 2505 1756 2524 vero

975 2526 1177 2567 nisa-acumini,
1201 2526 1358 2560 immolare;
1379 2533 1406 2554 et
1425 2529 1506 2563 paulo
1531 2537 1604 2564 post,
1629 2531 1688 2558 Hoc
1703 2541 1756 2567 ergo

974 2561 1011 2587 ita
1033 2561 1102 2594 ﬁeri,
1125 2566 1180 2587 etc.

1014 2596 1069 2630 (59)
1092 2596 1180 2628 Etliti,
1200 2597 1269 2623 Audi
1290 2597 1372 2624 Deum
1386 2599 1462 2630 sicut,
1480 2604 1533 2626 etc.

1013 2630 1069 2665 (60)
1090 2631 1136 2671 Sic
1159 2638 1254 2671 omnes
1281 2641 1345 2660 mss.
1371 2635 1468 2671 nostri.
1499 2633 1574 2663 Editi
1591 2644 1670 2667 vero.
1692 2635 1754 2671 Ergo

975 2664 1094 2692 Christus
1112 2666 1180 2692 sicut
1195 2671 1218 2692 et
1233 2672 1328 2694 ca'tera
1340 2669 1439 2700 omnia,
1453 2675 1478 2695 et
1495 2664 1685 2697 misericordia
1703 2664 1753 2698 esi:

973 2700 1027 2732 ipse
1044 2706 1080 2726 est
1095 2701 1284 2728 misericordia:
1308 2703 1405 2734 multm,
1423 2711 1474 2729 non
1489 2713 1554 2731 una.
1578 2707 1615 2733 De
1630 2708 1681 2733 Iule
1700 2715 1753 2732 mss.

973 2735 1073 2768 lit-gius
1093 2743 1168 2762 num.
1193 2735 1272 2767 1659,
1292 2738 1328 2764 ita
1349 2742 1373 2764 et
1391 2738 1642 2768 misericordiamm
1662 2742 1753 2768 thesau-

973 2777 1018 2796 rus
1031 2772 1056 2796 in
1069 2771 1124 2804 ipso
1144 2775 1193 2803 est,
1212 2776 1265 2800 clc.
