1852 3053
188 80 256 107 1207
901 79 958 108 0R1

1051 79 1059 107 ς
1753 76 1838 118 tam

184 144 259 171 sunt,
274 145 368 165 verum
386 141 413 165 et
428 136 564 171 explicare
587 138 709 172 apertius
722 138 790 174 (75),
808 142 835 166 et
853 138 968 166 manife-
985 140 1008 167 Α
1022 137 1067 164 Dei
1088 137 1143 163 lucc
1165 136 1236 163 bona
1252 139 1304 167 est,
1328 139 1356 162 et
1376 134 1558 169 bcneplacita,
1577 137 1664 168 atque
1681 133 1811 167 perfecta;

185 189 258 212 stare
273 183 438 219 diligentius.
457 183 549 210 Potest
566 187 658 210 tamen
681 184 739 211 lieri
758 189 787 211 ut
808 192 861 211 non
880 183 969 211 omnis

185 238 282 257 sensus
298 229 324 256 in
337 229 386 255 hoc
402 228 488 262 p055".
504 229 636 260 renovari,
653 234 682 256 ut
698 229 835 263 agnitione
849 229 970 257 scientia:

186 274 323 301 dilatetur.
339 273 428 300 Potest
442 273 514 300 enim
528 276 653 301 renovari
670 282 767 302 sensus
779 276 811 302 ad
823 275 969 310 justitiam,

185 321 218 346 ad
235 320 443 351 continentiam,
459 320 492 346 ad
512 319 739 352 misericordiam.
757 320 849 354 fidem,
865 321 971 356 patien-

186 366 260 392 tiatn.
279 364 332 392 Sed
357 365 418 392 vide
433 366 498 400 quid
517 365 544 392 in
569 366 746 400 sequentibus
770 366 832 394 huic
854 374 970 394 renova-

185 411 250 438 tioni
280 417 377 438 sensus
409 412 541 447 adjungat
564 413 720 447 Apostolus.
740 411 772 439 Ut
790 412 915 447 probetis,
930 413 970 439 itt-

182 456 241 491 quit
249 455 381 492 (70,qu
388 457 420 483 sit
430 458 549 484 voluntas
560 454 618 490 Dei,
627 458 696 492 quod
704 457 809 490 bonum,
818 462 840 485 et
850 457 969 492 benepla-

183 502 276 535 citum,
287 507 311 528 et
324 503 476 537 perfectum.
492 503 524 530 Et
541 503 633 537 utique
649 502 699 530 nisi
713 503 746 530 ad
759 510 867 530 onmem
882 502 969 530 scien—

182 547 247 573 tiam
271 553 418 575 renovatus
433 549 467 575 sit
488 556 597 580 sensus,
621 553 649 575 et
674 553 745 575 totus
769 547 816 574 Dei
836 548 968 581 sapientia

183 591 362 624 illuminatus,
385 594 502 628 probare
530 602 581 620 uott
600 598 689 628 potest
705 601 766 628 qure
787 593 822 620 sit
844 593 969 620 voluntas

183 636 240 664 Dei.
262 637 289 664 ln
308 638 401 664 multis
422 638 493 664 enim
516 642 627 672 putatur
648 645 709 665 esse
727 637 851 664 voluntas
869 637 927 670 Dei,
942 640 969 663 et

182 689 235 709 non
251 687 302 709 est.
318 683 347 709 In
363 690 417 718 quo
437 683 463 710 hi
488 683 584 716 utique
604 682 648 717 qui
666 689 776 709 sensum
797 690 848 709 non
868 680 970 709 habent

182 731 352 760 renovatum,
373 732 467 754 errant
487 731 513 755 et
531 727 670 755 falluntur.
691 728 738 754 Est
757 732 846 755 autem
873 735 968 754 revera

182 780 237 800 non
254 771 438 808 cujuscunque
461 781 558 801 sensus
572 773 639 809 (75).
661 774 708 801 sed
735 774 814 801 valde
832 773 966 805 renovati,

181 823 208 845 et
223 818 263 853 (ιιι
277 818 313 845 ita
328 819 428 855 dicant)
445 820 478 846 ad
494 819 540 847 Dei
563 819 620 854 jam
644 819 790 855 imaginem
815 819 967 852 reformati,

183 865 298 898 probare
320 865 347 892 itt
374 866 489 900 singulis
511 867 666 901 quibusque
688 873 750 901 quae
773 866 889 901 agimus,
908 873 969 901 quae

184 911 328 945 loquimur,
352 919 411 945 qua:
433 912 594 947 cogitamus,
615 912 636 939 si
652 912 688 938 sit
708 911 834 938 voluntas
860 911 924 944 Dei;
942 917 969 939 et

184 957 251 984 niltil
274 957 385 985 omnino
404 957 446 984 vel
467 965 559 992 agere,
584 957 626 984 vel
650 957 751 989 dicere,
780 957 819 984 vel
849 957 968 992 cogilare

183 1002 254 1035 qttod
268 1002 400 1029 voluntati
434 1003 479 1030 Dei
504 1010 558 1029 tton
585 1002 703 1040 senserit
730 1003 886 1029 convenire.
903 1001 969 1034 Qua:

183 1047 226 1079 sil,
245 1047 342 1082 inquit,
357 1047 479 1074 voluntas
501 1048 558 1079 Dei,
579 1048 650 1082 quati
666 1048 772 1078 bonum.
788 1053 810 1074 et
824 1047 969 1082 benepluci-

182 1099 248 1126 tum,
263 1098 287 1120 et
305 1093 458 1127 perfectum.
478 1092 507 1120 Si
527 1093 676 1120 secundum
693 1093 744 1120 ltoc
760 1092 881 1127 legamus
895 1093 967 1127 quod

183 1137 210 1164 in
227 1137 333 1164 Latinis
357 1136 497 1164 codicibus
517 1138 681 1169 invenimus,
705 1137 749 1164 hic
771 1137 823 1164 erit
847 1145 967 1165 sensus:

181 1182 250 1215 Quia
267 1183 390 1210 voluntas
409 1181 456 1210 Dei
481 1187 523 1210 est
546 1183 677 1218 quidquid
698 1184 810 1216 bonutn,
834 1187 861 1210 et
885 1183 968 1210 bene-

182 1228 322 1262 placitum,
337 1233 365 1256 et
377 1228 526 1263 perfectum
539 1233 580 1256 est
589 1228 645 1263 (76)
658 1237 664 1255 :
679 1236 727 1256 nec
739 1228 887 1264 potest('t7)
897 1228 968 1255 aliud

182 1273 251 1301 velle
274 1274 355 1307 Deus,
379 1275 429 1302 nisi
457 1275 529 1309 quod
550 1274 648 1301 bonum
666 1279 707 1301 est
722 1283 728 1301 :
742 1278 768 1302 et
784 1275 878 1308 utique
896 1274 968 1309 qttod

185 1319 284 1346 bonum
304 1324 388 1347 estet
410 1320 570 1355 perrectum,
588 1320 648 1347 sine
665 1321 745 1348 dubio
769 1320 822 1348 hoc
839 1321 893 1348 Deo
909 1321 968 1355 pla-

185 1369 238 1391 cet.
265 1365 293 1391 Si
316 1371 380 1392 vero
403 1365 550 1392 secundum
579 1365 631 1392 hoc
657 1366 728 1400 qttod
750 1365 869 1392 diximus
898 1365 968 1399 apud

183 1409 292 1437 Grmcos
306 1409 411 1442 haberi,
427 1410 452 1437 id
475 1415 517 1437 est
538 1416 565 1437 ut
586 1411 699 1444 probetis
716 1419 775 1445 quw
789 1411 822 1437 sit
848 1411 968 1439 voluntas

182 1454 231 1481 Dei
246 1454 323 1487 bona,
341 1460 363 1482 et
378 1455 550 1490 beneplacita,
564 1460 587 1482 et
604 1455 730 1490 perfecta,
747 1461 838 1490 potest
856 1457 966 1491 quidem

182 1499 252 1526 idem
265 1500 336 1533 quod
356 1507 438 1535 supra
454 1500 582 1533 diximus,
605 1500 702 1532 videri,
718 1501 790 1535 quod
804 1501 860 1538 (78)
877 1502 967 1529 omnis

184 1543 305 1571 voluntas
322 1545 368 1571 Dei
385 1545 453 1572 bona
469 1546 516 1578 sit,
535 1550 562 1572 et
588 1546 770 1580 beneplucila,
791 1550 820 1573 et
833 1547 966 1582 perlecta.

181 1590 274 1617 l’otest
289 1596 380 1618 autem
393 1595 420 1618 et
437 1590 489 1618 tale
501 1591 604 1626 aliquid
621 1592 646 1619 in
663 1593 704 1620 ltis
718 1594 890 1621 sermonibus
905 1601 968 1621 sen-

183 1635 237 1666 tiri,
256 1636 319 1669 quia
343 1636 389 1663 Dei
409 1636 517 1670 quidem
541 1637 667 1664 voluntas
688 1645 796 1672 semper
817 1639 887 1666 bona
909 1643 966 1672 e51,

181 1681 228 1707 sed
245 1688 299 1708 non
315 1688 422 1716 semper
437 1682 507 1709 bona
522 1682 579 1718 ejus
593 1683 732 1710 voluntate
746 1684 896 1718 dispensari
911 1693 968 1712 me-

183 1733 285 1760 remur,
300 1735 387 1762 neque
401 1728 570 1763 beneplacita
587 1733 614 1756 et
632 1729 762 1762 perlecta.
776 1730 857 1758 Verbi
873 1738 966 1765 causa,

182 1777 211 1798 ttt
227 1778 373 1808 augeretur
387 1774 451 1801 Saul
470 1775 495 1802 in
522 1783 610 1810 regem
639 1776 690 1803 fuit
714 1777 821 1812 quidem
838 1778 967 1806 voluntas

182 1818 240 1850 Dei,
251 1819 299 1846 sed
315 1827 368 1847 non
384 1820 566 1855 beneplacita,
587 1829 674 1856 neque
694 1823 825 1857 perlecta.
841 1824 967 1852 lrascens

180 1863 254 1890 enim
265 1864 373 1899 populo,
388 1866 433 1900 qui
450 1865 613 1894 refutaverat
628 1867 713 1894 Deum
728 1869 828 1896 habere
842 1877 923 1905 super
938 1878 968 1899 se

182 1917 282 1944 regem,
298 1917 387 1945 regem
402 1912 441 1939 eis
456 1913 594 1940 hominem
607 1913 689 1948 jussit
707 1914 853 1943 institui".
871 1915 924 1944 Sed
941 1921 968 1944 et

179 1955 315 1990 Propheta
337 1965 370 1984 ex
396 1963 510 1992 persona
530 1959 576 1986 Dei
600 1959 666 1987 dicit
682 1969 689 1987 :
704 1959 801 1988 Dimisi
817 1970 861 1988 eos
875 1971 966 1989 secun-

181 2002 243 2028 dum
259 2002 388 2029 desideria
409 2004 496 2031 cordis
517 2012 619 2038 eorum,
635 2010 663 2032 ut
687 2005 753 2033 irent
769 2007 796 2033 in
816 2008 966 2038 cupiditati-

180 2050 227 2075 bus
245 2048 343 2075 suis".
360 2048 406 2077 Sic
430 2056 495 2085 ergo
518 2050 662 2085 aliquando
679 2053 708 2079 lit
723 2052 849 2080 voluntas
867 2053 913 2080 Dei
938 2054 966 2080 itt

181 2095 224 2122 his
249 2095 275 2122 in
299 2096 396 2130 quibus
413 2097 632 2131 concupiscimus
648 2103 676 2126 et
693 2099 880 2127 desideramus
894 2106 901 2126 :
918 2100 965 2127 sed

179 2141 224 2176 qui
244 2147 389 2170 renovatus
410 2148 452 2170 est
469 2151 561 2176 sensu.
577 2145 693 2178 probare
707 2146 789 2173 debet
802 2147 825 2174 si
840 2146 965 2174 voluntas

217 2188 258 2226 f‘l
279 2189 343 2226 Reg.
358 2197 406 2221 vn,
424 2189 439 2215 ’1
453 2197 511 2225 seq.
553 2191 574 2206 "
587 2190 687 2218 Psaltn.
700 2199 781 2226 LXXX,
794 2192 837 2220 l5.

179 2223 264 2252 lCor.
279 2231 310 2255 tt,
322 2225 349 2251 Α.

214 2271 270 2306 (75)
291 2270 376 2307 lﬂtliti,
392 2280 423 2299 ea
437 2273 570 2307 applicare
585 2273 712 2305 apertius.

214 2306 269 2341 (74)
285 2305 385 2341 lttquit.
403 2305 485 2334 Deest
504 2308 531 2334 itt
550 2308 631 2335 editis
653 2313 680 2335 et
705 2309 730 2335 itt
756 2309 877 2343 pluribus
892 2318 958 2338 mss.

181 2348 286 2367 necnon
311 2343 381 2375 apttd
407 2342 559 2374 Rabauum.
576 2343 622 2370 sed
639 2342 791 2371 restituitur
806 2353 840 2371 cx
856 2345 961 2373 duobus

180 2384 244 2402 mss.
264 2376 366 2412 ltegiis.
387 2377 490 2404 Deinde
515 2386 581 2405 mss.
595 2378 717 2412 plerique
730 2384 757 2410 et
769 2379 846 2410 editi,
865 2379 897 2406 Et
910 2380 962 2406 uti.

178 2418 227 2449 que
247 2411 298 2438 nisi
315 2412 349 2438 ad
370 2420 458 2439 omnes
474 2411 625 2449 (Datianus,
653 2411 686 2439 ait
703 2414 802 2449 omnia)
822 2419 961 2442 renovatus

179 2447 212 2485 sit
224 2453 324 2485 sensus.
342 2451 366 2474 et
379 2447 618 2485 totusjﬂabanns,
637 2453 662 2485 et
681 2449 747 2485 tota)
769 2447 962 2485 Deirsapt'entia

179 2479 356 2513 illuminatus,
373 2486 427 2509 etc.
444 2479 497 2510 seu
512 2491 577 2511 tttss.
593 2479 691 2518 Regius
712 2479 786 2511 nt'ttn.
800 2479 877 2514 1659.
894 2489 922 2512 ut
937 2485 963 2512 itt

181 2519 274 2554 nostro
291 2519 376 2554 textu,
392 2517 442 2554 nisi
463 2519 533 2552 quod
556 2525 606 2553 pro
623 2524 647 2554 et
673 2524 743 2546 totus
759 2519 808 2546 Dei
823 2520 962 2554 sapientia,

182 2549 282 2588 habeat
294 2554 317 2588 et
338 2550 375 2578 ita
396 2549 603 2588 Deirs'apieniia.
624 2553 707 2581 Paulo
728 2560 788 2588 post
812 2549 876 2582 vero
891 2549 962 2582 idem

184 2591 234 2623 tus.
246 2584 345 2624 licgius
356 2591 383 2624 et
394 2587 458 2613 editi
468 2584 568 2615 habent
585 2596 698 2624 numero
712 2584 853 2624 singulari,
868 2589 896 2617 in
911 2598 962 2624 quo

181 2621 204 2657 ις
217 2621 308 2657 utique
318 2621 364 2657 qui
380 2629 483 2647 sensum
502 2631 553 2649 non
566 2623 643 2650 habet
663 2621 824 2656 retiaculum,
840 2621 923 2657 errat,
937 2629 963 2652 et

183 2652 302 2694 fallitur;
313 2652 360 2682 s'cd
374 2657 465 2683 caeteri
481 2665 545 2685 mss.
560 2663 587 2685 et
599 2657 725 2687 Rabanus
739 2652 879 2694 pluraliter
893 2652 922 2687 ut
935 2660 962 2687 in

183 2693 275 2715 lIOSlI'O
294 2695 376 2717 testu.

219 2723 275 2760 ('15)
294 2724 375 2757 Etliti,
391 2733 442 2752 non
456 2726 581 2760 cujusque
595 2735 696 2756 sensus.

292 2758 492 2798 Siuecundum'
512 2758 561 2788 hoc
581 2762 697 2796 legamus
718 2763 787 2798 quod
810 2765 837 2790 in
859 2764 960 2791 Latinis

185 2795 316 2822 radicibus
328 2795 483 2830 invenimus,
505 2798 546 2825 ltic
567 2795 614 2825 erit
633 2795 742 2825 sensus:
756 2798 825 2831 Quia
840 2800 958 2827 roluutas

876 2193 1052 2224 '°ltom.xtt,
1074 2193 1090 2219 5
1115 2200 1172 2226 seq.

1023 186 1050 208 et
1068 189 1120 208 non
1138 181 1199 208 talis
1214 189 1273 214 qua:
1285 181 1371 215 magis
1385 180 1530 208 desideriis
1548 179 1656 207 nostris
1668 179 1811 214 indulgeat,

1023 235 1102 262 quant
1127 227 1290 254 utilitatibus
1314 226 1451 253 consulat.
1473 225 1528 254 Sed
1552 225 1610 260 jam
1627 224 1664 252 ad
1680 228 1811 260 sequentis

1024 278 1226 301 convertamur.

1056 319 1084 345 ‘2.
1102 318 1165 345 Dico
1188 319 1258 345 enim
1280 326 1327 352 per
1347 318 1477 353 gratiam,
1504 327 1564 353 qua:
1587 321 1658 346 data
1681 325 1722 346 est
1748 320 1810 349 mitti,

1023 364 1141 392 omnibus
1164 365 1209 399 qui
1228 369 1288 391 sunt
1312 365 1379 391 inter
1403 372 1446 391 vos
1465 373 1476 392 .'
1494 374 1547 391 non
1568 365 1630 400 plus
1654 374 1750 399 sapere
1766 366 1811 398 (79»

1022 418 1101 444 quam
1119 414 1218 443 oportet
1239 417 1330 443 sapere
1343 429 1350 442 ,
1378 409 1423 436 sed
1450 418 1544 443 sapere
1565 411 1602 436 ad
1628 411 1811 437 sobrietatem:

1023 455 1164 489 unicuique
1184 455 1251 481 sicut
1272 453 1359 480 divisit
1387 454 1456 481 Deus
1476 463 1631 481 mensuram
1647 455 1728 489 ﬁdei.
1747 453 1811 481 Strat

1022 500 1091 527 enim
1122 500 1150 526 in
1175 508 1227 526 uno
1255 506 1364 533 corpore
1402 500 1484 526 multa
1518 501 1641 526 membra
1676 499 1810 530 hebetant,

1022 545 1136 572 membra
1158 550 1246 572 autem
1269 545 1357 571 omnia
1383 553 1434 571 non
1450 545 1571 572 eumdem
1590 551 1685 572 actum
1706 545 1812 572 habent:

1021 590 1059 617 ita
1077 590 1152 617 multi
1176 598 1259 617 unum
1277 598 1372 624 corpus
1394 599 1485 617 sumus
1507 591 1535 618 in
1558 591 1692 623 Christo;
1722 591 1811 624 sing-li

1022 641 1109 662 autent
1122 635 1191 662 alter
1206 635 1316 663 alterius
1329 636 1483 663 membra".
1498 636 1649 663 Sciendum
1662 636 1755 670 primo
1768 642 1812 667 est,

1022 682 1092 715 quod
1108 682 1151 708 ubi
1161 689 1209 708 nos
1223 681 1366 714 habemus,
1377 682 1497 708 omnibus
1508 683 1554 717 qui
1565 688 1627 709 sunt
1645 683 1719 709 inter
1729 691 1783 713 eos,
1792 683 1813 709 in

1022 726 1116 754 Graeco
1144 727 1268 760 habetur,
1291 727 1362 754 omni
1379 727 1423 762 qui
1446 732 1483 754 est
1503 728 1530 754 iu
1560 729 1647 754 vobis.
1661 727 1716 761 Qui
1731 735 1813 754 sermo

1022 772 1115 808 utique
1136 773 1169 799 ad
1191 780 1238 800 eos
1254 772 1353 800 indicat
1377 773 1490 799 verbum
1514 773 1584 804 ﬁeri,
1603 774 1653 807 qtti
1674 781 1742 800 cum
1760 779 1813 800 ante

984 818 1006 846 Β
1021 826 1073 846 non
1089 817 1198 850 fuerint,
1226 825 1296 845 nunc
1321 825 1382 845 esse
1403 823 1556 852 cmperuttt.
1585 818 1662 845 Deus
1688 818 1778 850 enim,
1791 824 1812 844 ut

1020 864 1090 892 idem
1105 864 1251 899 Apostolus
1262 863 1318 899 (80)
1337 865 1414 896 ait“,
1432 870 1506 891 uocat
1519 873 1579 899 qua:
1594 873 1651 892 non
1668 870 1748 897 sunt,
1763 872 1812 891 tau.

1019 918 1097 945 quant
1113 918 1172 945 qua:
1185 915 1256 936 sunt.
1278 909 1363 945 646
1375 909 1431 936 Νοιι
1447 915 1509 936 sunt
1524 915 1615 937 autem
1629 910 1658 937 hi
1672 911 1724 944 qui
1739 913 1812 945 parti-

1019 955 1093 989 cipes
1119 962 1172 981 tton
1202 960 1265 982 sunt
1289 955 1348 989 ejus
1367 954 1413 989 qui
1436 962 1501 982 vere
1527 960 1581 988 est,
1608 956 1658 989 qui
1689 956 1762 983 dixit
1786 957 1811 982 ad

1020 1000 1132 1035 Moysen
1141 1001 1164 1016 "
1179 1008 1187 1027 :
1204 1000 1256 1027 Dic
1269 1000 1335 1034 ﬁliis
1349 999 1436 1027 Israel
1449 1000 1506 1036 (8l)
1524 1009 1531 1027 :
1546 1000 1599 1033 Qui
1612 1008 1667 1033 est,
1690 1002 1764 1029 misit
1781 1009 1813 1027 tu

1019 1046 1053 1072 ad
1072 1054 1125 1073 vos.
1143 1045 1220 1078 Quod
1236 1053 1300 1080 ergo
1317 1045 1355 1072 ait
1372 1045 1470 1072 Paulus
1486 1054 1493 1072 :
1509 1045 1575 1073 Dico
1595 1047 1671 1073 enim
1697 1048 1812 1074 omnibus

1018 1091 1063 1125 qui
1078 1097 1138 1118 sunt
1155 1091 1224 1118 inter
1241 1099 1301 1124 uos;
1324 1091 1378 1123 vel,
1397 1096 1427 1118 ut
1450 1091 1477 1118 itt
1503 1091 1607 1119 Graecis
1634 1092 1736 1119 haberi
1751 1094 1810 1119 diti-

1021 1145 1091 1169 tnus,
1107 1138 1178 1164 omni
1192 1137 1237 1172 qui
1250 1144 1287 1164 est
1303 1138 1330 1164 in
1344 1137 1425 1169 vobis,
1435 1133 1530 1164 "imile
1544 1143 1586 1165 est
1601 1146 1637 1165 ac
1656 1139 1680 1165 si
1697 1139 1810 1166 diceret:

1019 1183 1085 1210 Dico
1106 1183 1175 1209 enim
1200 1182 1273 1210 otntti
1292 1182 1338 1217 qui
1359 1183 1386 1209 in
1409 1183 1464 1209 Deo
1485 1189 1537 1216 est,
1565 1192 1621 1210 non
1641 1184 1708 1217 plus
1728 1193 1810 1218 sapere

1018 1238 1096 1264 quam
1117 1233 1215 1262 oportet
1234 1237 1336 1263 sapere.
1362 1227 1554 1256 Verumtamen
1581 1230 1742 1257 videndum
1765 1237 1809 1262 est,

1020 1277 1082 1312 quia
1096 1276 1207 1308 Paulus,
1225 1275 1294 1303 sicut
1313 1281 1339 1302 et
1356 1275 1382 1302 in
1401 1275 1462 1302 aliis
1476 1275 1552 1309 dicit,
1567 1283 1623 1303 tton
1639 1276 1667 1303 in
1684 1276 1809 1304 suasoriis

1020 1323 1160 1358 sapientia:
1174 1322 1291 1350 carnalis
1311 1321 1401 1350 verbis
1418 1322 1451 1355 ",
1474 1322 1522 1349 sed
1544 1330 1593 1357 per
1616 1323 1743 1358 gratiam
1758 1331 1809 1358 qus:

1018 1368 1068 1395 sibi
1090 1368 1153 1395 data
1176 1373 1219 1396 est
1239 1367 1369 1403 loquitur.
1387 1367 1434 1394 Est
1448 1368 1520 1395 enitn
1546 1367 1635 1395 multa
1659 1368 1808 1396 diﬂ‘erentit

1018 1421 1068 1449 per
1081 1414 1194 1449 gratiam
1212 1413 1395 1448 loquentis,et
1405 1421 1453 1448 per
1466 1413 1614 1440 humanam
1634 1414 1804 1449 sapientiam.

1021 1460 1140 1494 Denique
1154 1464 1181 1486 et
1199 1458 1278 1486 rebus
1299 1459 1364 1493 ipsis
1384 1467 1456 1494 saepe
1475 1464 1648 1494 compertum
1671 1465 1729 1492 est,
1753 1469 1808 1487 non~

1019 1505 1106 1533 nullos
1129 1505 1289 1539 eloquentes
1306 1509 1334 1532 ct
1358 1505 1479 1532 eruditos
1495 1505 1570 1532 viros
1593 1513 1652 1532 non
1681 1507 1768 1534 solum
1786 1507 1806 1532 in

1018 1559 1155 1584 sermone,
1170 1550 1217 1578 sed
1227 1555 1254 1577 et
1268 1550 1294 1577 itt
1309 1550 1434 1578 sensibus
1449 1555 1637 1585 praepotentes
1652 1559 1719 1578 cum
1735 1553 1806 1579 multa

1018 1597 1045 1624 in
1072 1597 1201 1625 Ecclesiis
1222 1596 1351 1629 dixerint,
1370 1601 1395 1624 et
1413 1596 1553 1630 ingentem
1570 1596 1704 1631 plausum
1729 1598 1806 1624 lautius

1017 1643 1184 1677 acceperint,
1203 1644 1339 1671 neminem
1365 1647 1455 1669 tamen
1473 1642 1632 1670 auditorutn
1648 1652 1683 1671 ex
1702 1644 1744 1671 his
1757 1652 1807 1678 qus

1018 1690 1087 1717 dicta
1100 1696 1163 1718 sunt
1173 1689 1408 1724 compunctionem
1422 1689 1512 1716 cordis
1531 1689 1673 1724 accipere.
1690 1697 1741 1717 nec
1754 1697 1807 1723 pro-

1017 1736 1100 1764 licere
1110 1736 1143 1763 ad
1160 1736 1250 1769 tidem,
1264 1743 1314 1763 nec
1325 1735 1359 1762 ad
1372 1735 1497 1762 timorem
1514 1735 1608 1762 Deiex
1624 1736 1807 1763 recordatione

1017 1789 1112 1810 eorum
1126 1789 1185 1816 qua:
1198 1781 1271 1808 dicta
1287 1785 1351 1808 sunt
1374 1779 1484 1808 incitari
1500 1789 1508 1808 :
1522 1781 1571 1807 sed
1589 1783 1735 1808 suavitate
1748 1789 1806 1815 qua-

1018 1827 1094 1859 dam,
1120 1831 1148 1854 et
1171 1826 1350 1854 delectatione
1372 1825 1428 1853 sola
1452 1826 1565 1852 auribus
1590 1831 1675 1860 capta
1697 1827 1805 1853 discent-

1018 1876 1063 1899 tur
1076 1871 1132 1907 (82)
1148 1881 1154 1899 :
1167 1878 1239 1905 saepe
1253 1875 1344 1898 autem
1359 1871 1431 1897 viros
1446 1878 1499 1897 non
1517 1879 1625 1905 magna:
1637 1871 1804 1906 eloquettti.r,

1018 1924 1066 1944 ttee
1083 1917 1272 1952 compositioni
1290 1917 1425 1944 sermonis
1449 1918 1603 1949 studentes,
1629 1919 1725 1946 verbis
1745 1919 1804 1945 sitn-

1017 1963 1131 1998 plicibus
1146 1966 1174 1990 et
1187 1963 1374 1997 incompositis
1390 1963 1489 1990 tnultos
1511 1963 1665 1990 inﬁdelium
1683 1965 1717 1991 ad
1733 1964 1803 1990 ﬁdem

1017 2013 1194 2041 convertere,
1225 2010 1357 2044 superbos
1385 2008 1520 2037 inclinare
1546 2009 1579 2036 ad
1610 2009 1802 2038 humilitatem.

1017 2054 1193 2089 peccantibus
1205 2054 1343 2081 stimulum
1361 2055 1550 2082 conversionis
1567 2055 1697 2090 inﬁgere.
1715 2055 1746 2082 Et
1758 2055 1801 2080 lto:

1017 2100 1110 2135 utique
1124 2100 1230 2134 signum
1247 2104 1300 2132 est,
1321 2099 1393 2127 sicut
1414 2100 1440 2126 in
1461 2100 1586 2134 praesenti
1603 2099 1753 2134 Apostolus
1768 2100 1803 2124 «li-

1019 2146 1066 2178 cit,
1091 2153 1139 2180 per
1162 2146 1276 2181 gratiam
1304 2145 1376 2179 loqui
1393 2153 1451 2179 qute
1473 2145 1533 2172 data
1557 2150 1600 2172 est
1619 2145 1661 2172 eis
1670 2144 1739 2180 (85).
1755 2145 1800 2178 Ego

1209 2191 1367 2222 “ltountv,
1398 2191 1440 2218 17.
1494 2190 1614 2217 “Exod.
1646 2191 1748 2221 uniti.
1782 2190 1800 2205 ⁸³

979 2278 1002 2306 1)
1016 2274 1063 2301 Dei
1075 2278 1110 2299 est
1123 2271 1250 2306 quidquid
1262 2270 1367 2303 bonum,
1378 2275 1402 2297 et
1412 2270 1616 2304 beneplacitum,
1626 2275 1651 2297 et
1662 2270 1798 2305 perfectus

1015 2313 1063 2336 est.
1079 2305 1140 2334 llaec
1154 2305 1251 2333 deauttt
1269 2307 1296 2332 itt
1315 2306 1392 2333 libris
1405 2310 1486 2332 antea
1499 2305 1590 2333 editis.

1050 2342 1107 2377 (77)
1123 2341 1206 2377 Etliti,
1219 2349 1270 2367 non
1286 2346 1380 2375 potest,
1393 2346 1445 2377 etc.

1051 2375 1108 2412 (78)
1122 2376 1258 2407 ltubanus,
1282 2380 1366 2408 potest
1387 2375 1502 2411 quidem,
1524 2380 1553 2402 ut
1573 2383 1658 2409 supra
1677 2376 1797 2409 diximus,

1015 2413 1109 2444 videri,
1124 2412 1204 2445 quod,
1221 2415 1274 2437 etc.

1051 2447 1107 2482 (79)
1123 2446 1184 2473 Hauc
1196 2445 1288 2477 verba,
1303 2453 1354 2482 non
1370 2445 1429 2480 plus
1442 2453 1543 2478 sapere,
1557 2450 1626 2476 etc..
1646 2453 1734 2480 usque
1756 2448 1795 2478 ad,

1016 2483 1084 2510 alter
1101 2482 1211 2508 alterius
1235 2481 1363 2510 membra,
1384 2481 1481 2508 desunt
1492 2481 1517 2508 itt
1538 2482 1637 2513 editis;
1655 2482 1702 2508 sed
1724 2483 1796 2509 γεω.

1016 2523 1130 2546 tuuntur
1142 2523 1174 2544 ex
1187 2517 1312 2542 omnibus
1325 2523 1391 2542 mss.

1053 2553 1108 2588 (80)
1124 2552 1203 2588 I‘lditi,
1217 2550 1349 2588 coeperint.
1371 2550 1440 2577 Deus
1455 2551 1548 2588 enim,
1564 2555 1593 2588 ut
1614 2551 1679 2577 dicit
1691 2552 1795 2584 Aposto-

1016 2585 1067 2620 lus,
1081 2585 1134 2614 etc.
1163 2585 1212 2613 Ms.
1237 2585 1338 2620 Regius
1352 2593 1425 2613 nttm.
1453 2585 1519 2612 1659
1543 2586 1637 2612 itidem
1660 2588 1795 2619 reperiat;

1016 2619 1065 2650 sed
1086 2623 1190 2656 reliqua
1211 2620 1268 2654 ipse
1283 2619 1318 2647 ’ct
1346 2619 1437 2647 caeteri
1459 2628 1524 2648 mss.
1547 2629 1655 2648 necnon
1671 2621 1795 2648 ﬂabanu:

1016 2658 1116 2685 [tabent
1131 2663 1160 2683 ιιι
1181 2657 1207 2683 in
1227 2660 1310 2682 textu.

1052 2693 1109 2725 (8|)
1123 2692 1205 2723 Editi,
1221 2690 1284 2725 llrtec
1297 2690 1366 2717 dices
1383 2691 1448 2724 ﬁliis
1460 2689 1558 2725 Israel,
1575 2692 1657 2719 male.

1051 2724 1106 2763 (82)
1119 2728 1164 2755 Sic
1181 2735 1230 2755 ttts.
1243 2724 1342 2761 Regius
1355 2735 1429 2754 nutu.
1443 2725 1512 2754 1659
1526 2732 1556 2754 et
1565 2728 1642 2755 editi.
1657 2727 1719 2755 Mss.
1734 2734 1793 2754 vero

1014 2763 1144 2798 plerique,
1162 2763 1282 2788 discitur.

1049 2798 1105 2834 (85)
1121 2798 1184 2826 Mss.
1199 2798 1320 2833 plerique
1339 2801 1366 2826 et
1377 2797 1453 2830 editi,
1470 2798 1540 2833 signi
1565 2804 1648 2827 est....
1662 2807 1718 2832 qua-
1734 2801 1791 2824 datl
