1852 3053
17 120 80 147 I2J9

506 121 684 149 COMMENT.
707 121 739 149 IN
761 119 871 148 EPIST.
895 120 938 147 AD
957 119 1039 148 ROM.
1052 119 1116 148 LIB.
1135 119 1179 147 IX.

1567 121 1635 149 ΗΠ)

17 182 99 206 tutem
115 183 192 212 puto,
209 185 262 205 ttott
279 178 367 205 solum
384 178 411 206 iit
426 179 508 207 verbo
522 180 567 207 Dei
584 181 734 208 Ecclesiam
750 181 799 208 do-
814 183 835 212 Α
851 181 902 207 hac
920 180 1090 212 deﬁnitione,
1110 186 1138 206 ut
1152 185 1279 206 naturam
1295 179 1336 206 vel
1358 187 1469 207 causam
1486 181 1590 215 peccati
1609 182 1635 208 in

17 223 134 251 :entibus
146 223 242 251 adesse
259 224 385 258 gratiant,
402 225 425 252 si
444 225 505 252 talis
524 226 560 253 sit
580 234 671 254 sermo
688 227 795 262 qualem

17 277 90 303 iupra
112 269 241 300 diximus,
266 270 312 304 qui
336 270 486 298 auditorem
515 279 567 298 tton
591 276 645 299 tam
671 273 797 305 delectet.

17 322 90 350 [nam
109 315 244 346 stimulet,
270 319 298 342 et
324 315 357 342 ad
380 316 532 350 profectum
554 317 671 352 aliquem
691 317 798 345 virtutis

17 361 144 393 tdducat;
169 360 216 387 sed
232 365 260 388 et
277 361 302 387 in
321 362 448 389 omnibus
467 363 525 390 lere
548 371 609 398 quin
632 368 749 398 aguntur
772 364 797 390 in

17 406 76 438 iita,
97 405 134 431 ita
158 411 220 432 esse
239 404 426 439 deprehendes
436 406 503 442 (84).
526 407 575 435 Est
599 408 671 435 enim
696 408 797 442 aliquis

17 451 53 486 pii
68 455 97 477 et
115 451 142 477 in
155 457 188 478 eo
203 451 274 485 quod
286 451 343 485 agit
356 456 383 478 et
398 451 425 478 in
443 453 559 488 ecquod
572 453 703 487 loquitur,
720 453 800 479 habet

17 496 146 534 gratiam;
163 501 190 524 et
206 495 275 523 alius
290 496 335 530 qui
354 497 488 525 interdum
501 503 528 525 et
541 499 702 533 prudentius
714 499 800 534 loqui-

20 533 63 574 υἷ,
78 547 107 569 et
123 541 279 576 diligentius
294 549 327 569 ac
340 542 504 572 laboriosius
517 545 584 579 agit,
596 552 685 579 neque
699 544 725 572 in
738 533 800 571 vrer-

17 589 48 615 iis
61 588 133 620 suis,
149 595 236 623 neque
250 588 276 615 itt
291 588 375 622 gestis
399 589 504 616 invenit
521 591 650 625 gratiam.
666 591 797 625 Denique,

17 633 78 659 .icut
91 637 121 659 et
135 633 162 659 itt
177 632 237 660 aliis
252 631 308 666 iam
322 633 439 660 diximus
450 633 519 669 (85),
531 635 666 669 scriptum
680 639 721 662 est
735 635 797 668 quia

17 683 34 705 ιι
49 677 152 712 Joseph
178 678 279 706 invenit
305 679 420 713 gratiam
448 680 474 706 in
497 685 645 714 conspectu
669 679 799 715 principis

17 725 171 756 arceris“,
185 729 212 751 et
226 724 324 752 Esther
338 725 440 752 invenit
452 725 566 760 gratiam
579 726 648 760 apttd
663 733 752 761 regem
764 725 799 752 ".

19 770 174 804 leperimus
189 775 279 798 autent
297 778 347 798 nos
363 771 390 797 in
410 772 527 805 quodam
542 772 690 799 secretiore
708 771 800 799 libello

17 816 143 851 scriptum
161 816 239 850 quasi
257 816 382 852 angelum
397 817 543 851 quemdam
558 824 619 844 esse
631 817 737 852 gratiae,
753 818 797 852 qui

848 231 880 250 ce
896 229 1009 258 ponant,
1034 225 1055 251 si
1080 229 1127 250 aut
1151 224 1268 251 addatur
1290 224 1392 258 aliquid
1413 225 1570 257 virtutibus.
1589 231 1636 253 aut

849 270 998 298 minuatur.
1021 269 1102 298 Verbi
1125 271 1223 305 gratia,
1245 270 1351 304 juSIitia
1378 272 1464 298 virtus
1485 276 1527 298 est
1542 281 1549 298 :
1566 276 1591 299 et
1612 273 1636 300 si

848 315 910 349 quis
929 315 1020 342 minus
1035 315 1137 349 aliquid
1154 315 1217 342 facit
1231 315 1287 351 (95)
1304 311 1384 350 quam
1400 317 1505 349 justitia
1523 317 1636 351 patitur,

848 360 908 387 sine
920 359 1002 387 dubio
1014 359 1132 393 iniustus
1141 365 1192 387 est.
1201 361 1229 388 Si
1245 361 1305 395 quis
1316 368 1380 389 vero
1392 362 1442 389 sub
1457 362 1547 396 specie
1558 362 1638 396 justi-

849 406 893 431 tiae
903 413 968 440 erga
984 407 1118 433 vindictas
1132 407 1231 433 nimius
1257 407 1312 440 lial,
1327 413 1353 434 et
1374 409 1473 435 sanius
1493 409 1575 442 agitet
1595 410 1635 435 ul-

850 450 948 482 tiones,
967 451 993 477 in
1018 451 1206 478 crudelitatem
1221 452 1277 487 (94)
1304 460 1337 479 ex
1363 453 1465 486 iustitia
1494 454 1638 480 devolutus

849 502 900 524 est.
917 496 994 524 Unde
1009 502 1035 523 et
1050 496 1176 524 Salomon
1193 498 1288 524 dicit"
1304 507 1311 525 :
1329 498 1392 525 Noli
1407 499 1465 532 ﬁeri
1477 499 1568 534 justus
1581 499 1637 534 (95)

848 541 972 568 multum.
1006 541 1138 568 Similiter
1165 547 1193 568 et
1220 542 1352 576 libertas,
1387 545 1409 570 si
1438 544 1508 571 intra
1538 549 1638 579 tempe-

850 587 968 614 rantiam
992 595 1069 613 suam
1097 588 1144 619 sit,
1168 589 1254 615 virtus
1278 594 1335 622 est;
1361 590 1385 617 si
1415 591 1505 618 minus
1528 591 1637 622 habeat,

850 633 982 660 timiditas
998 643 1004 660 :
1019 634 1042 661 si
1070 633 1197 668 amplius,
1226 635 1365 662 temeritas
1387 636 1553 662 nominatur.
1577 636 1638 663 Pari

851 679 931 705 tttodo
950 683 978 705 et
1009 679 1152 713 prudentia
1175 679 1197 706 si
1218 679 1243 705 in
1260 687 1307 706 sua
1332 687 1458 707 mensura
1482 680 1527 713 sit,
1552 681 1639 708 virtus

850 728 910 757 est;
931 724 954 751 si
980 725 1069 751 minus
1085 723 1196 756 habeat,
1225 725 1423 759 imprudentia;
1451 725 1473 753 si
1497 726 1638 760 plusquam

851 774 969 804 oportet,
986 770 1086 796 ntalitia
1108 770 1272 804 appellatur.
1290 771 1355 798 Inde
1373 775 1438 806 pttto
1455 771 1526 805 qttod
1543 776 1570 798 et
1582 778 1640 798 scr-

852 822 918 849 pens
932 814 1014 850 647
1029 815 1056 842 in
1071 818 1198 853 paradiso
1213 817 1373 851 prudentior
1384 818 1473 844 dictus
1486 817 1521 844 sit
1533 818 1641 844 caneris

17 864 88 890 :tiam
104 864 267 891 vocabulum
283 872 315 892 ex
331 865 417 900 gratia
430 865 562 891 traheret.
577 864 714 892 Anattehel
727 866 800 892 enim
817 859 839 889 Β
852 861 946 888 bestiis
958 861 991 894 ³⁸,
1011 862 1061 889 hoc
1093 869 1136 890 εει
1159 863 1293 890 excellens
1308 870 1461 890 mensuram
1477 863 1637 898 prudelllia',

17 910 111 937 licitur
125 909 199 946 (86),
220 911 291 944 quod
314 915 356 937 est
382 911 591 945 interpretatum
620 912 706 946 gratia
742 911 799 938 Dei.

19 955 62 984 loc
78 963 148 990 ergo
170 956 306 990 scriptura
333 956 379 983 illa
404 956 572 988 continebat,
598 957 671 991 quod
698 956 798 984 missus

17 1006 80 1028 isset
97 1009 113 1028 a
133 1001 246 1028 Domino
260 1003 310 1029 iste
334 1001 446 1036 angelus
469 1002 502 1028 ad
518 1002 626 1034 Esther,
644 1006 672 1028 ut
687 1002 711 1029 ei
737 1010 800 1036 gra-

18 1047 71 1072 iam
90 1046 170 1073 daret
184 1047 253 1081 apud
268 1053 368 1082 regem.
384 1045 430 1073 Sic
443 1053 508 1081 ergo
522 1046 574 1073 alia
591 1045 677 1072 virtus
689 1050 730 1073 est
741 1053 801 1073 ser-

17 1093 96 1120 nonis
112 1093 156 1126 qui
175 1099 224 1126 per
234 1092 348 1126 gratiam
364 1091 477 1124 dicitur,
495 1096 523 1119 et
538 1092 590 1119 alia
608 1093 650 1119 vis
668 1092 801 1120 doctrinae

17 1142 142 1164 totestas.
158 1137 235 1165 Alius
249 1142 339 1165 autem
359 1144 449 1165 sermo
461 1137 518 1172 (87)
532 1142 574 1165 est
590 1145 624 1165 ex
646 1138 802 1165 eruditione

17 1179 160 1212 autumni,
174 1188 219 1215 qut
231 1181 354 1215 quamvis
367 1182 456 1209 lautus
468 1182 503 1209 sit
513 1187 540 1210 et
551 1188 609 1210 arte
624 1184 799 1219 compositus,

17 1233 99 1253 auten
115 1226 137 1252 si
157 1233 211 1252 non
233 1233 282 1260 per
300 1226 412 1262 gratiam
430 1227 472 1254 vel
488 1227 587 1256 dicitur
603 1229 645 1256 vel
661 1229 799 1263 scribitur,

17 1273 144 1300 [eiectare
157 1272 278 1300 fortassis
291 1277 381 1308 potest
395 1273 529 1309 legentem
539 1295 547 1307 ,
561 1275 694 1303 adducere
709 1280 799 1304 autem

19 1319 35 1345 d
56 1318 212 1354 profectum
235 1327 290 1346 non
316 1324 405 1354 potest
425 1321 585 1348 auditorem.
604 1322 702 1349 Paulus
719 1323 800 1358 igitur

17 1372 59 1391 ton
78 1364 172 1391 solum
196 1365 254 1399 ipse
278 1373 338 1399 qua:
357 1366 423 1393 dicit
443 1367 498 1402 (88)
517 1375 566 1402 per
584 1368 697 1403 gratiam
716 1369 798 1402 dicit,

17 1411 49 1437 ed
67 1415 98 1438 et
119 1410 289 1438 auditoribus
307 1411 364 1439 suis
389 1417 516 1447 precatur
539 1413 651 1449 gratiam
678 1415 751 1448 dari;
771 1419 798 1443 et

17 1463 59 1480 mn
86 1454 177 1480 solum
199 1454 326 1488 gratiam.
349 1455 395 1482 sed
413 1459 441 1482 ct
464 1455 666 1482 multitudinem
692 1456 797 1491 gratiae.

17 1499 52 1526 Sic
71 1499 148 1526 cnim
172 1499 265 1526 scribit
283 1508 290 1525 :
308 1497 401 1525 Gratia
423 1500 493 1526 vobis
514 1500 705 1534 multiplicetur
717 1500 740 1516 "
752 1509 758 1527 :
772 1503 800 1527 et

17 1554 31 1571 ιι
51 1545 183 1572 omnibus
209 1545 337 1578 Epistolis
355 1545 411 1572 suis
432 1546 522 1573 dicit:
546 1545 640 1573 Gratia
668 1547 749 1578 vobis,
774 1550 798 1572 et

18 1599 68 1619 tax.
85 1591 142 1617 Sed
157 1591 296 1618 videamus
314 1591 378 1625 quid
394 1590 450 1626 (89)
465 1596 506 1618 est
520 1592 591 1626 quod
615 1598 663 1625 per
680 1591 797 1626 gratiam

18 1635 66 1671 (tite
82 1637 148 1663 data
164 1641 209 1663 est
223 1636 285 1668 sibi,
297 1636 444 1671 Apostolus
459 1637 526 1663 dicit
538 1637 665 1663 omnibus
679 1636 724 1670 qui
736 1641 800 1664 sunt

18 1689 77 1711 nter
93 1682 243 1710 Romanos.
263 1681 326 1709 Non
338 1683 410 1716 plus,
426 1682 512 1717 inquit
525 1681 593 1717 (90),
612 1690 703 1714 sapere
721 1689 800 1716 quant

20 1733 108 1761 portet
125 1735 229 1761 sapere,
246 1728 291 1755 sed
315 1735 406 1760 sapere
426 1729 460 1754 ad
482 1727 661 1754 sobrietatem.
689 1727 802 1755 Videtur

22 1776 95 1801 -Ihue
111 1773 147 1800 ad
162 1773 351 1806 superbientes
365 1780 455 1800 ramos
470 1773 626 1805 oleastrl,et
638 1773 801 1800 insultantes

18 1821 92 1847 amis
112 1820 160 1854 qui
186 1821 220 1848 de
247 1820 317 1847 bona
341 1819 413 1846 oliva
439 1819 555 1846 tlel‘racti
582 1824 645 1846 sunt
657 1820 692 1852 ’⁷,
719 1821 800 1848 etiam

23 1874 78 1892 nne
93 1866 152 1901 (9|)
170 1871 267 1900 aptare
279 1873 446 1897 sermonem,
460 1870 487 1892 et
501 1866 592 1892 dicere
605 1865 658 1897 eis,
673 1873 725 1891 non
750 1865 798 1891 tle-

20 1920 70 1939 ere
85 1912 148 1946 plus
160 1919 255 1946 sapere
270 1919 350 1945 qttant
366 1915 473 1945 oportet
489 1918 585 1945 sapere
601 1919 608 1937 :
621 1911 693 1945 quod
711 1910 799 1937 simile

19 1964 43 1984 st
58 1958 100 1985 illi
117 1957 238 1984 sermoni
255 1965 336 1991 quem
356 1957 442 1983 dixit:
458 1956 521 1983 Noli
536 1956 645 1990 superbe
662 1956 797 1989 sapere";

20 2013 53 2031 nc
67 2009 113 2030 est
127 2003 199 2030 cnim
216 2003 275 2038 plus
290 2009 387 2037 sapere
400 2002 456 2037 (Ἡ)
476 2009 558 2036 quant
575 2007 691 2036 oportet.
707 2002 799 2028 Scien-

21 2060 68 2078 um
88 2055 182 2076 tamen
197 2054 251 2081 est,
268 2049 340 2083 quod
360 2055 387 2075 et
401 2048 492 2075 caateri
509 2048 607 2074 eruditi
623 2048 671 2074 viri
688 2051 799 2074 utuntur

37 2110 142 2136 θύρη.
158 2108 307 2138 xxnx,‘.’.i.

19 2147 22 2161 ’
37 2146 112 2173 Gen.
134 2151 176 2176 III,
195 2145 220 2170 l.
258 2144 278 2159 "
293 2143 357 2170 an.
375 2151 429 2175 xw,
449 2144 476 2169 8.
525 2142 547 2158 ²²
562 2142 570 2169 l
584 2141 653 2169 Tim.
670 2150 706 2174 tv,
723 2142 782 2168 1-5.

19 2197 37 2218 ιι
63 2192 102 2218 ei.
126 2190 180 2217 Sed
206 2190 308 2218 rectius
331 2197 381 2217 ms.
407 2190 507 2225 Regius
531 2198 605 2217 num.
629 2189 698 2217 1659
721 2194 750 2216 ιιι
771 2190 797 2216 in
815 2191 837 2218 D

19 2233 62 2254 OSI
69 2235 102 2253 1⁸⁸0
117 2230 205 2253 textu.

36 2262 99 2295 (ΞΗ)
116 2260 199 2291 E-liti.
214 2260 396 2294 t’eprehemlet.
414 2259 514 2286 Deinde
525 2259 604 2286 iidem
618 2263 645 2286 et
658 2267 723 2285 mss.
737 2259 795 2291 ple—

19 2300 84 2331 iq-te
105 2305 112 2323 :
134 2295 182 2331 Est
198 2297 266 2322 enim
281 2297 325 2328 qui
347 2299 371 2321 et
388 2295 457 2328 quod
471 2295 522 2329 agit
535 2300 558 2321 et
580 2295 650 2329 quod
668 2295 796 2330 loquitur.

22 2330 55 2358 en
73 2339 130 2358 ms.
145 2330 245 2364 Regius
262 2338 336 2358 nutu.
352 2331 420 2357 1639
433 2337 459 2356 ut
472 2331 498 2356 in
515 2335 599 2356 textu.

36 2367 100 2396 (83)
118 2366 200 2395 Ettiti,
214 2366 266 2394 ium
281 2367 406 2395 scriptum
418 2373 474 2392 esse
490 2365 617 2392 diximus.

33 2401 96 2435 (86)
115 2399 199 2431 Editi,
218 2399 368 2434 Reperimus
389 2405 476 2426 autem
498 2400 524 2425 in
543 2400 703 2434 quodam....
721 2398 798 2435 quasi

20 2434 129 2470 age/um
150 2435 287 2469 quemdam
308 2436 417 2469 gratim,
441 2435 531 2468 qui....
554 2434 655 2460 rinahel
671 2434 739 2461 enim
756 2434 799 2470 die

23 2466 82 2501 fur.
104 2466 161 2497 i-tc;
177 2470 241 2497 Mss.
258 2466 339 2496 eli-"RH
361 2466 483 2504 plerique
499 2469 599 2496 habent
612 2470 712 2496 Ana/rel
727 2477 736 2496 :
750 2469 797 2496 sed

20 2508 108 2533 actius
124 2513 177 2532 ms.
192 2513 274 2536 unus,
286 2505 429 2532 Ananehel.
447 2505 483 2531 Ita
495 2505 576 2530 etiam
592 2505 797 2538 inte:pretatum

20 2542 129 2576 -pcries
143 2540 273 2567 Anatnecl
284 2540 369 2567 iiiiutn
385 2540 487 2572 Saloni,
500 2539 629 2568 inJercm.
643 2546 797 2573 eap.xxxn.

20 2585 74 2604 :rs.
96 2576 126 2606 8,
143 2579 210 2602 tom.
223 2582 264 2602 ιιι.

34 2611 98 2644 (87)
113 2611 270 2644 ltarotnues
293 2616 349 2635 mss
384 2608 470 2635 nostri
485 2617 491 2634 :
507 2616 558 2635 ms.
584 2613 672 2635 tamen
698 2609 797 2643 Regius

20 2643 78 2672 uin.
104 2643 186 2673 i659,
202 2643 304 2669 Omittit
325 2644 372 2670 vis.
393 2644 462 2669 Editi
482 2651 554 2675 vero,
572 2649 595 2669 et
614 2645 669 2670 ulia
691 2646 728 2671 vis
749 2645 798 2671 do-

24 2682 111 2710 fintl',
127 2686 187 2714 quw
204 2683 317 2712 potestas
334 2684 454 2705 vocatur.
471 2678 548 2705 Alius
570 2687 654 2705 sermo
668 2684 717 2712 est,
729 2684 796 2713 cita,

20 2716 108 2742 :nisso
131 2717 232 2740 autent.

33 2749 97 2785 (88)
111 2749 266 2785 διεριιιιιεε
281 2756 349 2776 mss.
363 2749 457 2776 nostri.
471 2748 540 2776 Edili
556 2756 630 2782 vero,
645 2756 695 2776 non
710 2748 794 2776 solum

21 2783 51 2811 in
73 2792 139 2817 (μίαν
151 2783 226 2814 dicit,
241 2788 293 2810 etc.

32 2820 95 2854 (89)
115 2817 195 2851 Editi,
216 2819 330 2853 quidem.

852 913 880 935 et
895 908 922 934 in
941 913 1031 941 partes
1051 909 1161 936 malitia:
1184 909 1336 944 prolapsus.
1362 909 1425 936 Inde
1447 913 1474 936 et
1494 909 1542 936 ﬁlii
1559 910 1640 944 hujus

851 953 944 981 saeculi
968 955 1161 988 prudentiores
1184 955 1311 982 dicuntur
1335 962 1417 990 quam
1443 955 1488 982 ﬁlii
1514 955 1582 983 lucis
1595 956 1638 988 ⁸¹;

851 998 911 1033 plus
934 999 1007 1025 enirn
1029 1000 1139 1033 sapiunt
1155 1007 1234 1033 quam
1248 1005 1357 1034 oportet
1373 1007 1480 1036 sapere.
1501 1001 1535 1028 Et
1552 1002 1591 1029 sic
1612 1002 1638 1029 in

851 1043 964 1077 singulis
992 1043 1146 1078 quibusque
1169 1044 1316 1071 virtutibus
1341 1050 1430 1079 potest
1456 1045 1556 1080 aliquis
1581 1047 1640 1081 plus

854 1096 951 1123 sapere
965 1097 1047 1123 quant
1062 1094 1170 1124 oportet
1187 1097 1294 1124 sapere.
1311 1090 1403 1117 Potest
1416 1092 1498 1118 etiam
1515 1093 1539 1118 itt
1556 1094 1640 1120 casti-

852 1139 908 1162 tate
921 1134 1021 1169 aliquis
1039 1135 1098 1168 plus
1120 1143 1219 1170 sapere
1240 1142 1321 1169 qnaut
1344 1141 1452 1171 oportet
1472 1144 1585 1172 sapere,
1610 1145 1640 1166 ιιι

851 1184 914 1207 sunt
937 1179 977 1206 illi
1001 1180 1044 1215 qui
1066 1181 1204 1207 attendunt
1229 1181 1365 1214 spiritibus
1388 1182 1589 1215 sedttcloribus,
1614 1190 1638 1210 et

857 1225 986 1253 doctrinis
1001 1227 1205 1260 dwmoniorum,
1221 1229 1248 1254 in
1262 1228 1393 1264 hypocrisi
1407 1229 1475 1264 [alia
1494 1230 1639 1265 loquentes,

857 1272 1031 1298 materiatura
1048 1272 1170 1299 [tabentes
1186 1274 1374 1301 conscientiam
1390 1283 1476 1308 suam,
1497 1277 1638 1310 prohiben-

850 1322 888 1344 tes
908 1317 1021 1350 nubere,
1044 1323 1068 1344 et
1089 1318 1247 1346 abstinentes
1261 1328 1288 1347 se
1301 1329 1317 1347 a
1330 1322 1395 1348 cibis
1409 1329 1474 1356 quas
1495 1322 1550 1358 (96)
1570 1323 1640 1350 Deus

851 1364 946 1390 crearit
957 1364 989 1391 ".
1004 1364 1047 1392 Isti
1061 1364 1120 1399 plus
1132 1366 1239 1400 sapiunt
1248 1367 1281 1394 de
1291 1367 1417 1394 castitate
1428 1376 1509 1403 quatit
1520 1374 1637 1403 oportet.

851 1409 940 1437 Minus
958 1414 1048 1438 autem
1069 1411 1140 1445 sapit
1155 1419 1235 1446 quam
1255 1418 1364 1447 oportet
1384 1414 1542 1442 luxuriosus
1554 1420 1581 1442 et
1597 1416 1639 1442 in-

851 1460 954 1482 cesttts.
981 1455 1036 1490 Ego
1058 1461 1147 1484 autem
1168 1458 1230 1484 dico
1247 1459 1319 1492 quod
1341 1463 1368 1486 et
1383 1459 1501 1488 hmretici
1523 1461 1583 1495 plus
1596 1469 1639 1488 sa-

852 1501 928 1536 pittnt
942 1502 976 1529 de
992 1502 1101 1530 Christo
1120 1511 1201 1537 quam
1218 1508 1323 1538 oportet
1345 1512 1455 1540 sapere,
1474 1508 1518 1541 qui
1541 1513 1640 1543 negant

852 1554 913 1573 eum
929 1547 974 1573 Dei
997 1548 1134 1574 creatoris
1156 1547 1334 1581 csseFilium,
1352 1551 1399 1577 sed
1413 1550 1526 1578 alterius
1549 1554 1640 1580 nescio

852 1591 930 1626 cujus
946 1592 1067 1620 melioris
1082 1592 1130 1620 Dei
1150 1594 1218 1628 (91).
1239 1594 1292 1622 Sed
1306 1600 1334 1622 et
1353 1596 1390 1623 illi
1408 1597 1469 1631 plus
1484 1597 1516 1625 de
1530 1598 1640 1625 Christo

853 1639 964 1672 sapiunt
983 1645 1064 1673 quam
1086 1645 1193 1672 oportet
1214 1648 1325 1676 sapere,
1343 1643 1390 1677 qui
1413 1647 1512 1678 negant
1529 1651 1590 1671 eum
1613 1646 1639 1671 in

853 1689 936 1709 cartte
946 1684 1064 1716 venisse,
1076 1689 1103 1710 et
1115 1689 1209 1712 natum
1221 1693 1281 1713 esse
1292 1694 1325 1713 ex
1336 1686 1457 1722 Vlrgitte,
1469 1690 1516 1716 sed
1529 1690 1640 1717 cmleste

853 1729 878 1755 ci
896 1736 997 1763 corpus
1019 1729 1170 1764 assignant.
1195 1730 1224 1757 In
1249 1731 1292 1758 Itis
1311 1739 1377 1766 ergo
1399 1734 1527 1761 omnibus
1541 1734 1640 1763 l‘aulus

854 1780 903 1800 nos
918 1774 976 1800 vult
993 1782 1046 1801 non
1067 1775 1127 1808 plus
1147 1783 1238 1809 sapere
1259 1784 1337 1811 quam
1356 1783 1455 1811 oportet
1473 1787 1574 1813 rapere,
1594 1783 1640 1807 sed

852 1827 945 1852 sapere
963 1820 998 1846 ad
1017 1820 1205 1853 sobrietatem,
1229 1821 1301 1856 quod
1319 1822 1344 1848 itt
1359 1822 1454 1850 Grzeco
1469 1825 1571 1851 dicitur
1586 1834 1639 1853 σω-

854 1864 994 1899 φροσύνη,
1016 1865 1042 1892 iit
1061 1866 1162 1893 nostris
1180 1871 1270 1893 autem
1293 1867 1450 1901 codicibus,
1474 1870 1526 1897 hoc
1547 1875 1586 1897 est
1613 1872 1639 1898 itt

854 1909 1003 1945 Scripturis
1017 1911 1126 1945 divinis,
1143 1912 1270 1939 sobrietas
1285 1921 1299 1939 a
1312 1915 1460 1948 majoribus
1475 1915 1639 1950 interpreta-

854 1960 909 1982 tum
929 1961 979 1988 est,
1002 1956 1036 1984 ab
1051 1957 1111 1985 aliis
1137 1962 1229 1985 tamen
1247 1960 1362 1987 eruditis
1382 1961 1447 1988 viris
1466 1963 1638 1996 temperantia

853 2002 972 2036 ponitur,
985 2011 1046 2038 quae
1061 2006 1240 2039 temperantia
1257 2014 1309 2033 una
1323 2014 1357 2034 ex
1372 2013 1488 2041 quatuor
1503 2009 1639 2042 generali-

853 2047 902 2073 bus
920 2048 1066 2076 vittutibus
1082 2049 1210 2078 ltabctur.
1228 2051 1260 2077 Et
1277 2051 1303 2077 in
1322 2052 1373 2079 hoc
1391 2059 1455 2087 ergo
1471 2053 1528 2079 Ioco
1542 2052 1640 2079 melius

346 2108 368 2124 "
381 2107 486 2134 Esther.
500 2116 530 2137 ll,
544 2107 604 2142 17.7
626 2107 649 2122 "
659 2107 668 2133 I
679 2106 751 2133 Petr.
768 2114 787 2138 ι,
799 2106 826 2133 2.
866 2105 887 2122 ’⁷
901 2106 979 2134 Rom.
995 2115 1031 2140 tt,
1050 2107 1094 2135 l7.
1132 2108 1155 2124 "
1166 2109 1244 2137 ltom.
1258 2116 1295 2140 si,
1309 2108 1353 2135 ‘20.
1391 2109 1414 2124 "
1426 2109 1513 2136 lict-Ie.
1527 2117 1573 2142 ιιι,
1596 2110 1638 2138 i7.

891 2188 1063 2223 (90)Vlnquit.
1079 2188 1300 2216 Pra'lermittitnr
1312 2190 1337 2220 in
1349 2190 1441 2216 editis.

849 2259 860 2285 Ι
887 2223 941 2260 (9i)
952 2222 1033 2255 Editi,
1046 2229 1069 2250 et
1082 2224 1236 2251 insultantes
1249 2225 1353 2260 quidem
1366 2225 1441 2252 bona:
1457 2225 1542 2259 olivtc,
1558 2231 1639 2252 etiam

858 2267 930 2285 tunc.
947 2263 999 2285 etc.

858 2263 930 2286 tunc.
947 2263 999 2285 etc.

885 2278 1014 2329 (girl-ioc
1026 2297 1063 2320 est
1080 2294 1147 2320 enim
1163 2293 1222 2328 plus
1244 2303 1343 2328 sapere.
1358 2295 1419 2322 "(BC
1439 2295 1464 2322 iit
1484 2295 1565 2322 editis
1583 2303 1636 2321 nnn

849 2333 1018 2362 Contparettt.

1060 2368 1084 2390 et
1099 2364 1195 2397 siquid
1211 2365 1297 2392 minus
1310 2366 1408 2401 aliquis
1420 2366 1494 2399 facit.

886 2398 941 2434 (94)
958 2399 1073 2434 Ediliret
1088 2407 1153 2426 mss.
1175 2400 1295 2434 quidam,
1311 2407 1333 2427 et
1353 2398 1446 2428 siccius
1461 2405 1534 2433 ngat,
1551 2408 1578 2427 m
1595 2403 1637 2426 ul-

850 2433 928 2470 tionis
947 2433 1113 2470 crudelitate,
1128 2433 1190 2462 etc.’
1204 2435 1257 2461 Sed
1271 2437 1371 2463 rectius
1383 2445 1433 2463 ms.
1448 2435 1549 2470 Regius
1562 2443 1636 2462 nunt.

850 2469 920 2496 1659
932 2474 959 2496 et
976 2467 1104 2496 Rubanus
1116 2475 1144 2496 ut
1158 2470 1183 2496 in
1196 2476 1291 2496 nostro
1304 2475 1387 2498 lrlltl.

885 2504 941 2539 (95)
963 2503 1044 2537 Editi,
1067 2505 1094 2540 in
1116 2505 1197 2531 multo
1216 2505 1318 2539 justus.
1350 2506 1382 2532 Et
1402 2506 1481 2540 paulo
1505 2510 1565 2539 post
1583 2515 1635 2534 ms.

849 2538 950 2572 Regius
966 2546 1040 2565 nunt.
1064 2539 1133 2575 1939
1152 2538 1243 2573 habet,
1256 2543 1278 2566 si
1291 2541 1376 2567 minus
1389 2538 1493 2572 habent,
1506 2538 1634 2575 formido.

885 2575 940 2610 (96)
955 2575 1001 2602 Sic
1012 2582 1062 2601 ms.
1075 2574 1176 2608 Regius
1190 2583 1260 2601 num.
1276 2574 1354 2603 1659.
1369 2576 1464 2603 Crateri
1481 2574 1544 2603 vero
1557 2584 1634 2607 mss.,

848 2610 976 2637 llabanus
990 2614 1018 2636 et
1031 2611 1115 2641 editi,
1133 2610 1304 2643 loquentium.
1320 2611 1495 2637 cauteriutum
1510 2611 1634 2637 habentes

848 2645 1000 2679 (Rabanus,
1024 2646 1188 2679 habentium)
1204 2663 1210 2670 .
1228 2663 1236 2671 .
1254 2665 1261 2672 .
1278 2646 1472 2680 prohibentium
1487 2646 1594 2678 nubere,
1609 2650 1633 2672 et

851 2680 982 2715 abstinere
1001 2689 1016 2706 a
1039 2681 1116 2712 cibis,
1134 2688 1209 2715 quos,
1230 2685 1282 2706 etc.

885 2714 941 2750 (97)
964 2715 1012 2742 Ms.
1033 2713 1144 2750 chius‘
1161 2723 1235 2743 nunt.
1261 2715 1345 2748 1659,
1370 2715 1478 2741 minoris
1494 2713 1562 2746 Dei;
1584 2714 1636 2750 sed

848 2758 942 2778 omnes
963 2751 1007 2778 alii
1031 2759 1110 2785 mss,
1131 2751 1258 2779 llabattus
1285 2757 1312 2778 et
1340 2751 1403 2779 editi
1421 2750 1521 2778 rectius
1549 2754 1578 2776 nt
1603 2754 1630 2774 In

849 2791 933 2814 textu.
