1852 3053
223 117 286 145 1211

946 115 1009 143 0th

1069 115 1108 143 εις
1769 114 1814 141 ﬁt!

221 173 342 208 Apostoli
359 174 429 201 dicta
450 173 592 205 lucerent,
609 173 631 201 si
649 173 813 200 haberemus
829 176 857 200 et
871 179 922 200 nos
940 174 1008 200 scri-
1024 176 1047 204 Λ
1063 173 1145 200 tatur.
1173 171 1206 198 Et
1230 171 1267 198 ita
1293 170 1415 198 invenias
1443 177 1666 205 umnnquemque
1687 173 1813 206 promta.
1831 170 1832 190 ι

222 226 298 255 ptum
315 220 462 247 secundum
477 219 564 246 Graeci
586 219 720 246 sermonis
736 219 866 246 virtutem
877 239 885 251 ,
901 220 946 246 red
964 228 1009 246 sa—

221 274 281 299 pere
296 266 331 292 ad
354 265 557 298 temperantiam
573 271 583 290 .'
600 265 650 292 hoc
665 269 706 291 est
719 284 727 295 ,
743 269 773 291 ut
789 265 814 291 in
828 265 954 291 oumilnls
969 265 1010 291 vel

222 319 283 345 quze
297 310 420 345 agimus,
438 310 479 337 vel
496 318 556 344 qum
571 310 719 344 loquimur,
735 310 776 336 vel
792 318 852 344 qme
867 311 1009 342 sentimus,

223 356 430 390 temperantiam
456 360 608 382 teneamus.
637 356 664 382 in
690 356 732 382 his
751 356 822 382 enim
844 363 904 389 (ιιι-ι
929 363 1010 389 supra

222 401 441 428 enumeravimus
452 409 539 437 ttequc
551 402 669 436 amplius
682 409 768 436 neque
781 401 870 427 minus
885 401 942 428 ﬁeri
962 401 1010 427 dc-

223 448 304 478 bere,
323 447 432 473 modum
453 454 564 474 servare
581 448 654 473 novit
669 447 725 473 sola
740 447 930 480 [eruperantia.
949 446 1010 472 Post

224 492 282 519 inec
290 492 328 518 ait
341 501 347 518 :
361 491 508 526 Unicuique
519 493 584 518 sicut
595 493 681 518 divisit
692 492 761 518 Deus
771 500 919 518 menmram
930 491 991 525 fidei
1000 497 1010 516 :

224 538 276 565 hoc
292 543 344 570 ρει,
362 542 392 564 ιιι
409 538 477 565 sciat
496 538 680 572 unttsquisque
695 542 722 563 et
744 537 875 571 intelligat
898 544 958 570 quae
981 537 1007 562 in

223 589 257 609 eo
270 582 306 608 sit
323 589 450 609 mensura
474 583 566 616 gratia:
584 583 645 614 Dei,
662 589 743 616 quatit
757 581 886 615 consequi
913 581 1012 608 meruit

224 633 272 660 per
296 626 387 652 lltlem.
419 626 554 652 Interdum
575 626 647 652 enini
671 626 770 659 accipit
790 626 852 659 quis
870 633 884 651 ιι
907 625 960 652 Deo
983 630 1011 651 ut

224 673 313 706 sapiat
329 673 355 699 in
371 679 453 706 opere
469 671 526 706 (98)
542 671 685 698 charitatis
698 691 704 703 ,
720 676 766 697 aut
781 675 810 696 ut
824 671 911 704 sapiat
929 669 954 696 in
971 669 1011 697 ol-

225 718 289 745 licio
309 718 436 745 visitandi
449 737 456 750 ,
476 722 520 743 aut
539 723 602 749 erga
626 716 828 743 misericordias
851 722 1010 750 pauperum,

225 769 273 789 attt
283 763 358 790 circa
379 763 505 790 debiliutn
526 769 638 793 curam,
663 765 709 787 aut
725 768 788 795 erga
811 761 952 786 viduarum
980 764 1008 787 et

225 808 386 843 pupillorum
394 807 644 839 delensionem,aut
655 814 718 841 erga
733 806 923 841 hospitalitatis
937 806 1011 833 solli-

1061 224 1124 250 erga
1144 223 1227 242 unum
1247 215 1356 250 aliquod
1372 214 1502 248 cilicium,
1525 220 1554 241 et
1575 214 1715 249 specialius
1731 224 1814 250 opem

1061 262 1144 294 dare;
1166 267 1268 288 czetera
1290 269 1354 288 vero
1373 261 1516 296 sequentia
1539 261 1649 288 habere.
1668 260 1751 294 Neque
1764 263 1815 288 cui:

1062 307 1112 333 hoc
1128 306 1247 333 dicimus
1268 307 1339 340 quod
1361 314 1442 332 unum
1464 305 1590 332 sullicere
1610 306 1770 338 debeat,sed
1786 315 1815 333 te-

1061 353 1180 379 cundunt
1213 352 1326 378 formant
1361 351 1492 386 propositi
1513 351 1642 385 exempli.
1665 351 1744 384 Sicut,
1763 353 1814 378 mn

1062 398 1160 432 gratia,
1187 399 1281 425 ueritus
1303 398 1421 431 speciale
1443 397 1561 424 oﬂicimn
1591 397 1672 424 habet
1694 403 1720 424 ut
1741 399 1815 429 videat,

1062 451 1144 469 unum
1172 447 1260 469 tamen
1286 442 1324 478 (4)
1345 449 1388 469 est
1412 451 1446 469 ex
1470 443 1599 470 omnibus
1624 448 1651 470 et
1674 443 1698 470 in
1719 445 1816 471 omnibus

1062 489 1200 517 membris.
1224 493 1249 515 et
1268 496 1329 515 cum
1343 488 1459 522 singulis
1476 489 1532 522 agit
1546 489 1647 519 omnia,
1664 494 1689 516 et
1707 497 1761 516 cum
1777 491 1817 525 ipso

1062 533 1166 568 singula
1178 541 1292 568 quaeque
1304 539 1390 569 aguttt
1401 534 1490 560 omnia
1505 543 1511 566 ;
1525 534 1561 560 ita
1576 540 1603 562 et
1618 535 1662 569 qui
1675 542 1720 570 per
1728 537 1817 570 gratias:

1064 578 1124 605 lidei
1152 587 1235 606 unum
1259 579 1370 614 aliquod
1396 580 1495 606 donum
1514 580 1632 614 speciale
1652 582 1769 608 interuerit
1784 583 1818 615 (5),

1063 624 1129 652 illud
1145 625 1253 659 quidem
1271 625 1461 660 principaliter
1475 626 1668 659 administrat;
1684 628 1709 654 in
1721 629 1819 655 omnibs

1063 677 1126 698 vero
1140 671 1248 698 actibus
1269 671 1360 698 socius
1376 678 1438 698 cum
1454 671 1562 698 exteris
1580 671 1694 699 habetur
1714 679 1736 700 et
1756 675 1819 707 parte

1062 722 1136 750 ceps.
1159 716 1301 749 Quomodo
1315 721 1407 742 autem
1423 723 1522 750 corpus
1541 716 1612 743 istud
1637 717 1662 744 in
1676 718 1775 745 Christo
1788 720 1818 748 sit.

1063 761 1089 788 id
1105 765 1148 789 est
1165 762 1191 788 in
1205 762 1334 792 veritate,
1346 766 1373 788 et
1385 762 1529 795 sapientia,
1542 766 1569 789 et
1583 763 1698 797 iustitia,
1709 769 1734 790 et
1744 765 1819 790 saucu-

1064 805 1192 833 licatione
1202 826 1210 838 ,
1225 815 1285 840 quae
1301 807 1394 833 omnia
1410 805 1535 833 Christus
1549 812 1609 839 est,
1629 815 1699 842 sape
1710 808 1759 842 jam
1774 810 1820 836 diti-

224 854 386 880 citu-tinem.
402 852 465 880 llaec
479 860 545 886 ergo
560 852 663 887 singula
678 852 769 879 divisit
783 853 929 886 unicuique
940 851 1011 879 Deus
1027 846 1050 877 Β
1065 858 1134 878 mus.
1156 850 1215 877 .lam
1230 851 1314 887 648
1329 858 1396 878 vero
1409 851 1431 878 si
1449 851 1476 877 in
1492 851 1544 879 hoc
1558 859 1684 885 corpore,
1701 853 1766 878 verbi
1778 861 1820 886 gn-

224 900 373 926 secundnm
395 907 549 926 mensuram
576 898 650 925 litiei.
670 898 723 925 Sed
747 899 769 925 si
793 898 816 925 is
835 899 882 933 qui
906 899 1013 933 accepit

224 945 339 977 gratiam
355 949 382 971 ut
395 945 426 972 de
440 951 494 971 uno
506 944 597 979 aliquo
612 944 708 970 horum
725 949 842 978 saperet,
863 951 916 970 non
932 944 1013 971 intel-

225 991 291 1024 ligat
308 998 462 1017 mensuram
478 989 533 1025 (99)
548 989 643 1024 gratiae
657 989 708 1015 sibi
728 989 807 1020 datze,
824 989 869 1015 sed
888 988 953 1015 velit
966 996 1012 1015 sa-

225 1043 291 1071 pere
307 1036 340 1063 de
356 1036 492 1070 sapientia
511 1035 572 1067 Dei,
593 1036 625 1061 de
637 1035 720 1061 verbo
739 1034 870 1061 doctrinae
883 1054 891 1066 ,
905 1035 938 1060 de
951 1042 1013 1068 pro-

225 1082 360 1109 l'uudioris
377 1081 499 1108 scientia:
520 1081 643 1114 ratione,
661 1080 686 1106 in
701 1087 756 1114 quo
769 1081 882 1115 gratiam
901 1087 953 1107 non
968 1088 1013 1106 ae-

228 1129 320 1162 cepit,
337 1132 362 1154 et
383 1136 436 1155 non
455 1133 507 1154 Iam
528 1127 633 1153 discere
652 1125 733 1158 Velit,
746 1134 825 1161 quam
842 1126 940 1153 docere
954 1133 1013 1161 qua:

226 1174 329 1206 nescit;
351 1173 403 1200 iste
426 1181 488 1200 cum
511 1172 601 1199 minus
621 1172 728 1207 sapiat,
753 1171 814 1206 plus
838 1172 895 1198 vult
918 1179 1013 1206 sapere

225 1227 308 1254 quam
322 1224 440 1254 oportet.
458 1218 516 1246 Non
530 1218 603 1245 enim
620 1218 691 1252 sapit
706 1217 738 1244 ad
756 1217 967 1250 teluperautiam
984 1221 1014 1243 ut

225 1266 361 1292 custodiat
373 1267 511 1300 unicuique
521 1265 590 1292 sicut
602 1265 691 1292 diuisit
703 1264 771 1290 Deut
781 1271 929 1290 mensuram
940 1263 1012 1297 ﬁdei.

228 1312 326 1339 Verum
340 1317 368 1339 ut
381 1312 535 1339 evidentius
549 1312 639 1338 adhuc
653 1311 686 1338 de
703 1311 745 1338 his
760 1309 799 1344 (l)
810 1309 955 1344 Apostolus
966 1311 1014 1337 de-

226 1357 358 1392 signaret.
374 1357 524 1384 introducit
536 1356 702 1391 exemplum,
715 1359 742 1382 et
755 1355 819 1382 dicit
833 1362 841 1381 :
857 1354 932 1382 Sicut
945 1356 1013 1382 enim

226 1403 254 1429 in
279 1411 330 1428 uno
352 1410 459 1436 corpore
484 1401 568 1428 multa
594 1401 710 1428 membra
735 1401 876 1431 habemus,
898 1400 1014 1426 membra

226 1453 314 1474 autem
331 1448 419 1473 omnia
440 1455 492 1473 non
507 1447 628 1473 eumdem
643 1451 731 1472 actum
746 1446 840 1472 habent
854 1452 862 1470 :
879 1445 917 1471 ita
937 1445 1013 1472 multi

227 1501 309 1519 unum
322 1501 415 1526 corpus
431 1500 522 1519 sumus
543 1492 571 1519 in
589 1490 715 1522 Christo,
730 1491 829 1524 singuli
845 1495 932 1517 autent
946 1491 1014 1517 alter

226 1539 338 1565 alterius
364 1538 479 1564 utciiibra
500 1545 510 1565 :
532 1537 734 1564 ordinatissime
755 1544 803 1571 per
826 1537 883 1564 hanc
903 1545 1014 1572 compo-

227 1591 295 1610 nens
311 1591 390 1610 omne
405 1591 503 1617 corpus
518 1582 645 1610 Ecclesia:
658 1590 666 1613 ;
683 1587 711 1609 ut
727 1582 797 1609 sicut
813 1583 934 1609 membra
952 1591 1014 1610 eor-

227 1630 302 1664 poris
325 1629 430 1664 singula
456 1637 570 1664 qua-que
595 1629 721 1664 proprios
744 1629 845 1655 habent
869 1634 959 1662 actus,
987 1634 1014 1657 et

227 1674 322 1701 (illiciis
335 1675 392 1702 suis
406 1675 616 1710 unumquodque
631 1676 760 1708 deservit,
779 1683 829 1704 nec
846 1682 937 1703 tamen
955 1683 1015 1710 pos-

227 1721 306 1748 sibile
325 1726 367 1748 est
386 1725 414 1748 ut
429 1729 480 1748 non
499 1728 634 1748 consensu
657 1727 749 1750 mutuo
763 1723 814 1750 sibi
833 1723 949 1751 invicem
967 1730 1014 1750 ce-

227 1766 315 1792 dant:
334 1766 387 1798 ita,
410 1766 511 1800 inquit,
533 1769 560 1792 et
581 1765 609 1793 in
633 1765 753 1793 Ecclesia
775 1774 835 1800 quas
852 1771 895 1793 est
916 1773 1015 1801 corpus

227 1811 342 1842 Christi,
357 1812 479 1838 diversos
493 1811 593 1846 singuli
611 1812 741 1839 habemus
752 1817 839 1839 actus.
854 1811 933 1839 Verbi
950 1819 1014 1846 gra-

228 1857 290 1882 tia:
313 1856 384 1883 alius
404 1856 523 1883 studium
546 1864 627 1884 omne
652 1864 716 1891 erga
738 1858 899 1892 sapientiam
922 1857 969 1884 Dei
988 1861 1015 1884 et

228 1902 380 1928 doctrinam
403 1902 476 1929 verbi
497 1902 629 1935 adhibet,
651 1909 679 1930 et
702 1903 728 1930 iu
748 1903 924 1930 meditatione
949 1903 1015 1937 legis

228 1947 325 1974 divinat:
345 1948 389 1974 die
404 1956 436 1974 ac
450 1952 530 1975 nocte
553 1949 691 1983 persistit;
716 1953 743 1976 et
764 1955 807 1976 est
823 1949 911 1984 magni
936 1949 1015 1984 hujus

227 1993 349 2028 corporis
364 1993 470 2020 oculus.
486 1994 575 2026 Alius,
593 1999 621 2020 ut
640 2002 723 2028 supra
740 1994 870 2027 diximus,
887 2001 950 2029 erga
966 1994 1016 2021 mi-

226 2038 369 2066 nisterium
388 2039 513 2071 fratrum,
530 2045 557 2066 et
574 2040 754 2075 indigentium
769 2044 846 2068 curat
859 2040 914 2075 (2);
935 2044 1015 2067 etest

227 2084 316 2111 sancti
333 2084 414 2118 hujus
429 2085 551 2118 corporis
568 2093 674 2113 manus.
695 2087 770 2113 Alius
786 2087 924 2114 studiosus
938 2086 1016 2113 audi-

227 2134 271 2157 tor
291 2136 335 2157 est
354 2132 426 2158 verbi
445 2131 512 2163 Dei;
536 2136 563 2159 et
582 2133 657 2158 auris
673 2137 715 2159 est
730 2133 864 2166 corporis.
887 2132 965 2159 Alius
981 2132 1014 2159 ad

1065 895 1114 928 tia,
1128 900 1157 921 ut
1173 895 1207 922 sit
1222 895 1260 931 (6)
1280 896 1378 930 aliquis
1399 895 1514 926 oculus.
1536 896 1608 929 quod
1628 901 1670 922 est
1690 897 1715 922 in
1734 904 1819 930 corpus

1067 945 1122 968 toto
1136 940 1273 973 nobilius;
1288 941 1330 967 vel
1347 948 1443 968 manus
1453 960 1462 973 ,
1487 942 1559 975 quod
1579 942 1702 975 sequenti
1724 942 1775 968 loco
1789 943 1820 967 tn-

1064 987 1122 1014 beri
1140 992 1230 1021 potest
1244 996 1251 1020 ;
1267 992 1313 1014 aut
1328 988 1412 1020 auris,
1428 993 1476 1014 aut
1488 987 1590 1022 lingua,
1607 993 1655 1014 aut
1666 993 1756 1014 cetera
1768 996 1819 1022 qu-

1063 1040 1116 1066 que
1133 1041 1193 1067 qute
1209 1033 1336 1061 videntur
1350 1033 1507 1060 honestiora
1520 1041 1580 1061 esse
1596 1043 1603 1061 :
1620 1040 1648 1061 et
1664 1043 1753 1062 rursus
1766 1040 1789 1061 ut
1799 1036 1821 1061 sit

1063 1077 1172 1112 aliquod
1194 1078 1268 1105 aliud
1292 1078 1443 1106 membrum
1463 1086 1497 1106 ex
1523 1079 1566 1106 his
1583 1087 1645 1113 quae
1662 1080 1776 1106 Videntur
1793 1081 1820 1105 io-

1067 1124 1222 1151 bonestiora
1238 1131 1298 1152 esse
1311 1133 1320 1156 ς
1337 1125 1393 1160 ipse
1407 1125 1508 1160 aliquid
1525 1133 1616 1153 causa:
1631 1127 1776 1160 przestiterit
1787 1128 1819 1159 (in.

1064 1177 1098 1196 an
1121 1169 1168 1197 Dei
1193 1170 1333 1198 voluntate
1353 1173 1457 1205 absque
1479 1173 1543 1200 ullis
1563 1173 1678 1199 omnino
1697 1174 1777 1200 caesis
1791 1174 1820 1200 ill-.-

1064 1214 1152 1247 illud,
1171 1214 1212 1242 vel
1228 1215 1273 1242 ille
1287 1216 1326 1250 (8)
1355 1216 1419 1243 illm]
1437 1218 1602 1246 constitutus
1629 1220 1666 1246 sit
1690 1220 1818 1249 niennbrnm.

1064 1268 1147 1295 supra
1171 1266 1291 1288 nostram
1309 1269 1369 1289 esse
1383 1263 1591 1299 intelligentiam
1607 1270 1684 1298 puto.
1706 1265 1787 1292 Veram
1798 1271 1821 1290 se

1065 1307 1092 1334 hi
1111 1307 1156 1342 qui
1176 1312 1288 1335 naturas
1306 1309 1429 1336 diversas
1448 1314 1576 1336 asserunt
1596 1311 1759 1341 animarum,
1776 1317 1795 1335 et
1810 1317 1819 1334 ι

1065 1352 1180 1380 diversis
1194 1353 1381 1381 conditoribus
1396 1353 1536 1381 institutas
1547 1374 1554 1386 ,
1569 1354 1659 1381 locum
1676 1356 1820 1382 multimulti

1066 1399 1201 1433 dogmatis
1223 1398 1266 1426 sui
1288 1399 1410 1427 invenire
1431 1400 1591 1433 videantur,
1611 1409 1644 1428 ea
1661 1409 1720 1436 qua:
1733 1402 1819 1428 uoltis“

1065 1445 1252 1479 superioribus
1277 1445 1309 1472 de
1328 1445 1399 1472 vasis
1425 1445 1541 1473 honoris
1563 1452 1591 1473 et
1616 1448 1693 1474 vasis
1716 1453 1819 1475 contum:-

1066 1490 1109 1518 lite
1122 1490 1145 1506 ³⁸
1158 1491 1274 1518 disserla
1290 1495 1363 1522 sunt,
1378 1491 1461 1518 etiam
1477 1491 1503 1518 in
1519 1491 1557 1527 (9)
1575 1493 1704 1526 praesenti
1720 1492 1820 1519 ειιΙΙὶιτὶιιι

1065 1536 1134 1566 loco.
1147 1535 1289 1572 Nunquam
1302 1537 1374 1564 enim
1389 1538 1593 1565 concedendum
1613 1545 1677 1572 est,
1702 1545 1729 1566 ut
1745 1540 1788 1567 sive
1804 1540 1819 1564 in

1066 1582 1203 1616 prementi,
1228 1582 1284 1609 sive
1302 1581 1327 1609 in
1344 1582 1497 1616 praeteritis,
1521 1584 1580 1611 sive
1602 1585 1686 1611 etiam
1712 1585 1735 1611 iu
1754 1584 1820 1610 futuris

1066 1629 1183 1661 saeculis,
1199 1637 1251 1656 non
1264 1629 1301 1656 ita
1314 1637 1533 1665 unumquemque
1546 1630 1686 1664 dispenset
1697 1631 1748 1665 (ιο)
1759 1631 1819 1656 divin

1065 1673 1248 1707 Providentia,
1259 1679 1287 1702 ut
1300 1675 1509 1710 uniuscujusque
1523 1675 1652 1702 meritum
1661 1676 1760 1703 arbitrii
1770 1676 1821 1702 ιιι-ε-

1066 1722 1121 1746 tate
1133 1720 1275 1747 collectum
1290 1720 1432 1747 materiam
1448 1720 1594 1755 prmbuerit
1610 1720 1778 1756 dispensanti.
1793 1719 1821 1745 ls-

1065 1768 1124 1790 stus
1134 1769 1175 1791 est
1191 1764 1262 1791 enim
1275 1764 1354 1797 Deus,
1365 1769 1392 1791 et
1403 1765 1534 1800 injustitia
1548 1774 1602 1792 non
1613 1771 1657 1793 est
1666 1767 1734 1801 apud
1746 1773 1793 1793 eum
1802 1764 1820 1789 ".

1101 1809 1128 1836 5.
1157 1809 1290 1837 [labentes
1311 1811 1380 1837 enim
1404 1810 1460 1845 (Il)
1484 1811 1553 1837 dona
1571 1813 1718 1838 sectandum
1741 1811 1821 1846 gratim

1066 1863 1124 1890 qua:
1141 1855 1205 1881 dum
1223 1860 1260 1882 est
1280 1856 1364 1887 nobis,
1382 1857 1547 1890 differentia,
1571 1857 1625 1884 riae
1637 1857 1787 1892 prophetiam
1798 1865 1821 1882 tr

1066 1902 1181 1928 cundum
1207 1903 1334 1928 rationem
1355 1902 1438 1936 fidei,
1458 1904 1511 1930 sive
1534 1903 1712 1930 ministerium
1731 1905 1755 1930 in
1770 1903 1821 1928 nia-

1066 1948 1191 1977 strundo.
1215 1947 1269 1973 sive
1286 1947 1332 1981 qui
1350 1947 1424 1974 docet
1443 1948 1471 1974 in
1493 1948 1628 1980 doctrina,
1644 1949 1689 1982 qui
1703 1949 1822 1975 exhortatur

1066 1991 1093 2017 in
1111 1993 1286 2026 exhortando,
1300 1993 1346 2026 qui
1363 1994 1454 2020 tribuit
1470 1994 1497 2020 in
1510 1994 1694 2028 simplicitate,
1705 1995 1747 2029 qui
1758 1998 1820 2028 prta:

1066 2037 1093 2063 in
1110 2038 1299 2072 sollicitudine,
1321 2039 1366 2074 qui
1383 2039 1521 2066 rvtiseretur
1539 2041 1568 2066 in
1582 2040 1721 2067 hilaritate
1733 2040 1761 2066 ³³.
1777 2038 1820 2065 Cum

1066 2083 1179 2110 dixisset
1199 2084 1320 2117 singulos
1335 2093 1457 2120 quosque
1473 2086 1646 2113 credentium
1661 2087 1772 2114 tttetubn
1784 2093 1821 2111 cst:

1067 2129 1146 2156 unius
1176 2131 1298 2164 corporis
1324 2131 1445 2164 Christi;
1478 2139 1550 2158 nunc
1581 2133 1662 2166 quasi
1689 2133 1819 2160 divet'sttrﬁt

227 2176 357 2204 visendos
374 2177 579 2210 dccutttbcnles,
595 2183 622 2205 et
641 2179 819 2212 requirendos
839 2178 1012 2210 tribtilantcs,
1030 2182 1052 2210 ι)
1068 2175 1250 2202 IItcmbrorum
1263 2176 1450 2204 diversitatem
1462 2178 1553 2212 operis
1565 2184 1729 2211 enumerat;
1741 2183 1763 2204 et
1772 2181 1820 2201 mbt

226 2227 256 2250 et
273 2223 374 2257 positos
398 2223 425 2250 in
443 2224 652 2251 necessitatibus
671 2225 805 2251 erucndos
823 2229 865 2251 est
886 2224 1015 2258 impiger;

226 2269 273 2303 qui
291 2276 338 2303 pes
351 2269 409 2296 sine
424 2269 506 2296 dubio
522 2270 560 2305 (5)
580 2270 759 2297 ecclesiastici
781 2270 902 2303 corporis
924 2269 1016 2303 appel-

279 2317 302 2333 ”
317 2318 396 2344 Rom.
412 2325 451 2350 Ix,
463 2317 510 2344 21.
544 2317 567 2333 ³³
578 2317 658 2345 Joau.
676 2325 724 2349 vn,
740 2317 784 2345 18.
820 2316 842 2332 ⁸⁵
858 2316 937 2343 Rom.
954 2315 1055 2347 xn,6-8

274 2399 414 2435 99)_Editi,
427 2408 477 2426 non
490 2401 611 2435 intelligit
623 2407 785 2430 mensuram,
799 2404 853 2426 etc.

275 2433 353 2468 l)'De
368 2435 418 2462 Ιιὶι.
438 2435 518 2462 Deest
534 2435 559 2461 in
577 2433 672 2461 editis.
694 2435 793 2460 Deinde
813 2442 878 2460 tnss.
894 2433 1016 2468 plerique

227 2467 401 2496 ct’Rabanus
420 2478 468 2504 pro
490 2471 637 2502 designaret
659 2470 756 2496 habent
779 2467 935 2503 assignaret.
960 2467 1013 2496 Sed

231 2512 281 2531 nis.
298 2504 398 2537 Regius
415 2513 489 2533 num.
509 2505 573 2532 1659
590 2510 615 2531 et
631 2504 696 2531 editi
716 2509 745 2530 ιιι
765 2505 790 2529 in
808 2509 891 2530 textu.

266 2538 304 2573 (2)
321 2535 368 2574 Sic
381 2547 431 2565 ms.
446 2540 547 2574 Regius
565 2548 640 2566 ιιιιιιι.
653 2538 731 2567 1659.
750 2539 848 2566 Caneri
871 2545 935 2565 vero
949 2545 1014 2565 mss.

230 2578 258 2600 et
271 2573 347 2605 editi,
362 2579 384 2599 et
397 2575 571 2608 indigentium
586 2583 688 2602 curam.
705 2575 843 2606 Rahanus,
859 2579 882 2600 et
897 2573 1015 2608 indigeti-

232 2608 296 2634 tium
310 2616 400 2634 curam
417 2610 503 2635 habet.

267 2643 304 2678 (5)
325 2643 405 2674 Editi,
428 2649 452 2669 et
471 2652 514 2675 pes
535 2644 590 2671 sine
608 2643 705 2675 dubio,
731 2648 784 2670 etc.
804 2643 915 2674 Deinde,
934 2648 957 2669 et
977 2642 1014 2678 ita

231 2677 345 2714 inueniet
360 2686 567 2712 unumquemque
581 2687 626 2712 pro
642 2687 716 2712 posse
728 2687 792 2714 erga
807 2687 888 2705 unum
907 2677 1015 2712 aliquod

232 2712 345 2747 ofﬁcium
358 2713 477 2743 spiritale
491 2721 596 2747 operam
612 2714 687 2740 dare.

267 2746 305 2782 (4)
320 2745 402 2778 Editi,
415 2745 534 2782 spiritale
545 2749 655 2783 ofﬁciunt
671 2748 746 2776 habet
761 2753 786 2774 ut
803 2748 900 2779 rideat,
914 2755 1015 2774 vertitu-

232 2785 330 2812 tatnrn,
348 2787 401 2809 etc.

267 2815 306 2850 (5)
321 2817 400 2850 Editi,
417 2827 497 2845 unum
513 2817 620 2852 aliquod
635 2818 729 2844 bonum
746 2817 864 2851 spiritale
882 2818 987 2844 meruit.

261 2364 308 2468 (98
330 2364 411 2396 Editi,
420 2365 526 2397 accidit,
537 2369 564 2392 ut
573 2367 630 2399 quis
639 2373 655 2391 a
667 2365 718 2392 Deo
728 2364 813 2398 sapiat
823 2365 851 2390 in
862 2372 947 2399 opere,
958 2369 1012 2392 etc.

274 2367 319 2435 99)
332 2400 414 2432 Editi,
427 2408 477 2426 non
490 2401 611 2435 intelligit
623 2407 785 2430 mensarum,
799 2404 853 2426 etc.

275 2434 301 2468 l)
317 2433 353 2461 De
368 2435 418 2462 Ιιὶι.
438 2435 518 2462 Deest
534 2435 559 2461 in
581 2436 672 2461 editis.
694 2435 793 2460 Deinde
813 2442 878 2460 tnss.
894 2433 1012 2468 plerique

1070 2228 1150 2248 causa
1163 2241 1170 2254 ,
1187 2222 1259 2249 velut
1272 2223 1350 2250 oculo
1366 2224 1470 2254 visum,
1485 2223 1521 2249 ita
1537 2224 1623 2251 menti
1633 2243 1640 2255 ,
1655 2232 1717 2258 qua:
1730 2228 1764 2251 est
1775 2224 1821 2248 inte-

1070 2269 1127 2295 rior
1149 2269 1260 2302 oculus,
1286 2270 1435 2304 prophetia:
1455 2270 1577 2305 assignat
1600 2271 1738 2304 uilicium;
1756 2275 1777 2296 et
1792 2266 1819 2292 ιω

1103 2361 1141 2397 (6)
1157 2361 1207 2388 Ms.
1220 2360 1320 2395 Regius
1338 2369 1411 2388 num.
1428 2359 1546 2397 1659_et
1560 2360 1626 2387 editi
1637 2381 1644 2392 ,
1661 2366 1746 2390 recte,
1760 2363 1780 2397 ιιι
1792 2357 1819 2384 iit.

1069 2402 1093 2424 et
1109 2395 1191 2431 paulo
1208 2402 1276 2429 post,
1291 2401 1315 2422 et
1338 2404 1429 2422 rursm
1444 2401 1471 2421 ut
1484 2395 1520 2422 sit
1532 2396 1643 2430 aliquod
1657 2396 1741 2422 aliud.
1754 2395 1819 2421 C116“

1070 2440 1136 2459 mss.
1152 2431 1297 2465 utrobique
1312 2431 1442 2457 omittunt
1459 2435 1497 2457 ut.

1106 2466 1145 2497 ('l)
1159 2465 1204 2493 Sic
1222 2463 1272 2492 m5.
1290 2465 1389 2499 Regius
1405 2473 1478 2491 nunt.
1497 2465 1575 2492 1639.
1590 2465 1642 2492 Ms.
1659 2466 1740 2493 code!
1754 2463 1820 2489 Vati-:-

1066 2501 1153 2528 Clarze
1161 2503 1235 2529 addit
1253 2509 1288 2526 an
1304 2505 1363 2535 post
1379 2500 1443 2533 ipse.
1456 2501 1553 2528 Caneri
1571 2509 1637 2528 vero
1650 2509 1714 2528 mss.
1726 2506 1751 2526 et
1763 2502 1820 2525 eam:

1069 2538 1124 2569 ipse
1139 2535 1239 2569 aliquid
1254 2543 1340 2562 cauare
1355 2536 1488 2569 prmtiut.

1106 2570 1144 2607 (8)
1160 2571 1238 2607 Deest
1255 2570 1298 2596 ille
1315 2571 1339 2596 in
1353 2570 1448 2607 editis.
1568 2606 1574 2607 γ
1585 2605 1629 2607 ’ἢ
1698 2605 1703 2607 Α
1782 2603 1786 2607 _

1106 2606 1144 2641 (9)
1160 2606 1228 2641 Editi
1243 2610 1270 2641 et
1285 2613 1335 2632 ms.
1353 2605 1460 2641 Regius
1472 2612 1547 2641 num.
1565 2605 1635 2632 1659
1651 2605 1806 2631 οιιιίιιιιιιιὶιι-

1105 2639 1160 2676 HO)
1178 2640 1227 2666 Ms.
1243 2639 1344 2676 Regius
1362 2648 1434 2666 num.
1454 2640 1532 2671 1659,
1548 2641 1575 2666 in
1591 2641 1757 2674 ρνιιυιειιιὶιίιις

1069 2682 1114 2702 aut
1129 2685 1181 2703 non
1194 2675 1400 2710 uniuscujusque
1414 2694 1421 2701 .
1435 2695 1443 2702 .
1457 2695 1464 2702 .
1477 2695 1484 2701 .
1500 2676 1641 2701 utaterimu
1655 2675 1821 2711 pnrburmta-

1069 2711 1209 2744 peusuntlt'.
1225 2711 1320 2737 Caute”
1338 2717 1403 2736 vero
1428 2718 1494 2737 mss.
1518 2716 1548 2736 ut
1571 2711 1599 2736 in
1618 2715 1701 2736 textu.
1719 2710 1754 2736 ita
1766 2713 1819 2735 euut

1069 2746 1147 2778 editi,
1163 2751 1260 2780 printer
1277 2745 1389 2779 pra'beat
1407 2752 1456 2780 pro
1471 2745 1628 2778 prtebuerit.
1769 2777 1786 2780 ν,
1831 2752 1832 2759 ‘

1106 2777 1169 2817 (ιι)”
1187 2777 1282 2806 Enim.
1301 2780 1380 2808 Deest
1401 2777 1427 2808 in
1452 2777 1528 2807 libris
1553 2785 1635 2807 antea
1657 2779 1743 2807 editis.
1763 2777 1817 2805 AIA

1070 2821 1156 2844 autem
1172 2824 1220 2851 pro
1236 2817 1314 2842 enim.
