1831 3052
257 117 326 144 ίὲιὸ

976 117 1049 146 0th

1106 118 1136 146 IS
1798 117 1828 151 iii

256 183 320 214 gat;
340 178 402 213 quia
420 178 515 205 horum
529 178 649 205 outniutu
664 178 777 214 gratiam
790 186 842 206 ttou
861 180 973 213 accepit.
988 179 1040 206 Sed
1056 184 1078 210 Λ
1094 179 1179 212 Reuda
1193 183 1234 206 est
1243 178 1301 206 hate
1313 186 1392 213 quam
1407 180 1485 207 docet
1499 180 1654 214 itpmtolus,
1668 189 1720 208 non
1734 175 1828 208 illanmi

257 226 290 252 ad
306 225 363 252 hate
386 224 507 251 dicemus
524 232 531 251 :
555 223 631 251 Sicut
647 229 688 252 est
703 224 769 251 tides
791 232 872 259 quam
897 225 1042 252 docuimus

257 277 318 297 esse
334 270 359 296 in
375 269 462 302 nobis,
478 274 505 297 et
523 276 618 297 rursus
637 274 680 297 est
698 270 764 297 tidcs
778 277 838 305 qute
854 278 901 305 per
926 272 1042 305 gratiam

259 316 345 346 datur.
361 314 432 342 sicut
445 322 524 348 supra
537 315 654 343 diximus
669 316 797 350 scriptum
818 323 878 343 esse
891 325 897 343 :
910 316 962 342 Alii
978 316 1044 350 ﬁdes

258 362 286 388 in
298 361 388 388 eodem
403 360 502 394 Spiritu
513 360 556 389 “:
574 362 611 388 ita
627 361 708 388 etiatn
725 362 751 388 in
769 369 932 396 unoquoque
947 361 1043 388 hurum

259 415 319 442 quae
334 414 414 442 supra
430 407 651 434 enumeravimus
665 415 680 434 a
699 408 752 435 Deo
778 415 826 442 per
840 407 955 443 gratiam
973 407 1044 438 dari,

259 458 302 480 est
318 453 374 487 (25)
391 458 419 481 et
436 454 461 480 in
478 454 557 481 nobis
576 454 688 488 aliquid,
714 454 747 481 ad
764 454 843 488 cujus
857 454 1045 488 unusquisque

260 506 414 527 mensuram
437 500 477 527 vel
495 501 626 527 rationem
648 501 762 535 gratiam
789 505 973 535 promeretur.
991 499 1045 528 Ne-

260 553 312 580 que
326 546 398 572 enitn
415 545 450 573 de
466 545 523 573 sola
545 546 676 581 sapientia
693 546 878 581 accipiendum
895 546 959 573 illud
974 547 1045 580 quod

259 592 390 626 scriptum
408 596 460 624 est,
478 593 542 626 quia
558 593 606 619 etsi
629 593 662 618 sit
678 591 734 627 (24)
753 592 849 627 aliquit
870 592 1001 626 perfectus
1018 593 1046 618 in

260 637 323 671 ﬁliis
337 638 482 670 hominum,
497 639 520 665 si
546 638 611 664 desit
624 638 648 664 ei
672 638 800 672 sapientia
820 646 879 673 qua:
896 646 928 664 ea:
948 643 972 664 te
997 642 1046 669 est,

260 682 295 707 ad
317 682 430 708 nihilum
461 682 623 716 reputabitur
644 681 677 710 “.
707 682 806 709 Eodem
829 690 946 718 namque
968 683 1047 710 modo

261 734 404 760 possumus
430 728 521 755 dicere
538 737 545 755 :
561 728 672 755 Etiamsi
692 728 728 755 sit
752 728 850 763 aliquis
869 728 1004 764 perfectus
1020 729 1046 757 itt

262 775 316 801 tide
330 774 386 810 (25)
403 775 428 802 iu
445 774 506 802 ﬁliis
525 775 677 809 hominum,
692 776 714 803 si
730 777 800 803 desit
816 777 841 804 ei
858 777 925 804 ﬁdes
941 784 1001 811 qua:
1013 783 1048 803 ex

262 824 306 847 tua
332 821 418 855 gratia
455 825 507 852 est,
539 822 572 848 in.
594 822 707 849 nihilum
734 821 912 856 reputabitur.
936 822 973 848 ita
996 822 1047 849 etsi

261 865 397 900 perfectus
416 866 450 893 sit
466 866 527 900 quis
547 866 574 893 itt
597 867 760 898 ministerio,
785 867 806 893 si
824 867 893 894 desit
917 867 942 893 ei
957 873 971 893 a
996 866 1050 893 Deo

264 911 405 939 ministerii
431 912 529 946 gratia.
546 913 572 940 in
597 912 710 940 nihilum
733 912 903 947 reputabitur
919 911 985 947 (9.6).
1011 912 1048 939 ita

262 958 311 984 etsi
328 957 463 992 perfectus
485 958 519 985 sit
536 958 562 984 in
588 958 712 985 doctrina
738 959 810 993 quis,
836 963 863 985 et
878 958 948 984 desit
965 957 990 984 ci
1002 958 1051 984 do-

262 1004 358 1031 ctrinae
370 1004 456 1039 gratia
475 1004 530 1039 (27)
552 1011 612 1039 quae
628 1012 660 1031 cx
676 1004 730 1031 Deo
753 1007 804 1037 est,
823 1004 849 1031 in
870 1004 985 1031 nihilum
1005 1012 1049 1030 rc-

264 1050 412 1084 putabitur.
436 1050 468 1077 Et
486 1050 523 1077 ita
541 1051 568 1077 in
592 1050 720 1078 otnuibus
744 1050 787 1077 his
811 1057 871 1085 qua:
891 1054 1050 1076 enumerata

265 1100 337 1127 sunt,
362 1099 403 1123 est
419 1096 543 1130 quaedam
568 1096 698 1131 perfectio
721 1099 792 1123 inter
818 1096 888 1123 ﬁlios
911 1095 1050 1123 homimun

265 1147 346 1175 quam
364 1140 457 1169 labore
472 1146 498 1169 et
517 1141 614 1169 studiis
637 1142 756 1177 prepriis
773 1146 968 1176 assequuntur,
995 1141 1053 1168 sive

267 1185 292 1212 iu
307 1185 451 1220 sapientia,
465 1187 522 1213 sive
536 1185 563 1213 in
581 1187 719 1219 doctrina,
743 1185 800 1214 sive
814 1187 840 1213 in
858 1186 920 1213 aliis
933 1183 1028 1214 officiis
1043 1195 1051 1215 :

265 1239 326 1266 qua:
342 1236 431 1259 tamen
447 1231 469 1259 si
494 1239 546 1258 non
563 1231 680 1259 habeant
699 1239 714 1258 a
740 1232 797 1259 Deo
820 1231 935 1267 gratiam
950 1232 1052 1265 datam,

267 1276 333 1304 nihil
361 1281 442 1304 erunt
457 1283 463 1305 :
478 1277 541 1312 quia
567 1278 589 1304 si
608 1278 679 1305 desit
701 1277 741 1305 eis
758 1277 844 1311 gratia
860 1277 988 1312 Spiritus.
1004 1282 1054 1305 nec

268 1324 390 1351 membra
403 1331 464 1351 esse
484 1324 586 1351 Christi
601 1324 724 1358 corporis
748 1329 870 1359 possunt.
890 1323 942 1351 Sed
964 1324 990 1351 in
1011 1323 1054 1351 his

266 1369 399 1404 quatritur
411 1368 432 1397 si
450 1375 538 1405 potest
549 1378 611 1398 esse
634 1371 722 1404 aliqua
738 1370 764 1396 in
779 1370 858 1398 nobis
873 1369 915 1397 vel
931 1374 963 1397 ex
977 1370 1055 1397 nobis

269 1415 416 1450 prophetiae
431 1417 544 1451 species,
562 1420 622 1450 qua:
638 1424 691 1444 non
713 1421 796 1443 totum
813 1417 910 1443 haheat
929 1424 962 1443 ex
988 1416 1054 1448 Deo,

269 1462 316 1488 sed
343 1461 541 1496 aliquantulum
566 1462 647 1489 etiam
672 1462 728 1496 (28)
750 1470 783 1488 ex
809 1461 936 1488 humanis
960 1461 1056 1488 studiis

268 1507 371 1540 capiat.
399 1505 455 1534 Hoc
479 1508 588 1541 quidem
614 1507 683 1541 apud
705 1510 818 1534 cwteros
834 1506 910 1533 valde
928 1506 1056 1541 impossi-

268 1552 324 1579 bile
336 1552 487 1586 videbitur;
510 1553 580 1588 apud
601 1553 710 1580 Paulum
735 1557 823 1580 tamen
840 1552 979 1579 evidenter
992 1559 1055 1586 pro-

271 1597 350 1624 batur
366 1598 500 1625 dicentem
518 1607 525 1626 :
540 1598 718 1625 zEmulamini
739 1602 826 1625 autent
846 1598 915 1624 dona
938 1598 1052 1632 majora,

272 1643 355 1677 magis
369 1648 456 1670 autem
472 1647 499 1670 ut
521 1643 677 1678 prop/teretis
691 1643 724 1670 “.
737 1643 766 1670 In
787 1651 840 1678 quo
853 1644 925 1671 sicut
941 1643 1054 1671 aemula-

270 1692 316 1714 tur
329 1689 390 1723 quis
415 1689 594 1717 ministerium
609 1689 676 1725 (29),
693 1694 720 1717 et
735 1689 897 1722 doctrinam,
913 1694 939 1717 et
954 1690 1053 1716 exhor-

272 1734 410 1768 tationem,
421 1738 448 1761 et
461 1741 570 1766 caetera,
584 1743 631 1770 per
646 1736 696 1762 hoc
709 1735 781 1769 qttod
793 1735 904 1762 adhibet
920 1742 983 1769 erga
998 1734 1055 1761 hrcc

271 1779 391 1806 studium
415 1788 447 1807 ac
468 1779 601 1812 laborem.
619 1781 655 1808 ita
671 1784 697 1808 ei.
717 1789 781 1816 erga
808 1781 979 1816 prophetiam
998 1780 1055 1807 fieri

272 1825 371 1853 debere
390 1827 510 1854 ostendit
524 1827 680 1862 Apostolus.
706 1826 782 1854 Unde
797 1826 936 1861 prophetia
959 1826 1059 1853 intelli-

308 1880 424 1918 “lCor.
437 1890 486 1915 xu,
505 1882 531 1909 9.
560 1883 592 1918 A"
610 1883 674 1918 Sap.
688 1891 724 1913 ιχ,
739 1882 766 1909 6.

274 1923 289 1943 Σ
304 1924 330 1947 v.
358 1916 402 1948 24,
420 1917 465 1944 25.
521 1918 544 1933 ³⁰
559 1916 567 1944 1
584 1916 692 1949 υοτξιῐ,
712 1917 755 1945 10.
793 1918 815 1933 “
830 1918 910 1944 lichr.
927 1925 963 1950 tv,
980 1918 1023 1944 12.

310 1962 366 1996 (23)
383 1962 428 1989 Sic
440 1970 490 1990 ms.
511 1962 609 1997 Regius
623 1971 696 1990 unm.
719 1963 797 1990 i639.
817 1962 943 1990 Rabanus
957 1967 984 1989 et
998 1963 1056 1989 edi-

276 1997 365 2032 ti.qui
387 1998 453 2024 editi
475 1998 644 2024 solummodo
659 2006 801 2032 perperam
823 1998 922 2025 habent
945 1999 993 2024 erit
1009 2005 1058 2031 pro

274 2036 323 2058 est.
340 2031 402 2059 Mss.
421 2040 485 2059 vero
496 2033 548 2058 duo
562 2033 637 2066 Regii
652 2031 763 2063 habent.
779 2038 815 2060 est
831 2037 855 2060 et
873 2033 900 2058 in
917 2033 990 2058 nobis
1005 2033 1056 2059 ali-

275 2066 338 2103 quid
360 2067 394 2093 ad
412 2067 487 2101 cujus
508 2068 630 2103 meritum
652 2069 829 2103 unusquisque
847 2075 995 2094 mensuram
1018 2067 1057 2094 vel

277 2101 403 2137 rationem
417 2102 509 2134 gratia:
522 2102 579 2137 (aL.
595 2103 718 2137 gratiam)
733 2101 902 2132 promeretur.

313 2136 368 2170 (⁸24)
385 2135 466 2167 Editi,
482 2135 542 2171 quia
556 2138 578 2164 si
591 2135 635 2165 sit.
650 2135 819 2166 etc.'l)eiude
836 2138 916 2164 iidem
938 2136 1014 2168 editi,
1031 2140 1059 2163 et

278 2179 345 2206 tuas.
360 2171 413 2206 duo
430 2171 479 2202 bis,
493 2180 551 2205 qua.-
566 2180 598 2198 ea:
612 2172 664 2198 Deo
675 2178 723 2199 est.
740 2173 792 2199 Sed
809 2181 859 2200 ms.
875 2171 972 2206 Regius
984 2179 1057 2198 nutu.

280 2204 349 2233 1659
365 2211 391 2232 et
407 2204 540 2245 llabauus,
556 2215 613 2242 qua:
627 2215 660 2234 ea:
678 2212 702 2234 te
719 2212 768 2240 est,
783 2207 852 2234 sicut
863 2211 890 2233 et
906 2204 987 2239 intra,
1003 2214 1062 2241 qua:

278 2249 312 2268 ex
328 2246 373 2266 tua
389 2245 475 2274 gratta
488 2247 536 2268 est.

314 2275 371 2311 (‘25)
387 2275 418 2311 In
429 2275 491 2309 ﬁde.
512 2276 573 2303 llaec
589 2277 642 2303 duo
663 2277 744 2303 verba
761 2277 950 2305 desiderantur
970 2275 995 2302 itt
1010 2275 1064 2302 edi-

278 2309 324 2338 tis.
343 2311 391 2337 Ms.
408 2309 508 2345 Regius
521 2320 595 2338 ttuut.
615 2311 692 2342 H559,
706 2313 733 2338 in
748 2312 799 2345 ﬁde
813 2318 836 2338 et
863 2312 891 2338 in
905 2311 967 2344 [iliis
981 2311 1065 2336 homi-

280 2354 360 2376 num;
375 2347 420 2371 sed
437 2347 527 2373 caueri
548 2354 612 2373 mss.
627 2353 654 2373 et
670 2347 798 2374 Rabanus
814 2353 843 2373 ιιι
861 2347 886 2374 in
909 2351 993 2372 textu.

316 2380 373 2417 (26)
389 2380 468 2417 Ita‘et
487 2382 509 2407 si
532 2381 661 2415 perfectus
685 2383 717 2408 sit
741 2382 798 2417 quis
824 2383 850 2408 in
870 2379 1066 2417 ministerio,si

280 2416 379 2451 tlrsitei
395 2424 411 2442 a
426 2415 479 2442 Deo
496 2417 633 2442 ministerii
645 2415 785 2451 gratia,'in
800 2417 909 2442 nihilum
931 2415 1066 2449 reputabi-

279 2455 333 2476 tur.
352 2450 413 2477 Haec
429 2458 479 2478 nec
495 2451 521 2478 iu
536 2451 627 2484 editis,
648 2450 705 2478 'uec
719 2452 788 2487 apud
805 2452 944 2479 [Libanum
959 2457 1067 2484 compa-

282 2488 351 2510 rent.

318 2516 374 2556 (ᾍῖ)
392 2519 473 2556 Etliti,
492 2520 612 2556 doctrina
625 2521 729 2556 gratim.
749 2521 827 2548 male.

320 2554 375 2588 (‘28)
394 2554 493 2581 lt‘tiam.
511 2554 732 2583 l’rmturmittitur
749 2557 775 2583 itt
789 2557 877 2583 editis.

303 2589 376 2629 _(i9)
400 2589 469 2616 Editi
483 2609 491 2622 ,
523 2591 550 2617 in
569 2599 620 2626 quo
653 2592 711 2626 quis
734 2591 876 2618 tumulatur
895 2591 921 2617 in
948 2590 1068 2617 ministe-

284 2628 365 2656 rium,
378 2628 431 2650 etc.

321 2658 379 2695 (ὄρ)
395 2657 481 2695 Stetit:
496 2660 637 2686 secundant
652 2661 721 2694 quod
735 2661 762 2687 in
778 2660 920 2695 Evangelia
941 2661 1068 2694 scriptum

285 2692 330 2730 est
339 2701 350 2730 :_
359 2692 412 2719 Lex
425 2699 447 2719 et
462 2692 599 2730 Prop/reue
610 2692 689 2730 usque
702 2697 736 2722 ad
747 2692 887 2723 Joannem.
902 2695 963 2722 llzcc
976 2692 1001 2722 in
1013 2696 1070 2721 edi»

286 2729 323 2755 tis
338 2728 438 2756 frustra
460 2729 594 2762 requiras,
614 2728 660 2756 sed
684 2731 864 2758 restituuntur
886 2738 919 2758 cx
943 2731 1070 2758 otuttihtts

288 2770 353 2791 mss.
370 2768 397 2790 et
409 2762 531 2790 Rabano.

325 2798 380 2833 (3|)
399 2798 482 2829 Editi,
500 2799 545 2825 sed
566 2798 649 2832 illam,
669 2805 722 2828 etc.
747 2801 848 2829 Omnes
876 2808 940 2829 vero
963 2807 1029 2828 mss.
1043 2804 1069 2827 et

289 2834 426 2864 Rabanus.
439 2834 483 2861 sed
494 2834 550 2868 illa,
568 2839 620 2862 etc.

805 1883 826 1898 ⁵⁸
842 1883 849 1910 i
863 1882 925 1910 Cor.
942 1890 989 1911 xu.
1005 1883 1054 1915 3i;
1073 1890 1127 1916 ιιι,
1144 1883 1169 1910 Ι.

1096 231 1143 258 per
1162 231 1243 258 quam
1267 224 1366 251 dicitur
1384 232 1390 249 :
1416 224 1480 251 Hm:
1502 226 1565 252 dicit
1586 226 1732 258 Dominus;
1745 226 1783 253 illa
1796 228 1828 254 est

1097 277 1183 303 usque
1198 270 1232 296 ad
1245 269 1378 296 Joannem
1390 270 1475 301 stetit.
1491 271 1640 298 secundum
1658 271 1729 305 quod
1751 272 1773 297 in
1786 272 1828 299 Et:

1096 316 1166 350 gelio
1193 316 1323 349 scripttttn
1350 320 1392 343 est
1402 316 1425 331 "
1441 324 1448 341 :
1467 315 1522 343 Lex
1548 322 1572 343 et
1594 315 1734 351 Propheta
1747 321 1828 351 ιιςςιρι

1096 359 1227 387 Joannem
1243 360 1299 395 (30)
1313 367 1320 385 :
1340 361 1387 387 sed
1409 361 1482 388 illam
1497 361 1554 396 (3i)
1569 361 1602 387 de
1616 369 1669 395 qua
1684 362 1752 388 idem
1763 363 1828 395 Apost

1098 406 1139 432 lus
1153 406 1189 433 ait
1202 406 1225 422 "
1237 416 1243 433 :
1261 406 1313 439 Qui
1325 407 1470 441 prophetat,
1484 408 1634 434 hominibus
1649 407 1762 441 loquitur
1772 408 1828 441 (52H

1098 451 1311 485 aediﬁcationem,
1328 459 1351 480 et
1374 453 1595 484 exhortationem,
1614 459 1640 479 et
1665 453 1828 480 consolaticeel

1099 498 1242 532 Prophetia
1258 505 1323 533 ergo
1346 498 1445 525 dicitur
1458 498 1528 533 apud
1554 497 1670 525 Paulum
1687 506 1748 526 cum
1765 500 1828 533 quisi

1099 545 1192 578 q-titur
1215 543 1370 571 hominibus
1385 545 1418 571 ad
1432 543 1654 576 aediﬁcationem,
1672 549 1700 571 et
1721 552 1776 571 cum
1790 545 1828 577 iter

1099 595 1143 617 tur
1169 590 1203 616 ad
1223 589 1441 617 exhortationem
1463 595 1488 617 et
1509 589 1741 621 consolationem;
1768 596 1791 616 et
1809 591 1828 616 it

1100 636 1230 663 adhibere
1248 635 1368 663 studium
1388 636 1422 663 ad
1447 635 1635 671 hujuscemodi
1661 635 1743 671 650
1765 637 1828 670 propit

1102 683 1165 710 tiam
1180 682 1307 716 possibile
1321 682 1400 710 nobis
1416 687 1469 714 est,
1483 687 1512 709 et
1527 686 1570 710 est
1591 683 1617 710 iu
1643 687 1735 709 nostra
1749 688 1828 717 potem

1101 734 1130 755 ut
1148 729 1225 755 nobis
1242 728 1268 756 in
1283 728 1341 755 haec
1352 736 1461 763 operam
1483 728 1620 760 dantibus,
1635 728 1660 755 si
1681 729 1828 755 secundutut

1103 775 1202 802 tionem
1215 775 1258 802 vel
1272 781 1426 802 mensuram
1441 774 1501 802 ﬁdei
1518 775 1575 801 haec
1588 775 1713 806 facimus,
1727 774 1828 801 addatur

1102 821 1146 849 illa
1160 829 1220 856 qua:
1235 829 1267 849 ex
1284 821 1338 849 Deo
1358 826 1400 848 est
1415 820 1555 856 prephetia
1579 820 1649 856 (33).
1671 821 1717 848 Est
1733 826 1828 847 autemi

1100 868 1216 894 cundum
1236 866 1393 901 Apostolunt
1418 867 1500 893 etiam
1524 866 1576 892 alia
1599 867 1705 900 species
1726 867 1828 900 propbet‘l

1100 912 1134 939 de
1148 919 1200 947 qua
1219 911 1285 939 dicit
1297 911 1320 928 ”
1337 920 1343 937 :
1361 911 1392 939 Si
1416 919 1477 938 vero
1505 911 1674 945 propltetetis,
1707 911 1778 937 intret
1791 913 1828 936 ult

1099 956 1158 991 quis
1173 955 1299 990 infidelis,
1311 955 1348 982 uel
1363 956 1456 987 idiota,
1472 955 1599 989 arguitur
1611 955 1644 981 ab
1670 953 1828 988 omnibus,ij

1100 1007 1177 1029 catur
1193 1002 1225 1029 ab
1236 1002 1366 1033 omnibus,
1378 1002 1479 1028 occulta
1500 1009 1602 1036 quoque
1618 1002 1704 1028 cordis
1725 1001 1775 1035 ejus
1793 1007 1828 1026 nm

1101 1049 1170 1083 festa
1184 1049 1251 1084 ﬁunt
1269 1049 1336 1084 ('54),
1349 1055 1373 1075 et
1388 1053 1449 1075 tunc
1462 1049 1558 1075 cadens
1576 1051 1604 1076 in
1625 1049 1719 1082 facient
1733 1046 1828 1082 pronleii

1101 1096 1137 1122 bit
1159 1096 1221 1129 quia
1242 1100 1299 1122 cere
1320 1093 1390 1121 Deus
1414 1095 1440 1121 in
1465 1095 1536 1121 vobis
1561 1099 1599 1121 est
1623 1094 1692 1129 (35).
1717 1094 1784 1121 Sicut
1802 1091 1828 1120 esi

1102 1140 1218 1174 Spiritus
1234 1140 1280 1166 Dei
1302 1140 1391 1167 omnia
1413 1140 1593 1172 scrutatur",
1609 1140 1645 1166 ita
1669 1144 1697 1167 et
1719 1136 1828 1166 verbumli

1102 1186 1193 1213 omnia
1218 1186 1299 1212 etiam
1327 1192 1387 1220 qua
1403 1185 1429 1212 iu
1453 1184 1559 1212 occulto
1587 1189 1651 1212 sunt
1680 1185 1828 1218 perscrutato

1103 1232 1220 1260 maxime
1234 1238 1295 1258 cum
1314 1231 1418 1258 verbum
1438 1231 1526 1258 vivens
1540 1230 1586 1263 sit,
1604 1235 1627 1257 et
1646 1231 1746 1264 efﬁcax,
1766 1235 1785 1255 et
1797 1236 1828 1260 pta

1103 1277 1222 1304 trsbilius
1234 1276 1304 1303 ontni
1315 1275 1404 1311 gladio
1418 1277 1540 1310 utrinque
1552 1280 1643 1306 acuto,
1657 1281 1784 1309 penetrant
1795 1277 1828 1304 na

1103 1323 1137 1350 ad
1153 1322 1307 1349 divisionem
1324 1323 1422 1348 anima:
1438 1326 1461 1348 et
1479 1321 1598 1356 spiritus,
1620 1327 1767 1355 compagem
1779 1325 1828 1352 om

1104 1374 1135 1396 ae
1150 1367 1326 1396 medullarum
1341 1367 1377 1394 ".
1391 1367 1497 1394 Etenim
1517 1374 1578 1394 cum
1596 1366 1709 1393 moralis
1721 1366 1745 1392 in
1766 1364 1828 1391 Ecdd

1105 1422 1194 1442 sermo
1207 1417 1337 1441 tractatur
1353 1412 1420 1449 (36),
1437 1418 1499 1439 tunc
1519 1412 1733 1446 uniuscujusque
1755 1412 1828 1438 intrat

1106 1461 1250 1494 metipsum
1277 1458 1445 1487 conscientia
1476 1457 1643 1489 stimulatur,
1674 1457 1828 1491 recognoscat)

1106 1514 1138 1534 ex
1160 1507 1201 1534 his
1219 1514 1278 1541 quzc
1299 1507 1427 1534 dicuntur
1447 1505 1556 1540 propria
1570 1509 1695 1537 peccata,
1709 1507 1735 1530 et
1747 1502 1828 1529 retorta

1109 1553 1142 1581 tis
1157 1554 1180 1581 si
1207 1560 1260 1588 qua
1283 1553 1353 1580 forte
1373 1553 1399 1579 in
1427 1551 1533 1578 occulto
1550 1551 1731 1578 commiserit.
1754 1548 1828 1576 lutenitt

1108 1603 1198 1627 autem
1215 1603 1242 1626 et
1263 1598 1406 1626 testimalio
1421 1598 1477 1632 ipsa
1492 1597 1680 1632 prudentium,
1701 1595 1741 1623 vel
1758 1603 1784 1622 ex
1795 1593 1828 1619 rell

1109 1643 1149 1671 vel
1173 1652 1207 1671 ex
1223 1644 1353 1676 moribus,
1379 1643 1420 1670 vel
1446 1650 1480 1670 ex
1500 1646 1574 1669 motu
1597 1640 1828 1675 uniuscujusqued

1109 1689 1251 1716 scientiam
1268 1687 1324 1724 (57)
1339 1688 1522 1723 coiligcntium
1533 1707 1540 1720 ,
1559 1687 1711 1722 prophetia:
1725 1686 1828 1721 speciest

1110 1740 1164 1763 net.
1181 1734 1243 1763 "th
1258 1735 1335 1763 nobis
1349 1735 1383 1761 de
1396 1735 1543 1770 prophetiae
1559 1732 1648 1768 gratia
1666 1733 1737 1760 dicta
1750 1733 1800 1759 sint.
1813 1730 1828 1756 Pl

1111 1781 1168 1808 haec
1193 1781 1314 1815 sequitur
1334 1789 1340 1807 :
1364 1780 1424 1807 Sive
1452 1779 1626 1806 ministerium
1660 1779 1687 1805 in
1711 1773 1828 1804 minismd

1112 1825 1259 1853 Possumus
1279 1826 1336 1853 haec
1357 1826 1449 1852 omnia
1466 1826 1499 1852 ad
1527 1825 1600 1852 illam
1623 1825 1744 1860 regulam
1765 1827 1828 1850 πεῖρα

1223 1882 1244 1898 ⁸⁷
1259 1882 1325 1910 Luc.
1340 1890 1396 1914 xvi,
1415 1881 1458 1910 l6.
1495 1881 1517 1897 "
1531 1881 1538 1908 1
1552 1881 1616 1909 Cor.
1631 1889 1689 1914 xlv,
1714 1881 1740 1908 3.
1774 1877 1828 1904 ⁸³101

1147 1961 1204 1997 (3‘2)
1224 1961 1306 1993 Editi,
1328 1960 1446 1997 omnibus
1465 1960 1590 1997 loquitur,
1614 1965 1671 1986 etc.
1690 1959 1782 1997 Deinde
1795 1955 1828 1982 εΗ

1111 1994 1196 2030 phétia
1208 2002 1306 2027 autem,
1322 2001 1374 2022 etc.
1397 1995 1445 2022 Ms.
1469 1994 1567 2029 lii-gius
1590 2003 1666 2021 num.
1690 1994 1828 2030 1659.110th

1112 2026 1158 2058 itus
1176 2026 1524 2065 loquiturrwdiﬁcationem',
1541 2035 1564 2055 et
1580 2030 1788 2065 consolationem.
1809 2026 1828 2050 Γη

1109 2064 1282 2100 ρΙιειῑσένρο,
1297 2070 1350 2092 etc.
1374 2065 1427 2092 Sed
1450 2065 1541 2092 etcteri
1558 2072 1623 2091 mss.
1639 2070 1666 2091 et
1683 2064 1795 2091 [tabanus
1807 2067 1823 2086 ηι

1111 2105 1195 2127 textu.

1146 2135 1204 2170 (55)
1219 2135 1266 2162 Sic
1282 2143 1333 2162 ms.
1350 2134 1452 2168 Regius
1469 2142 1543 2161 num.
1558 2133 1627 2161 t639
1642 2140 1669 2159 et
1687 2129 1828 2170 [tabanus-It

1114 2171 1132 2198 ti
1150 2167 1225 2202 vero,
1241 2175 1265 2197 ει
1286 2171 1312 2196 in
1327 2176 1416 2196 nostra
1432 2175 1569 2204 potestate,
1591 2173 1619 2194 ut
1634 2169 1745 2195 nobisin
1758 2167 1828 2204 Deice

1113 2201 1270 2232 sudantibus
1284 2206 1425 2232 secundum
1433 2201 1567 2230 rationem
1584 2209 1609 2230 et
1625 2211 1766 2230 mensuram
1776 2201 1826 2236 ῥίὶιίε

1114 2241 1170 2266 hwc
1182 2240 1304 2274 facimus,
1320 2239 1401 2266 addat
1416 2244 1439 2265 et
1457 2239 1531 2265 illam
1543 2247 1601 2272 qua:
1618 2247 1650 2264 ea:
1666 2239 1718 2265 Deo
1731 2244 1766 2274 est
1779 2240 1828 2266 ντθῗε

1115 2271 1189 2301 tiam}
1208 2275 1264 2302 Duo
1279 2282 1344 2302 mss.
1362 2274 1438 2308 Regii
1453 2271 1556 2305 itidem,
1572 2277 1601 2298 ut
1618 2274 1692 2300 nobis
1716 2275 1739 2299 in
1755 2271 1790 2297 ba
1802 2274 1828 2299 Pr1

1114 2310 1289 2342 sudantibus;
1305 2310 1351 2337 sed
1367 2314 1465 2335 caetera
1485 2313 1514 2334 ut
1529 2308 1555 2334 in
1572 2313 1661 2334 textu.

1151 2345 1207 2379 (51)
1225 2345 1272 2371 Sic
1288 2352 1352 2372 mss.
1376 2344 1497 2378 plerique
1512 2348 1539 2379 et
1557 2344 1632 2379 editi.
1663 2343 1828 2379 Mss._rem_a1

1117 2377 1312 2411 ιΙειίιι,ὀιτιιΙια
1337 2377 1444 2414 quotque
1464 2378 1553 2404 cordis
1573 2377 1632 2410 ejus
1654 2377 1778 2410 rttauifestd
1793 2377 1828 2405 βπ

1116 2415 1191 2444 editi,
1207 2420 1276 2441 sunt.

1154 2449 1209 2484 (55)
1226 2449 1305 2480 Editi,
1322 2449 1349 2474 in
1364 2447 1437 2474 nobis
1449 2454 1498 2476 est.

1154 2476 1209 2520 (56)
1235 2485 1281 2511 Sic
1300 2476 1384 2520 'reete
1409 2492 1459 2520 Ius.
1479 2485 1579 2519 Regius
1606 2491 1681 2511 num.
1707 2476 1828 2520 1659-

1119 2515 1182 2545 vero
1197 2515 1262 2546 iuss.
1277 2523 1304 2546 et
1318 2519 1382 2545 editi
1397 2526 1403 2544 :
1422 2515 1532 2546 Etenim'
1539 2527 1599 2546 cum
1616 2525 1721 2545 oramus
1731 2517 1754 2540 in
1771 2515 1828 2539 enim

1118 2559 1143 2580 ct
1166 2563 1251 2580 sermo
1271 2558 1412 2581 tractatur.
1436 2553 1536 2581 Deinde
1557 2554 1639 2585 editi,
1662 2556 1793 2586 perperam.
1811 2551 1828 2568 ¹¹

1120 2590 1332 2624 unusquisque...
1347 2589 1509 2622 stimulatur,
1529 2582 1725 2624 recognoscent}
1741 2592 1768 2611 es
1778 2582 1828 2624 In

1119 2617 1243 2650 dicutitur
1253 2617 1360 2658 propria
1374 2629 1491 2657 peccata,
1502 2617 1662 2650 record-ante
1675 2622 1697 2648 si
1710 2628 1764 2658 qu,
1774 2617 1828 2658 tif-ﬁ

1119 2666 1211 2685 omnes
1231 2650 1340 2685 tu'ss.'ut
1361 2650 1387 2685 iit
1410 2650 1502 2686 nostri)
1525 2663 1618 2689 textu,
1639 2658 1689 2684 nisi
1779 2650 1828 2690 alii“

1120 2694 1212 2724 beant,
1233 2695 1255 2720 si
1270 2701 1346 2728 quia;
1371 2694 1450 2727 alius,
1467 2694 1490 2720 si
1504 2694 1580 2728 quid,
1594 2688 1622 2720 et
1639 2688 1752 2728 plerique
1765 2688 1828 2714 0mm“

1120 2735 1142 2755 et
1158 2734 1220 2755 ante
1234 2729 1405 2755 recordantis.

1155 2764 1212 2798 (57)
1230 2763 1433 2790 Conscientiam.
1452 2763 1533 2790 Deest
1549 2763 1577 2789 in
1589 2763 1670 2790 editis
1684 2766 1709 2788 ct
1724 2755 1828 2799 infirmi

1122 2791 1257 2831 ttts‘s.,'scd
1271 2799 1420 2826 restituitur
1434 2807 1467 2825 ex
1483 2807 1533 2825 ms.
1555 2798 1641 2833 Regio
1655 2805 1725 2824 nunt.
1738 2791 1792 2821 i633.
