1831 3052
18 167 30 192 'i
440 166 617 194 COMMENT.
639 165 670 192 IN
690 165 798 194 EPIST.
819 165 864 192 Al)
886 166 968 194 ROM.
989 166 1054 193 LIB.
1076 166 1120 194 IX.
1526 172 1601 199 ιιιικη

14 232 21 251 ι
36 223 165 259 superius
184 223 255 253 dicta
281 228 340 256 est;
369 224 419 251 hoc
434 230 475 252 est
492 233 499 251 :
517 223 578 252 Non
593 224 652 258 plus
665 233 755 258 sapere
770 226 793 254 Α
808 224 921 252 fortasse
932 232 999 259 opus
1015 231 1086 256 esse,
1099 233 1152 251 non
1169 228 1258 252 tamen
1275 231 1301 253 et
1314 227 1404 260 operis
1423 228 1508 263 ipsius
1523 238 1592 258 unus

15 278 38 296 ιιι
50 274 156 303 oportet
172 277 263 302 sapere
276 277 285 295 :
302 273 340 300 ut.
353 269 428 296 verbi
445 277 537 301 causa,
555 269 676 296 dicamus
700 277 752 296 non
805 270 928 297 allectus.
942 270 1020 297 Aliud
1031 275 1072 297 est
1089 270 1161 297 enim
1178 270 1243 297 dare
1257 271 1396 307 indigenti,
1412 278 1440 301 et
1463 274 1534 302 aliud
1550 280 1593 304 est

13 323 57 343 ere
72 323 137 343 eum
150 316 199 351 qui
225 316 376 349 ministrat,
394 316 421 343 in
436 315 616 343 ministrando
633 315 692 349 plus
709 323 755 342 sa-
803 314 900 344 aﬂcctu
918 316 1112 344 misericordiae
1126 325 1186 345 cum
1201 317 1339 353 indigente
1355 320 1450 353 partiri
1467 329 1473 348 :
1490 325 1517 348 et
1532 321 1592 349 ideo

13 369 118 396 equam
134 366 246 396 oportet
260 366 414 396 sapere:et
428 361 474 395 qui
487 361 575 392 docet,
591 361 616 387 in
630 360 753 387 doctrina
804 368 857 388 non
884 361 941 388 vult
967 362 992 388 in
1019 362 1063 389 tali
1080 370 1162 397 opere
1186 370 1245 390 esse
1266 364 1412 392 tristitiam.
1444 366 1494 400 Qui
1519 367 1591 394 enim

29 408 89 442 plus
104 415 208 442 sapere
228 415 310 442 quam
335 411 442 441 oportet
465 413 582 440 sapere:
606 411 632 433 ct
646 407 689 439 qui
704 414 753 433 ex-
804 411 940 439 praerogat
957 405 1012 441 (ι7)
1030 408 1171 441 pecuniam
1198 415 1287 440 suam.
1310 409 1332 436 si
1355 410 1472 437 lulidclis
1492 411 1538 445 sil,
1565 417 1593 439 et

14 459 95 486 mu...
109 453 137 480 in
156 453 350 480 emonmione
364 460 415 479 non
431 452 491 485 plus
502 459 596 486 sapere
607 451 663 486 ('58)
673 459 752 486 quam
805 455 975 484 recepturum
998 458 1028 478 se
1049 452 1191 485 desperet.
1212 454 1369 480 necessario
1395 459 1521 488 tauquam
1545 458 1590 491 qui

12 505 65 526 trtet
78 506 190 534 sapere.
210 498 285 526 Multi
305 498 375 526 enim
392 503 502 533 accepto
521 497 691 529 ministerio,
712 497 752 524 vel
803 503 862 521 eam
880 497 1028 530 perdiderit
1050 499 1236 524 contristatur.
1263 499 1313 531 Qui
1335 507 1398 526 vero
1420 508 1480 527 cum
1497 501 1548 529 lide
1565 507 1592 529 et

12 550 68 580 cpta
85 545 215 573 doctrina
233 544 293 579 plus
317 549 465 578 sapuerunt
482 551 562 579 quam
577 544 696 578 oportuit
709 551 754 570 sa-
803 549 849 576 spe
865 541 915 568 hoc
926 542 991 577 agit.
1007 543 1033 569 in
1049 542 1185 570 hilaritate
1200 550 1227 571 et
1240 545 1332 572 laetitia
1348 546 1404 581 agit
1419 546 1485 581 (48).
1501 552 1592 574 certus

13 599 26 619 e
41 591 98 627 (59)
113 599 121 618 :
138 596 168 618 et
189 591 254 618 elati
278 591 304 618 in
322 590 515 626 arrogantiam,
532 590 573 617 vel
592 590 618 617 in
641 589 753 616 delicias
803 587 874 621 quod
892 595 975 622 parva
1002 588 1059 616 btet:
1083 596 1143 623 qua:
1166 597 1215 623 pro
1239 591 1365 618 ntantlato
1385 592 1430 618 Dei
1452 593 1590 626 expendit,

11 637 80 668 Jluli.
105 637 266 672 praecipites
289 641 463 664 corruerunt.
483 636 535 668 Qui
557 636 711 663 exhortatur
725 636 752 662 in
803 633 928 669 ingentes
952 634 1002 661 sibi
1023 641 1087 668 opes
1111 635 1264 663 caelestium
1285 637 1452 671 divitiarum,
1479 639 1590 674 insuper

12 684 132 710 ortando.
150 682 311 709 Exhortatio
327 682 382 717 (40)
408 683 512 716 species
526 686 568 709 est
582 682 709 708 doctrinm
725 687 752 708 et
802 684 891 709 autem
908 685 936 707 et
947 685 1076 707 teteruam
1093 681 1235 709 conferant
1250 683 1344 710 vitam.

11 729 42 760 bi.
57 736 114 764 qtto
129 728 241 756 afﬂicta:
251 729 349 756 anima:
369 728 569 763 Scripturarum
599 729 750 754 diviuarmn
839 725 864 752 ι.
888 725 1013 753 Charitas
1033 726 1089 753 sine
1109 727 1278 754 simulatione
1299 728 1332 754 ".
1360 727 1414 763 Ego
1436 733 1500 763 puto
1520 731 1590 763 quod

12 777 105 803 denter
117 775 222 810 aptatis
238 779 266 802 et
285 775 312 801 in
329 783 411 802 unttm
438 774 559 802 collectis
579 774 752 801 sermonibus
801 772 891 810 omnis
902 772 1023 800 charitas
1033 781 1092 806 quae
1102 782 1153 800 non
1165 779 1204 801 est
1215 775 1363 801 secundum
1376 775 1470 807 Deum,
1480 776 1593 803 simula-

10 825 125 847 :vantur.
140 809 261 847 iAceidit
284 820 356 847 enim
382 827 453 854 saepe
474 819 571 847 animas
598 819 752 846 tribulatio-
802 822 827 843 ta
839 809 885 848 sit'.
899 823 927 845 et
938 826 1001 846 vera
1020 827 1073 846 non
1089 819 1135 846 sit.
1153 819 1256 846 Etenim
1276 825 1384 848 creator
1404 821 1501 848 animae
1521 822 1593 849 Deus

10 874 23 892 n
39 866 185 893 nimietate
197 865 367 900 desperatio;
394 871 444 892 nec
461 864 537 892 facile
554 864 687 898 reparari.
704 869 751 891 aut
767 893 787 900 _
803 863 903 891 idcirco
913 865 937 892 ei
949 873 1010 892 cutn
1024 866 1130 893 cmteris
1141 866 1289 893 virtutibus
1298 866 1378 893 etiam
1389 866 1515 894 allectum
1526 868 1591 896 clla-

11 911 32 938 ei
46 911 263 946 quibuscunqne
279 910 370 938 verbis
395 915 494 944 potest,
518 910 643 944 quamvis
667 910 749 944 polita
767 909 788 920 "
803 909 885 945 651
911 911 999 938 ritatis
1021 911 1147 944 inseruit,
1173 917 1202 938 ut
1214 912 1307 947 diligat
1323 912 1425 947 Deum,
1441 918 1467 940 et
1484 921 1515 942 ea
1531 921 1590 948 qua:

16 958 68 984 sint
80 962 110 983 et
128 957 295 990 plausibilia.
312 955 340 984 Si
359 964 422 983 vero
438 963 529 983 sermo
543 956 646 983 habens
664 956 750 983 virtu-
803 956 861 982 vult
885 955 965 982 Deus.
983 957 1049 984 (ὶιιιιι
1069 964 1133 992 ergo
1150 965 1217 992 opus
1233 959 1284 985 hoc
1302 959 1327 985 in
1344 959 1462 986 animam
1484 959 1593 987 dederit

9 1012 12 1029 I
27 1003 121 1038 gratia:
134 1002 184 1029 Dei
200 1002 281 1029 fuerit
292 1002 439 1033 adhibitus.
457 1006 520 1029 lttuc
536 1009 585 1028 cor
598 1002 657 1036 ejus
670 1010 751 1036 pene-
803 1001 948 1028 citaritatis
959 1022 967 1034 ,
985 1002 1140 1037 quicunque
1163 1003 1236 1031 aliud
1262 1004 1361 1038 aliquid
1385 1004 1440 1039 (ιιι)
1465 1004 1593 1033 dilexerit

9 1054 23 1080 ι,
45 1055 72 1076 et
96 1049 314 1077 consolationem
337 1048 451 1083 praebet,
478 1055 510 1074 ac
534 1055 608 1082 spem
642 1052 750 1075 revocat
803 1052 883 1079 quam
904 1047 998 1077 Deum.
1012 1052 1039 1073 et
1053 1055 1113 1081 qua:
1126 1048 1180 1074 Deo
1199 1048 1324 1082 placent.
1343 1049 1462 1076 eharitas
1477 1049 1502 1077 in
1514 1057 1548 1077 eo
1559 1050 1591 1078 ii-

9 1095 149 1128 peratione
171 1093 307 1126 submota.
341 1093 489 1120 secundum
512 1092 578 1119 illud
604 1093 674 1126 quod
701 1100 750 1127 per
803 1095 844 1117 cla
857 1092 1023 1119 etsimulata
1035 1093 1146 1120 dicenda
1159 1098 1210 1120 est.
1225 1093 1276 1120 Sed
1291 1099 1318 1120 et
1331 1094 1354 1121 si
1365 1095 1426 1129 quis
1437 1095 1589 1129 proximum

11 1140 116 1174 phetam
130 1139 235 1167 dictum
254 1143 295 1166 est
317 1146 332 1167 a
358 1138 472 1166 Domino
485 1138 541 1174 (Μ)
559 1147 565 1165 :
582 1137 748 1171 Sacerdotes,
803 1143 881 1162 suum
897 1137 998 1172 diligat,
1015 1142 1041 1164 et
1055 1146 1115 1165 ctua
1124 1144 1261 1166 errantem
1272 1147 1332 1166 eutn
1343 1139 1503 1167 videritnon
1516 1147 1590 1168 com-

8 1184 98 1210 uimini
112 1184 142 1210 in
159 1184 236 1210 corde
255 1183 405 1210 Jerusalem
423 1183 456 1210 ".
803 1186 920 1213 moueat,
933 1190 985 1208 non
998 1183 1127 1217 corrigat.
1142 1184 1266 1211 simulata
1279 1184 1398 1212 Charitas
1411 1185 1460 1212 ista
1475 1185 1590 1212 dicenda

8 1228 21 1254 ἱ.
36 1229 87 1261 Qui
103 1227 198 1254 tribuit
210 1228 237 1254 iu
252 1227 430 1260 simplicitate,
446 1227 593 1263 quiprwest
608 1228 634 1254 iri
648 1228 748 1255 solliri—
801 1230 853 1253 est.
873 1226 906 1253 Et
923 1226 984 1254 idco
1000 1228 1066 1254 nihil
1096 1228 1196 1256 habere
1215 1230 1407 1264 adulatorium,
1434 1231 1500 1259 nihil
1514 1231 1590 1259 fuca-

10 1275 58 1305 iue.
71 1275 117 1309 qui
131 1274 270 1301 miseretur
286 1274 313 1302 in
337 1274 471 1301 hilaritate
488 1274 518 1300 ".
539 1274 588 1307 Qui
604 1274 698 1301 tribuit
723 1278 749 1301 (ιι
804 1274 858 1297 ιιιιιι
875 1271 995 1299 charitas
1017 1272 1106 1305 debet,
1123 1273 1193 1300 sicttt
1214 1277 1241 1302 et
1263 1275 1326 1301 alibi
1350 1275 1420 1303 idem
1443 1275 1590 1311 Apostolus

7 1324 67 1347 astat
83 1320 283 1355 indigentibus,
302 1324 420 1354 oportet,
439 1320 536 1355 inquit,
554 1325 582 1346 ιιι
602 1320 628 1346 in
643 1319 747 1354 simpli-
802 1316 865 1342 dicit
881 1316 1022 1345 :Cltaritas
1034 1318 1065 1345 de
1077 1319 1154 1345 corde
1170 1327 1247 1353 puro.
1261 1324 1285 1347 et
1299 1321 1458 1348 conscientia
1476 1321 1590 1354 bona.et

7 1372 44 1394 ate
60 1367 157 1394 cordis
170 1366 221 1393 hoc
244 1365 327 1393 faciat
348 1366 421 1401 (42);
437 1367 488 1394 hoc
503 1371 556 1400 est,
571 1374 605 1394 ne
627 1366 749 1393 videatur
801 1361 854 1396 ﬁde
866 1371 916 1389 non
929 1363 992 1397 ﬁcta
1008 1363 1053 1391 "'.

10 1413 67 1440 dem
84 1412 247 1440 benefacere
263 1412 453 1447 indigentibus.
469 1412 550 1439 corde
567 1419 631 1439 vero
643 1411 747 1439 laudem
837 1408 862 1436 5.
879 1408 1002 1436 0dienm
1025 1410 1124 1437 malum
1136 1431 1144 1443 ,
1167 1411 1332 1440 rid/iterantes
1350 1412 1417 1440 bona
1437 1413 1473 1440 ⁸⁸.
1489 1413 1588 1441 Mirum

7 1463 62 1485 erat
76 1458 111 1485 ab
127 1458 294 1486 hominibus.
307 1456 364 1485 Non
376 1463 417 1484 est
431 1464 496 1492 ergo
515 1457 676 1491 simplicitas
688 1457 747 1492 (is)
801 1453 916 1481 fortasse
931 1455 977 1487 sit,
994 1455 1064 1490 quod
1082 1456 1152 1482 inter
1165 1460 1262 1483 cratera
1281 1457 1349 1484 bona
1366 1457 1494 1484 virtutum
1508 1465 1587 1485 assu-

6 1503 68 1530 aliud
82 1503 127 1537 agi
143 1503 267 1530 videatur
283 1503 309 1530 in
325 1503 460 1534 manibus,
475 1507 502 1530 et
522 1503 594 1530 aliud
612 1507 748 1536 qumratur
802 1499 885 1526 milul‘
908 1500 989 1526 ﬁliam
1012 1500 1120 1532 odim".
1144 1505 1172 1528 et
1195 1506 1323 1536 tanquam
1348 1502 1533 1530 necessarium
1555 1504 1590 1531 ab

6 1550 93 1576 corde.
113 1548 166 1582 Qui
182 1555 245 1576 vero
263 1553 358 1582 praeest
373 1547 514 1580 fratribus,
530 1548 572 1576 vel
589 1548 634 1583 qui
651 1552 748 1583 praeest
762 1567 784 1597 ϐ
800 1545 931 1597 Apostolo
947 1545 1002 1597 (ΞΟ)
1016 1547 1134 1580 ponitur.
1152 1547 1228 1574 Unde
1243 1553 1346 1574 certent
1360 1552 1401 1575 est
1422 1548 1512 1576 inesse
1528 1549 1589 1576 aui—

6 1595 97 1627 desire,
116 1596 144 1622 in
164 1595 344 1622 sollicitudine
359 1600 420 1620 esse
443 1593 524 1620 debet
539 1601 591 1621 non
618 1594 749 1621 humana-
764 1590 784 1597 “’”
801 1598 852 1619 tuae
866 1591 920 1618 odii
936 1590 1064 1618 allectum
1078 1600 1084 1618 ι
1105 1596 1146 1618 est
1161 1593 1232 1619 enim
1254 1593 1390 1620 laudabile
1410 1594 1500 1621 odisse
1513 1594 1588 1624 vitia.

7 1649 22 1666 ιι
36 1648 193 1673 causarum,
213 1647 261 1667 nec
277 1639 448 1666 stecularium
462 1646 552 1666 rerutn
580 1639 649 1674 (ltmc
675 1640 747 1667 enim
800 1636 893 1664 odisse
910 1641 1031 1671 peccata.
1050 1636 1105 1664 Nisi
1128 1638 1199 1664 enim
1223 1638 1283 1672 quis
1306 1640 1370 1666 odio
1391 1638 1490 1667 habeat
1514 1639 1589 1670 Vitia.

6 1686 114 1714 ΙῘι-ίιυάο
137 1686 226 1713 aliena
243 1687 324 1714 debet
347 1694 409 1714 esse
426 1687 460 1714 ab
484 1686 528 1714 his
548 1686 594 1720 qui
620 1686 748 1714 Ecclesia
800 1690 854 1710 non
873 1689 963 1718 potest
985 1692 1094 1716 amare,
1111 1691 1163 1712 nec
1177 1692 1343 1712 conservare
1365 1685 1492 1712 virtutes.
1509 1685 1588 1712 Verbi

6 1732 89 1767 nsunt)
100 1731 166 1758 :sed
183 1731 263 1758 talem
277 1730 454 1765 recipiat(M)
463 1729 670 1758 sollicitudinem
685 1737 750 1764 qua-
800 1729 898 1763 gratia,
912 1729 934 1756 si
952 1730 1013 1764 quis
1034 1730 1193 1764 pudicitiam
1210 1731 1346 1756 custodire
1361 1736 1511 1764 proponat,
1534 1739 1588 1758 non

6 1777 176 1811 tApostolIts
190 1777 276 1804 dicit:
294 1776 444 1804 Concursus
465 1777 491 1803 in
506 1783 546 1802 me
566 1775 747 1810 quotidianus,
801 1778 887 1809 potest
904 1783 963 1802 eam
991 1779 1048 1802 tuto
1070 1783 1191 1806 servare,
1208 1775 1261 1802 nisi
1284 1775 1376 1802 odiutn
1400 1777 1539 1810 quoddam
1559 1781 1588 1803 et

6 1823 111 1850 liritudo
127 1823 244 1850 omnium
257 1823 448 1850 Ecclesiarum.
466 1821 531 1854 Quis
543 1821 705 1855 infirmatur,
723 1826 746 1848 et
800 1821 1013 1849 exsecrationem
1038 1823 1183 1848 adversum
1196 1821 1392 1855 impudicitiam
1413 1826 1515 1848 sumat.
1530 1821 1585 1848 Dif-

6 1878 73 1896 rnan
97 1869 239 1903 in/irmor.’
265 1868 330 1902 Quis
352 1868 563 1898 scandalizatur.
584 1871 608 1894 et
635 1875 681 1901 ego
695 1875 746 1893 non
801 1866 880 1893 licilis
895 1866 984 1898 enim,
999 1871 1025 1893 et
1040 1866 1116 1893 valde
1140 1865 1255 1894 diﬁcilis
1277 1870 1318 1893 est
1339 1866 1384 1893 illa
1407 1867 1586 1898 continentia,

6 1923 23 1940 ιν
37 1915 59 1930 υ
71 1914 82 1942 'l
102 1914 155 1948 Qui
172 1921 236 1949 ergo
256 1918 355 1949 pricest
372 1913 500 1940 Ecclesiis
518 1913 597 1940 talem
614 1913 747 1940 sollicitu-
801 1911 844 1939 ubi
859 1911 1028 1938 desideratur
1046 1911 1110 1938 illttd
1124 1920 1138 1938 a
1153 1919 1207 1946 quo
1222 1912 1373 1939 abstinetur
1385 1931 1392 1944 ,
1407 1916 1434 1939 et
1452 1912 1588 1945 cupiditas

9 1968 47 1986 em
64 1960 168 1987 habere
183 1959 273 1991 debet,
290 1964 316 1986 et
332 1959 405 1986 illam
423 1959 503 1985 aliam
517 1958 676 1985 szecularem
695 1957 746 1984 ha-
800 1957 882 1983 animi
893 1957 951 1984 solo
965 1962 1036 1984 metu
1051 1957 1133 1984 futuri
1144 1957 1239 1992 indicii
1255 1957 1420 1984 refrenatur.
1432 1957 1587 1985 Periculosa

6 2014 23 2034 ‘e
38 2006 151 2034 omnino
165 2013 219 2033 non
235 2005 323 2034 debet.
339 2005 391 2038 Qui
407 2005 545 2031 miseretur
557 2005 585 2035 in
601 2003 746 2036 hilaritate.
802 2001 873 2034 lucu.
892 2009 919 2029 et
937 2002 1016 2030 valde
1031 2003 1179 2038 periculosa
1195 2008 1276 2037 sunt,
1294 2003 1345 2031 nisi
1361 2004 1510 2031 secundum
1524 2012 1588 2031 con--

6 2053 90 2080 {eatur
103 2051 161 2088 (65)
176 2051 298 2079 fortassis
313 2059 396 2078 unum
417 2054 497 2086 atque
518 2050 588 2077 idem
603 2057 662 2077 esse
677 2048 748 2084 quod
801 2048 891 2075 silium
903 2049 1024 2084 Apostoli
1041 2050 1163 2077 odientes
1176 2049 1256 2083 mala,
1267 2055 1294 2077 et
1310 2050 1442 2084 impacata
1455 2050 1588 2085 quodam-

6 2106 39 2125 ιη
55 2098 147 2125 dixit:
162 2096 214 2130 Qui
229 2096 322 2124 tribuit
338 2096 365 2122 in
379 2095 559 2130 simplicitate,
573 2099 599 2121 et
613 2094 664 2122 hoc
676 2103 683 2121 τ
697 2093 748 2127 Qui
802 2095 882 2122 modo
899 2095 955 2131 (δὲ)
971 2095 1112 2123 adversum
1129 2103 1161 2123 ea
1177 2096 1299 2123 odiorum
1323 2096 1393 2124 bella
1418 2101 1589 2131 peragentes,

6 2145 169 2180 :cretur.(46)
187 2145 215 2172 in
225 2144 372 2171 hilaritate.
386 2142 439 2170 Sed
460 2141 651 2171 mih's'videtur
665 2147 748 2168 unum
803 2141 843 2168 sic
864 2141 1051 2169 adltaereatnus
1073 2142 1152 2168 bono.
1181 2141 1384 2169 Observandum
1418 2142 1498 2170 etiam
1523 2143 1588 2173 hoc.

9 2204 17 2219 '
32 2203 87 2230 lsa.
109 2202 184 2234 ηε..
220 2201 242 2218 ⁵⁸
257 2201 333 2229 Rom.
352 2209 401 2233 xu,
417 2199 444 2227 8.
482 2199 506 2215 “
519 2198 539 2226 ll
551 2199 614 2227 Cor.
633 2207 670 2232 ιιι,
682 2198 728 2231 28,

865 2199 997 2231 Runun,
1013 2199 1038 2226 9.
1086 2200 1120 2216 ⁸⁵⁸
1135 2199 1144 2226 Ι
1159 2199 1228 2226 Tim.
1246 2207 1266 2232 t,
1279 2207 1306 2227 v.
1360 2199 1383 2215 "
1401 2199 1478 2226 Rom.
1497 2208 1544 2232 xu,
1560 2201 1585 2227 ει.

6 2249 38 2277 58
63 2249 150 2282 Alias,
161 2249 189 2275 in
202 2248 363 2275 exhortando
380 2255 432 2274 non
445 2247 502 2282 plus
514 2255 616 2281 sapere.
629 2253 683 2274 etc.
762 2249 784 2275 D
835 2247 891 2281 (47)
913 2247 959 2274 Sic
983 2256 1077 2276 utnttes
1103 2255 1168 2275 mss.
1200 2248 1297 2275 nostri.
1321 2246 1449 2275 Rabanus
1475 2255 1539 2275 vero
1559 2254 1586 2276 et

6 2251 49 2320 59;
71 2285 154 2317 Etllti,
179 2291 340 2317 perperam.
358 2290 436 2316 quam
456 2286 555 2316 oportet
575 2289 676 2316 sapere.
694 2280 745 2308 Ms.
798 2282 878 2320 editi1
893 2289 1007 2320 erogata
1078 2318 1082 2320 ἓ
1169 2318 1174 2320 _
1394 2317 1411 2320 __
1427 2317 1434 2320 _

6 2280 48 2317 59)
71 2280 154 2317 Ειιιιῖ,
179 2291 340 2317 perperam.
358 2280 555 2316 quam‘oportet
575 2289 676 2316 sapere.
694 2280 745 2308 Ms.
798 2280 992 2317 editi.'erogat.

7 2317 44 2350 is;
54 2327 137 2354 quam
155 2322 284 2354 oporteret
301 2326 402 2354 sapere.
417 2351 431 2354 η
448 2351 454 2354 _
834 2317 891 2354 (ιβ)
909 2317 972 2354 Mss,
993 2319 1056 2354 duo.
1073 2318 1122 2354 hoc
1131 2318 1211 2354 agit;
1222 2322 1249 2344 et
1265 2322 1356 2352 postea
1369 2317 1451 2354 editi,
1462 2321 1546 2344 certus
1561 2323 1586 2345 et

6 2351 234 2389 £0)'Ea.hortatio.
251 2353 330 2380 Deest
348 2351 494 2389 itt_e_ditis_._
530 2385 546 2389 _
598 2386 604 2389 _
693 2385 708 2389 _

863 2351 879 2389 l,
893 2357 950 2389 etc.
961 2353 1060 2389 Deinde
1080 2353 1159 2389 iidem
1182 2353 1245 2380 editi
1262 2351 1288 2379 et
1308 2360 1371 2389 mss.
1387 2352 1519 2389 plerique.
1542 2361 1586 2389 e1-

6 2385 49 2423 “)
63 2388 115 2416 Ms.
131 2388 230 2423 Regius
248 2395 323 2415 nttm.
346 2386 425 2423 1659,
441 2387 504 2423 dicit
527 2385 665 2413 Dominus.
692 2385 745 2413 Sed
798 2387 1092 2423 pertditiigtitligentibus,
1112 2388 1161 2414 sibi
1182 2395 1253 2422 opes.
1278 2393 1331 2414 etc.
1347 2385 1400 2414 Sed
1416 2385 1469 2413 tus.
1486 2387 1586 2422 Regius

6 2421 47 2451 .eri
64 2431 144 2454 mss..
161 2421 289 2449 Rabanus
299 2427 325 2448 et
336 2422 400 2448 editi
417 2425 445 2447 ιιι
461 2422 487 2447 in
502 2426 587 2447 textu.
799 2429 874 2448 num.
891 2421 960 2449 1659
973 2427 1000 2449 et
1015 2422 1141 2449 Rahanus
1155 2428 1183 2449 ιιι
1197 2421 1224 2449 in
1241 2427 1333 2448 nostro
1349 2426 1433 2449 textu.

7 2459 50 2495 4‘2)
71 2458 156 2490 Editi,
174 2463 284 2490 oportet.
302 2457 396 2491 inquit,
413 2457 442 2482 in
462 2456 629 2490 simplicitate
657 2455 745 2482 cordis
835 2455 892 2495 (49)
902 2457 950 2495 Sic
965 2465 1016 2484 ms.
1028 2456 1128 2495 Regius
1143 2465 1217 2495 num.
1235 2457 1313 2495 1639.
1330 2457 1427 2495 Qte-teri
1440 2463 1505 2495 uero
1517 2465 1586 2495 3mg,

6 2491 124 2528 :{acerth
156 2527 159 2528 ν
229 2526 247 2528 Η
427 2526 432 2528 _
520 2526 526 2528 _
575 2524 590 2528 __
611 2524 616 2528 _
800 2495 827 2518 ct
840 2492 919 2528 editi,
937 2492 984 2518 hoc
998 2499 1069 2528 opus
1080 2492 1169 2528 anima
1183 2493 1282 2528 dederit
1298 2493 1385 2528 (editi,
1399 2492 1481 2528 dedit)
1497 2491 1586 2518 chari-

6 2524 49 2564 43)
64 2529 129 2556 Mss.
146 2527 208 2564 duo.
223 2526 285 2564 Non
300 2531 337 2553 est
353 2533 413 2560 ergo
424 2526 491 2564 (torta
503 2524 674 2564 simplicitas.
687 2528 743 2551 etc.
800 2527 859 2564 tali,
871 2528 1017 2564 quicunque
1033 2527 1107 2564 aliud
1118 2526 1509 2564 aliquid,etc._Rabanns,»ltoc
1522 2535 1587 2561 opus

6 2559 98 2590 Iliona
112 2563 246 2589 amittitur
264 2562 290 2588 in
307 2559 387 2587 antea
406 2561 496 2592 editis.
519 2561 585 2596 el.le
606 2559 745 2596 plerisque
799 2561 826 2586 in
849 2559 938 2588 auima
964 2559 1064 2589 dederit
1078 2582 1085 2593 .
1108 2559 1237 2588 charitate
1253 2562 1402 2596 quiruuque
1416 2562 1504 2593 aliud,
1521 2559 1587 2593 εἰς..

6 2606 24 2625 5.
42 2603 71 2626 et
87 2597 156 2632 apud
178 2597 329 2632 Rabantnn.
341 2595 460 2632 Δγυιξὶιιίιο.
478 2603 529 2622 ms.
546 2594 647 2630 Regius
667 2601 743 2620 ttum.
797 2596 900 2632 omisso
914 2596 1024 2631 aliquid,
1040 2597 1112 2631 quod
1127 2597 1207 2624 etiam
1218 2594 1320 2624 omittit
1333 2594 1383 2624 ins.
1397 2596 1499 2631 Regius
1511 2605 1584 2623 mtm.

6 2633 27 2661 i9
40 2629 146 2661 omittit
159 2637 250 2664 prazest
267 2630 405 2665 fratribus,
423 2629 475 2665 vel.
489 2664 510 2665 η
592 2629 597 2665 ί
621 2664 625 2665 γ
692 2662 704 2665 η
797 2630 876 2657 1659.

6 2668 50 2709 μ)
65 2668 150 2696 ﬂecte
159 2662 211 2694 ins.
228 2662 423 2705 Regiusnum.
443 2664 526 2705 .5659,
547 2664 667 2699 recipiat.
685 2662 744 2690 (Σπ-
833 2665 889 2701 (50)
901 2665 984 2706 Editi,
995 2666 1092 2693 Mirum
1107 2667 1220 2726 fortasse
1231 2667 1362 2702 siquidem
1373 2667 1443 2693 inter
1458 2672 1586 2693 ca’tera...

6 2711 9 2726 I
23 2711 103 2726 mss“
120 2703 246 2726 Rabantts
261 2706 287 2726 et
301 2701 377 2726 edttt.
396 2705 534 2726 rectmttut.
797 2708 945 2726 necessario
959 2702 991 2726 ab
1006 2701 1105 2726 Aitosto
1118 2709 1144 2726 ο.
1157 2707 1212 2726 etc.

6 2705 9 2729 i
23 2701 103 2735 ".55.,
120 2703 246 2729 liabautts
261 2706 287 2728 et
301 2701 377 2732 editi,
396 2701 534 2735 recipiant.
580 2732 585 2735 _
797 2701 945 2728 necessario
959 2702 991 2727 ab
1006 2701 1144 2733 Apostolo,
1157 2707 1212 2728 etc.

6 2738 51 2773 45)
66 2732 117 2773 sic
127 2745 179 2764 ms.
195 2736 294 2773 Regius
305 2734 475 2773 t_tum._i_659.
490 2732 588 2762 Cateri
599 2740 665 2760 vero
679 2739 744 2759 mss.
832 2735 890 2773 (5i)
905 2735 986 2767 Editi,
994 2732 1117 2773 prliantes
1133 2737 1242 2773 malum,
1255 2741 1279 2762 et
1292 2741 1410 2770 peccata,
1422 2740 1450 2773 et
1462 2737 1588 2770 quodam-

6 2769 77 2802 edi'ti.
97 2771 216 2799 Videtur.
234 2770 334 2796 Deinde
347 2769 424 2806 editi.
438 2770 552 2806 dixerat.
571 2802 584 2806 Α
610 2803 616 2806 _
667 2803 672 2806 _
797 2771 875 2806 modo
887 2789 895 2801 ,
912 2774 965 2797 ctc.
983 2770 1122 2806 Rabanus
1135 2791 1143 2802 .
1170 2772 1197 2797 in
1222 2769 1328 2804 peccatu
1341 2791 1348 2800 .
1374 2778 1422 2806 pro
1443 2772 1585 2806 impacata.

8 2809 51 2843 46)
71 2808 121 2834 Ms.
144 2806 244 2843 Regius
258 2812 333 2843 num.
352 2805 472 2843 1659._et
490 2804 546 2843 hic,
565 2802 616 2836 Qui
638 2803 746 2843 misere:
798 2805 899 2832 Deinde
915 2813 967 2833 ms.
981 2805 1081 2840 Regius
1098 2814 1175 2834 num.
1191 2802 1259 2834 1639
1276 2806 1350 2834 addit
1365 2802 1403 2833 iis
1421 2802 1484 2833 ante
1497 2805 1588 2831 adita:-

6 2863 12 2874 .
27 2837 80 2871 οἷς.
96 2837 215 2874 Εόὶιὶ,ἓι
227 2841 287 2870 hoc.
302 2840 328 2865 id
340 2845 389 2873 est,
400 2840 444 2874 qui
461 2840 607 2872 miseretur,
623 2843 675 2865 etc.
690 2837 743 2864 Sed
799 2848 913 2868 reantus.

6 2879 48 2906 teri
64 2885 129 2906 mss.
147 2881 176 2903 ut
189 2877 215 2903 itt
232 2879 317 2902 textu.
