1852 3053
243 163 314 190 1119

968 165 1130 193 ORIGENIS

1794 175 1833 201 l2!“

244 221 313 254 quod
325 221 394 247 sicut
411 220 436 247 in
451 219 511 246 aliis
523 219 587 246 dicit
601 229 607 246 :
619 219 670 253 Qui
689 220 805 248 adhwret
824 220 946 255 Domino,
964 230 1032 248 unus
1047 227 1069 254 Α
1087 226 1138 247 tur.
1154 222 1216 249 Scio
1231 226 1320 250 autem
1338 224 1364 251 in
1384 225 1521 253 nonnullis
1536 225 1697 256 Latinorum
1713 234 1828 265 exemptam

241 266 350 297 spiritus
372 272 407 293 est
426 266 449 282 ⁸⁷
459 287 468 299 ,
484 266 519 292 ita
534 270 559 292 et
577 265 622 293 ltic
636 266 701 293 dicit
719 275 725 294 :
740 267 932 294 Adhaereamus
947 268 1027 300 bono,

240 310 301 338 sine
329 311 410 338 dubio
435 317 465 338 ut
493 312 632 347 contingat
661 312 739 340 nobis
765 320 849 339 unum
877 320 938 340 esse
966 320 1027 340 cum

241 357 323 384 bono.

277 402 302 428 6.
328 402 489 429 Charitatem
509 401 688 436 fraternitatis
710 402 817 430 invicem
839 403 977 437 diligentes
992 403 1027 430 ⁵⁸.

241 447 296 474 Iloc
314 448 479 477 mandatum,
494 453 523 474 ut
535 447 677 482 diligamus
693 449 819 480 invicem,
832 450 903 476 sicut
917 454 943 476 et
958 450 1027 477 Dens

212 517 219 528 ,_
239 491 334 520 dilexit
348 500 397 519 nos
409 492 442 523 ",
454 500 515 519 cum
528 493 563 520 sit
575 495 691 528 primum
702 498 761 527 post
772 495 885 528 primutn
899 495 1025 528 (primum

214 525 222 567 ἶ
241 545 359 572 namque
374 543 416 564 est
427 537 538 572 diligere
551 525 634 565 Deum
646 547 654 571 ;
668 525 775 565 etintcr
787 539 910 567 homines
928 540 1024 567 iterum

240 582 292 609 hoc
304 583 418 617 primunt
431 588 484 614 est,
498 588 527 611 ut
541 584 656 611 invicem
672 585 838 620 diligamus),
852 587 942 613 nescio
959 595 1027 622 quo-

222 616 320 656 !modo
344 629 419 663 quasi
441 629 565 656 ultimum
589 635 615 656 et
638 630 728 657 minus
753 632 936 659 necessarium
955 633 1026 659 inter

238 674 362 701 homines
386 674 524 709 spernitur
537 695 543 706 ,
560 680 586 702 et
604 675 694 702 odium
712 676 783 710 quod
811 678 889 704 nobis
914 677 1024 705 insitum

236 727 297 747 esse
312 720 429 746 diximus
451 721 484 748 ad
498 721 549 748 hoe
566 725 594 748 ιιι
611 722 680 748 mala
702 723 764 749 odio
780 723 940 757 habeamus,
956 732 1024 759 pra:—

237 769 345 798 postero
366 764 462 792 ordine
483 772 642 793 exercemus
664 767 690 792 in
717 767 794 794 bouis
811 767 867 802 (52)
880 788 888 800 ,
912 773 938 796 et
961 769 1023 796 vitia

236 809 327 836 carnis
341 816 373 837 ac
394 815 504 843 peccata
520 810 662 844 diligentes
679 811 777 840 fratres
799 813 862 840 odio
880 814 1021 843 habemus.

236 853 291 882 Nec
307 855 385 883 aliter
398 856 495 883 accidit
508 858 597 885 odisse
613 865 663 885 nos
679 866 738 892 quae
759 867 809 885 non
831 865 936 893 oportet
954 861 1021 896 (55),

237 899 287 926 nisi
303 901 365 935 quia
389 901 525 936 diligimus
546 910 606 937 qua:
623 911 675 930 non
690 907 807 938 oportet.
829 904 938 932 Fratres
957 913 1022 940 ergo

233 942 358 977 juhemnr
371 945 492 980 diligere,
513 953 564 972 nou
585 946 709 980 judicare
722 947 790 983 (54).
811 948 839 976 Si
858 950 930 976 enim
943 955 1023 985 putas

234 989 352 1023 aliquem
366 990 476 1025 impium
495 999 564 1022 esse.
581 997 608 1020 et
623 993 683 1020 ideo
699 1001 760 1020 eum
775 1002 826 1021 non
842 994 948 1028 iudicas
960 997 1021 1024 dili-

234 1034 370 1067 gendum.
394 1035 455 1062 audi
483 1037 554 1070 quod
574 1037 697 1065 Christus
722 1047 769 1072 pro
789 1040 876 1074 impiis
902 1045 1021 1068 mortuus

234 1084 272 1105 est
287 1079 319 1106 “.
340 1081 391 1108 Aut
417 1081 438 1108 si
459 1082 520 1116 quia
546 1088 674 1117 peccator
695 1089 736 1112 est
759 1085 844 1112 frater
865 1090 942 1118 tuus,
961 1087 1021 1115 ideo

233 1132 294 1151 eum
313 1133 365 1152 non
384 1131 460 1161 putas
476 1127 639 1162 diligendum
652 1149 660 1160 ,
679 1130 740 1157 audi
759 1131 822 1165 quia
840 1131 959 1159 Cltristus
974 1131 1021 1159 Je-

233 1177 277 1196 sus
287 1170 312 1196 in
325 1171 392 1197 hunc
406 1172 532 1198 mundum
547 1174 615 1199 uenit
626 1180 775 1208 peccatores
787 1175 875 1203 salvos
888 1176 974 1210 facere
986 1178 1018 1205 ⁸¹.

237 1215 266 1242 Si
287 1223 350 1242 vero
363 1216 452 1249 justus
466 1222 508 1245 est
521 1238 529 1250 ,
549 1218 634 1246 multo
658 1221 742 1255 magis
759 1221 902 1250 dilectione
923 1223 1020 1258 dignus

233 1265 285 1292 cst.
313 1261 438 1288 Dominus
455 1263 526 1290 enim
540 1264 626 1299 diligit
638 1264 727 1299 justas
743 1266 775 1294 “.

267 1305 294 1332 7.
311 1306 416 1334 Honore
432 1309 541 1335 invicem
562 1311 748 1343 prmuenientes
763 1311 796 1339 ⁸⁵.
816 1312 871 1339 Hoc
887 1317 928 1340 est
947 1313 1019 1348 quod

232 1355 259 1377 et
275 1350 403 1378 Dominus
418 1353 527 1386 docuit,
547 1362 606 1381 cum
623 1361 729 1383 notaret
750 1356 861 1384 Scribas
876 1363 903 1385 et
921 1358 1018 1386 Phari-

232 1403 301 1423 saeos
321 1397 407 1431 prima
431 1400 481 1426 sibi
503 1400 559 1427 loca
585 1401 611 1428 in
643 1403 775 1430 conviviis
795 1404 964 1433 vindicantes
985 1405 1018 1439 ⁸⁸,

232 1447 259 1467 et
276 1441 396 1474 doceret,
413 1449 442 1470 nt
460 1452 521 1471 cum
540 1451 650 1473 vocatus
666 1446 749 1475 fueris
769 1453 795 1475 tu
810 1449 843 1476 ad
857 1457 974 1484 coenam,
991 1452 1017 1479 iu

232 1486 378 1513 novissimo
391 1488 449 1515 loco
465 1490 606 1518 recumbas
620 1491 688 1526 (55).

265 1530 293 1558 8.
314 1531 501 1560 Sollicitudine
524 1543 576 1562 non
598 1538 666 1571 pigri
679 1538 713 1565 ".
737 1538 867 1573 Superius
888 1549 948 1569 eum
972 1543 1017 1577 qui

231 1581 328 1610 praeest
341 1596 349 1610 ,
374 1578 401 1605 in
423 1579 607 1609 sollicitudine
627 1583 726 1612 debere
747 1593 807 1612 esse
828 1589 1016 1617 commonuit:

236 1629 307 1649 nunc
320 1631 385 1650 vero
395 1625 520 1653 omnibus
530 1627 576 1654 dat
589 1628 639 1656 hoc.
654 1630 679 1657 in
695 1638 838 1660 commune
849 1635 1017 1668 mandatum,

233 1675 265 1695 ne
286 1669 347 1703 quis
371 1675 492 1698 nostrum
511 1673 603 1701 audiat
627 1682 642 1702 a
666 1676 794 1704 Domino:
812 1677 890 1706 Serve
906 1681 973 1708 male
993 1686 1017 1708 et

231 1714 304 1749 piger
315 1714 348 1741 ".

265 1759 291 1786 9.
305 1759 406 1795 Spiritu
418 1761 544 1796 ferventes
558 1766 590 1793 ‘7.
608 1766 640 1794 Et
655 1767 705 1794 hoc
717 1768 750 1794 ad
764 1769 905 1805 impigrum
921 1777 949 1799 et
963 1772 1017 1800 sol—

230 1805 333 1834 licitqu
349 1813 461 1842 Spectat.
479 1809 540 1837 Vult
557 1812 629 1839 enim
642 1813 698 1848 (56)
715 1819 742 1840 ut
758 1823 816 1848 nos,
832 1817 876 1850 qui
895 1818 945 1844 sub
959 1819 1016 1852 lege

229 1851 341 1885 spiritus
356 1853 483 1888 vivimus,
496 1857 560 1884 nihil
575 1859 728 1890 remissum.
744 1861 810 1887 nihil
827 1863 946 1896 lepidum
963 1863 1014 1890 ha-

229 1897 340 1926 beamus
355 1900 380 1926 in
397 1901 484 1934 nobis,
498 1903 544 1929 scd
560 1911 620 1930 cum
634 1904 742 1932 fervore
750 1907 874 1941 spiritus,
886 1913 913 1936 et
924 1909 1014 1937 calore

229 1944 289 1970 tiulci
307 1950 402 1971 cuncta
418 1954 592 1981 peragamus.

264 1989 307 2016 10.
326 1990 435 2017 Domino
452 1994 589 2019 servientes
606 1994 638 2021 ⁸⁸.
659 1994 703 2021 Ille
720 1994 833 2023 Domino
850 1999 947 2030 servit.
968 1999 1012 2036 qui

228 2039 317 2068 potest
332 2036 423 2062 dicere
438 2045 445 2063 :
466 2037 548 2064 Nobis
564 2047 630 2066 unus
645 2041 772 2070 Dominus
786 2043 863 2070 Jesus
879 2044 1011 2074 Christus.

227 2089 274 2114 per
288 2089 363 2114 quem
383 2084 487 2115 omnia,
501 2088 525 2109 et
542 2093 590 2112 nos
604 2095 651 2121 per
674 2089 759 2122 ipsum
773 2090 795 2105 "
805 2109 813 2121 ,
837 2098 886 2117 nec
900 2089 971 2117 ultra
987 2091 1012 2118 ei

228 2132 275 2153 aut
290 2127 371 2154 libido
384 2148 391 2161 ,
408 2134 455 2156 aut
471 2132 584 2157 avaritia
600 2152 607 2165 ,
623 2139 668 2160 aut
688 2134 774 2162 inanis
788 2135 873 2170 gloria
889 2136 1012 2163 domina-

1080 267 1130 294 Ιηιη
1147 269 1252 299 haberi.
1266 272 1377 303 tempori
1388 272 1542 305 servientes,
1560 274 1631 308 quod
1647 282 1700 301 non
1719 276 1777 301 mihi
1791 278 1829 303 vile-

1080 319 1122 340 tnr
1140 315 1333 341 cnnvenieuler
1355 315 1504 348 insertum,
1525 319 1578 345 nisi
1605 321 1627 346 si
1644 319 1703 354 (57)
1722 321 1775 354 quis
1792 322 1829 347 fer.-

1079 359 1115 385 ita
1143 360 1242 386 dictum
1267 367 1360 395 putet,
1380 367 1410 390 ut
1434 363 1460 390 in
1486 364 1547 391 aliis
1571 365 1642 392 idem
1658 367 1829 400 Apostolusa;

1080 404 1190 439 Tempus
1203 407 1277 434 bret-e
1289 414 1336 439 est,
1349 414 1465 443 superest
1479 415 1505 436 nt
1523 410 1569 444 qui
1580 412 1677 438 [tabent
1693 421 1787 442 Ita-ores.
1799 420 1830 440 tct-

1077 457 1154 483 quam
1170 458 1219 477 non
1236 451 1357 480 habentes
1374 454 1424 480 sint
1437 454 1459 470 ⁷⁸
1473 463 1481 485 ;
1498 455 1539 481 vel
1560 460 1589 481 ut
1608 456 1675 482 illud
1693 458 1785 484 dictum
1796 467 1828 485 est:

1078 494 1243 523 Redintentes
1258 502 1369 532 tempus,
1386 507 1510 533 quamam
1527 501 1584 527 dies
1604 503 1671 528 muli
1684 504 1783 529 sunt”.

1113 539 1156 566 11.
1184 540 1235 574 Spe
1259 542 1420 575 gaudentes,
1437 544 1463 570 in
1489 544 1663 571 tribttlatione
1686 547 1798 579 patientes
1811 549 1829 574 ".

1077 584 1130 619 Spe
1143 586 1239 619 gaudet
1251 587 1295 620 qui
1312 595 1364 614 non
1380 589 1489 622 respicit
1504 597 1534 616 ea
1548 597 1609 624 quae
1621 591 1758 623 videntur,
1771 596 1829 620 se.ch

1076 638 1135 664 qua:
1152 638 1203 657 non
1217 632 1341 659 videntur
1355 634 1549 667 exspectat";
1565 640 1594 662 et
1606 636 1653 669 qui
1669 637 1721 662 scit
1737 638 1788 669 quia
1800 647 1830 664 ω

1075 680 1134 702 sunt
1150 676 1285 711 condigna:
1297 679 1432 711 passiones
1451 678 1530 712 hujus
1552 682 1678 713 temporis
1697 682 1734 707 ad
1748 682 1830 715 futuras

1075 721 1186 755 gloriam
1201 729 1259 757 quae
1280 723 1435 749 revelabitur
1456 724 1482 750 in
1495 725 1571 751 nobis
1583 725 1617 751 ⁷⁵.
1634 725 1708 752 ldcm
1725 728 1776 759 ipse
1788 734 1819 753 eti

1076 766 1251 793 tribulatione
1264 767 1370 802 patiens
1391 769 1461 801 erit;
1479 770 1541 803 quia
1558 771 1699 797 tribulatio
1715 774 1829 804 patientch

1074 816 1208 843 operatur,
1220 813 1348 845 patientia
1357 813 1549 846 probationem.
1556 816 1680 848 probatio
1691 825 1749 844 pero
1758 819 1828 850 spes".

1074 856 1096 882 si
1111 861 1201 883 tamen
1218 865 1371 884 sermonem
1389 859 1433 892 qui
1450 860 1627 895 subsequitur
1646 862 1800 896 impleamus
1815 865 1828 889 il

1039 894 1060 924 Β
1076 906 1117 928 est
1133 902 1246 928 Orationi
1271 903 1396 930 instantes
1410 904 1442 931 ⁷⁸.
1461 904 1488 931 In
1512 912 1566 939 quo
1588 907 1662 933 enim
1689 916 1742 934 non
1763 910 1828 934 saliat

1073 947 1190 974 humana
1208 948 1358 982 fragilitas.
1375 950 1505 977 auxilium
1519 951 1566 978 Ι)ςί
1580 953 1750 981 orationibus
1762 955 1829 988 ίιιιριην

1073 995 1185 1021 randum
1198 1000 1250 1022 est.

1108 1039 1151 1065 12.
1172 1039 1267 1066 Usibus
1280 1040 1336 1076 (58)
1352 1045 1505 1069 sanctorum
1518 1046 1743 1072 communicantes
1755 1047 1781 1072 ⁷⁷.
1797 1047 1828 1072 lie-

1073 1084 1136 1111 nIini
1157 1085 1181 1112 iu
1193 1085 1294 1112 Latinis
1313 1087 1514 1121 exemplaribus
1531 1090 1620 1123 magis
1653 1090 1745 1118 bal-eri
1758 1092 1828 1126 :65:

1073 1129 1206 1157 Mentoriis
1217 1138 1369 1159 sanctorum
1385 1134 1608 1161 communicantes
1620 1143 1630 1161 :
1645 1144 1738 1163 verum
1750 1145 1826 1163 nnsuc:

1071 1177 1295 1203 cousuetudiuem
1320 1178 1480 1211 turbamus,
1502 1187 1553 1206 uec
1568 1181 1677 1209 veritati
1703 1182 1826 1216 przjudsa-

1072 1229 1142 1253 mus,
1157 1222 1273 1249 maxime
1286 1230 1346 1250 cum
1360 1228 1506 1258 utntmque
1518 1227 1664 1253 conveniat
1676 1229 1824 1255 a-diﬁcatirm.

1071 1264 1138 1292 Nam
1163 1266 1256 1294 usibus
1277 1274 1431 1295 sanctorum
1455 1270 1569 1297 honeste
1591 1276 1618 1298 et
1641 1273 1776 1305 decenter,
1794 1282 1827 1300 tes

1070 1310 1150 1343 quasi
1166 1309 1223 1345 (59)
1234 1311 1332 1346 stipem
1347 1313 1531 1348 indigentibus
1543 1316 1674 1349 praebere,
1691 1319 1737 1345 sed
1747 1325 1827 1346 ceruum

1071 1360 1192 1382 nostrum
1202 1364 1263 1384 cum
1276 1357 1343 1392 ipsis
1355 1359 1554 1392 quodammodo
1568 1362 1670 1390 habere
1677 1371 1826 1395 communem,

1069 1406 1097 1428 et
1112 1403 1267 1430 meminisse
1287 1408 1442 1432 sanctorum
1465 1407 1523 1434 sive
1541 1408 1569 1434 in
1588 1408 1712 1437 collectis
1732 1411 1825 1437 solemn-

1070 1446 1131 1479 bus,
1145 1448 1202 1476 sive
1216 1457 1264 1483 pro
1278 1457 1311 1477 eo
1327 1455 1357 1477 ut
1370 1458 1403 1477 ex
1422 1453 1611 1481 recordatione
1623 1461 1718 1482 eorum
1733 1457 1826 1491 pratici:-

1070 1500 1143 1526 mns,
1165 1499 1256 1528 aptum
1274 1500 1301 1522 et
1316 1497 1484 1524 conveniens
1497 1498 1612 1528 videtur.

1106 1538 1149 1565 13.
1163 1539 1377 1573 Hospitalitatem
1389 1546 1517 1569 sectantes
1529 1543 1563 1571 ⁷⁸.
1575 1544 1662 1576 Quam
1676 1546 1752 1580 digne
1764 1547 1825 1580 hosci-

1069 1583 1172 1611 talitem
1194 1587 1323 1613 sectantis
1340 1588 1552 1616 muniﬁcentiam
1577 1589 1633 1625 (60)
1657 1599 1710 1618 uno
1733 1600 1824 1619 sermost

1069 1631 1291 1664 comprehendit!
1313 1632 1410 1659 Diceus
1425 1634 1498 1660 enim
1517 1636 1674 1662 sectandam
1691 1645 1750 1663 esse
1761 1638 1824 1671 hospi-

1069 1675 1213 1708 talitatem,
1229 1685 1280 1704 non
1298 1677 1363 1704 illud
1375 1678 1461 1706 solum
1477 1682 1609 1714 ostendit,
1620 1687 1649 1708 ut
1662 1685 1797 1710 verrentem
1805 1684 1823 1707 al

1068 1729 1117 1748 nos
1134 1722 1267 1757 hospiteut
1291 1725 1491 1759 suscipiamus;
1516 1728 1564 1754 scd
1586 1733 1614 1754 et
1632 1729 1824 1762 requiramus.d

1067 1768 1174 1795 solliciti
1193 1769 1288 1802 simus,
1307 1774 1335 1796 et
1347 1776 1495 1804 sectemur,
1509 1779 1540 1798 ac
1550 1773 1740 1807 perquiramus
1752 1775 1823 1807 ubiun

1069 1814 1188 1848 hospites
1200 1835 1208 1847 ,
1230 1816 1326 1842 necubi
1351 1815 1419 1843 forte
1442 1817 1468 1844 in
1496 1818 1592 1852 plateis
1607 1820 1715 1846 sedeant
1731 1820 1823 1854 (θυμω

1068 1864 1143 1886 extra
1160 1864 1260 1887 tectum
1275 1860 1396 1892 jaceant.
1414 1862 1567 1891 Recordare
1582 1864 1633 1892 Lot
1647 1865 1679 1897 ",
1696 1871 1721 1893 et
1734 1866 1824 1893 inreuics

1066 1905 1139 1940 quod
1153 1913 1205 1932 nou
1223 1906 1298 1933 illum
1317 1908 1453 1942 hospites,
1471 1909 1519 1936 Sed
1534 1910 1592 1944 ipse
1611 1912 1746 1946 quaesierit
1759 1912 1823 1946 boat-i-

1067 1955 1125 1984 tes;
1139 1957 1167 1980 et
1184 1953 1234 1979 hoc
1251 1959 1311 1980 erat
1325 1954 1537 1988 hospitalitatem
1554 1958 1665 1984 sectari.

1102 1998 1145 2026 14:
1170 1992 1317 2026 Benedicite
1334 2001 1545 2034 persequentibus
1568 2011 1630 2037 vos,
1651 2005 1822 2034 benedicite,tt

1066 2045 1146 2072 nolite
1162 2044 1315 2074 maledicere
1333 2047 1399 2082 (62).
1423 2047 1553 2076 Moralem
1574 2049 1663 2077 locum
1685 2050 1761 2078 latius
1772 2052 1822 2084 Aptv

1066 2091 1151 2118 stolus
1173 2088 1325 2127 exsequens
1335 2113 1342 2124 ,
1359 2098 1434 2121 actus
1445 2113 1453 2125 ,
1467 2100 1587 2122 mentem
1599 2116 1606 2128 ,
1621 2098 1775 2131 propositum
1784 2116 1790 2128 ,
1801 2103 1822 2121 os

1066 2143 1173 2171 quoque
1186 2138 1273 2171 ipsum
1292 2137 1500 2174 discipulorum,
1515 2139 1686 2176 linguamque
1700 2142 1821 2177 componit.

279 2208 302 2225 ⁸⁷
316 2209 324 2236 l
340 2210 402 2236 Cor.
420 2211 516 2251 vuni'l.
593 2209 670 2236 Rom.
686 2218 735 2251 xu_,
832 2211 944 2251 ’Ἕω-θη.
960 2219 1005 2244 xv,

1079 2248 1086 2251 _
1098 2213 1129 2251 _“
1146 2213 1226 2251 Rom.
1239 2222 1270 2246 v.
1288 2215 1315 2243 6.
1353 2217 1374 2233 "
1389 2217 1397 2244 1
1413 2217 1483 2245 Tim.
1497 2219 1575 2247 L15.
1612 2220 1633 2235 ⁸⁸
1647 2220 1712 2246 Psal.
1728 2219 1820 2251 (ειπε-

227 2244 339 2271 “Rom.
370 2253 418 2274 xu.
446 2245 488 2272 10.

227 2281 248 2296 ⁸³
267 2280 274 2306 l
292 2280 353 2306 Cor.
371 2287 431 2309 vut.
450 2280 476 2306 6.
515 2280 537 2296 "°
551 2279 558 2306 l
573 2279 636 2306 Cor.
656 2287 692 2307 vn
708 2300 715 2310 .
728 2281 774 2308 29.

527 2246 549 2261 "
564 2244 629 2271 Luc.
647 2253 701 2278 xlv,
718 2245 733 2271 7
744 2265 751 2276 ,
775 2246 817 2273 10.
855 2247 877 2262 "
893 2246 971 2275 Rom.
985 2255 1021 2274 xu
1036 2267 1045 2280 ,
1075 2248 1119 2275 Η.

527 2280 537 2296 °
551 2279 558 2306 l
573 2279 636 2316 Cor.
656 2287 692 2307 vn
708 2300 715 2310 .
727 2281 774 2316 go.
823 2281 846 2297 τι
868 2281 965 2316 Ephes.
983 2290 998 2307 v
1011 2302 1018 2313 ,
1037 2283 1081 2310 16-

1159 2249 1181 2264 ⁸⁸
1197 2249 1358 2283 ΜςιιΙΙΙ.ΧΧν.
1372 2252 1415 2279 26.

1465 2253 1487 2268 "
1505 2253 1582 2280 Rotn.
1598 2262 1645 2286 stt,
1666 2255 1706 2282 il.
1740 2255 1759 2270 "
1772 2255 1818 2280 ibid.

1135 2283 1158 2299 "
1182 2283 1312 2318 Ronustl,
1328 2287 1370 2314 1'2.

1037 2283 1081 2321 16.
1112 2283 1158 2321 __"
1182 2283 1370 2321 Rpknt.stt,1'2.
1416 2287 1438 2304 "
1452 2287 1472 2314 ll
1495 2287 1560 2315 Cor.
1577 2297 1624 2321 tv,
1639 2283 1682 2317 18.
1717 2289 1740 2305 "
1759 2289 1818 2316 Βοω-

227 2322 287 2344 \‘Itl.
309 2314 349 2342 l8.
388 2315 410 2330 "
431 2315 509 2342 Rom.
525 2323 556 2348 v,
571 2315 607 2347 5,
621 2315 649 2342 4.
687 2315 710 2331 ⁷⁸
725 2315 804 2342 Rom.
825 2314 948 2348 stt,'12.
985 2317 1007 2333 "

1076 2318 1093 2344 I.
1108 2318 1152 2346 15.
1189 2318 1292 2347 "Rom.
1305 2314 1344 2347 'xtt
1359 2343 1366 2356 ,
1382 2322 1424 2350 15.
1463 2323 1486 2338 "'

263 2397 379 2440 (Ἠλεία
392 2402 465 2426 recte
478 2397 607 2426 Rabanus
620 2403 647 2426 et
662 2398 738 2426 editi.
754 2398 818 2427 Mss.
831 2406 896 2426 vero
911 2400 1010 2433 nostri,
1027 2402 1050 2430 D
1064 2406 1091 2429 et
1105 2402 1274 2440 intrahahet
1289 2406 1484 2433 necessitatibus
1503 2414 1553 2440 pro
1568 2407 1665 2434 usibus.

227 2433 255 2459 in
270 2433 354 2460 nobis.

263 2467 319 2503 (ᾃᾷ)
334 2468 413 2503 ῌιίἰιί,
428 2476 504 2503 quem
525 2476 577 2495 non
589 2474 701 2502 oportet.

263 2502 320 2536 (5-5)
338 2501 445 2539 Fratres
463 2512 523 2538 ergo
539 2501 664 2538 jubentur
675 2504 795 2539 diligere,
812 2511 864 2531 non
873 2503 1010 2538 judicare.

227 2536 289 2564 Haec
305 2536 625 2565 desideranturin‘libris
639 2536 729 2566 editis.

261 2571 318 2605 (55)
334 2572 412 2601 ιειιιιί,
427 2577 450 2598 ιιι
465 2573 549 2604 docet,
569 2579 595 2600 ut
611 2582 671 2600 cum
684 2579 790 2600 vocatus
808 2573 890 2606 fueris
912 2576 946 2600 ad
960 2582 1011 2602 cte-

227 2615 301 2637 nam,
315 2608 341 2643 in
357 2607 494 2633 novissimo
508 2609 653 2643 recumbas.
672 2609 734 2635 Mss.
751 2609 859 2643 quidam
879 2614 905 2635 et
919 2609 1011 2636 Raba-

226 2649 276 2677 uns
291 2641 384 2677 itidem;
394 2647 417 2666 et
430 2642 513 2668 docet.
532 2642 579 2669 Ms.
593 2644 691 2677 Regius
707 2641 780 2670 nutu.
797 2643 876 2675 1639,
888 2643 1010 2672 edocens.

225 2675 279 2704 Sed
297 2675 386 2701 (ξπ-ιριτί
405 2684 482 2706 mss..
502 2678 613 2708 rectius,
629 2675 652 2704 et
666 2681 781 2706 doceret.

261 2709 317 2745 (56)
332 2710 376 2746 Sic
391 2719 440 2737 ius.
454 2711 553 2746 Regius
568 2720 644 2739 num.
660 2713 737 2740 1659.
754 2713 849 2740 Cmteri
866 2720 930 2740 vero
945 2721 1009 2742 mss.

225 2750 251 2772 et
274 2745 360 2777 etltli,
384 2745 415 2772 Et
438 2747 485 2772 hoc
506 2746 541 2772 ad
562 2747 690 2781 integrum
711 2753 818 2782 spectat.
847 2747 906 2774 Vult
928 2749 1010 2781 enim,

224 2785 277 2806 etc.

333 2815 410 2856 Reest
426 2816 448 2842 si
466 2815 492 2841 in
507 2815 599 2842 editis.
613 2816 817 2856 Mss._qui_da_m,
831 2817 918 2852 siqui.

263 2848 317 2883 (58)
336 2851 379 2876 Sic
402 2857 497 2876 omnes
518 2857 580 2876 mss.
599 2855 628 2876 et
649 2848 723 2878 editi.
739 2848 947 2880 Raluutus'vero
964 2853 1007 2880 hic

1100 2437 1162 2478 (59)¹
1173 2439 1308 2478 Ita-bonus,
1325 2448 1370 2466 nec
1385 2437 1572 2478 consuetudine
1587 2443 1748 2468 turbamur...
1762 2439 1816 2478 Na!

1065 2473 1263 2499 necessitatibus
1285 2480 1436 2501 sanctorum
1460 2476 1567 2502 honeste
1591 2477 1662 2505 dicit.
1677 2483 1724 2501 non
1747 2475 1815 2506 quasi.

1064 2512 1124 2549 etes
1137 2507 1219 2549 Ppulo
1244 2507 1310 2535 infra
1339 2518 1389 2537 ms.
1419 2510 1517 2549 Regius
1530 2519 1617 2549 uultu.
1636 2510 1716 2549 1639,
1729 2517 1814 2549 glow

1064 2543 1141 2568 modo
1153 2542 1248 2568 [tubere
1262 2552 1434 2571 communem.
1452 2542 1553 2572 Deinde
1564 2545 1696 2575 Rabanus,
1707 2542 1814 2576 Μέρη-

1063 2583 1085 2603 et
1103 2578 1256 2604 conveniens
1271 2580 1382 2606 videtur.

1100 2611 1156 2646 (60)
1175 2612 1223 2638 Ms.
1240 2612 1338 2647 Regius
1352 2622 1425 2641 num.
1443 2615 1529 2646 1659,
1543 2614 1722 2648 hospitalitatis
1744 2620 1814 2638 Iust-

1063 2646 1207 2682 ﬁcentiam.
1221 2646 1317 2674 Caneri
1331 2654 1432 2679 uisset
1442 2651 1516 2681 editi,
1531 2646 1725 2682 hospitalitatem
1733 2653 1813 2673 uctu-

1063 2681 1097 2706 tis
1112 2682 1347 2716 magniﬁcentiam.

1170 2716 1293 2755 [immune
1307 2718 1375 2755 forte
1387 2718 1414 2755 in
1428 2719 1521 2755 plateis
1532 2719 1646 2746 sedeant.
1717 2751 1722 2755 _

1110 2717 1154 2751 (il)
1170 2717 1250 2748 ιςιιιιι,
1263 2725 1293 2743 ne
1307 2718 1375 2751 forte
1387 2718 1414 2744 in
1428 2719 1521 2751 plateis
1532 2719 1646 2746 sedeant.
1717 2751 1722 2755 _

1099 2717 1154 2790 (02)
1167 2751 1211 2778 Sic
1224 2752 1287 2778 editi
1304 2757 1332 2779 et
1345 2753 1481 2790 Raba_nus.
1569 2761 1632 2781 vero
1647 2756 1722 2790 nostri
1737 2755 1810 2790 omne!

1062 2785 1163 2813 habent
1187 2787 1372 2815 tantummodo
1383 2807 1391 2820 ,
1409 2787 1577 2821 Benedirite,
1590 2793 1612 2815 et
1635 2788 1704 2814 nolite
1722 2786 1809 2810 atate»

1061 2829 1129 2847 (ινιτ.
