1852 3053
16 157 65 185 ΞΞΙ

474 152 649 182 (ΣΟΜΜΕΝΤ.
669 152 702 179 IN
720 152 830 180 EPIST.
847 152 893 179 AD
909 151 993 179 ιιθιιι.
1012 151 1075 179 LIB.
1097 151 1141 178 1X.

1559 154 1630 181 122‘!

16 217 54 243 lon
72 216 128 242 vult
141 215 284 243 ere-lentes
296 214 406 241 Christo
422 214 455 240 de
471 221 520 241 ore
533 221 582 240 suo
597 214 719 249 prol'crre
735 221 791 240 ma-
807 216 829 243 Α
841 214 886 248 qui
900 214 974 247 ﬂent,
987 213 1110 247 quoniam
1126 213 1176 246 ipsi
1191 213 1397 240 consolabuntur
1408 214 1441 242 ⁸⁷.
1460 214 1488 242 Si
1503 216 1563 250 quis
1584 217 1630 244 ιιι-ι

16 263 138 293 idictum,
151 262 197 289 sed
211 262 279 288 bene
293 260 376 295 loqtti,
389 261 458 288 bene
474 261 576 292 dicere,
592 261 660 288 bene
673 261 789 295 precari.

19 313 74 334 tex
93 307 146 334 hoc
161 312 186 334 et
205 306 267 334 boni
291 306 392 333 domini
421 306 491 333 servi
507 326 513 338 ,
530 311 558 333 et
582 306 644 333 boni
669 307 789 341 magistri

16 353 146 378 redantur
159 359 218 379 esse
235 351 368 385 discipuli.
385 351 531 379 Sciendum
553 357 642 379 tamen
662 357 702 379 est
718 353 790 387 quod

16 405 89 425 armo
103 398 146 424 hic
158 397 354 425 benedictionis
364 398 389 424 in
403 397 552 432 Scripturls
564 398 673 425 diverse
687 399 790 433 positus

16 442 148 468 ivi-nitur.
163 442 229 469 Nam
241 448 267 470 et
280 443 352 470 Deus
364 443 525 470 benedicere
539 444 581 470 vel
594 443 729 475 homines,
748 443 789 470 vel

16 492 96 514 :rtcra
113 495 173 521 qua:
184 493 334 520 creaverat,
345 488 513 515 invenitur"
526 497 532 521 ;
546 493 572 515 et
584 488 708 515 homines
720 488 788 524 (65),

16 533 41 559 cl
54 537 161 559 caetenc
177 538 310 560 creatum
327 533 410 561 Deum
425 534 586 562 benedicere
612 535 741 569 iubentur
753 535 789 562 ⁸⁸.

16 579 51 604 >ed
69 579 114 605 Dei
130 578 238 612 quidem
253 579 404 607 benedictio
416 579 516 614 aliquid
526 580 708 615 muneris(65)
719 588 789 607 sem-

19 631 48 650 er
63 624 107 650 his
131 625 177 658 qui
201 625 234 651 ab
250 633 282 652 eo
296 625 492 652 benedicuntur
511 625 631 659 impertit
645 636 650 652 :
666 625 788 653 homines

16 678 65 696 ero
81 670 166 697 Deum
181 671 340 698 benedicere
352 691 360 703 ,
377 679 425 705 pro
437 678 470 697 eo
485 671 555 706 quod
569 676 611 698 est
627 670 746 704 laudare,
761 676 789 699 ct

17 715 100 741 ratias
121 715 233 746 referre.
258 715 396 744 dicuntur.
409 715 459 742 Hie
484 721 572 743 tamen
586 717 729 751 Apostolus
747 717 788 744 dio

16 767 63 786 ens
78 759 146 794 (65).
157 760 317 793 Benedicite,
333 766 356 787 et
369 761 448 788 nolite
459 762 625 793 maledicere,
638 763 713 797 quasi
726 770 786 790 cum

16 814 180 833 revocamur
191 807 223 833 ab
233 807 360 839 inimicis,
371 807 413 834 vel
423 815 482 834 cum
496 808 657 842 instigamur
671 809 785 842 injuriis,

16 857 92 879 tonet
116 860 149 878 ne
170 860 218 887 pro
235 853 385 879 maledictis
400 852 539 879 maledicta
559 854 722 887 reddamus;
739 855 785 882 sud

846 267 894 294 pro
911 260 1029 293 peccatis
1041 259 1109 290 suis,
1122 259 1145 286 si
1160 259 1221 293 quis
1237 263 1296 293 post
1311 259 1439 287 delictum
1461 263 1631 289 convertitur

845 306 877 331 ad
895 305 1093 339 ptenitentiam,
1107 309 1134 331 et
1148 311 1268 332 errorem
1284 313 1360 332 suum
1372 306 1499 341 lacrymis
1512 307 1628 337 lavat.si

844 351 904 385 quis
920 351 1071 385 ingemiscit
1087 351 1169 378 etiam
1184 351 1209 378 in
1224 351 1381 379 habitaculo
1398 353 1449 380 isto
1473 354 1588 387 positus,
1602 361 1630 382 et

844 397 877 424 ad
890 397 1028 424 Christum
1055 396 1142 423 redire
1160 396 1315 428 desiderat.
1333 402 1360 425 et
1378 403 1502 426 sanctum
1519 399 1628 427 deside-

845 442 914 469 rium
927 442 1109 478 lacrymarum
1121 442 1277 477 profusiOne
1287 443 1391 470 solatur
1401 445 1468 479 ('70),
1482 445 1629 480 iungamus

843 496 904 515 cum
919 488 1018 515 talibus
1033 488 1167 524 lacrynias
1179 495 1299 520 nostras,
1308 494 1335 517 et
1347 491 1462 524 gemitus
1473 493 1627 524 sociemus;

843 542 904 560 nam
921 534 977 568 (71)
995 535 1103 561 tristitia
1118 543 1177 568 qua:
1187 536 1332 562 secundum
1353 536 1437 562 Deum
1451 541 1499 567 est,
1514 535 1626 563 salutem

841 579 962 607 stabilem
982 588 1029 614 per
1043 581 1222 614 ptenitentiam
1237 586 1362 616 operatur
1372 581 1407 608 ⁸⁸.

877 636 920 664 16.
939 636 1059 671 ldipxum
1070 637 1177 663 invicem
1192 638 1330 664 sentientes
1342 636 1375 664 ⁸⁸.
1394 636 1490 664 Sermo
1506 638 1555 666 iste
1573 647 1626 667 non

842 687 937 708 natura
954 682 1005 711 sui,
1018 682 1064 709 sed
1077 683 1301 716 interpretatione
1314 683 1457 710 obscurior
1473 684 1562 712 tactus
1573 690 1626 712 eat.

842 727 898 755 Iloc
912 733 956 755 est
967 728 1038 754 enim
1050 729 1120 762 quod
1131 728 1208 760 dicit,
1221 732 1251 755 ut
1267 728 1303 755 ita
1319 729 1352 755 de
1367 728 1451 755 l'ratre
1466 729 1628 762 sentiamus,

841 780 869 801 ut
886 773 919 800 de
937 774 1014 800 nobis
1030 775 1113 808 ipsis;
1127 779 1154 801 et
1170 775 1205 801 ita
1223 775 1336 803 velimus
1349 777 1492 810 proximo,
1517 776 1587 804 sicut
1601 782 1629 804 et

841 819 920 847 nobis
935 820 1077 846 volumus:
1095 824 1125 846 ut
1140 824 1166 846 et
1187 820 1315 847 Dominus
1332 821 1357 847 in
1382 821 1527 856 Evangelia
1542 822 1626 849 dicit:

841 866 906 897 Qum
925 866 1004 893 t‘ttllis
1022 871 1050 893 ut
1070 867 1171 900 faciant
1192 868 1261 893 vobis
1278 868 1407 901 homines,
1428 869 1517 895 cadent
1537 873 1562 896 et
1584 877 1628 895 vos

16 900 132 925 iciamus
145 899 214 932 quod
228 899 284 932 ipse
294 900 327 925 dc
335 901 483 933 semetipso
495 899 600 931 scribit,
611 900 656 927 ubi
672 900 784 927 dicit":
804 901 824 928 Β
838 910 917 944 fume
933 911 985 938 ειη,
1000 912 1033 939 no_

16 942 199 974 inledicimur,
215 949 238 969 et
253 943 428 970 benedicimua
443 943 510 979 (66).

36 989 78 1015 15.
97 988 219 1015 Gaudere
234 996 292 1015 cum
317 989 510 1023 gaudentibus,
530 990 593 1024 ﬂere
617 998 675 1017 cum
697 991 788 1025 [lenti-

17 1041 45 1060 ιιι
60 1033 95 1060 ⁵³.
116 1032 245 1060 Habenda
260 1037 300 1059 est
314 1033 397 1059 etiam
415 1033 441 1060 in
459 1034 509 1060 hoc
525 1039 682 1069 competens
693 1035 750 1070 (67)
762 1039 789 1062 et

16 1085 59 1113 pta
84 1078 236 1106 distinctio.
261 1077 319 1104 Non
351 1079 421 1105 enim
449 1079 654 1115 quibuscunque
684 1081 790 1115 gaudiis

16 1123 216 1150 Lhristianorum
233 1123 327 1158 gaudia
344 1124 474 1152 socianda
501 1131 564 1152 sunt
578 1145 585 1157 ,
602 1133 651 1153 nec
673 1126 789 1160 quibus-

17 1177 110 1204 unqne
129 1169 238 1196 ﬂetibus
263 1169 389 1205 lacryinte
412 1175 513 1197 nostrae
540 1170 684 1206 iungenda:
715 1176 786 1200 sunt.

16 1215 95 1249 leque
110 1216 180 1242 enim
197 1216 219 1243 si
233 1215 337 1243 videant
352 1216 471 1250 gaudere
486 1217 603 1251 aliquem
621 1225 701 1252 super
715 1226 786 1252 qu.e-

16 1264 42 1286 tu
58 1261 195 1295 pecunia},
210 1265 255 1288 aut
269 1261 629 1295 possessionumlatitudine,
641 1267 688 1289 aut
702 1271 788 1290 Siccu-

16 1305 65 1333 iris
83 1306 198 1333 honoris
212 1307 370 1339 eminentia,
382 1308 565 1342 congratulari
576 1309 661 1336 debeo
679 1309 787 1340 talibus,

19 1350 43 1376 ui
64 1350 151 1377 sciam
179 1351 249 1384 quod
271 1350 426 1385 hujusmodi
445 1352 540 1387 gaudia
566 1353 653 1380 luctus
674 1361 792 1388 sequan-

16 1403 45 1421 ur
57 1400 86 1422 et
101 1395 235 1430 lacrymaa.
252 1396 282 1423 In
297 1401 401 1424 tantum
416 1397 517 1424 etenim
534 1398 589 1433 (68)
605 1406 659 1425 non
673 1404 714 1427 est
727 1407 789 1434 gau-

16 1442 121 1469 kandum
142 1442 176 1469 de
195 1442 302 1475 talibus,
324 1447 355 1470 ut
373 1443 504 1471 Dominus
523 1445 661 1480 discipulis
679 1446 736 1473 suis
755 1453 792 1474 ne

16 1488 66 1514 nde
77 1487 188 1521 quidem
202 1487 317 1521 gaudere
327 1488 492 1514 concesserit
507 1489 576 1522 quod
593 1490 724 1516 dtemonia
739 1491 789 1517 silli

16 1532 132 1559 'idehant
152 1539 212 1559 esse
225 1532 355 1566 subjecta.
374 1533 419 1560 scd
436 1533 473 1559 ait
487 1533 546 1560 cis:
564 1532 655 1560 Nolite
677 1536 791 1569 gaudere

16 1578 64 1604 mia
79 1577 211 1604 (lanionia
235 1577 305 1604 vobie
318 1578 435 1612 subjecta
455 1583 537 1610 sunt;
556 1579 600 1605 sed
613 1581 735 1613 gaudete,
748 1581 790 1607 in-
805 1591 824 1617 ο

16 1623 72 1656 iuit,
89 1623 153 1658 quia
168 1624 275 1650 nomina
287 1630 372 1650 uestra
387 1624 483 1658 scripta
494 1631 552 1650 sunt
568 1624 595 1650 in
609 1625 675 1650 libro
688 1625 744 1652 uiue
757 1626 791 1653 ⁸³.

16 1669 36 1696 ει
54 1678 105 1697 nos
120 1678 185 1704 ergo
208 1670 230 1698 si
252 1671 392 1698 videamus
414 1670 448 1696 ab
466 1670 556 1704 aliquo
575 1670 630 1697 tale
643 1678 710 1704 opus
725 1672 792 1706 geri.

16 1716 75 1749 μιοᾶ
89 1717 116 1742 in
133 1715 202 1742 caelo
219 1716 301 1743 scribi
314 1716 424 1750 dignum
441 1715 493 1747 sit,
510 1715 566 1742 sive
586 1715 698 1749 iustitia:
713 1724 792 1750 opus.

16 1761 59 1786 ive
71 1761 226 1793 cbaritatis,
241 1761 296 1788 sive
314 1762 397 1795 pacis.
411 1761 468 1788 sive
491 1761 701 1793 misericordiae;
716 1767 742 1788 et
758 1763 793 1788 ita

16 1810 122 1837 :estutn.
140 1811 168 1831 ιιι
184 1806 208 1832 in
226 1806 294 1832 libro
310 1806 370 1832 vitae
388 1806 482 1833 referri
499 1813 645 1837 mereatur,
664 1807 793 1833 debemus

16 1852 124 1882 {audere
139 1859 199 1878 cum
219 1851 316 1878 talibus
330 1851 397 1887 (69).
411 1851 464 1879 Sed
480 1857 505 1879 cl
519 1852 541 1879 si
557 1860 637 1886 quem
654 1852 793 1879 videmnus

16 1899 36 1923 li)
54 1905 150 1924 errore
166 1905 335 1929 conversum,
347 1903 372 1924 ct
384 1898 483 1925 relictis
499 1898 657 1932 ignorantiae
675 1899 793 1926 tenebris

20 1944 35 1969 «ι
57 1943 147 1969 lucem
163 1943 286 1970 veritatis
305 1943 427 1975 venisse,
445 1948 469 1970 et
496 1944 679 1970 remissionem
697 1952 793 1978 pecea-

16 1996 106 2018 ormn.
121 1993 148 2015 et
164 1989 276 2023 gratiam
292 1989 377 2016 sancti
398 1989 513 2024 Spiritus
541 1990 673 2016 meruisse
686 2010 692 2021 ,
708 1989 790 2017 dobe-

16 2043 64 2062 nus
83 2036 204 2069 gaudere
221 2043 280 2061 cum
296 2035 402 2062 talibus.
416 2035 547 2062 Similiter
557 2039 646 2062 autem
661 2036 725 2070 [iere
733 2044 792 2062 cum

16 2082 138 2111 lenlibtu,
153 2088 205 2108 non
217 2088 276 2107 cum
287 2081 339 2108 illis
353 2082 398 2116 qui
415 2081 478 2108 ﬂent
494 2087 613 2108 mortuos
626 2089 688 2108 suos
702 2081 736 2113 ",
749 2081 791 2115 ju<

16 2134 112 2159 temur,
126 2130 172 2152 aut
183 2126 228 2160 qui
244 2125 307 2151 ﬂent
324 2126 420 2152 damna
436 2124 586 2157 smcularia,
601 2125 718 2152 scientes
728 2125 790 2159 quia

16 2173 84 2206 iujus
104 2171 196 2198 swculi
213 2172 321 2197 tristitia
344 2176 451 2197 mortem
467 2175 590 2204 operatur
603 2170 636 2196 “.
653 2169 708 2197 Non
728 2174 791 2197 sunt

16 2224 68 2251 rgo
93 2216 220 2250 lacryuue
235 2221 334 2243 nostrm
356 2215 498 2250 iungenda:
514 2222 574 2242 cum
591 2215 689 2241 talibus
709 2223 716 2247 ;
744 2215 789 2242 sml

874 967 917 994 17.
935 966 995 993 Non
1010 966 1064 993 alta
1080 969 1231 1000 sentientes,
1244 968 1290 995 sed
1306 969 1451 996 [inmitibus
1463 970 1628 997 consentien-

839 1016 875 1038 tes
889 1012 923 1038 ".
939 1011 1098 1047 Superbiam
1113 1021 1160 1046 per
1182 1015 1270 1040 omnia
1288 1014 1344 1049 (72)
1364 1015 1547 1050 rel'ugiendam
1573 1017 1624 1043 do-

838 1062 904 1089 cet;
923 1059 974 1084 hoc
989 1058 1061 1085 enim
1087 1059 1154 1086 dicit.
1175 1059 1229 1085 alta
1252 1061 1364 1086 sentire.
1385 1060 1465 1096 653
1482 1061 1514 1087 Et
1528 1062 1625 1089 merito

839 1103 962 1137 superbia
988 1103 1115 1137 fugienda
1136 1109 1188 1135 est,
1203 1111 1263 1130 cum
1284 1105 1423 1139 Scriptura
1458 1107 1541 1139 dicat,
1563 1108 1626 1142 quia

837 1149 941 1175 initium
955 1149 1105 1176 discedendi
1121 1159 1136 1176 a
1161 1150 1225 1179 Deo.
1242 1151 1363 1184 superbia
1387 1155 1425 1177 est
1442 1151 1473 1175 θ’.
1492 1152 1562 1178 Bene
1577 1160 1625 1178 auc

840 1199 892 1221 lem
907 1203 960 1221 uno
968 1203 1092 1223 sermone
1107 1196 1300 1224 institutionem
1316 1197 1474 1224 humilitatis
1486 1199 1625 1232 exposuit:

839 1241 990 1268 consentire
1008 1242 1079 1268 enim
1105 1242 1260 1273 humilibus.
1286 1248 1313 1270 et
1329 1250 1421 1270 amare
1445 1244 1569 1276 humiles,
1585 1249 1627 1270 at-

839 1292 891 1318 que
907 1284 1040 1313 inclinare
1060 1293 1090 1313 se
1107 1287 1140 1312 ad
1159 1294 1217 1317 eos.
1242 1287 1293 1313 hoc
1312 1292 1352 1313 est
1372 1295 1547 1315 consuescere
1563 1288 1626 1315 imi—

841 1331 890 1356 tari
917 1338 978 1357 eum
1008 1332 1053 1365 qui
1079 1339 1139 1358 cum
1167 1332 1192 1359 iu
1219 1331 1304 1358 forma
1335 1332 1382 1359 Dei
1405 1338 1487 1366 esset,
1512 1332 1625 1360 fortnam

840 1376 910 1403 servi
937 1377 1067 1411 suscepit,
1093 1382 1120 1403 et
1147 1377 1300 1404 humiliavit
1327 1385 1356 1405 se
1381 1385 1465 1413 usque
1491 1378 1525 1405 ad
1553 1386 1625 1406 inor-

841 1427 893 1449 tem
909 1423 943 1450 ".

877 1479 920 1507 18.
938 1479 1029 1507 Nolite
1039 1488 1095 1507 esse
1110 1481 1249 1515 prudentes
1263 1483 1333 1516 apud
1344 1482 1512 1516 vosmetipsos
1524 1483 1558 1509 ”.
1574 1481 1627 1516 Qui

841 1525 890 1552 sibi
910 1526 958 1560 ipsi
972 1527 1090 1560 prudens
1112 1534 1173 1554 esse
1194 1527 1307 1558 videtur,
1332 1527 1375 1554 hic
1392 1535 1452 1554 cum
1469 1528 1625 1562 arrogantia

841 1570 941 1597 stultus
952 1575 1011 1603 est;
1028 1577 1078 1598 nec
1094 1575 1181 1605 potest
1201 1579 1291 1597 veram
1304 1570 1462 1604 sapientiam
1482 1570 1526 1597 Dei
1546 1571 1626 1602 seire,

845 1617 891 1644 qut
905 1618 981 1637 suam
998 1609 1135 1637 stultitiam
1150 1611 1225 1645 quasi
1243 1611 1401 1645 sapientiam
1420 1611 1492 1638 colit.
1510 1610 1630 1644 Denique

844 1656 871 1684 in
894 1658 1078 1692 superioribus
1101 1658 1171 1684 hanc
1193 1657 1275 1684 fuisse
1300 1657 1494 1685 incredulitatis
1520 1664 1628 1683 causam

842 1701 953 1735 Judmis,
969 1703 1025 1737 ipse
1038 1703 1136 1729 Paulus
1150 1703 1266 1734 edocuit,
1279 1703 1371 1730 dicens
1381 1703 1414 1730 de
1424 1704 1472 1733 eis.
1485 1703 1546 1737 quia
1560 1703 1632 1737 igua.

845 1752 935 1775 rantes
958 1747 1004 1774 Dei
1020 1748 1171 1782 justitiam,
1192 1753 1216 1774 et
1239 1756 1312 1774 suam
1331 1747 1467 1782 justitiam
1485 1753 1629 1781 qua'rentes

844 1799 969 1825 statuere,
977 1795 1092 1829 justitiw
1108 1793 1154 1820 Dei
1165 1802 1215 1820 non
1227 1799 1286 1821 sunt
1301 1794 1409 1828 subjecti
1421 1794 1454 1820 ".
1471 1793 1515 1821 Sic
1526 1802 1589 1828 ergo
1602 1798 1631 1821 et.

844 1840 888 1873 qui
907 1841 976 1873 apud
993 1840 1166 1873 semetipsum
1187 1839 1294 1873 sapiens
1316 1843 1368 1870 est,
1387 1846 1440 1865 non
1461 1843 1548 1872 potest
1566 1845 1628 1865 esse

843 1885 951 1918 sapiens
964 1886 1034 1920 apud
1050 1885 1144 1911 Deum.

878 1943 922 1970 19.
941 1942 1017 1969 Nulli
1029 1943 1128 1969 naulum
1143 1951 1190 1977 pro
1206 1942 1275 1970 malo
1287 1942 1422 1969 reddente:
1436 1941 1469 1968 νε.
1486 1941 1514 1968 Si
1529 1941 1629 1968 malum

844 1988 944 2016 inferre
961 1997 1073 2024 peccare
1089 1994 1140 2023 est,
1161 1996 1188 2017 et
1200 1990 1311 2017 reddere
1327 1988 1426 2014 malum
1443 1995 1508 2018 non.
1525 1992 1554 2014 ut
1569 1988 1629 2022 qui-

843 2035 952 2062 busdam
969 2036 1083 2067 videtur.
1096 2035 1196 2070 justum
1209 2040 1260 2067 est,
1275 2034 1321 2061 sed
1330 2033 1417 2060 simile
1426 2039 1564 2068 precatum
1576 2037 1631 2066 est,

842 2084 897 2113 aut,
909 2085 938 2107 ut
947 2087 997 2115 ego
1010 2080 1213 2115 arbitror,etiam
1219 2080 1338 2114 gravius.
1348 2078 1414 2105 Nam
1423 2078 1467 2106 ille
1477 2077 1522 2112 qui
1531 2078 1630 2105 malum

841 2126 915 2160 prior
935 2114 1034 2158 intulit,
1051 2126 1119 2153 l'orle
1137 2126 1193 2160 (75)
1210 2132 1261 2152 non
1277 2114 1361 2151 sensit
1375 2124 1474 2151 malum
1484 2131 1543 2151 esse
1558 2124 1628 2157 quod

842 2171 914 2198 iecit.
924 2171 975 2205 Qui
984 2177 1073 2198 autem
1084 2171 1198 2199 reddidit
1207 2171 1316 2202 malum,
1328 2178 1360 2197 eo
1369 2170 1428 2204 ipso
1438 2177 1491 2204 quo
1501 2169 1535 2196 ad
1548 2169 1631 2195 ulcis-

841 2217 956 2244 cendum
966 2222 1005 2244 est
1018 2223 1116 2250 motus,
1131 2217 1273 2245 confessus
1280 2221 1320 2242 est
1330 2216 1448 2243 sensisse
1464 2215 1561 2242 malum
1571 2222 1631 2241 esse

16 2269 64 2287 :um
78 2261 134 2287 illis
145 2260 261 2287 ﬂendum
275 2265 316 2287 est
323 2262 356 2287 de
369 2260 466 2295 quibus
479 2259 546 2287 dicit
561 2260 706 2288 Dominus:
718 2261 793 2289 Beati
811 2260 832 2287 D
846 2264 917 2298 quod
931 2263 1056 2290 reddidit.
1078 2262 1112 2289 Et
1127 2263 1186 2290 ideo
1203 2261 1400 2297 respiciendum
1415 2268 1522 2296 semper
1539 2264 1581 2287 est
1597 2261 1630 2286 ad

37 2332 62 2348 ὀ
83 2329 156 2358 Gen.
172 2338 191 2362 ι,
206 2330 250 2357 22.
288 2330 309 2346 ’“
333 2329 397 2356 Dan.
414 2337 453 2359 ιιι,
466 2328 501 2356 57
514 2337 570 2364 seq.

16 2368 48 2394 ΕΞ.
84 2367 108 2383 ⁸⁸
125 2366 142 2392 ΙΙ
159 2366 221 2392 (lor.
237 2373 284 2398 VII,
299 2365 341 2392 10.
376 2364 501 2392 "Matth.
521 2373 551 2397 v,
567 2365 593 2392 5.

16 2411 54 2434 ιιι,
70 2402 115 2429 16.
155 2401 178 2417 "
192 2401 273 2428 Eccli.
295 2401 378 2432 x,11.
426 2400 449 2416 ’³
465 2399 560 2433 Philip.
576 2409 606 2432 tt,
620 2400 646 2428 6.

39 2461 100 2496 (63)
131 2459 218 2492 Editi,
235 2468 293 2495 qua:
320 2460 435 2491 crearit.
460 2459 605 2493 invenitur,
621 2460 683 2487 item
708 2460 796 2487 Itami-

16 2505 62 2526 tes,
77 2501 134 2523 etc.

41 2531 100 2563 (64)
118 2530 167 2558 Ms.
184 2537 253 2557 unus
265 2535 291 2557 et
305 2529 444 2562 Rabanus,
459 2528 533 2556 aliud
548 2530 676 2556 muneris.

41 2566 100 2601 (65)
119 2565 223 2592 Diceris.
237 2566 318 2601 (Deest
335 2565 361 2601 in
377 2569 456 2590 antea
474 2565 563 2596 editis,
580 2567 645 2591 etin
658 2564 794 2600 plerisque

16 2600 73 2628 uss.
95 2601 224 2627 llabanus
237 2600 319 2626 habet
336 2600 372 2626 ait
389 2607 437 2632 pro
450 2601 548 2626 dicens.

42 2636 101 2671 (66)
116 2635 198 2671 Edili,
213 2636 258 2661 sed
270 2634 453 2662 benedicimur.

43 2671 101 2706 ’67)
115 2670 198 2706 ξιιίιί,
210 2672 289 2697 etiam
303 2670 348 2706 hic
358 2675 513 2706 competens,
528 2675 582 2696 etc.

42 2703 102 2741 (68)
118 2704 234 2741 Etenim.
250 2706 328 2732 Deest
343 2705 369 2731 in
389 2705 463 2741 libris
479 2709 557 2741 antea
573 2703 663 2741 editis.

43 2739 102 2778 (69)
116 2740 168 2767 Ms.
183 2739 283 2773 Regius
301 2747 375 2766 nunt.
391 2739 473 2773 1659,
493 2740 537 2766 hic
556 2744 582 2765 et
599 2739 685 2772 infra,
705 2739 738 2766 de
754 2744 796 2766 la-

17 2777 90 2803 ibit:-

42 2812 104 2847 (70)
117 2809 246 2847 Sicreele
261 2817 311 2837 ms.
329 2809 429 2842 Regius
444 2816 517 2847 num.
536 2807 613 2847 1659.
623 2808 719 2847 tlzeteri
733 2816 798 2836 vero

18 2844 77 2874 uss.
94 2844 121 2873 et
135 2846 199 2873 editi
211 2865 218 2878 ,
232 2851 254 2872 et
269 2849 411 2872 secundum
433 2844 591 2870 desiderium
618 2844 798 2878 lacrymarum

16 2881 286 2918 irol’uriouelaoatur.
298 2880 465 2912 llabanus,et
475 2884 593 2906 διιηεινηι
602 2877 797 2907 desiderium...

622 2330 644 2346 ⁶¹
660 2330 742 2359 ICor.
762 2340 798 2364 iv,
819 2331 858 2358 l2.

632 2366 654 2381 ⁸⁸
671 2365 689 2392 ll
713 2367 774 2394 Cor.
791 2375 847 2399 vn,
872 2367 914 2394 10.
952 2367 974 2382 "
989 2367 1117 2398 llomJn,
1137 2365 1178 2394 16-

697 2401 720 2417 ⁸⁵
736 2402 814 2429 Itoni.
832 2403 928 2434 xtt,16.

1177 2331 1200 2347 "
1218 2331 1284 2358 an.
1301 2339 1327 2361 tt,
1339 2330 1385 2357 ‘10.

1219 2367 1241 2382 9°
1256 2366 1349 2392 Matth.
1368 2373 1415 2396 vit,
1430 2364 1474 2390 12.

1239 2402 1261 2418 ³⁸
1276 2401 1353 2428 Rom.
1378 2408 1425 2432 xit,
1448 2399 1489 2426 1't'.

1423 2329 1444 2345 "
1461 2328 1554 2355 Matth.
1571 2336 1630 2360 vui,

1430 2364 1474 2390 12.
1512 2364 1532 2380 ⁹¹
1553 2364 1630 2390 liotn.

1576 2373 1630 2391 ΟΙΙΙ-

904 2332 927 2348 ⁸³
942 2331 1019 2358 Rom.
1035 2331 1140 2363 Xlt.15.

978 2402 1000 2418 "
1013 2401 1091 2429 Rom.
1114 2409 1142 2436 ι,
1158 2402 1186 2429 5.

849 2461 931 2489 lavat.

883 2497 940 2532 ('11)
958 2495 1038 2534 Nam.
1054 2496 1181 2534 Deest_in_
1196 2495 1313 2534 editis_et
1338 2494 1365 2534 in
1390 2492 1526 2533 plerisque
1552 2499 1631 2534 piis?

849 2527 894 2557 sed
916 2527 1114 2558 restituitur‘e:
1132 2531 1253 2558 Rabauo.
1272 2529 1323 2556 Ms.
1341 2528 1442 2563 Regius
1459 2535 1533 2555 num.
1551 2527 1630 2558 1659,

849 2567 939 2605 habet,
958 2565 1058 2605 Tristia
1075 2567 1143 2593 enim
1162 2574 1210 2601 pro
1224 2564 1470 2605 N£m_trietitin‘.v_'

884 2601 939 2636 (72)
957 2601 1002 2627 Sic
1017 2609 1112 2628 omnes
1130 2596 1195 2628 mss.
1211 2606 1237 2637 et
1251 2599 1388 2637 Rabanus.
1403 2596 1470 2637 Editi
1485 2603 1557 2637 vero,
1576 2596 1631 2637 Suf

846 2631 962 2667 peritiam
979 2643 1058 2666 super
1078 2637 1206 2663 omnia...
1223 2636 1271 2661 Itot:
1289 2635 1358 2661 enim
1380 2631 1567 2665 beneplacitum
1593 2636 1630 2657 ett

847 2670 962 2708 Deant
978 2671 1071 2708 merito
1084 2671 1205 2708 superbia
1226 2670 1351 2708 fugienda
1367 2674 1403 2695 est
1413 2688 1420 2699 ,
1435 2674 1493 2708 eum
1506 2667 1631 2708 scriptum

848 2706 892 2734 sit.
908 2705 976 2741 Quia
987 2705 1089 2741 initium
1101 2699 1279 2741 discedendi}
1293 2705 1348 2741 rDeo
1360 2702 1480 2741 s_uperbiu
1494 2707 1531 2728 est
1557 2699 1632 2741 unde

849 2739 988 2771 Apostolus
1004 2740 1030 2765 iu
1050 2747 1101 2765 uno
1123 2739 1273 2774 (Rabanus.
1290 2740 1316 2765 in
1333 2739 1430 2772 primo)
1447 2744 1565 2764 sermone
1591 2739 1633 2762 itt-

850 2774 1012 2801 stitutiouem
1027 2774 1183 2800 humilitatis
1196 2774 1370 2800 commendat.

885 2814 940 2844 (7'5)
962 2811 1051 2839 Forte.
1073 2811 1155 2837 Deest
1178 2810 1204 2835 in
1225 2809 1304 2844 editis
1319 2813 1347 2844 et
1369 2809 1394 2835 in
1410 2808 1545 2842 plerisque
1568 2813 1632 2833 mss.

851 2843 957 2879 necnon
977 2853 1005 2875 et
1023 2846 1093 2881 apud
1113 2845 1252 2881 [lulianum
1284 2843 1337 2870 Sed
1356 2843 1507 2870 restituitur
1528 2851 1560 2869 ex
1581 2848 1635 2868 uno

853 2894 902 2914 ms.
921 2884 1005 2920 Regio
1024 2879 1099 2910 nom.
1119 2879 1196 2907 1010.
