1852 3053
226 139 298 167 1223

958 136 1117 165 ORIGENIS

1777 133 1820 162 liii

224 205 286 225 eum
302 197 345 232 qui
365 195 453 223 divit:
470 194 535 222 Mihi
551 195 705 228 uindictam,
721 203 766 230 ego
782 195 934 229 retribuam,
945 197 1008 223 dicit
1023 199 1047 227 Λ
1063 193 1218 225 retribuam,
1229 192 1294 220 dicit
1313 191 1442 220 Dominus
1458 193 1480 220 ³.
1499 193 1530 221 lli
1545 194 1591 227 qui
1608 193 1718 228 seipsos
1728 201 1773 222 non
1785 197 1822 222 ιιι-
1840 191 1841 207 ‘

225 242 354 268 Dominus
374 241 407 266 ’⁷.

258 286 303 315 20.
316 285 489 312 Providentes
503 285 570 311 bona
584 291 672 311 coram
683 284 802 311 omnibus
816 283 964 311 hominibus
975 285 1009 313 θ’.

223 333 321 360 Coram
340 331 467 359 omnibus
489 330 644 357 hominibus
672 329 796 364 providet
812 330 873 364 quis
890 331 971 362 bona.
986 331 1010 359 si

223 385 276 404 non
307 377 414 412 placeat
442 376 611 411 singulorum
640 376 683 403 vel
704 376 787 408 vitiis,
809 376 851 403 vel
879 377 1010 403 moribus.

221 423 348 457 Alioquin
377 421 514 449 contraria
545 422 598 448 erit
623 421 678 456 (74)
704 421 746 448 illa
772 421 894 456 Apostoli
925 421 1010 456 ipsius

188 499 189 503 η
221 468 355 497 sententia
376 475 436 502 quae
455 467 540 496 dicit:
556 466 612 502 Ego
626 468 649 494 si
663 467 813 495 hominibus
835 467 939 501 placere
958 468 1011 495 vel-

221 515 282 547 lem,
299 514 399 542 Christi
409 522 499 542 servus
523 522 575 542 non
590 522 672 541 suam
686 514 720 542 ".
738 513 792 541 Sed
806 514 850 548 qui
868 515 929 541 vita:
942 522 1009 547 suae,

222 566 249 588 ct
267 569 384 593 morum,
401 567 481 597 atque
497 565 603 589 actuunt
620 565 693 589 tenet
708 561 817 594 libram,
837 568 866 589 ut
879 570 931 590 non
947 571 1010 597 pos-

220 607 256 634 sit
275 608 308 634 ab
329 607 384 634 ullo
401 607 540 635 hominum
560 606 733 640 reprehendi,
754 607 805 635 iste
826 609 895 635 bona
917 615 1009 635 coram

219 653 345 681 omnibus
359 653 515 682 hominibus
534 652 668 687 providet.
685 652 738 680 Sed
762 658 790 680 et
811 653 863 680 hoc
880 654 1010 681 adverta-

222 706 292 731 mus,
313 698 448 732 quomodo
476 706 529 726 non
555 698 623 726 dixit
646 699 799 733 Apostolus,
827 705 856 726 ut
883 700 1010 727 omnibus

223 745 379 778 placeamus
396 743 464 780 (75),
479 744 538 777 sed,
556 748 585 770 ut
602 745 792 780 provideamus
817 745 887 772 bona
913 753 1006 772 coram

219 790 345 818 omnibus
361 789 523 822 hominibus,
544 790 596 817 hoc
614 794 656 817 est
675 795 703 817 ut
727 798 838 825 agamus
874 798 923 818 nos
940 792 1008 818 bona

219 843 311 863 coram
331 836 456 863 omnibus
477 835 632 864 hominibus
658 836 715 864 sive
735 837 787 864 illis
801 836 924 871 placeant
947 845 1008 872 qua:

221 882 289 909 bona
308 887 381 916 sunt,
393 882 452 909 sive
471 890 524 910 non
541 883 676 917 placeant.

251 927 295 952 21.
310 925 339 952 Si
352 926 476 960 possibile
486 932 537 960 est,
548 928 616 962 quod
627 935 659 955 ea:
672 929 741 956 vobis
752 934 800 959 est.
811 937 869 956 cum
881 930 1000 957 omnibus

216 971 364 999 hominibus
378 980 467 1006 pacem
480 973 601 1000 habentes
613 973 631 999 ί.
646 973 740 1001 Sciens
752 975 894 1009 Apostolus
907 983 1000 1010 pacem

215 1016 287 1043 inter
307 1025 374 1052 quos
395 1025 447 1053 pax
464 1019 588 1052 habetur,
610 1027 664 1047 non
687 1028 719 1047 ex
737 1029 790 1048 una
810 1026 894 1056 parte,
908 1022 955 1049 sed
968 1030 1001 1050 ex

214 1066 329 1097 utraque
350 1068 489 1095 constare,
510 1072 544 1092 ne
561 1073 611 1092 nos
631 1066 740 1094 alterius
759 1067 876 1100 animus,
893 1067 914 1096 si
932 1068 1000 1096 forte

214 1107 363 1142 impacatus
378 1110 508 1141 evenerit,
519 1119 533 1137 a
545 1111 616 1138 bono
626 1112 699 1146 pacis
711 1112 841 1148 impedire
852 1114 998 1147 videretur,

214 1154 458 1183 moderatissimum
481 1156 555 1183 dedit
570 1162 735 1192 praeceptum
750 1167 756 1185 :
771 1164 802 1186 ut
820 1159 927 1187 interim
944 1160 999 1194 {76)

218 1205 311 1226 noster
335 1200 443 1227 animus
461 1207 569 1234 semper
592 1201 627 1228 sit
654 1207 766 1235 paratus
791 1201 825 1228 ad
853 1209 958 1236 pact-tn,
979 1205 1007 1229 et

217 1245 358 1272 discordia:
372 1245 449 1280 culpa
465 1253 518 1273 non
535 1253 619 1280 penes
635 1254 693 1277 nos,
715 1247 761 1273 sed
785 1254 869 1280 penes
891 1247 1005 1274 alterum

217 1296 329 1318 constet.
348 1291 401 1318 Sed
422 1292 539 1319 lortasse
560 1291 633 1318 dicat
652 1291 771 1327 aliquis:
787 1292 931 1325 Quomodo
955 1300 1005 1327 po-

217 1339 270 1362 test
284 1335 340 1362 lieri
355 1340 383 1362 ut
401 1343 494 1370 pacem
508 1343 568 1363 cum
584 1336 711 1363 omnibus
734 1336 889 1364 hominibus
904 1337 1006 1364 habea-

217 1381 296 1408 mus?
314 1380 347 1408 Et
366 1381 430 1416 quid
453 1381 583 1409 faciemus
608 1382 640 1409 de
668 1381 810 1416 Scriptura
830 1390 891 1416 quae
913 1382 1004 1411 dicit:

220 1425 319 1452 Furem
342 1426 460 1458 videbas,
483 1432 506 1453 et
531 1427 706 1454 concurrebas
732 1435 792 1454 cum
813 1428 870 1459 illo,
897 1433 922 1455 et
944 1437 1005 1456 cum

215 1471 345 1498 adulteris
359 1472 504 1505 portionem
520 1478 592 1498 tuam
611 1472 723 1506 ponebas
736 1473 766 1499 ’ἲ
780 1472 841 1500 Ideo
859 1481 922 1508 ergo
938 1474 1006 1501 bene

217 1516 361 1551 Apostolus
387 1516 606 1548 addidit:Quod
635 1524 667 1543 ea:
690 1517 762 1543 vobis
788 1522 844 1549 est;
871 1518 924 1544 hoc
950 1523 1004 1552 est,

215 1561 288 1596 quod
306 1562 444 1596 proposito
471 1566 562 1588 vestro
591 1567 618 1588 et
646 1561 705 1588 lidei
734 1567 832 1589 vestrae
863 1563 1001 1591 convenit.

216 1607 283 1635 Cum
299 1608 378 1634 malis
390 1608 462 1634 enim
478 1607 578 1634 habere
598 1615 692 1642 pacem
708 1612 735 1634 et
749 1608 920 1641 societatcnt,
939 1609 1002 1636 lidei

217 1659 315 1680 nostra:
335 1653 391 1689 (77)
418 1654 611 1689 propositoque
636 1661 690 1681 non
717 1654 857 1686 convenit,
878 1655 1004 1689 quamvis

215 1698 307 1725 utalia
327 1698 353 1725 in
372 1697 430 1726 loco
458 1699 543 1734 possit
568 1699 661 1726 haberi
683 1698 833 1726 distinctio.
864 1699 944 1727 Aliud
961 1705 1004 1727 est

214 1745 288 1771 enim
311 1744 434 1772 homines
454 1752 557 1776 amare.
579 1745 650 1772 aliud
668 1746 785 1772 crimina
811 1746 932 1781 diligere.
951 1746 1002 1779 Qui

216 1791 337 1818 homines
359 1796 442 1823 amat,
463 1795 536 1818 autat
559 1796 710 1817 creaturam
735 1791 781 1817 Dei
799 1797 806 1817 :
824 1790 870 1825 qui
889 1791 1002 1818 crimina

214 1836 312 1871 diligit,
325 1837 422 1864 diaboli
433 1841 555 1864 sectatur
566 1837 673 1864 inventa
683 1837 749 1871 (78).
760 1836 809 1870 Qui
820 1843 883 1870 ergo
891 1837 1002 1871 perfecti

213 1889 287 1914 sunt;
317 1883 388 1917 ipsos
416 1883 441 1910 iu
470 1884 568 1918 quibus
593 1884 709 1910 oderunt
734 1884 848 1911 crimina
879 1884 1001 1912 homines

213 1934 305 1956 amant
319 1938 326 1956 :
339 1935 366 1955 et
386 1929 448 1956 odio
464 1929 595 1956 habentes
609 1929 636 1955 in
655 1929 695 1955 eis
709 1928 772 1955 illud
788 1929 859 1963 quod
877 1935 999 1964 peccant,

214 1973 277 2000 illud
295 1974 366 2008 quod
383 1974 452 2000 Deus
461 1974 564 2000 creavit
577 1981 670 2001 amare
688 1981 740 2000 non
755 1974 893 2001 desinunt.

247 2019 293 2046 εξ.
310 2018 371 2046 Νοιι
392 2027 435 2046 vos
454 2019 629 2052 vindicantes,
642 2019 801 2050 charissimi,
815 2019 860 2046 sed
885 2020 944 2046 dats
959 2019 999 2046 lo-

213 2074 272 2091 cum
288 2065 345 2092 ινιτ.
365 2065 498 2099 Scriptum
521 2071 558 2092 est
579 2066 646 2093 enim
662 2074 671 2092 :
687 2065 754 2092 Milli
776 2066 929 2097 vindictam,
954 2073 1001 2101 ego

611 2136 632 2152 "
653 2136 732 2163 Rom.
755 2144 803 2166 xtl,
820 2136 864 2163 l7.

656 2172 666 2187 ⁸
684 2171 762 2198 Rom.
778 2179 827 2203 xtt,
844 2171 890 2198 20.

265 2135 288 2151 ⁰⁷
313 2135 389 2162 Deut.
407 2144 493 2167 χχιιι,
516 2135 560 2163 55.

213 2178 262 2203 xu,
283 2170 325 2198 l9.
364 2171 373 2186 ⁸
395 2170 473 2198 Rom.
489 2178 521 2202 ιι,
538 2171 565 2203 5,
582 2170 607 2198 6.

913 2136 936 2152 ν’
952 2135 1041 2164 Galat.
1057 2143 1077 2168 ι,
1089 2134 1132 2161 10.

942 2172 952 2187 ⁸
968 2171 1064 2198 Matth.
1080 2170 1163 2202 v,42;
1180 2169 1245 2197 Luc.
1259 2177 1297 2202 vt,
1312 2169 1347 2196 27
1361 2177 1418 2204 seq.

1062 239 1166 271 dicant,
1181 239 1316 273 qttomodo
1337 239 1384 266 ira:
1401 239 1496 272 locum
1520 240 1596 272 dettl,
1617 241 1762 275 dupliciter
1779 243 1821 268 mihi

1061 285 1169 312 videtur
1181 284 1305 320 intelligi.
1321 285 1388 312 Nam
1402 285 1494 313 ethoc
1511 287 1570 320 ipso
1585 287 1661 321 quod
1682 288 1752 315 verbi
1764 295 1821 320 tam:

1062 338 1170 358 manum
1200 331 1293 358 manui
1325 338 1378 358 nou
1407 330 1530 359 referunt
1556 331 1628 367 (79),
1661 336 1709 359 aut
1731 334 1822 360 convicia

1062 375 1215 402 convicium
1239 383 1292 403 non
1313 376 1440 408 reddunt,
1463 377 1509 404 irze
1536 377 1609 405 illius
1634 378 1684 412 qui
1704 377 1821 412 lecitinir-

1063 421 1129 448 riam
1141 422 1350 456 pertranseundi
1362 427 1390 449 et
1404 423 1586 450 evanescendi
1601 424 1695 452 locum
1710 424 1821 451 dederunt.

1061 466 1145 493 Nemo
1163 467 1237 493 enim
1252 467 1288 494 ita
1307 467 1417 495 rabidus
1429 468 1595 501 invenietur,
1614 470 1677 504 qui,
1696 469 1763 497 illata
1777 471 1822 505 inju-

1061 512 1112 544 ria,
1139 512 1161 539 si
1187 512 1274 539 vicem
1303 520 1359 540 non
1385 514 1510 548 recipiat,
1537 514 1639 543 iterum
1666 516 1770 549 sariat;
1790 518 1822 544 sed

1060 558 1138 592 quasi
1155 557 1239 586 elluso
1253 567 1284 586 ac
1302 559 1410 594 digesto
1424 560 1528 594 lurore,
1546 562 1710 589 necessario
1720 562 1822 589 mitescit.

1061 603 1108 631 Est
1124 611 1187 638 ergo
1199 609 1226 631 et
1240 605 1341 639 gratule
1362 605 1467 633 lucrtun
1487 606 1533 634 ubi
1552 611 1580 634 et
1602 607 1743 641 peccantis
1759 608 1824 634 mulu-

1061 648 1126 676 tudo
1148 649 1333 682 compescitur
1358 655 1551 684 peccatorum,
1576 657 1604 678 et
1633 652 1759 687 injuriam
1775 660 1824 686 pars

1060 693 1190 727 patientia
1208 693 1264 728 (80)
1281 694 1430 728 probabilis
1445 695 1475 722 [it
1493 696 1565 729 apud
1581 696 1682 724 Deum.
1696 696 1742 724 Est
1754 702 1824 723 auten

1059 744 1085 766 et
1100 740 1150 766 hoc
1164 740 1242 766 modo
1257 739 1303 767 ine
1318 740 1406 767 locum
1422 741 1499 773 dare,
1517 743 1629 776 quando
1652 750 1704 777 pro
1729 743 1768 770 his
1782 751 1824 777 qua

1058 785 1213 812 inferuntur
1235 785 1343 819 injuriis
1366 787 1412 821 qui
1438 792 1572 821 peccant,
1592 789 1744 816 secundum
1762 789 1826 822 ipsius

1058 831 1133 859 Pauli
1156 833 1338 865 sententiam,
1361 831 1429 860 iram
1453 833 1506 861 sibi
1535 835 1729 862 thesaurizant
1752 836 1776 862 in
1797 837 1826 862 die

1060 878 1117 910 irae,
1144 883 1208 906 tunc
1227 886 1288 906 cum
1312 878 1404 905 reddet
1431 878 1503 907 Deus
1527 880 1679 914 unicuique
1705 882 1824 909 secundum

1059 931 1139 958 opera
1153 932 1202 951 sua
1217 923 1241 951 ‘.
1266 923 1295 950 Si
1315 931 1379 958 ergo
1394 923 1575 959 nosmetipsos
1595 925 1773 959 vindicamus,
1790 935 1826 952 non

1058 973 1100 996 est
1113 977 1240 1004 maguum
1254 970 1326 1003 quod
1346 977 1395 1002 pro
1419 970 1519 1004 injuria
1543 976 1674 1006 suscepta
1703 972 1824 1001 reddimus.

1058 1014 1134 1041 verbi
1159 1022 1253 1046 causa,
1280 1019 1326 1042 aut
1353 1015 1470 1048 palmam
1503 1024 1555 1049 pro
1578 1017 1683 1051 palma,
1706 1017 1827 1052 655m

1059 1066 1157 1086 saxum
1178 1066 1226 1094 pro
1241 1067 1318 1092 saxo,
1330 1064 1376 1086 aut
1389 1067 1439 1094 pro
1456 1061 1619 1089 contumelia
1644 1064 1777 1090 sermonis
1786 1063 1825 1096 (illi

1059 1104 1195 1132 sermonis
1206 1104 1382 1133 nihilominus
1392 1106 1597 1134 contumeliam.
1610 1107 1638 1134 Si
1651 1115 1720 1135 vero
1730 1115 1827 1135 resem-

1059 1157 1119 1178 mus
1133 1158 1164 1178 ea
1177 1150 1302 1178 vindictae
1316 1150 1373 1182 Dei,
1389 1151 1415 1178 iu
1427 1159 1460 1179 eo
1475 1151 1530 1188 (82)
1546 1153 1592 1187 qui
1607 1153 1680 1181 laesit
1697 1161 1745 1181 nos
1757 1153 1823 1180 locum

1058 1197 1155 1224 damus
1176 1196 1234 1228 irae,
1251 1196 1288 1223 illi
1303 1195 1363 1223 sine
1374 1196 1456 1224 dubio
1468 1205 1551 1232 quam
1562 1198 1614 1225 sibi
1627 1198 1689 1232 ipse
1701 1199 1756 1226 suis
1770 1199 1825 1225 malis

1057 1242 1164 1270 actibus
1177 1242 1357 1273 thesaurizat,
1370 1249 1430 1277 qua:
1443 1242 1479 1270 de
1491 1251 1525 1270 eo
1538 1243 1566 1271 in
1584 1243 1693 1278 iudicio
1709 1244 1753 1272 Dei
1767 1245 1826 1270 multa

1058 1289 1197 1322 graviores
1232 1296 1313 1324 quain
1347 1295 1396 1316 nos
1428 1289 1533 1319 inferre
1564 1298 1734 1326 possumus,
1761 1293 1827 1325 exigat

1057 1340 1164 1368 ptenas.

1091 1379 1138 1407 25.
1159 1380 1212 1407 διά
1227 1381 1250 1407 si
1266 1381 1387 1408 erurierit
1401 1381 1524 1408 inimicus
1543 1385 1616 1413 tum,
1639 1382 1702 1408 ciba
1719 1381 1800 1413 illan;
1812 1390 1826 1408 rt

1056 1424 1161 1456 sitierit,
1180 1430 1272 1459 potum
1289 1425 1324 1452 da
1345 1425 1385 1452 illi
1406 1432 1416 1452 :
1435 1425 1485 1452 hoc
1504 1425 1574 1452 enim
1597 1425 1705 1458 faciens
1727 1427 1826 1452 carbasa

1056 1470 1124 1505 ignis
1144 1479 1265 1505 congere;
1295 1479 1373 1505 super
1396 1476 1475 1505 caput
1498 1471 1578 1505 ejus'
1594 1471 1825 1506 (83).“;ecquidetu

1057 1522 1085 1544 et
1100 1517 1230 1544 Dominus
1244 1517 1270 1545 in
1283 1517 1438 1552 Evangeliis
1453 1517 1577 1551 praecipit
1597 1518 1619 1544 ⁸.
1635 1519 1670 1544 Et.
1684 1518 1797 1553 quamvis
1806 1517 1823 1542 la

1058 1563 1200 1597 propatulo
1215 1563 1252 1590 sit
1265 1563 1418 1590 intellectus
1434 1564 1497 1594 iste,
1511 1571 1565 1598 quo
1575 1564 1731 1590 secundum
1747 1571 1775 1590 ea
1785 1569 1824 1596 qn
1840 1583 1841 1586 η

1056 1615 1139 1642 supra
1156 1608 1286 1641 diximus,
1304 1609 1330 1635 in
1345 1613 1477 1643 quantutn
1499 1609 1620 1636 inimicis
1640 1614 1669 1636 et
1691 1609 1825 1636 laedentiles
1840 1627 1841 1635 η

1055 1662 1109 1681 ιιοιι
1125 1654 1211 1682 solum
1232 1655 1317 1681 vicem
1333 1662 1385 1682 non
1410 1655 1560 1688 reddimus,
1580 1655 1628 1682 sed
1645 1662 1674 1682 et
1691 1656 1758 1682 bona
1777 1662 1824 1689 pre
1840 1671 1841 1686 χ

1057 1706 1171 1733 stamus,
1202 1700 1229 1726 in
1258 1703 1361 1726 tantum
1392 1706 1489 1734 ptenas
1511 1708 1607 1727 eorum
1632 1700 1660 1727 in
1684 1701 1731 1728 Dei
1747 1699 1841 1733 judice,

1056 1746 1226 1773 cumulamus
1240 1746 1291 1781 (est
1309 1746 1382 1773 enim
1403 1754 1466 1773 vere
1487 1746 1560 1780 justa
1587 1746 1732 1773 damnatio
1759 1747 1778 1773 si
1792 1754 1823 1771 π-
1840 1764 1841 1767 η

1057 1797 1174 1827 guantur
1185 1797 1250 1819 ante
1263 1792 1346 1818 Deutn
1359 1791 1402 1818 bis
1414 1792 1538 1818 intulisse
1554 1791 1623 1818 mala
1645 1800 1660 1818 a
1672 1794 1771 1827 quibus
1781 1801 1825 1826 pe:-
1840 1816 1841 1821 η

1055 1838 1177 1872 ceperint
1198 1837 1291 1872 bona),
1314 1841 1405 1864 tamen
1425 1837 1565 1864 videamus
1591 1844 1625 1864 ne
1653 1837 1727 1866 forte
1741 1836 1841 1871 dignius,

1054 1883 1155 1918 aliquid
1174 1884 1291 1910 mandati
1316 1884 1395 1918 hujus
1421 1883 1558 1910 contineat
1587 1884 1757 1911 intellectus.
1776 1884 1827 1910 Diti

1053 1929 1126 1956 enim
1156 1935 1184 1956 et
1210 1929 1343 1957 Jeremias
1372 1930 1502 1964 propheta
1525 1929 1583 1965 (84)
1605 1929 1641 1957 ad
1663 1930 1841 1964 peccatricem,

1054 1974 1137 2002 [illam
1151 1974 1298 2010 Babylonis
1311 1984 1319 2002 :
1338 1974 1427 2002 [labes
1441 1975 1568 2002 carbones
1594 1975 1673 2010 ignis,
1695 1976 1756 2002 sede
1768 1980 1825 2006 me:
1840 1990 1841 2007 η

1052 2028 1108 2051 eos,
1121 2020 1147 2046 Iti
1161 2025 1237 2047 erunt
1252 2021 1298 2047 tibi
1316 2021 1343 2048 in
1362 2021 1525 2056 adjutoriltm
1537 2021 1559 2047 ⁷.
1575 2020 1717 2048 Fortassis
1738 2029 1795 2055 ergo
1807 2026 1825 2044 Pl
1840 2038 1841 2049 ι

1053 2066 1098 2093 hic
1113 2067 1157 2094 isti
1177 2067 1312 2094 carbones
1330 2067 1399 2102 ignis
1414 2067 1458 2101 qui
1477 2071 1679 2101 congregantur
1700 2073 1778 2101 super
1791 2073 1824 2091 ω-
1840 2083 1841 2095 ι

1187 2134 1277 2162 ‘Rom.
1293 2142 1341 2162 In.
1361 2134 1404 2162 18.
1442 2135 1452 2150 ²
1468 2134 1538 2161 Psal.
1560 2142 1634 2168 xux,
1652 2135 1696 2162 18.
1735 2135 1746 2151 ³
1764 2135 1823 2161 Rom.
1840 2128 1841 2145 ‘

1456 2170 1466 2185 ⁷
1480 2170 1532 2197 lsa.
1547 2177 1633 2202 sun,
1646 2171 1690 2198 11.
1840 2175 1841 2190 l

223 2256 236 2267 ,_
250 2230 306 2267 (74)
330 2231 376 2258 Sic
400 2238 496 2258 omnes
519 2238 585 2258 mss.
604 2235 631 2258 et
656 2230 796 2267 Rabanus.
823 2230 893 2257 Editi
923 2238 999 2267 vero,
1016 2231 1139 2267 Dipsum
1159 2230 1229 2264 quod
1251 2229 1354 2256 oderint
1372 2229 1494 2262 crimina,
1512 2235 1565 2258 etc.
1587 2229 1640 2257 Sed
1658 2231 1760 2258 rectius
1776 2236 1823 2255 nsss.
1840 2226 1841 2231 “

218 2265 386 2293 Providentes
397 2266 475 2297 bona,
490 2274 541 2292 non
551 2271 654 2292 tantum
668 2273 756 2292 coram
780 2265 843 2297 Deo,
858 2267 903 2292 sed
917 2266 998 2292 etiam

215 2309 303 2328 coram
319 2302 439 2328 omnibus
456 2301 616 2327 hominibus.
640 2300 735 2328 Coram
760 2300 920 2333 hominibus,
939 2309 1001 2327 con-

214 2336 298 2362 traria
320 2337 381 2368 erit,
402 2343 467 2368 etc.,
489 2335 596 2362 otnissis
616 2335 793 2366 interutediis,
816 2335 934 2362 omnibus
953 2337 1000 2362 Ito-

215 2372 326 2397 minibu.‘
345 2372 462 2403 providet
481 2372 538 2406 quis
552 2371 630 2403 bona,
644 2371 667 2398 si
686 2379 737 2397 non
758 2370 859 2404 placeat
884 2370 1000 2405 singulo-

214 2412 271 2441 rnm
285 2406 325 2432 vel
338 2406 415 2436 uitiis,
431 2406 470 2433 vel
485 2405 611 2433 moribus.
628 2406 763 2441 Alioquin,
779 2410 845 2437 etc.,
861 2412 924 2432 mss.
943 2405 1000 2441 ple:

215 2440 291 2473 rique
301 2462 307 2470 ,
321 2449 372 2467 non
389 2446 416 2467 nt
428 2441 529 2474 placeat
542 2440 607 2476 (aL,
618 2439 716 2476 utnon
730 2440 850 2475 placeat)
861 2445 912 2468 etc.
944 2439 999 2467 Sed

215 2476 315 2501 rectius
331 2484 380 2503 ms.
394 2476 494 2510 Regius
515 2474 590 2504 num.
612 2474 691 2503 1659.
708 2479 736 2501 ιιι
754 2476 779 2501 in
794 2480 878 2502 textu.

250 2509 306 2544 (75)
326 2511 404 2542 Editi,
425 2509 554 2545 q’uomodo
578 2519 630 2538 non
651 2510 718 2537 dixit
741 2511 891 2542 Apostolus,
916 2509 996 2536 homi-

214 2545 290 2571 uibus
303 2546 465 2579 placeamus.
480 2547 536 2574 sed.
553 2551 607 2573 etc.

249 2578 307 2614 (76)
325 2579 369 2608 Sic
384 2589 432 2608 ms.
452 2581 551 2614 Regius
563 2590 636 2608 ιιιιιιι.
656 2580 722 2608 1659
737 2585 764 2607 ct
787 2580 924 2607 “abantis.
940 2578 998 2607 Cte-

214 2616 264 2641 teri
285 2623 349 2642 vero
364 2623 429 2642 mss.
441 2620 469 2642 et
479 2617 556 2647 editi,
572 2622 597 2642 nt
609 2617 677 2643 inter
690 2615 821 2647 inimicos,
837 2620 891 2643 etc.

249 2650 305 2686 (77)
327 2650 409 2683 Editi,
433 2656 533 2681 ucstra,
555 2651 635 2677 utale.
659 2651 758 2678 Deinde
783 2650 863 2686 iidem
881 2653 908 2676 et
931 2657 996 2677 mss.

213 2685 348 2720 plerique,
360 2685 480 2720 quamvis
497 2691 518 2712 et
530 2686 582 2711 alio
598 2686 623 2711 in
640 2686 707 2716 loco,
720 2691 774 2713 etc.
790 2685 842 2712 Sed
855 2689 928 2713 recte
942 2692 991 2712 ms.

215 2719 315 2752 llegius
331 2728 402 2746 tntilli.
426 2719 493 2747 1659
505 2725 530 2746 et
543 2720 669 2748 Rabanus
684 2726 713 2747 ιιι
727 2721 753 2746 iu
770 2725 854 2747 textu.

251 2754 308 2787 (78)
318 2753 356 2780 lla
370 2762 420 2781 ms.
436 2754 535 2788 Regius
548 2763 622 2782 nutu.
635 2755 702 2781 1639
713 2760 740 2781 et
751 2754 888 2782 Rabanus.
899 2754 996 2782 Crateri

215 2794 279 2814 vero
305 2795 370 2814 mss.
399 2793 426 2815 et
454 2789 536 2819 editi,
575 2789 680 2815 Diaboli
709 2795 820 2816 sectator
854 2791 995 2816 invenitur.

216 2820 316 2858 Deinde
334 2830 399 2850 mss.
421 2823 551 2857 plerique,
576 2823 704 2849 Rabanns
726 2829 752 2851 et
770 2824 845 2857 editi,
868 2825 916 2851 hoc
941 2825 996 2858 ipso

215 2863 264 2888 quo
277 2857 336 2890 (aL,
351 2858 432 2891 quod)
448 2858 557 2883 oderunt
575 2857 694 2889 crimina,
709 2863 761 2885 etc.
778 2858 835 2894 _Ms.
854 2867 931 2891 unus,
947 2861 994 2886 hoc

1054 2266 1107 2292 duo
1128 2270 1156 2291 ut
1170 2266 1195 2290 in
1213 2270 1306 2291 nostro
1321 2269 1407 2291 textu.

1089 2299 1207 2336 (79)Sic
1230 2307 1325 2336 attines
1338 2307 1417 2336 Amss.
1443 2299 1522 2336 Edili
1534 2307 1610 2330 vero.
1634 2308 1743 2327 inanitur
1762 2307 1824 2326 tum

1053 2334 1244 2370 nonrefernnt,
1260 2334 1463 2370 Genebrardns,
1479 2334 1617 2370 referiam.

1089 2369 1145 2405 (80)
1163 2369 1247 2401 Alias,
1264 2373 1293 2405 et
1305 2369 1413 2404 injuria:
1425 2369 1477 2405 (al.
1492 2369 1663 2404 iniuriarum)
1683 2371 1771 2401 passio
1787 2377 1823 2402 ps-

1054 2404 1154 2436 tientin,
1171 2410 1223 2432 etc.
1236 2412 1243 2434 ;
1261 2404 1337 2436 alias,
1350 2409 1374 2430 et
1390 2404 1517 2439 injuriam
1529 2412 1623 2438 passus
1633 2406 1770 2439 patientia,
1782 2410 1823 2429 etc.

1053 2439 1156 2467 Deinde
1171 2447 1221 2466 ms.
1237 2439 1336 2473 Regius
1350 2447 1425 2466 num.
1441 2439 1511 2466 1659
1525 2444 1552 2466 et
1567 2439 1696 2467 ltabauus
1708 2441 1822 2467 omittunt
1840 2459 1841 2471 ,

1053 2475 1168 2509 quando.
1186 2474 1232 2500 sed
1252 2473 1397 2509 restituunt
1411 2475 1501 2501 cteteri
1513 2481 1581 2501 mss.
1596 2480 1622 2501 et
1637 2476 1715 2501 editi.

1087 2509 1143 2544 (8|)
1157 2509 1302 2536 Sermonis.
1316 2508 1456 2536 Otuiltitur
1467 2509 1493 2535 in
1506 2509 1596 2540 editis,
1608 2514 1635 2536 et
1650 2510 1675 2536 in
1689 2518 1741 2537 IIIS.
1754 2509 1822 2543 Regia

1051 2552 1114 2570 nmu
1140 2544 1217 2575 1659,
1243 2549 1269 2570 et
1288 2544 1358 2578 apud
1378 2544 1536 2575 Rabanum;
1560 2544 1607 2570 sed
1632 2545 1781 2571 restituitur
1798 2551 1821 2568 τι
1840 2562 1841 2575 ,

1050 2579 1158 2606 caeteris
1172 2587 1237 2606 mss.

1086 2613 1143 2650 (82)
1157 2613 1240 2647 Alias,
1254 2613 1283 2641 Si
1299 2622 1358 2642 vero
1374 2622 1505 2641 seruentur
1519 2622 1550 2641 ea
1565 2614 1733 2643 sindicta-...
1745 2615 1787 2646 qui
1799 2613 1823 2638 se

1049 2656 1089 2676 εο.
1104 2654 1159 2676 etc.

1229 2692 1287 2721 _ms.
1308 2684 1406 2720 Regius
1435 2692 1508 2712 num.
1535 2684 1614 2716 1659,
1646 2683 1788 2721 llabanus.
1804 2688 1822 2708 τί

1049 2719 1236 2747 εάίιί.’(ἒιιξιθι·ί
1252 2727 1316 2747 vero
1332 2727 1396 2747 mss.
1413 2727 1555 2753 tongrcgas
1574 2727 1651 2753 super
1670 2719 1820 2753 cup-tida.

1085 2754 1141 2789 (84)
1160 2755 1228 2791 Dicit
1244 2756 1313 2781 enim
1330 2759 1354 2781 et
1369 2754 1500 2791 Ieremia:
1510 2752 1646 2791 propheta.
1668 2753 1719 2781 Vel
1743 2752 1821 2791 οιιςς-

1048 2796 1108 2820 nes,
1134 2789 1175 2816 vel
1201 2790 1324 2821 Rnllnus,
1350 2790 1393 2816 vel
1419 2789 1543 2816 fortassis
1569 2795 1680 2822 uterque
1706 2789 1819 2815 memoria

1049 2824 1146 2886 lapsusl
1159 2830 1200 2851 est
1218 2823 1344 2852 lcremim
1368 2825 1529 2852 ascribeudo
1553 2825 1625 2859 quod
1646 2831 1678 2851 ex
1700 2823 1767 2851 Isaia
1784 2824 1819 2847 ἀει
1840 2858 1841 2911 ι

1050 2866 1135 2894 proun
1150 2867 1190 2886 ur.

1050 2864 1190 2894 promitur.
