1831 3052
167 152 235 178 1⁵2ῗὶ1

908 147 1067 176 ORIGENIS

1726 145 1735 171 i
1740 144 1783 171 23!

171 218 229 244 qua‘
243 210 354 242 addidit,
371 210 449 236 idest
461 217 467 236 ε
480 208 736 244 Neminiquidquam
748 208 883 241 debeatis;
899 215 953 236 cer-

1060 205 1166 232 Vcteris
1191 204 1358 232 Testamenti
1386 204 1418 232 ad
1438 209 1545 232 nostra
1564 210 1636 230 curm
1663 202 1783 229 concessit

165 265 227 285 'tum
244 262 284 284 est
299 257 332 284 ad
348 257 488 284 ministros
508 257 622 288 rcl‘erri,
646 257 745 291 quibus
765 257 872 285 debitor
894 258 954 293 quis

171 303 286 331 ell‘n-itur
301 311 361 330 cum
377 303 539 338 peccaverit.
565 303 690 331 Debitum
716 305 788 332 enim
813 309 954 340 peccatum

170 358 230 378 esse
245 351 270 377 in
289 350 382 377 ntultis
398 354 425 377 et
442 350 498 385 (20)
517 350 676 384 frequenter
692 351 870 378 ostendimus.
893 350 956 378 Vult

170 404 234 431 ergo
251 396 349 423 Paulus
365 396 468 430 peccati
493 396 602 430 quidem
630 403 710 424 omne
728 397 850 424 debitum
875 397 954 428 solvi,

171 450 220 469 nec
235 449 379 469 remanere
399 441 510 469 omnino
526 443 595 476 apud
622 450 671 470 nos
694 443 812 470 debitum
838 443 954 478 peccati,

159 494 331 520 permanere
350 491 439 514 tamen
456 492 483 514 et
503 495 638 522 nunquam
656 495 763 516 cessare
779 496 793 515 a
808 489 886 516 nobis
909 488 956 516 de-

172 533 256 558 bitum
274 532 416 560 cliaritatis
434 540 441 559 :
457 533 508 560 ltoc
525 534 596 560 enim
613 537 639 560 et
651 533 774 568 quotidie
793 534 908 566 solvere,
929 538 955 562 et

155 585 278 610 --sempcr
292 578 391 605 debere
406 578 511 612 expedit
527 578 605 605 nobis
618 578 683 614 (9.1).

206 625 250 651 5i.
289 624 409 658 Denique
432 628 543 659 quanta:
568 624 678 652 virtutis
706 624 744 651 sit
768 625 904 656 cltaritas,
929 625 955 652 in

166 669 404 703 consequentibus
427 669 513 703 ponit.
533 669 586 702 Qui
605 670 692 701 enim,
708 670 875 706 iuqttit(‘2‘2),
894 671 956 697 dili-

170 716 209 749 git
221 716 380 749 proximum,
396 715 477 750 legem
491 716 615 750 implevit.
635 715 706 743 Nam
721 725 772 743 non
784 717 956 749 adulterabio,

173 769 225 787 mm
244 761 359 794 occides,
374 770 426 788 non
439 761 538 796 furtum
551 761 649 796 facies,
662 769 714 788 non
732 762 830 796 falsum
842 762 958 788 testimo-

170 808 243 833 nium
261 807 418 839 dicc8;uo:t
434 807 616 840 concupisces,
639 811 663 834 et
687 808 710 834 si
732 808 802 841 quod
825 812 863 834 est
885 807 957 834 aliud

155 869 157 873 ι
172 852 336 885 mandatum,
353 853 379 879 in
398 853 446 878 hor
457 852 532 878 uerbo
544 857 710 879 restauratur
728 859 737 878 :
753 852 851 887 Diliges
870 853 958 887 proxi-

172 906 243 924 mum
255 903 327 924 tuum
341 902 466 932 tanquam
478 897 588 930 teipsum
603 896 636 923 ‘°.
649 896 682 923 Et
693 896 726 923 ad
739 896 863 924 ultimum
878 896 960 924 ratio-

175 951 236 970 ueut
253 944 319 970 tanti
346 943 426 976 huius
445 943 508 970 boni
527 943 583 977 (23)
605 942 725 970 breviter
747 942 879 977 colligens
899 942 959 969 ait:

174 990 286 1016 Oilei-tio
310 990 422 1024 proximi
447 989 546 1016 malum
567 997 619 1016 non
643 994 767 1023 operatur
791 997 800 1016 :
825 989 960 1021 plenitudo

172 1044 234 1070 ergo
243 1036 306 1070 legis
321 1040 358 1063 est
372 1035 487 1062 dilectio.
507 1035 594 1070 Supra
608 1035 714 1063 dixerat
728 1035 792 1070 quia
811 1036 856 1070 qui
872 1035 960 1070 diligit

172 1082 339 1116 proximum,
353 1081 434 1116 legem
451 1081 586 1115 implevit;
600 1085 627 1109 et
646 1082 708 1116 quia
724 1080 833 1108 difficile
855 1081 961 1108 videba-

175 1134 219 1155 tur
235 1127 370 1162 quomodo
384 1127 469 1161 possit
483 1126 544 1161 quis
556 1134 664 1154 omnent
680 1127 765 1162 legent
789 1127 815 1153 in
831 1126 890 1161 (24)
907 1135 960 1154 uno

173 1180 300 1200 sermone
324 1172 473 1208 complere,
501 1173 688 1208 plenissimam
713 1172 803 1200 reddit
827 1172 960 1200 rationem

164 1218 289 1244 .dit‘ens:
314 1217 426 1244 Dilectio
450 1217 563 1250 proximi
582 1216 682 1243 malum
706 1224 758 1243 non
779 1220 917 1250 operatur,
933 1220 961 1242 ct

159 1263 235 1290 .idu-o
249 1263 383 1298 plenitudo
395 1264 459 1298 tegis
476 1268 513 1290 est
527 1262 644 1290 dilectio.
665 1262 739 1289 Pone
754 1262 825 1289 enim
839 1269 887 1297 per
901 1261 961 1289 sin-

161 1309 374 1342 -galamandata
389 1308 456 1343 legis
469 1307 658 1340 dilectimtem,
682 1312 710 1334 et
729 1307 789 1334 vide
810 1314 891 1340 quam
919 1306 960 1332 la-

163 1354 224 1381 .cile
239 1358 338 1381 cuncta
354 1353 532 1388 complentur.
548 1352 674 1388 Nunquid
693 1352 738 1387 qui
762 1351 849 1387 diligit
869 1351 960 1386 proxi-

173 1407 259 1430 mum,
275 1398 399 1426 occidere
415 1405 476 1425 eum
490 1398 602 1432 potest?
617 1398 726 1425 Certum
741 1401 782 1425 est
794 1398 866 1432 quod
878 1404 960 1424 nemo

163 1451 253 1478 .quem
271 1443 360 1478 diligit
371 1442 529 1470 interﬁciat.
543 1442 590 1469 Est
605 1450 670 1477 ergo
688 1441 796 1469 dilectio
817 1449 864 1476 per
878 1449 958 1476 qttam

175 1486 320 1520 impleatur
343 1487 497 1513 mandatum
524 1493 578 1519 qtto
611 1485 767 1520 praecipitur
788 1484 843 1518 (ἓὸ)
865 1493 871 1510 :
897 1485 958 1511 Non

163 1532 286 1558 reccidat.
298 1531 328 1557 Et
342 1531 449 1562 iterum,
465 1530 583 1564 nunquid
597 1528 652 1565 (26)
666 1529 710 1563 qui
721 1530 871 1565 proximum
881 1536 957 1556 suum

176 1576 272 1611 diligit,
289 1576 315 1603 in
330 1583 441 1603 uxorem
460 1575 518 1610 ejus
530 1575 690 1603 adulterium
706 1575 871 1603 committit?
886 1574 960 1602 Nun-

172 1630 256 1656 quaut
281 1621 413 1656 profecto.
445 1620 473 1648 Si
500 1628 565 1655 ergo
586 1621 684 1656 diligas
707 1621 884 1656 .proxinium,
912 1628 962 1648 nec

175 1667 338 1694 adulterium
354 1666 519 1694 cornmittes.
540 1665 674 1693 Similiter
692 1671 720 1693 et
734 1667 780 1700 qui
796 1666 885 1700 diligit
900 1674 962 1701 pro-

173 1713 278 1740 ximum
291 1732 298 1743 ,
324 1719 383 1747 qua:
396 1712 454 1746 ejus
467 1716 529 1739 sunt
543 1718 596 1739 non
615 1711 738 1744 furatur;
755 1716 782 1739 et
803 1711 850 1746 qui
875 1711 963 1746 diligit

177 1759 343 1794 proximum,
361 1757 459 1785 falsum
474 1758 607 1786 adversus
621 1764 682 1785 eum
700 1757 883 1785 testimonium
909 1765 961 1784 non

176 1806 253 1832 dicit.
276 1805 407 1832 Similiter
419 1808 445 1831 et
457 1809 554 1832 caetera
570 1803 696 1831 mandata
715 1803 790 1837 legis,
808 1803 831 1830 si
846 1803 881 1831 sit
897 1810 962 1838 erga

179 1853 331 1886 proximum
341 1852 460 1884 dilectio,
479 1851 581 1886 absque
596 1851 687 1886 aliquo
702 1850 794 1878 labore
807 1855 961 1877 servantur.

179 1898 245 1925 Puto
273 1902 362 1925 tamen
387 1897 458 1932 quod
484 1897 553 1925 etin
571 1896 621 1924 ltoc
649 1896 731 1923 voluit
747 1903 796 1924 nos
816 1895 962 1930 Apostolus

177 1943 278 1978 aliqttid
294 1942 512 1977 compendiosius
523 1942 628 1970 discere
642 1942 710 1977 (Ξῖ).
726 1941 793 1968 Nam
808 1942 831 1969 si
850 1942 963 1976 diligen-

178 1989 233 2016 tius
257 1988 379 2022 requiras
397 1988 459 2022 quis
487 1988 523 2015 sit
543 1988 682 2022 proximus
698 1992 808 2020 uoster,
829 1987 918 2015 disces
935 1988 962 2014 in

174 2033 324 2068 .I‘Ivaugelio
339 2033 361 2048 "'
377 2033 450 2059 illutn
465 2040 525 2060 esse
538 2033 691 2067 proximum
711 2037 834 2060 nostrum
855 2033 900 2067 qui
918 2039 963 2059 ve-

179 2079 229 2111 nit,
244 2083 271 2105 et
285 2077 408 2112 jacentes
422 2085 470 2104 nos
486 2077 640 2105 vulneratos
656 2085 670 2103 a
686 2077 850 2109 latronibus,
868 2081 896 2104 et
913 2085 963 2104 nu-

179 2124 255 2151 datos
269 2132 284 2150 a
301 2123 467 2150 daemonibus
480 2123 602 2157 iumento
615 2123 739 2158 corporis
767 2123 807 2150 sui
834 2131 962 2158 superpo-

178 2169 243 2202 suit,
258 2169 330 2196 ctad
345 2168 481 2195 stabulum
505 2169 634 2196 Ecclesiae
662 2169 776 2201 detulit,
802 2169 963 2197 etstabnla-

998 259 1148 286 expensas.
1158 251 1238 278 Hunc
1249 259 1313 286 ergo
1324 251 1476 286 proximum
1488 251 1510 278 si
1519 251 1677 285 diligamus,
1688 255 1783 274 omnem

1006 298 1092 332 legem
1110 302 1137 324 et
1153 297 1278 324 ttniversa
1300 297 1426 324 mandata
1450 297 1476 323 in
1500 296 1584 331 ipsius
1601 302 1695 321 antore
1718 301 1783 320 coto-

1007 343 1111 377 pletnus
1125 342 1192 377 (28).
1206 341 1283 368 Finis
1299 343 1368 369 enim
1386 342 1453 376 legis
1466 341 1589 368 Christus
1610 340 1644 366 ad
1664 339 1784 374 justitiam

1007 390 1080 416 omni
1091 389 1206 416 credenti
1216 388 1237 404 ⁸³
1252 397 1259 417 :
1275 395 1325 415 nec
1339 388 1395 415 ﬁeri
1413 387 1467 414 ullo
1483 391 1563 422 pacto
1585 389 1693 420 potest,
1707 388 1734 410 ut
1747 382 1784 417 qui

1006 444 1040 464 ex
1062 440 1117 462 toto
1143 435 1280 466 carde,et
1306 441 1339 461 ex
1363 434 1427 461 totis
1450 432 1604 460 visceribus
1627 431 1685 457 suis
1709 429 1785 463 diligit

1007 480 1157 511 Christum,
1171 479 1254 508 faciat
1270 479 1372 513 aliquid
1392 479 1464 514 quod
1482 485 1535 505 non
1549 476 1656 512 placeat
1677 474 1784 502 Christo.

1007 526 1082 553 lllum
1095 526 1165 553 enini
1183 525 1228 560 qui
1242 525 1337 559 diligit,
1352 532 1405 551 non
1421 523 1510 551 solum
1530 530 1584 549 non
1597 521 1711 551 occidit,
1722 519 1785 554 quod

1008 573 1132 608 prohibet
1148 572 1208 602 lex;
1228 571 1275 599 sed
1291 578 1340 598 ttec
1355 570 1481 598 irascitur
1497 569 1577 596 fratri
1593 575 1644 595 suo
1662 567 1728 602 (‘29).
1742 565 1786 598 Qui

1009 619 1046 646 ita
1064 618 1215 645 delectatur
1230 617 1276 644 illo
1287 624 1371 652 quem
1390 616 1485 652 diligit,
1498 623 1551 642 non
1568 614 1656 642 solum
1666 621 1719 640 non
1734 612 1789 639 facit

1008 663 1188 696 adulterium,
1203 663 1250 690 sed
1273 670 1323 690 nec
1345 662 1487 689 mulierem
1511 660 1623 694 respicit
1648 659 1682 685 ad
1697 665 1788 685 conen-

1008 709 1167 744 piscendum
1181 716 1189 741 ;
1206 707 1252 736 sed
1269 708 1336 735 dicit
1350 709 1383 734 ad
1398 707 1485 742 ipsum
1502 705 1590 739 magis
1604 712 1611 730 :
1629 702 1790 736 Concupistit

1008 759 1030 781 et
1040 754 1224 788 deﬁcitauima
1233 760 1289 780 utea
1302 753 1329 779 iu
1338 752 1419 779 Deum
1436 750 1559 778 rivum".
1573 748 1658 784 658
1673 747 1723 781 Qui
1740 747 1791 773 dili-

1009 801 1048 835 git
1065 800 1205 827 Christum
1217 820 1225 832 ,
1241 798 1379 834 quomodo
1391 798 1424 824 de
1441 796 1515 824 furto
1525 796 1643 830 cogitet,
1660 794 1705 828 qui
1717 794 1791 820 etiam

1010 853 1056 873 sua
1079 845 1169 874 omnia
1195 851 1362 880 quazcunque
1379 844 1462 871 habet
1483 841 1611 875 relinquit
1632 840 1688 874 (50)
1711 844 1739 865 ut
1756 846 1792 865 se-

1012 895 1111 926 quatur
1131 890 1290 918 Christum?
1322 888 1373 922 Qui
1397 888 1538 916 Christum
1563 886 1668 921 diligit,
1692 883 1792 919 quando

1013 938 1111 966 falsum
1128 937 1312 965 testimonium
1334 935 1415 968 dicit,
1436 942 1498 962 cum
1520 932 1592 960 sciat
1608 932 1699 965 ipsum
1721 936 1790 964 quem

1011 986 1101 1021 diligit
1117 985 1186 1013 falso
1209 983 1365 1012 testimonio
1385 982 1523 1018 proditum
1541 979 1621 1015 (διν
1639 976 1791 1005 Necessario

1011 1036 1101 1059 autem
1118 1031 1162 1065 qui
1186 1030 1277 1066 diligit
1303 1029 1441 1058 Christum
1455 1047 1462 1059 ,
1489 1027 1578 1062 diligit
1601 1029 1629 1053 et
1648 1024 1792 1060 prosimus:

1010 1086 1089 1106 suum
1103 1078 1138 1104 '°.
1158 1076 1215 1104 Hoc
1225 1076 1297 1104 enim
1315 1075 1373 1103 solo
1399 1074 1501 1103 indicio
1513 1072 1615 1102 Christi
1640 1077 1702 1099 esse
1722 1069 1795 1097 disci-

1012 1124 1092 1159 pulus
1108 1123 1274 1158 designatur,
1297 1122 1319 1148 si
1337 1121 1498 1148 charitatcm
1517 1126 1581 1146 cum
1602 1116 1736 1152 proximis
1757 1115 1795 1141 ha-

1008 1169 1074 1197 heat
1089 1169 1124 1196 “.
1142 1168 1252 1196 Certum
1268 1170 1309 1193 est
1321 1166 1393 1193 enim
1410 1164 1482 1200 quod
1497 1163 1543 1199 qui
1560 1170 1614 1190 non
1637 1161 1726 1196 diligit
1738 1167 1793 1194 pro-

1011 1215 1125 1246 ximum,
1145 1214 1249 1241 nesciat
1264 1212 1401 1240 Christum
1417 1211 1452 1237 ε’.

1045 1260 1090 1288 52.
1109 1259 1142 1286 Et
1156 1259 1205 1286 hoc
1216 1259 1326 1286 scientes
1343 1263 1453 1292 tempus,
1468 1256 1596 1292 quoniam
1613 1255 1682 1281 hora
1700 1253 1793 1287 estjcat

1010 1308 1042 1334 de
1057 1315 1147 1334 somno
1160 1313 1277 1341 surgere.
1291 1305 1370 1332 Nunc
1389 1304 1456 1331 enim
1478 1303 1587 1337 propior
1604 1306 1644 1328 est
1657 1305 1745 1327 nostra
1756 1307 1792 1325 tat-

1010 1353 1062 1385 lus,
1076 1361 1155 1387 quam
1168 1360 1227 1379 cum
1238 1351 1410 1379 credidimus.
1426 1348 1488 1376 Non:
1514 1347 1650 1383 pra’cessit
1661 1368 1669 1380 ,
1684 1348 1738 1374 dies
1751 1354 1794 1371 tnt-

1011 1404 1061 1426 tem
1072 1398 1303 1433 apprOpinquavit.
1321 1396 1485 1431 Abjiciamus
1502 1403 1565 1429 ergo
1580 1401 1662 1428 opera
1683 1393 1794 1419 tenebra-

1011 1452 1084 1474 rum,
1104 1444 1245 1469 induamus
1260 1447 1348 1469 autem
1366 1449 1441 1468 arma
1456 1440 1538 1473 lucis,
1560 1440 1627 1466 sicut
1646 1440 1674 1465 in
1693 1439 1736 1465 die
1756 1438 1796 1463 ho-

1010 1493 1080 1516 neste
1108 1488 1272 1515 ambulemus
1286 1487 1321 1514 ⁵⁸.
1355 1486 1422 1514 Cum
1453 1491 1513 1520 post
1538 1486 1600 1513 illas
1625 1485 1796 1512 dissertioues

973 1544 994 1573 ρ
1011 1541 1079 1569 quas
1096 1533 1137 1560 vel
1149 1533 1182 1560 dc
1198 1533 1323 1567 gentibus
1334 1552 1342 1565 ,
1355 1531 1397 1559 vel
1417 1532 1450 1559 de
1463 1530 1565 1559 ludatis
1582 1530 1730 1566 Apostolus
1742 1537 1795 1565 pro-

1013 1583 1121 1606 secutus
1142 1583 1200 1611 est,
1224 1578 1420 1606 introduxisset
1441 1578 1523 1605 etiam
1547 1577 1682 1604 moralem
1706 1577 1795 1606 locum,

1013 1631 1066 1658 qtto
1080 1624 1165 1658 magis
1182 1631 1214 1651 ac
1229 1624 1315 1658 magis
1328 1624 1468 1650 auditores
1484 1622 1579 1649 incitet
1598 1622 1632 1649 ad
1648 1621 1797 1649 conversio-

1012 1677 1084 1700 nem,
1099 1669 1248 1696 introducit
1269 1677 1340 1696 nunc
1355 1670 1437 1697 etiam
1452 1672 1649 1703 pernrgentem
1666 1667 1724 1703 (32)
1740 1672 1797 1693 tem-

1012 1714 1087 1749 poris
1097 1715 1241 1747 rationem,
1253 1715 1324 1749 quod
1334 1720 1376 1742 cst
1389 1715 1414 1741 iu
1425 1715 1505 1741 rebus
1520 1714 1649 1740 omnibus
1658 1721 1796 1740 summam.

1013 1759 1099 1786 Nemo
1116 1760 1188 1786 cnim
1216 1760 1252 1787 ita
1273 1760 1459 1787 somnolentus
1485 1763 1513 1787 et
1532 1760 1610 1794 piger
1635 1764 1697 1791 est,
1727 1765 1797 1793 quem

1013 1805 1180 1832 advenientis
1205 1806 1258 1832 diei
1282 1813 1334 1833 non
1359 1805 1460 1833 excitet
1487 1805 1618 1835 claritas,
1645 1810 1672 1832 et
1699 1805 1743 1832 cui
1765 1803 1797 1830 ssi

1013 1852 1098 1879 oculis
1111 1853 1214 1880 infusus
1227 1860 1280 1880 non
1297 1853 1400 1887 apcriat
1415 1857 1565 1887 aspectum.
1582 1851 1632 1879 Est
1644 1859 1713 1886 ergo
1725 1851 1797 1878 etiam

1013 1899 1110 1925 animae
1125 1905 1235 1926 sotnttus
1249 1898 1367 1932 quidam.
1387 1898 1416 1926 Si
1437 1899 1511 1926 enim
1526 1903 1590 1925 sunt
1611 1898 1638 1925 ei
1651 1918 1658 1931 ,
1681 1903 1713 1924 ut
1736 1903 1797 1930 sape

1009 1941 1065 1976 jam
1092 1942 1228 1975 diximus,
1244 1943 1345 1977 proprii
1365 1943 1453 1975 oculi,
1476 1948 1503 1969 et
1525 1950 1606 1970 aures
1622 1943 1760 1977 propria,
1777 1947 1798 1966 cl

1014 1996 1110 2016 mamts
1121 1994 1148 2016 et
1162 1989 1245 2024 pedes
1259 1998 1265 2022 ;
1280 1997 1339 2024 quae
1350 1989 1453 2024 singula
1467 1996 1520 2016 non
1536 1993 1590 2016 tant
1606 1989 1735 2016 membra
1746 1995 1796 2014 cor-

1013 2034 1115 2068 poralia
1133 2034 1221 2062 inesse
1235 2035 1259 2061 ei
1274 2054 1282 2066 ,
1299 2042 1379 2068 quam
1395 2034 1511 2062 virtutes
1533 2033 1635 2068 quibus
1653 2034 1687 2060 ad
1709 2040 1796 2060 uiuum-

1013 2079 1140 2114 quodque
1156 2084 1279 2107 movetur
1294 2084 1321 2107 ct
1339 2080 1470 2107 incitatur
1487 2080 1645 2115 reputandre
1657 2084 1740 2110 sunt,
1765 2086 1797 2104 se

1014 2125 1080 2152 cidit
1105 2125 1165 2152 sine
1195 2125 1278 2153 dttbio
1306 2125 1332 2153 ei
1347 2126 1493 2152 secundum
1519 2125 1612 2152 oculos
1642 2133 1709 2152 suos
1725 2125 1796 2152 etiam

1014 2177 1134 2197 somnus.
1157 2169 1185 2197 Si
1203 2170 1275 2197 enim
1294 2177 1345 2197 non
1359 2174 1422 2205 agat
1435 2174 1557 2204 tempore
1573 2175 1733 2204 opportuno
1748 2176 1797 2203 qua:

179 2216 219 2242 rio
235 2223 283 2250 pro
307 2223 372 2243 cura
395 2221 487 2243 nostra
510 2220 537 2241 et
564 2215 703 2250 diligentia
728 2215 781 2250 (vel
797 2215 848 2250 ipsi
866 2215 960 2247 Paulo,
977 2218 1000 2248 ο
1014 2215 1062 2242 Dei
1077 2219 1150 2247 sunt,
1166 2216 1213 2243 sed
1229 2215 1331 2243 desidia
1344 2221 1497 2251 torpeseat,
1511 2215 1609 2242 merito
1627 2216 1750 2242 dormire
1765 2215 1797 2240 di-

177 2261 219 2287 vel
233 2262 305 2289 omni
321 2262 366 2296 qui
386 2261 512 2290 Ecclesia:
534 2261 642 2296 praeest)
661 2262 730 2289 duos
752 2261 879 2289 dettarios
897 2261 963 2289 Novi

214 2332 237 2347 η
257 2332 335 2359 Rom.
352 2340 413 2363 xm.
429 2333 460 2364 8.
477 2333 503 2361 9.
532 2332 630 2359 “Luc.
644 2340 671 2362 x.
684 2332 719 2359 29
732 2339 788 2366 seq.
821 2331 848 2348 ‘9
863 2331 938 2360 Rom.
955 2333 1019 2366 ΧΑ.
1057 2333 1079 2350 ‘9
1092 2332 1163 2360 Psal.
1178 2333 1330 2366 anttt,5.

176 2374 241 2399 «ιιι,
257 2367 302 2394 55.
339 2368 362 2384 ⁵²
378 2367 476 2395 lJoan.
494 2375 530 2401 tv,
546 2367 572 2394 8.
611 2367 633 2384 "
649 2367 726 2395 ltom.
744 2367 909 2399 attuli-13.

210 2425 275 2460 .(20)
291 2427 373 2453 Deest
386 2433 410 2454 et
427 2427 451 2454 in
463 2427 553 2454 editis.

218 2461 274 2520 ﬁt)
297 2461 358 2488 Mss.
389 2462 515 2496 quidam,
544 2466 567 2488 et
594 2461 710 2496 quotidie
740 2461 831 2488 debere
859 2462 963 2496 expedit

232 2505 267 2520 11.

182 2505 267 2523 noun.

219 2531 274 2566 (22)
294 2531 391 2566 lnquil.
409 2532 487 2560 Deest
501 2532 526 2558 in
544 2531 633 2558 editis.

219 2567 275 2600 (25)
296 2567 342 2592 Sic
357 2573 407 2592 uis.
424 2567 524 2601 Regius
537 2574 610 2593 num.
631 2565 698 2601 1639
713 2570 740 2592 et
757 2566 893 2592 Babauus.
909 2565 965 2593 Cu:-

185 2606 233 2628 Iert
255 2609 319 2628 vero
341 2609 405 2627 mss.
417 2607 446 2628 et
462 2600 543 2633 editi,
559 2601 625 2627 tanti
648 2600 726 2634 hujus
740 2601 874 2635 pt'wcepti.
890 2600 962 2628 Eliti

182 2638 309 2664 outittunt
321 2635 411 2669 hujus.

218 2671 273 2706 (2’s)
289 2670 332 2697 In.
349 2670 490 2697 Outitlitur
502 2670 528 2696 in
539 2671 630 2706 editis.

219 2708 275 2741 (25)
290 2705 369 2734 Ιεζιίὶιί,
382 2706 451 2738 quod
465 2705 624 2741 pru't'ipitur,
641 2705 719 2732 male.

221 2742 277 2774 (ac)
296 2740 432 2774 Nunquid.
451 2740 621 2767 Desideratnr
639 2741 664 2766 in
683 2740 758 2767 libris
774 2744 852 2767 antea
873 2741 962 2767 editis.

220 2777 275 2811 (27)
293 2775 378 2806 Editi,
399 2781 461 2809 puto
485 2775 562 2811 etiam
578 2776 684 2811 quodet
704 2776 730 2801 in
753 2776 801 2811 hoc
821 2775 901 2811 uoluit
918 2783 964 2801 nos

185 2809 283 2845 aliquid
297 2811 503 2844 compendiosius
520 2810 622 2836 docere.
649 2810 713 2845 Mss.
736 2810 855 2843 aliquot,
880 2809 965 2837 Putas

185 2844 235 2872 nun
253 2850 277 2871 ct
291 2846 364 2872 aliud
381 2847 406 2872 iu
421 2846 470 2871 hoc
481 2844 561 2871 coluit
579 2852 624 2871 nos
641 2844 797 2877 Apmtolus,
808 2849 873 2877 elc.,
892 2850 921 2871 ut
938 2846 962 2871 itt

184 2886 268 2908 testu.
289 2881 342 2908 Sed
363 2881 461 2908 rectius
484 2879 608 2906 ltabauus
630 2885 656 2907 et
678 2887 726 2905 ms.
753 2879 869 2914 Regius,
888 2887 962 2906 nutu.

1018 2267 1096 2290 cetur
1107 2262 1174 2298 (55).
1194 2262 1298 2290 Idcirco
1315 2261 1396 2297 igitur
1410 2260 1510 2289 Paulus
1524 2269 1613 2296 praeco
1632 2261 1736 2288 Christi
1753 2260 1796 2287 rit-

1367 2331 1480 2360 "Joan.
1495 2339 1533 2365 tv,
1544 2331 1590 2363 20,
1603 2331 1650 2359 2t.
1690 2333 1713 2347 ’ί
1728 2331 1796 2358 Jun.

1016 2426 1096 2456 1659,
1117 2426 1185 2453 Puto
1199 2431 1285 2453 tamen
1300 2428 1370 2460 quod
1383 2431 1407 2452 et
1422 2434 1448 2452 tu
1461 2428 1521 2456 hoc,
1532 2430 1589 2453 etc.

1052 2461 1106 2497 (r28)
1124 2462 1169 2488 Sic
1184 2469 1236 2488 ms.
1252 2460 1353 2495 Regius
1366 2469 1439 2487 num.
1455 2460 1525 2487 1659
1536 2466 1563 2487 et
1574 2459 1796 2497 liahatmsaEditi

1015 2496 1089 2527 vero,
1110 2501 1135 2522 et.
1149 2496 1269 2530 plerique
1283 2504 1362 2528 mss.,
1385 2500 1407 2522 et
1430 2497 1551 2522 unirena
1573 2496 1703 2522 mandata
1724 2496 1796 2529 ipsis:

1015 2533 1193 2605 σθ’(ἕὲῗᾝέ
1203 2570 1277 2605 recte
1297 2573 1349 2592 ms.
1373 2565 1472 2605 [tegius
1486 2573 1587 2605 iuuipq
1605 2565 1690 2597 I650;
1714 2570 1795 2605 neten

1016 2599 1078 2627 vero
1094 2599 1157 2626 mss.
1175 2600 1303 2628 Rabauus
1317 2605 1344 2627 et
1356 2600 1432 2632 editi,
1446 2601 1508 2633 quia
1525 2599 1678 2634 (llabauus,
1696 2600 1753 2635 qui)
1766 2600 1796 2624 ita

1018 2637 1162 2662 delectatur
1187 2635 1230 2662 ille
1254 2635 1313 2671 (aL,
1341 2635 1397 2669 illo)
1413 2643 1488 2669 quem
1512 2636 1612 2669 diligit,
1641 2642 1664 2662 et
1688 2644 1740 2662 non
1761 2642 1795 2660 so-

1018 2672 1082 2701 lum,
1098 2676 1150 2697 etc.

1054 2706 1110 2739 (30)
1126 2705 1208 2740 Alias,
1223 2705 1318 2740 cogitat
1334 2703 1510 2740 ....7reliquit‘.

1054 2741 1110 2775 (51)
1126 2739 1211 2775 Ειϋιί,
1227 2740 1368 2774 perditum.
1383 2739 1461 2765 Male.

1053 2775 1110 2810 (52)
1125 2774 1195 2801 Editi
1207 2795 1214 2807 ,
1230 2783 1280 2810 quo
1304 2775 1386 2809 magia
1417 2775 1556 2801 auditores
1572 2794 1579 2801 .
1592 2797 1598 2803 .
1611 2795 1617 2802 .
1629 2794 1636 2801 .

1018 2811 1094 2836 modo
1111 2814 1298 2844 perurgentem,
1309 2814 1362 2838 etc.

1053 2844 1108 2879 (55)
1126 2844 1208 2876 Editi,
1221 2845 1265 2871 sed
1276 2844 1412 2870 desideriis
1426 2843 1579 2879 (liabanus,
1594 2844 1738 2878 desiderio)
1752 2850 1791 2868 tet"

1017 2885 1115 2914 pascat.
1132 2880 1220 2907 merito
1231 2879 1345 2906 dormire
1356 2879 1465 2906 dicitur.
1485 2879 1549 2908 Mss.
1567 2881 1689 2916 plerique
1707 2880 1790 2906 halitu

1661 2774 1793 2802 introducit
