1831 3052
59 115 119 142 1255

523 114 701 143 COMMENT.
721 114 753 142 IN
775 114 883 143 EPIST.
904 114 949 141 AD
970 113 1052 142 ROM.
1074 113 1138 141 LIB.
1160 113 1203 142 IX.

1604 116 1675 144 li'o't

55 175 141 204 cuiens
153 174 279 202 mundum
292 174 319 201 in
332 181 427 202 somno
439 175 547 203 desidiae
558 175 837 211 positnm,annnntiat
851 178 874 206 Α
889 174 951 202 bilia
977 174 1112 209 appellata
1135 178 1216 206 sunt,
1234 181 1302 208 (μιιυ.
1315 182 1365 200 non
1390 179 1443 201 tam
1469 175 1673 202 rationabilibns

56 222 141 249 Messe
159 221 214 255 jam
234 220 319 248 lucem
332 240 339 253 ,
364 225 391 247 et
410 225 515 256 tempus
533 229 594 250 esse
619 226 648 249 ut
670 227 797 257 surgalnr
818 230 833 250 e

56 273 160 301 somno;
188 272 367 302 noctemque,
403 267 453 299 hoc
482 273 525 295 est
558 273 663 302 tetnpus
692 268 755 296 illud
779 276 832 303 quo

58 314 199 349 ignorantia
210 313 364 341 hominibus
373 314 511 341 dominata
521 318 561 341 est
568 334 574 346 ,
583 315 754 349 praacessisse
762 314 831 350 (54),

56 365 78 388 et
91 360 256 395 proximante
266 358 379 394 iustitiae
398 360 464 388 solis
484 359 616 392 adventu,
633 361 833 388 rarescentibus

56 405 184 438 tenebris,
208 405 352 433 imminere
374 405 430 440 jam
455 405 603 440 agnitionis
628 406 699 432 diem
721 413 729 432 :
752 409 832 440 atque

56 449 109 476 ideo
121 449 220 476 clamat
237 449 481 484 expergiscendum
494 457 566 482 esse,
581 457 614 477 ne
627 458 675 485 per
691 451 831 484 segnitiem

55 495 108 529 quis
125 499 229 521 noctem
250 494 370 529 patiatur
400 495 427 522 in
446 495 527 526 luce;
550 501 578 522 et
602 495 753 530 altjicienda
773 503 832 523 esse

54 547 127 575 opera
151 541 342 573 tenebrarum,
376 545 458 576 atque
482 548 558 568 arma
586 540 656 568 lucis
683 541 831 568 induenda.

55 585 132 619 Opera
146 588 312 613 tenebrarum
332 591 397 614 sunt
419 591 497 614 actus
515 586 554 613 illi
576 585 622 619 qui
641 593 655 612 a
677 586 732 612 Deo
750 585 830 612 alieni

55 631 104 667 (35)
115 636 193 664 sunt;
207 641 282 660 arma
296 639 361 660 vero
373 632 452 665 lucis,
468 632 620 667 assumptio
636 633 776 659 virtutum.
792 631 832 660 .Et

55 678 117 705 sicut
132 678 248 705 diximus
260 677 455 705 dedecorosum
470 685 530 705 esse
546 679 589 705 die
602 678 657 711 jam
672 683 832 712 perurgente

54 723 178 755 dortnire,
195 724 279 751 tnulto
296 728 338 750 est
353 723 547 751 dedecorosius
566 723 616 751 sub
632 723 688 759 (36)
710 727 831 758 tempore

53 770 100 797 diei
115 774 141 797 et
158 770 225 797 lueis
237 777 319 804 opera
329 777 424 804 gerere
440 770 624 797 tenebrarum.
637 769 735 796 Verutn
748 770 832 797 Scien-

54 815 110 842 dum
125 821 183 848 est,
200 816 345 844 adventum
361 815 429 843 lucis
442 815 522 850 hujus
530 823 558 843 et
571 817 624 844 diei
639 815 742 850 duplici
753 816 832 843 modo

888 222 944 257 (40)
960 221 1105 249 videantur
1117 221 1281 254 horninibus,
1298 229 1377 256 quatit
1392 221 1455 248 leris
1469 226 1495 248 et
1507 221 1603 248 belluis
1614 230 1672 248 con~

887 268 990 295 venire.
1014 267 1076 294 Non
1090 267 1117 293 in
1137 267 1300 294 contentione
1317 271 1341 293 et
1353 266 1532 293 wmulate'one.
1552 266 1596 293 Illa
1614 274 1674 301 quia

887 321 967 349 supra
980 313 1048 341 dixit
1058 312 1113 348 (4i)
1124 313 1215 340 carnis
1226 313 1361 340 suntv'ttia
1375 322 1381 339 :
1395 313 1451 340 hanc
1462 312 1517 347 jam
1534 318 1561 340 et
1571 314 1672 340 animi:

886 358 1009 394 quamvis
1023 358 1114 385 omnia
1138 357 1218 385 simul
1236 357 1292 392 (49.)
1316 357 1408 384 carnis
1427 365 1510 392 opera
1533 358 1672 390 dicantur.

886 409 914 431 ct
923 411 1005 439 opera
1019 402 1203 436 tenebrarum,
1215 403 1277 438 quia
1290 410 1385 430 revera
1398 403 1538 430 contentio
1551 409 1579 431 et
1590 411 1674 430 acmu-

887 448 951 476 latio
961 449 987 475 in
1002 448 1101 476 animis
1109 456 1202 475 eorum
1215 453 1256 475 est
1267 448 1313 483 qui
1328 448 1384 483 (45)
1399 449 1546 476 secundum
1563 456 1672 477 carnem

886 495 996 527 vivunt,
1011 498 1039 522 et
1054 494 1100 528 qui
1120 494 1147 520 in
1169 493 1288 521 tenebris
1301 494 1448 521 ambulant.
1465 494 1515 527 Qui
1537 499 1629 521 autem
1645 496 1671 521 in

887 540 946 569 luce
960 546 1016 573 est,
1029 545 1057 569 et
1073 541 1144 568 sicut
1157 540 1183 567 in
1195 540 1238 566 die
1255 539 1369 567 honeste
1390 539 1526 571 ambulat,
1542 540 1608 567 nihil
1626 547 1674 574 per

886 587 1098 620 contentionem,
1113 586 1181 613 nihil
1193 593 1241 620 per
1255 586 1361 612 inanem
1376 585 1489 620 gloriam
1513 586 1582 621 gerit
1602 585 1671 621 (Η).

885 632 943 660 lloc
962 641 1027 668 ergo
1040 633 1119 660 tnodo
1135 632 1229 666 abjicit
1244 632 1305 667 quis
1323 631 1405 667 (quod
1426 631 1464 659 ait
1480 632 1570 666 supra)
1590 639 1671 667 opera

887 678 965 706 teneb
969 687 996 705 ra
1002 686 1070 706 runt.
1488 694 1493 699 .

920 723 1004 759 659
1017 724 1060 751 54.
1079 723 1154 757 Quod
1173 730 1236 750 vero
1247 722 1314 750 dixit
1326 733 1332 750 :
1344 722 1490 749 Induamus
1504 731 1578 749 arnta
1595 723 1672 755 lucis,

886 771 1024 806 quomodo
1045 770 1141 797 debeat
1159 769 1216 796 ﬁeri
1234 776 1307 796 nunc
1333 769 1455 802 exponit.
1473 768 1525 795 Sed
1550 769 1651 795 induite
1665 789 1672 800 ,

886 817 987 851 inquit,
1006 815 1146 842 Dominum
1160 814 1252 842 Iesum
1268 814 1414 847 Christum,
1433 820 1456 841 et
1475 814 1562 841 carnis
1583 823 1673 841 citrum

54 861 231 896 accipiendum
253 871 260 888 :
277 866 304 889 et
319 862 474 897 generalem
487 862 624 894 omnibus,
645 867 672 890 et
688 862 834 896 unicuique
850 860 871 888 Β
886 867 916 886 ne
930 859 1042 894 feceritis
1055 859 1081 886 in
1100 858 1318 893 concupiscentiis
1342 858 1405 893 (45).
1422 858 1590 894 Frequenter
1603 860 1673 887 dixi-

52 908 188 942 specialetn
210 907 279 943 ('57).
304 907 447 936 Generalis
466 908 594 936 omnibus
628 908 716 935 aderit
739 907 784 935 lux
807 912 834 935 et

57 951 109 980 dies
120 972 127 985 ,
140 961 200 980 eum
217 952 301 980 futuri
317 952 408 980 saeculi
437 958 543 988 tempus
561 953 700 980 advenerit
714 961 721 979 :
737 954 769 980 ad
785 961 835 981 cn-

50 999 88 1031 jus
104 1000 332 1034 comparationem
347 1000 489 1034 praesentis
504 999 583 1033 hujus
604 1000 696 1026 tnundi
717 1000 832 1034 spatium

52 1045 164 1072 tenebra:
183 1045 367 1080 appellantur.
399 1046 477 1078 Quod
497 1049 604 1080 tempus
632 1045 833 1072 labascentiltus

51 1091 164 1124 quotidie
175 1091 271 1121 diebus
287 1091 440 1126 appropiat,
457 1096 485 1118 et
496 1091 584 1126 spatia
601 1099 661 1126 qua:
688 1091 833 1126 praeteritis

53 1142 186 1171 augentur,
214 1137 314 1165 futuris
342 1138 400 1165 sine
423 1138 505 1166 dubio
530 1138 710 1165 minuuntur:
729 1144 756 1165 ct
772 1139 832 1166 ideo

51 1185 148 1218 propior
166 1188 203 1210 est
222 1183 291 1219 (58),
303 1183 399 1218 inquit,
410 1191 479 1210 nunc
491 1188 580 1211 nostra
591 1184 675 1215 salus,
685 1192 762 1216 quam
774 1193 832 1211 cum

53 1230 219 1262 credidimus,
241 1234 268 1256 et
281 1229 402 1263 quotidie
414 1229 442 1256 ﬁt
459 1229 590 1264 propior:
608 1230 679 1257 sicut
702 1235 728 1257 et
741 1230 832 1257 Domi-

52 1282 97 1301 nus
114 1282 172 1302 cum
185 1275 427 1302 consummationis
444 1275 535 1302 smculi
553 1276 628 1310 signa
642 1276 830 1309 distingueret.

53 1320 113 1347 dixit
125 1320 148 1336 "'
163 1329 170 1348 :
187 1320 254 1347 (ium
268 1325 356 1347 autem
379 1320 495 1347 videritis
513 1321 568 1347 luet:
590 1321 678 1347 omnia
689 1341 697 1353 ,
722 1319 832 1347 allevate

52 1367 132 1401 rapito
149 1373 236 1394 vestra
248 1387 256 1400 ,
274 1367 399 1401 quoniam
418 1366 555 1401 appropiat
575 1366 715 1401 redemptio
733 1371 830 1393 vestra.

51 1411 89 1438 l-‘it
103 1417 190 1439 autent
205 1416 234 1440 et
253 1420 302 1446 per
327 1411 449 1446 singulos
468 1411 522 1439 diei
540 1411 620 1445 hujus
639 1412 782 1439 adventus.
799 1412 831 1439 Et

51 1458 120 1486 nobis
133 1460 203 1486 enim
220 1459 243 1486 si
254 1459 381 1486 Christus
394 1459 421 1485 in
435 1459 517 1485 corde
531 1458 566 1485 sit
580 1458 648 1494 (59),
663 1459 734 1486 diem
754 1459 830 1486 nobis

51 1505 110 1533 iacit
126 1514 132 1531 :
150 1506 171 1533 si
189 1506 358 1540 ignorantias
383 1509 492 1532 nostras
513 1505 634 1532 scientia:
652 1506 721 1532 ratio
745 1505 829 1540 fuget,

50 1555 74 1576 et
87 1551 205 1585 indignos
219 1555 298 1578 actus
310 1550 481 1578 declinantes
494 1550 536 1584 pia
547 1558 661 1585 quaeque
674 1557 702 1577 et
717 1551 831 1579 honesta

51 1600 191 1629 sectemur,
209 1597 237 1623 in
253 1597 312 1624 luce
326 1604 419 1628 sumus
431 1596 511 1631 positi
524 1615 531 1628 ,
548 1601 576 1623 et
587 1596 666 1630 quasi
680 1597 705 1624 in
722 1597 765 1625 die
779 1598 830 1625 lio-

51 1646 119 1668 ueste
130 1642 312 1669 ambulamus.

80 1685 121 1713 '53.
142 1687 206 1720 Quae
222 1687 275 1714 sint
287 1691 377 1714 autem
393 1694 474 1722 opera
491 1685 666 1714 tenebrarum
685 1695 746 1721 qua:
759 1687 828 1722 abji-

49 1732 136 1760 cienda
147 1738 222 1766 sunt,
243 1737 441 1768 consequenter
455 1737 607 1765 enumerat,
621 1736 648 1760 et
661 1732 726 1759 dicit
741 1741 747 1759 :
765 1732 827 1760 Non

50 1778 74 1803 in
86 1779 316 1806 coniurationibus
335 1783 360 1805 et
382 1778 575 1810 ebrietatibus;
590 1786 641 1805 non
656 1778 683 1804 in
700 1778 829 1805 cubilibus

48 1827 70 1849 et
82 1824 271 1857 impudicitiia;
286 1833 337 1852 non
353 1825 381 1851 in
395 1823 561 1851 contentione
572 1828 597 1850 et
615 1823 782 1851 wmulatione
794 1824 829 1851 ⁵⁵.

48 1868 94 1895 Ista
108 1875 169 1897 sunt
190 1878 274 1905 opera
294 1870 484 1902 tenebrarum,
507 1877 567 1904 qua:
588 1874 616 1896 et
632 1870 723 1897 carnis
746 1878 828 1905 opera

49 1916 220 1950 appellantur,
237 1916 263 1943 in
279 1916 322 1944 his
334 1916 380 1951 qui
394 1922 504 1944 carnem
519 1922 595 1942 suam
609 1915 723 1943 luxuria:
736 1921 762 1944 et
778 1916 829 1943 im-

48 1962 195 1995 pudicitiae,
211 1970 264 1989 non
281 1962 420 1990 sanctitati
446 1971 533 1998 neque
551 1963 665 1989 Domino
686 1963 828 1997 mancipa-

47 2012 114 2036 runt.
133 2009 354 2037 Comessationes
375 2009 462 2042 enim,
490 2009 542 2036 hoc
560 2014 604 2036 est
632 2009 774 2036 inhonesta
794 2015 828 2036 ac

47 2053 180 2082 luxuriosa
202 2055 346 2088 convivia,
368 2055 466 2089 quibus
487 2055 646 2082 necessario
670 2061 762 2082 comes
786 2058 834 2082 est-

47 2102 199 2136 tnrpissima
213 2102 382 2135 temulentia,
400 2102 464 2137 quid
476 2102 549 2129 aliud
564 2102 757 2137 subsequetnr,
774 2103 825 2130 nisi

45 2147 139 2175 cubilia
152 2153 178 2175 et
194 2147 387 2183 impudicitimi
403 2147 425 2174 Δ
441 2147 523 2174 (tedis
546 2147 759 2175 cubitationihus
779 2154 828 2174 cu-

74 2206 96 2222 “
108 2207 174 2236 Lttc.
192 2216 249 2241 xxr,
272 2207 317 2234 28.
354 2207 378 2223 ⁵⁸
394 2206 473 2234 Rom.
485 2215 548 2240 xm,
564 2207 608 2233 15.

658 2207 681 2222 ⁸⁸
698 2207 776 2235 Rom.
799 2215 855 2240 xlv,
870 2208 901 2242 1,
921 2209 950 2237 2.

887 913 946 932 mus
959 905 1096 932 Christum
1112 903 1272 938 sapientiam
1284 910 1359 936 esse,
1373 908 1400 931 et
1410 905 1555 938 justitiam,
1571 910 1598 932 et
1609 914 1672 932 san-

884 951 1092 984 etiﬁcationetn,
1108 955 1134 978 et
1148 949 1300 983 veritatem,
1319 954 1346 977 et
1368 958 1464 977 omnes
1479 951 1558 977 simul
1585 952 1670 978 ViI‘lU-

885 1001 926 1024 tes
946 1004 953 1022 :
972 1003 1040 1030 quas
1056 996 1150 1031 utique
1162 998 1207 1030 qui
1219 997 1405 1030 assumpscrit,
1421 996 1557 1023 Christum
1573 997 1673 1024 dicitur

884 1042 1013 1070 induisse.
1030 1042 1060 1069 Si
1078 1043 1149 1070 enim
1162 1043 1218 1070 haec
1231 1043 1322 1071 omnia
1337 1042 1462 1069 Christus
1477 1047 1527 1075 est,
1545 1049 1669 1070 necessa-

883 1087 926 1115 rio
946 1088 992 1123 qui
1009 1088 1065 1115 haec
1081 1088 1181 1122 habet,
1200 1088 1283 1115 habet
1304 1091 1331 1115 et
1354 1087 1504 1114 Christum.
1523 1087 1573 1120 Qui
1597 1089 1670 1114 cnitn

883 1133 940 1161 haec
966 1134 1048 1160 habet
1064 1152 1071 1166 ,
1087 1133 1178 1160 carnis
1204 1140 1297 1160 curam
1313 1131 1369 1168 (16)
1395 1132 1421 1158 in
1439 1133 1670 1167 concupiscentiis

883 1188 936 1209 non
953 1179 1028 1207 facit.
1047 1179 1230 1208 Moderatione
1246 1180 1326 1208 solita
1343 1179 1488 1214 Apostolus
1503 1181 1598 1213 utitur,
1608 1188 1674 1208 cum

883 1235 935 1254 nou
950 1235 998 1262 per
1017 1226 1109 1254 omnia
1121 1227 1212 1254 carnis
1225 1235 1317 1254 curam
1333 1231 1414 1262 negat
1427 1227 1589 1254 habendam.
1605 1227 1671 1254 CCI“

884 1277 938 1300 tum
954 1277 995 1300 est
1008 1272 1080 1300 ettim
1095 1273 1165 1307 quod
1182 1274 1209 1300 in
1223 1273 1384 1300 necessariis
1399 1273 1522 1300 habenda
1542 1278 1606 1306 est;
1639 1273 1666 1300 in

882 1319 986 1346 deliciis
1000 1327 1077 1352 vero,
1091 1325 1116 1347 ct
1134 1320 1242 1346 luxuria
1258 1340 1265 1352 ,
1278 1323 1360 1354 atque
1379 1319 1453 1346 omtti
1472 1321 1669 1355 concupiscen—

883 1363 931 1397 tia,
945 1364 1053 1398 penitus
1065 1364 1245 1392 excludenda.

917 1410 962 1438 55.
980 1410 1122 1445 Iit/irinum
1133 1416 1221 1438 autent
1239 1411 1264 1437 in
1282 1411 1334 1445 fide
1354 1411 1489 1442 assumite,
1506 1419 1557 1437 non
1572 1411 1600 1437 in
1624 1411 1666 1436 dr—

881 1456 1085 1491 sceptationihus
1115 1458 1314 1492 cogitationum.
1346 1456 1421 1484 Alius
1447 1457 1552 1491 quidem
1585 1457 1669 1482 credit

882 1501 1042 1528 manducare
1056 1510 1083 1529 se
1097 1502 1185 1529 omnia
1201 1508 1211 1529 .'
1228 1502 1272 1537 qui
1290 1507 1377 1529 autent
1397 1502 1517 1536 inﬁrmus
1529 1506 1577 1533 est,
1596 1502 1672 1528 olera

884 1550 1022 1577 manducet
1041 1549 1075 1577 ".
1095 1549 1128 1577 Et
1144 1550 1170 1577 in
1183 1550 1370 1584 superioribus
1386 1551 1420 1577 de
1435 1549 1495 1577 ﬁdei
1511 1550 1670 1577 inﬁrtnitate

884 1595 1049 1623 mentionem
1071 1595 1135 1624 fecit
1151 1595 1208 1631 (Π)
1226 1596 1373 1631 Apostolus
1385 1617 1393 1629 ,
1414 1596 1458 1623 ubi
1476 1597 1515 1623 ait
1537 1596 1570 1624 de
1583 1597 1670 1623 Αἰπε-

883 1641 946 1668 ham
960 1652 966 1669 :
980 1642 1046 1669 Cum
1061 1642 1114 1676 fere
1127 1648 1228 1670 centum
1243 1650 1374 1670 annorum
1387 1648 1463 1675 esset,
1482 1651 1532 1670 non
1549 1643 1670 1678 inﬁrma-

882 1692 924 1715 tus
940 1691 977 1715 est
995 1687 1048 1721 ﬁde
1057 1688 1090 1714 ⁵⁷.
1108 1687 1145 1715 De
1163 1695 1216 1722 qua
1235 1687 1393 1715 inﬁrmitate
1408 1688 1471 1715 ﬁdei
1488 1688 1515 1715 in
1532 1688 1585 1716 illis
1598 1689 1669 1717 locis

881 1741 941 1769 quae
953 1740 1100 1761 occurrere
1113 1738 1258 1768 potuerunt
1269 1735 1454 1769 exposuimus.
1462 1734 1548 1762 Sedet
1556 1742 1627 1762 nunc
1637 1736 1670 1763 de

882 1781 989 1808 inﬁrtno
1008 1781 1035 1808 in
1053 1781 1105 1808 ﬁde
1120 1784 1316 1808 commemorat
1331 1780 1398 1816 (48),
1414 1788 1495 1815 quem
1513 1781 1539 1808 in
1555 1788 1588 1808 co
1603 1781 1670 1808 dicit

883 1827 1022 1855 inﬁrmum
1034 1847 1041 1860 ,
1058 1828 1122 1863 quia
1141 1835 1195 1855 non
1210 1827 1298 1855 credit
1311 1828 1479 1855 manducare
1492 1827 1584 1855 omnia
1596 1847 1603 1859 ,
1618 1827 1668 1854 sed

883 1878 938 1900 tam
954 1873 1051 1908 exigua
1067 1878 1110 1901 est
1130 1873 1197 1901 ﬁdes
1213 1874 1283 1907 ejus,
1302 1878 1332 1905 ut
1346 1873 1405 1901 sola
1422 1874 1497 1901 olera
1510 1878 1674 1908 competen—

884 1923 935 1947 tem
958 1919 1010 1947 sibi
1027 1927 1090 1948 esse
1111 1921 1249 1948 existimet
1271 1919 1372 1947 cibum.
1397 1919 1473 1954 Quod
1498 1925 1587 1956 potest
1608 1922 1670 1956 qui-

881 1965 942 1992 dem
957 1965 1012 2002 (49)
1026 1966 1114 1994 videri
1135 1966 1236 1994 dictum
1251 1967 1284 1995 ad
1299 1975 1345 1996 eos
1355 1967 1403 2004 qtti
1413 1976 1447 1995 ex
1457 1967 1589 2003 gentibus
1604 1975 1666 1995 cre-

881 2011 1028 2045 diderunt,
1050 2012 1212 2041 extollentes
1230 2020 1259 2041 se
1281 2013 1307 2041 in
1325 2014 1477 2042 libertatem
1493 2013 1576 2046 ﬁdei,
1601 2014 1666 2048 quia

880 2057 949 2085 nihil
961 2065 1105 2086 commune
1129 2062 1175 2085 aut
1190 2060 1358 2088 intmundum
1378 2067 1438 2088 esse
1454 2060 1597 2088 crederent
1610 2058 1676 2094 (50)

880 2104 1022 2131 adversum
1048 2111 1095 2132 eos
1116 2105 1163 2140 qui
1185 2113 1220 2133 ex
1240 2106 1449 2134 circumcisione
1471 2105 1666 2138 crediderunt,

879 2148 1059 2178 observantes
1082 2150 1171 2179 adhuc
1189 2151 1339 2179 secundum
1357 2151 1531 2179 traditionem
1548 2151 1616 2186 legis
1627 2151 1667 2178 ci-

1000 2210 1021 2226 ⁸⁷
1036 2210 1117 2238 Rom.
1133 2219 1170 2244 tv,
1186 2211 1228 2238 l9.

44 2255 118 2281 etiam
128 2256 228 2294 dicitur
240 2276 248 2289 ,
261 2256 308 2284 sed
323 2264 373 2284 ms.
387 2255 488 2291 Regius
503 2263 578 2283 num.
598 2252 664 2283 l659
676 2275 683 2288 ,
702 2260 729 2283 el
743 2254 832 2284 “alia?
845 2259 867 2286 D
880 2256 992 2292 gloriam
1004 2259 1081 2293 gerit.
1097 2259 1145 2286 Ms.
1159 2259 1259 2294 Regius
1277 2267 1349 2286 num.
1369 2260 1450 2292 1659,
1465 2267 1547 2294 neque
1558 2267 1603 2294 per
1623 2259 1666 2285 ius
1689 2283 1692 2286 ,

45 2297 100 2320 nus,
116 2291 229 2318 dicetur.

76 2325 130 2360 (51)
146 2326 227 2359 Editi,
242 2327 409 2361 processisse,
421 2326 501 2354 male.

77 2361 131 2396 (55)
153 2361 219 2388 Mss.
235 2362 356 2396 quidam,
370 2362 488 2390 alienati.

76 2395 131 2428 (56)
153 2395 296 2424 Deest’snb
311 2398 338 2424 in
354 2398 431 2424 libris
444 2401 524 2424 antea
540 2398 632 2424 ctlitis.

76 2431 130 2465 (37)
143 2431 191 2459 Ms.
203 2432 304 2467 Regius
322 2441 394 2459 nunt.
414 2432 492 2465 1659,
510 2431 557 2459 Est
571 2438 594 2460 et
607 2433 729 2468 generale
739 2433 824 2459 omni-

43 2465 96 2502 bus,
111 2473 132 2492 et
146 2465 286 2502 unicuique
301 2468 422 2501 speciale.

75 2500 128 2537 (38)
146 2503 183 2528 lta
199 2500 248 2528 Ms.
269 2500 367 2537 Regius
385 2510 460 2529 num.
474 2502 553 2530 1659.
568 2503 663 2531 Cancri
678 2509 826 2535 verotnss.,

43 2534 177 2573 llabanns,
197 2543 224 2564 et
247 2534 323 2569 etliti',
344 2543 367 2564 et
386 2537 444 2564 ideo
463 2538 572 2571 propior
594 2543 631 2565 est
653 2539 727 2573 (editi
747 2539 824 2565 omit-

43 2574 96 2597 tunt
107 2573 154 2607 est)
167 2578 256 2599 nostra
265 2573 349 2605 mlas,
367 2578 436 2606 etc.,
450 2573 552 2600 omisso
566 2573 661 2607 inquit.

74 2606 128 2641 (59)
145 2606 215 2634 Editi
229 2626 236 2639 ,
257 2608 285 2640 ﬁt
310 2613 397 2634 autem
414 2614 438 2633 et
460 2615 505 2641 per
519 2606 634 2641 singulos
654 2609 710 2635 dies
730 2608 822 2642 hujus-

42 2642 108 2667 modi
123 2643 250 2669 adventus
266 2643 339 2670 nobis
354 2650 363 2669 :
379 2643 426 2669 etsi
439 2642 559 2669 Christus
571 2643 598 2668 in
613 2645 690 2670 corde
707 2644 751 2674 sit,
766 2649 818 2670 etc.

75 2676 128 2711 (10)
148 2677 197 2704 Ms.
214 2677 312 2711 ltegius
326 2686 401 2705 num.
419 2677 499 2707 lii39,
518 2677 539 2702 Α
560 2678 636 2713 [cedis
655 2678 822 2712 cogitationi-

42 2710 94 2737 btts.
118 2710 219 2739 Deinde
234 2710 311 2745 editi,
328 2721 388 2740 cum
405 2720 456 2739 non
469 2717 522 2739 tant
538 2710 750 2744 rtitionabilibus,
769 2717 823 2741 etc.

80 2746 135 2779 (ιι)
154 2747 236 2779 Editi,
247 2755 326 2781 supra
339 2748 406 2775 dixi.

75 2782 130 2815 (4'3)
147 2782 226 2809 Deest
236 2782 316 2809 simul
334 2783 358 2809 itt
376 2783 452 2810 libris
469 2788 546 2810 antea
565 2782 653 2810 editis.

76 2818 130 2851 (t5)
148 2817 231 2853 Alias,
250 2818 276 2843 in
290 2818 367 2844 malis
383 2826 472 2844 eorum
485 2823 522 2844 cst
534 2818 577 2853 qui
588 2837 595 2850 ,
611 2823 663 2845 etc.

78 2852 133 2887 (it)
160 2852 206 2879 Sic
232 2859 297 2880 mss.
319 2853 452 2888 plerique.
476 2853 545 2882 Editi
569 2861 649 2887 vero,
675 2859 697 2881 et
720 2854 823 2881 inancm

881 2301 956 2329 anon:
972 2293 1083 2328 gloriam
1097 2295 1173 2328 gerit,
1192 2293 1227 2320 al.
1247 2296 1349 2329 quatrit.

879 2363 895 2388 Δ
915 2327 1070 2368 Editi,
1087 2327 1239 2363 exponitur.
1252 2327 1309 2357 Sed
1330 2329 1517 2357 induimini....
1537 2330 1565 2356 in
1591 2331 1664 2358 desi-

898 2370 970 2389 erus.

915 2398 970 2432 (46)
988 2399 1070 2430 Editi,
1088 2400 1110 2426 si
1126 2400 1194 2426 enim
1215 2400 1269 2426 htrc
1286 2400 1376 2426 omnia
1397 2401 1527 2432 Christus,
1547 2409 1665 2427 necessa-

880 2433 918 2459 rio
929 2434 974 2468 qui
991 2435 1046 2460 Iure
1062 2434 1147 2464 habet.
1161 2435 1236 2461 habet
1249 2434 1393 2461 Christum.
1405 2435 1457 2466 Qui
1472 2435 1559 2467 habet,
1577 2437 1664 2462 cautis

878 2476 980 2504 curam,
997 2474 1051 2496 etc.
1066 2469 1165 2496 Deinde
1183 2476 1249 2496 mss.
1264 2469 1395 2504 plerique,
1412 2470 1541 2497 ltabanus
1551 2472 1663 2502 etcditi,

879 2502 1064 2530 Moderatione
1076 2504 1191 2530 sollicita
1207 2502 1349 2538 Apostolus
1369 2506 1462 2536 utitur,
1481 2514 1532 2532 non
1547 2514 1592 2535 per
1608 2514 1664 2532 ont-

878 2538 934 2570 nia,
956 2543 1010 2566 etc.
1031 2539 1083 2566 Sed
1101 2540 1202 2567 rectius
1221 2548 1272 2567 nis.
1295 2540 1394 2574 lle-gius
1412 2548 1488 2567 num.
1509 2540 1576 2567 1659
1591 2545 1619 2567 ut
1636 2543 1663 2567 in

877 2578 973 2601 llOSll'O
988 2578 1073 2601 textu.

911 2607 978 2644 (47)
1001 2608 1072 2636 Editi
1087 2630 1095 2643 ,
1113 2609 1145 2636 de
1166 2609 1228 2642 fidei
1250 2609 1375 2644 ﬁrmitate
1399 2611 1553 2638 mentionem
1577 2610 1637 2644 [erit
1654 2630 1661 2642 ,

874 2648 972 2741 33:8)
998 2679 1089 2712 Edili,
1113 2679 1145 2706 dc
1167 2680 1322 2714 inﬁrmitate
1344 2681 1372 2707 in
1392 2680 1444 2714 [ide
1466 2688 1661 2708 commentata.

904 2721 1111 2787 1%)Sicurccte
1127 2757 1179 2787 ms.
1197 2750 1297 2787 Regius
1313 2758 1386 2777 num.
1398 2750 1477 2778 1659.
1489 2750 1583 2778 Cat-teri
1599 2757 1663 2777 vero

876 2791 942 2821 mss.
956 2785 1073 2821 etctliti,
1091 2784 1161 2816 Quia
1171 2784 1254 2818 potest
1271 2787 1384 2821 quidem,
1402 2792 1456 2814 etc.
1596 2802 1598 2804 -

910 2819 965 2856 (50)
980 2820 1062 2854 Editi,
1076 2828 1130 2848 em
1142 2821 1261 2848 credunt.
