1831 3052
192 133 261 160 19.59

933 130 1094 160 ORIGENIS

1748 130 1802 157 ιΞιι

192 193 290 221 mus".
308 193 419 221 Novitas
433 200 500 227 ergo
515 191 576 218 vitm
595 197 648 225 qua
664 191 691 217 iu
707 189 814 217 Christo
831 197 880 224 per
897 189 976 216 Iidem
992 193 1013 220 Α
1030 189 1157 224 perando,
1179 189 1316 217 invitando
1334 189 1424 224 potius
1445 195 1526 224 quam
1551 189 1738 223 extorquendo
1756 196 1802 222 per

192 239 402 266 resurrectionis
429 239 488 272 ejus
522 238 650 268 vivimus,
681 234 795 262 Domino
820 235 976 270 deputatur,

192 284 254 317 quia
274 290 325 310 non
340 290 354 309 a
372 283 460 314 nobis,
479 281 526 308 sed
544 281 578 307 ab
593 281 650 314 ipso
677 280 760 307 sumit
777 280 936 311 exordium;
951 285 978 306 et

193 329 254 356 ideo
271 337 277 354 :
295 328 354 356 Sit‘e
368 329 477 356 risimus
489 327 556 363 (75),
572 326 684 354 Domino
700 327 832 359 vivimus;
852 327 905 354 sive
922 335 978 353 mo-

192 375 287 407 rimur,
306 375 418 402 Domino
440 375 578 401 morimur.
598 372 656 399 Sive
676 373 757 407 igitur
779 373 900 405 vivimus,
925 372 977 399 sive

191 422 332 450 morimur.
355 421 460 447 Domini
476 420 608 447 sumus”.
625 419 738 446 Mortem
749 418 849 446 elenitn
862 417 978 453 appellat

190 465 276 499 illam,
295 474 348 501 qtta
371 466 492 498 Chrislo,
514 471 543 492 ut
567 465 696 498 diximus,
717 464 880 498 consepulti,
900 469 928 490 et
950 464 975 490 iu

192 517 280 540 morte
302 513 388 548 ipsius
406 512 537 547 baptizati
548 512 580 543 ⁷⁷,
595 515 707 546 peccato
720 510 816 537 mortui
832 517 934 541 sumus,
951 514 977 536 et

190 558 275 586 vitam
290 566 343 594 qua
359 559 440 586 alieni
459 557 546 585 cli‘ecti
563 558 596 584 ah
620 558 669 584 hoc
692 556 802 588 mundo,
823 561 861 588 et,
878 561 906 583 ut
922 557 978 591 ipse

190 605 240 637 ait,
267 613 300 632 ea:
325 605 438 631 mortuis
457 603 567 630 viventes
579 603 602 618 ⁷⁸
618 602 686 638 (71),
704 609 756 628 n0n
781 602 870 635 nobis,
892 602 918 628 id
936 607 978 629 est

191 658 244 678 non
258 650 335 678 carni
351 650 480 682 vivimus,
495 649 543 676 sed
562 649 627 680 Deo,
644 649 793 675 scentulum
817 655 848 675 ea
871 655 932 682 anc
951 649 976 675 in

1030 236 1143 262 suadeat
1155 235 1222 270 (78).
1241 235 1305 262 Inde
1315 236 1432 270 denique
1446 235 1578 270 est,quod
1595 242 1680 269 usque
1695 235 1729 261 ad
1741 243 1807 261 mm-

1030 286 1084 309 tein
1111 282 1238 316 dignatur
1261 282 1402 314 accedere,
1419 285 1449 309 ut
1465 281 1619 317 exemplum
1637 281 1807 309 obedientir.

1031 333 1058 355 et
1082 328 1214 355 meriendi
1242 328 1354 354 formam
1378 327 1531 355 volentibus
1552 332 1662 362 peccato
1686 332 1716 353 et
1741 327 1808 352 vitiis

1029 373 1115 401 emori
1129 373 1308 408 derelinquat.
1330 373 1361 400 Et
1374 378 1486 408 propter
1498 373 1550 401 hoc.
1565 373 1592 400 in
1609 373 1738 407 prasenti
1754 373 1807 399 loco

1031 420 1176 454 Apostolus
1193 419 1288 447 scribit
1311 419 1414 446 idcirco
1432 426 1494 446 eum
1509 423 1645 446 mortuum
1659 426 1723 445 esse
1733 424 1760 445 et
1772 418 1807 444 vi-

1031 466 1113 498 xisse,
1127 471 1155 493 ut
1169 472 1192 493 et
1203 466 1319 493 vivorum
1332 469 1358 492 et
1373 470 1538 492 mortuorum
1555 465 1706 492 dominetur
1718 473 1730 496 ;
1742 465 1807 490 viro-

1030 519 1100 544 rum,
1112 511 1232 546 profecto
1247 511 1353 538 illorum
1365 511 1411 546 qui
1425 510 1636 539 resurrectionis
1651 510 1712 545 ejus
1726 517 1807 537 eses,

1031 557 1076 593 pio
1091 565 1187 585 novam
1210 561 1236 585 et
1261 557 1402 584 caelestem
1425 556 1452 583 in
1481 557 1565 583 terris
1584 557 1697 591 exigunt
1716 556 1808 584 vitam:

1030 608 1211 635 mortuorum,
1227 602 1336 629 illorum
1350 601 1407 636 (79)
1424 602 1484 629 sine
1502 601 1587 628 dubio
1600 602 1646 636 qui
1665 601 1810 627 mortiﬁca-

1030 649 1130 676 tionem
1149 648 1250 676 Christi
1275 649 1300 675 in
1325 655 1439 683 corpore
1463 655 1514 675 suo
1534 646 1773 677 circumferunt",
1789 653 1810 672 et

191 695 527 730 subsequentibusjungit.
542 694 574 720 In
586 695 633 721 ltoc
649 695 727 726 enim,
745 694 841 729 inquit,
859 693 977 720 Christus
1000 699 1010 719 1t
1030 693 1194 720 tnortilicant
1208 693 1328 720 membra
1347 701 1395 720 sua
1416 701 1477 727 quze
1499 697 1562 719 sunt
1578 699 1658 726 super
1671 692 1811 719 terram".

190 747 311 770 mortuus
327 746 363 768 est
381 746 404 767 et
424 741 490 768 vixit
507 741 576 775 (75),
593 745 621 766 ut
646 745 671 767 et
694 745 856 767 mortuorum
871 745 894 767 et
911 741 977 768 eivo-

191 796 251 815 rum
269 787 428 814 dominetur.
442 786 577 813 Mortuum
600 786 664 813 dicit
684 794 746 814 esse
770 787 906 814 Christum
922 787 978 814 dis-

192 834 351 868 pensatione
366 833 426 860 sine
440 832 522 860 dubio
537 832 687 867 passionis;
702 833 800 860 vixisse
815 839 904 859 autem
930 840 978 866 per

191 883 389 907 sacramentum
407 879 627 906 resurrectionis.
644 878 721 906 Unde
745 883 773 906 et
799 878 877 905 nobis
891 878 979 912 primo

190 926 327 960 passionis
350 929 378 952 et
395 924 626 957 mortiﬁcationis,
646 929 738 959 postea
758 925 839 951 etiam
857 932 979 952 resurre-

191 971 290 998 ctionis
307 976 335 998 et
358 972 420 998 vine
444 970 575 998 novitatis
608 969 719 1004 reliquit
739 969 902 1004 cxetnplum.
925 969 978 996 Sed

191 1022 298 1044 moveat
321 1017 438 1052 aliquem
459 1016 583 1045 fortassis
597 1015 668 1051 quod
686 1016 754 1043 dicit
766 1016 921 1051 Apostolus,
939 1016 979 1042 id-

189 1064 265 1091 circo
285 1068 420 1091 mortuum
440 1071 501 1091 esse
520 1067 547 1090 et
569 1062 681 1093 vixisse.
711 1067 740 1089 ut
759 1067 928 1089 mortuorum
951 1066 979 1089 et

189 1110 314 1138 vivorum
335 1110 507 1141 dominetur;
528 1109 604 1144 quasi
622 1109 668 1143 qui
685 1109 737 1136 hoc
757 1108 861 1136 dederit
878 1107 976 1135 intelli-

189 1154 320 1189 gendum,
343 1155 414 1189 quod
445 1154 495 1182 nisi
526 1158 652 1181 mortuus
679 1153 785 1186 fuisset,
810 1158 977 1180 mortuorum

189 1201 359 1228 dominatum
384 1208 436 1228 non
463 1200 622 1232 habuisset;
651 1205 678 1227 et
699 1199 751 1226 nisi
779 1203 838 1237 post
862 1204 978 1226 mortem

190 1253 297 1273 rursum
317 1246 440 1279 vixisset,
454 1253 507 1273 non
529 1245 660 1273 tenuisset
671 1245 885 1272 dominationem
903 1245 978 1272 vivo-

191 1300 261 1319 rum.
281 1291 335 1319 Sed
356 1292 389 1319 ad
407 1292 464 1319 lucc
480 1291 516 1318 ita
540 1291 761 1326 respondendum
781 1297 854 1327 puto.
869 1291 978 1318 Duobus

189 1345 222 1364 ex
249 1338 336 1365 modis
368 1341 475 1365 constat
503 1337 529 1363 in
555 1344 662 1364 omnem
690 1342 843 1365 creaturam
875 1337 977 1365 Christi

189 1384 349 1411 doimnatio.
368 1383 439 1416 Uno,
465 1390 514 1418 per
535 1390 615 1418 quem
635 1388 661 1411 ut
685 1383 800 1411 Creator
814 1384 935 1412 omnium
951 1387 978 1410 et

190 1435 351 1465 potestatem
380 1438 477 1465 gerens
504 1430 709 1461 universorum,
728 1431 753 1457 vi
777 1430 928 1466 maiestatis
950 1434 977 1457 et

193 1477 358 1504 necessitate
384 1477 510 1511 potentia:
534 1476 592 1511 (76)
617 1477 698 1504 habet
723 1481 820 1504 cuncta
844 1475 975 1511 subjecta,

1065 739 1147 774 662
1162 739 1208 766 Ait).
1230 739 1305 772 Quod
1319 739 1342 766 si
1360 739 1416 766 hac
1428 737 1463 766 ita
1475 746 1505 766 se
1516 738 1618 765 habent
1631 746 1638 764 :
1654 737 1708 769 Tu,
1718 738 1811 772 inquit,

1031 793 1113 820 quare
1132 785 1241 820 judico:
1265 784 1322 820 (80)
1346 784 1456 819 fratrem
1484 785 1580 811 tuum?
1602 784 1655 810 Aut
1680 789 1710 810 tu
1737 792 1812 818 quare

1032 830 1132 864 spernis
1149 830 1260 864 fratrem
1278 835 1351 857 tuum
1360 830 1394 862 ⁸³,
1413 837 1475 857 cum
1501 829 1560 857 sive
1587 829 1765 856 mortificatio
1782 831 1810 856 sit

1032 876 1058 903 in
1080 881 1106 903 te
1121 877 1214 904 carnis
1230 881 1257 904 et
1273 876 1412 908 vitiorum,
1430 883 1484 903 non
1509 883 1541 903 ex
1567 880 1593 903 te
1613 881 1673 903 orta
1704 876 1750 906 sit.
1770 876 1811 901 Sed

1030 921 1132 949 Christi
1150 927 1237 949 morte
1252 922 1350 949 donata
1367 931 1374 949 :
1392 922 1450 949 sive
1469 921 1516 949 tibi
1536 921 1645 949 novitas
1657 922 1721 948 vitae
1734 921 1811 950 est".

1029 973 1057 995 et
1082 968 1108 994 in
1135 967 1216 995 terris
1241 967 1386 994 ambulans
1416 967 1656 994 conversationem
1681 966 1766 994 habes
1789 966 1812 993 in

1029 1013 1148 1046 melis",
1167 1012 1268 1040 Christi
1282 1013 1334 1041 hoc
1352 1013 1554 1041 resurrectione
1571 1013 1726 1040 merueris!
1746 1013 1813 1040 Bene

1030 1062 1120 1085 autem
1135 1059 1277 1093 utriusque
1289 1058 1346 1085 vitii
1365 1064 1456 1086 notam
1474 1058 1621 1085 vernacula
1636 1058 1812 1092 appellatione

1029 1104 1158 1139 signavit,
1176 1103 1215 1131 illi
1238 1104 1348 1139 quidem
1368 1104 1463 1132 dicens
1484 1103 1561 1139 (8|):
1579 1103 1673 1136 Quare
1696 1104 1813 1138 sper-is!

1029 1150 1062 1178 Et
1074 1151 1137 1178 huic
1151 1160 1157 1178 :
1172 1149 1262 1184 Quare
1270 1150 1379 1186 iudicas
1397 1150 1505 1185 fratrem
1519 1151 1616 1177 tuum?
1635 1150 1733 1178 Solent
1749 1152 1812 1178 enim

1029 1197 1055 1224 hi
1069 1197 1116 1232 qui
1140 1196 1337 1232 aliquantulum
1358 1197 1484 1224 videntur
1500 1198 1526 1224 in
1545 1197 1664 1225 scientia
1683 1196 1741 1231 (8!)
1757 1204 1811 1230 ραν

1028 1243 1139 1275 fecisse,
1156 1250 1284 1278 spernere
1305 1247 1335 1270 et
1356 1242 1434 1269 nihili
1455 1242 1556 1270 ducere
1573 1250 1623 1269 eos
1647 1241 1695 1276 qui
1719 1241 1811 1268 altioris

1029 1289 1213 1324 intelligentiae
1228 1290 1318 1316 minus
1328 1296 1441 1324 capaces
1455 1294 1536 1321 sunt;
1553 1289 1715 1316 econtrario
1731 1294 1811 1315 autem

1029 1337 1146 1371 imperiti
1163 1341 1191 1364 et
1210 1337 1340 1365 indociles
1357 1336 1447 1371 judica
1455 1344 1494 1369 re,
1511 1337 1564 1364 hoc
1585 1340 1630 1363 est
1645 1337 1771 1363 incusare
1789 1340 1811 1361 ct

1030 1383 1216 1411 condemnare
1227 1390 1274 1410 eos
1287 1383 1334 1418 qui
1351 1383 1449 1410 altiora
1464 1387 1494 1410 et
1510 1382 1694 1417 profundiora
1713 1381 1812 1416 perqui-

1028 1433 1103 1463 runt,
1122 1436 1203 1464 quam
1218 1429 1269 1463 ipsi
1282 1436 1379 1463 capere
1389 1433 1437 1456 aut
1451 1429 1559 1464 assequi
1577 1433 1694 1463 possunt
1709 1429 1771 1464 (85).
1786 1427 1811 1454 Et

1029 1475 1090 1502 ideo
1104 1475 1259 1510 Apostolus,
1270 1482 1400 1502 resecare
1415 1474 1525 1509 culpam
1548 1474 1645 1501 volens
1657 1481 1690 1501 ex
1710 1478 1811 1507 utraque

191 1529 241 1555 pcr
256 1529 334 1556 quem
353 1522 461 1549 modum
481 1530 534 1549 non
552 1522 638 1549 solum
657 1521 735 1549 bonis
747 1527 772 1549 et
788 1523 889 1549 sanctis
903 1529 978 1548 men-
991 1528 1014 1560 ρ
1028 1525 1106 1556 parte
1119 1525 1287 1554 nascentem,
1303 1521 1355 1548 illis
1368 1521 1476 1555 quidem
1497 1520 1635 1555 prmcipit,
1660 1528 1695 1547 ne
1712 1519 1810 1547 inferio-

193 1567 265 1594 tibus
279 1574 311 1594 ac
324 1566 463 1601 spiritibus
474 1567 641 1598 dominatur,
660 1574 755 1594 verum
767 1572 794 1594 et
809 1574 936 1602 nequam,
949 1572 977 1595 et

193 1611 305 1646 refugis,
330 1617 357 1639 et
379 1611 422 1639 his
446 1619 515 1647 quos
540 1611 680 1647 Scriptura
706 1612 829 1639 divina"
846 1613 978 1648 malignos

192 1657 305 1692 angelos
320 1657 474 1692 appellavit.
493 1657 597 1687 Idcirco
613 1658 684 1685 enirn
700 1663 727 1685 et
737 1659 919 1691 omnitenens,
935 1659 976 1686 vel

192 1702 364 1737 omnipotens
378 1702 434 1738 (77)
451 1703 561 1735 dicitur,
586 1703 738 1730 secundum
765 1703 836 1737 quod
858 1702 977 1731 Joannes

192 1749 317 1784 designat
332 1749 358 1776 in
381 1749 554 1784 Apocalypsi,
570 1749 663 1778 dicens
677 1758 684 1775 :
701 1749 766 1777 Htec
784 1751 848 1777 dicit
867 1751 912 1784 qui
929 1756 977 1784 est,

191 1799 216 1821 et
237 1795 281 1829 qui
297 1800 365 1828 erat,
382 1800 405 1822 et
420 1797 465 1831 qui
486 1801 609 1824 venturus
634 1801 684 1829 est,
705 1797 910 1831 omnipotens“.
930 1797 978 1824 llic

191 1845 258 1874 ergo
272 1846 343 1866 unus
356 1844 397 1867 est
419 1840 514 1868 modus
527 1848 581 1876 quo
602 1841 726 1869 Christus
743 1841 871 1868 omnibus
891 1841 977 1869 domi-

191 1889 284 1912 natur.
301 1885 379 1913 Alius
400 1893 465 1914 vero
481 1890 532 1919 est,
549 1893 604 1921 quo
620 1891 748 1921 tanquam
767 1888 854 1914 bonus
870 1892 897 1914 et
913 1886 977 1914 boni

193 1929 282 1958 Patris
296 1930 381 1959 Filius
393 1938 448 1959 non
464 1931 523 1959 vult
541 1931 717 1960 rationabiles
737 1931 849 1967 spiritus
866 1933 899 1959 ad
914 1932 978 1959 obe-

191 1976 320 2004 dientiam
337 1976 405 2012 legis
427 1985 483 2005 sua:
496 1977 631 2006 violenter
647 1977 798 2010 inﬂectere,
817 1978 864 2005 sed
880 1986 976 2013 exspe-

190 2025 246 2049 ctat
260 2026 289 2049 ut
310 2027 407 2057 sponte
429 2023 548 2057 veniant,
564 2028 593 2051 ut
609 2024 748 2052 voluntate
764 2029 791 2052 et
812 2032 864 2052 non
879 2031 974 2052 neces-

189 2068 270 2095 sitate
283 2067 382 2095 bonum
397 2073 533 2104 quaerant,
548 2074 576 2097 et
590 2070 710 2098 docendo
724 2071 811 2104 magis
828 2078 906 2105 quant
924 2070 974 2098 im-

225 2146 248 2162 "
265 2146 388 2180 Rom.vt,
405 2149 432 2177 4.

190 2189 228 2215 ιν,
244 2183 288 2209 10.
326 2183 461 2213 "Coloss.
479 2192 520 2218 tu,
535 2187 562 2214 5.

232 2252 290 2286 ('15)
305 2252 386 2283 Etlili.
403 2254 454 2281 sive
466 2255 532 2282 enim
549 2256 669 2287 rit-imus,
685 2259 736 2282 etc.

230 2287 288 2323 (74)
304 2287 352 2315 Ms.
371 2288 470 2323 Regius
487 2297 562 2316 nunt.
580 2290 661 2321 1659.
684 2291 752 2317 velut
770 2291 865 2316 morttti
889 2290 978 2317 viren-

194 2323 422 2360 tes._§eth_razteri
438 2332 515 2353 mss..
530 2323 658 2351 Rabanns
673 2330 700 2351 et
713 2325 776 2351 editi
790 2330 819 2352 ut
833 2325 858 2351 in
875 2330 958 2352 textu.

231 2357 287 2393 (75)
306 2357 352 2385 Sic
371 2367 466 2385 omnes
480 2367 546 2385 mss.
565 2361 663 2393 nostri,
677 2360 741 2386 editi
763 2367 826 2386 vero
845 2366 871 2387 et
890 2360 979 2386 Itaba-

194 2399 256 2431 nus.
271 2392 303 2418 In
320 2393 368 2420 hoc
385 2394 453 2420 enim
470 2394 589 2421 Christus
614 2392 734 2421 mortuus
756 2399 805 2428 est,
819 2400 843 2422 et
859 2403 979 2422 resurre-

194 2432 242 2458 τειι,
260 2431 311 2452 etc.

231 2461 286 2496 (76)
302 2461 351 2500 his.
371 2461 470 2500 Regius
487 2463 652 2496 num.1639,
663 2464 736 2491 Unus
749 2469 796 2495 est,
808 2472 852 2498 per
864 2472 974 2498 quem...

194 2503 250 2535 sua:
267 2498 447 2535 majestatiea:
462 2500 613 2535 necessitate
632 2500 767 2532 potentiw,
781 2505 834 2527 etc.
851 2499 903 2526 Sed
920 2507 973 2526 cte—

194 2531 247 2556 teri
260 2537 343 2566 (mssa
365 2531 491 2558 [lulianus
507 2539 533 2560 et
550 2534 614 2560 editi
631 2531 660 2560 ut
673 2534 698 2561 in
715 2538 809 2562 nostro
822 2539 906 2566 textu,
923 2535 973 2561 nisi

194 2564 448 2604 quo_d_pt_i‘st_eriores
460 2567 580 2604 habeant
597 2574 690 2596 ca'tera
701 2569 827 2603 subjecta.

230 2599 289 2640 (77)
307 2599 394 2640 Εόιιίε
413 2601 511 2640 idcirco
528 2603 647 2640 igitur_et
664 2599 837 2640 onmit'cnens,
850 2609 874 2640 et
888 2604 975 2640 omni-7

193 2638 296 2674 potens,
312 2640 366 2674 etc.
384 2634 422 2674 lla
436 2637 526 2674 etiam
539 2634 598 2674 'ms.
612 2637 713 2674 Regius
735 2648 810 2666 num.
828 2639 907 2671 1659,
925 2639 974 2666 nisi

193 2669 389 2728 :ll:l(:g‘(l)tlllllnl
406 2671 496 2704 igitur.
511 2671 563 2698 Sed
579 2669 670 2701 caztcti
683 2682 746 2701 mss.
759 2679 786 2701 et
801 2669 932 2701 Rabanus
947 2679 977 2701 ut

267 2725 271 2728 .
297 2712 322 2728 υ.

193 2710 220 2728 ΙΙΙ
238 2709 322 2729 textu.

230 2737 288 2772 (78)
306 2738 354 2764 Ms.
374 2737 474 2771 Regius
491 2748 565 2768 num.
588 2741 665 2773 1659,
682 2743 756 2769 Alius
772 2752 829 2770 vero
856 2748 894 2770 est
917 2749 977 2770 lun-

193 2779 273 2804 quurn
296 2774 390 2799 bonum
403 2779 427 2800 ct
448 2774 506 2801 boni
521 2774 610 2802 Patris
625 2776 725 2803 Filium
738 2786 790 2804 non
805 2777 911 2804 ultra...
931 2779 975 2805 sed

193 2813 379 2847 exspectat-0.:
396 2817 474 2847 quam
489 2815 664 2844 “torquendo
681 2813 845 2846 persuadere.
862 2813 912 2840 Sed
928 2822 976 2840 ('1'-

193 2843 243 2869 tcri
263 2849 340 2875 mss,
358 2843 482 2873 [tabanus
499 2851 522 2873 ct
542 2847 606 2873 editi
625 2852 653 2874 ut
672 2843 697 2874 in
714 2852 805 2874 nostro
819 2852 902 2875 textu.

472 2151 495 2167 ⁷⁸
506 2151 582 2179 item.
600 2159 656 2182 xtv,
668 2151 693 2178 8.
724 2152 745 2167 ⁷⁷
760 2151 838 2178 Rom.
856 2151 934 2180 v1.5.

1060 2151 1082 2177 rl.
1101 2151 1144 2178 15.
1183 2152 1204 2168 7’
1217 2151 1283 2180 Luc.
1298 2159 1356 2183 vni.
1369 2151 1398 2178 2.
1435 2151 1457 2168 ⁸ο
1472 2151 1558 2186 Apoc.
1577 2159 1596 2186 t,
1612 2151 1641 2179 8.

601 2186 624 2202 ⁵³
638 2186 716 2213 Rom.
733 2186 833 2219 xtV,10.
872 2187 895 2202 “
908 2186 986 2213 Rom.
1005 2193 1040 2219 γι,
1061 2186 1087 2213 4.
1124 2187 1146 2202 ⁸⁵
1162 2185 1256 2222 Philip.
1274 2187 1373 2220 111,20.

1029 1573 1072 1594 res
1093 1571 1223 1601 spernant
1239 1571 1320 1601 atque
1337 1566 1507 1602 despiciant;
1521 1566 1565 1593 bis
1590 1573 1669 1598 vero,
1685 1573 1722 1593 ne
1741 1573 1809 1600 Supe-

1029 1614 1118 1641 riores
1130 1621 1158 1641 se
1171 1613 1301 1648 judicent,
1316 1621 1376 1640 cum
1391 1613 1520 1647 peritiam
1540 1620 1595 1640 non
1611 1613 1737 1640 habeant
1750 1612 1809 1645 judi-

1030 1659 1121 1686 candi.
1141 1659 1272 1692 Quamvis
1291 1667 1357 1694 ergo
1379 1658 1436 1694 (84)
1454 1663 1606 1692 utrumque
1628 1659 1809 1694 reprehendat.

1029 1711 1055 1733 et
1070 1713 1131 1732 eum
1149 1706 1194 1740 qui
1215 1706 1320 1740 spernit
1335 1705 1449 1733 fratrem
1466 1705 1638 1736 inferiorem,
1656 1711 1684 1731 et
1699 1712 1760 1732 etim
1773 1705 1809 1738 qui

1024 1750 1131 1785 judicat
1144 1751 1326 1786 superiorem,
1339 1756 1427 1778 tamen
1443 1755 1473 1777 ut
1488 1752 1652 1778 ostenderet
1667 1752 1744 1778 illum
1759 1760 1809 1786 ευρ

1029 1797 1088 1825 vius
1110 1797 1136 1824 in
1159 1796 1317 1830 iudicando,
1340 1804 1421 1832 quam
1445 1796 1517 1823 hunc
1543 1796 1569 1823 in
1590 1798 1748 1831 spernendo
1765 1798 1808 1823 fra-

1030 1846 1097 1869 trem
1121 1848 1243 1876 peccare,
1262 1842 1363 1869 omissa
1385 1842 1534 1877 spretionis
1561 1842 1655 1876 culpa,
1687 1850 1809 1877 pra-sum-

1030 1886 1149 1921 ptionem
1167 1886 1314 1921 iudicantis
1336 1886 1392 1922 (85)
1416 1887 1511 1916 fratris
1534 1894 1696 1924 exaggerat,
1716 1894 1743 1916 ct
1761 1889 1809 1915 ideo

1031 1932 1058 1960 in
1074 1933 1305 1967 consequentibus
1315 1932 1408 1967 jungit
1425 1940 1433 1960 :

1063 1979 1109 2006 4|.
1131 1979 1227 2006 Omnes
1241 1980 1310 2006 enim
1325 1980 1453 2006 stabimus
1470 1984 1534 2007 ante
1549 1981 1671 2008 tribunal
1682 1981 1807 2009 Dei.Sm'-

1027 2029 1100 2058 ptum
1117 2029 1155 2051 est
1176 2025 1263 2052 enim:
1281 2023 1342 2051 Viro
1363 2033 1422 2060 ego,
1440 2025 1504 2052 dicit
1532 2024 1678 2058 Dominus,
1696 2027 1809 2061 quorum

1029 2069 1093 2096 mihi
1111 2070 1231 2104 ﬂectetur
1245 2078 1322 2098 omne
1336 2079 1416 2106 genu,
1433 2075 1458 2098 et
1470 2071 1643 2105 conﬁtebitur
1665 2073 1749 2099 omnis
1766 2073 1807 2098 lia-

1683 2153 1705 2168 "
1724 2153 1743 2180 ΙΙ
1756 2152 1805 2179 Cor.

1067 2255 1123 2290 (79)
1138 2254 1261 2283 Illorum.
1275 2255 1355 2284 Deest
1369 2256 1396 2284 in
1410 2260 1489 2284 antea
1507 2255 1599 2283 editis.

1067 2290 1123 2324 (80)
1151 2290 1234 2323 Editi,
1256 2297 1284 2318 tu
1307 2296 1395 2318 autem
1416 2292 1480 2326 quid
1495 2291 1615 2325 judicas,
1647 2297 1700 2320 etc.
1723 2291 1805 2319 ὓοίιιδς

1030 2325 1112 2352 iidem
1126 2326 1191 2353 editi
1207 2331 1233 2353 et
1249 2333 1312 2353 mss.
1330 2325 1449 2360 quidam,
1464 2331 1489 2353 et
1503 2326 1530 2352 in
1540 2327 1617 2352 terris
1627 2327 1748 2353 ambulas
1758 2336 1805 2352 ruat-

1029 2360 1198 2396 versationem
1211 2361 1319 2393 habens,
1331 2366 1384 2388 etc.
1406 2361 1458 2388 Sed
1477 2368 1530 2388 ms.
1542 2360 1648 2396 Regius
1668 2370 1742 2388 num.
1754 2361 1805 2388 ltiti

1030 2398 1057 2422 et
1075 2395 1203 2422 [tabanus
1216 2401 1245 2422 ut
1258 2396 1284 2422 in
1299 2402 1391 2422 nostro
1409 2401 1493 2424 textu.

1067 2430 1120 2464 (81)
1140 2430 1220 2462 Edili,
1249 2431 1390 2458 vernacula
1405 2431 1548 2465 appellatio
1579 2432 1705 2466 signat-it.
1726 2431 1805 2457 illidi-

1030 2473 1104 2500 cem,
1123 2470 1190 2497 etc.,
1207 2466 1308 2492 omisso
1323 2466 1440 2498 quidem,
1453 2467 1526 2500 quod
1541 2467 1626 2494 etiam
1640 2467 1772 2493 omittitur
1785 2467 1804 2490 ia

1030 2508 1080 2540 ms.
1099 2499 1271 2540 Regionum.
1285 2500 1353 2528 1659
1367 2504 1396 2528 et
1409 2499 1480 2536 apud
1498 2500 1666 2535 liabanum;
1681 2503 1728 2529 sed
1741 2501 1804 2528 resti-

1029 2536 1113 2561 tuitur
1133 2542 1165 2561 ex
1182 2536 1288 2562 caeteris
1303 2543 1367 2563 mss.

1064 2569 1120 2604 (8‘2)
1135 2569 1167 2596 In
1187 2570 1304 2597 scientia.
1319 2570 1492 2598 Desideratur
1509 2571 1536 2598 in
1551 2571 1646 2598 editis.

1065 2604 1120 2640 (83)
1140 2604 1223 2635 Editi,
1238 2605 1412 2632 condemnare
1428 2611 1451 2633 et
1466 2606 1593 2632 incusare
1610 2615 1656 2634 eos
1669 2608 1745 2637 qui...
1757 2612 1802 2639 qua:

1030 2640 1080 2674 ipsi
1093 2647 1184 2672 capere
1198 2644 1244 2666 aut
1260 2641 1365 2674 assequi
1378 2648 1428 2667 non
1443 2648 1564 2674 possunt.
1578 2641 1625 2669 Sic
1634 2643 1715 2669 etiam
1732 2641 1802 2667 Ralm-

1030 2673 1092 2706 Iius,
1109 2674 1160 2701 nisi
1176 2675 1247 2708 quod
1265 2673 1373 2706 habeat,
1385 2673 1507 2702 incusare
1524 2681 1548 2702 et
1567 2683 1740 2703 contemnere.
1761 2675 1800 2701 Sed

1031 2716 1127 2746 oinues
1151 2716 1215 2736 mss.
1228 2714 1257 2735 ut
1273 2710 1298 2736 in
1316 2715 1408 2737 nostro
1434 2715 1521 2742 textu,
1547 2711 1602 2738 nisi
1620 2712 1694 2746 quod
1709 2712 1799 2746 quidam

1031 2743 1147 2771 habeant
1163 2752 1296 2775 accusare,
1317 2752 1365 2778 pro
1380 2746 1514 2772 incusare.

1067 2778 1123 2847 (8f)
1138 2778 1218 2813 Ergo.
1238 2778 1453 2807 Pra-lermittilut
1472 2780 1499 2806 in
1512 2781 1606 2808 editis.

1067 2813 1111 2846 (85
1139 2814 1185 2840 Sic
1200 2821 1251 2840 ms.
1270 2813 1370 2847 Regius
1382 2822 1455 2842 num.
1472 2815 1555 2842 1659.
1572 2816 1606 2842 Ed

1066 2813 1122 2847 (85)
1139 2814 1185 2840 Sic
1200 2821 1251 2840 ms.
1270 2813 1370 2849 Regius
1382 2822 1455 2842 num.
1472 2815 1555 2842 1659.
1572 2816 1643 2843 Editi
1659 2814 1795 2849 γετὰ]εῶ

1030 2849 1117 2875 randi.
1136 2849 1230 2876 thtcri
1251 2857 1315 2877 mss.
1332 2854 1357 2876 ct
1373 2849 1512 2882 Rabauus,
1528 2851 1654 2882 iudit‘uti,
1671 2853 1743 2878 ιιι-ιΙε.
