1852 3053
12 80 119 109 liti!

12 146 89 170 μιη

12 185 197 213 rtacitarum
223 187 312 212 reddet
339 186 402 213 Deo.
428 185 490 214 Non
515 196 576 221 ergo
604 190 718 225 amplius
746 191 857 219 invicem

12 232 216 261 iudicemus
228 233 292 260 :sed
312 234 360 259 hoc
367 232 489 267 judicate
501 235 594 269 magis,
603 244 634 263 ne
652 238 756 270 ponatis
772 238 858 272 ofen-

12 279 170 306 sionem
186 280 276 314 fratri,
293 280 331 307 uel
346 279 502 306 scandalum
514 281 548 308 ⁸⁸.
573 282 721 310 Assumens
744 285 858 318 Aposto-

12 324 77 352 lus
107 326 185 362 (87)
203 335 299 355 causas
314 334 346 355 ex
361 327 403 354 his
418 328 445 354 in
460 328 558 361 quibus
576 337 630 356 non
649 334 721 356 recte
735 329 858 364 judicant

12 371 51 398 hi
76 373 155 407 qui
167 373 295 407 jndicant
310 373 422 403 fratres.
439 373 504 401 recti
520 379 546 401 et
565 375 630 408 justi
656 375 804 403 introducit
817 377 857 403 di-
881 399 885 404 ,

12 417 102 444 \‘ini
134 418 238 453 judicii
255 418 379 448 formam.
397 423 423 446 et
435 419 494 446 ait:
511 419 608 447 Omnes
627 421 696 447 enim
721 429 768 448 nos
786 428 857 449 stare

15 469 170 498 oportet
187 470 247 491 ante
261 465 377 492 tribunal
392 465 458 499 Dei;
471 474 523 500 quo
537 467 641 494 scilicet
656 468 761 494 noverit
775 467 797 494 is
809 468 855 502 qui

12 507 169 541 iudicat
182 509 305 541 fratrem,
324 514 427 537 tantum
448 518 477 538 sc
494 511 595 538 crimen
620 511 747 539 elationis
765 512 856 539 lllCltr-

15 560 125 586 rere,
152 559 182 581 ut
192 555 308 582 tribunal
329 555 374 583 Dei
388 556 437 583 sibi
456 555 576 584 videatur
587 565 736 591 assumere,
748 562 775 585 et
789 557 856 585 Uni-

14 599 144 634 geniti
154 601 286 635 judicium
304 603 464 636 prterenire.
480 601 579 630 Verum
592 603 655 638 quid
667 603 716 630 sibi
730 604 792 631 velit
806 605 856 632 hoc

17 645 150 679 ipsunl
174 646 245 680 quod
269 646 416 682 Apostolus
437 648 556 675 tribunal
591 648 639 675 Dei
663 656 806 682 memorat,
828 655 856 677 et

15 693 202 725 quomodo
226 693 432 729 intelligendum
457 694 493 722 sit
512 694 663 722 videmnus.
685 695 743 722 Non
766 696 854 724 solum

20 737 127 764 eruit):
145 737 203 773 (88)
222 738 247 765 in
270 739 321 766 hoc
347 739 419 773 loco,
439 741 487 767 sed
509 745 536 768 et
557 742 591 768 ad
618 741 773 770 Corinthios
786 743 854 770 scri-

19 784 136 816 bens,
157 785 303 812 tribunalis
321 785 386 813 l‘acit
408 786 586 815 nihilominus
608 788 785 821 mentionem,
807 789 851 816 tibi

20 829 75 856 ait
94 837 105 856 ε
130 826 250 865 Propter
270 831 342 865 quod
369 832 504 859 studemus
535 833 588 860 sive
619 837 772 867 prrcseates,
798 834 851 861 sire

21 877 180 903 absentes
197 876 301 910 placere
326 877 376 904 illi.
398 877 495 905 0.mnes
518 878 587 904 enim
604 886 650 905 nos
667 879 723 913 (89)
736 879 849 913 manife-

23 921 115 947 stdri
142 925 245 955 oportet
264 927 324 948 ante
336 921 454 948 tribunal
468 922 579 955 Christi,
599 927 627 950 at
643 924 752 957 recipiat
769 932 850 950 unus—

23 967 172 1002 quisque
191 975 238 1001 per
257 975 352 1002 corpus
368 972 447 1001 prout
459 969 549 1003 gessit,
563 969 617 996 sire
630 969 709 1001 bona,
729 970 780 997 sive
793 978 850 996 ma-

22 1013 57 1038 la
67 1012 113 1039 ⁸⁷.
139 1012 197 1040 Sed
211 1017 239 1039 et
253 1013 324 1047 apud
342 1013 482 1041 Danielem
510 1015 671 1049 prophetam
697 1015 850 1042 invenimus

28 1059 114 1085 talia
136 1059 263 1093 qucedam
286 1060 319 1087 de
336 1059 477 1093 iudicandi
492 1061 584 1095 specie
605 1060 751 1095 descripta.
774 1060 850 1088 Vide-

25 1107 121 1137 bam,
144 1106 242 1139 inquit,
260 1111 284 1132 et
300 1114 358 1132 ecce
379 1106 452 1133 sedes
467 1107 560 1140 posin
575 1111 664 1138 erant,
680 1112 704 1133 et
724 1106 849 1134 Vetustas

29 1152 162 1177 dierum
174 1151 290 1183 sedebat,
304 1156 328 1178 et
345 1151 527 1178 indumentum
543 1151 601 1186 ejus
613 1153 679 1179 sicut
693 1153 739 1179 nia:
755 1153 848 1180 candi-
875 1185 877 1187 τ

28 1197 126 1227 dum,
152 1202 174 1222 et
189 1197 278 1231 capilli
290 1197 385 1230 capitis
397 1197 455 1231 ejus
470 1197 539 1224 sicut
556 1198 620 1224 lana
635 1199 744 1225 munda.
764 1198 848 1225 Tltro-

30 1249 92 1268 nus
115 1242 181 1276 ejus
199 1242 307 1276 ﬂamma
322 1243 401 1277 ignis,
418 1247 483 1270 rota:
500 1243 558 1278 ejus
582 1244 651 1278 ignis
663 1244 846 1280 inﬂammatis,

29 1288 152 1322 ﬂuvius
166 1288 232 1322 ignis
256 1289 377 1315 currebat
395 1294 455 1315 ante
471 1289 568 1324 ipsum.
583 1289 680 1316 tilillies
696 1290 780 1317 millia
795 1291 846 1317 mi-

32 1334 204 1360 nistrabant
225 1334 260 1366 ei,
284 1338 307 1361 et
326 1335 412 1361 decies
434 1335 530 1362 millies
546 1335 613 1362 dena
636 1336 721 1362 millia
738 1337 845 1363 assiste-

34 1379 108 1405 bant
140 1385 200 1405 ante
219 1387 287 1406 eum.
317 1379 454 1406 Iudicium
487 1381 625 1407 constituit
649 1381 716 1416 (90),
734 1387 757 1409 et
785 1382 845 1408 libri

36 1425 138 1457 aperti
165 1425 266 1451 sunt“.
292 1425 319 1452 In
346 1425 491 1453 duodecim
514 1434 624 1461 quoque
647 1428 843 1462 prophetarum

36 1471 133 1503 libro,
152 1472 203 1498 sub
228 1472 356 1508 mysterio
383 1472 513 1499 dicitur”
531 1474 594 1508 quia
617 1473 643 1501 in
662 1474 735 1501 valle
761 1474 841 1503 Josa-

36 1520 114 1552 pltat
133 1519 265 1546 Dominus
277 1518 378 1553 judicet
392 1520 519 1554 populum
532 1529 609 1548 suum
625 1529 631 1546 :
651 1522 735 1556 ipsam
755 1527 844 1549 autem

38 1565 150 1592 vallem
165 1564 296 1600 Josaphat
310 1566 389 1601 paulo
405 1572 464 1601 post
481 1566 575 1593 vallem
586 1566 684 1601 judicii
709 1568 842 1595 nominat.

39 1610 102 1638 Sed
129 1612 164 1638 de
179 1611 221 1639 his
247 1619 318 1639 nunc
336 1612 463 1647 singulis,
478 1620 537 1647 qum
556 1613 742 1640 similitudinis
761 1620 844 1640 causa

40 1657 226 1691 protulimus,
250 1658 387 1685 disserere
413 1659 523 1693 longum
541 1658 659 1686 videtur.
686 1659 723 1686 Ea
754 1663 842 1686 tamen

38 1711 107 1738 qua:
136 1704 170 1731 ad
192 1703 348 1731 Corinthios
370 1704 512 1738 scripsisse
530 1703 690 1739 Apostolum
711 1704 840 1737 diximus,

42 1750 224 1778 conferentes
246 1758 308 1778 cum
328 1750 455 1784 praesenti
482 1750 552 1783 loco,
576 1750 617 1778 vel
649 1749 756 1777 caeteris
783 1758 843 1784 quae

42 1797 122 1831 apud
148 1797 298 1831 prophetas
311 1797 480 1832 (9l)scripta
511 1795 735 1826 memoravimus,
752 1795 844 1823 decla-

43 1843 102 1870 rari
123 1843 247 1870 videmus
270 1850 301 1869 ex
326 1843 454 1869 omnibus
474 1841 629 1869 certissime
647 1840 764 1868 futurum
781 1848 841 1868 csso

40 1888 179 1922 judicium
199 1889 263 1920 Dei;
280 1888 358 1922 cujus
383 1888 490 1922 species
511 1887 658 1914 utinotior
685 1887 841 1914 hominibus

47 1934 141 1966 lierel,
160 1933 298 1967 judicandi
325 1933 412 1960 forma
432 1940 464 1959 ex
489 1932 530 1959 his
547 1940 607 1966 qua:
624 1932 694 1959 inter
717 1932 840 1958 homines

45 1984 183 2013 geruntur
206 1984 346 2012 assumpta
372 1981 424 2007 cst.
449 1985 504 2012 quo
531 1976 635 2004 scilicet
653 1984 837 2007 nosceremus,

45 2025 112 2057 quia
132 2024 203 2051 sicut
218 2023 300 2059 judex
318 2023 370 2051 iste
386 2029 510 2050 terrenus
533 2022 674 2049 celsiorem
694 2023 838 2056 quemdam

47 2069 142 2097 locum
156 2069 228 2104 quod
248 2069 365 2096 tribunal
382 2069 543 2104 appellatur,
560 2068 695 2100 ascendit,
713 2071 741 2094 ut
759 2075 790 2094 ex
808 2075 841 2095 eo

83 2139 108 2155 ⁸⁵
126 2139 203 2166 “Olli.
219 2147 273 2171 xtv,
296 2139 386 2166 10-15.
425 2139 448 2155 ⁸⁷
465 2138 563 2166 ||.Cor.
581 2145 608 2167 v.
628 2137 654 2168 9,
673 2137 715 2164 i0.

48 2174 68 2190 "
88 2175 95 2201 |
118 2176 179 2202 Cor.
204 2182 240 2207 ιν,
259 2174 285 2201 5.
325 2175 347 2190 ⁸⁸
363 2175 370 2201 |
385 2175 448 2202 Cor.
466 2174 552 2206 In,15.
591 2173 613 2188 ³³
630 2174 727 2207 Ephcs.
751 2181 774 2205 \',
793 2173 835 2199 15.

546 85 725 114 COMMENT.
746 86 779 114 IN
798 86 907 115 EPIST.
928 87 975 114 AD
991 85 1075 115 ROM.
1093 86 1158 115 LIB.
1176 86 1223 116 IX.

145 139 215 167 lico.
237 139 332 174 Itaque
360 139 416 175 (86)
435 143 613 178 unusquisque
631 149 751 172 nostrum
766 154 814 180 pro
831 154 858 174 se
872 147 896 175 Α
909 144 991 172 altior
1002 148 1030 172 et
1039 145 1204 172 eminentior
1222 145 1330 172 caeteris
1342 145 1388 179 qui
1397 144 1536 180 judicandi
1548 151 1621 178 sunt,
1638 148 1698 182 liat,

763 2137 785 2153 ⁸³
801 2137 867 2163 Dan.
883 2145 930 2168 vn,
948 2137 1033 2168 9,10.
1083 2137 1092 2152 ⁸

768 2193 774 2199 .
793 2173 835 2199 15.
873 2172 895 2188 υτ
912 2174 978 2199 Dan.
993 2180 1040 2199 ιιι.
1060 2173 1092 2199 10

1630 89 1699 117 1212

910 198 943 217 ne
955 195 1128 225 conspectum
1138 191 1196 226 ejus
1205 191 1308 218 lateant
1318 191 1358 219 vel
1369 199 1476 220 reorum
1489 190 1544 227 (92)
1554 193 1698 227 supplicia,

909 235 952 262 vel
981 235 1157 271 allegationcs
1185 237 1390 270 innecentium;
1409 237 1445 264 ita
1470 237 1650 272 intelligamus
1670 244 1699 266 et

905 281 1023 315 judicent
1034 282 1153 309 onmium
1165 282 1303 310 Christum
1324 289 1420 309 natura
1436 287 1463 310 et
1476 283 1617 317 majestate
1631 291 1699 310 cun-

908 324 960 351 ctis
986 325 1152 352 eminentem
1175 326 1355 360 introspicere
1372 326 1455 354 corda
1470 332 1497 353 et
1516 328 1698 356 conscientias

907 369 1087 404 singulorum,
1108 371 1284 399 manifestare
1300 372 1417 404 occulta,
1433 378 1456 400 et
1469 373 1576 400 obtecta
1595 374 1698 401 revela-

907 422 947 448 re,
964 421 993 442 ut
1006 417 1124 444 ctbonis
1142 417 1249 445 actibus
1266 418 1374 445 tandem
1391 419 1538 450 tribuat.et
1556 419 1618 446 mali
1636 427 1694 455 pm-

906 469 968 489 nam
996 470 1076 496 quant
1096 468 1234 491 merentur
1252 464 1391 498 excipiant
1407 464 1472 500 (93).
1496 464 1572 498 Quod
1598 466 1619 492 si
1639 474 1696 492 ma-

907 512 951 534 net
968 508 1048 544 663
1061 508 1325 543 futurumjudicium
1341 509 1398 542 Dei,
1415 515 1442 537 et
1453 510 1506 537 tale
1519 511 1652 544 judicium
1668 512 1694 539 in

906 560 959 587 quo
976 561 1029 581 non
1050 555 1138 582 solum
1163 555 1351 589 unusquisque
1378 556 1489 591 recipiet
1513 565 1562 591 pro
1587 558 1695 585 actibus

905 599 972 632 suis,
986 600 1032 626 sed
1047 605 1072 627 et
1083 608 1131 635 pro
1149 601 1222 628 omni
1240 601 1328 628 otioso
1341 601 1423 628 verbo
1440 602 1534 630 reddet
1549 604 1693 637 rationem,

905 646 1052 673 secumlum
1087 648 1252 674 sententiam
1291 647 1399 674 Domini
1434 648 1458 663 ’θ
1483 657 1489 675 :
1517 649 1694 683 cogitationes

904 698 1012 726 quoque
1044 693 1121 719 make
1158 692 1224 728 (94)
1264 692 1479 721 confutabuntur
1515 695 1694 729 redarguente

904 738 1082 770 conscientia,
1099 743 1126 766 et
1139 739 1165 766 in
1183 739 1310 766 omnibus
1327 740 1504 774 unusquisque
1518 745 1632 766 nostrum
1647 748 1693 774 pro

904 790 931 809 se
943 783 1071 810 rationem
1092 785 1182 811 reddet
1204 784 1269 811 Deo.
1294 785 1354 812 Non
1367 794 1438 821 ergo,
1455 786 1561 820 inquit,
1580 785 1694 819 amplius

868 819 888 847 Β
903 828 1013 855 invicem
1035 828 1198 863 judicentas,
1222 831 1294 857 sicut
1317 835 1344 858 et
1368 819 1404 857 ini
1420 830 1479 858 aliis
1494 831 1560 857 dicit
1576 839 1583 858 :
1599 830 1694 865 Itaque

901 873 980 900 nolite
997 879 1058 901 ante
1084 880 1183 909 tempus
1208 877 1271 911 quid
1293 876 1427 911 judicare,
1449 885 1582 911 asquequo
1605 877 1693 904 veniat

899 918 1029 945 Dominus
1043 920 1088 954 qui
1104 920 1264 946 illaminabit
1278 920 1382 946 occulta
1401 921 1578 954 tenebrarum,
1591 926 1615 948 et
1633 929 1692 948 ma-

901 964 1037 997 nifestabit
1053 965 1166 992 consilia
1181 966 1299 992 cordium
1312 975 1321 994 :
1336 972 1358 993 et
1373 972 1434 993 tunc
1449 966 1509 993 laus
1522 967 1570 994 erit
1588 967 1693 994 unicui-

900 1017 949 1044 que
971 1017 987 1035 a
1020 1009 1072 1036 Deo
1091 1011 1112 1026 ⁹¹
1132 1010 1200 1045 (95),
1224 1011 1377 1039 Nudabitur
1404 1013 1476 1039 enim
1500 1013 1645 1045 universae,
1663 1017 1693 1039 nt

900 1062 949 1089 ego
965 1055 1097 1089 arbitror,
1112 1061 1249 1085 creaturae
1265 1058 1418 1085 rationabili
1435 1066 1484 1085 cor
1503 1065 1646 1090 nostrum,
1665 1063 1692 1086 et

900 1100 1093 1128 revelabuntur
1118 1102 1240 1136 occulta,
1261 1103 1302 1130 rel
1326 1104 1407 1131 etiam
1433 1104 1689 1132 manifestabuntur.

898 1145 948 1174 Est
971 1147 1043 1174 enim
1069 1147 1233 1176 diﬂ'erentia.
1259 1148 1391 1177 Videntur
1420 1151 1492 1177 enim
1519 1158 1550 1178 ca
1581 1152 1689 1185 quidem

897 1201 958 1228 qua:
981 1194 1149 1227 revelantur,
1176 1196 1210 1222 ad
1237 1196 1321 1223 malos
1346 1196 1503 1230 pertinere,
1529 1197 1562 1224 dc
1591 1197 1691 1231 quibus

897 1239 1016 1268 dicitur:
1032 1239 1066 1267 In
1092 1241 1151 1276 igne
1169 1242 1239 1269 enim
1247 1242 1415 1282 ’revelabitnr
1431 1243 1474 1276 ";
1490 1251 1521 1269 ea
1540 1251 1606 1270 vero
1627 1251 1689 1278 qua:

898 1286 1124 1321 manifestantnr,
1147 1289 1181 1315 ad
1205 1289 1309 1321 bonos;
1332 1293 1360 1316 et
1384 1289 1445 1316 ideo
1465 1290 1565 1317 dicitur
1583 1300 1588 1317 :
1606 1289 1690 1317 Omne

895 1333 964 1360 enim
984 1333 1055 1368 quod
1070 1333 1267 1369 manifestatur,
1279 1334 1326 1361 lux
1337 1339 1374 1361 est
1389 1334 1429 1367 ";
1442 1339 1470 1361 et
1485 1339 1612 1369 tanquam
1628 1335 1688 1362 libri

896 1379 1008 1414 quidam
1036 1380 1179 1415 descripti,
1205 1379 1245 1407 vel
1275 1380 1377 1407 tabula:
1402 1380 1494 1408 incisas
1517 1381 1689 1408 continentes

896 1423 1005 1451 litteras
1031 1430 1142 1452 actuum
1171 1425 1422 1460 cogitationumque
1452 1431 1625 1458 nostrarum,
1653 1427 1688 1454 ab

896 1470 982 1503 omni,
1001 1475 1029 1498 ut
1046 1471 1164 1498 diximus
1177 1493 1184 1504 ,
1199 1475 1325 1499 creatura
1342 1472 1498 1500 rationabili
1521 1472 1686 1508 relegeulttt‘.

858 1502 880 1531 δ
898 1516 932 1543 Ει
949 1502 1001 1544 hoc
1016 1522 1057 1544 est
1071 1518 1143 1552 quod
1161 1502 1281 1545 arbitror
1293 1518 1410 1546 indicari
1425 1527 1473 1553 per
1488 1502 1623 1547 Daniel‘cm
1639 1519 1683 1546 ubi

896 1562 983 1589 dicit:
1001 1562 1033 1589 Et
1053 1563 1114 1589 libri
1128 1564 1211 1598 aperti
1230 1569 1290 1590 sunt
1315 1564 1348 1598 “,
1366 1565 1411 1600 qui
1434 1564 1538 1592 scilicet
1558 1566 1583 1592 in
1605 1566 1686 1592 corde

896 1615 970 1635 nunc
986 1608 1096 1636 involuti
1119 1615 1182 1636 sunt
1202 1615 1229 1636 et
1250 1610 1370 1644 obtecti,
1392 1611 1563 1638 continentes
1576 1612 1685 1645 quidem

896 1654 997 1688 scripta
1029 1662 1089 1688 qua:
1125 1656 1244 1690 gerimus
1271 1658 1339 1692 (96),
1372 1663 1400 1684 et
1427 1658 1498 1684 nolis
1524 1658 1684 1692 quibusdam

895 1700 1069 1727 conscientiae
1091 1702 1204 1734 saluati,
1239 1711 1289 1731 ncc
1318 1709 1406 1731 tamen
1426 1704 1470 1730 ulli
1491 1705 1542 1731 nisi
1566 1705 1614 1732 soli
1632 1705 1685 1731 Due

895 1746 1006 1780 cogniti.
1024 1745 1070 1772 lsti
1088 1754 1154 1782 ergo
1170 1747 1228 1774 libri
1248 1749 1346 1776 anima:
1357 1755 1469 1782 nostrte,
1486 1750 1526 1776 vel
1541 1751 1580 1777 hac
1595 1751 1685 1778 cordis

897 1792 983 1818 nostri
1017 1793 1122 1827 pagina:
1152 1794 1313 1828 aperientur
1347 1794 1372 1821 in
1414 1802 1562 1830 conspectu
1594 1797 1683 1823 throni

894 1836 1025 1869 ﬂatinuci,
1059 1844 1083 1865 ct
1115 1843 1235 1865 rotarum
1264 1840 1334 1873 ignis
1358 1841 1489 1871 ardentis,
1512 1846 1538 1868 ct
1567 1841 1684 1868 llutninis

895 1883 964 1918 ignei
982 1891 1013 1910 ac
1029 1885 1215 1918 percurrentis
1230 1890 1293 1911 ante
1312 1884 1451 1912 Vetnslum
1469 1886 1573 1912 dierum
1587 1887 1620 1913 θ’.
1640 1886 1684 1913 \‘i-

894 1929 994 1955 (lt‘blllll
1009 1930 1080 1962 bare,
1099 1935 1125 1956 et
1145 1930 1235 1964 legent
1251 1930 1332 1957 etiam
1348 1931 1448 1965 anguli,
1471 1937 1498 1957 et
1520 1932 1563 1958 illa
1587 1933 1683 1959 millies

894 1974 976 2000 millia
994 1975 1162 2009 angulorum,
1177 1981 1204 2002 et
1223 1977 1312 2004 decies
1336 1977 1432 2005 millies
1448 1979 1513 2004 dena
1536 1979 1618 2005 millia
1634 1980 1684 2005 mi-

894 2019 1045 2047 nistrorum
1061 2021 1095 2052 ³⁵,
1113 2026 1139 2047 et
1157 2022 1193 2047 ita
1210 2021 1356 2048 criminum
1373 2030 1526 2049 nostrorum
1544 2023 1569 2050 in
1585 2024 1682 2058 quibus

896 2074 967 2093 nunc
993 2075 1076 2093 unum
1095 2066 1189 2094 saltem
1207 2073 1301 2095 testem
1323 2069 1378 2103 pati
1400 2069 1601 2101 coul'nndinnn',
1625 2077 1683 2096 cu:-

1083 2137 1106 2152 ⁸⁹
1121 2137 1189 2164 Jocl.
1208 2145 1250 2170 Ill,
1266 2138 1292 2170 9.,
1313 2137 1355 2165 12.
1409 2139 1431 2154 ἰ’
1448 2138 1542 2166 Matth.
1563 2147 1611 2172 xu,
1635 2140 1680 2168 56,

1142 2173 1163 2188 ⁸³
1183 2173 1248 2200 ibid.
1266 2175 1292 2200 9.
1348 2174 1371 2189 ⁹¹¹
1388 2174 1452 2201 ibid.
1471 2175 1502 2201 10

86 2233 143 2268 (86)
163 2233 254 2268 Itaque
269 2234 445 2268 unusquisque
472 2238 588 2260 nostrum
604 2241 650 2267 pro
666 2242 692 2259 se
709 2234 838 2260 rationem
855 2235 877 2264 D
892 2233 943 2262 cia.
963 2238 1015 2258 t-tc.
1033 2233 1134 2260 Deinde
1149 2233 1213 2260 editi
1228 2234 1354 2259 omittunt
1368 2235 1477 2260 itaante
1492 2234 1679 2268 intelligamus;

50 2270 139 2295 reddet
166 2269 228 2294 lica.
250 2268 311 2294 Non
337 2277 397 2301 ergo
414 2269 526 2302 amplius
550 2269 656 2295 invicem
673 2269 836 2302 judicemus,

51 2304 94 2328 sed
107 2304 154 2329 hac
164 2303 285 2337 jmlicute
299 2305 393 2338 tttttgis,
405 2312 435 2329 ac
447 2303 550 2336 ponatis
567 2305 734 2338 o/fensiotn-m
748 2306 837 2337 tratri,

51 2339 88 2364 vel
105 2339 270 2365 scandalum.
288 2338 357 2368 llzcr,
373 2347 432 2372 qua:
448 2341 593 2365 restituunt
615 2347 678 2365 mss.
702 2344 726 2365 et
745 2338 838 2367 Raba-

53 2381 113 2403 nus,
129 2373 155 2399 in
170 2373 245 2399 libris
258 2379 337 2399 antea
359 2374 438 2400 editis
455 2382 507 2399 non
525 2378 693 2408 couinparcnl.

88 2407 143 2442 (87)
164 2408 314 2441 Apostolus.
331 2408 410 2435 Deest
423 2408 447 2434 in
462 2409 588 2434 unmibus
604 2417 667 2435 mss.
685 2409 797 2443 nostris,
812 2414 839 2437 et

53 2444 121 2477 apud
138 2443 288 2475 Rabanum,
307 2443 353 2470 sud
371 2448 458 2469 exstat
475 2443 500 2469 in
516 2444 604 2469 editis.

87 2477 140 2512 (88)
161 2479 237 2504 Deest
252 2479 319 2504 enim
340 2478 364 2503 in
381 2479 459 2504 libris
474 2482 550 2503 antea
567 2479 657 2504 editis.

86 2513 139 2549 (89)
156 2513 232 2549 [inim
254 2521 311 2539 nas.
328 2512 390 2549 lignc
408 2514 487 2539 verba
501 2513 692 2539 desiderantur
706 2515 730 2540 in
744 2515 835 2543 editis.

87 2549 141 2583 (00)
159 2548 239 2578 Editi,
255 2553 319 2574 ruite
334 2548 467 2583 ejusignis
477 2548 717 2582 accensus,ﬂuvius
734 2550 836 2583 igneus.

55 2580 149 2609 Milliés
167 2583 249 2608 millia
266 2580 418 2609 ministranl
433 2584 489 2610 ei...
507 2580 662 2609 assistebant
681 2592 714 2612 et.
731 2580 755 2610 et
771 2590 830 2611 ante

56 2624 110 2643 cum
123 2618 252 2651 judicium
270 2619 451 2650 constitutum,
469 2624 522 2645 etc.
541 2618 643 2644 Delmle
668 2620 748 2645 iidem
771 2620 836 2646 editi

56 2656 79 2677 et
96 2661 156 2679 iuss.
173 2653 295 2686 quidam,
309 2652 340 2679 In
353 2654 508 2680 duodecimo
522 2661 632 2687 quoque,
650 2660 701 2680 ('lC.

89 2687 140 2721 (91)
155 2688 191 2713 Ita
212 2696 262 2714 ms.
283 2688 382 2722 llegius
399 2696 471 2714 num.
493 2688 560 2715 165)
578 2694 605 2715 ct
621 2689 759 2716 liabmus.
778 2690 835 2716 Ca:—

59 2724 103 2748 lcri
119 2730 178 2749 vero
190 2730 255 2750 mss.
266 2728 293 2748 et
307 2724 384 2754 editi,
396 2724 560 2756 prop/telam.

89 2757 140 2791 (92)
160 2757 241 2790 Editi,
258 2765 288 2784 ne
301 2758 450 2790 conspectui
461 2759 518 2792 ejus
531 2759 628 2785 lateant
644 2759 680 2786 vel
693 2759 834 2790 maturam,

57 2796 106 2818 utr.
121 2792 166 2818 Ms.
183 2792 283 2826 Regius
297 2801 372 2828 num.
390 2793 469 2823 1659,
487 2801 517 2819 ne
535 2801 686 2826 conspectus
713 2797 770 2828 rjus
795 2795 833 2819 tu-

60 2831 105 2852 tcat
118 2827 150 2854 rel
166 2835 268 2854 reorum
282 2827 433 2862 (llabanus,
449 2831 546 2855 lateant
566 2831 601 2856 rrl
621 2827 835 2865 rettttttjsttppll-

890 2272 916 2293 ct
932 2267 1010 2300 paulo
1028 2274 1087 2301 post
1103 2270 1211 2300 habent,
1229 2269 1331 2294 ctrtcris
1343 2269 1506 2295 eminentem.

926 2302 981 2338 (93)
999 2303 1044 2328 Sic
1061 2302 1198 2335 liabanus,
1217 2312 1266 2329 ms.
1281 2303 1379 2337 lit-gius
1392 2312 1464 2330 num.
1482 2304 1546 2330 1659
1560 2309 1585 2330 cl
1602 2306 1677 2332 cdili.

890 2337 954 2364 Mss.
973 2345 1036 2363 Vct'u
1052 2339 1185 2372 plerique,
1203 2343 1228 2364 et
1247 2340 1332 2364 mulos
1351 2347 1426 2372 poena
1446 2347 1525 2372 quam
1545 2348 1679 2366 uterentur

889 2373 1012 2406 excipiat.

927 2409 983 2442 (04)
999 2407 1034 2433 Ita
1053 2415 1103 2434 ms.
1119 2408 1219 2442 Regius
1236 2415 1309 2434 nunt.
1325 2408 1401 2435 1659.
1421 2409 1490 2435 Editi
1508 2418 1572 2435 rem
1585 2432 1591 2441 ,
1608 2411 1676 2436 reci»

889 2443 941 2477 piet
960 2451 1006 2477 pro
1024 2443 1135 2474 actibus,
1150 2445 1195 2469 sed
1211 2451 1258 2476 pro
1270 2445 1341 2469 omni
1355 2444 1429 2470 verba
1452 2445 1535 2471 otioso
1552 2448 1676 2472 reudciur

890 2478 1004 2505 ratio....
1024 2478 1247 2512 cogitationesque
1270 2479 1359 2511 maliv,
1377 2485 1430 2505 etc.
1452 2482 1547 2506 (indeii
1566 2490 1630 2507 mss.
1650 2486 1677 2507 et

890 2513 1030 2550 “altanus,
1065 2513 1184 2550 redditur
1216 2513 1331 2550 ratio....
1361 2515 1532 2548 cogitationes
1567 2524 1676 2550 quicque

891 2557 899 2583 (
912 2548 1050 2580 llabanus,
1068 2547 1187 2582 quaque)
1202 2548 1290 2579 malw,
1304 2553 1356 2575 etc.

926 2584 983 2618 (95)
998 2584 1073 2610 Sicut
1085 2589 1107 2609 et
1121 2592 1147 2609 ιη
1162 2585 1222 2609 aliis
1232 2583 1296 2608 dicit
1311 2591 1321 2610 :
1338 2583 1430 2618 Itaque
1441 2584 1521 2610 nolite
1535 2593 1594 2611 ante
1611 2592 1676 2612 lci"-

890 2627 938 2651 pus
956 2618 1158 2653 qutdjudicare,
1175 2625 1240 2650 elc.,
1259 2626 1345 2652 usque
1361 2623 1410 2649 ad,
1427 2626 1448 2644 et
1471 2626 1532 2645 tum:
1549 2621 1607 2646 lttttS
1626 2627 1674 2648 cnt

891 2654 1030 2687 unicuique
1049 2662 1065 2680 ιι
1092 2653 1155 2680 Uco.
1175 2653 1237 2680 llaec
1255 2654 1443 2680 desiderantur
1463 2655 1489 2680 in
1515 2656 1610 2687 cuius;
1627 2657 1674 2682 sed

891 2689 1071 2724 restituuntur
1093 2696 1124 2714 cx
1142 2697 1207 2716 nus.
1229 2689 1337 2715 nostris.
1365 2688 1414 2715 Ms.
1431 2693 1518 2715 laturn
1543 2699 1611 2717 unus
1627 2699 1674 2724 pro

890 2723 933 2760 his
952 2724 1040 2760 verbis
1053 2724 1146 2755 habet,
1164 2726 1206 2750 sed
1222 2724 1270 2750 hoc
1281 2724 1401 2757 judicate
1419 2725 1512 2758 magis.
1528 2734 1558 2751 ne
1569 2723 1672 2760 μυηιζ-ιιε

890 2757 1079 2792 offendiculum
1102 2761 1187 2793 fratri,
1207 2759 1246 2785 vel
1270 2759 1424 2786 scandalum
1438 2781 1445 2793 ,
1465 2762 1534 2793 quod
1563 2757 1674 2787 inlinunt:

891 2795 1009 2819 enini-ret
1027 2801 1087 2819 cum
1106 2796 1292 2827 st'qtu-ntibus.

926 2828 982 2861 (96)
1006 2827 1086 2860 Εαὶιι,
1112 2830 1231 2862 ([lttt'tlulu
1255 2830 1351 2863 scripta
1368 2839 1423 2864 qua
1442 2831 1564 2864 grrintus.
