1831 3052
191 113 261 141 12ίό

919 109 1079 138 οῐιιῦΕΝιε

1750 102 1797 134 lii;

190 170 297 197 testium
330 174 394 196 tunc
417 173 548 196 Virtutum
574 172 657 196 testes
680 172 805 196 catervas
831 168 986 195 innumera-
1000 171 1022 198 Α
1036 167 1194 203 Apostolus.
1207 167 1284 201 Quod
1298 171 1390 195 tamen
1404 174 1460 196 non
1472 170 1515 195 est
1530 166 1677 194 carnaliter
1688 167 1798 201 accipien-

191 215 260 243 bilcs
283 216 429 248 patiemur.
461 215 527 242 Cum
553 220 645 242 autem
676 215 777 242 Paulus
803 214 892 245 dicat,
920 214 984 248 quia

190 268 280 286 omnes
295 260 423 286 stabimus
437 265 497 286 ante
517 259 634 286 tribunal
662 259 720 291 Dei,
739 264 766 287 et
787 259 851 286 dunt
870 258 928 294 (97)
955 266 984 286 se

191 314 253 334 cum
282 306 326 333 his
355 306 442 333 societ
468 305 516 341 qui
542 306 655 333 stabunt
680 310 743 332 ante
771 305 890 332 tribunal
921 306 982 339 Dei,

192 353 319 388 quisnam
333 353 432 388 estqui
451 352 628 387 semetipsum
654 352 690 379 ita
705 351 823 386 decipiat
846 356 874 378 et
897 352 982 384 fallat,

191 403 222 426 ut
241 399 274 425 ad
286 398 418 432 judicium
440 406 469 426 se
483 398 598 430 Christi,
618 403 646 425 et
667 398 700 425 ad
718 397 834 425 tribunal
847 398 983 432 cognitio-

189 445 233 472 nis
249 444 307 478 ejus
322 452 375 471 non
394 449 470 478 putet
484 451 544 471 esse
560 449 715 476 venturum,
736 449 782 470 aut
803 443 982 471 manifestan-

189 489 254 517 dum
270 498 300 517 se
317 498 368 517 non
385 495 463 524 putet
480 490 506 517 in
523 491 565 517 his
579 499 639 525 qua:
656 491 714 518 sive
732 495 815 521 recte,
830 491 888 518 sive
899 491 982 517 etiam

189 537 280 564 minus
300 541 373 563 recte
393 536 585 564 commiserit?
613 537 689 570 Quod
716 544 780 564 vero
805 536 831 563 in
856 536 982 571 praesenti

190 583 298 616 quidem
326 583 386 610 loco
410 583 527 609 tribunal
553 582 612 615 Dei,
640 583 673 610 ad
699 582 855 609 Corinthios
877 589 940 608 vero
960 582 982 598 "

189 629 308 656 tribunal
336 628 434 656 Christi
464 629 565 664 posuit,
591 637 640 664 ego
663 630 773 664 quidem
797 628 898 655 millam
919 633 984 663 puto

189 681 251 701 esse
271 673 326 709 (98)
351 673 532 700 tlillerctttiatn
552 674 696 708 quominus
712 681 793 700 unum
812 678 891 708 atque
912 674 981 700 idem

190 720 306 747 tribunal
324 720 422 746 Christi
437 724 465 747 et
480 720 598 746 tribunal
622 719 670 746 Dei
688 720 856 751 nominetur,
885 728 984 747 secun-

191 767 256 793 dum
272 767 342 799 quod
362 767 420 800 ipse
438 765 565 793 Salvator
580 766 605 792 in
620 766 765 800 Evangelio
779 767 844 794 dicit
859 775 866 794 :
885 766 982 794 Omnia

188 820 248 846 qua!
263 812 341 838 habet
361 812 452 843 Pater,
476 820 534 838 mea
556 817 617 839 sunt
633 813 676 846 ’5;
702 817 730 839 et
751 813 850 840 iterum
868 822 874 839 :
890 812 980 845 Pater,

1037 215 1112 246 dum,
1139 218 1170 241 ut
1185 218 1312 249 putemus
1333 214 1404 248 quod
1418 213 1500 242 etiam
1514 213 1646 245 eteiestia,
1676 221 1733 247 qua:
1751 214 1798 240 dicit

1037 267 1107 294 genu
1124 258 1245 292 ﬂectere,
1260 259 1415 286 carnalibus
1434 259 1565 286 membris
1585 257 1676 285 facere
1689 258 1742 285 huc
1754 267 1797 285 cre-

1035 306 1135 332 dantur
1156 304 1219 341 (2):
1239 305 1316 332 verbi
1338 312 1432 337 causa,
1459 309 1489 331 ut
1506 308 1615 339 putetur
1643 304 1685 331 vel
1705 303 1751 336 sol,
1767 305 1798 330 γει

1034 350 1113 382 luna,
1129 350 1172 377 vel
1187 349 1285 382 stellte,
1312 349 1355 377 vel
1376 349 1458 377 etiam
1480 349 1580 385 angeli,
1607 354 1633 377 et
1658 357 1798 384 quaecunque

1034 401 1099 424 sunt
1116 404 1176 431 quze
1191 396 1314 424 etelestia
1327 396 1510 428 nominantur,
1525 396 1711 430 corporalibus
1724 396 1795 424 intleu

1034 443 1150 478 genibus
1165 444 1292 476 adorare,
1309 448 1358 470 aut
1375 443 1459 470 etiam
1486 442 1578 476 lingua
1597 443 1711 474 carnali,
1731 449 1754 470 et
1766 444 1796 470 ult

1035 490 1156 517 membro
1170 489 1242 524 quali
1259 497 1308 517 nos
1322 489 1445 517 homines
1457 489 1608 526 loquimur,
1620 494 1741 524 putentur
1749 498 1796 517 cun-

1035 535 1106 563 literi
1120 535 1217 567 Deum,
1231 535 1266 564 de
1277 535 1378 570 quibus
1390 535 1492 562 dicitur
1509 535 1574 570 quia
1596 535 1652 562 sint
1673 535 1770 570 spiritus
1779 542 1797 562 cl

1034 582 1115 617 ignis,
1141 582 1291 610 secundum
1312 582 1385 617 quod
1403 582 1537 616 Propheta
1557 582 1623 609 dicit
1639 582 1649 597 ⁸
1664 590 1672 609 :
1687 581 1734 614 Qui
1750 582 1796 615 fat-2t

1033 629 1140 663 angelos
1153 637 1216 656 suos
1229 629 1348 663 spiritus,
1369 627 1453 664 664
1470 634 1494 654 et
1512 628 1649 655 ministros
1663 637 1720 656 suos
1734 630 1797 663 ignem

1034 679 1161 701 urentem.
1175 674 1208 702 Et
1221 682 1284 710 quae
1293 682 1382 708 genua
1397 675 1423 702 in
1436 673 1579 709 spiritibus
1587 682 1647 702 esse
1661 676 1798 701 credentur?

1034 725 1080 747 ant
1093 728 1152 755 qua:
1165 721 1256 755 lingua
1271 721 1297 748 in
1310 720 1382 755 ignis
1393 720 1485 755 specie
1497 720 1672 754 requiretur‘!
1684 720 1733 747 Sed
1747 728 1797 755 genu

1033 766 1156 800 ﬂectere,
1172 766 1293 800 subjecta
1308 774 1369 793 esse
1382 770 1495 799 cuneta,
1508 771 1536 793 et
1547 766 1631 793 cultui
1651 767 1698 793 Dei
1710 766 1798 793 οιωὼτκ

1034 812 1156 839 declarat
1169 812 1221 847 (5).
1239 812 1330 840 Movet
1345 819 1388 839 me
1409 812 1448 846 (4)
1474 812 1565 840 adhuc
1591 820 1623 840 ex
1648 813 1691 840 his
1709 821 1760 846 qua:
1777 814 1799 838 tl:

188 860 279 886 omnia
294 867 351 886 mea
373 864 418 885 tua
434 863 506 890 sunt,
524 864 546 885 et
562 864 608 885 tuo
629 868 685 886 mea
703 860 737 886 θ’.
769 859 797 886 Si
813 860 875 894 quis
891 864 980 886 tamen
999 847 1021 874 Β
1033 858 1155 893 Epistula
1172 859 1206 886 ad
1224 858 1384 886 Corinthios
1400 858 1615 894 assumpsimus,
1629 860 1675 887 ubi
1688 860 1748 887 dicit
1759 868 1765 886 :
1776 858 1797 885 (ἰ

188 906 306 941 putatin
321 905 495 933 sermonibus
508 904 594 937 Pauli,
613 906 678 941 quia
699 905 770 933 nulla
791 907 817 933 in
833 906 891 939 ejus
911 906 983 932 litte-

189 952 229 980 ris
240 953 327 979 otiosa
349 953 390 979 vel
405 952 506 987 syllaba
525 957 567 980 est
581 973 588 984 ,
613 960 713 980 causas
734 953 876 980 varietatis
902 952 982 987 hujus

189 1006 252 1026 esse
282 999 480 1032 requirendus.
509 999 609 1033 poterit
638 998 766 1025 fortassis
798 998 851 1025 tale
881 998 982 1033 aliquid

190 1043 283 1070 dicere
299 1054 304 1070 2
322 1044 424 1071 Christi
447 1043 626 1077 vocabulum,
650 1049 781 1078 quantum
802 1044 836 1071 ad
860 1045 983 1079 proprie-

191 1095 273 1118 tatem
295 1090 485 1125 appellationis
502 1091 586 1125 ipsius
600 1091 730 1125 pertinet,
751 1089 832 1118 Verbi
857 1091 882 1118 in
898 1099 982 1118 carne

189 1137 271 1171 positi
288 1142 314 1164 et
329 1137 456 1164 tnundutn
483 1137 537 1164 Deo
563 1137 767 1164 reconciliantis
784 1137 914 1165 indicium
929 1143 982 1171 est,

189 1183 261 1210 sicut
277 1189 303 1210 et
316 1183 386 1211 idem
401 1183 502 1211 Paulus
515 1184 590 1216 dicit.
604 1185 666 1218 quia
683 1183 754 1212 Dens
767 1185 858 1212 eratin
875 1184 982 1212 Christo

189 1230 318 1256 mundum
344 1230 518 1257 reconcilians
548 1231 597 1257 sibi
615 1231 640 1263 ';
671 1231 718 1258 sed
752 1231 982 1259 reconciliationis

189 1274 270 1308 hujus
288 1275 375 1309 spatia
391 1275 580 1302 conversionis
596 1281 696 1303 nostra:
720 1276 815 1304 dilatio
833 1281 860 1304 et
885 1284 982 1304 emen-

189 1321 307 1348 dationis
323 1321 487 1356 negligentia
505 1322 654 1356 distendit,
683 1327 711 1351 et
734 1323 858 1360 longiora
881 1324 982 1352 consti-

189 1369 256 1401 tuit;
277 1373 304 1395 et
322 1368 408 1396 donec
428 1373 543 1396 evacuet
558 1377 655 1397 omnes
681 1370 851 1405 principatus
867 1375 892 1398 ct
910 1377 983 1406 pote-

187 1419 282 1446 states.
305 1420 333 1442 ct
354 1421 437 1450 ponat
460 1422 556 1444 omnes
582 1416 708 1444 inimicos
721 1417 772 1444 sub
789 1419 901 1452 pedibus
914 1418 980 1449 suis,

188 1468 221 1488 ac
235 1461 412 1488 novissimum
422 1462 561 1489 initnicum
584 1463 710 1490 destruat
728 1468 854 1496 mortem,
869 1464 905 1490 ita
919 1472 979 1491 eum

190 1513 306 1541 rogitare
328 1511 437 1541 oportet
457 1508 478 1538 '.
493 1512 523 1535 ut
547 1509 705 1544 mysterium
730 1508 786 1544 (99)
805 1514 937 1544 suscepta:
954 1511 978 1537 in
993 1526 1016 1556 ο

188 1559 274 1579 carne
294 1552 508 1588 dispensationis
531 1559 675 1588 exerceat,
702 1560 729 1582 et
750 1556 837 1583 bonos
867 1556 978 1591 quidem

189 1598 358 1632 manifestet,
373 1600 524 1634 culpabiles
538 1605 628 1628 autem
644 1601 778 1636 recipiant
793 1602 980 1637 unusquisque

189 1645 338 1671 secundum
353 1653 433 1680 opera
449 1654 497 1673 sua
515 1655 523 1673 :
537 1647 583 1673 ubi
600 1654 664 1673 vero
675 1647 685 1662 ³
703 1647 845 1674 tradiderit
865 1655 980 1682 regnum

189 1688 245 1716 Deo
260 1695 289 1717 et
317 1690 404 1724 Patri,
425 1692 450 1719 id
469 1697 511 1720 est
529 1699 680 1720 conversos
698 1697 725 1720 et
746 1695 905 1722 emendatos
923 1703 981 1721 oms

188 1743 237 1763 nes
251 1737 381 1765 obtulerit
394 1738 458 1770 Deo,
469 1743 496 1766 et
511 1739 544 1765 ad
562 1739 697 1774 integrum
712 1741 870 1775 mysterium
887 1742 979 1768 mundi

187 1783 422 1812 reconciliationis
438 1784 606 1820 expleverit,
628 1790 691 1813 tunc
709 1787 748 1813 ait
772 1792 835 1814 ante
859 1787 979 1815 tribunal

188 1831 236 1858 Dei
252 1834 342 1858 astare
353 1837 448 1858 omnes
465 1830 514 1866 (l),
531 1836 561 1857 ut
582 1831 728 1866 impleatur
740 1832 791 1859 hoc
802 1834 872 1867 quod
891 1833 981 1867 sequi-

189 1883 255 1904 tur:
275 1876 338 1904 Vivo
362 1885 421 1911 ego,
447 1877 511 1903 dicit
536 1877 679 1910 Dominus,
698 1878 761 1913 quia
777 1879 842 1905 nti/ti
861 1879 981 1913 ﬂectetur

187 1930 262 1949 omne
271 1930 350 1957 genu,
368 1927 392 1949 et
410 1923 580 1956 conﬁtebitur
591 1923 675 1950 omnis
691 1923 782 1958 lingua
800 1924 862 1952 Deo.
878 1924 980 1952 Flectel

188 1972 278 1994 autem
292 1975 362 2002 genu
387 1968 477 1994 omnis
496 1972 622 1995 creatura
639 1967 693 1996 Deo
715 1969 743 1996 in
764 1970 873 1997 nomine
903 1969 978 2002 .lesn.

187 2020 236 2047 per
253 2020 333 2048 quem
350 2013 525 2040 reconciliata
545 2019 587 2040 est
602 2014 637 2047 ei,
655 2015 805 2042 secundum
827 2016 979 2050 quodidem

186 2059 333 2092 Apostolus
350 2060 427 2092 dicit,
457 2061 519 2094 quia
544 2061 570 2088 in
596 2062 701 2088 nomine
720 2061 784 2088 .Iem
814 2071 890 2090 omne
911 2071 979 2098 genu

187 2105 309 2140 flectetur
329 2105 490 2139 calentium,
512 2108 694 2139 terrestrium,
722 2112 745 2134 et
764 2107 927 2142 infernarum
957 2109 978 2136 ⁸.

187 2149 310 2177 Flectere
331 2158 397 2177 sane
424 2159 507 2183 penu,
530 2157 557 2178 et
583 2160 692 2180 omnem
708 2153 827 2188 linguam
853 2154 977 2183 conﬁteri

1033 905 1141 939 recipiat
1163 905 1343 940 unusquisque
1362 906 1469 940 propria
1495 906 1614 937 corporis
1637 912 1711 940 prout
1730 909 1798 941 gessit,

1033 951 1086 977 sive
1098 951 1178 983 bona,
1189 953 1244 978 sive
1264 951 1335 978 mala
1352 953 1363 968 ⁷
1376 972 1384 984 ,
1404 957 1497 980 utrum
1512 952 1575 986 quia
1593 953 1619 979 in
1631 953 1750 980 oumibus
1764 954 1798 979 lar

1033 996 1153 1024 minibus
1168 1004 1280 1025 necesse
1294 1002 1336 1024 est
1358 997 1461 1032 aliquid
1480 997 1544 1026 boni
1563 1005 1644 1031 esse,
1673 1004 1699 1026 et
1721 1000 1797 1032 aliquid

1034 1041 1118 1074 ntali;
1133 1049 1182 1070 nec
1194 1042 1279 1070 ullum
1299 1042 1327 1069 in
1339 1042 1420 1070 bonis
1436 1043 1566 1076 inveniri,
1580 1044 1626 1078 qui
1649 1052 1700 1072 non
1719 1045 1797 1079 aliquid

1033 1087 1160 1114 habuerit
1174 1092 1201 1116 et
1213 1089 1297 1122 mali;
1317 1089 1360 1116 vel
1376 1089 1474 1116 iterum
1493 1089 1613 1124 aliquem
1630 1089 1658 1117 iu
1676 1090 1797 1125 malis.qu.

1035 1140 1089 1159 non
1106 1133 1235 1160 habuerit
1247 1133 1350 1168 aliquid
1378 1138 1407 1161 et
1430 1135 1506 1167 boni,
1523 1141 1636 1169 propter
1655 1136 1796 1170 Scriptum:

1033 1185 1093 1212 qua:
1120 1178 1186 1205 dicit
1201 1186 1209 1204 :
1225 1177 1342 1212 Spiritus
1352 1179 1422 1207 enim
1437 1179 1649 1214 incorruptibilis
1667 1182 1692 1207 in
1707 1183 1794 1208 homun-

1033 1225 1081 1251 bus
1094 1229 1133 1251 est
1147 1224 1160 1240 ⁸
1177 1224 1230 1261 (5),
1248 1230 1393 1260 propterea
1417 1226 1519 1254 dixerit
1541 1231 1571 1254 ut
1591 1228 1763 1262 unusquisque
1779 1232 1795 1254 α

1032 1278 1084 1306 pro
1113 1271 1192 1298 bonis
1213 1270 1271 1298 suis
1292 1270 1376 1304 bona,
1406 1276 1434 1300 et
1456 1281 1505 1307 pro
1531 1274 1612 1302 malis
1630 1274 1687 1301 suis
1709 1275 1795 1307 rccipm

1033 1317 1126 1350 mala;
1143 1324 1177 1344 an
1195 1317 1284 1345 bonos
1303 1317 1364 1346 illos
1377 1319 1449 1346 dicat
1460 1320 1560 1354 quibus
1576 1320 1643 1348 nihil
1657 1321 1716 1348 mali
1731 1322 1793 1347 ascri-

1032 1363 1150 1390 bendum
1164 1363 1213 1396 sit,
1224 1368 1252 1391 et
1269 1363 1331 1391 illos
1344 1364 1430 1392 malos
1443 1366 1544 1400 quibus
1557 1366 1621 1394 boni
1636 1367 1702 1394 nihil
1712 1366 1794 1394 omnin

1033 1409 1173 1436 debeatur.
1192 1409 1246 1436 Sed
1260 1410 1283 1437 si
1300 1410 1352 1438 hoc
1364 1410 1548 1439 novissimum
1564 1417 1702 1447 putemus,
1716 1412 1793 1438 videbi-

1032 1463 1093 1482 mur
1105 1459 1201 1483 conlra
1212 1456 1365 1484 evidentem
1376 1457 1469 1485 venire
1480 1458 1626 1486 rationem.
1638 1458 1725 1485 Nullus
1733 1458 1792 1489 enim.

1033 1506 1062 1528 ut
1074 1501 1141 1536 dixi,
1158 1502 1195 1529 ita
1214 1503 1302 1530 bonus
1316 1503 1482 1536 invenietur,
1496 1503 1541 1531 cui
1561 1512 1615 1531 non
1635 1504 1732 1539 aliquid
1747 1503 1792 1530 iusi-

1034 1551 1090 1575 tum
1100 1548 1136 1575 sit
1153 1549 1217 1576 mali
1230 1548 1280 1584 (6),
1296 1555 1326 1576 ut
1339 1555 1373 1576 ex
1389 1550 1540 1577 multorum
1558 1555 1714 1578 sanctorum
1727 1549 1791 1586 peri:-

1032 1594 1084 1622 cile
1099 1595 1192 1631 colligi
1208 1596 1316 1624 videtur
1333 1596 1488 1631 exemplis;
1507 1600 1536 1623 et.
1561 1604 1656 1625 rursus
1675 1604 1745 1624 nemo
1766 1600 1792 1621 est

1031 1641 1226 1676 pessimorum,
1240 1643 1348 1670 etiamsi
1362 1643 1423 1678 ipse
1435 1642 1521 1671 ludas
1542 1649 1660 1678 ponatur
1678 1644 1720 1678 qui
1735 1650 1792 1676 supra

1032 1694 1140 1715 omnem
1154 1688 1321 1723 impietatem
1334 1689 1374 1724 (Ἰ)
1389 1689 1490 1723 impius
1506 1689 1560 1716 fuit
1571 1709 1579 1722 ,
1600 1695 1629 1717 ut
1651 1698 1703 1717 non
1719 1688 1792 1723 aliquid

1032 1734 1116 1761 etiam
1143 1734 1201 1769 ipse
1222 1735 1286 1764 boni
1310 1735 1442 1763 habuisse
1466 1735 1605 1764 videatur.
1629 1735 1695 1764 Natu
1719 1740 1743 1763 ut
1764 1735 1792 1760 illa

1031 1782 1167 1815 omittam,
1185 1789 1246 1817 qua:
1260 1790 1323 1810 cum
1337 1782 1469 1817 apostolis
1490 1783 1596 1818 positus
1612 1783 1690 1818 quasi
1702 1789 1759 1810 unus
1771 1787 1792 1806 ει

1032 1828 1099 1863 ipsis
1115 1829 1238 1862 gerebat,
1254 1829 1378 1864 quamvis
1394 1833 1422 1856 et
1436 1829 1472 1855 ibi
1487 1829 1544 1862 jam
1562 1830 1640 1857 bouis
1658 1830 1713 1863 ejus
1723 1835 1792 1854 murc-

1032 1880 1162 1902 rcnturet
1173 1876 1241 1902 mala
1252 1875 1291 1910 (8)
1300 1876 1372 1908 (erat
1383 1875 1456 1903 enim
1466 1876 1588 1910 pecunia:
1599 1876 1720 1911 cupidus)
1728 1881 1791 1900 tunica

1032 1921 1083 1949 hoc
1110 1929 1199 1956 tpsnm
1218 1923 1290 1956 quod
1315 1923 1468 1956 pauitantia
1487 1924 1583 1950 ductus
1601 1923 1736 1957 reportarit
1758 1920 1792 1947 tri-

1031 1968 1104 2003 ginta
1119 1974 1255 2003 argenteos
1267 1969 1301 1996 ad
1319 1971 1480 2001 sacerdotes,
1499 1976 1522 1997 et
1536 1970 1606 1997 dixit
1617 1977 1627 1996 .'
1646 1969 1745 1997 Peccasi
1756 1974 1792 1993 trt-

1031 2014 1095 2040 (λειω
1116 2015 1272 2050 sanguinem
1292 2015 1398 2049 justum
1423 2016 1444 2048 ’,
1469 2017 1521 2043 fuit
1554 2016 1659 2051 aliquid
1681 2015 1746 2043 boui.
1766 2013 1790 2040 Et

1031 2061 1130 2095 quibus
1146 2062 1273 2089 omnibus
1290 2061 1397 2088 videtur
1412 2062 1491 2094 mihi,
1513 2063 1646 2097 quoniam
1665 2070 1714 2090 non
1726 2066 1789 2096 potzs:

1030 2115 1101 2134 unus
1130 2112 1211 2141 atque
1237 2108 1309 2135 idem
1338 2110 1410 2137 bona
1441 2111 1525 2139 simul
1550 2111 1676 2145 recipere
1700 2115 1723 2136 et
1742 2107 1789 2134 msh

1031 2154 1132 2190 (neque
1149 2156 1222 2183 enim
1239 2156 1319 2183 simul
1339 2161 1366 2183 et
1392 2157 1421 2185 in
1445 2158 1605 2192 paradisum
1625 2158 1697 2192 quis,
1722 2160 1756 2182 aut
1773 2160 1789 2177 ιιι

187 2195 252 2227 Deo,
275 2195 307 2222 de
324 2195 399 2222 Isaia:
428 2197 568 2232 propheta:
596 2199 770 2227 sermonibus
789 2199 799 2215 '
828 2202 977 2236 assumpsit
995 2201 1016 2228 D
1032 2209 1115 2236 regna
1130 2202 1281 2236 caelorum,
1305 2207 1332 2230 et
1349 2203 1376 2230 in
1399 2203 1552 2238 gehennam
1578 2203 1650 2230 mitti
1672 2203 1754 2238 potest)
1772 2199 1788 2224 in

219 2255 242 2271 ’7
258 2253 408 2295 lllqortnv,
521 2257 644 2295 “dona.
670 2266 724 2292 xw,
825 2261 847 2276 9°
865 2260 944 2288 Joan.
962 2270 974 2288 χ

1046 2262 1090 2290 10.
1131 2262 1139 2277 ¹
1154 2262 1173 2289 ll
1190 2262 1253 2290 Cor.
1272 2270 1300 2294 v,
1318 2262 1361 2290 19.
1401 2263 1411 2278 ‘
1429 2262 1437 2290 l
1455 2262 1519 2290 Cor.
1537 2271 1583 2295 xv,
1598 2263 1691 2289 21-26.
1725 2259 1787 2286 ’Ihitl-

183 2291 229 2318 at.
268 2289 278 2305 ι
301 2289 399 2325 l'hilip.
417 2300 445 2326 ιι,
463 2292 506 2320 10.

183 2327 210 2358 5,
226 2326 252 2354 4.

222 2386 278 2424 (r97)
294 2386 340 2414 Sic
351 2395 403 2414 ms.
416 2388 516 2424 Regius
527 2397 601 2416 num.
617 2389 698 2417 1659.
711 2389 808 2417 Galeri
823 2399 886 2419 vero
896 2399 973 2424 mss.,

187 2421 323 2454 Rabanus,
345 2428 371 2449 et
384 2423 449 2450 editi
459 2421 595 2450 ‘ontittunt
606 2425 679 2450 dum.

219 2456 339 2496 (98))Is.
358 2458 458 2496 lit-gius
477 2467 552 2496 llllltl.
571 2460 653 2492 1659,
670 2459 769 2487 nttllant
789 2469 897 2488 causam
912 2468 974 2496 puto

185 2499 251 2518 esse.
274 2492 326 2517 Sed
340 2493 430 2519 caueri
446 2501 523 2525 mss,
535 2495 663 2522 liabanns
680 2500 708 2521 et
723 2496 788 2523 editi
803 2502 831 2522 nt
845 2497 870 2522 in
887 2492 974 2524 textu.

223 2526 279 2562 (99)
295 2527 366 2554 Editi
381 2528 556 2562 etliahanus,
573 2536 600 2556 ut
611 2531 799 2560 ministerium.
812 2537 864 2558 etc.
876 2533 976 2559 (hnncs

185 2569 251 2599 vero
265 2569 340 2599 (ωδε.
364 2564 460 2593 nostri,
479 2569 505 2590 nt
525 2566 690 2599 mysterium,
707 2570 761 2592 etc.
781 2566 881 2593 Deinde
894 2568 974 2597 editi,

186 2597 317 2630 accipiant
343 2599 520 2632 unusquisque
551 2597 695 2627 secundum
719 2609 798 2636 opera
825 2610 886 2630 sua.
927 2601 976 2629 Ubi

185 2640 257 2666 ergo,
271 2636 323 2659 etc.

223 2667 261 2705 (1)
279 2667 327 2694 Ms.
343 2667 444 2705 Regius
457 2675 531 2705 num.
546 2669 626 2701 1659,
636 2675 699 2697 tunc
710 2671 768 2705 jam
782 2677 844 2698 ante
857 2673 976 2700 tribunal

186 2702 235 2728 Dei
252 2708 340 2729 astare
364 2704 497 2729 dicantur.
523 2704 664 2735 [iuba-Ius,
686 2702 757 2737 tunc,
778 2708 831 2738 ait,
855 2714 915 2734 ante
929 2709 975 2734 tri-

187 2737 268 2763 bunul
291 2737 338 2764 Dei
354 2743 442 2764 astare
458 2739 568 2767 dicitur.
604 2739 656 2766 Sed
672 2741 764 2768 caeteri
785 2750 851 2770 ωδε.
868 2749 894 2770 ct
911 2744 975 2771 editi

187 2773 288 2799 rectius
302 2778 330 2799 ut
347 2773 372 2798 in
389 2778 481 2800 nostro
496 2779 581 2801 textu.

223 2807 261 2840 (Ξ)
273 2808 432 2835 (.‘rctlnntur.
454 2809 532 2836 Deest
547 2811 572 2836 in
590 2809 667 2839 libris
683 2817 761 2840 antea
773 2813 862 2840 editis.

223 2842 261 2877 (ὖ)
275 2842 354 2876 Editi,
368 2844 530 2872 rrrdantur?
545 2850 591 2874 nul
605 2854 663 2881 qua‘
678 2847 775 2883 (iugum
793 2850 819 2876 in
834 2849 899 2883 ignis
914 2857 973 2884 sre-

547 2293 557 2309 '
578 2293 640 2321 Isai.
662 2302 724 2327 XLV,
745 2294 789 2321 21.

829 2296 839 2311 ⁸
854 2295 926 2323 Psal.
942 2305 1001 2331 CIII,
1020 2298 1047 2325 4.

1088 2298 1098 2313 ⁷
1114 2297 1134 2324 ll
1149 2297 1212 2326 Cor.
1231 2305 1257 2330 v,
1276 2298 1318 2325 10.
1356 2298 1368 2313 ³
1380 2297 1430 2326 Job
1446 2299 1562 2332 uxn,8.
1599 2299 1610 2314 ³
1624 2298 1714 2326 Matth.
1729 2301 1787 2323 mu.

1027 2394 1066 2420 cie
1081 2393 1267 2428 requirentur?
1285 2393 1339 2420 Sed
1370 2393 1579 2428 genuﬂectere...
1614 2398 1640 2421 et
1671 2393 1733 2419 culis
1755 2389 1785 2415 Dn

1026 2429 1134 2455 obedire
1148 2428 1277 2455 declarat.

1063 2464 1102 2498 (4)
1119 2463 1167 2490 Ms.
1182 2464 1282 2498 llcgius
1295 2471 1370 2490 num.
1381 2463 1461 2496 1659,
1470 2463 1578 2491 Movent
1591 2472 1642 2495 me,
1654 2470 1702 2491 etc.
1714 2462 1786 2499 Dointe

1028 2506 1093 2526 mss.
1112 2499 1234 2533 plerique
1248 2505 1276 2526 et
1295 2499 1370 2530 editi.
1386 2507 1488 2526 necesse
1507 2505 1545 2525 est
1559 2508 1615 2526 esse
1633 2499 1723 2534 aliquid
1734 2499 1784 2524 bam.

1026 2542 1081 2560 esse
1093 2539 1116 2560 et
1132 2534 1192 2569 (aL,
1211 2539 1235 2560 et
1252 2534 1319 2567 esse)
1339 2534 1441 2569 aliquid
1457 2535 1532 2562 mali.
1561 2534 1615 2561 Sed
1640 2536 1728 2562 rectius
1740 2539 1784 2569 ιιιμεἶ

1027 2569 1131 2603 Regius
1153 2577 1229 2595 llllllt.
1247 2569 1315 2597 1659
1339 2575 1367 2596 et
1394 2569 1525 2596 Rabanus
1543 2575 1571 2596 nt
1593 2571 1618 2597 in
1648 2576 1723 2599 tettu,
1749 2574 1783 2592 Illa!

1030 2605 1101 2638 quod
1116 2605 1243 2631 Rabanus
1256 2606 1281 2631 in
1295 2606 1347 2631 line
1363 2605 1473 2637 habeat,
1493 2605 1597 2639 aliquid
1613 2611 1637 2632 et
1652 2605 1717 2631 mali.

1068 2639 1107 2673 (5)
1132 2640 1168 2666 lla
1193 2640 1277 2671 editi;
1299 2648 1364 2667 mss.
1381 2647 1446 2666 vero
1463 2637 1549 2667 nostri
1564 2649 1660 2668 omnes
1681 2647 1703 2666 et
1717 2637 1781 2665 ll.th-

1031 2682 1092 2706 nus,
1113 2674 1232 2707 Spiritus
1253 2675 1322 2702 enim
1344 2676 1551 2706 incorruptibilis
1575 2678 1602 2702 in
1628 2676 1733 2703 omnibus
1749 2676 1780 2698 at.

1057 2710 1104 2743 (6)
1120 2709 1170 2745 Ms.
1188 2709 1287 2745 Regius
1305 2718 1380 2737 num.
1396 2710 1477 2741 1659,
1493 2711 1614 2738 inustum
1625 2712 1657 2738 sit
1671 2710 1731 2736 inuti.

1067 2744 1105 2785 (ἶ)
1120 2744 1202 2777 Editi,
1223 2744 1326 2772 etiamsi
1349 2746 1402 2780 ipse
1418 2744 1506 2773 ludas
1528 2748 1648 2781 ponitur,
1671 2746 1710 2779 qui
1728 2748 1780 2775 πίνει

1067 2784 1199 2812 pselatmt,
1214 2786 1268 2808 etc.

1067 2816 1104 2878 itii)
1120 2814 1202 2850 Editi,
1218 2816 1336 2851 quamvis
1362 2821 1386 2844 et
1413 2817 1449 2844 ibi
1471 2816 1531 2852 jam
1554 2818 1627 2846 bunis
1655 2817 1777 2844 ηειπξνιιιίι

1030 2780 1199 2812 intpietatmt,
1214 2786 1268 2808 etc.

1028 2816 1104 2878 magi)
1120 2814 1202 2850 Editi,
1218 2816 1336 2851 quamvis
1362 2821 1386 2844 st
1413 2817 1449 2844 ibi
1471 2816 1531 2852 jam
1554 2818 1627 2846 bum-5
1655 2817 1777 2844 unum“,
1800 2849 1803 2851 ἐ

1805 2891 1808 2906 i

1802 2914 1808 3001 l
