1831 3052
7 120 10 133 ι
449 108 627 136 (ΣΟΜΜΕΝΤ.
649 108 682 135 ιΝ
703 107 800 136 El’lST

9 164 228 192 tantummodo
247 165 380 193 rationem
396 166 457 193 boni
470 173 522 193 non
537 167 642 200 Itaheri,
659 167 686 194 in
699 168 759 202 qui-
773 170 796 198 Α

7 209 88 236 valde
106 211 338 245 prmpontleraut
354 211 423 238 maia
442 213 491 246 (9);
510 217 535 239 et
558 213 583 239 in
603 212 655 240 illis
676 213 760 240 ratio-

17 254 82 281 mali
102 263 164 282 non
179 257 287 292 accipi,
305 257 334 284 in
347 258 447 292 quibus
458 258 665 293 praponderant
678 259 760 291 bona,

7 309 15 327 ι
39 300 155 335 quibus
173 303 320 330 malorum
336 303 450 338 vestigia
463 304 620 338 poenitentia
643 311 761 331 conver-

7 349 29 374 is
43 347 198 375 abolevit.
215 348 254 376 lit
266 354 357 378 autem
372 350 406 377 ad
418 350 549 385 propositi
561 350 671 384 capituli
681 350 761 378 ﬁnem

7 394 231 430 :Iusionemqtte
246 396 490 428 redeatnus,'cutn,
513 396 611 430 inquit,
637 400 709 423 tanta
727 396 763 423 sit

8 440 15 465 l
37 440 132 467 Deum
156 445 190 468 et
214 441 285 475 apud
299 441 437 469 Christum
457 442 515 476 ejus
534 441 631 477 judicii
649 441 762 475 veritas,

8 494 21 513 a
36 486 149 515 futura
173 488 395 517 examinatiouis
417 488 524 524 indago,
554 496 604 516 non
625 497 697 524 ergo,
714 489 762 521 ait,

10 535 62 560 lius
78 535 209 562 inuicem
223 535 386 570 judicemus.
402 534 454 563 Sed
473 536 521 562 Irae
533 536 654 570 Judicate
667 536 762 570 magis,

7 581 98 607 anatis
116 580 302 615 o/Iemionent
321 582 401 616 fratri
415 601 422 614 ,
448 581 488 608 vei
508 581 674 609 scandalum.
708 581 766 609 Hoc

8 631 83 659 cate,
103 625 134 654 id
153 632 206 655 est
234 628 288 655 hoc
308 627 423 654 statuite
448 634 481 654 ne
496 634 545 662 per
558 627 763 655 observantiam

7 680 74 699 irttm
92 672 279 700 oﬂcnsiones
302 673 434 700 fratribus
447 673 487 700 vel
505 673 632 701 scandala
653 681 766 708 genere-

14 717 52 743 De
67 716 238 746 offensione
259 719 303 745 Vcl
323 719 450 746 seandalo
466 719 522 753 jam
545 726 626 753 supra
646 718 767 746 diximus

7 764 21 788 tl
37 763 218 792 scandalum
232 765 267 792 sit
282 771 343 792 cum
355 765 433 792 invia
447 772 499 799 qua
512 765 649 792 inceditur
663 764 764 799 aliquid

7 810 94 835 :uitnr
110 810 275 844 objectum,
295 811 322 838 in
333 817 386 845 quo
402 809 540 837 olfendant
560 811 617 846 (l0)
631 811 765 837 scanden-

7 862 19 880 ιι
40 854 85 881 vel
109 842 312 883 incedentium
337 842 429 890 pedes.
455 856 510 883 Hoc
530 842 572 883 est
599 842 664 890 ergo
692 857 765 891 quod
780 842 803 872 Β

7 906 101 928 runtur
116 901 150 929 hi
167 903 219 937 qtti
234 903 307 929 viam
327 901 390 929 ﬁdei
404 908 489 937 nuper
502 903 629 938 ingressi,
644 902 766 936 priorum

13 948 263 980 contentionibus,
276 949 318 975 vel
333 948 522 984 negligentiis.
547 948 589 975 vel
609 952 765 984 contemptu

7 992 181 1021 :lationibus
201 993 388 1025 offenduntur,
413 998 496 1029 atque
516 994 649 1029 exemplis
668 1001 764 1022 eorum

7 1039 61 1066 nssi
75 1039 140 1076 (11)
156 1044 325 1068 avertuntur
341 1046 356 1066 ε
375 1040 436 1068 ἣδε.

7 1085 38 1111 2.
53 1085 122 1112 Scio
138 1090 168 1112 et
187 1086 293 1119 conﬁdo
310 1086 338 1112 in
354 1086 465 1112 Domino
477 1085 551 1117 Jun,
566 1086 628 1122 quin
644 1086 709 1113 nihil
728 1091 766 1114 ut

8 1134 99 1154 tmune
116 1135 169 1160 per
187 1129 285 1161 ipsum,
299 1128 350 1154 nisi
366 1127 390 1154 ei
401 1128 444 1161 qui
462 1128 593 1154 existimat
612 1129 675 1163 quid
696 1137 769 1155 com-

9 1181 39 1198 ne
55 1180 129 1206 esse,
153 1174 200 1200 illi
212 1181 349 1200 commune
360 1179 408 1201 ett.
431 1173 462 1201 Si
477 1174 545 1200 enim
562 1180 668 1208 propter
680 1174 766 1201 cibum

7 1224 44 1245 ter
63 1223 129 1246 tuus
143 1222 334 1253 contristatur,
349 1221 407 1254 jont
424 1228 476 1247 non
491 1220 633 1247 secundum
649 1220 767 1246 charito-

7 1272 13 1289 t
33 1265 177 1293 ambulas.
206 1265 270 1292 Noli
291 1266 349 1292 cibo
359 1271 405 1292 tuo
421 1265 496 1292 illum
517 1265 637 1300 perdere,
653 1273 700 1300 pro
714 1273 767 1300 quo

7 1312 85 1338 riotus
114 1318 244 1340 mortuus
260 1318 297 1340 est
318 1313 425 1348 “(12).
451 1313 574 1341 Diximus
595 1318 621 1340 el
646 1314 673 1341 in
695 1314 768 1346 aliis,

8 1358 39 1384 od
56 1358 82 1385 in
97 1359 258 1394 scripturis
269 1360 375 1387 sanctis
388 1360 533 1387 vernacula
546 1360 661 1394 quadam
675 1360 768 1395 appel-

8 1404 68 1432 ioue
86 1406 166 1440 quod
190 1410 315 1434 sanctum
338 1406 382 1434 vel
398 1406 527 1434 mundum
544 1414 598 1434 non
612 1412 665 1439 est,
693 1414 768 1433 com-

7 1455 48 1475 me
67 1451 247 1483 nominetur;
265 1456 326 1485 qua)
352 1455 443 1477 tamen
471 1450 616 1485 appellatio
640 1451 667 1478 in
693 1451 768 1479 Novo

10 1498 150 1522 stameuto
178 1495 348 1530 frequentius
371 1496 511 1524 invenitur
546 1497 617 1533 (l3).
638 1497 665 1524 in
678 1497 767 1526 Veteri

7 1548 33 1567 ro
49 1548 106 1569 non
124 1543 258 1570 recordor
272 1542 359 1569 sicubi
370 1543 508 1569 nominata
525 1548 578 1575 est,
595 1543 663 1570 utin
678 1543 768 1571 Evan-

7 1586 38 1613 lio
59 1586 194 1614 Salvator
210 1588 289 1620 dicit,
304 1587 367 1622 quia
385 1587 416 1614 de
433 1588 512 1614 corde
531 1589 676 1622 procedunt
692 1589 767 1623 cogi-

7 1633 84 1660 ’iones
102 1634 198 1667 malm,
213 1634 369 1665 homicidia,
387 1633 595 1668 fornicatione,
620 1634 767 1667 adulteria,

7 1683 54 1712 rtu,
76 1679 151 1714 (olea
166 1681 316 1707 testimonia
331 1686 340 1706 :
355 1685 379 1707 et
394 1680 445 1707 illa
463 1686 524 1707 sunt
542 1689 600 1715 qute
619 1681 767 1707 communi-

7 1729 31 1750 nt
43 1725 100 1761 (M)
121 1727 267 1753 hominem.
290 1726 352 1753 Non
371 1726 433 1753 lotis
451 1731 539 1753 autem
555 1727 673 1753 manibus
689 1735 766 1753 mun-

11 1777 80 1804 care,
114 1780 170 1799 non
194 1772 371 1799 communicat
387 1772 520 1798 hominem
537 1772 568 1798 “.
586 1771 718 1805 Quamvis
739 1771 767 1799 in

7 1817 112 1846 mnullis
134 1817 338 1853 exemplaribus
363 1817 454 1845 Latini
479 1825 529 1853 pro
550 1819 770 1851 communicant,

8 1862 148 1897 inquinant
172 1865 326 1899 posuerint,
354 1869 380 1892 et
398 1865 462 1892 licet
489 1865 584 1892 eadem
610 1865 695 1891 virtus
721 1865 769 1898 sit,

7 1910 130 1943 'oprielas
145 1916 235 1938 tamen
252 1911 387 1938 sermonis
400 1912 577 1938 communicat
595 1911 675 1939 habet
696 1911 766 1948 (15).

7 1954 30 1980 al
51 1960 79 1983 et
102 1957 131 1984 in
152 1957 266 1984 Actibus
285 1957 468 1992 apostolorum
496 1957 626 1985 Dominus
645 1958 711 1985 dicit
734 1958 769 1986 ad

7 2006 84 2028 :trutn
101 2011 108 2029 :
125 2003 203 2036 Quod
215 2002 285 2029 Dens
295 2002 441 2036 mandauit,
456 2007 485 2030 tu
498 2011 634 2030 commune
649 2012 680 2030 ne
694 2003 770 2030 dixe-

7 2045 61 2072 δ”.
80 2047 152 2075 Ρυιο
181 2055 247 2081 ergo
277 2048 340 2075 inde
357 2055 434 2075 usum
458 2048 538 2083 hujus
564 2050 697 2076 sermonis
724 2057 770 2076 as-

7 2097 126 2127 tmptum,
159 2098 188 2120 ttt
201 2095 276 2128 quia,
299 2093 375 2121 verbi
398 2095 503 2128 gratia,
523 2102 587 2121 vasa
603 2095 694 2128 templi
713 2095 767 2122 mi-

8 2138 88 2166 sterio
104 2145 248 2175 segregata
262 2161 269 2173 ,
289 2148 354 2167 vasa
370 2141 429 2168 sine
451 2141 532 2168 dubio
548 2141 656 2169 Domini
671 2141 765 2176 appel-
781 2137 804 2165 Ῑ)

15 2209 34 2244 1⁵
58 2210 138 2238 Rom.
158 2219 215 2242 xtv,
233 2211 275 2242 14,
291 2211 335 2239 15.
389 2212 410 2227 ¹¹
426 2212 519 2239 Matth.
540 2220 585 2244 xv,
603 2211 647 2244 19,
663 2211 709 2239 20.

13 2243 88 2273 ltum.
104 2254 163 2280 xtv,
174 2247 220 2274 25.

14 2315 48 2351 (9)
72 2318 155 2350 Ειιίιὶ,
176 2327 208 2346 ex
225 2318 317 2353 quibus
332 2319 451 2345 omnibus
477 2318 579 2346 videtur
596 2318 676 2352 mihi,
699 2318 762 2352 quia

7 2358 32 2394 tu
49 2359 134 2394 potest
156 2352 234 2394 unus
246 2360 323 2394 atque
333 2352 409 2394 idem
422 2355 493 2393 _bona
509 2354 587 2394 simul
609 2355 722 2394 recipere
737 2358 762 2381 et

10 2386 59 2413 ala.
71 2386 164 2424 Neque
175 2391 242 2415 enim
258 2386 339 2415 simul
352 2393 397 2414 aut
419 2389 445 2415 in
462 2390 617 2423 paradisum
633 2389 703 2422 quis,
716 2392 763 2415 aut

7 2428 11 2445 I
30 2431 105 2456 ret/tta
129 2425 270 2455 ate/arum,
293 2428 337 2449 aut
361 2425 387 2449 in
411 2424 552 2457 gehennam
578 2424 646 2450 ntitli
669 2429 763 2457 potest.

8 2459 174 2488 etpondemus
184 2459 210 2485 in
222 2458 273 2485 illis
289 2459 469 2484 tantummodo
479 2459 606 2485 rationem
618 2459 678 2485 vita:
691 2459 764 2485 bona:

7 2498 35 2528 Ott
47 2494 147 2524 haberi.
167 2494 193 2520 in
205 2494 297 2528 quibus
310 2493 382 2519 valde
393 2495 594 2527 pra-ponderant
609 2494 680 2520 mala
690 2514 698 2526 ,
710 2498 764 2522 etc.

8 2526 35 2551 ed
50 2536 113 2556 mss.
133 2526 217 2555 nostri
232 2534 258 2555 et
272 2527 400 2554 Ralmuus
413 2533 441 2553 ιιι
461 2528 486 2553 in
503 2533 587 2555 textu.

22 2562 74 2598 (10)
91 2564 174 2595 Editi,
194 2564 221 2590 in
234 2572 284 2598 quo
298 2563 473 2596 u/fetttlenlur.
491 2563 620 2590 liztbauus
631 2582 638 2595 ,
655 2563 682 2590 in
696 2563 766 2598 quod

7 2595 128 2630 ﬂentium,
142 2604 194 2625 etc.

22 2631 74 2666 (11)
96 2633 166 2660 Edili
182 2637 209 2661 et
222 2640 273 2659 ms.
301 2640 381 2664 unus,
408 2633 565 2666 repercussi.
586 2632 638 2660 Sed
668 2633 768 2661 rectius

7 2669 71 2694 sacri
84 2677 150 2695 mss.
167 2668 263 2701 nostri,
276 2672 302 2695 et
319 2668 448 2694 Rabauus
460 2687 467 2697 ,
482 2669 590 2695 reruni.

25 2700 75 2737 (12)
95 2704 124 2731 Si
144 2705 213 2730 enim
231 2707 336 2736 propter
351 2702 438 2729 cibum
454 2702 537 2736 [rater
550 2709 611 2729 tuus
626 2703 768 2729 contrista-

7 2742 40 2768 αν,
58 2739 113 2772 jam
135 2747 186 2766 non
210 2738 355 2765 secundum
373 2737 530 2764 citaritntent
552 2738 684 2764 ambulas.
705 2737 767 2764 Noli

9 2771 42 2797 Ibo
60 2771 107 2800 tuo
132 2774 207 2800 illum
229 2773 354 2807 perdere,
375 2781 422 2807 pro
435 2781 485 2806 quo
505 2773 624 2800 Christus
649 2779 767 2800 mortuus

8 2812 35 2831 iit.
49 2808 105 2836 l|:cc
118 2810 307 2836 desiderantur
322 2809 347 2833 in
369 2810 458 2834 editis.
479 2807 532 2834 Mss
566 2808 688 2842 plerique
703 2815 768 2835 cuu-

7 2850 87 2871 mtnm
103 2843 221 2879 Apinio“
240 2849 451 2878 prosequuntur,
469 2843 537 2870 alter
554 2851 638 2877 usque
659 2844 692 2870 ad
708 2851 768 2870 vcr-

805 129 811 136 .
831 108 875 135 AD
894 107 978 136 ROM.
996 107 1060 135 LIB.
1082 107 1130 135 IX.

759 2213 781 2229 ¹²
797 2213 857 2240 Aul.
871 2220 899 2245 ι,
920 2212 962 2239 15.

1531 109 1597 136 1⁸2ιῦ
1620 133 1622 136 .

810 167 947 200 labantur,
964 167 997 194 ad
1019 168 1115 194 horum
1131 171 1222 194 atttem
1235 167 1437 195 distinctionem
1456 168 1511 203 (16)
1533 167 1580 194 rcli
1593 179 1601 186 -

812 220 864 247 qua
880 220 942 239 vasa
962 213 1116 239 communia
1133 212 1309 244 dicebantur;
1327 213 1362 239 ita
1380 218 1407 239 ct
1425 214 1458 239 ad
1475 214 1598 240 ciborutu

812 258 1026 289 distinctionem,
1044 265 1139 285 eorum
1153 264 1222 292 quos
1235 258 1312 291 quasi
1335 259 1450 286 mundos
1463 265 1489 286 et
1504 267 1602 286 set-ttu—

812 303 876 330 dum
901 303 986 338 legem
1009 303 1131 331 edendos
1155 302 1298 337 Scriptura
1319 306 1481 339 segregavit,
1504 306 1603 340 reliqui

812 355 908 376 omnes
915 356 1074 376 communes
1084 349 1212 384 appellati
1224 353 1297 376 sunt.
1313 349 1365 377 Sed
1381 349 1468 378 Judtui
1479 351 1534 377 vim
1545 359 1604 379 vcr-

812 393 838 421 bi
855 394 1082 428 ignoranteSU'l),
1099 396 1170 422 unde
1184 396 1337 423 communis
1353 397 1490 424 diceretur
1508 397 1601 431 homo,

813 447 893 475 quem
905 440 986 476 665
998 448 1171 469 communem
1183 442 1363 476 appellabant,
1373 443 1508 470 sermonis
1521 451 1600 470 usuin

814 489 874 516 sine
895 489 1101 523 signiﬁcationis
1120 491 1298 526 intelligentia
1322 495 1479 518 tenuerunt.
1509 490 1604 524 t‘iuque

814 535 887 562 enim
901 535 958 572 (18)
980 536 1033 564 cibi
1056 544 1126 571 quos
1141 538 1213 565 Deus
1231 537 1347 568 creavit,
1374 541 1421 563 aut
1446 536 1603 571 ignoranter

814 585 861 608 aut
875 581 1037 616 simpliciter
1052 584 1151 618 sumpti
1167 590 1340 610 communem
1356 582 1445 610 iacere
1463 583 1603 610 hominem

814 632 942 663 poterant
952 633 979 655 et
993 630 1179 662 immundum;
1197 630 1244 656 sed
1262 637 1338 656 meus
1349 628 1394 655 illa
1412 629 1530 655 hominis
1544 636 1604 662 qua:

815 673 934 701 Deusol't
957 679 1098 708 segregata
1122 678 1177 706 est,
1200 673 1300 700 merito
1319 674 1417 700 munda
1432 674 1603 708 appellatur:

814 726 875 754 qua:
895 727 960 746 vero
978 719 1065 746 aliena
1085 727 1100 746 a
1127 720 1184 747 Deo
1205 724 1265 751 est,
1288 720 1417 753 quoniam
1434 727 1487 746 non
1500 719 1533 745 ab
1552 726 1605 744 uno

815 765 913 799 spiritu
930 765 1078 797 immundo,
1092 765 1139 793 sed
1151 773 1165 792 a
1178 766 1303 801 plurimis
1322 765 1487 800 possidetur,
1503 763 1606 790 idcirco

817 812 878 838 talis
893 811 973 838 homo
988 812 1140 839 communis
1157 812 1319 846 appellatur,
1346 811 1423 846 quasi
1441 810 1486 845 qui
1505 809 1605 836 multo-

817 864 876 883 rum
899 856 935 883 sit
954 854 1009 891 (i9)
1037 857 1078 884 vel
1099 857 1248 889 vitiorum,
1265 857 1306 883 vel
1328 856 1482 883 daemonum
1498 862 1606 886 servus.

817 903 964 930 secundum
985 903 1059 930 illum
1082 903 1128 938 qui
1152 902 1345 938 interrogatus,
1361 902 1438 935 Quod
1452 901 1500 928 tibi
1513 909 1608 928 nomen

816 949 875 976 est?
890 950 1040 984 respondit,
1053 949 1134 985 Legio
1149 958 1158 977 :
1174 950 1255 977 Hulti
1270 952 1338 977 cuitu
1355 957 1445 976 suum:
1461 948 1483 964 ¹³
1497 955 1504 974 ;
1521 952 1549 974 ct
1566 955 1607 974 se-

816 995 937 1022 cundum
955 995 1021 1022 illud
1041 995 1114 1029 quod
1136 1003 1151 1022 a
1175 995 1321 1023 Salvatore
1336 995 1446 1028 dicitur,
1465 994 1529 1029 quia
1547 1002 1607 1020 cunt

816 1040 909 1068 exierit
933 1041 1083 1068 immundus
1106 1041 1215 1075 spiritus
1237 1043 1270 1068 ab
1294 1042 1410 1074 homine,
1442 1040 1535 1068 circuit
1549 1039 1609 1066 loco

816 1087 905 1119 arida,
925 1094 1044 1121 quiet-ens
1064 1087 1196 1122 requiem,
1211 1092 1235 1114 et
1257 1095 1309 1114 non
1327 1087 1458 1113 inveniens
1474 1087 1563 1113 redit:
1582 1090 1607 1112 et

816 1133 948 1159 inveniens
961 1132 1067 1158 domum
1086 1137 1222 1159 vacantem
1235 1137 1259 1159 et
1276 1133 1362 1166 scopis
1377 1132 1531 1159 mandatam
1541 1153 1547 1163 ,
1561 1139 1606 1158 as-

817 1179 898 1205 sumit
919 1186 1006 1205 secum
1028 1185 1127 1212 septem.
1149 1179 1216 1205 alios
1237 1179 1347 1212 spiritus
1370 1179 1506 1212 nequiores
1518 1185 1562 1209 se;
1582 1181 1607 1203 et

817 1224 946 1251 intrantes
959 1224 1080 1251 habitant
1101 1225 1128 1250 in
1149 1232 1179 1250 eo
1199 1224 1256 1259 (20)
1271 1223 1304 1250 ’⁵.
1321 1223 1356 1250 Et
1374 1223 1434 1251 sine
1457 1223 1538 1250 dubio
1556 1223 1607 1249 istc

819 1269 880 1297 talis
897 1270 977 1297 homo
992 1270 1144 1297 communis
1162 1270 1272 1302 dicitur,
1287 1277 1383 1297 eorum
1404 1269 1530 1296 videlicet
1546 1277 1606 1296 scr-

817 1324 868 1343 vus
881 1315 994 1344 eiectus
1005 1316 1126 1343 omnium
1141 1316 1284 1350 spirituum
1304 1316 1481 1350 malignorum
1499 1316 1543 1349 qui
1560 1317 1607 1342 ha-

817 1363 906 1391 bitant
925 1363 952 1390 in
974 1370 1016 1389 eo.
1043 1362 1140 1389 Merito
1169 1370 1234 1397 ergo
1257 1363 1346 1389 sciens
1372 1362 1507 1389 sermonis
1530 1361 1607 1394 hujus

819 1409 891 1437 hanc
902 1416 964 1436 esse
983 1409 1119 1436 rationem
1144 1407 1254 1440 Paulus,
1269 1408 1333 1434 dicit
1349 1417 1356 1435 :
1378 1407 1440 1435 Scio
1462 1413 1485 1434 et
1503 1407 1607 1440 conﬁdo

818 1455 844 1481 itt
860 1454 971 1480 Domino
985 1453 1061 1486 λείη,
1081 1454 1144 1488 quia
1159 1454 1224 1480 nihil
1238 1457 1276 1479 est
1294 1460 1430 1479 commune
1448 1460 1494 1486 per
1509 1453 1607 1483 ipsum.

819 1500 891 1528 Nihil
908 1501 979 1527 enim
995 1501 1021 1527 iu
1039 1500 1174 1527 creaturis
1190 1499 1236 1527 Dei
1253 1505 1350 1526 natura
1367 1499 1407 1525 sui
1424 1498 1480 1533 (Ἣ)
1494 1498 1607 1523 imtlttlll-

821 1548 884 1574 dum
897 1551 939 1573 est
954 1546 1054 1581 (omnia
1074 1553 1191 1580 namque
1214 1552 1229 1572 a
1254 1545 1325 1572 bono
1347 1544 1401 1571 Deo
1417 1548 1519 1574 creata,
1540 1543 1607 1569 bona

820 1600 880 1620 esse
893 1597 1035 1620 constutet
1054 1592 1165 1626 munda)
1179 1591 1224 1618 ml
1241 1591 1274 1622 ei,
1290 1590 1387 1625 inquit,
1408 1589 1453 1624 qui
1474 1590 1610 1616 existimat

820 1640 921 1674 aliquid
936 1647 991 1666 esse
1010 1646 1157 1670 commune,
1179 1638 1229 1672 ipsi
1254 1645 1390 1664 commune
1412 1641 1468 1664 est:
1488 1636 1538 1662 hoc
1556 1641 1610 1668 est,

820 1685 866 1719 qui
879 1684 1029 1711 intentione
1047 1683 1139 1710 cordis
1157 1683 1324 1710 itutuuudutu
1339 1682 1440 1715 aliquid
1456 1681 1566 1715 cogitat,
1582 1685 1608 1707 et

819 1730 1021 1757 observantiam
1037 1728 1207 1756 diversitatis
1221 1728 1353 1760 admittit,
1371 1728 1443 1754 sicut
1460 1733 1484 1753 ct
1505 1727 1530 1752 iu
1543 1734 1608 1753 cou-

819 1775 994 1809 sequeut'tbus
1010 1774 1075 1801 dicit
1095 1782 1101 1800 :
1121 1773 1173 1806 Qui
1191 1779 1280 1800 autent
1303 1773 1441 1805 discernit,
1461 1773 1483 1799 si
1497 1773 1606 1798 mandu-

820 1822 927 1854 caverit,
943 1821 1087 1847 dantnatns
1098 1825 1152 1852 est;
1172 1821 1236 1854 quia
1250 1827 1300 1846 non
1315 1827 1347 1846 ex
1357 1819 1419 1852 ﬁde.
1445 1818 1527 1845 Omne
1540 1818 1610 1843 enim

821 1867 890 1901 quod
908 1872 1006 1892 nonest
1019 1873 1051 1892 ea:
1063 1865 1126 1899 ﬁde.
1146 1870 1283 1899 peccatum
1299 1869 1337 1891 est
1352 1865 1384 1890 ".
1401 1864 1455 1890 Nec
1480 1869 1568 1890 tamen
1583 1863 1609 1888 iu

824 1911 867 1939 his
882 1911 1083 1938 distinctionem
1099 1910 1168 1944 legis
1180 1909 1306 1940 exclusit,
1324 1914 1354 1935 ut
1367 1909 1490 1936 absolute
1507 1908 1609 1934 diceret

820 1959 888 1986 nihil
899 1962 960 1985 esse
975 1965 1118 1986 commune
1132 1961 1178 1983 aut
1192 1955 1361 1983 immundum
1379 1963 1474 1982 eorum
1490 1962 1549 1988 qua:
1565 1954 1609 1980 lex

821 2005 943 2033 deﬁnivit
956 2005 1108 2032 immunda.
1124 2003 1260 2031 Praemisit
1273 2002 1345 2029 enim
1367 2009 1477 2028 causam
1493 2008 1542 2028 cur
1562 2008 1611 2036 per

820 2051 997 2085 semetipsum
1016 2050 1084 2077 nihil
1108 2056 1254 2076 commune
1272 2049 1389 2075 dicatur.
1411 2047 1487 2079 Scia,
1511 2047 1609 2079 inquit,

820 2101 843 2124 et
862 2096 966 2130 conﬁdo
989 2097 1017 2123 in
1040 2095 1152 2122 Domino
1172 2094 1248 2122 Jesu.
1275 2094 1305 2121 lu
1327 2093 1440 2119 Domino
1459 2099 1524 2126 ergo
1545 2089 1608 2117 Jcsu

819 2141 885 2168 nihil
897 2149 1040 2169 commune
1054 2149 1102 2176 per
1114 2141 1300 2176 semetipsum,
1320 2140 1372 2166 hoc
1388 2143 1440 2170 cst,
1455 2143 1550 2163 natura
1563 2135 1606 2162 sui

1014 2211 1035 2227 ⁸³
1051 2211 1118 2239 Luc.
1133 2218 1191 2243 \‘Ill,
1206 2209 1251 2237 '50.
1302 2209 1324 2224 ¹⁵
1338 2208 1431 2235 Matth.
1450 2215 1500 2238 xu,
1517 2207 1551 2233 43
1563 2206 1606 2233 45.

815 2324 873 2345 sum
886 2315 1075 2348 iQinclusive,
1090 2315 1161 2342 alter
1176 2320 1262 2348 usque
1280 2313 1314 2340 ad
1327 2313 1444 2340 medium
1465 2319 1538 2338 vers.
1561 2312 1607 2339 20.

814 2353 868 2380 Sed
885 2360 946 2379 cum
961 2357 1050 2379 tomus
1069 2347 1193 2378 decimus
1209 2347 1320 2382 incipiat
1336 2356 1350 2374 a
1366 2355 1445 2375 versu
1471 2347 1513 2378 ili,
1536 2353 1607 2374 recte

815 2395 902 2422 usque
913 2387 945 2414 ad
959 2387 1030 2414 httnc
1042 2393 1150 2422 versum
1164 2384 1355 2412 tantummodo
1366 2383 1541 2419 prosequitur
1558 2391 1607 2409 tus.

817 2421 917 2456 Regius
930 2430 1004 2449 tttttn.
1019 2421 1097 2448 1659.

852 2454 908 2493 (15)
925 2456 1074 2484 Invenitur.
1103 2456 1183 2484 Deest
1200 2456 1227 2482 in
1244 2459 1325 2493 antea
1341 2454 1434 2482 editis.

852 2491 908 2527 (l4)
925 2493 1009 2522 Alias,
1027 2493 1211 2526 coinquinant,
1233 2491 1311 2527 male.

854 2524 910 2563 (15)
936 2527 1018 2558 Editi,
1044 2533 1069 2553 et
1093 2524 1154 2563 iicet
1177 2527 1268 2563 eadem
1291 2525 1353 2552 istic
1379 2524 1412 2551 sit
1439 2525 1608 2559 ptopricttts,

819 2561 906 2589 tanien
920 2570 1004 2589 sermo
1017 2562 1211 2588 communicant
1223 2561 1310 2588 habet.

856 2597 911 2632 (16)
927 2598 1009 2629 ΕιΙιιί,
1022 2597 1214 2632 deﬁnitionem,
1231 2597 1308 2622 male.

856 2631 911 2667 (Π)
930 2633 1010 2664 Editi,
1029 2634 1079 2658 vim
1097 2632 1166 2659 uerbi
1182 2631 1229 2657 Dei
1245 2633 1409 2666 ignorantes.

856 2668 912 2702 (18)
930 2667 1019 2702 Enim.
1039 2668 1213 2694 Desideratur
1227 2668 1253 2693 iu
1269 2667 1359 2694 editis.

856 2703 911 2737 (l9)
928 2701 1007 2728 Deest
1021 2703 1054 2728 ait
1070 2702 1095 2728 iu
1111 2703 1202 2729 editis.

856 2736 913 2773 (20)
938 2737 1018 2768 Editi,
1043 2743 1066 2764 et
1089 2738 1188 2764 intrant
1210 2737 1239 2764 in
1263 2745 1334 2764 eum.
1366 2737 1504 2769 liabauus,
1523 2741 1548 2762 et
1565 2736 1607 2762 ἰη-

822 2772 922 2799 ιηίηιηε
938 2773 1055 2799 habitant
1078 2773 1102 2798 in
1117 2781 1157 2798 ea.
1176 2772 1229 2799 Sed
1247 2781 1340 2800 omnes
1355 2781 1420 2799 mss.
1435 2778 1461 2799 ttt
1478 2773 1503 2799 iu
1520 2777 1605 2798 textu.

858 2808 914 2842 (2|)
927 2806 1007 2839 Editi,
1029 2807 1059 2834 dc
1077 2814 1169 2834 natura
1187 2809 1235 2834 sui.
