1831 3052
222 105 288 130 12ίί

935 95 991 123 ΟΒΙ

1065 93 1095 121 IS
1774 89 1818 114 lit!

220 163 336 191 dicitur;
359 161 402 187 sed
418 159 469 190 illi,
492 159 589 194 inquit.
604 158 647 192 qui
660 157 803 188 existimat,
824 163 850 183 ct
873 158 918 190 qui
933 161 1008 190 putat
1024 157 1045 184 Α
1059 158 1120 180 sunt
1136 152 1225 180 oninia
1239 152 1265 178 in
1282 150 1478 184 corruptionem
1491 148 1547 182 ipso
1565 154 1626 179 usu,
1638 147 1821 180 serundmpm-

221 208 321 243 n'iqnnl
332 215 385 234 esse
400 213 545 236 commune,
565 205 615 237 ipsi
630 211 767 233 commune
788 209 836 230 est.
858 203 890 230 Et
907 210 940 229 tte
959 203 1008 229 mi-

222 253 292 278 reris
306 251 376 285 quod
392 250 520 284 cogitatio
539 249 638 276 mentis
657 248 750 275 cibum
773 249 819 282 qui
845 253 941 275 natura
966 248 1007 274 sui

221 297 372 324 communis
395 292 437 322 vel
460 296 579 330 pollutus
598 303 650 322 non
674 299 732 326 est,
759 294 842 322 faciat
865 294 1007 328 pollutum,

187 367 189 370 .
220 351 282 370 cum
305 342 459 369 econtrario
483 341 572 369 cibum
591 348 656 369 vere
680 341 813 375 pollutum
841 342 916 375 (vere
935 341 1007 367 enim

219 387 337 423 pollutus
351 392 392 414 est
408 387 454 422 qui
477 386 555 413 idolis
569 384 737 420 immolatur)
752 385 912 420 simplicitas
934 391 1010 411 mon-

220 433 265 464 tis,
278 437 306 460 et
326 432 399 459 nulla
417 431 590 466 cogitationis
605 430 801 465 scrupulositas
821 429 919 464 injecta
939 427 1006 463 (‘22),

219 477 292 504 omni
314 477 467 511 suspicione
481 474 721 504 contaminalionis
739 474 872 502 absolvat.
893 474 924 501 Et
948 482 1009 501 rur-

219 530 279 551 sum
293 523 398 550 etiamsi
422 522 536 549 mundus
552 522 587 549 sit
603 521 690 553 ribus.
716 521 898 554 suspicionem
917 525 1007 548 tamen

219 569 317 604 aliquis
338 570 458 604 patiatur
476 569 553 604 quasi
580 569 652 604 quod
677 568 756 595 idolis
779 567 935 595 immolatus
961 567 1008 600 sit,

219 614 303 649 pollui
327 614 426 641 dicitur
448 622 495 647 pro
523 613 696 640 conscientia:
715 613 853 647 scrupulo.
886 612 916 639 Si
938 616 1008 639 enini

218 665 326 694 propter
339 660 424 686 cibum
445 660 529 693 frater
542 665 602 686 tuus
616 661 790 686 contristatur
805 659 873 694 (25),
890 660 1008 694 nonjam

219 706 364 732 secundum
382 706 535 731 churitalem
557 705 688 732 ambulas.
712 704 776 732 Noli
797 706 854 732 cibo
869 711 914 732 tuo
930 705 1006 732 illum

219 752 336 786 perdere,
350 760 398 785 pro
413 760 463 787 quo
480 751 602 779 Christus
618 756 738 778 mortuus
752 757 800 779 est.
816 753 883 779 Cum
899 752 1008 779 deﬁnis-

220 802 262 824 set
283 798 430 831 apostolico
449 798 574 832 dogmate
597 805 646 832 per
669 798 811 825 Dominum
831 797 924 826 Iesum
941 799 1007 825 nihil

219 850 363 870 commune
379 849 425 870 aut
449 844 615 870 immundum
630 849 726 871 natura
740 846 782 871 sui
803 845 964 879 putandum,
981 849 1008 872 et
1025 837 1046 864 Β

219 889 339 917 dedisset
362 898 425 924 erga
451 898 515 918 usus
549 891 672 918 ciborum
703 891 826 918 fidelibus
856 891 1008 925 quibusth

219 935 449 963 absolutissimum
465 935 626 968 libertatem,
641 944 735 964 rursus
751 936 783 963 ad
800 936 1007 964 aediﬁcationem

219 982 333 1008 fraterni
353 982 454 1009 amoris
467 982 602 1010 licentiam
629 986 735 1009 resecat
760 982 909 1016 libertatis,
925 987 953 1010 et
964 983 1006 1010 di—

219 1027 255 1053 cit
270 1035 276 1053 :
293 1026 404 1053 Etiamsi
430 1035 574 1054 commune
596 1027 662 1054 nihil
682 1032 733 1058 est.
757 1033 786 1055 ct
805 1035 869 1055 usus
886 1029 1007 1056 omnium

217 1071 340 1098 ciborum
358 1072 471 1099 licenter
490 1072 652 1104 admittitur.
675 1077 765 1100 tamen
793 1077 821 1100 tu
847 1073 868 1100 si
897 1078 1008 1108 propter

219 1116 307 1143 cibum
320 1125 399 1151 quetn
417 1118 491 1144 licito
507 1123 585 1152 putas
601 1118 772 1152 sumendum,
792 1119 903 1146 fratrem
920 1125 1006 1152 tuum,

218 1164 265 1196 qui
283 1164 400 1190 nondum
418 1165 539 1192 svientiar
551 1164 632 1197 hujus
649 1172 735 1199 capax
748 1170 801 1197 est,
824 1166 1006 1199 scandalizas,

215 1209 273 1244 jam
297 1217 348 1236 non
369 1211 511 1236 secundum
531 1209 688 1237 charitatem
711 1210 842 1242 ambulas.
867 1218 916 1238 nec
942 1211 1008 1238 alie-

218 1259 292 1282 ctttnt
309 1256 335 1282 in
354 1261 380 1282 te
397 1256 507 1282 fraterni
522 1257 624 1284 amoris
638 1257 768 1283 ostendis.
791 1256 859 1290 Quid
874 1257 945 1284 enim
961 1258 1008 1285 lte-

217 1301 301 1334 deris,
317 1302 340 1328 si
357 1306 386 1328 ut
402 1302 513 1329 fratrem
540 1307 613 1329 tnunt
638 1310 690 1330 non
715 1303 871 1335 contristes,
894 1304 976 1331 etiam
991 1311 1007 1331 a

218 1346 300 1374 licitis
316 1348 474 1375 abstineas?
489 1348 547 1375 Tibi
563 1349 636 1376 enim
657 1350 796 1377 abstinere
821 1358 836 1377 a
855 1350 937 1378 licitis
954 1351 1008 1378 cri-

219 1400 279 1419 men
300 1393 400 1420 nnllum
426 1399 483 1426 est;
513 1395 550 1421 illi
576 1403 641 1422 vero
660 1395 686 1422 in
707 1396 806 1430 quibus
828 1396 960 1424 discernit
980 1400 1008 1424 et

217 1444 295 1473 putat
311 1447 362 1466 non
379 1440 471 1471 licere,
492 1441 708 1468 condemnabilis
731 1449 796 1468 usus
819 1442 939 1476 estC“).
955 1441 1008 1475 Qui

219 1485 288 1512 enim
301 1485 436 1518 discernit,
448 1487 471 1513 si
482 1487 687 1519 manducauerit,
707 1487 849 1515 damnatus
863 1493 911 1514 est.
928 1487 1005 1521 Quod

218 1529 241 1556 si
265 1530 360 1562 facias,
388 1536 413 1557 tu
441 1531 533 1566 utique
556 1532 669 1559 fratrem
687 1536 762 1559 tuutn
783 1533 873 1567 perdis
888 1541 935 1567 pro
953 1541 1005 1568 quo

218 1575 339 1603 Christus
367 1582 485 1604 mortuus
508 1583 556 1610 est,
577 1582 604 1604 et
632 1583 659 1605 tu
680 1579 704 1605 ci
723 1586 819 1606 causas
845 1579 1008 1613 perditionis

218 1622 346 1656 acquiris.
365 1622 580 1656 M-tﬂlllllcellllus
593 1629 684 1651 autem
706 1625 740 1652 de
757 1625 798 1652 his
820 1624 891 1651 idem
908 1625 1007 1652 Paulus

217 1667 251 1695 ad
264 1668 437 1696 Colossenses
445 1669 578 1702 scribens,
596 1670 661 1697 dicit
678 1679 685 1697 :
702 1670 787 1697 Nemo
802 1671 890 1706 itaque
902 1679 944 1698 vos
959 1671 1008 1705 ju-

218 1714 287 1741 dicet
298 1716 324 1740 in
335 1723 405 1746 esca,
416 1719 462 1741 aut
476 1716 502 1741 in
514 1720 587 1750 potu,
603 1721 649 1743 aut
666 1717 693 1743 in
714 1722 788 1751 parte
800 1717 852 1744 diei
868 1717 940 1752 festi,
961 1722 1006 1744 aut

218 1761 370 1793 neomeniis,
389 1766 433 1788 aut
446 1761 573 1794 Sobbato,
588 1770 648 1795 quis
661 1767 721 1789 sunt
737 1763 829 1789 umbra
843 1763 1004 1797 futurorum,

217 1815 312 1841 corpus
332 1813 418 1835 autem
442 1809 552 1836 Christi.
578 1809 662 1836 Nemo
678 1818 721 1837 vos
739 1811 847 1838 seducet
871 1812 958 1838 volens
979 1813 1005 1839 in

218 1854 367 1880 humilitate
380 1854 465 1881 cordis
488 1859 512 1881 et
525 1855 651 1889 religione
673 1857 825 1890 angelorum
847 1864 926 1890 quam
953 1865 1005 1884 non

217 1899 281 1925 cidit
302 1900 428 1926 extollens
451 1908 488 1933 se,
510 1900 611 1934 [rustra
633 1901 741 1935 inﬂatus
763 1909 780 1928 α
805 1907 890 1928 mente
917 1902 1006 1928 carnis

217 1952 273 1971 aure
288 1945 353 1980 (15).
373 1951 396 1973 et
418 1955 468 1973 non
494 1952 583 1974 tenens
607 1952 684 1981 caput
710 1947 750 1980 “‘;
776 1952 878 1982 etpost
894 1956 978 1982 pauca
997 1956 1005 1974 :

218 1990 250 2017 Si
264 1999 324 2025 ergo
337 1992 435 2018 mortui
455 1993 517 2018 estis
534 2000 593 2018 cum
609 1991 714 2019 Christo
731 1993 763 2019 ub
784 1993 916 2020 elementis
935 2001 1008 2020 mun-

217 2037 256 2069 di,
266 2038 330 2071 quid
344 2037 413 2064 t-elut
435 2037 545 2065 viventes
559 2038 585 2064 in
597 2037 646 2064 hac
666 2039 763 2065 mundo
787 2039 947 2065 decernitis?
967 2038 1008 2066 Ne

216 2082 346 2117 tetigeris,
361 2091 393 2110 ne
409 2083 565 2118 gustaveris,
589 2092 621 2110 ne
644 2085 842 2111 attaminaveris
854 2084 910 2119 (ἐϋ)
924 2092 931 2110 :
947 2093 1008 2120 qua:

253 2151 274 2167 ¹⁶
288 2151 393 2179 Coloss.
409 2160 440 2186 tt,
466 2153 557 2180 lli-18.
596 2153 617 2168 "
634 2153 699 2181 ibid.
714 2153 749 2181 20
766 2161 824 2189 seq.

864 2155 886 2170 ⁸⁸
903 2155 1007 2183 Coloss.
1023 2163 1054 2188 ll,
1071 2155 1119 2184 21.

1062 205 1136 233 cepta
1160 203 1183 225 et
1209 197 1343 224 doctrinas
1366 195 1500 221 hominum
1525 202 1610 228 :qnaz
1635 199 1695 220 sunt
1722 194 1822 218 raziortm

1062 245 1168 279 quidem
1183 243 1306 270 [rubentia
1318 243 1454 276 sapientiae
1468 241 1497 268 in
1514 240 1694 267 observatione
1705 239 1823 273 religionis,

1062 295 1086 317 et
1100 290 1250 316 humilitate
1261 297 1307 323 per
1319 289 1481 316 uexationem
1492 286 1623 321 corporis,
1637 294 1691 312 non
1708 286 1734 311 in
1752 286 1823 311 honore

1062 335 1150 371 aliquo
1168 336 1202 362 ad
1213 335 1381 362 saturitatem
1399 334 1488 361 carnis
1504 333 1537 360 ".
1555 333 1592 360 De
1609 332 1707 366 quibus
1726 339 1767 365 per
1784 334 1823 358 siu-

1062 381 1122 415 gula
1145 381 1279 408 disserere
1300 388 1352 407 non
1379 383 1420 406 est
1436 377 1587 413 praesentis
1609 378 1719 410 operis;
1750 376 1776 401 de
1797 377 1823 401 bis

1062 426 1132 453 enim
1149 433 1220 453 nunc
1241 433 1301 460 quae
1322 425 1355 452 ad
1375 424 1511 451 Romanos
1535 422 1632 450 scribit
1645 421 1780 456 Apostolus
1793 430 1823 446 «ος

1063 480 1160 499 namttr
1178 479 1313 506 exponere
1336 471 1402 506 (‘27).
1426 470 1483 497 lloc
1504 475 1546 497 est
1568 475 1658 497 tamen
1682 468 1748 503 quod
1764 470 1823 494 etim

1062 519 1189 554 praesenti
1205 519 1338 545 asseritnr
1355 517 1480 552 exemplo
1496 524 1503 542 :
1522 523 1556 543 ne
1568 516 1594 542 in
1613 515 1688 548 cibo,
1707 514 1744 541 vel
1759 515 1779 539 in
1791 523 1823 547 χευ-

1063 572 1103 599 tu,
1122 565 1164 592 rel
1187 565 1214 591 in
1236 563 1390 597 huiusmodi
1416 562 1615 593 observantiiS,
1633 569 1696 595 qua
1714 563 1776 594 apuj
1794 559 1823 584 ln-

1062 612 1134 640 dzeos
1149 610 1221 638 velut
1232 609 1315 646 666
1329 609 1485 643 angelorum
1503 608 1599 642 religio
1617 612 1739 642 putatur,
1751 606 1823 639 indito

1063 667 1123 686 mur
1137 658 1170 685 ab
1184 658 1287 692 aliquo.
1306 655 1447 683 Extollunt
1459 655 1532 682 enim
1545 662 1576 682 se
1587 655 1614 681 in
1630 654 1674 680 his
1686 661 1743 686 qua:
1757 654 1823 677 \llllll‘

1063 709 1117 736 tur,
1129 709 1156 731 et
1170 703 1253 731 inﬂati
1269 708 1332 731 sunt
1348 704 1380 730 de
1399 703 1551 731 visibilibus
1565 703 1659 729 rebus.
1685 702 1748 735 Qua:
1759 707 1823 727 unm

1061 751 1143 778 elatio
1165 758 1219 777 non
1243 754 1285 777 cst
1304 750 1454 777 secundum
1480 749 1645 785 sapientiam
1663 749 1777 783 spiritus.
1794 751 1823 773 :r.‘

1061 798 1210 824 secundum
1227 803 1337 824 sensum
1352 796 1453 824 carnis.
1469 795 1527 822 Non
1540 799 1633 821 autem
1649 795 1684 821 de
1699 794 1780 820 carni!
1792 795 1823 819 tu

1060 843 1142 870 rebus
1159 847 1321 877 praeceptum
1335 846 1377 868 est
1393 849 1400 867 :
1420 841 1461 868 Ne
1481 841 1609 876 tetigeris,
1626 848 1658 867 ne
1683 841 1823 866 allnntltzu'lt-

1059 890 1107 922 ris,
1122 897 1153 916 ne
1165 889 1310 924 gustaveris
1325 887 1382 924 (28)
1397 887 1430 914 ¹¹.
1451 887 1512 914 11³30
1527 888 1602 914 enim
1626 887 1729 915 otunia.
1743 886 1784 912 huc
1797 892 1823 910 t'al

1059 936 1190 968 carnalia,
1208 936 1241 963 ad
1266 943 1344 962 usum
1366 938 1438 962 hunc
1460 933 1669 969 corruptibilem
1694 933 1751 959 daL‘t
1766 939 1823 960 51ml,

1059 986 1087 1010 et
1098 989 1158 1016 qlia:
1175 986 1262 1017 potest
1275 988 1336 1009 esse
1348 981 1375 1008 in
1388 981 1564 1016 corruptione
1585 979 1757 1007 observantia
1773 986 1823 1011 pur:-

1060 1027 1141 1055 tatis?
1155 1027 1208 1054 Sed
1224 1035 1285 1054 eum
1301 1027 1345 1054 lex
1364 1027 1421 1053 haec
1437 1026 1471 1053 de
1488 1025 1700 1053 rationabilibus
1719 1030 1823 1058 proripi.

1058 1081 1129 1108 quas,
1155 1073 1178 1100 si
1202 1072 1340 1100 itmnunda
1365 1076 1437 1104 sunt,
1463 1079 1527 1100 vere
1545 1071 1681 1105 tangenda
1697 1077 1748 1097 non
1772 1079 1823 1098 sun‘.

1058 1126 1146 1153 neque
1168 1119 1311 1153 gustanda,
1334 1125 1369 1145 ne
1388 1117 1534 1153 participes
1558 1124 1608 1144 nos
1633 1116 1732 1143 faciant
1746 1121 1823 1150 pum

1058 1168 1086 1191 et
1098 1164 1276 1191 immunditiae
1290 1171 1356 1196 sum,
1373 1169 1508 1198 precepts
1521 1163 1664 1190 hominum
1675 1165 1701 1189 et
1713 1162 1823 1189 doctrina:

1058 1209 1257 1245 relinquentes,
1273 1210 1345 1236 hunc
1364 1208 1517 1244 spiritalem
1536 1208 1593 1243 (29)
1612 1216 1722 1236 sensum
1735 1209 1763 1233 ad
1776 1215 1821 1234 car-

1059 1256 1128 1283 nalia
1145 1256 1201 1283 haec
1213 1260 1240 1283 et
1251 1255 1404 1291 corporalia
1422 1255 1631 1286 transtulerunt,
1645 1262 1706 1289 qua:
1719 1254 1821 1280 I‘ationwv

1058 1302 1200 1337 sapientia
1220 1302 1320 1330 habent
1340 1302 1367 1329 in
1384 1301 1577 1329 observatione
1600 1301 1736 1335 religionis
1757 1301 1823 1326 cllm-

1058 1348 1173 1375 militate
1195 1348 1328 1383 corporis,
1348 1355 1401 1374 non
1421 1352 1512 1375 tamen
1533 1352 1563 1373 ut
1588 1347 1731 1373 occasione
1749 1345 1821 1377 huius

1058 1394 1130 1421 modi
1149 1394 1332 1421 observantia:
1347 1393 1434 1420 honor
1449 1392 1506 1428 (30)
1529 1392 1627 1426 aliquis
1644 1393 1712 1426 apud
1725 1390 1823 1417 boui-Ilii)

1058 1447 1086 1467 et
1101 1440 1192 1467 carnis
1209 1439 1314 1467 delicis
1329 1439 1514 1474 requirantur.
1539 1439 1604 1466 dum
1625 1445 1675 1472 pro
1699 1444 1823 1471 paucorum

1059 1486 1222 1513 abstinentia
1247 1485 1324 1512 multi
1347 1485 1400 1513 cibi
1420 1485 1596 1520 requiruntur
1619 1489 1647 1512 et
1671 1483 1755 1511 electi.
1772 1482 1823 1507 ἴση

1059 1537 1150 1559 autem
1169 1531 1345 1558 observantia
1362 1535 1404 1558 est
1421 1531 1466 1558 ubi
1479 1531 1516 1558 ita
1540 1531 1660 1557 sumitur
1671 1530 1751 1559 cibus.
1764 1533 1783 1555 ut
1795 1535 1819 1552 ut

1058 1584 1175 1614 aguntur
1186 1578 1288 1611 omnia,
1302 1582 1331 1604 ut
1348 1585 1401 1605 nott
1420 1577 1453 1604 de
1468 1576 1568 1604 talibus
1584 1576 1695 1603 dicatur
1708 1584 1714 1602 :
1728 1574 1819 1606 Quarta

1058 1624 1130 1652 Deus
1143 1629 1232 1651 venter
1244 1628 1282 1651 est
1299 1624 1332 1651 ".
1349 1623 1495 1650 Abstinere
1511 1622 1584 1650 enim
1607 1621 1664 1656 (3i)
1677 1620 1786 1648 convenit

1058 1671 1132 1697 omni
1148 1670 1211 1698 cibo
1226 1677 1305 1704 quem
1323 1668 1544 1704 concupiscentia
1560 1673 1587 1696 et
1603 1667 1686 1695 libido
1698 1674 1817 1700 prauum.

1058 1723 1139 1750 quem
1163 1715 1267 1743 delicia:
1291 1719 1398 1750 parant,
1427 1722 1507 1749 quem
1537 1714 1619 1741 luxus
1636 1713 1772 1748 excogitat.
1788 1710 1814 1734 \I-

1059 1763 1176 1790 dendutn
1198 1770 1313 1797 namque
1330 1767 1372 1789 cst
1391 1761 1447 1797 (52)
1464 1768 1517 1788 non
1542 1760 1631 1788 solum
1657 1759 1740 1795 quali,
1753 1759 1818 1784 sold

1059 1815 1161 1845 quanto
1185 1809 1259 1842 cibo,
1281 1813 1310 1836 et
1334 1815 1389 1843 quo
1414 1808 1441 1835 in
1463 1811 1600 1842 tempore,
1625 1812 1653 1834 et
1670 1814 1743 1840 quam
1760 1813 1818 1838 pun

1059 1861 1177 1884 utantur.
1193 1855 1239 1882 Sic
1261 1854 1335 1882 enim
1351 1854 1440 1881 omnia
1462 1854 1561 1880 mundo
1589 1853 1695 1879 mundis
1713 1851 1817 1878 ωτι-ηιμ,

1056 1901 1140 1933 ﬁunt;
1171 1899 1358 1927 contaminatis
1377 1905 1478 1930 autem.
1502 1903 1529 1925 ut
1554 1898 1622 1925 dicit
1643 1896 1783 1932 Apostolus,
1803 1904 1817 1919 ι’.

1060 1946 1210 1982 inﬁdelibus
1226 1946 1291 1974 nihil
1317 1946 1444 1973 mundum
1457 1945 1490 1972 ".
1508 1946 1536 1972 In
1554 1953 1609 1980 quo
1631 1944 1753 1975 ostendit,
1772 1952 1814 1975 τινιιλ

1055 1994 1138 2020 etiam
1153 2000 1183 2020 ca
1197 1999 1259 2027 qua:
1276 1992 1347 2026 apud
1365 1990 1473 2018 Judasos
1496 1991 1596 2018 munda
1625 1990 1785 2017 llotttiuautur
1807 1996 1815 2007 νι

1056 2039 1135 2072 cibis,
1156 2039 1179 2066 si
1197 2040 1259 2073 quis
1279 2038 1480 2066 contaminatus
1497 2037 1533 2064 sit
1552 2041 1581 2064 et
1603 2036 1729 2068 inlidclis,
1745 2039 1816 2061 ιιιυιιιει

1056 2086 1081 2113 ei
1097 2093 1159 2113 esse
1173 2093 1226 2113 non
1244 2090 1367 2120 possunt.
1388 2084 1566 2119 Consequens
1584 2084 1668 2119 igitur
1692 2083 1748 2115 erit,
1770 2088 1791 2106 ut
1803 2090 1815 2105 ,ι

1158 2156 1179 2172 ¹⁹
1193 2155 1290 2191 Philip.
1314 2163 1355 2187 Ill,
1383 2154 1426 2182 l9.
1466 2154 1488 2170 ”
1502 2152 1558 2180 Tit.
1574 2161 1594 2185 ι,
1611 2152 1653 2181 15.

257 2219 373 2256 (2‘2)_Sie
392 2227 442 2246 ms.
461 2219 562 2254 Regius
580 2229 654 2248 nttm.
674 2221 741 2249 1659
752 2227 778 2249 ct
792 2222 929 2250 llabanns.
942 2223 1005 2250 Mss.
1022 2226 1046 2256 ι)
1059 2223 1161 2250 omisso
1178 2223 1259 2249 ertim.
1276 2221 1345 2249 Editi
1359 2221 1486 2248 omittunt
1505 2229 1585 2252 tmttt‘,
1605 2225 1631 2247 et
1651 2219 1744 2256 [tabent
1756 2217 1814 2243 etin

216 2254 282 2283 vero
299 2254 429 2292 plerique,
450 2260 474 2292 et
499 2257 571 2282 nulla
587 2257 743 2292 cogitatione
759 2258 948 2288 scrupulositas
963 2260 1005 2285 in-

213 2292 296 2326 jecta.
318 2290 399 2322 Editi,
416 2295 441 2317 et
455 2291 481 2317 in
493 2290 651 2326 cogitatione
663 2293 736 2319 nulla
751 2293 941 2327 scrupulositas
965 2295 1006 2320 ὶιι·

230 2334 296 2353 ecta.

214 2335 308 2396 μῗὲέ)
325 2360 405 2390 Editi.
419 2361 502 2394 frater
513 2367 573 2388 tuus
590 2362 789 2389 scandalizatur
805 2362 843 2390 vel
862 2363 1004 2390 contrista-

217 2402 271 2427 tur,
289 2400 341 2432 etc.
364 2396 475 2427 Deinde,
496 2405 554 2423 cum
579 2400 648 2424 enim
675 2398 841 2432 tle/inisset...
863 2407 909 2432 per
925 2398 1005 2425 Chri-

217 2437 285 2458 stum
303 2431 407 2464 Iesum,
424 2436 477 2458 etc.
491 2431 544 2459 Sed
561 2440 656 2460 omnes
670 2431 735 2460 mss.
751 2438 778 2460 et
793 2432 922 2461 Rabanus
934 2438 963 2461 ut
978 2434 1004 2461 in

219 2471 302 2493 textu.

254 2501 311 2535 (ﬁt)
329 2499 392 2527 Mss.
409 2501 541 2537 plerique,
559 2501 688 2529 Rabanus
704 2507 730 2530 et
748 2503 825 2534 editi.
838 2505 1004 2530 contamina-

218 2537 276 2562 bilis
291 2543 353 2562 usus
367 2541 404 2561 est
420 2544 429 2563 :
445 2538 490 2563 sed
507 2539 606 2565 rectior
621 2538 727 2564 videtur
740 2538 820 2564 lectio
836 2540 937 2567 codicis
952 2538 1004 2566 lie-

216 2571 253 2607 gii
270 2570 437 2607 ῃιειηὶνιῧόθ,
451 2572 658 2599 condemnabilis
675 2581 736 2600 usus
749 2578 799 2602 est.

253 2606 309 2640 ('25)
326 2605 372 2632 Sic
394 2614 445 2633 ms.
462 2606 561 2640 Regius
577 2615 650 2634 nttm.
667 2608 743 2635 1639.
760 2608 798 2634 Ita
815 2609 896 2635 etiam
912 2608 1002 2635 caueri

218 2648 296 2671 τινες..
312 2641 412 2667 omisso
433 2650 459 2668 a.
478 2641 559 2673 Editi,
573 2642 679 2675 iit/Intus
693 2652 770 2670 sensu
784 2644 870 2669 carnis
882 2651 947 2670 sna'.

254 2675 446 2712 (26)_ltﬁaimss.
470 2677 602 2710 plerique.
624 2677 692 2704 liditi
713 2686 775 2705 vero
789 2684 815 2705 ct
837 2687 886 2704 IIIS.
906 2678 1005 2712 Hegias

218 2718 294 2750 nunt.
313 2710 389 2750 [tibi],
407 2710 446 2737 Ne
469 2712 616 2745 tetigeritis,
637 2721 668 2739 ne
687 2714 866 2748 gnstareritis,
891 2721 922 2739 ne
935 2710 1006 2740 littu-

218 2752 388 2776 mtnavcrttts,
406 2751 460 2773 elc.

254 2779 310 2811 (Ἣ)
335 2780 384 2806 ills.
408 2781 509 2815 Regius
535 2789 608 2808 ntttn.
633 2782 710 2814 i639,
736 2792 787 2810 non
811 2788 849 2810 cst
870 2785 1006 2816 prtesentis

219 2816 351 2848 tt'ntpuris.
375 2816 412 2843 De
433 2819 472 2844 lus
497 2825 599 2845 num"...
624 2825 746 2845 conemur
773 2827 916 2852 exponere,
941 2825 1006 2851 CiC-1

1059 2266 1120 2285 cum
1137 2258 1274 2292 plerisque
1294 2265 1360 2292 mss.
1382 2265 1507 2283 conemur
1526 2263 1664 2288 exponere.
1681 2255 1732 2281 Sed
1746 2259 1814 2278 rrvtrrr

1060 2291 1168 2320 videtur
1185 2293 1265 2319 lectio
1279 2300 1329 2319 ms.
1346 2291 1420 2326 Regii
1441 2299 1515 2318 num.
1532 2291 1611 2322 16st),
1633 2297 1753 2316 conamur
1762 2296 1815 2319 env-

1060 2337 1131 2355 nere.
1147 2328 1247 2354 Deinde
1264 2328 1341 2360 editi,
1357 2326 1415 2353 Hoc
1427 2331 1465 2353 est
1481 2331 1594 2357 tantum,
1609 2331 1661 2352 etc.

1095 2363 1151 2398 (‘28)
1168 2362 1205 2389 Ita
1221 2370 1317 2400 ontncs
1337 2370 1404 2400 mss.
1421 2361 1517 2400 nostri.
1539 2361 1611 2388 Editi
1629 2367 1704 2400 vero,
1728 2367 1756 2385 ne
1774 2362 1813 2383 trn—

1059 2399 1208 2433 geritistne
1221 2397 1451 2433 attnntinaoeritis,
1466 2404 1497 2423 ne
1509 2397 1689 2433 gustat-eritis.
1713 2430 1718 2433 _
1771 2428 1774 2432 '

1095 2428 1244 2468 (29lEditi,
1259 2438 1281 2458 et
1297 2433 1424 2459 doctrina:
1435 2428 1657 2468 (mssiplerique,
1667 2435 1691 2456 et
1702 2428 1813 2455 doctrinm

1060 2466 1245 2502 relinquentes,
1264 2467 1332 2493 ltum:
1345 2468 1507 2499 spiritalem.
1528 2471 1582 2493 etc.
1604 2466 1653 2492 Ms.
1672 2470 1752 2491 tamen
1768 2468 1813 2502 Intus

1059 2499 1160 2537 Regius
1179 2511 1254 2529 num.
1279 2502 1347 2529 1640
1368 2502 1449 2529 habet
1474 2502 1659 2533 observantes,
1690 2507 1734 2534 pro
1756 2499 1812 2524 ulu-

1077 2543 1174 2564 ucntes.

1127 2546 1134 2562 ι
1167 2557 1174 2564 ι

1058 2546 1246 2608 ᾳυῖἕυῗιέιίἱιί.
1261 2580 1311 2599 non
1324 2578 1427 2608 tantum
1439 2579 1499 2599 vero
1515 2572 1654 2598 occasione
1670 2570 1743 2608 hujus
1755 2568 1811 2594 abut-

1056 2607 1150 2634 rantire
1162 2608 1333 2641 honorabilis,
1347 2613 1399 2635 etc.
1413 2607 1465 2635 Sed
1477 2614 1573 2634 omnes
1589 2614 1657 2634 mss.
1672 2611 1699 2632 ut
1711 2607 1735 2632 iu
1747 2607 1811 2630 ll02ll'0

1057 2648 1142 2670 textu.

1092 2677 1148 2713 (5|)
1162 2678 1250 2705 Enim.
1270 2677 1348 2704 Deest
1367 2678 1392 2703 in
1414 2677 1490 2704 libris
1510 2683 1589 2704 antea
1604 2677 1692 2704 editis.

1092 2710 1148 2748 (52)
1163 2714 1249 2750 Editi,
1265 2712 1410 2750 Videndum
1432 2718 1561 2750 δορις-εει.
1585 2713 1696 2750 Deinde,
1764 2714 1807 2734 ιιι·

1057 2747 1144 2775 omnia
1159 2749 1263 2774 mundis
1279 2748 1377 2773 munda
1389 2747 1466 2781 ﬁunt.
1486 2747 1551 2774 Mss.
1567 2748 1698 2781 plerique.
1715 2747 1752 2771 δ’(
1763 2751 1806 2769 tm“

1057 2784 1144 2809 ontnia
1160 2784 1256 2809 mnntlu
1284 2783 1387 2808 muralis
1402 2782 1480 2815 fiunt.
1498 2783 1551 2810 Sed
1578 2793 1630 2811 HI".
1653 2782 1743 2816 Regius
1757 2787 1806 2806 intul-

1062 2819 1128 2846 1659
1145 2823 1171 2846 ιιι
1189 2819 1213 2846 in
1229 2825 1321 2846 ttosuo
1336 2823 1418 2845 testu.
