1851 3054
17 91 59 117 fit)
491 91 666 120 COMMENT.
690 92 721 118 IN
740 91 775 119 EI

884 93 917 121 λι)
934 94 1019 123 ROM.
1037 94 1101 122 LIB.
1122 95 1155 123 Χ.

1574 100 1643 129 12Πο

41 156 116 182 qua:
148 148 255 175 mumla
277 152 349 178 sunt.
376 150 568 177 contaminatis
594 151 730 178 immunda
747 151 803 178 clli-
818 156 839 183 Α
856 153 989 187 ruptionis
1001 154 1131 188 explebit.
1146 155 1177 182 Et
1195 155 1261 182 nihil
1276 156 1373 183 mirum
1392 156 1413 183 si
1427 162 1539 185 sanctus
1554 159 1642 186 cibum

17 198 120 226 uitur,
155 193 241 219 etiam
260 199 290 219 ea
306 200 366 226 qua:
386 193 512 220 dicuntur
528 194 679 227 immunda,
702 197 804 224 sanctis

38 238 190 265 ﬁdelibus
214 238 312 264 munda
338 238 413 264 liaut.
441 239 651 273 Suiicliﬁcanlur
673 241 740 267 enim
759 249 804 275 per

17 284 101 309 rbum
120 283 180 310 Dei
197 283 254 318 (55)
271 288 295 309 et
311 284 466 317 orationem,
490 286 553 319 quia
575 287 659 313 omnis
682 292 804 314 creatura

17 330 33 355 ii
49 330 146 361 bona,
180 336 203 356 et
219 330 286 356 nihil
299 330 475 364 abjiciendum
492 333 560 366 quod
580 340 639 359 cum
656 334 803 367 gratiarum

18 377 97 402 tione
116 376 273 410 percipitur
288 377 322 402 ’¹.
340 377 394 404 Per
407 379 558 405 orationem
575 384 663 406 autem
683 387 736 406 non
755 387 802 407 cu-

17 429 163 456 scunque
180 423 398 454 sanctilieantnr,
418 424 464 450 sed
476 431 570 452 eorum
591 425 636 458 qui
652 425 803 460 levantpu-

19 476 33 495 ε
61 477 178 495 manus
198 469 254 495 sine
277 469 318 495 ira
336 475 359 496 et
386 470 574 502 disceptatione
588 472 622 497 “.
644 471 689 498 Vis
711 476 802 498 autent

17 514 234 549 agnit’icentius
246 515 335 542 adhuc
350 516 382 542 de
397 515 504 542 mundis
518 520 545 543 et.
561 516 718 548 immundis,
729 517 802 550 quod

17 570 42 588 in
61 562 102 588 de
119 563 303 597 corporibus,
320 565 366 589 sed
381 562 414 589 de
428 563 526 589 animis
544 562 670 589 dicantur
684 566 711 589 ct
727 570 804 590 nien-

17 615 79 640 sus,
97 609 222 635 edoceri
239 608 316 644 (34)?
330 608 400 635 Audi
416 609 500 643 ipsius
514 609 619 636 Domini
633 614 660 636 et
677 608 801 637 Salvato-

17 661 28 679 s
45 655 74 680 in
96 654 257 688 Evangelia
272 655 434 682 sententiam
447 655 561 682 dicentis
579 663 585 681 :
603 654 664 681 Non
683 662 742 689 qua:
761 656 802 682 in-

17 704 61 724 ruit
77 699 109 725 in
126 707 174 730 os,
189 700 382 726 communicant
403 699 459 735 (35)
475 700 617 731 hominem,
632 700 676 726 sed
697 708 756 735 quia
770 708 802 727 ea:

17 753 36 771 ἐ
59 745 240 778 procedunt;
260 746 385 780 quoniam
407 746 439 772 ab
460 747 531 773 intus
549 746 581 773 de
607 746 684 773 corde
706 751 802 774 exeunt

17 790 186 824 Igitalione:
204 791 292 823 maliv,
304 791 459 825 homicidia,
474 792 607 819 adulteria
625 792 658 825 ³³,
672 796 724 820 etc.
749 792 801 820 Co-

20 838 96 863 tatio
124 844 197 872 ergo
217 842 259 864 est
280 843 307 864 ct
328 845 405 865 mens
426 845 478 864 non
502 843 575 865 recte
597 838 716 865 sentiens
742 846 802 873 qua:

17 881 94 908 )lluit
114 881 273 915 hominem,
288 890 340 909 non
352 883 473 910 ciborum
487 882 603 919 qualitas
613 902 621 915 ,
634 891 694 918 qua:
708 884 801 918 cujus-

17 934 112 960 inque
133 927 210 954 modi
226 927 316 961 fuerit,
330 927 389 962 pari
402 927 552 963 eodemque
565 928 638 956 exitu
651 935 728 956 usum
741 935 803 956 cor-

856 207 935 233 qucm
959 200 1060 233 sumit,
1086 201 1169 229 verbo
1194 202 1259 234 Dei.
1285 206 1312 229 et
1331 203 1453 230 oratione
1472 204 1642 237 sanctiﬁcat,

856 251 917 270 cum
934 245 1015 271 etiam
1037 245 1095 280 ipsa
1121 246 1219 281 quibus
1239 247 1359 275 induitur
1382 253 1473 275 sancta
1487 249 1542 276 sint
1559 251 1639 277 vesti-

857 294 956 317 menta.
983 290 1098 317 Sudaria
1121 292 1239 326 denique
1263 293 1338 320 Pauli
1365 293 1388 309 “
1419 298 1445 320 et
1470 295 1641 323 semicinctia

857 339 961 362 tantum
977 343 1009 363 ex
1036 337 1119 371 ipsius
1146 338 1264 372 puritate
1285 339 1508 366 sanctificationis
1527 348 1642 375 accepe-

857 386 927 412 rant.
947 387 976 408 ut
1001 383 1081 417 aegris
1106 384 1226 411 adhibita
1254 385 1414 420 corporibus
1435 385 1490 421 (ὃὸ)
1516 386 1642 420 fugarent

856 427 974 460 morbos,
996 433 1023 455 et
1047 429 1190 456 redderent.
1215 431 1369 458 sanitatem.
1403 431 1469 458 Nam
1501 432 1534 459 de
1557 432 1641 460 Petro

856 473 919 508 quid
942 474 1040 506 dicam,
1067 475 1144 509 cujus
1166 476 1247 503 etiam
1273 477 1367 504 umbra
1392 478 1514 512 corporis
1536 483 1640 506 tantum

855 519 1078 548 sanctiﬁcationis
1099 523 1211 556 gerebat
1228 522 1264 554 ",
1289 527 1318 549 ut
1333 531 1509 559 quoscunque
1526 529 1639 559 praeter-

856 563 913 591 iens
929 572 982 591 non
1005 566 1071 599 ipse,
1088 566 1133 593 sed
1148 565 1204 593 sola
1228 567 1286 601 ejus
1301 568 1394 594 umbra
1416 569 1558 603 tetigisset,
1575 577 1641 596 cott-

856 608 930 635 tinuo
954 609 989 636 ab
1011 610 1084 637 omni
1107 611 1267 645 aegritudine
1288 611 1462 638 levarentur?
1483 612 1537 640 Sed
1561 614 1640 648 paulo

855 651 935 679 latius
949 654 1116 682 excessimus
1138 655 1171 682 dc
1195 655 1302 682 mundis
1318 655 1395 687 cibis,
1409 662 1438 684 et
1453 659 1640 686 communibus

855 698 1033 732 disserentes,
1049 706 1076 728 ut
1088 701 1211 736 Apostoli
1228 709 1349 735 sensum,
1367 707 1498 737 quantum
1512 704 1640 738 possibile

854 747 906 775 est,
929 745 1166 773 consideraremus
1187 747 1333 774 excelsius.
1356 747 1409 775 Sed
1431 755 1564 776 memores
1580 757 1641 784 pro-

854 788 948 823 posita:
973 789 1127 824 brevitatis,
1153 792 1181 819 in
1204 793 1246 820 his
1272 793 1335 821 noni
1362 793 1507 822 voluminis
1531 795 1642 823 conclu-

817 828 839 857 Β
853 836 929 864 sione
945 836 1027 870 facta,
1042 838 1142 867 decimi
1153 839 1329 876 ejusdemque
1345 841 1431 869 ultimi
1449 843 1642 877 aggrediamur

855 883 997 911 exordium
1011 884 1077 920 (57),

904 1014 1628 1028 -ν-ῄ-ῇ-ῄ,

577 1088 754 1133 LIBER
790 1089 1072 1136 DECIMUS.

29 1252 119 1288 667
160 1252 185 1279 Ι.
217 1250 278 1278 Non
304 1251 495 1287 blasphematur
526 1259 588 1287 ergo
614 1252 711 1280 bonum
741 1261 789 1280 no-

17 1304 83 1324 :rum
94 1297 169 1333 (58).
186 1296 247 1324 Non
255 1297 323 1324 enim
331 1305 438 1332 regnum
449 1297 496 1324 Dei
505 1302 541 1324 est
549 1305 608 1324 esca
620 1303 737 1330 etpotus,
750 1299 795 1326 red

17 1345 123 1376 milia,
133 1348 160 1371 et
168 1352 232 1379 pax,
241 1345 396 1379 etgaudium
407 1344 433 1370 in
443 1344 547 1379 Spiritu
555 1350 656 1372 sancto.
670 1345 741 1374 Nam
750 1347 795 1381 qui

17 1390 85 1416 πὶιοί
97 1390 181 1416 servit
192 1389 308 1422 Christo,
320 1389 403 1423 placet
420 1389 484 1420 Duo,
498 1392 654 1424 etprobatus
661 1397 700 1418 est
710 1392 797 1419 Itami-

17 1436 76 1462 ibus
91 1436 117 1451 "
141 1434 209 1471 (59).
226 1435 346 1469 Requiro
361 1435 498 1470 quomodo
512 1435 694 1469 hlaspbemari
714 1438 798 1472 possit

849 1255 895 1289 qui
917 1255 1002 1283 suillis
1017 1260 1144 1283 vescatur
1163 1255 1308 1290 carnibus,
1328 1258 1368 1285 vel
1396 1259 1456 1286 aliis
1480 1259 1633 1295 huiusmodi

849 1302 1038 1329 communibus
1060 1307 1087 1329 et
1109 1302 1325 1332 indill‘crentibus
1346 1305 1425 1333 cibis.
1449 1306 1530 1334 Addit
1546 1313 1635 1335 autem

850 1347 893 1375 his
905 1356 912 1374 :
930 1346 991 1374 Non
1008 1348 1074 1375 enim
1088 1356 1194 1383 regnum
1210 1349 1258 1376 Dei
1271 1358 1328 1376 esca
1343 1355 1367 1377 et
1382 1355 1459 1384 potus
1471 1357 1519 1384 est,
1533 1355 1578 1379 sed
1587 1355 1635 1388 ju-

850 1392 934 1424 uitia,
950 1397 973 1419 et
990 1401 1052 1427 pax,
1069 1398 1091 1420 et
1103 1394 1229 1428 gaudium
1248 1395 1274 1421 in
1296 1395 1396 1429 Spiritu
1416 1403 1517 1424 sancto.
1536 1398 1565 1425 lu
1581 1406 1636 1434 quo

851 1437 948 1464 iterum
966 1438 1139 1466 vehementer
1159 1439 1279 1467 admiror
1295 1441 1458 1475 sapientiam
1479 1443 1573 1476 Pauli,
1589 1445 1635 1479 qui

17 1490 104 1508 onum
121 1486 246 1509 nostrum
255 1481 323 1516 (40).
336 1481 440 1508 Bonum
455 1486 497 1508 est
515 1481 600 1516 legem
614 1483 796 1517 spiritualiter
810 1478 831 1507 (ἶ
848 1484 988 1517 praesentis
1004 1485 1135 1518 temporis
1148 1485 1244 1519 culpas
1258 1485 1341 1514 futuri
1358 1490 1522 1516 sacramenti
1543 1478 1636 1518 aucto-

17 1528 173 1563 ‘itelligere,
185 1532 213 1554 et
225 1527 306 1562 impia
321 1532 402 1562 atque
418 1528 509 1562 inepta
522 1528 711 1557 haereticorum
723 1550 730 1562 ,
752 1531 794 1558 vel

17 1573 75 1599 ilszc
85 1573 268 1608 philosophiae
284 1572 447 1599 studentium
463 1573 588 1607 dogmata
602 1578 729 1608 tanquam
747 1574 798 1601 im—

17 1620 123 1646 mundos
131 1620 210 1646 cibos
224 1619 393 1654 pollutosque
406 1619 500 1646 vitare.
516 1618 573 1646 lloc
587 1619 658 1646 enim
674 1624 716 1647 est
726 1620 797 1654 quod

18 1665 143 1698 pirituali
157 1665 217 1700 lege
231 1665 362 1693 sancitur.
375 1665 477 1692 Tamen
503 1665 524 1692 si
542 1665 602 1699 quis
618 1672 650 1692 ex
679 1664 777 1692 Judzeis
787 1684 796 1698 ,

17 1711 78 1738 ‘erbi
91 1719 190 1744 causa,
202 1715 286 1738 autcx
296 1711 338 1738 his
344 1711 390 1745 qui
397 1711 541 1738 Eneratittc
549 1711 719 1745 appellantur
729 1710 795 1745 (Η),

21 1758 67 1785 clil
81 1759 198 1786 Christo
209 1757 329 1789 credere,
342 1761 417 1791 putet
434 1761 521 1783 tamen
537 1764 590 1784 non
600 1764 697 1790 parum
706 1756 796 1783 inesse

17 1806 139 1831 uomenti
154 1805 181 1831 in
192 1804 364 1831 observantia
374 1803 557 1835 continentiae,
566 1803 607 1829 vel
619 1810 712 1830 eorum
722 1803 796 1830 cibo-

17 1851 118 1885 umqui
134 1851 192 1886 lege.
205 1851 392 1886 prohibentur,
406 1850 523 1884 velquos
536 1850 610 1884 quasi
620 1848 737 1877 castitati
749 1849 796 1876 atl-

17 1897 294 1924 ‘ersantesaestimant
311 1896 430 1924 nonnulli
440 1895 521 1923 etiam
537 1895 740 1930 Scripturarum
748 1902 795 1922 au-

21 1943 132 1970 toritate
142 1942 335 1970 declinandos:
353 1941 504 1978 hujusmodi
518 1941 652 1969 hominem
667 1941 688 1968 si
701 1949 796 1976 perur-

17 1996 66 2019 ;eas
73 1989 107 2016 ad
115 1996 278 2016 communes
287 1989 406 2016 omnium
415 1988 500 2021 cibos,
510 1995 558 2015 nec
567 1988 641 2015 dicas
647 1995 708 2015 eum
717 1988 796 2014 aliter

17 2042 82 2062 resse
98 2035 219 2068 salvari,
233 2034 275 2062 vel
288 2034 321 2061 ad
335 2035 413 2061 ﬁdem
429 2034 530 2062 Christi
551 2039 578 2061 et
598 2035 712 2069 gratiam
735 2041 795 2068 per-

17 2080 110 2113 'enire,
133 2080 186 2108 nisi
210 2080 325 2115 sumptis
346 2080 388 2107 bis
409 2087 478 2114 quos
503 2079 600 2114 refugit
623 2079 707 2111 cibis,
731 2083 794 2106 tunc

17 2134 66 2153 ere
89 2128 194 2154 bonum
219 2126 349 2161 spiritalis
372 2124 514 2152 sententia:
542 2124 600 2158 (42)
623 2124 793 2159 blasphema-

17 2179 56 2202 ttr,
75 2177 191 2206 pntante
209 2179 242 2198 eo
254 2179 334 2206 quem
352 2178 480 2205 pcrurgcs
493 2170 565 2196 hanc
584 2170 655 2204 apud
678 2177 727 2196 nos
745 2169 791 2196 ba-

850 1528 930 1555 ritate
943 1530 1100 1563 compescit,
1125 1535 1152 1557 et
1177 1536 1206 1557 ut
1233 1531 1362 1560 Ecclesia:
1379 1533 1493 1561 l‘ormam
1516 1539 1635 1568 statuat,

852 1574 925 1608 regni
948 1575 1080 1602 cceloruin
1105 1576 1263 1610 mysterium
1287 1579 1389 1611 prodit.
1405 1579 1448 1606 Ait
1462 1587 1527 1614 ergo
1541 1589 1549 1607 2
1566 1578 1636 1614 Qtlid

848 1625 916 1651 opus
929 1624 968 1645 cst
984 1624 1125 1654 tantopere
1141 1628 1189 1655 pro
1203 1622 1271 1649 cibis
1286 1626 1313 1649 et
1328 1630 1451 1650 escarum
1461 1624 1637 1658 qualitatibus

849 1663 996 1692 fraternam
1005 1673 1097 1699 pacem
1106 1666 1321 1702 cbaritatemque
1329 1668 1514 1701 turbare,cnm
1523 1678 1635 1705 regnum

848 1709 894 1737 Dei
908 1715 1018 1745 propter
1032 1713 1104 1745 quod
1119 1712 1274 1739 laboramus
1287 1717 1315 1740 et
1330 1715 1474 1746 currimus,
1487 1723 1574 1750 neque
1589 1724 1636 1750 per

847 1763 923 1784 escas
934 1760 1049 1788 constet,
1065 1764 1154 1790 neque
1166 1764 1212 1791 per
1224 1763 1316 1792 potum
1332 1767 1338 1785 :
1351 1759 1396 1786 sed
1409 1760 1497 1786 aliena
1512 1760 1569 1788 luce
1580 1761 1636 1789 sint

847 1808 861 1828 a
877 1808 959 1834 regno
979 1801 1025 1828 Dei
1039 1801 1112 1837 (45),
1131 1806 1157 1829 et
1174 1802 1209 1829 ab
1231 1802 1274 1829 illa
1294 1804 1503 1843 conversatione
1520 1804 1610 1832 futura
1622 1805 1636 1832 Τ

846 1846 883 1874 lbi
899 1848 972 1874 enim
993 1847 1064 1875 sicut
1080 1855 1161 1882 neque
1184 1848 1298 1881 nubunt,
1313 1857 1395 1883 neque
1417 1849 1565 1882 nubuntur,
1588 1851 1633 1878 sed

845 1897 907 1920 sunt
919 1893 986 1920 sicut
1000 1894 1087 1928 angeli
1103 1893 1150 1920 Dei
1166 1895 1198 1926 '7;
1215 1894 1255 1922 sic
1271 1902 1359 1929 neque
1377 1903 1468 1923 escam
1484 1904 1572 1931 neque
1588 1904 1635 1931 po-

847 1943 902 1965 tum
923 1944 1044 1971 sumunt,
1061 1939 1107 1966 sed
1122 1944 1184 1967 sunt
1198 1940 1269 1968 sicut
1284 1941 1372 1976 angeli
1387 1941 1445 1968 Dei.
1458 1941 1542 1975 Igitur
1554 1942 1634 1969 abso-

847 1985 984 2012 lutissimo
1001 1985 1126 2019 dogmate
1143 1991 1170 2013 et
1186 1987 1303 2014 evidenti
1325 1987 1361 2014 ab
1375 1987 1505 2021 Apostolo
1520 1993 1631 2015 senten-

847 2031 882 2058 tia
900 2031 956 2066 (44)
979 2032 1151 2059 terminatunt
1168 2037 1210 2059 est
1231 2033 1256 2059 in
1277 2040 1360 2067 regno
1379 2033 1425 2060 Dei
1445 2041 1532 2067 neque
1553 2041 1631 2061 escas

845 2077 1000 2112 corporales
1013 2085 1100 2112 neque
1109 2083 1202 2112 potum
1211 2079 1314 2106 habere
1325 2078 1425 2110 locum,
1439 2079 1484 2106 sed
1495 2079 1630 2113 justitiam

844 2128 870 2150 et
886 2131 979 2158 pacem
995 2124 1021 2150 in
1036 2122 1140 2158 Spiritu
1157 2129 1268 2155 sancto;
1293 2130 1318 2152 et
1339 2124 1400 2151 ideo
1420 2125 1545 2151 hortatur
1557 2130 1586 2152 ut
1602 2125 1630 2152 in

845 2170 897 2198 illis
921 2178 970 2198 nos
983 2178 1179 2204 exerceamus,
1201 2175 1227 2197 et
1242 2170 1286 2197 illa
1307 2170 1377 2197 bona
1389 2169 1450 2204 -jam
1467 2169 1511 2196 hic
1530 2169 1631 2197 habere

17 2219 59 2244 icri
73 2219 169 2251 Iidem,
188 2223 217 2244 ut
236 2218 339 2245 salvum
364 2217 421 2243 fieri
444 2216 546 2243 nullum
567 2215 722 2247 credamus,
739 2215 791 2242 nisi
809 2210 831 2239 Ι)
845 2215 1015 2248 meditemur,
1033 2220 1113 2250 atque
1124 2216 1196 2242 illam
1211 2215 1390 2242 substantiam
1408 2215 1557 2248 possidere,
1570 2221 1630 2249 quae

24 2265 44 2280 "
60 2265 69 2292 l
85 2266 160 2293 Tim.
177 2273 215 2296 iv.
234 2265 261 2295 5.
277 2265 304 2292 4,
346 2265 389 2291 "l
406 2265 476 2292 Titii.
494 2272 521 2294 it.
537 2263 564 2291 8.

22 2300 95 2328 5-l8.
146 2302 167 2317 ³⁷
186 2301 282 2328 Matth.
305 2300 424 2331 xxn,3t).

39 2348 94 2381 (33)
116 2347 174 2385 Dei.
192 2347 498 2385 Desideraturiii-antea
509 2345 612 2385 c_ditis-_
669 2379 674 2385 _
711 2380 716 2385 _

41 2383 96 2416 (3t)
116 2382 238 2408 Edateri.
255 2382 396 2409 Ouiittitur
409 2382 433 2408 in
448 2381 546 2416 inditis,
561 2385 588 2406 et
606 2380 631 2406 in
650 2379 787 2416 plerisque

18 2415 149 2446 iussused
167 2418 319 2443 restituitur
337 2425 369 2443 ex
388 2415 531 2450 ms.chio
548 2423 621 2442 num.
636 2415 715 2442 1659.

41 2452 96 2490 (ξιδ)
115 2453 197 2490 ljiliti.
217 2452 399 2490 coinquinant.
417 2451 495 2490 male,
654 2485 659 2490 .
688 2485 694 2490 _

41 2487 95 2522 (5(3)
111 2487 281 2521 Corporibus.
295 2487 323 2513 ln
339 2492 417 2513 antea
432 2486 511 2512 editis
525 2486 752 2522 przetermittitur.

41 2521 95 2558 (57)
109 2523 193 2553 Ειιίιί,
211 2521 434 2558 Δεείιηίνελιιειιεηι
450 2521 789 2555 uggredt'amurezordium.

17 2556 58 2584 Sed
74 2556 170 2584 amnes
186 2564 250 2583 mss.
267 2562 295 2583 ut
311 2557 336 2582 in
355 2562 448 2583 nostro
463 2561 547 2583 textu.

42 2593 97 2631 (ἔξ)
115 2592 198 2631 l-_1_iliti,
215 2592 316 2631 bonum
329 2599 434 2631 nonne".
515 2625 520 2631 _

43 2624 97 2663 (59)
118 2627 188 2654 Nam
204 2627 249 2661 qui
264 2628 290 2653 in
305 2627 355 2663 hoc
368 2627 444 2663 servit
457 2624 573 2663 Christo,
586 2625 669 2659 placet
684 2624 748 2656 Deo,
763 2629 787 2651 et

17 2660 131 2689 probatu:
148 2668 184 2688 est
199 2660 356 2689 lioniinibus.
376 2661 438 2687 Hinc
461 2661 486 2688 in
509 2660 590 2701 editis
611 2668 663 2687 non
677 2667 772 2695 compa

17 2702 81 2729 rent;
100 2703 127 2726 et
139 2698 319 2724 restituuntur
333 2704 365 2723 ex
380 2704 445 2723 mss.
462 2698 574 2722 nostris.

44 2733 97 2769 (ιο)
112 2732 194 2769 Editi,
214 2732 308 2769 licitum
325 2736 443 2758 nostrum
453 2739 557 2769 nonien.

44 2765 98 2804 (41)
116 2768 186 2795 Editi
202 2766 351 2804 plerique,_
362 2772 447 2804 tamen
462 2766 561 2804 pinguis
576 2765 704 2804 .ludwul,
717 2765 787 2804 uerbi

17 2800 96 2836 musa,
112 2808 159 2840 aut
172 2800 255 2840 alii:
270 2801 314 2835 qui
332 2800 789 2840 SeuerianiTatianiqueappellan-

17 2843 61 2872 ων,
75 2845 128 2867 ett'.
143 2838 200 2866 Sed
216 2843 313 2865 omnes
331 2844 396 2865 mss.
418 2841 444 2864 et
463 2836 591 2865 ltabanus
604 2839 633 2862 ut
648 2836 674 2862 in
693 2839 786 2862 nostro

602 2263 625 2279 ¹³
636 2262 730 2290 Matth.
747 2263 838 2297 ιν,ὶῂ
858 2264 900 2290 l9.
938 2263 961 2279 “
975 2264 1035 2292 Aet.
1057 2263 1170 2296 nx,12.
1208 2263 1232 2279 "
1250 2263 1310 2290 Act.
1327 2262 1410 2295 v,15.
1444 2261 1466 2277 ¹⁶
1479 2261 1554 2288 Rom.
1572 2268 1629 2293 xuv,

839 2349 924 2372 textu.

876 2380 932 2415 (42)
950 2379 988 2407 Ita
1012 2387 1078 2407 mss.
1097 2379 1219 2415 plerique
1242 2385 1269 2407 et
1288 2379 1366 2408 editi.
1383 2379 1432 2407 his.
1449 2386 1513 2406 vero
1529 2379 1629 2413 Regius

842 2422 919 2442 num.
934 2415 1013 2448 1659,
1029 2415 1155 2442 scientia.
1178 2416 1325 2444 Rabanus.
1350 2415 1461 2449 gratiw,‘
1483 2415 1528 2449 qui
1548 2415 1629 2449 paulo

843 2455 905 2484 post
920 2450 1012 2481 habet,
1030 2449 1108 2477 suilla
1122 2455 1242 2476 vescatur
1258 2457 1347 2476 carne.

881 2485 937 2520 (45)
953 2486 1035 2518 Editi,
1054 2485 1099 2511 sed
1119 2485 1207 2520 aliena
1233 2485 1287 2512 hau:
1300 2489 1360 2511 sunt
1372 2492 1387 2510 (ι
1401 2492 1479 2519 regno
1496 2484 1554 2518 Dei,
1574 2489 1628 2511 etc.

845 2519 1034 2548 Dcindciidem
1046 2520 1124 2551 editi,
1140 2519 1268 2546 Rabanus
1282 2524 1309 2546 et
1322 2521 1530 2554 mss.plcrique,
1548 2527 1629 2554 neque

844 2555 949 2584 nubent.
974 2563 1056 2590 neque
1083 2556 1258 2590 nubentum...
1284 2561 1480 2590 nequepotum
1505 2560 1627 2584 sument,

842 2595 894 2617 etc.
909 2591 963 2618 Sed
978 2588 1079 2617 rectius
1095 2597 1146 2616 ius.
1158 2588 1260 2624 Regius
1275 2597 1351 2616 num.
1367 2589 1436 2616 N539
1452 2595 1480 2616 ut
1493 2591 1518 2616 in
1535 2596 1628 2616 nosuo

842 2630 926 2652 textu.

878 2660 932 2695 (Η)
953 2660 1000 2687 Sic
1023 2664 1097 2687 recte
1113 2667 1164 2687 ms.
1184 2658 1285 2694 Regius
1309 2658 1469 2695 niim.1639
1486 2663 1515 2695 et
1536 2659 1627 2686 Raba-

842 2693 902 2722 ntis.
924 2693 967 2722 'lta
987 2696 1069 2722 etiam
1089 2695 1179 2722 exteri
1203 2693 1268 2721 mss.
1292 2693 1342 2720 nisi
1362 2695 1434 2727 quod
1451 2694 1579 2725 habeam,
1594 2695 1627 2720 ab

842 2730 960 2764 Apastoli
974 2730 1114 2758 sententia.
1133 2730 1203 2757 Editi
1223 2736 1288 2756 vero
1300 2749 1307 2760 ,
1331 2729 1414 2763 igitur
1431 2729 1626 2755 absolutissima

840 2771 864 2793 et
879 2766 990 2792 euidenti
1011 2766 1133 2800 dogmate
1154 2765 1184 2792 ab
1205 2764 1324 2792 Auostoli
1345 2764 1521 2792 scutarium...
1544 2771 1625 2798 neque

840 2809 912 2829 escas
927 2800 1058 2828 carnales.
