1831 3052
3 92 76 119 1255
548 96 725 124 COMMENT.
744 97 776 124 IN
799 98 824 125 lii

926 99 970 125 AD
986 99 1070 128 ROM.
1088 99 1151 127 LIB.
1175 100 1207 128 Χ.
1631 109 1699 136 1253

2 158 104 181 ntente
120 153 175 181 his
194 153 288 182 cibis
314 155 376 190 (5⁸1)
390 155 416 182 in
433 155 532 190 quibus
543 157 588 184 ille
604 158 764 185 scandalum
782 159 853 192 pati-
873 161 894 188 Α
911 160 1056 194 quentibus
1070 160 1171 194 posuit,
1186 160 1213 186 in
1225 168 1277 194 quo
1292 160 1375 195 [mter
1388 162 1542 197 o/fenditur,
1558 172 1611 192 nou
1624 173 1702 194 man-

1 205 57 227 tur.
73 200 144 227 Alia
163 207 249 229 vero
273 209 371 229 causa
386 207 427 229 cst
439 209 493 237 qua
511 211 658 232 commune
674 205 716 232 vel
732 206 853 233 immnn-
908 205 1010 232 ducare
1020 213 1131 232 carnem
1149 210 1176 232 et
1194 213 1246 232 non
1263 205 1357 232 bibere
1373 207 1477 239 vinum,
1494 216 1546 236 non
1568 208 1624 243 jam
1645 219 1702 238 me-

2 246 67 274 dum
89 244 240 274 elﬁcitur
262 248 356 282 quod
374 254 471 276 natura
489 249 532 276 sui
545 249 715 278 immundum
730 259 783 278 non
799 257 855 285 est,
907 251 980 281 dium
998 257 1044 278 aut
1063 250 1233 284 iodiﬁ'ercns,
1252 252 1300 279 sed
1316 260 1379 279 vere
1395 254 1494 281 bonum
1520 260 1570 282 est.
1597 257 1699 284 lionqu

1 293 23 319 si
37 293 203 320 existimet
219 295 304 328 quis
317 317 326 327 ,
344 300 371 322 et
390 296 460 330 apud
479 303 508 322 se
523 296 560 322 ita
575 296 675 324 habeat
687 298 759 332 quod
777 305 854 325 com-
906 301 949 323 est
967 296 1022 331 (60)
1044 297 1118 323 enim
1138 305 1191 323 non
1219 305 1320 331 ponere
1342 297 1519 326 ollcttsionctn
1552 301 1628 328 fratri
1657 303 1699 330 vel

3 346 93 366 mune
113 338 170 366 sit.
201 339 254 366 lll'i
285 347 362 374 ergo
384 340 435 376 ipsi
459 343 646 370 tantummodo
669 343 715 378 qui
742 344 793 371 hoc
816 345 853 371 ita
906 343 1075 369 scandalum.
1089 342 1205 377 Propter
1222 344 1274 370 hoc
1286 344 1358 371 enim
1374 350 1400 372 et
1416 345 1441 372 iu
1463 346 1524 374 aliis
1539 347 1620 375 dicit:
1637 348 1700 376 Sine

3 385 178 417 existimat,
204 393 381 413 commune
404 386 519 414 edicitur
543 388 585 414 vel
610 389 792 416 immundum.
814 390 851 417 Ex
906 389 1050 422 oﬂ’ensione
1069 395 1150 417 estote
1172 395 1197 417 et
1216 390 1319 417 Juda’is
1341 395 1366 417 ct
1390 391 1502 425 Gra'cis,
1524 399 1547 420 et
1573 394 1699 422 Ecclesicc

3 431 111 466 quibus
122 431 306 458 evidenter
323 431 379 467 (58)
390 432 535 466 Apostolus
549 434 648 461 edocet
658 443 711 462 non
723 436 749 462 in
771 437 852 464 rebus
904 433 953 461 Dri
967 435 1000 461 ³⁹.
1021 435 1054 462 Et
1067 435 1128 462 ideo
1142 436 1253 462 videant
1267 435 1289 462 si
1305 441 1380 463 recte
1397 437 1499 464 faciunt
1519 439 1546 466 hi
1570 441 1614 473 qui
1632 449 1698 474 qua-

2 478 44 504 vel
61 477 90 503 in
112 476 341 509 substantiis,
356 478 404 505 sed
418 478 446 505 in
466 479 574 507 actibus
589 485 618 507 ct
639 481 853 516 cogitationibus
904 478 971 507 libet
986 487 1022 507 ex
1045 488 1126 508 causa
1142 483 1316 508 continemus
1333 489 1347 507 ιι
1362 483 1492 510 carnibus
1512 489 1539 510 et
1557 485 1631 517 vino,
1651 493 1697 513 co-

4 521 101 549 minus
111 522 215 549 rectis
231 522 455 550 immunditiam
468 524 701 560 pollutionemque
712 529 851 556 consiste-
903 530 969 560 sum
979 526 1145 554 omnimodis
1157 527 1314 562 degustare,
1328 536 1381 562 quo
1395 528 1502 555 scilicet
1513 537 1561 564 per
1577 531 1627 557 hoc
1638 531 1695 565 (61)

4 574 52 598 re;
65 567 215 601 quamvis
228 566 385 603 Moysilex
393 567 549 602 "quaedam
564 571 673 602 mundo.
684 576 711 598 et
723 573 849 605 quaedam
902 571 937 597 ab
952 571 992 598 eis
1009 572 1134 599 videatur
1147 573 1248 600 auferri
1271 574 1402 608 suspicio,
1428 583 1479 609 qua
1505 576 1696 610 superstitiose

4 613 159 640 immunda
179 614 363 648 signaverit
380 623 385 640 :
400 614 426 641 in
442 615 541 648 quibus
557 616 753 646 distinctiones
767 627 852 654 quas~
902 621 1033 651 putantur
1052 618 1175 645 ciborum
1199 620 1411 647 discretionibus
1434 622 1576 648 inhaerere.
1598 623 1695 649 Consi-

4 661 70 686 d'atn
89 667 212 694 [torrere
235 660 351 691 voluit,
364 665 393 687 ut
406 661 526 695 populus
540 663 586 696 qui
599 664 650 691 sub
677 664 736 699 lege
753 673 850 693 emise-
901 663 998 690 dereut
1013 671 1129 698 namque
1143 665 1301 698 Apostolqu
1323 673 1376 692 non
1394 666 1495 693 dixisse
1513 676 1518 693 :
1536 666 1637 694 Bonum
1656 673 1694 695 est

5 706 103 738 batur,
117 706 264 733 discerni
274 714 333 741 per
341 705 700 739 hitjusmodiobservandas
711 718 726 737 a
741 713 849 740 caeteris
901 709 1068 736 manducare
1092 713 1120 736 ct
1137 710 1232 737 bibere
1247 711 1359 744 vinum;
1385 712 1444 743 sed,
1460 720 1510 737 non
1531 713 1694 740 uiunducnre

7 753 146 787 gentibus
156 753 340 780 videretur.
359 754 391 782 Et
401 756 523 790 quandiu
535 755 648 790 qui-lem
669 757 786 792 populus
802 758 848 786 ille
900 763 1015 787 carnem,
1031 759 1056 782 ει
1076 764 1128 782 non
1141 756 1228 783 bibere
1245 756 1343 788 riuum,
1361 757 1382 785 si
1402 757 1429 784 in
1445 765 1478 784 eo
1496 757 1580 785 frater
1605 758 1692 786 ochn-

9 804 169 826 sunctuset
181 801 846 836 segregatusscatet-isnationibushabebatur,
865 832 883 838 ﬁ
900 801 982 828 dit-ur.
996 800 1091 827 Noluit
1107 809 1173 835 ergo
1190 806 1220 828 ιιι
1232 810 1282 836 pro
1299 803 1340 829 his
1355 803 1401 836 qui
1419 804 1693 838 utatulucamluuiju-

10 846 95 871 etiam
107 844 268 872 discretio
278 846 316 873 de
325 847 436 874 mundis
445 853 471 874 et
480 848 629 876 immundis
643 851 797 877 necessaria
810 851 847 877 vi-

11 890 147 921 debatur,
164 891 270 926 669
284 898 348 926 quae
358 897 515 927 segregaret
526 899 553 920 ct
568 901 724 923 secerneret
741 896 846 931 specia-

13 937 66 963 lem
98 938 254 973 populum
296 937 346 966 Dei
373 947 387 966 a
414 939 569 967 nationibus
595 949 665 976 quas
693 941 844 977 ignorantia

12 980 58 1008 Dei
77 986 106 1008 et
123 982 288 1010 idolorum
307 983 396 1011 cultus
411 983 527 1011 faciebat
540 984 692 1014 immundos
705 995 712 1013 :
726 987 770 1014 ubi
780 996 845 1015 vero

13 1026 97 1060 janua
119 1028 190 1055 ﬁdei
220 1029 363 1062 gentibus
381 1030 513 1064 aperitur,
529 1035 556 1056 et
573 1031 723 1059 invitantur
747 1040 843 1060 omnes

13 1072 46 1098 a-l
65 1074 172 1107 Deum,
204 1076 405 1103 ostenduntur
422 1077 502 1104 Petro
528 1078 618 1104 omnia
645 1079 840 1112 quadrupedis,

17 1125 44 1146 et
58 1121 208 1155 repenti‘a,
230 1125 263 1149 et
282 1122 403 1150 voiatilia
420 1123 541 1158 exposita
559 1124 584 1150 in
600 1124 685 1151 lintre
699 1125 770 1158 quod
783 1133 842 1153 οω-

16 1162 81 1191 litus
106 1164 208 1193 fuerat
227 1166 396 1199 deductum,
408 1172 436 1195 et
450 1168 549 1194 dicitur
566 1169 590 1195 ei
606 1176 613 1193 :
634 1168 729 1202 Surge,
749 1168 839 1203 Petra,

19 1211 111 1237 occide
138 1217 164 1238 et
192 1213 341 1240 manduca
354 1213 391 1241 ³⁸.
415 1213 537 1247 Cumque
552 1214 646 1249 legalis
659 1214 841 1243 observantim

21 1264 128 1284 meumr
143 1259 354 1294 respondisset
371 1261 404 1286 ad
421 1260 563 1287 Dominam
576 1266 607 1288 et
621 1261 735 1288 dixisset
749 1270 756 1287 :
784 1262 839 1288 Ab-

22 1303 64 1334 lit,
85 1303 221 1338 Domine,
235 1306 307 1340 quia
318 1314 452 1340 num/nam
465 1314 600 1333 commune
610 1312 658 1333 -αιιι
672 1307 838 1335 inmundum

22 1348 142 1376 introivit
156 1350 189 1376 in
218 1358 252 1378 os
274 1359 379 1384 meum,
404 1352 512 1380 ’σαξρειὶ
529 1353 661 1379 sententia
674 1353 837 1386 pronuntia.

26 1397 67 1420 lnr
84 1403 92 1421 :
111 1395 194 1428 Quod
212 1397 293 1424 Dem
309 1398 458 1430 mundun-it,
473 1404 503 1425 tu
519 1406 655 1425 commune
674 1407 705 1425 ne
726 1399 836 1426 diluerit.

26 1437 75 1466 Ubi
92 1448 162 1477 ergo
175 1449 284 1470 omnes
298 1449 397 1478 gemes
412 1451 460 1478 per
477 1444 640 1479 agnitionem
661 1445 721 1471 inici
739 1452 754 1471 α
766 1452 834 1472 ηεοιι.

27 1484 218 1513 taminatione
242 1487 427 1520 inundantur,
446 1488 481 1515 ibi
493 1493 523 1515 :et
537 1489 628 1516 omnis
649 1489 730 1516 cibus
754 1491 837 1517 verba

28 1527 136 1558 Domini
156 1535 186 1558 ενι
199 1533 336 1560 oratione
346 1539 483 1568 purgator
497 1543 504 1560 :
522 1539 550 1561 et
564 1535 601 1561 ob
621 1535 675 1562 hoc
692 1535 837 1569 Apostolus

28 1575 94 1603 dicit
110 1577 181 1612 quia
203 1578 302 1604 omnia
318 1579 419 1606 munda
432 1584 506 1612 rvat,
520 1584 628 1607 tandum
644 1585 672 1607 ut
686 1581 751 1607 illud
770 1582 837 1608 vile-

29 1623 73 1648 tur
90 1623 168 1658 quod
190 1624 219 1650 in
233 1625 418 1658 sequentibus
433 1625 523 1660 “ponit,
547 1633 580 1653 ne
593 1634 646 1661 'pcr
658 1627 836 1654 mensionem

29 1665 122 1695 intris
133 1670 321 1697 manducanti
337 1678 444 1698 rursum
452 1672 521 1698 Iliam
531 1672 671 1699 inmunda
680 1680 744 1707 qu:
759 1681 836 1700 mun-

28 1711 61 1738 da
77 1719 152 1742 sunt.
169 1715 236 1743 Jam
265 1724 331 1744 vero
353 1717 423 1751 quod
443 1717 592 1752 subiungit,
609 1717 712 1745 Bonum
728 1724 766 1746 cst
780 1727 836 1746 non

30 1760 198 1789 manducare
221 1770 344 1794 caruerit,
361 1768 385 1789 et
401 1771 457 1790 non
471 1763 558 1790 bibere
569 1764 669 1797 vinum,
687 1765 739 1791 nisi
755 1765 834 1792 addi-

33 1805 129 1839 disset,
147 1816 236 1843 neque
247 1809 280 1835 in
295 1817 344 1843 quo
362 1809 447 1843 [Mter
461 1815 520 1837 tutu
542 1810 698 1845 offenditur,
724 1816 834 1839 eontra-

32 1850 101 1879 rium
114 1853 252 1882 tortassis
276 1855 412 1890 prioribus
425 1856 572 1884 videretur.
587 1856 752 1884 Munducare
761 1857 833 1884 enim

33 1903 147 1926 came-tn
168 1903 203 1927 et
229 1907 287 1927 non
304 1901 478 1933 manducare,
506 1901 546 1928 vel
563 1901 658 1928 bibere
673 1902 766 1928 vinum
786 1905 835 1929 aut

36 1950 88 1970 non
106 1945 219 1979 bibere,
235 1952 326 1981 neque
338 1945 450 1979 malum,
467 1953 558 1982 neque
570 1948 684 1979 bonum,
709 1948 755 1974 sed
778 1955 834 1974 me-

34 1987 108 2014 dium
121 1989 222 2018 haberi
237 1992 332 2018 docuit
351 1996 379 2019 et
396 1991 565 2019 indidemne.
579 1990 672 2018 Potest
691 1991 762 2019 enim
778 1999 832 2019 non

39 2035 204 2065 manducare
225 2044 338 2065 carnem
349 2041 377 2064 et
391 2044 444 2064 non
459 2037 553 2064 bibere
567 2038 659 2064 vinum
675 2037 758 2064 etiam
772 2045 827 2064 llltl-

39 2080 78 2108 lus
89 2081 175 2110 homo
187 2088 218 2111 et
235 2091 252 2111 a
264 2084 320 2111 ﬁde
337 2083 453 2117 alimus,
468 2088 497 2111 ut
509 2091 581 2118 saepe
594 2084 675 2111 etiam
689 2083 832 2111 nonnullos

39 2126 171 2156 idolorum
193 2137 280 2158 causa
308 2130 399 2158 facere
425 2131 477 2158 hoc
495 2135 599 2158 certum
624 2135 675 2157 est.
695 2130 830 2157 Interdum

899 846 1001 877 dicunt,
1015 851 1133 881 cogatur
1150 847 1194 873 ille
1209 849 1242 874 ad
1264 847 1485 875 manducandum
1512 849 1558 883 qui
1587 850 1613 877 in
1640 851 1692 878 hoc

897 891 1063 924 oll'emlitur;
1079 894 1127 920 scd
1142 901 1192 928 pro
1207 893 1254 920 illo
1270 895 1315 928 qui
1343 903 1395 922 non
1414 899 1492 929 putat
1518 897 1690 923 manducau-

897 938 971 969 duut,
984 939 1122 964 abstinere
1138 939 1257 973 praecipit
1272 940 1353 966 etiam
1367 941 1409 967 bis
1420 941 1463 975 qui
1477 941 1600 974 iudicant
1614 950 1691 968 mau-

896 982 1058 1009 ducandutn.
1074 981 1227 1009 Vercudum
1248 990 1364 1017 namque
1375 989 1416 1011 est
1433 993 1466 1011 ne
1485 984 1553 1011 forte
1570 986 1688 1019 abrupto

895 1029 977 1054 semel
994 1035 1071 1054 tuttro
1083 1028 1267 1060 continentizc,
1284 1033 1310 1056 ct
1326 1034 1439 1064 accepta
1456 1030 1577 1062 licentia,
1594 1031 1619 1058 in
1636 1039 1688 1066 gu-

895 1072 927 1099 la:
942 1073 1087 1107 procellam
1104 1080 1137 1099 ac
1158 1074 1321 1107 profundum
1349 1074 1463 1101 luxuriae
1486 1076 1639 1108 decidatur,
1659 1081 1688 1104 et

894 1119 996 1152 pariter
1022 1119 1224 1153 subsequantur
1245 1119 1386 1154 naufragia
1414 1121 1558 1148 castitatis.
1587 1120 1684 1148 Omnia

893 1165 974 1199 igitur
992 1164 1052 1194 ﬁeri
1069 1170 1176 1199 oportet
1194 1166 1228 1192 ob
1243 1165 1296 1192 hoc
1308 1173 1341 1192 ne
1357 1167 1515 1192 destruatur
1530 1174 1597 1201 Opus
1613 1166 1660 1194 Dei
1678 1178 1684 1195 :

892 1215 916 1236 et
930 1210 989 1236 ideo
1003 1215 1030 1237 et
1051 1210 1270 1238 manducandum
1291 1210 1347 1246 (62)
1363 1215 1415 1243 est,
1439 1211 1461 1237 si
1485 1211 1510 1237 in
1530 1211 1581 1238 hoc
1600 1211 1685 1239 frater

891 1255 1056 1287 aediﬁcatur;
1075 1261 1102 1282 et
1127 1263 1179 1282 non
1203 1260 1246 1282 est
1261 1256 1491 1289 manducandum,
1516 1257 1538 1283 si
1560 1264 1608 1291 per
1634 1258 1685 1285 hoc

891 1307 944 1327 non
959 1301 1058 1327 crescit
1073 1309 1143 1335 opus
1158 1302 1206 1329 Dei
1222 1311 1230 1335 ;
1249 1306 1276 1328 et
1292 1301 1435 1328 bibendqu
1452 1307 1503 1334 est,
1527 1303 1550 1329 si
1568 1310 1615 1337 per
1632 1303 1684 1330 hoc

890 1347 999 1381 proﬁcit
1022 1347 1106 1375 frater
1136 1349 1170 1376 ad
1199 1348 1300 1381 ﬁdem;
1325 1353 1352 1376 et
1376 1357 1428 1377 non
1455 1355 1498 1377 est
1525 1350 1681 1382 bibendum,

890 1393 912 1419 si
926 1400 973 1426 per
990 1393 1040 1420 hoc
1056 1393 1143 1421 frater
1155 1395 1281 1422 damnum
1292 1394 1370 1428 ﬁdei,
1384 1400 1431 1422 attt
1448 1400 1474 1423 tu
1487 1396 1682 1424 detrimentum

889 1439 1034 1466 charitat'ts
1045 1440 1182 1468 incurras.

920 1484 951 1511 4.
968 1484 1031 1512 Post
1049 1486 1104 1513 haec
1117 1487 1204 1513 dicit:
1224 1486 1262 1513 Tu
1276 1487 1356 1521 ﬁdem
1369 1497 1447 1523 quam
1463 1489 1541 1515 [tabes
1560 1489 1630 1524 apud
1644 1494 1683 1517 te-

888 1531 1039 1565 metipsum,
1056 1532 1122 1558 habe
1136 1540 1224 1558 coram
1241 1532 1296 1560 Deo
1305 1534 1338 1560 ³ο.
1358 1534 1450 1562 Fidem
1468 1535 1512 1562 hic
1527 1535 1600 1562 illam
1615 1536 1681 1563 dicit

886 1584 941 1610 qua
956 1577 1047 1604 credit
1058 1579 1122 1612 quis
1138 1579 1306 1606 manducare
1320 1580 1424 1610 omnia.
1441 1581 1510 1607 sicut
1532 1589 1612 1616 supra
1637 1582 1680 1609 di—

885 1623 928 1649 xit
941 1632 947 1650 :
965 1624 1039 1651 Alius
1050 1625 1135 1651 credit
1150 1626 1310 1653 manducare
1323 1627 1411 1653 omnia
1425 1627 1459 1660 “,
1472 1627 1516 1654 ille
1527 1628 1585 1655 siue
1599 1629 1681 1656 dubio

886 1668 935 1702 qui
958 1670 1045 1696 credit
1070 1671 1142 1704 quod
1168 1670 1236 1697 nihil
1258 1671 1283 1697 in
1302 1673 1435 1698 creaturis
1461 1672 1507 1699 Dei
1524 1681 1679 1708 commune,

886 1714 955 1741 nihil
980 1714 1153 1741 immundum
1177 1716 1223 1744 sit.
1251 1716 1303 1743 Sed
1323 1717 1378 1752 (65)
1395 1717 1491 1744 sufﬁcit
1506 1719 1565 1751 tibi,
1581 1720 1677 1754 inquit,

886 1758 987 1786 habere
1014 1767 1105 1786 coram
1132 1760 1188 1787 Deo
1216 1761 1370 1794 huiusmodi
1393 1762 1493 1794 ﬁdem,
1512 1771 1565 1790 non
1587 1769 1677 1791 tamen

884 1805 989 1833 idcirco
1005 1806 1140 1839 cogendus
1154 1811 1234 1833 estet
1246 1807 1301 1841 (64)
1315 1807 1385 1834 alitis
1399 1814 1425 1834 ut
1446 1810 1536 1836 omnia
1558 1810 1677 1836 mandu-

882 1855 938 1882 cet,
953 1851 1001 1885 qui
1018 1851 1136 1878 nondum
1147 1851 1234 1879 habet
1246 1853 1326 1879 talem
1343 1853 1422 1880 ﬁdem
1435 1859 1465 1881 ut
1480 1855 1573 1882 credat
1584 1857 1674 1883 munia

883 1904 945 1924 esse
960 1897 1256 1930 manducando.de
1275 1904 1366 1926 autem
1393 1899 1471 1931 dixit,
1499 1891 1578 1927 habet
1604 1902 1675 1935 apud

884 1944 1060 1978 temetipsum,
1072 1944 1234 1979 jactantiatu
1252 1950 1369 1978 resecat,
1388 1954 1421 1973 ne
1438 1946 1524 1980 magis
1543 1947 1568 1974 in
1585 1952 1677 1974 osten-

885 1989 986 2016 tatione
999 1989 1036 2016 sit
1050 1990 1121 2025 quod
1138 1991 1285 2023 credimus,
1298 1999 1379 2025 quam
1397 1992 1423 2018 in
1437 1992 1547 2019 virtute.
1563 1993 1674 2020 Addidit

884 2040 974 2063 autem
990 2035 1047 2070 (65)
1062 2056 1069 2069 ,
1090 2037 1156 2063 habe
1166 2044 1256 2063 coram
1268 2037 1334 2070 Deo,
1353 2042 1381 2064 ttt
1396 2038 1507 2066 doceret
1521 2039 1673 2073 satiSagen-

884 2081 946 2109 dum
964 2082 1055 2114 nobis,
1071 2089 1124 2110 non
1136 2087 1166 2109 ut
1180 2085 1252 2117 apud
1270 2083 1394 2110 homines
1418 2083 1485 2111 ﬁdes
1510 2089 1604 2112 noun
1618 2085 1671 2112 dif-

884 2127 1012 2161 fantetur,
1029 2128 1075 2155 sed
1093 2133 1123 2155 nt
1137 2129 1206 2163 apud
1222 2129 1309 2156 Demn
1322 2130 1467 2164 probetur.
1495 2130 1606 2157 Multum
1629 2137 1672 2158 est

40 2173 119 2200 etiam
135 2175 274 2203 malarum
288 2177 389 2204 artium
403 2176 491 2203 fertur
508 2175 569 2203 talis
586 2175 681 2203 haberi
698 2177 829 2203 observa-
845 2177 867 2205 Ι)
883 2178 971 2201 autem
984 2181 1075 2201 coram
1090 2173 1145 2201 Deo
1158 2175 1260 2202 habere
1285 2175 1452 2209 probabilem
1477 2176 1567 2203 lidetn.
1594 2176 1671 2210 Apud

42 2219 88 2248 tio.
104 2220 307 2250 iltereticorum
330 2228 404 2250 certe
429 2230 481 2250 non
500 2221 595 2257 paucis
612 2222 758 2248 observare
772 2221 829 2248 huic

42 2266 125 2293 umoris
144 2272 186 2294 est
211 2268 287 2303 (59);
304 2273 332 2295 et
351 2273 440 2295 tatueu
466 2275 518 2295 non
542 2266 670 2294 continuo
694 2266 827 2294 dicimus:

42 2307 141 2337 Bonum
159 2312 253 2340 esteis
263 2312 326 2346 quia
342 2319 396 2339 non
416 2311 583 2339 manducaui
600 2316 723 2341 carnem,
740 2316 828 2343 neque

45 2354 138 2384 bibunt
152 2358 256 2385 viuum.
281 2357 335 2385 Sed
352 2357 397 2385 illo
418 2357 497 2392 plane
516 2357 596 2384 modo
617 2363 670 2391 quo
691 2356 717 2383 in
733 2362 829 2383 conse-

78 2417 98 2433 ³⁷
117 2418 204 2446 Levil.
222 2426 261 2452 υ,
278 2418 364 2453 Ξεείι.
396 2418 489 2445 “Act.
510 2425 537 2452 at,
552 2416 648 2445 15-15.

81 2473 135 2509 (57)
149 2475 232 2507 Editi,
250 2483 330 2509 super
344 2479 368 2502 te
384 2479 470 2501 ntente
485 2474 525 2501 his
543 2473 620 2507 cibis,
639 2477 693 2500 etc.
711 2471 823 2505 Deinde,

45 2515 91 2542 qua
112 2518 247 2537 commune
257 2516 280 2536 et
294 2510 466 2536 immundum.

82 2544 134 2579 (ὃὸ)
151 2545 230 2578 Editi,
245 2546 290 2579 qui
303 2545 350 2571 hoc
367 2545 499 2572 existimat
514 2544 550 2570 ita
563 2551 704 2579 commune
716 2543 825 2578 efﬁcitur

49 2583 70 2604 et
89 2578 258 2608 immundum.
283 2580 385 2612 Quibus
406 2580 547 2612 euidenter,
573 2583 626 2606 etc.
652 2578 706 2605 Sed
729 2585 826 2605 omnes

49 2620 108 2640 mss.
124 2620 149 2641 et
167 2614 293 2642 liabauus
309 2620 338 2642 ut
358 2615 384 2641 in
403 2619 489 2640 textu.

83 2648 134 2684 (59)
150 2649 228 2683 Editi,
242 2651 290 2676 hoc
308 2655 406 2676 certum
422 2652 460 2675 est
472 2654 482 2673 :
498 2647 628 2684 interdum
645 2648 725 2684 etiam
738 2647 825 2684 malu-

52 2682 102 2710 rum
115 2682 219 2711 mium.
245 2683 344 2711 Fertur
358 2685 420 2711 talis
446 2690 547 2717 quoque
567 2682 656 2709 haberi
677 2683 824 2709 observatio

53 2718 230 2751 htrrett'cortmt,
247 2723 270 2747 et
289 2728 338 2747 non
351 2719 443 2757 paucis
455 2718 590 2757 observ/tre
605 2720 660 2757 tunc
673 2718 755 2744 moris
772 2721 821 2757 ert,

53 2757 98 2779 etc.
117 2753 165 2781 Sed
188 2762 280 2781 omnes
306 2752 367 2781 mss.
387 2759 413 2780 et
426 2753 554 2779 llahauus
566 2756 594 2779 ut
609 2752 634 2778 iu
659 2757 731 2779 textu
749 2761 755 2778 :
774 2752 820 2785 qui

53 2794 137 2826 Otum-.5
157 2789 231 2823 paulo
248 2794 306 2823 post
330 2789 442 2819 habent.
461 2793 484 2814 (ιι
506 2787 696 2826 ηοιιεοηιὶμυο
709 2787 821 2826 dicimus

56 2822 106 2853 μή..
128 2821 364 2852 αὶέεηιιιδγυηιὶδέο
379 2828 474 2853 tamen,
490 2822 561 2855 quod
582 2821 728 2856 prieferunt
744 2822 820 2849 editi.

687 2416 708 2432 ³³
723 2416 731 2442 l
745 2415 809 2443 Cor.
824 2423 852 2448 Χ,
869 2415 916 2442 '52.

886 2219 969 2246 Deum
985 2219 1059 2246 enim
1080 2219 1163 2247 etiam
1179 2220 1365 2255 apostolorum
1380 2221 1446 2248 ﬁdes
1461 2229 1544 2256 parva
1559 2221 1614 2257 (66)
1627 2222 1672 2255 ju-

883 2265 1007 2297 dicatur,
1032 2265 1104 2292 unde
1128 2265 1227 2293 dicitur
1255 2265 1288 2292 ad
1309 2265 1440 2293 Petrum:
1465 2266 1578 2294 Martiae
1596 2267 1670 2301 ﬁdei.

881 2317 963 2345 quare
974 2309 1104 2336 dubitasti
1115 2310 1269 2337 “ildcirco
1284 2317 1349 2344 ergo
1365 2318 1428 2338 vere
1444 2319 1556 2346 magnus
1571 2315 1613 2338 est
1624 2312 1669 2345 qui

882 2363 974 2383 coram
990 2356 1045 2383 Deo
1058 2356 1139 2383 habet
1151 2356 1318 2391 probabilem
1333 2357 1422 2384 ﬁdem.

953 2415 976 2431 ⁸⁰
994 2415 1072 2443 Rom.
1089 2416 1191 2448 xrvﬂﬂ.
1230 2416 1251 2431 “
1269 2416 1332 2443 ibid.
1348 2415 1375 2442 2.
1413 2415 1436 2431 “
1448 2415 1541 2442 Matth.
1555 2424 1610 2449 xtv,
1623 2416 1668 2445 5L

915 2471 970 2506 (60)
983 2471 1188 2499 EtLOmittitur
1201 2472 1227 2499 in
1237 2472 1330 2498 editis.

914 2506 969 2542 (61)
990 2507 1070 2539 Editi,
1094 2508 1243 2534 onmtmode
1261 2509 1417 2541 degustare,
1435 2516 1485 2542 quo
1501 2508 1599 2535 scilicet
1622 2517 1669 2543 per

878 2541 1069 2612 haéigfli‘I-diti,
1089 2577 1168 2603 etiam
1182 2577 1396 2604 nmmlurrmdum
1418 2583 1465 2610 est,
1484 2583 1537 2605 etc.
1565 2578 1667 2605 Deinde

872 2611 928 2638 'ms.
947 2611 1047 2646 Regius
1062 2620 1137 2638 num.
1158 2612 1237 2641 1659,
1253 2618 1298 2638 aut
1318 2615 1505 2639 detrimentum
1528 2614 1666 2639 t‘ltat'ilulf:

877 2646 1006 2673 incurrat.
1033 2646 1085 2673 Sed
1100 2647 1192 2674 raaleri
1215 2655 1289 2680 utss.,
1307 2647 1445 2679 Rubnuus,
1462 2654 1488 2675 et
1505 2649 1571 2675 editi
1592 2654 1621 2674 ιιι
1638 2650 1664 2675 in

879 2686 972 2707 11051Γο
989 2686 1074 2707 lextu.

912 2715 968 2752 (65)
977 2715 1028 2752 δαί]
1036 2716 1169 2752 omittitur
1177 2717 1203 2743 in
1211 2716 1428 2744 etlitEsJiabauus
1437 2717 1545 2744 habeth
1553 2725 1600 2752 pro
1606 2718 1661 2745 sed.

911 2750 965 2785 (6i)
981 2751 1060 2778 Deest
1073 2755 1098 2776 et
1111 2751 1140 2777 in
1153 2752 1242 2778 editis.

911 2786 967 2820 (65)
981 2787 1083 2812 Autem.
1102 2785 1356 2813 Prmtertnittiturin
1372 2792 1449 2814 antea
1465 2787 1555 2814 editis.

914 2820 969 2856 (66)
985 2820 1083 2848 Parva.
1099 2821 1273 2849 emittitur-iu
1289 2822 1378 2849 editis.
