1851 3054
32 126 91 153 12Ῑὲ7

500 127 678 155 ΕΟΜΜΕΝΤ.
700 126 732 153 IN
754 127 849 154 lil‘lS'I
878 127 922 153 AD
943 127 1026 154 ROM.
1049 127 1111 155 LIB.
1134 128 1168 155 Χ.

1568 126 1634 154 F253

30 185 77 212 Deo
95 190 155 211 sunt
166 184 188 200 ³⁸
201 183 268 219 (78).
290 183 323 210 Et
339 183 399 211 idco
411 183 541 213 debemus
558 186 741 213 indesinenter
755 194 812 221 pre-
826 188 934 217 Avcntu
951 185 1062 212 fratrtnn
1080 189 1106 211 ct
1126 183 1251 211 Ecclesia
1273 183 1403 211 societate
1423 183 1566 217 depellant.
1584 184 1633 217 Qui

29 231 79 258 cari
94 229 224 257 auxilium
243 229 360 261 Domini,
377 235 405 256 et
420 237 533 264 sperare
548 231 620 265 quod
639 233 696 266 ipse
713 232 812 265 eripiet

30 284 72 302 nos
87 275 121 302 de
141 276 235 309 laqueo
252 275 421 309 venantium,
438 281 467 302 ιιι
483 282 510 304 et
525 284 573 303 nos
587 277 728 304 dicamus:
743 277 811 310 Quia

28 324 110 349 auium
135 327 223 349 nostra
243 322 312 349 sicut
333 330 424 357 passer
443 327 530 356 erepta
548 328 586 349 cst
604 324 635 350 tle
652 323 745 358 laqueo
767 332 810 350 ve-

29 370 161 396 nantium:
177 369 286 403 laqueus
300 370 431 396 contritus
443 375 491 401 cst,
505 369 697 397 etnosliberati
708 378 809 397 sumus.

29 415 190 449 Adjntorium
216 420 336 441 nostrum
361 417 389 443 in
413 417 517 442 nomine
539 415 657 449 Domini,
685 417 730 452 qui
749 416 810 451 fecit

28 461 112 488 (iclum
126 466 149 487 et
164 466 263 488 terram
278 462 301 477 δ”
315 461 382 496 (79).
587 490 590 494 ,

56 507 82 534 6.
118 507 245 534 Debemus
274 513 361 534 autem
394 516 442 535 nos
474 507 604 542 ﬁrmiores
640 508 811 536 imbecillita-

27 560 59 581 te;
78 554 158 590 67!
174 554 340 588 inﬁrmorum
365 554 503 587 sustinere,
527 559 619 582 etnon
644 555 717 582 nobis
751 555 810 589 pla-

26 610 84 627 (ere.
107 600 291 636 Unusquisque
304 606 416 628 vestrum
437 601 556 635 proximo
584 601 685 635 placeat
709 602 736 628 in
765 601 810 629 bo-

28 656 55 672 no
73 646 125 682 (80)
143 647 177 673 αι]
191 647 404 680 rcdi/icationem.
424 647 494 673 Nam
510 652 533 674 et
550 646 672 674 Christus
693 655 744 674 non
760 647 809 674 sibi

26 693 141 727 placuit;
161 693 208 719 sed
225 693 291 719 sicut
310 692 437 726 scriptum
461 697 517 719 est:
530 691 695 726 Improperia
711 693 810 727 impro-

25 739 165 772 perautium
178 738 225 765 tibi
238 738 386 765 ceciderunt
401 746 479 772 super
495 746 546 764 me.
560 737 726 773 Quicumque
740 739 809 765 enim

25 785 114 818 scripta
127 788 199 816 sunt,
212 784 246 811 ad
266 789 383 810 nostram
403 784 551 810 doctrinam
568 784 667 817 scripta
694 790 765 818 sunt,
781 789 808 811 ut

27 839 65 864 per
75 830 229 864 patientiam
244 834 268 856 et
294 829 498 856 consolationem
523 829 723 864 Scripturarum
738 839 808 865 spent

28 875 365 905 habeantus”.Vitlctnrin
392 876 435 903 his
457 875 555 903 Paulus
581 876 689 903 ﬁrmum
706 883 807 904 semet-

26 921 104 955 ipsum
122 922 309 955 pronuntiare,
327 922 396 948 sicut
412 926 440 948 et
455 922 480 948 in
498 923 584 957 prima
601 923 634 950 ad
652 923 809 952 Corinthios

25 968 91 1000 dicit,
108 968 172 1002 quia
189 968 276 1002 {actus
292 976 348 995 sunt
366 968 479 1002 inﬁrmis
499 968 633 1003 inﬁrmus,
649 975 676 996 ut
688 969 808 1002 inﬁrmos

25 1013 177 1040 lucrarer“.
187 1013 220 1040 Et
238 1013 275 1041 ibi
295 1014 369 1041 enim
385 1021 438 1040 non
456 1022 486 1042 se
504 1015 569 1042 dicit
584 1015 721 1042 inﬁrmmn
736 1023 807 1048 esse,

24 1057 63 1084 SCil
79 1058 134 1085 ﬁeri
150 1058 287 1085 inﬁrmum
303 1066 310 1085 :
326 1063 354 1085 et
371 1066 422 1086 non
436 1059 542 1094 utique.
559 1060 581 1086 si
596 1059 721 1087 inﬁrtnus
742 1060 808 1088 fuis-

23 1108 66 1134 set,
83 1103 138 1130 ﬁeri
165 1104 297 1138 potuisset
314 1104 449 1131 iulirmus.
464 1104 517 1132 Sed
542 1113 594 1132 non
607 1113 639 1133 ex
664 1106 715 1133 hoc
736 1106 808 1134 acci-

23 1149 73 1182 pias
90 1150 145 1185 (81)
163 1158 225 1177 eum
239 1151 316 1184 quasi
332 1151 519 1178 immemorem
533 1152 652 1179 mandati
666 1152 737 1180 illius
756 1153 806 1181 loci

22 1202 70 1228 quo
83 1196 182 1223 dicitur
195 1204 202 1222 :
220 1195 322 1223 Laude!
342 1201 367 1224 te
387 1198 524 1231 proximus
539 1203 650 1230 'tuus,et
667 1207 718 1226 non
731 1203 806 1226 tuum

22 1248 61 1272 os;
82 1246 221 1268 extraneas
234 1262 242 1274 ,
258 1246 282 1268 et
302 1250 354 1268 non
378 1246 424 1269 tua
450 1243 521 1270 labia
537 1243 569 1269 ’τι
588 1242 645 1270 Νοιι
667 1251 733 1278 ergo
756 1251 806 1279 pro

23 1285 94 1314 laude
107 1287 228 1322 propria,
246 1287 293 1314 sed
311 1295 360 1322 pro
382 1295 472 1316 rerum
491 1290 683 1324 consequentia
694 1290 803 1318 ﬁrmum

22 1333 190 1368 semetipsum
211 1335 382 1368 pronuntiat.
406 1335 434 1362 Si
457 1335 530 1362 enim
560 1336 618 1370 ipse
643 1336 804 1364 humilitatis

22 1380 102 1414 specie
113 1381 187 1408 inter
200 1380 292 1408 ﬁrmos
306 1380 421 1409 vitasset
436 1382 609 1414 enumerari,
632 1383 692 1417 quis
711 1391 744 1410 ex
761 1383 804 1411 his

20 1428 60 1462 qui
75 1428 188 1456 aliorum
207 1428 380 1456 inﬁrmitates
400 1433 511 1464 portare
526 1429 670 1463 deberent,
686 1429 800 1458 auderet

21 1475 102 1502 subire
118 1475 190 1503 istud
205 1475 297 1508 ofﬁcii,
315 1480 343 1503 ut
357 1476 434 1510 quasi
457 1475 552 1504 ﬁrmus
568 1477 627 1512 ipse
641 1477 803 1513 lragilitales

854 233 925 259 enim
939 232 989 258 hoc
1003 231 1077 262 facit,
1095 237 1147 256 non
1163 234 1204 256 cst
1221 229 1341 256 imitator
1357 229 1428 257 illius
1440 228 1472 256 de
1487 236 1540 263 quo
1553 228 1636 255 Isaias

855 277 918 304 dicit
936 286 942 305 :
961 276 1021 310 Ipse
1036 276 1202 310 infirmitates
1219 280 1322 301 nostras
1343 279 1439 310 portat,
1459 279 1482 301 et
1499 282 1546 309 pro
1561 274 1634 302 nobis

854 323 922 349 dolet
935 322 990 357 (85)
1000 331 1007 355 ;
1019 329 1041 349 et
1057 331 1102 349 nos
1115 321 1272 356 putabamus
1282 329 1340 347 eum
1355 321 1381 347 in
1393 321 1483 348 dolore
1495 328 1560 352 esse,
1573 325 1596 346 et
1608 321 1634 346 in

854 370 942 404 plaga,
958 376 980 396 et
998 371 1023 396 in
1039 369 1218 404 afﬂictione”.
1234 369 1309 402 Quod
1322 368 1344 396 si
1357 368 1480 396 Christus
1494 371 1586 402 portat
1597 367 1638 394 in-

855 417 994 443 ﬁrmitates
1020 422 1137 448 nostras,
1156 420 1181 443 ct
1207 416 1277 443 Deus
1300 415 1434 450 patienter
1460 413 1513 441 fert
1538 413 1636 441 delicta

855 467 956 494 nostra,
971 462 1106 496 quomodo
1132 468 1156 488 et
1181 469 1230 489 nos
1250 469 1343 489 eorum
1367 461 1412 495 qui
1430 460 1510 495 paulo
1525 460 1637 488 inferio-

856 516 899 536 res
912 508 966 543 (84)
981 508 1105 535 videntur
1120 515 1288 542 nequaquam
1303 507 1400 534 delicta
1413 512 1440 534 et
1462 505 1636 541 negligentias

856 554 1019 582 toleramus?
1035 553 1090 581 Hoc
1102 559 1143 581 est
1157 554 1283 581 nimirum
1301 554 1387 588 ipsum
1403 550 1541 580 Christum
1557 560 1636 580 avero

855 607 912 630 tere
934 601 967 629 ab
992 602 1041 629 hoc
1063 601 1174 633 aﬁ‘ectu,
1193 607 1227 628 ne
1241 605 1350 635 portare
1375 600 1437 627 velit
1464 599 1636 627 inﬁrmitates

854 652 972 675 nostras.
997 646 1080 674 Nemo
1098 646 1171 673 enim
1197 646 1234 672 ita
1264 645 1397 680 perfectus
1421 649 1474 676 est,
1497 643 1542 678 qui
1565 644 1635 678 apud

854 693 937 721 Deum
951 694 978 721 in
994 693 1082 728 aliquo
1098 701 1150 721 non
1164 692 1315 720 inveniatur
1331 691 1464 722 inﬁrmus,
1479 694 1506 718 et
1516 693 1638 725 portetur

855 747 870 767 a
885 740 1008 773 Christo;
1025 745 1052 766 ct
1066 739 1126 766 ideo
1138 738 1318 774 sympathiam
1333 737 1417 772 magis
1438 736 1464 763 in
1479 736 1530 763 hoc
1546 735 1636 768 docet,

854 785 880 812 id
903 789 944 812 est
966 785 1081 819 compati
1106 784 1222 812 invicem
1236 783 1291 819 (85)
1315 787 1342 810 et
1356 781 1508 813 condolere,
1525 781 1596 808 sicut
1610 785 1637 807 et

854 830 880 857 in
897 830 956 858 aliis
972 830 1065 857 scribit
1082 839 1088 857 :
1106 829 1237 856 Donantes
1252 829 1322 856 vobis
1344 827 1453 854 invicem
1474 825 1571 853 delicta
1596 832 1638 852 ve-

825 860 920 908 lera,
938 876 1006 902 sicut
1019 880 1043 902 et
1056 875 1126 902 Deus
1148 876 1174 902 in
1195 874 1302 902 Christo
1324 873 1431 900 donavit
1447 871 1516 899 vobis
1527 871 1560 899 '°.
1581 870 1638 899 Hoc

853 926 941 949 autem
958 929 1012 948 non
1028 921 1130 949 idcirco
1142 920 1272 955 praecipit,
1286 924 1315 947 ut
1326 919 1512 953 delinquentes
1525 916 1636 949 nutriat,

852 971 880 995 ct
899 967 1066 995 inﬁrmantes
1089 966 1257 1002 indulgentia
1281 965 1384 993 laxiOre
1407 964 1462 1000 (86)
1483 963 1635 991 dissolvat:

851 1014 899 1042 sed
916 1014 1004 1041 sciens
1020 1013 1147 1047 quoniam
1164 1012 1186 1040 si
1203 1016 1326 1046 portetur
1346 1011 1481 1042 infirmus,
1505 1014 1553 1036 aut
1573 1016 1638 1036 eru-

851 1058 937 1087 bescit
952 1058 1053 1085 diutius
1068 1057 1182 1093 portari,
1200 1061 1228 1083 et
1239 1055 1352 1090 corrigit
1365 1055 1460 1083 vitium
1476 1054 1636 1088 delinquen-

852 1105 897 1138 di;
913 1108 959 1132 aut
975 1104 997 1131 si
1010 1105 1156 1131 etnendare
1172 1110 1202 1130 se
1215 1110 1267 1130 non
1281 1102 1363 1135 valet,
1378 1101 1430 1129 erit
1444 1104 1516 1128 certe
1531 1100 1636 1126 fructus

853 1151 903 1179 iste
918 1149 1052 1185 portantis
1064 1157 1139 1182 cum,
1157 1149 1228 1184 quod
1248 1155 1299 1176 non
1318 1147 1426 1182 proﬁcit
1440 1147 1466 1173 in
1487 1146 1572 1180 pejus,
1587 1152 1637 1173 nec

852 1197 998 1230 semetipso
1012 1195 1131 1222 deterior
1145 1194 1270 1226 edicitur,
1297 1193 1368 1220 sicut
1386 1192 1422 1220 illi
1441 1192 1474 1219 de
1487 1192 1584 1226 quibus
1597 1192 1637 1219 di—

852 1242 889 1269 cit
901 1241 1043 1275 Apostolus
1053 1241 1075 1257 ⁰¹
1091 1249 1098 1267 :
1111 1239 1233 1275 Nequam
1250 1245 1337 1267 autent
1349 1240 1465 1266 homines
1477 1244 1501 1266 et
1515 1239 1637 1266 seducto-

853 1296 892 1315 res
909 1287 1045 1321 proficient
1060 1286 1117 1322 (87)
1132 1287 1159 1313 in
1176 1286 1261 1321 pejus,
1284 1286 1434 1313 seducentec
1455 1291 1479 1312 et
1503 1290 1634 1312 errantes.

852 1334 986 1361 Debemus
1000 1338 1087 1360 autem
1110 1332 1144 1359 ad
1161 1333 1187 1360 id
1210 1332 1283 1368 quod
1310 1332 1480 1360 inﬁrmitates
1496 1335 1635 1366 portamus

851 1380 1031 1412 inﬁrmorum,
1048 1378 1148 1407 addere
1163 1379 1245 1407 etiam
1270 1379 1331 1412 hoc,
1350 1383 1379 1405 ut
1399 1385 1450 1405 nan
1467 1378 1543 1406 nobis
1568 1377 1634 1412 ipsis

852 1428 1016 1462 placeamus,
1029 1426 1074 1454 sed
1082 1427 1214 1461 proxima,
1227 1426 1254 1453 in
1266 1426 1341 1458 bono,
1355 1429 1470 1457 tantum,
1486 1430 1513 1452 et
1525 1425 1559 1451 ad
1568 1424 1635 1452 tedi—

851 1473 1003 1508 ﬁcationem
1013 1473 1047 1499 θ’.
1066 1472 1207 1500 Philautia:
1221 1473 1326 1503 vitium,
1341 1471 1367 1498 id
1384 1475 1424 1498 est
1442 1471 1493 1498 sibi
1511 1470 1561 1504 ipsi
1579 1471 1635 1505 pla-

21 1518 179 1549 inttrmorum
193 1520 265 1548 ferre
286 1521 440 1550 niteretur?
455 1522 509 1550 Sed
525 1522 585 1550 ideo
599 1530 743 1551 commune
758 1523 799 1550 ta»
814 1540 836 1568 ο
852 1519 930 1546 08m“
943 1523 970 1545 ει
994 1518 1019 1546 ίιι
1041 1518 1103 1546 θυῖε
1121 1518 1212 1552 cum?“
1237 1517 1368 1552 ντοριιειίι
1392 1524 1452 1544 Cum
1476 1516 1542 1543 ἀῖσίι
1563 1523 1570 1543 ³
1592 1515 1635 1543 νιν

22 1567 51 1593 :it
65 1567 133 1595 istud
151 1567 277 1600 oﬂicium,
302 1572 331 1595 ut
355 1568 544 1603 unusquisque
560 1573 685 1596 nostrutn
705 1569 731 1597 in
748 1577 797 1604 quc

876 1566 892 1591 is
906 1565 950 1600 qui
964 1565 1035 1599 apud
1054 1565 1205 1597 semetipsos
1219 1563 1348 1598 sapientes
1364 1567 1436 1595 sunt,
1449 1563 1509 1590 etin
1524 1570 1635 1597 conspe-

21 1619 106 1645 potest.
123 1615 231 1642 etiamsi
247 1622 299 1641 non
317 1614 344 1642 in
359 1614 497 1647 omnibus,
511 1619 601 1642 tamen
618 1615 645 1642 in
658 1622 713 1650 quo
728 1615 803 1643 vide-
852 1617 896 1637 ctu
913 1619 960 1638 suo
973 1611 1071 1637 eruditi
1081 1611 1113 1637 ".
1130 1610 1261 1637 Similiter
1272 1616 1337 1644 ergo
1352 1613 1380 1636 ct
1392 1609 1418 1636 in
1431 1608 1481 1636 hoc
1493 1616 1636 1644 possumus

24 1660 61 1683 tur
82 1657 185 1685 ﬁrmior
208 1659 331 1693 proximo
345 1666 396 1687 suo
416 1666 491 1691 esse,
512 1663 602 1694 portet
618 1659 804 1688 inﬁrmitatem

22 1701 88 1735 ejus;
103 1703 175 1731 sicut
193 1708 222 1731 et
244 1703 272 1731 in
293 1704 352 1731 aliis
370 1704 436 1732 dicit
452 1713 458 1730 :
480 1705 594 1732 Invicem
612 1712 693 1732 onera
716 1711 802 1733 vestra

22 1753 116 1782 portate
127 1748 162 1775 ⁸⁸.
172 1748 226 1777 Sed
237 1750 344 1777 videtur
355 1759 434 1777 onera
445 1750 489 1778 hic
499 1758 549 1786 pro
560 1751 698 1785 corporeis
708 1758 805 1780 neces—

20 1793 138 1823 sitatibus
157 1796 321 1831 nominasse,
335 1796 400 1825 utsi
418 1797 480 1831 quis
498 1796 525 1824 in
539 1796 719 1824 facultatibus
732 1803 801 1831 opu-

20 1837 108 1868 lcntior
127 1847 181 1873 est,
206 1849 275 1870 onus
298 1842 471 1878 pauperioris
496 1845 594 1876 portet,
615 1845 643 1868 et
659 1841 801 1876 penuriatn

21 1885 114 1914 soletur
127 1888 306 1916 abundantia.
318 1887 346 1914 ln
365 1895 398 1915 eo
414 1895 481 1915 vero
496 1887 541 1915 ubi
557 1887 642 1920 dicit,
657 1891 687 1914 ut
701 1887 802 1915 ﬁrmio-

20 1937 58 1959 res
78 1933 246 1962 inﬁrmorum
260 1935 412 1962 sustineant
438 1934 623 1966 inﬁrmitates,
648 1941 703 1961 nou
729 1932 803 1960 aliud

20 1975 123 2014 intelligi
137 1984 237 2014 potest,
252 1987 333 2015 quam
351 1985 380 2006 ut
397 1987 430 2007 ea
453 1980 479 2006 in
493 1979 592 2014 quibus
604 1979 648 2008 alii
666 1986 714 2015 per
730 1979 804 2006 inﬁr-

19 2023 132 2052 mitatem
153 2026 331 2062 delinquunt,
348 2027 517 2054 robustiores
541 2027 643 2062 quique
665 2027 801 2061 patienter

19 2067 110 2104 ferant,
128 2076 155 2099 et
169 2079 222 2098 non
237 2072 365 2099 continuo
381 2077 513 2106 spernant
526 2080 584 2105 eos,
599 2071 739 2107 abjiciant,
753 2071 800 2099 ab-

18 2115 183 2150 borrescant,
196 2119 217 2146 si
237 2117 307 2147 forte
324 2120 350 2147 iu
366 2119 457 2154 aliquo
473 2119 643 2146 inﬁrmitatis
660 2118 726 2146 vitio
742 2118 800 2145 rin-

16 2167 116 2197 cuntur,
133 2171 222 2200 neque
232 2165 282 2192 sub
296 2165 353 2201 (82)
369 2165 458 2201 specie
469 2165 590 2200 purioris
608 2165 679 2196 vitae,
697 2172 711 2191 a
733 2171 799 2192 con.

45 2231 67 2247 ⁸⁸
81 2231 177 2260 lJoan.
194 2239 230 2263 tv,
249 2232 273 2259 1.

15 2271 47 2298 vt,
59 2267 85 2293 2.
122 2267 145 2283 ⁵³
162 2267 211 2294 lsa.
224 2275 284 2300 mu,
299 2267 326 2294 Δ.

311 2232 335 2248 ’δ
348 2231 420 2259 Psal.
435 2239 532 2262 cum,
548 2231 574 2261 7,
590 2232 615 2259 8.
644 2231 666 2247 "
674 2230 754 2258 Rom.
782 2239 832 2264 xv,
853 2232 934 2266 iseq.

367 2267 388 2283 ⁶⁰
399 2266 495 2301 Ephes.
509 2275 546 2299 tv,
559 2266 603 2293 52.
639 2266 659 2282 ⁶¹
671 2266 691 2292 ll
714 2266 784 2293 Tim.
800 2274 839 2298 ιιι,
866 2265 922 2294 15(
948 2268 970 2283 ⁶²
986 2267 1061 2293 llam.
1077 2273 1120 2298 xv,
1133 2265 1160 2292 2.

851 1655 961 1683 dicere:
980 1655 1025 1683 Vm
1040 1655 1080 1683 his
1097 1655 1143 1691 qui
1160 1655 1211 1683 sibi
1227 1655 1293 1689 ipsis
1309 1655 1425 1690 placent.
1440 1659 1467 1682 et
1484 1655 1510 1682 in
1521 1662 1636 1689 conspe-

850 1707 896 1729 ctu
913 1709 963 1729 suo
979 1702 1041 1728 boni
1058 1702 1192 1729 videntur.
1210 1699 1321 1734 Oportet
1345 1701 1416 1728 enim
1441 1701 1468 1728 in
1489 1705 1634 1736 conspectu

852 1747 898 1775 Dei
915 1747 1004 1782 primo
1022 1746 1139 1781 placere,
1163 1747 1284 1775 secundo
1304 1747 1385 1774 etiam
1400 1748 1540 1782 proximis.
1559 1748 1635 1775 Sicut

849 1794 924 1822 cnim
942 1794 1057 1828 primum
1073 1798 1115 1821 est
1130 1794 1241 1830 diligere
1262 1793 1403 1820 Dominum
1424 1793 1520 1827 Deum,
1542 1797 1569 1820 et
1591 1801 1636 1821 se-

850 1840 941 1868 cundo
955 1841 1118 1876 proximum,
1133 1841 1170 1868 ita
1190 1846 1216 1869 et
1230 1842 1345 1876 primum
1361 1841 1416 1877 (88)
1438 1842 1544 1875 placere
1568 1841 1633 1874 Deo,

852 1888 969 1915 secundo
985 1887 1065 1914 etiam
1082 1887 1224 1922 proximis.
1239 1887 1292 1914 Sed
1310 1887 1427 1915 fortasse
1446 1887 1517 1915 dicat
1537 1887 1635 1922 aliquis

852 1931 988 1959 contraria
1006 1931 1055 1959 sibi
1077 1930 1189 1958 Paulum
1206 1931 1297 1958 dicere
1320 1932 1346 1958 in
1360 1939 1392 1959 eo
1405 1932 1475 1966 quod
1491 1931 1567 1967 jubet
1588 1941 1635 1960 nos

853 1978 959 2013 placere
975 1977 1115 2012 proximis,
1131 1977 1175 2012 qui
1191 1978 1217 2004 in
1234 1976 1293 2004 aliis
1311 1977 1409 2004 dixerit
1427 1985 1434 2004 :
1451 1977 1506 2011 Ego
1517 1980 1540 2005 si
1551 1979 1635 2006 [tanti-

852 2024 927 2051 nibus
942 2024 1084 2059 placerent,
1097 2018 1196 2051 Christi
1210 2032 1298 2050 seruus
1314 2032 1367 2050 non
1382 2032 1463 2051 essem
1476 2024 1508 2051 “.
1528 2024 1560 2051 Et
1576 2026 1636 2052 Irti-

853 2078 905 2105 quc
916 2071 978 2098 huic
988 2071 1129 2098 sententia:
1139 2070 1246 2097 videtur
1255 2077 1316 2097 csse
1327 2070 1504 2103 contrarium,
1517 2076 1545 2097 ut
1555 2079 1636 2097 unus-

853 2118 960 2152 quisque
977 2121 1100 2144 nostrum
1116 2116 1235 2150 proximo
1257 2115 1370 2149 placeat,
1389 2120 1415 2143 et
1437 2117 1507 2151 quod
1528 2117 1554 2144 in
1575 2117 1636 2144 aliis

853 2163 919 2191 dicit
941 2171 947 2190 :
967 2161 1040 2190 Sicut
1059 2167 1082 2188 et
1098 2169 1144 2196 ego
1159 2158 1278 2188 omnibus
1295 2168 1341 2195 per
1358 2162 1446 2188 omnia
1465 2161 1554 2196 placeo
1566 2162 1634 2198 (89).

972 2229 1190 2262 "lCor.rx,22.
1228 2229 1476 2260 "Prov.xxvu,2.
1512 2230 1634 2259 “Galat.

1200 2264 1223 2280 ⁸³
1238 2265 1286 2292 Isa.
1301 2273 1328 2298 v,
1342 2264 1388 2293 21.
1417 2265 1438 2281 ⁶⁶
1454 2264 1543 2293 Galat.
1555 2274 1574 2299 I,
1591 2267 1632 2295 1ορ

46 2325 99 2361 (78)
118 2326 201 2359 Editi,
220 2326 326 2359 probate
341 2325 449 2359 spiritus
465 2325 585 2361 quodex
595 2324 650 2351 Deo
659 2330 728 2351 siml.
741 2323 794 2361 Sed
811 2328 833 2355 D
853 2328 960 2361 mss_.___et
971 2322 1104 2361 ‘liabanus
1117 2326 1146 2348 ut
1163 2322 1189 2361 ιιι
1211 2326 1302 2361 nuSIro
1317 2326 1401 2361 textu.

15 2360 102 2394 oumes
119 2369 186 2388 mss.
204 2366 233 2387 ut
246 2361 271 2387 in
284 2365 376 2388 uoslro
389 2366 475 2393 textu,
495 2360 545 2387 nisi
563 2361 637 2394 quod
655 2367 726 2387 unus
746 2360 795 2387 ha-

15 2393 80 2425 heat,
99 2397 121 2422 si
134 2404 167 2422 ea;
179 2395 233 2422 Deo
243 2401 314 2422 siml.

45 2430 98 2466 (79)
113 2430 147 2457 Et
165 2439 212 2466 nos
233 2431 335 2457 liberati
359 2439 461 2466 sumus.
483 2430 652 2465 Adjutorium
676 2435 794 2466 nostrum

15 2463 38 2500 in
58 2463 160 2493 nomine
184 2465 300 2496 Domini,
315 2466 360 2500 qui
381 2465 441 2500 fecit
463 2463 556 2492 caelum
568 2469 590 2491 et
606 2470 713 2492 terram.
732 2464 793 2492 llaec

15 2498 201 2528 desiderantur
216 2502 242 2527 in
253 2498 335 2528 editis
345 2505 372 2528 et
381 2498 570 2528 restituuntur
582 2507 615 2527 ex
633 2507 698 2527 mss.

45 2534 98 2570 (80)
120 2535 304 2571 Unusquisque
320 2541 433 2563 vestrum
450 2536 496 2569 (al.
521 2534 650 2571 nostrum)
674 2534 794 2571 proximo

15 2568 107 2600 placeat
123 2571 151 2598 in
171 2568 246 2603 bono,
259 2568 323 2602 etc.,
338 2577 423 2605 usque
440 2568 472 2597 ad
488 2578 558 2605 spem
575 2568 727 2602 habeamus,
747 2570 789 2596 dc-

15 2610 69 2630 sunt
83 2605 109 2632 in
123 2611 202 2633 antea
212 2606 300 2638 editis,
317 2606 366 2633 sed
382 2606 560 2633 restituuntur
575 2612 606 2631 cx
624 2612 688 2632 mss.

43 2640 97 2673 (81)
119 2641 331 2675 Editi,uspicias.
344 2640 446 2668 Deinde
456 2640 614 2674 trtsﬁegius
629 2647 703 2675 num.
713 2639 792 2672 1659,

15 2676 125 2711 ntandati
149 2676 221 2702 illius
239 2674 263 2703 et
279 2676 376 2711 eloquii
392 2684 443 2711 quo
461 2677 574 2705 dicitur,
590 2680 642 2702 etc.
665 2674 719 2702 Sed
741 2682 794 2702 oze-

15 2710 150 2746 lcl'limssr"
167 2710 294 2739 Rabanus
309 2710 335 2739 et
349 2712 425 2744 editi,
443 2716 471 2738 ut
483 2711 509 2738 in
526 2713 610 2738 textu.

43 2743 96 2780 (δὲ)
116 2745 181 2773 Sub.
202 2747 281 2774 Deest
296 2747 321 2773 in
342 2746 432 2773 editis.

43 2778 97 2813 (85)
118 2781 201 2813 Etliti,
215 2781 316 2809 dolens.

15 2848 19 2853 υ
44 2814 97 2850 (84)
109 2815 380 2853 Δ1ᾷι11ιὶ,ιιιιὶηιιιονεσ.
393 2815 503 2853 Deinde,
514 2814 570 2843 [loc
583 2815 651 2853 enim
668 2815 791 2853 nimirum

15 2850 89 2881 ipsum
103 2851 236 2877 Christum
251 2856 365 2878 avertere
380 2856 417 2878 est
433 2852 465 2878 ab
482 2851 539 2883 hoc,
555 2855 609 2880 etc.
629 2850 682 2879 Sed
697 2858 791 2879 onmcs

103 2897 239 2930 ΡΑτιιοι..
261 2898 319 2929 Gn.
343 2898 428 2930 XIV.

888 2357 1014 2394 (85))839
1031 2365 1096 2394 mss.
1123 2361 1153 2394 et
1169 2356 1308 2394 liabanus.
1334 2356 1404 2394 Editi
1421 2365 1506 2394 (vero,
1530 2363 1554 2386 et
1575 2359 1634 2387 ideo

852 2391 935 2427 nta'gis
952 2393 979 2418 in
996 2393 1044 2418 hoc
1061 2392 1128 2427 decet
1144 2391 1233 2418 itidem
1246 2392 1360 2427 τριηρηιὶ
1374 2392 1494 2423 invicem.
1511 2399 1565 2420 etc.

888 2426 944 2462 ('86)
957 2427 1080 2463 Lagciore.
1093 2426 1147 2463 Sic.
1156 2433 1222 2463 mss.
1231 2431 1256 2453 et
1268 2426 1403 2463 Itabanus.
1418 2428 1501 2460 Editi,
1510 2428 1633 2463 largiore.

851 2461 953 2501 Deinde
970 2462 1058 2501 iidem.
1074 2461 1149 2501 editi,
1166 2461 1263 2501 cinno"
1284 2462 1360 2501 (mss.
1385 2463 1507 2501 quidam,
1527 2461 1596 2498 quod
1611 2465 1635 2491 si

852 2497 1033 2544 ιιεηλρςοίξεξι
1050 2496 1075 2522 in
1089 2496 1172 2544 pejus.
1191 2495 1242 2544 sed
1258 2497 1360 2544 lrectius
1371 2495 1421 2525 ms.
1438 2495 1539 2532 Regius
1556 2507 1631 2527 num.

852 2531 961 2562 1659'et
977 2531 1105 2558 Rabanns
1121 2537 1149 2557 ut
1166 2531 1193 2558 in
1212 2536 1296 2560 textu.
1482 2531 1491 2532 ί

888 2569 945 2603 (87)
963 2566 1043 2596 Editi.
1059 2565 1231 2603 Nequaquam
1247 2571 1334 2594 autem
1352 2569 1469 2595 homines
1485 2569 1633 2596 seductores

850 2600 998 2645 pro/fciant,
1013 2606 1066 2628 ctc.
1085 2600 1134 2628 Ms.
1156 2600 1256 2636 Regius
1274 2610 1349 2629 num.
1366 2603 1436 2631 1659
1451 2609 1478 2630 ct
1494 2603 1634 2636 Rabanus,

850 2638 1000 2672 proficiunt.

886 2674 942 2708 (88)
959 2674 1038 2706 Editi,
1055 2673 1128 2701 Sicut
1152 2671 1236 2708 primo
1257 2679 1295 2700 est
1308 2673 1463 2708 diligam...
1485 2674 1522 2701 ita
1540 2679 1563 2701 et
1579 2674 1635 2707 pri-

850 2713 1036 2783 hmi'stiiclidili.
1055 2744 1235 2783 virusquisque
1243 2747 1363 2780 proximo
1377 2752 1424 2783 tuo
1439 2745 1552 2783 plqceal,
1563 2744 1635 2783 quod

850 2779 875 2804 in
898 2779 957 2839 aliis
968 2779 1033 2806 dicit
1046 2789 1055 2808 :
1069 2780 1144 2808 Sicut
1158 2786 1182 2810 ct
1195 2779 1247 2816 ego
1255 2789 1301 2816 per
1314 2780 1402 2810 omnia
1411 2780 1558 2807 hominibus
1577 2779 1635 2814 plc-

850 2821 904 2846 cea,
919 2821 933 2841 c
947 2822 971 2841 c.

1442 2861 1480 2893 Ῑιῦ
