1852 3053
179 108 248 137 ίίὶῗῖἔ)

910 109 1071 138 ORIGENIS

1758 113 1816 140 13ὁῦ

178 180 228 197 mm
245 179 364 204 murreus
378 172 447 206 quod
458 172 523 198 milii
539 171 601 198 utile
613 176 661 203 est,
679 171 724 198 sed
740 173 811 207 quin!
828 172 926 205 multis,
939 177 965 198 ut
982 175 1003 202 Α
1019 172 1170 199 reciderunt
1193 180 1273 207 super
1297 181 1336 200 me
1350 173 1384 199 "‘.
1402 172 1478 206 Quod
1499 173 1658 201 evidentius
1685 173 1731 201 ﬂet
1750 174 1772 202 si
1791 183 1816 201 ea

177 217 244 243 salui
257 214 366 251 ﬁant".
378 213 523 243 Dicendum
537 224 601 251 ergo
621 217 653 244 ad
673 217 740 250 ilLEt‘,
753 218 815 252 quia
836 218 907 244 aliud
928 222 969 245 est

177 258 295 289 studium
314 263 414 290 habere
439 262 562 298 placendi
589 263 743 291 hominibus
762 268 790 290 ut
812 264 917 291 laudent
935 264 968 291 ab

176 308 216 335 eis
228 314 341 343 qumral,
353 313 379 336 et
391 309 463 335 aliud
474 310 645 337 eststudium
662 310 764 337 habere
782 310 903 345 placendi
922 311 969 336 ho-

173 351 294 381 minibus
306 354 333 381 in
345 362 379 381 eo
395 359 422 381 ut
437 355 493 382 vita
514 363 561 383 sua
579 355 826 390 irreprehensibilis
846 356 880 383 sit
897 359 967 391 apud

176 394 312 432 homines,
328 405 355 428 et
374 401 521 436 proﬁciant
539 409 571 428 ex
590 409 622 429 eo
641 410 737 429 omnes
756 402 800 436 qui
818 403 858 430 vel
877 402 968 430 rident

177 447 255 473 talem
272 447 314 474 vel
334 448 457 475 audiunt.
475 447 512 474 lbi
538 456 601 483 ergo
615 448 774 484 placendum
793 457 844 476 non
863 456 904 477 est
917 451 967 478 h0-

175 488 303 524 minibns,
322 490 366 520 tibi
381 498 473 520 contra
487 493 566 520 [idem
579 493 653 530 (90),
672 499 765 521 contra
784 494 963 528 honestatem,

174 543 268 566 contra
281 538 440 573 religionem
455 543 497 566 est
512 539 537 566 in
554 547 609 574 quo
627 540 786 575 placeatur;
803 545 829 568 et
845 541 906 568 ideo
925 541 965 568 di-

171 585 219 616 cit,
234 585 301 616 Quia
316 586 338 611 si
353 585 503 612 hominibus
518 585 658 619 placerem,
669 586 719 613 hoc
727 591 768 613 est
779 587 927 614 incredulis
937 593 964 615 et

171 630 326 658 infidelibus
338 629 419 666 672
434 630 544 663 ludatis,
557 631 657 658 C/tristi
670 641 757 659 senats
774 640 825 659 non
839 641 920 660 essem
932 633 963 660 ⁸⁸.

171 676 200 705 Si
217 677 288 704 enim
301 676 431 703 voluisset
449 676 548 704 Paulus
561 678 783 712 placereJud-a'is,
802 678 964 706 Damascum

171 731 232 750 cum
254 722 379 757 epistolis
396 723 494 750 missus
518 724 642 751 traxisset
659 724 751 759 utique
767 725 840 752 viros
855 731 882 752 et
904 733 965 752 niu-

171 769 250 795 licres
270 767 376 796 vinctos
401 767 607 805 Jerosolymam,
623 774 650 797 et
673 771 771 798 \‘isioni
799 770 894 798 delata:
911 771 963 799 sibi

171 814 197 841 in
214 815 256 841 via
274 814 313 847 ⁸⁷,
326 814 485 849 etelestique
505 815 564 842 voci
583 816 639 851 (91)
657 816 767 844 minime
791 817 962 844 credidisset.

171 860 223 887 Sed
239 865 265 887 et
280 860 302 888 si
316 860 376 894 quis
394 869 443 888 nos
461 861 562 895 aliquid
579 869 658 895 agere
673 862 757 897 exigit
777 867 870 890 contra
882 862 963 898 justi-
979 857 999 885 Β
1016 863 1070 889 rint
1101 870 1182 897 super
1213 862 1351 890 Christum
1372 871 1379 895 ;

171 906 247 939 tiam,
268 910 361 933 contra
374 907 558 939 sanctitatem,
577 911 670 934 contra
689 907 808 942 regulam
832 907 961 935 Christia-

171 960 242 985 nam,
254 957 282 979 et
294 953 345 980 nisi
364 953 414 980 hoc
428 960 540 988 agamus
555 953 616 980 odia
637 958 664 980 ct
680 953 837 981 inimicitias
851 953 961 981 minita-

171 1003 223 1031 tur,
238 1003 301 1026 tunc
315 1004 424 1034 oportet
437 1007 486 1026 nos
502 1000 657 1026 meminisse
667 999 748 1034 hujus
764 1000 899 1027 sermonis
915 1000 960 1035 qui

168 1044 233 1071 dicit
245 1054 251 1071 :
262 1045 292 1072 Si
305 1045 454 1072 hominibus
465 1045 566 1079 placere
584 1045 683 1078 vellem,
698 1045 797 1072 Christi
809 1054 897 1073 servus
910 1054 960 1073 non

168 1099 250 1119 essem
262 1092 295 1118 ⁸³.
315 1091 381 1118 Cum
397 1096 488 1118 autem
503 1092 603 1118 dicitur
618 1102 624 1119 :
643 1091 827 1128 Unusquisque
848 1098 961 1120 vestrum

167 1139 289 1174 proximo
311 1139 417 1173 placeat
432 1137 464 1170 ⁶⁹,
491 1139 646 1166 necessaria
664 1139 801 1167 distinctio
825 1140 957 1173 sociatur,

167 1192 227 1219 qua:
245 1184 271 1210 in
293 1191 345 1218 quo
360 1183 415 1219 (9-2)
443 1183 604 1218 placendum
624 1184 660 1211 sit
682 1185 806 1219 proximo
820 1185 963 1213 evidenter

167 1230 287 1258 ostendit
306 1238 366 1258 eum
381 1230 448 1257 dicit
462 1238 468 1256 :
483 1229 516 1256 In
535 1230 602 1257 bono
617 1230 651 1257 ad
665 1231 879 1266 redi/irationem.
895 1232 961 1260 Cum

166 1284 232 1311 ergo
249 1276 317 1304 bene
334 1277 451 1311 agimus,
466 1280 493 1303 et
503 1276 576 1303 bene
588 1276 727 1308 docemus,
745 1277 882 1312 placemus
900 1286 962 1313 pro-

169 1324 253 1357 ximo,
273 1328 300 1350 et
315 1323 483 1350 aediﬁcamus
498 1330 570 1351 enni.
586 1323 646 1350 Non
658 1324 729 1351 enim
744 1323 857 1359 gloriam
872 1326 906 1352 ab
919 1325 964 1353 ho-

170 1371 288 1398 minibus
304 1371 477 1405 qumrendam
502 1375 609 1403 monet,
626 1370 672 1397 sed
698 1370 904 1398 :ndilicatiouem
931 1372 964 1399 de

168 1420 229 1442 actu
251 1421 278 1443 et
295 1423 419 1443 sermone.
438 1422 531 1443 nostro
549 1415 681 1451 proximis
697 1415 831 1449 dandam;
847 1417 916 1444 sicut
934 1423 962 1444 et

167 1462 192 1488 in
203 1468 236 1488 eo
250 1461 320 1496 quod
335 1461 400 1488 dicit
417 1461 618 1495 Salvator"°,ut
628 1463 712 1489 luceat
723 1463 769 1489 lux
780 1469 862 1489 vestra
875 1472 963 1490 eorum

166 1507 327 1539 hominibus,
341 1507 488 1534 etviilentes
505 1507 647 1542 (93)opera
668 1513 752 1534 vestra
770 1508 846 1542 bona,
859 1508 963 1543 gloriﬁ-

1023 227 1083 254 quze
1101 219 1127 246 iu
1143 219 1289 254 Evangelia
1304 220 1404 255 Scripta
1418 225 1481 248 sunt
1497 220 1669 253 recolauius,
1687 223 1817 256 quomoda

1023 269 1048 290 ut
1065 265 1206 298 prodesset
1233 265 1397 297 hominibus,
1410 271 1437 292 et
1452 265 1545 293 salvos
1561 265 1672 292 faceret
1694 274 1817 298 eos,cum

1023 310 1213 344 peccatoribus
1233 314 1260 336 et
1277 310 1429 344 publicanis
1450 311 1638 338 manducabat
1659 316 1687 338 ct
1705 311 1818 344 bibebat,

1021 361 1049 382 et
1066 357 1099 382 ad
1128 356 1184 383 haec
1205 356 1421 390 iinproperantes
1438 356 1523 384 Iudici
1547 358 1686 385 dicebant
1709 366 1718 385 :
1739 358 1820 390 Qun

1022 403 1145 437 magister
1166 409 1248 430 vester
1263 411 1322 430 cum
1349 403 1499 438 publicanis
1512 409 1537 430 et
1549 406 1741 439 peccatoribus
1751 414 1818 432 mm:-

1021 449 1134 476 ducat”
1151 449 1162 476 ?
1181 449 1220 476 Vel
1249 450 1347 476 iterum
1373 457 1433 476 cum
1465 452 1650 485 peccatricem
1682 451 1817 478 mulierem

1021 503 1073 523 non
1104 496 1265 530 prohibebat
1292 498 1449 532 contingere
1476 498 1559 532 pedes
1582 505 1670 530 suos,
1691 503 1721 525 et
1739 497 1819 532 Iacry-

1021 543 1071 569 mis
1095 542 1150 569 suis
1176 542 1241 578 (9(1)
1265 543 1372 577 rigare,
1395 544 1437 570 vel
1466 544 1571 578 capillis
1601 545 1767 579 detergere,
1792 552 1818 571 ac

1020 588 1128 623 myrrha
1157 594 1308 622 perungere
1325 595 1331 619 ;
1349 593 1375 615 et
1400 595 1448 621 pro
1475 587 1527 614 hoc
1549 588 1776 622 improperantes
1797 593 1819 614 ct

1019 634 1219 667 exprobrantes
1237 633 1321 661 Judaei
1346 634 1483 667 dicebant,
1504 634 1567 669 quia
1582 634 1607 660 si
1634 635 1682 660 hic
1698 635 1818 668 propheta

1019 683 1095 710 esset,
1109 679 1184 705 sciret
1202 679 1290 713 utique
1301 687 1359 714 qua:
1373 685 1396 706 et
1410 679 1495 714 qualis
1510 683 1549 706 est
1566 679 1669 706 mulier
1684 687 1745 713 qui:
1764 683 1818 705 tall-

1018 726 1055 760 git
1070 733 1138 757 cuiu,
1154 726 1215 760 quia
1239 726 1373 759 peccatrix
1385 731 1422 752 est
1436 726 1468 752 ⁷⁸.
1484 725 1560 758 Quod
1580 726 1603 751 si
1628 726 1761 760 requiras
1774 733 1818 751 cur

1018 771 1169 805 exemplum
1186 771 1257 806 quod
1273 771 1305 798 de
1320 771 1427 799 Psalmo
1446 771 1557 805 protulit
1575 771 1649 806 (97),
1669 771 1708 797 ita
1727 771 1817 797 habent

1018 817 1095 851 quasi
1112 817 1277 852 intin‘operia
1303 824 1363 851 qua:
1379 817 1603 852 impropereutur
1628 818 1700 848 Deo.
1715 818 1818 845 cecide~

1404 863 1440 890 ita
1473 871 1619 898 possumus
1647 864 1815 897 explanare;

1013 909 1074 942 quia
1099 909 1168 935 sicut
1192 909 1258 935 dixit
1278 917 1285 934 :
1302 908 1354 942 Qui
1377 917 1418 935 me
1441 910 1553 943 recipit,
1576 909 1675 943 reripit
1688 918 1751 936 eum
1777 911 1815 944 qui

1012 962 1053 980 me
1075 954 1144 980 misit
1154 954 1187 987 ⁷⁵,
1202 954 1237 980 ita
1252 958 1279 980 et
1294 954 1344 981 hoc
1360 955 1445 989 accipi
1464 959 1555 989 potest
1574 964 1581 981 :
1598 955 1671 988 Quia
1691 955 1740 989 qui
1757 956 1814 983 mihi

1013 1001 1189 1035 improperat,
1202 1000 1368 1034 improperat
1383 1001 1406 1027 ei
1419 1000 1464 1035 qui
1479 1000 1555 1027 misit
1577 1008 1620 1027 me
1637 1001 1710 1035 (98).
1729 1001 1818 1028 Exem-

1012 1046 1085 1081 plum
1107 1053 1170 1080 crgo
1187 1045 1259 1080 quod
1283 1045 1443 1080 assumpsit,
1467 1045 1493 1073 in
1514 1046 1696 1080 sexagesimo
1725 1052 1816 1073 octavo

1013 1092 1116 1126 psalmo
1135 1092 1186 1119 hoe
1207 1091 1287 1118 modo
1308 1091 1439 1126 scriptum
1451 1096 1494 1118 est
1511 1091 1646 1118 :Alimus
1659 1092 1754 1126 facta:
1763 1101 1815 1119 m-

1013 1137 1141 1172 fratribus
1157 1137 1220 1163 meis
1231 1156 1237 1168 ,
1251 1141 1274 1163 et
1292 1137 1383 1170 hospes
1399 1136 1463 1170 [iliis
1482 1137 1577 1164 matris
1595 1145 1676 1164 mete.
1695 1138 1767 1170 Quia
1781 1146 1817 1163 2-

1013 1184 1054 1211 (us
1072 1186 1166 1210 domus
1187 1188 1240 1210 tua:
1259 1183 1368 1210 comedit
1383 1191 1433 1216 me,
1455 1189 1479 1210 et
1499 1183 1667 1218 improperia
1686 1184 1817 1219 imprope-

1015 1230 1129 1257 rantium
1141 1229 1187 1256 tibi
1204 1229 1352 1256 ceciderunt
1370 1237 1450 1264 super
1459 1237 1510 1256 me.

1050 1276 1218 1310 Qua'cunque
1230 1279 1299 1304 enim
1321 1279 1420 1310 scripta
1436 1281 1506 1307 sunt,
1523 1276 1558 1302 ad
1570 1281 1696 1303 nostram
1719 1277 1815 1303 doctri-

1015 1330 1076 1348 nam
1099 1323 1197 1357 scripta
1210 1329 1270 1350 sunt
1282 1323 1315 1351 ⁷⁸.
1330 1322 1424 1350 Simile
1435 1326 1478 1349 est
1499 1322 1552 1349 hoc
1566 1321 1603 1348 illi
1626 1322 1706 1356 quod
1721 1322 1778 1357 ipse
1790 1322 1814 1349 ia

1015 1368 1078 1395 aliis
1094 1369 1159 1395 dicit
1176 1378 1183 1396 :
1199 1369 1304 1403 Scripta
1320 1374 1381 1396 sunt
1397 1373 1485 1395 autem
1496 1373 1603 1402 propter
1624 1376 1687 1400 nor,
1706 1369 1734 1395 iu
1755 1377 1815 1403 qm

1015 1414 1078 1448 ﬁnes
1093 1415 1247 1442 sa'rnlarum
1256 1414 1454 1442 devenerunt".
1465 1413 1540 1447 Quod
1551 1414 1574 1441 si
1583 1415 1743 1449 requiritur
1753 1423 1816 1449 quo-

1017 1461 1096 1488 modo
1116 1469 1226 1496 propter
1247 1469 1297 1489 nos
1324 1462 1427 1496 scripta
1447 1461 1502 1489 sint
1532 1460 1588 1496 (99)
1619 1468 1685 1496 qua:
1717 1463 1814 1497 scripta

1017 1511 1089 1541 sunt,
1105 1508 1166 1534 vide
1178 1508 1241 1543 quia
1256 1512 1367 1543 propter
1384 1515 1434 1535 nos
1445 1507 1579 1542 scriptum
1595 1512 1642 1534 est
1657 1514 1666 1534 :
1685 1508 1750 1535 Non
1775 1509 1816 1534 σι-

166 1558 225 1580 cent
244 1553 349 1580 Patrem
368 1558 480 1580 vestrum
494 1554 538 1588 qui
558 1554 585 1580 iu
601 1553 671 1580 caelis
687 1559 734 1581 est.
753 1553 805 1581 Per
821 1555 891 1589 quod
909 1540 998 1582 non’c
1015 1552 1117 1579 lumbis
1129 1561 1157 1579 os
1173 1553 1230 1580 bovi
1241 1553 1378 1580 triturauti
1390 1561 1400 1585 ,'
1412 1561 1463 1580 non
1475 1553 1588 1582 enimde
1599 1552 1685 1580 bobus
1702 1561 1768 1580 cura
1781 1558 1815 1579 est

167 1599 261 1634 utique
274 1599 306 1626 ad
319 1599 490 1633 qurcrcndam
504 1599 538 1626 ab
550 1599 707 1627 hominibus
721 1600 833 1636 gloriam
847 1601 963 1635 discipu-

168 1647 208 1673 los
230 1646 404 1679 adhortatur,
421 1645 467 1673 sed
494 1650 524 1673 ut
546 1650 620 1673 recte
640 1645 812 1681 honesteque
839 1647 961 1676 viventes

165 1691 374 1722 :edillcalionem
388 1692 543 1720 videntibus
554 1692 692 1727 prmbeant
707 1692 773 1729 (94),
783 1698 809 1720 et
823 1692 959 1729 glorifice-

166 1743 210 1764 tur
228 1737 299 1764 Dens
311 1737 355 1772 qui
373 1737 528 1765 hominibus
540 1737 611 1764 riam
624 1738 825 1766 emendationis
843 1743 869 1766 et
884 1739 958 1766 sa'lu-

166 1784 200 1811 lis
217 1784 331 1819 aperuit.
349 1783 419 1810 Nam
433 1789 455 1811 et
468 1783 589 1812 Christus
601 1792 652 1811 non
668 1785 717 1811 sibi
728 1785 838 1820 placuit,
849 1787 893 1813 sed
905 1786 958 1813 sic-

164 1836 192 1856 ut
206 1831 332 1862 scriptum
352 1835 387 1857 est
400 1836 409 1855 :
423 1829 589 1864 lmproneria
604 1831 840 1866 improperuntium
856 1832 902 1858 tibi
916 1840 957 1858 ce-

165 1877 284 1904 ciderunt
308 1885 387 1911 super
406 1884 456 1904 me.
473 1875 500 1903 in
518 1877 567 1904 hoe
586 1877 692 1905 videtur
717 1877 872 1909 ostendere,
893 1878 955 1913 quia

164 1929 191 1950 et
206 1923 330 1950 Christus
345 1931 398 1950 non
416 1924 468 1953 sibi
484 1923 602 1958 placens,
616 1931 665 1950 nec
682 1923 804 1958 rapinam
819 1923 956 1951 arbitrans

163 1977 225 1998 esse
252 1978 281 1997 se
297 1970 429 2004 mqualem
454 1970 519 2002 Deo,
544 1970 720 2005 semetipsum
743 1970 893 1997 exinanirit
907 1971 928 1986 ⁷¹
947 1979 954 2003 ς

165 2017 212 2044 sed
231 2016 322 2043 volens
338 2016 493 2043 hominibus
506 2016 629 2051 placere,
643 2016 693 2043 hoc
707 2018 748 2044 est
765 2016 889 2044 homines
904 2016 956 2043 sal-

165 2070 249 2094 vare,
270 2061 434 2096 improperia
464 2061 707 2096 improperanlinm
736 2061 856 2096 pertulit,
885 2063 956 2089 sicut

165 2107 296 2142 scriptum
309 2112 351 2134 est
373 2114 380 2132 :
401 2105 563 2141 lmproperia
577 2107 820 2141 improperantium
839 2108 887 2134 tibi
901 2107 956 2143 (93)

199 2176 222 2192 ⁸⁸
240 2176 249 2202 l
267 2175 329 2203 Cor.
354 2174 433 2206 x,33.
471 2175 493 2190 "
508 2175 597 2204 Galat.
614 2185 631 2206 l.
646 2177 687 2204 10.

163 2211 185 2227 ⁷¹
207 2210 305 2244 Philip.
322 2219 351 2242 ll,
367 2210 394 2237 6.
433 2211 456 2226 ⁷⁸
473 2210 544 2236 Psal.
568 2219 665 2243 vatii,
691 2212 734 2240 10.

162 2246 190 2274 ἀ.
228 2246 270 2272 ⁷⁷1
288 2247 350 2282 (lor.
369 2254 395 2277 κ,
409 2246 451 2273 ll.
468 2245 511 2282 ﬂ"
524 2246 600 2282 pcut.
628 2255 690 2280 xxv,
708 2248 744 2282 4;
763 2247 773 2274 l
788 2247 851 2275 Cor.
868 2255 906 2281 ix,
923 2248 949 2276 9.

164 2289 192 2315 x,
207 2282 233 2309 6.
269 2281 290 2297 ⁸³
307 2281 385 2309 Ιιοιιι.
398 2281 510 2315 xni,25,
521 2280 567 2309 26.

200 2353 255 2389 (90)
276 2353 356 2386 Editi,
385 2353 467 2380 Deum
490 2361 538 2388 pro

163 2387 240 2416 tinin.
260 2389 326 2416 1659
344 2395 371 2415 et
386 2387 524 2420 Itabantis,
541 2389 567 2416 iu
585 2397 636 2423 quo
651 2388 780 2423 placetur.
796 2387 849 2415 Sed
862 2387 954 2414 caueri

164 2431 230 2450 mss.
243 2429 269 2450 et
285 2424 347 2450 editi
363 2425 428 2450 utin
447 2428 531 2450 textu.

201 2458 257 2494 (9l)
279 2459 358 2491 Editi,
377 2459 525 2493 aetatique
545 2458 613 2486 vitta.
636 2458 747 2490 Deinde,
762 2457 815 2485 Sed
827 2457 882 2494 etsi
894 2457 954 2494 quis

164 2492 212 2521 uos
223 2494 296 2519 aliud
311 2502 396 2527 agere.
407 2494 439 2520 Et
455 2492 532 2528 paulo
544 2499 604 2528 post
618 2501 667 2520 ms.
679 2494 778 2527 ltegius
789 2492 954 2524 nunt.1659,

165 2536 227 2555 tum:
239 2533 340 2568 oportet
359 2537 405 2568 n_o_s
424 2529 573 2568 meminisse
589 2528 809 2568 scriptoriis/udus
820 2536 872 2568 quo
889 2528 955 2554 dici—

164 2569 209 2590 tur
221 2571 231 2590 :
246 2564 288 2593 Si.
300 2570 351 2590 etc.
379 2564 432 2590 Sed
448 2564 538 2591 caeteri
556 2571 620 2591 mss.
638 2569 664 2590 et
683 2564 748 2590 editi
768 2568 796 2590 ut
821 2564 848 2590 in
866 2567 953 2596 textu,

164 2599 215 2625 nisi
229 2599 300 2633 quod
315 2598 377 2625 editi
396 2599 522 2631 habeant,
537 2599 605 2631 Quia
618 2600 651 2630 si,
666 2604 720 2626 etc.

200 2634 256 2670 (9‘2)
277 2633 341 2670 MsL
352 2633 452 2668 Regius
479 2643 553 2670 num.
580 2634 658 2666 1659,
673 2640 750 2669 atque
758 2633 803 2670 _inr
821 2641 882 2670 quo,
897 2637 952 2670 etc.

165 2668 315 2704 Paulopost
324 2668 464 2701 Rabanus,
474 2669 604 2696 euidenter
617 2671 747 2696 ostendat.
757 2668 859 2695 Deinde
875 2669 951 2702 editi,

164 2705 191 2730 iu
206 2705 311 2736 bouimi,
328 2709 381 2730 etc.

202 2738 257 2774 (93)
278 2739 314 2764 lia
329 2745 424 2774 onines
439 2745 516 2770 mss.,
531 2738 669 2771 “ahenus,
692 2742 720 2765 et
736 2739 818 2766 editio
837 2739 951 2766 Veneta.

167 2772 264 2799 Caneri
284 2773 360 2803 editi,
378 2777 405 2798 ut
420 2774 543 2804 videntes,
560 2777 613 2799 ete.

204 2807 258 2840 (94)
280 2807 325 2833 Sic
342 2813 393 2833 ms.
409 2807 508 2840 Regius
522 2815 596 2833 num.
613 2807 682 2834 1359
697 2813 724 2834 et
739 2808 875 2835 Ralianus.
891 2809 952 2835 Cm-

168 2843 218 2868 teri
234 2849 297 2869 vero
309 2849 376 2869 mss.
391 2848 418 2869 et
432 2842 506 2875 editi,
525 2842 558 2868 ad
581 2842 782 2875 wdiﬁcatinuem
805 2844 952 2871 ridentibus

728 2177 748 2193 ⁸⁷
765 2177 824 2203 Act.
847 2185 885 2208 Ix.
909 2177 927 2204 2
947 2184 1006 2210 seq.
1047 2177 1069 2193 ⁸³
1085 2177 1175 2204 Galat.
1192 2184 1212 2207 ι,
1233 2177 1278 2203 10.
1319 2177 1341 2191 ⁸³
1356 2177 1483 2206 ltom.xv,
1497 2177 1525 2200 2.

729 2234 734 2240 .
774 2213 797 2228 ⁷³
814 2212 897 2239 Mare.
917 2221 948 2244 ιι,
972 2213 1016 2240 16.
1053 2212 1076 2228 ⁷³
1096 2213 1161 2239 Luc.
1184 2220 1231 2243 ru,
1254 2211 1298 2238 59.
1336 2211 1360 2226 τ’
1374 2209 1440 2237 Luc.
1462 2217 1501 2238 ix.
1516 2209 1563 2236 48.

989 2248 1011 2264 τ’
1023 2247 1111 2275 Galat.
1126 2255 1162 2280 iv,
1183 2247 1228 2274 22.
1266 2247 1288 2262 "°
1300 2246 1386 2274 Exod.
1402 2252 1458 2278 xw,
1473 2244 1525 2278 55;
1542 2252 1611 2278 xm,
1627 2244 1654 2272 6.

1013 1598 1081 1631 Deo,
1099 1601 1144 1625 sed
1158 1597 1189 1625 de
1201 1598 1276 1625 nobis
1288 1597 1353 1624 dicit
1369 1597 1410 1630 ";
1429 1601 1456 1624 et
1477 1601 1590 1632 propter
1603 1604 1657 1624 nos
1684 1598 1816 1632 scriptun

1013 1649 1064 1677 est,
1079 1645 1143 1680 quia
1164 1645 1299 1672 Abraham
1318 1645 1385 1671 duo:
1406 1644 1478 1678 ﬁlios
1490 1643 1595 1675 habuit,
1616 1651 1708 1670 unum
1723 1645 1756 1670 de
1772 1650 1817 1669 rl-

1012 1689 1085 1724 cilla,
1102 1695 1125 1717 et
1138 1698 1220 1717 unum
1240 1691 1273 1717 de
1294 1690 1388 1721 libera,
1401 1694 1430 1716 nt
1453 1696 1502 1716 nos
1520 1689 1644 1716 sciamus
1666 1689 1738 1724 quia
1761 1688 1817 1716 hac

1012 1741 1075 1764 sunt
1090 1736 1247 1771 allegorica,
1267 1740 1292 1763 et
1309 1737 1366 1763 lites
1382 1740 1442 1762 sunt
1455 1735 1508 1762 duo
1520 1740 1682 1762 testamenta
1692 1734 1730 1762 ".
1749 1734 1818 1763 Pro-

1013 1786 1073 1817 pter
1088 1789 1137 1809 nos
1149 1787 1178 1809 et
1195 1781 1262 1808 illud
1275 1781 1407 1815 scriptum
1419 1786 1463 1808 est
1476 1781 1512 1812 “,
1524 1780 1588 1814 quia
1605 1782 1728 1815 populus
1742 1789 1814 1808 ma-

1013 1829 1122 1856 dncavit
1138 1836 1237 1856 manna
1256 1828 1282 1856 in
1294 1829 1414 1862 deserto,
1433 1833 1462 1855 et
1479 1827 1547 1855 bibit
1564 1835 1668 1862 aquam
1684 1829 1720 1856 de
1740 1834 1817 1864 petra

1012 1879 1040 1902 ut
1060 1883 1110 1903 nos
1124 1875 1338 1910 intelligeremus
1353 1875 1417 1906 quia
1437 1873 1585 1908 spiritalem
1597 1882 1690 1901 escam
1703 1876 1817 1902 mnda-

1010 1928 1146 1956 caverunt,
1167 1928 1192 1950 et
1208 1922 1353 1957 spiritalem
1377 1927 1466 1956 potum
1486 1922 1620 1953 biberunt,
1644 1923 1766 1949 bibentes
1787 1924 1817 1949 de

1008 1969 1127 2004 sequenti
1140 1973 1224 2003 petra,
1238 1975 1296 2003 qua:
1313 1972 1387 2002 petra
1401 1973 1458 1994 erat
1468 1966 1593 1993 Christus
1607 1966 1688 2002 ηιμ)
1702 1967 1738 1994 Et
1747 1968 1815 1999 hac,

1010 2019 1090 2050 atque
1111 2015 1163 2042 alia
1181 2013 1335 2048 huiusmodi
1352 2017 1431 2040 erant
1447 2013 1589 2047 mysteria,
1610 2020 1677 2048 quae
1693 2014 1818 2041 παιω-

1011 2067 1036 2088 ta
1053 2067 1116 2089 sunt
1138 2061 1307 2095 temporibus
1334 2059 1446 2087 :eternis
1461 2059 1500 2092 ⁸⁸,
1518 2058 1700 2086 manifestata
1724 2065 1815 2087 auten

1011 2115 1084 2134 nunc
1101 2114 1149 2141 per
1167 2105 1323 2140 Scripturas
1339 2104 1525 2140 proplieticas,
1542 2110 1570 2132 et
1590 2105 1744 2133 adventum
1762 2106 1815 2133 Do-

1565 2173 1588 2189 "
1604 2173 1707 2202 Matth.
1719 2183 1746 2207 τ,
1771 2174 1814 2202 i6.

1613 2210 1638 2225 "
1658 2210 1742 2237 liom.
1763 2218 1813 2242 Π,

1627 2244 1654 2272 6.
1693 2245 1813 2273 “lCor.

1775 2252 1814 2272 ot.

1047 2177 1069 2193 ⁸³
1085 2177 1175 2204 Galat.
1192 2184 1212 2207 ι,
1233 2176 1278 2203 10.
1319 2176 1341 2191 ⁸9
1356 2174 1483 2206 Rom.xv,
1497 2173 1525 2200 2.

561 2353 650 2387 fiderit.
671 2352 773 2380 Deinde
787 2360 836 2379 ms.
855 2351 954 2386 Regius
971 2353 993 2381 D
1008 2351 1140 2387 placeant:

1045 2386 1101 2421 (95)
1124 2385 1191 2412 Tibi.
1209 2384 1236 2421 lu
1251 2389 1330 2412 antea
1346 2385 1427 2414 editis
1446 2386 1725 2420 praemittuntur.-

1044 2421 1102 2455 (96)
1124 2421 1198 2448 Suis.
1218 2420 1245 2447 In
1259 2421 1339 2448 editis
1354 2421 1502 2448 omittitur.

1044 2455 1102 2488 (97)
1126 2455 1250 2482 Protulit.
1269 2456 1443 2483 Desideratur
1455 2457 1482 2482 in
1499 2455 1577 2484 libris
1593 2462 1679 2485 antea
1693 2458 1791 2486 editis.

1044 2490 1099 2526 (98)
1121 2490 1167 2517 Sic
1187 2498 1282 2518 omnes
1298 2499 1364 2518 mss.
1379 2496 1407 2518 et
1423 2491 1566 2519 Rabanus.
1589 2492 1666 2520 Editi
1680 2501 1759 2525 vero,
1772 2502 1818 2521 a-

1007 2525 1120 2564 emplum
1132 2525 1213 2559 enim,
1222 2530 1289 2557 εις..
1299 2527 1396 2554 deinde
1411 2526 1543 2554 omittunt
1553 2533 1664 2561 acturo,
1685 2530 1760 2564 quod
1774 2537 1815 2556 re-

1009 2562 1124 2589 stituunt
1138 2568 1232 2588 omnes
1245 2569 1310 2588 mss.

1044 2596 1100 2632 (99)
1122 2596 1255 2632 Sicﬁrecte
1271 2604 1321 2624 ms.
1339 2596 1440 2632 Regius
1456 2604 1532 2624 num.
1550 2596 1634 2626 £659.
1650 2598 1753 2626 Galeri
1771 2605 1815 2624 ve-

1009 2631 1149 2664 ro'inss.,
1168 2631 1298 2659 Rabanus
1320 2636 1348 2659 et
1368 2633 1432 2659 editi
1458 2632 1611 2666 omittunt,
1631 2642 1694 2669 quc
1713 2635 1813 2667 Scrile

1005 2673 1076 2694 sunt.

1042 2702 1080 2735 (1)
1102 2701 1183 2733 Editi.
1205 2701 1271 2729 "an:
1288 2707 1366 2737 atque
1391 2701 1445 2729 alia
1479 2702 1640 2738 liujnsmedt
1670 2710 1747 2731 erant
1760 2712 1812 2737 ει

1007 2739 1100 2769 steria,
1129 2745 1187 2770 quin
1207 2738 1309 2764 occulta
1332 2742 1393 2764 sunt
1421 2739 1586 2772 temporibus
1616 2742 1726 2766 merui:
1741 2748 1751 2767 :
1766 2739 1810 2765 sed

1006 2780 1071 2810 mss.
1089 2777 1117 2799 et
1132 2771 1259 2810 [tabanus
1275 2776 1304 2798 ut
1322 2774 1359 2810 in“
1371 2771 1573 2810 nostro'textu,
1591 2775 1644 2800 nisi
1658 2776 1732 2810 quod
1746 2774 1808 2801 alias

1006 2808 1089 2834 habet
1106 2808 1207 2834 occulta
1232 2813 1312 2843 sunt;
1326 2807 1405 2842 alius,
1425 2812 1532 2835 occulta
1547 2807 1684 2843 fuerunt;-
1705 2816 1732 2839 et
1755 2809 1805 2839 alii,

1005 2843 1166 2877 tcutporibus
1178 2842 1330 2877 prrt’teritis.
