1851 3054
160 129 231 157 1265

1043 128 1057 155 5
1716 128 1774 156 12ςῖ

159 191 205 217 ubi
221 191 257 216 ait
270 210 278 223 ,
293 189 405 223 itlipstsm
421 195 510 219 sapere
532 187 559 213 in
577 187 736 214 alterutrum
749 207 756 220 ,
773 186 895 219 addidit,
910 196 949 214 se-
964 190 986 218 Α
1001 195 1055 222 quo
1078 194 1149 214 nunc
1169 194 1216 215 eos
1239 188 1285 222 qui
1311 194 1343 215 ex
1371 186 1580 214 circumcisione
1604 186 1777 218 credideram.

160 235 273 262 cundum
288 234 378 261 Iesum
393 232 535 259 Christum.
551 231 646 259 l'osset
662 233 734 260 enim
754 232 811 260 lleri
836 237 864 260 ut
879 238 902 259 et
922 233 947 259 in
1001 241 1073 261 nunc
1088 234 1171 261 etiam
1186 241 1233 262 eos
1245 234 1292 268 qui
1307 241 1339 261 ex
1356 234 1482 268 gentibus
1496 234 1644 261 adversum
1669 242 1696 261 se
1720 234 1778 261 inri-

161 280 261 307 inalitia
279 279 363 313 aliqui
385 277 553 306 unanimiter
580 278 787 311 consentirem,
810 282 839 306 et
863 286 947 306 unum
999 288 1058 307 cem
1076 280 1266 315 superbientes
1279 285 1357 308 erant
1375 280 1493 308 refrenat
1513 287 1545 307 ac
1561 280 1696 314 reprimit,
1710 280 1779 308 doce-

160 331 285 362 saperent
301 327 326 353 in
344 326 430 361 pejus.
448 326 489 354 Ob
500 326 552 353 hoc
573 335 638 361 ergo
655 327 778 359 addidit,
803 327 947 353 secundum
1001 331 1042 354 ret
1056 334 1108 353 non
1124 333 1184 353 esse
1198 327 1307 361 penitus
1319 326 1479 361 iudicandos
1491 333 1539 354 eos
1554 327 1601 361 qui
1619 327 1646 353 in
1660 326 1724 360 legis
1736 327 1777 353 ob-

157 373 249 401 Jesum
267 373 410 400 Christum.
429 372 480 406 Qui
496 377 585 400 autent
601 373 750 400 secundum
765 372 855 400 Jesum
868 373 948 401 Chri-
999 371 1199 399 servationibus
1225 372 1401 400 demorentur
1421 380 1428 405 ;
1454 372 1678 407 quandoquidem
1710 373 1779 400 etiam

159 424 229 447 stum
245 419 326 453 sapit,
344 418 401 444 siue
417 418 500 445 dubio
515 424 596 444 omne
609 418 680 451 quod
696 419 794 445 bonum
807 423 848 445 est
864 418 946 453 sapit.
999 417 1124 445 Christus
1137 417 1164 444 in
1180 424 1261 445 carne
1275 424 1324 444 sua
1334 416 1553 444 eircumcisionis
1570 418 1697 444 minister
1708 417 1780 444 crsti-

159 464 222 491 Post
239 465 293 490 lucc
310 463 348 490 ait
368 474 374 490 :
393 462 503 497 Propter
523 463 593 498 quod
605 464 728 498 suscipite
744 463 864 497 invicem,
881 464 948 491 sicut
1000 463 1083 490 terit:
1100 462 1158 490 sive
1170 462 1222 489 alio
1241 462 1332 493 modo,
1348 467 1377 488 ut
1392 461 1466 488 illius
1481 461 1701 490 circumcisionis
1715 461 1781 490 (21ιή-

157 517 181 538 et
195 511 314 538 Christus
329 511 441 542 suscepit
459 518 503 536 vos
520 510 548 536 in
560 509 686 536 honorem
700 509 757 537 Dei.
776 509 854 543 Quod
871 509 947 542 dicit,
999 513 1057 536 stus
1073 508 1197 536 minister
1213 507 1269 544 (20)
1288 507 1371 535 fuisse
1386 507 1503 540 dicatur,
1518 509 1552 535 de
1564 515 1619 543 qua
1635 508 1704 535 idem
1717 509 1781 543 Apo-

158 558 281 591 suscipite
293 557 411 589 invicem,
430 556 462 583 ad
485 556 549 583 illud
564 555 736 583 referendum
751 561 792 583 est
805 557 877 591 quod
892 556 947 591 pri-
999 554 1084 582 stolus
1099 554 1200 582 dicit"
1214 563 1221 582 :
1240 553 1301 582 Non
1318 554 1387 581 enim
1404 554 1448 589 qui
1468 554 1496 581 in
1517 554 1664 588 manifesto
1683 554 1782 581 ludus

159 611 202 630 u:o
217 607 395 638 proposuerat
408 602 464 638 (15)
477 623 486 635 ,
502 602 546 630 ubi
562 602 707 630 occasione
728 602 888 630 mundorum
905 602 947 630 vel
996 604 1047 633 est,
1059 608 1140 636 neque
1153 608 1212 635 qua
1227 599 1366 634 manifesta
1377 599 1404 626 in
1414 607 1491 626 carne
1505 603 1545 626 est
1558 599 1783 632 circumcisio,sed

159 648 358 675 immundorttm
373 649 493 675 ciborum
511 647 594 684 674
615 648 723 675 diversa
742 648 891 675 sentientes
912 649 946 675 ab
996 646 1042 681 qui
1055 646 1081 673 in
1089 646 1191 672 occulto
1202 645 1313 673 Judaus
1321 650 1370 676 est.
1386 645 1442 680 (21)
1453 650 1480 672 et
1490 645 1661 673 circumcisio
1670 645 1783 672 carduis

159 694 273 720 invicem
296 694 506 727 discrepabunt;
529 698 556 720 et
582 694 644 720 ait:
665 693 798 727 Suscipite
824 694 945 726 invicem,
998 693 1103 726 spiritu,
1128 701 1178 718 non
1197 692 1303 724 littera,
1329 692 1406 726 cujus
1430 691 1490 718 laus
1513 699 1565 718 non
1587 699 1622 717 ea:
1636 691 1783 721 hominibus,

158 739 224 767 sicut
238 745 261 765 et
273 738 393 766 Christus
405 739 515 773 suscepit
528 747 583 771 vos,
598 739 642 773 qui
658 738 758 766 nullius
775 739 879 766 horruit
896 740 947 765 im-
998 738 1042 764 sed
1055 746 1087 765 ex
1097 737 1150 764 Deo
1158 742 1212 769 est;
1228 742 1253 765 et
1265 737 1413 764 secundum
1423 736 1495 771 quod
1513 736 1586 763 idem
1604 735 1748 771 Apostolus
1759 735 1784 762 in

159 785 306 813 munditias
317 805 325 817 ,
352 792 401 812 nec
418 785 552 819 reputavit
571 785 650 812 alicui
678 785 775 812 delicta
791 793 850 812 sua.
876 785 946 813 Nihil
997 782 1059 809 aliis
1068 781 1151 809 dicit‘
1167 781 1236 817 :(22)
1248 781 1280 808 In
1292 789 1343 816 quo
1356 781 1436 808 etiam
1447 781 1598 807 circumcisi
1610 781 1673 807 estis
1683 782 1785 807 circuiu-

157 837 223 865 ergo
233 829 267 858 de
279 829 448 856 immunditia
461 829 517 864 (l6)
532 829 688 856 animalium
715 829 851 864 iudicetis,
874 830 946 858 sicut
964 858 984 865 κ
996 828 1095 855 cisione
1108 835 1161 855 non
1177 827 1331 861 manufaeta
1347 827 1373 854 in
1388 827 1582 861 exspoliatione
1600 827 1718 861 corporis
1733 834 1783 853 car-

160 883 210 903 nec
227 875 271 902 ille
291 875 477 902 immunditias
490 875 657 902 credentium
672 877 813 910 reputavit.
826 876 944 911 thniin
963 858 984 886 Β
998 875 1054 908 nis,
1072 874 1117 901 sed
1137 875 1164 900 in
1188 873 1386 900 circumcisione
1408 873 1528 906 Christi,
1551 873 1701 908 consepulti
1724 873 1746 900 ei
1759 873 1783 900 in

158 921 346 956 superioribus
368 922 500 949 dixerat:
529 921 580 954 Qui
600 927 688 948 autent
707 923 872 954 manducet,
892 930 944 949 non
1000 921 1140 955 baptismo.
1183 920 1235 947 Per
1267 919 1424 954 huiusmodi
1459 927 1524 955 ergo
1553 919 1783 947 circumcisiouem

158 967 360 994 manducantem
381 975 432 994 non
449 967 574 1001 judicet;
592 967 660 995 Deus
674 968 743 995 enim
758 967 832 994 illum
845 976 946 995 assum-
997 971 1102 993 certum
1126 969 1169 993 est
1196 964 1306 991 Patrum
1329 965 1523 1000 promissiones
1550 972 1612 992 esse
1633 963 1784 998 completa»

158 1012 208 1046 psit
220 1012 243 1028 "
256 1032 264 1045 ,
278 1012 323 1038 hic
342 1012 427 1039 dixit:
446 1011 519 1039 Sicut
544 1011 663 1039 Christus
679 1012 735 1048 (l7)
757 1013 869 1048 suscepit
884 1022 946 1041 vos:
999 1012 1064 1045 Quae
1085 1016 1176 1039 autem
1198 1010 1295 1038 iuerint
1310 1011 1514 1045 promissiones,
1536 1010 1656 1038 subditis
1671 1009 1783 1037 declarat

159 1061 188 1084 ut
203 1057 358 1085 ostenderet
374 1064 457 1084 unum
473 1063 555 1093 atque
569 1059 638 1086 idem
659 1066 720 1087 esse
736 1066 750 1085 a
768 1059 821 1086 Deo
834 1060 945 1094 suscipi,
999 1057 1129 1092 exemplis
1138 1056 1234 1092 Quibus
1243 1057 1322 1084 dicit:
1337 1056 1394 1090 (23)
1406 1055 1548 1092 Propterea
1557 1056 1702 1090 conﬁtebor
1712 1055 1785 1082 tibiis

157 1107 184 1130 et
197 1110 212 1129 a
229 1102 350 1130 Christo.
368 1102 450 1129 Addit
464 1107 555 1129 autem
572 1107 599 1130 et
621 1103 673 1130 hoc
685 1123 693 1136 ,
709 1105 781 1138 quod
799 1104 885 1131 honor
901 1105 946 1132 Dei
998 1103 1129 1137 gentibus,
1158 1106 1183 1130 ct
1208 1102 1309 1129 nomini
1335 1107 1380 1129 tuo
1404 1102 1527 1129 cantabo.
1555 1101 1634 1134 Quod
1657 1108 1690 1128 ex
1707 1101 1784 1135 septi-

157 1148 194 1175 sit
212 1147 312 1182 suscipi
336 1155 349 1174 a
363 1146 482 1175 Christo.
497 1147 571 1181 Quos
582 1148 653 1175 enim
676 1149 792 1184 suscipit
808 1149 945 1182 Christus,
999 1157 1042 1176 tuo
1057 1148 1114 1184 (21)
1135 1148 1240 1176 decimo
1255 1147 1360 1183 psalmo
1382 1148 1488 1175 videtur
1512 1152 1697 1182 assumptum,
1710 1153 1785 1180 pana

158 1193 237 1222 docet
253 1201 300 1221 eos
314 1194 349 1221 ita
363 1201 442 1229 agere
457 1194 567 1228 debere,
581 1199 609 1221 ut
623 1195 739 1223 videntes
754 1196 872 1223 homines
885 1205 946 1232 ope-
999 1195 1188 1221 innnutatioue
1198 1194 1303 1225 habita,
1316 1202 1368 1221 non
1381 1200 1488 1226 sensus,
1504 1193 1553 1220 sed
1568 1199 1736 1220 sermonum.
1753 1191 1785 1218 lbi

158 1249 189 1267 ra
203 1248 296 1268 eorum
308 1240 386 1274 bona,
399 1241 543 1276 gloriﬁcent
560 1241 665 1269 Patrem
678 1250 767 1269 eorum
777 1243 822 1277 qui
834 1243 861 1270 in
877 1243 947 1270 caelis
998 1241 1069 1268 enirn
1082 1241 1145 1267 dicit
1157 1240 1291 1274 Propheta
1305 1250 1310 1267 :
1323 1239 1467 1274 Propterea
1480 1239 1626 1271 conﬁtebor
1636 1238 1683 1265 tibi
1695 1239 1721 1264 in
1731 1245 1787 1273 ger-

157 1291 195 1313 est
209 1287 243 1314 ⁹⁶.
998 1287 1077 1316 tibus.
1094 1286 1215 1318 Domine,
1231 1291 1254 1313 et
1267 1285 1381 1320 psallam
1400 1286 1499 1312 nomini
1513 1290 1560 1312 luo
1572 1286 1595 1312 ί.
1611 1285 1688 1318 Quod
1700 1289 1786 1311 autem

192 1332 219 1360 8.
237 1333 300 1360 Dico
314 1333 381 1360 enim
397 1332 530 1360 Christum
547 1333 696 1360 ministrum
709 1333 792 1368 fuisse
806 1334 946 1362 circumei—
998 1332 1035 1359 ait
1048 1341 1054 1358 :
1072 1331 1223 1363 La-tamini,
1234 1337 1334 1365 gentes,
1345 1339 1404 1358 cum
1418 1331 1515 1366 popqu
1527 1330 1598 1364 ejus,
1611 1330 1717 1357 eisdem
1729 1336 1786 1357 ver-

155 1379 237 1406 sionis
253 1385 358 1414 propter
372 1381 504 1407 veritatem
518 1379 576 1412 Dei,
590 1380 625 1406 ad
643 1380 818 1407 stabiliendus
831 1381 946 1415 promis-
998 1379 1040 1406 his
1053 1379 1078 1405 in
1094 1378 1297 1406 Deuteronomii
1312 1378 1422 1405 cantico
1432 1377 1565 1412 scriptum
1577 1377 1637 1404 est'
1651 1386 1658 1403 :
1673 1375 1787 1403 Laudato

156 1425 244 1451 siones
256 1423 379 1452 Patrum.
404 1424 497 1452 Gentes
509 1431 595 1452 autem
609 1434 656 1460 pro
672 1426 852 1453 misericordia
863 1427 947 1454 Isona-
999 1431 1063 1452 vero
1089 1424 1247 1458 Dominum,
1263 1432 1351 1451 omnes
1372 1429 1473 1458 gentes,
1489 1429 1512 1450 et
1538 1423 1706 1458 magni/icon
1719 1430 1786 1455 eum,

157 1478 217 1497 rare
229 1470 284 1505 (l8)
301 1471 393 1504 Deum,
405 1471 471 1498 sicut
488 1471 612 1505 scriptum
628 1477 665 1498 est
679 1480 688 1499 :
708 1471 850 1503 Propterea
863 1473 947 1507 conﬁ-
999 1477 1087 1496 omnes
1100 1470 1201 1504 populi,
1212 1470 1238 1497 in
1255 1469 1404 1497 centesimo
1420 1474 1498 1496 sexto
1512 1469 1618 1496 decimo
1633 1467 1788 1503 psalmole-

157 1515 229 1542 tsbor
243 1516 290 1543 tibi
312 1516 338 1543 in
354 1517 472 1551 gentibus
484 1537 491 1547 ,
505 1521 528 1543 et
550 1517 577 1543 in
594 1518 698 1544 nomine
714 1523 759 1545 tuo
774 1518 898 1545 cantabo.
910 1518 945 1545 Et
960 1537 982 1566 α
999 1517 1089 1550 gitur;
1107 1520 1212 1543 tantum
1224 1520 1266 1543 est
1283 1515 1353 1550 quod
1370 1515 1406 1542 ibi
1425 1523 1474 1550 pro
1492 1515 1673 1550 magni/icate,
1685 1515 1786 1542 collau—

156 1561 251 1588 iterum
265 1562 328 1588 dicit
339 1569 350 1588 :
368 1561 517 1593 Lsetamini,
531 1566 631 1596 gentes,
644 1570 702 1589 cum
718 1563 814 1598 popqu
828 1563 896 1598 ejus.
911 1563 945 1591 Et
963 1561 982 1566 '
999 1562 1062 1590 date
1084 1563 1202 1598 positum
1225 1566 1276 1590 est.
1301 1561 1432 1589 Ultimum
1459 1568 1526 1589 vero
1553 1561 1710 1596 exemplum
1734 1561 1788 1595 ipse

155 1607 250 1632 iterum
263 1613 272 1632 :
285 1605 406 1634 Laudate
419 1607 572 1640 Dominum,
591 1616 679 1635 onmes
695 1614 792 1643 gentes,
808 1614 831 1636 et
844 1611 947 1644 magni-
999 1610 1098 1648 Paulus
1112 1611 1144 1638 de
1160 1609 1228 1637 Isaia
1246 1609 1312 1637 dicit
1324 1616 1385 1637 esse
1399 1614 1580 1644 assumptum,
1598 1608 1624 1635 in
1638 1608 1720 1643 cuius
1732 1615 1789 1636 cor-

155 1650 232 1686 ﬂcate
246 1661 304 1680 eum
317 1673 325 1686 ,
343 1661 432 1680 omnes
448 1654 548 1688 populi.
571 1652 605 1680 Et
620 1653 707 1681 Isaias
733 1662 835 1682 rursum
859 1656 945 1683 dicit:
999 1664 1063 1692 pore
1079 1656 1117 1684 ita
1131 1656 1262 1691 scriptum
1276 1660 1317 1683 est
1333 1654 1391 1691 (25)
1404 1664 1411 1683 ε
1427 1653 1460 1681 Et
1479 1654 1530 1681 erit
1549 1655 1578 1681 in
1591 1654 1635 1681 die
1649 1654 1697 1680 illa
1715 1654 1791 1681 radix

158 1697 215 1725 Erit
231 1699 309 1726 rudia:
320 1699 405 1734 Iesse,
427 1705 450 1727 et
463 1700 508 1735 qui
519 1705 640 1735 exsurget
654 1708 742 1736 regere
756 1705 856 1736 gentes,
873 1703 899 1729 in
915 1709 945 1729 eo
999 1701 1073 1730 Iesse
1082 1710 1092 1735 ;
1102 1707 1125 1729 st
1138 1702 1184 1738 qui
1198 1707 1318 1737 exsurget
1333 1709 1422 1736 regere
1433 1706 1533 1736 gentes.
1548 1701 1577 1727 in
1590 1707 1621 1727 eo
1634 1705 1726 1735 gentes
1737 1707 1791 1734 spe-

154 1750 242 1779 gcntcs
257 1746 397 1779 sperabunt
407 1745 440 1775 ".
456 1746 598 1781 Quomodo
611 1745 739 1774 Christus
749 1746 875 1775 minister
886 1747 944 1775 τυθ-
997 1748 1104 1775 rabunt.
1120 1745 1155 1774 Et
1168 1747 1217 1775 erit
1235 1747 1334 1781 requies
1352 1746 1410 1782 ejus
1426 1746 1510 1773 honor
1523 1746 1544 1774 ⁸.
1565 1745 1683 1773 Omissis
1699 1750 1789 1772 autem

156 1789 191 1816 rit
204 1789 421 1818 circumeislonis
435 1791 469 1818 ad
484 1791 661 1819 stabiliendas
677 1790 872 1826 promis-siones
892 1789 944 1817 l’a-
998 1793 1023 1820 iu
1038 1793 1124 1828 primo
1138 1793 1247 1828 quidem
1261 1793 1367 1820 duobus
1381 1793 1567 1824 sermonibus.
1589 1792 1617 1820 id
1629 1797 1689 1825 est.
1708 1792 1737 1819 ἰιι
1750 1793 1791 1819 die

157 1840 238 1868 trmn,
249 1835 348 1871 duplici
361 1835 440 1863 modo
453 1836 565 1871 intelligi
574 1840 673 1871 potest.
687 1835 752 1863 Sive
766 1843 816 1871 pro
827 1843 860 1863 eo
871 1835 942 1870 quod
996 1839 1062 1872 illa;
1076 1843 1103 1866 et
1117 1840 1145 1866 lu
1158 1839 1270 1873 ultimis,
1284 1844 1307 1866 et
1321 1838 1372 1866 erit
1385 1839 1486 1874 requies
1501 1839 1559 1874 ejus
1575 1838 1672 1870 honor,
1691 1843 1788 1866 extera

153 1881 389 1910 circumcisionem
405 1883 433 1909 in
445 1889 527 1910 carne
539 1890 588 1910 sua
602 1883 659 1918 ipse
671 1883 802 1918 suscepit,
811 1887 840 1910 ut
855 1883 942 1910 maui-
995 1884 1096 1912 eisdem
1108 1885 1201 1913 verbis
1215 1884 1306 1919 posuit
1318 1885 1417 1920 quibus
1429 1885 1606 1919 Septuaginta
1623 1884 1790 1919 lnterpretes

154 1926 300 1955 lectissime
315 1933 474 1956 nosceretur
490 1929 610 1964 quodex
625 1929 727 1957 semine
739 1929 876 1956 Abraham
895 1937 942 1957 ve-
996 1930 1147 1958 edidernnt.
1175 1931 1253 1959 Unde
1276 1930 1416 1959 sciendum
1443 1935 1485 1959 est
1508 1931 1582 1966 quod
1611 1931 1640 1958 in
1661 1930 1789 1959 otnnihas

154 1974 243 2007 nieus,
255 1975 298 2001 cui
316 1975 477 2010 promiserat
493 1975 564 2003 Deus
575 1976 647 2010 quod
663 1975 691 2003 in
710 1975 815 2003 sctuinc
830 1982 879 2002 suo
893 1974 941 2002 he-
996 1984 1064 2011 pene
1078 1977 1222 2013 Apostolus
1235 1977 1379 2005 editionem
1403 1976 1584 2011 Septuaginta
1605 1975 1787 2009 lnlel'lﬂ‘e‘m"

153 2019 343 2048 nedicerentur
359 2020 415 2055 (19)
430 2027 528 2049 omnes
542 2026 638 2056 gentes
651 2021 684 2052 ".
696 2021 847 2056 compleret
858 2022 883 2048 in
897 2029 942 2049 se-
996 2027 1079 2057 tenet,
1089 2023 1139 2051 nisi
1153 2023 1174 2051 si
1188 2030 1241 2058 qua
1253 2023 1323 2050 forte
1332 2023 1357 2051 ei
1370 2030 1451 2058 quam
1468 2023 1632 2057 exsequitur
1644 2021 1787 2050 assertum

153 2067 267 2101 metipso
279 2074 338 2102 qum
351 2067 476 2095 Patribus
490 2067 597 2096 fuerant
613 2067 775 2102 repromissa
789 2077 795 2094 :
814 2072 879 2095 etut
893 2075 941 2103 per
996 2070 1084 2097 niiuus
1098 2070 1251 2097 necessaria
1268 2069 1396 2097 videntur
1408 2068 1478 2104 (26),
1502 2073 1551 2095 aut
1570 2067 1593 2095 si
1610 2067 1724 2102 quando
1736 2074 1787 2094 non

153 2112 214 2146 hoc,
227 2113 375 2141 secundum
389 2114 558 2148 propositum
573 2113 656 2142 totius
669 2113 794 2148 Epistolzc
805 2115 940 2147 ordinem,
996 2120 1050 2142 tam
1067 2115 1158 2142 verbis
1176 2114 1367 2149 luterpretum,
1387 2122 1470 2148 quam
1492 2113 1622 2141 sensibus
1637 2112 1788 2148 Scriptura

186 2168 210 2185 "
224 2168 303 2195 lloui.
323 2177 376 2200 xlv.
397 2170 423 2197 3.
463 2169 487 2185 “
506 2169 599 2197 Matth.
617 2177 649 2200 γ,
677 2168 719 2195 lli.
757 2169 782 2204 "7
796 2168 940 2204 lion-.rxv,
964 2170 981 2196 8
997 2178 1037 2204 sq.
1076 2171 1099 2186 ’κ
1116 2171 1266 2203 Gemuit,
1294 2170 1337 2198 18.
1372 2170 1395 2186 ’³
1409 2169 1489 2198 Rom.
1505 2177 1543 2201 tt,
1569 2169 1618 2197 28.
1659 2167 1784 2195 ‘Coloss.

151 2210 190 2236 ll,
208 2203 250 2230 11.
290 2205 300 2221 ⁸
316 2204 387 2232 Psal.
405 2204 526 2237 xvu,50.
561 2204 571 2220 ³
584 2204 660 2231 Deut.
675 2203 816 2235 sxxtt,45.
853 2203 863 2219 "
880 2203 930 2231 ls-l.
946 2213 983 2236 xi,
999 2206 1042 2233 l0.

185 2258 242 2294 (15)
257 2256 306 2286 ΜΒ.
322 2268 405 2293 unus,
423 2265 557 2295 posuerat.
576 2259 629 2286 Sed
645 2258 736 2287 caeteri
753 2265 831 2290 mss,
850 2257 935 2285 llabu-
955 2261 975 2288 D
991 2259 1040 2286 teri
1059 2267 1122 2286 veru
1137 2267 1202 2286 mss.
1221 2264 1248 2287 et
1263 2259 1340 2292 editi,
1355 2264 1381 2287 et
1396 2259 1601 2286 circumcisione
1621 2259 1711 2286 cordis
1729 2265 1786 2294 qu

151 2301 201 2330 nus
214 2300 240 2321 et
254 2295 319 2322 editi
333 2294 514 2330 proposuerat.
692 2329 705 2330 η
723 2329 727 2330 ν
992 2294 1051 2330 (aL.
1067 2294 1123 2330 qtti)
1135 2295 1240 2328 spiritu,
1256 2301 1308 2322 etc.

186 2328 243 2398 (16)
262 2330 342 2362 Editi,
362 2327 438 2357 Nihil
450 2330 517 2357 enim
532 2329 564 2356 tle
578 2329 757 2358 immunditia,
773 2333 827 2357 etc.
997 2327 1001 2330 ’
1026 2327 1083 2365 (⁸22)
1100 2327 1184 2362 Editi,
1204 2331 1248 2356 sed
1266 2331 1294 2357 in
1317 2329 1517 2357 circumcisione
1536 2330 1656 2363 corporis
1673 2327 1785 2361 Christi,

200 2364 242 2397 l7)
255 2365 317 2391 Mss.
330 2365 461 2398 plerique,
476 2364 601 2391 Rabauus
613 2370 636 2391 et
654 2364 780 2394 editi,hic
793 2363 861 2390 dixit
874 2362 935 2398 (aL,
989 2365 1134 2398 conseputti
1145 2366 1170 2392 ei
1185 2365 1212 2391 in
1226 2365 1396 2398 baptismum.

200 2364 242 2400 l7)
255 2365 317 2391 Mss.
330 2365 461 2400 plerique,
476 2364 601 2391 Rabauus
613 2370 636 2400 ct
654 2364 780 2394 editi,hic
793 2363 861 2400 dixit
874 2362 935 2398 (aL,
989 2362 1134 2398 conseputti
1145 2366 1170 2392 ei
1185 2365 1212 2391 in
1226 2365 1396 2399 baptismum.

151 2399 227 2433 dicit)
248 2402 310 2435 quia
330 2398 450 2426 Christus
464 2420 471 2430 .
492 2404 545 2426 etc.
572 2399 626 2435 Sed
644 2399 743 2435 rectius
767 2406 817 2425 ms.
837 2398 936 2433 ltegius
1026 2400 1082 2435 (25)
1102 2400 1148 2427 Sic
1163 2407 1227 2426 mss.
1243 2401 1353 2428 codices
1370 2400 1478 2432 nostri;
1494 2399 1561 2435 editi
1581 2406 1667 2435 rem,
1689 2398 1783 2432 quibus

151 2442 224 2461 num.
243 2434 312 2462 1639
326 2440 353 2461 ιιι
368 2436 393 2462 in
410 2440 502 2462 nostro
515 2439 599 2470 textu.
617 2434 717 2470 Deinde
734 2441 797 2460 mss.
814 2435 934 2466 quidam,
989 2434 1053 2462 dicit
1068 2443 1076 2461 :
1099 2439 1187 2470 gentes
1216 2442 1305 2462 autem
1329 2442 1407 2470 super
1436 2434 1619 2462 misericordia
1655 2434 1786 2460 honorare

149 2469 231 2504 Addit
245 2475 268 2496 et
285 2470 344 2503 hoc,
359 2475 384 2496 ut
401 2471 485 2497 honor
503 2470 535 2496 sit
553 2469 611 2500 Dei,
629 2474 681 2496 etc.
701 2468 754 2495 Sed
774 2469 934 2504 tttcliusttts.
991 2470 1083 2502 Deum,
1098 2468 1165 2496 sicut
1178 2470 1308 2504 scriptum
1322 2468 1370 2497 est.
1385 2468 1543 2501 Propterea,
1560 2473 1615 2496 etc.

150 2503 250 2542 Regius
265 2513 340 2532 num.
365 2505 433 2532 1659
450 2509 483 2542 et
508 2505 650 2542 Bahanus
665 2509 695 2531 ut
718 2504 744 2531 in
762 2508 846 2531 textu.
862 2503 935 2531 Editi
996 2540 1002 2542 Α
1024 2505 1081 2542 (es)
1097 2505 1167 2532 Editi
1179 2525 1186 2537 ,
1211 2502 1302 2533 octavo
1319 2513 1329 2538 ;
1344 2511 1422 2538 mss.,
1436 2504 1548 2538 septimo
1559 2523 1567 2537 ,
1591 2509 1621 2531 et
1637 2509 1714 2531 recte
1727 2502 1786 2538 qui-

151 2540 280 2565 otnittunt
295 2545 393 2570 autem.
409 2540 456 2567 sed
471 2540 571 2567 habent
582 2540 650 2574 quod
665 2546 713 2573 pro
728 2543 767 2566 ut.
987 2540 1059 2568 dem.

185 2574 242 2610 (18)
253 2573 348 2612 Getites
361 2579 448 2601 autent
459 2583 505 2609 pro
518 2572 699 2612 misericordia
710 2574 854 2612 honorare.
866 2578 932 2612 etc...
1022 2575 1079 2612 (25)
1097 2574 1225 2603 Ultimum
1239 2583 1298 2603 imo
1313 2574 1460 2612 sumptum
1473 2574 1529 2609 ipse
1544 2572 1651 2612 Paulus
1663 2572 1785 2612 defui:

149 2616 234 2643 usque
254 2610 308 2640 ad,
324 2610 351 2636 in
370 2617 400 2636 eo
422 2615 507 2644 gentes
529 2610 666 2644 sperabunt
679 2630 686 2642 ,
702 2609 892 2636 desiderantur
908 2609 933 2636 iu
986 2609 1049 2638 dicit
1064 2609 1118 2638 esse
1135 2617 1298 2645 assumptum
1309 2630 1318 2644 ,
1336 2611 1363 2636 in
1375 2610 1453 2644 cujus
1475 2617 1588 2643 corpore
1601 2610 1643 2636 ita
1657 2609 1785 2645 scriptum

149 2650 227 2680 antea
243 2645 334 2677 editis,
352 2649 378 2671 et
395 2643 574 2671 restituuntur
588 2652 619 2673 ex
639 2652 716 2677 ωδε..
732 2652 847 2679 quorum
866 2651 935 2671 unus
988 2651 1037 2673 est.
1054 2645 1082 2673 In
1099 2647 1179 2674 editis
1193 2643 1251 2673 huic
1271 2643 1455 2680 prastermissa
1476 2648 1541 2672 sunt
1554 2665 1563 2678 ,
1581 2652 1701 2679 quorum
1729 2643 1786 2680 loco

150 2679 240 2716 hall“!
255 2680 351 2716 '2'???"
365 2686 415 2716 β’ῖο
430 2680 457 2716 in
471 2687 512 2706 ⁸ο-
526 2714 531 2716 _
645 2714 649 2716 _
989 2681 1087 2716 legitur
1098 2702 1106 2716 ,
1124 2681 1160 2708 Et
1182 2678 1281 2708 rursus
1296 2680 1385 2708 Isaias
1402 2680 1439 2706 ait
1453 2686 1462 2706 :
1480 2680 1516 2706 Et
1540 2678 1596 2707 erit
1612 2680 1641 2706 in
1667 2680 1712 2706 slis
1727 2678 1784 2709 illa,

197 2714 241 2747 l9)
258 2714 340 2746 Etliti,
352 2715 414 2749 quia
429 2715 455 2741 in
469 2714 564 2741 semine
581 2719 625 2741 tuo
641 2714 836 2746 benedicentur,
853 2718 905 2740 etc.
988 2714 1040 2744 etc.

195 2749 240 2787 20)
257 2749 394 2787 Expulerit
408 2756 417 2787 ς
435 2749 487 2787 sive
501 2749 554 2787 al_i_o
569 2749 656 2781 modo,
668 2754 695 2775 ut
708 2749 779 2787 illius
795 2748 934 2787 circumei—
1023 2751 1079 2787 (26)
1105 2751 1150 2779 Sic
1176 2758 1226 2778 ms.
1249 2749 1454 2787 inegiusAnum.
1483 2750 1567 2787 l639.
1596 2749 1708 2787 Galeri
1725 2753 1785 2787 vero

147 2782 510 2845 SenisCltristgsminister.
525 2784 587 2812 Haec
599 2785 842 2819 praetermittuutur
858 2783 884 2810 in
902 2783 934 2810 li-
987 2782 1054 2845 pass.
1070 2782 1099 2814 et
1112 2787 1188 2820 editi,
1204 2786 1254 2813 nisi
1277 2782 1340 2821 quia
1358 2785 1444 2821 forte.
1456 2805 1463 2812 .
1475 2806 1482 2813 .
1500 2786 1626 2820 videtur,
1642 2784 1710 2814 editi
1723 2803 1733 2818 ,
1746 2782 1784 2810 Ii-

168 2826 204 2845 ns
218 2824 296 2845 :tttleu
313 2827 328 2845 e
349 2825 403 2845 Ilts.
1005 2827 1092 2845 untur.

168 2819 204 2846 ris
218 2824 296 2846 antea
313 2819 403 2847 editis.
987 2822 1092 2849 dentur.

183 2854 240 2891 (21)
256 2855 301 2883 Sic
317 2862 369 2884 ms.
384 2854 483 2891 Regius
499 2863 573 2882 num.
588 2853 657 2882 l639
675 2858 702 2881 et
719 2852 856 2881 Rsbanus.
875 2852 934 2881 Cae-
