1852 3053
38 117 107 144 ηδε

513 119 693 149 (ΞΟΜΜΕΝΤ.
714 121 746 148 IN
767 120 878 149 EPIST.
899 121 944 148 Al)
964 122 1048 152 ROM.
1069 122 1133 149 LIB.
1157 123 1189 150 Χ.

1599 123 1668 150 lilii}

38 178 73 202 utl
90 174 145 201 vult
160 182 208 201 sua
226 174 412 203 enuntiatione
428 176 551 210 prolatis.
569 177 646 204 Hunc
662 182 752 205 autem
765 186 824 206 ser-
840 181 862 209 Α
877 179 1017 207 soriantur
1031 187 1092 206 cum
1111 188 1139 207 se
1162 179 1365 206 ctncmlavcrint
1389 179 1422 206 ah
1437 180 1510 207 omni
1536 180 1663 215 inquina-

38 227 141 247 monem
158 219 191 247 de
206 220 297 247 radice
312 219 387 248 lesse
403 221 500 250 melius
516 222 626 257 quidem
648 223 674 251 in
693 224 821 259 explana-

38 267 109 293 tione
125 266 210 299 ipsius
228 267 366 301 propheta:
379 266 454 295 Isaia:
469 268 556 296 visum
571 275 613 297 est
624 269 732 298 disseri.
750 271 781 298 Et
795 271 820 299 in

38 310 160 346 praesenti
176 314 265 338 tamen
279 311 337 338 loco
350 311 452 339 dicetur
466 313 538 348 (27),
549 315 675 348 quoniam
685 314 762 342 Jcsse
778 316 820 342 in-

38 362 202 392 terpretatur
217 357 243 385 in
263 362 355 385 nostra
373 358 463 393 lingua
476 380 483 393 ,
507 365 545 387 est
567 361 642 388 mihi.
659 360 686 388 ln
704 362 820 390 adventu

38 402 204 437 ergotihristi
219 402 359 438 omnisqui
372 404 818 438 crediditei,convenienterdixit:

38 447 81 474 Est
101 448 174 474 mihi.
188 446 236 476 Ille
250 449 322 476 enim
334 469 341 481 ,
358 449 393 477 de
406 457 460 484 quo
482 450 586 486 Moyses
601 452 670 479 dixit
684 452 707 485 ',
721 452 766 488 qui
781 457 820 480 est

38 493 103 519 misit
111 492 193 528 375
204 501 243 520 me
253 493 287 520 ad
298 502 352 527 vos,
366 495 423 530 ipse
434 500 475 523 est
486 497 563 530 mihi,
574 497 625 525 hoc
634 502 685 531 est,
695 498 722 525 in
733 498 820 533 ipsum

38 538 115 565 credo
129 539 175 573 qui
191 543 246 571 est,
260 547 313 566 non
329 539 374 574 qui
397 547 430 568 ex
446 541 531 569 nihilo
547 542 637 571 factus
650 548 702 575 est,
726 549 755 570 ut
771 544 820 571 im-

38 583 84 616 piis
98 583 186 618 placet
201 583 271 619 (ΞΒ),
289 585 335 611 sed
351 586 398 620 qui
420 591 475 619 est,
498 592 526 614 et
541 596 648 623 semper
662 594 715 623 est,
729 594 756 617 ct
770 590 821 617 hoc

38 630 55 657 ei
73 636 170 657 nomen
193 633 297 657 est:et
315 630 372 665 ipse
388 636 432 659 cst
457 632 503 667 qui
529 635 649 661 surrexit
670 642 703 662 ex
728 635 821 663 radice

38 673 117 706 Iesse,
131 679 159 702 et
173 674 199 702 in
215 674 275 710 ipso
290 679 383 710 gentes
397 677 554 712 sperabunt.
572 677 625 706 Pro
645 687 699 714 qua
716 679 821 707 miscri-

38 721 133 754 :ordia,
145 728 227 754 quam
238 722 273 749 ab
288 729 320 749 eo
332 723 471 750 consecuti
485 728 558 756 sunt,
574 730 602 751 ut
615 725 637 752 is
650 726 696 760 qui
714 734 822 761 semper

38 769 90 793 arat
106 771 266 794 nasceretur
280 774 312 795 ex
330 768 421 795 radice
437 768 515 796 Iesse
536 770 568 797 ad
593 770 709 799 salutem
734 773 820 806 genti—

38 818 80 838 ms
91 811 221 844 dandam,
235 820 284 847 pro
298 813 363 847 hac,
384 814 505 849 inquam,
521 815 575 843 sibi
590 817 688 844 collata
706 818 820 846 miseri-

38 856 122 884 :ordia
139 861 231 892 gentes
248 858 385 886 honorant
399 864 427 887 et
444 861 619 896 magnificam
636 863 730 891 Deum.

63 902 90 929 9.
104 902 176 930 Deus
190 909 276 931 autem
289 905 343 939 spei
360 905 458 939 repleat
470 914 513 934 vos
524 908 595 935 omni
609 909 707 943 gaudio
719 914 742 937 et
755 919 821 945 pace

40 954 55 972 η
70 948 212 980 credendo,
233 953 262 976 ut
283 949 422 977 abundetis
440 952 468 978 in
485 960 531 986 spe
548 957 573 980 et
589 953 685 982 virtute
704 954 820 989 Spiritus

38 994 113 1020 iuncti
119 994 138 1021 ⁸⁸.
145 993 195 1028 Qui
213 995 338 1030 superius
352 996 459 1024 dixerat
474 998 546 1033 quod
562 999 588 1027 in
603 999 673 1027 lsaia
688 1002 816 1036 scriptum

38 1042 88 1065 :st:
108 1038 141 1065 Et
155 1039 183 1066 in
205 1048 236 1067 so
257 1045 346 1075 gentes
369 1042 527 1076 sperabunt'
551 1049 692 1080 gratanter
707 1047 818 1081 adjecit,

38 1083 101 1111 Deus
125 1090 213 1112 autem
235 1087 289 1120 spei
296 1095 307 1119 ,-
331 1091 362 1114 ut
383 1088 406 1115 si
435 1089 567 1124 scriptum
589 1091 695 1127 fuisset,
716 1094 744 1121 in
763 1094 820 1128 ipso

38 1134 116 1161 tentes
139 1131 262 1165 credent,
288 1133 435 1168 adjecisset
453 1135 511 1162 sine
527 1135 619 1171 dubio,
641 1138 710 1166 Deus
731 1145 818 1167 autem

38 1175 104 1208 idei,
118 1181 147 1203 ut
161 1183 232 1204 nunc
249 1184 264 1204 a
278 1180 412 1213 sperando
427 1185 523 1215 gentes
537 1182 621 1211 Deum
636 1184 694 1219 spei
710 1185 819 1214 invocat

38 1229 110 1256 iuper
125 1230 172 1250 eos
189 1223 234 1258 qui
256 1231 368 1259 sperant
390 1226 416 1254 in
437 1235 513 1260 eum,
529 1236 544 1255 a
567 1236 620 1264 quo
641 1231 682 1258 eis
707 1232 819 1259 benedi-

38 1267 124 1294 :tionis
139 1276 237 1296 munus
247 1275 374 1304 precatur
386 1273 546 1307 augeri.l:‘.st
560 1279 651 1302 autem
666 1276 819 1305 benedictio

38 1311 181 1346 tujusmodi
199 1323 205 1341 ι
223 1315 255 1343 Ut
280 1317 437 1352 repleantur
460 1320 532 1347 omni
558 1321 668 1354 gaudio,
689 1327 717 1349 et
741 1323 815 1348 omni

38 1367 103 1387 tace.
122 1360 255 1389 Similiter
271 1368 363 1392 autem
379 1369 407 1392 et
426 1364 560 1401 Propheta
580 1367 606 1394 in
624 1367 740 1402 quodam
756 1368 817 1395 loco

38 1406 113 1434 licit:
131 1407 164 1434 Et
184 1409 233 1435 erit
256 1410 283 1436 in
307 1410 398 1438 diebus
422 1411 478 1446 ejus
498 1412 606 1447 justltia
628 1419 652 1440 et
673 1413 816 1441 multitudo

38 1453 107 1485 iacis,
129 1461 261 1489 usquequo
283 1457 423 1490 auferatur
437 1457 532 1488 luna".
555 1458 609 1487 Sed
627 1460 690 1495 quia
712 1461 769 1488 huic
783 1462 816 1488 de

38 1497 136 1526 Ihristo
150 1500 287 1533 dicuntur,
307 1502 332 1529 iu
349 1502 394 1530 illo
406 1510 479 1532 recte
501 1513 645 1539 possumus
663 1507 815 1536 multitudi-

38 1552 85 1571 Iem
104 1546 179 1579 pacis
197 1545 352 1580 advertere,
367 1557 417 1583 pro
437 1558 470 1577 eo
495 1553 567 1586 quod
593 1553 747 1587 pacificavit
766 1563 815 1590 per

39 1590 184 1624 anguinem
198 1593 289 1621 crucis
300 1601 354 1621 suae
368 1603 421 1622 non
437 1596 523 1623 solum
537 1606 597 1632 quae
610 1599 636 1626 in
651 1605 723 1627 terra
741 1606 814 1633 sunt,

38 1633 68 1660 ad
86 1634 168 1661 etiam
185 1643 244 1670 qua:
267 1637 293 1664 in
311 1638 390 1666 caelis
406 1642 497 1668 sunt”.
517 1641 545 1668 In
569 1644 697 1671 omnibus
723 1650 814 1673 autem

38 1680 158 1707 ‘uomodo
198 1682 284 1715 possit
324 1683 429 1718 impleri
457 1685 513 1721 (29)
537 1687 588 1715 hoc
615 1689 687 1723 quod
718 1697 814 1724 preca~

38 1732 66 1751 nr
80 1726 237 1761 Apostolus,
261 1733 289 1755 ut
308 1730 462 1764 repleantur
479 1733 553 1760 omtti
572 1734 672 1768 gaudio
688 1740 714 1763 et
739 1737 812 1764 omni

40 1778 98 1802 ace,
121 1771 229 1801 difficile
251 1775 316 1802 mihi
343 1775 451 1804 videtur
472 1779 583 1813 exponi,
607 1780 725 1809 maxime
749 1790 811 1810 cmn

38 1817 101 1862 tiam
117 1817 174 1852 ipse
186 1819 333 1853 Apostolus
349 1821 375 1848 in
395 1822 437 1850 his
458 1831 519 1858 quae
543 1832 592 1859 per
616 1826 733 1861 gratiam
751 1827 812 1862 Spi-

38 1860 88 1889 itus
107 1869 271 1892 consecutus
286 1869 338 1897 est,
355 1873 387 1894 ex
405 1874 482 1902 parte
499 1877 529 1897 se
541 1860 708 1905 dicatiscire,
724 1877 751 1901 et
772 1860 810 1901 cx

38 1915 95 1937 arte
112 1910 315 1945 prophetare“.
336 1913 388 1942 Sed
405 1923 457 1951 ego
473 1921 538 1951 puto
564 1917 589 1944 in
612 1925 644 1945 eo
659 1926 739 1954 posse
762 1919 810 1946 ha-

38 1962 82 1982 ere
95 1956 238 1984 credentes
252 1957 446 1993 plenitudinem
462 1962 538 1996 pacis
553 1963 620 1998 (50),
634 1971 696 1990 cum
711 1972 809 1992 recon-

38 2000 147 2028 iliantnr
164 2001 218 2030 Deo
240 2003 314 2032 Patri
332 2013 379 2040 per
403 2007 494 2039 fidem,
520 2010 669 2036 secundant
694 2011 808 2038 ret-bunt

39 2047 92 2074 auli
109 2047 226 2076 dicentis
242 2057 248 2076 :
266 2049 396 2086 Rogamus
412 2061 459 2087 pro
471 2053 588 2085 Christo.
600 2056 809 2083 reconciliantini

38 2096 72 2119 ’eo
86 2092 118 2125 ";
138 2097 166 2120 et
181 2101 241 2121 cum
257 2095 283 2122 in
299 2104 394 2131 pacem
411 2098 588 2135 redeunt(5l)
599 2108 661 2127 cum
674 2100 745 2129 Filio
760 2101 808 2129 Dei

38 2144 66 2165 er
86 2139 247 2173 sanguinem
262 2142 351 2169 crucis
365 2142 433 2177 ejus,
455 2149 483 2172 et
499 2152 560 2172 cum
578 2151 674 2174 sancto
693 2147 806 2182 Spiritui

50 2184 61 2199 ⁵
77 2183 220 2227 Εκριι.ηιιι.
237 2185 281 2213 Η.
299 2188 510 2227 ξμοιητγιξΛδ.
547 2191 557 2206 ⁷
574 2191 640 2220 ibid.
656 2192 704 2226 li;
721 2193 772 2221 lsa.
785 2201 823 2226 St,
838 2193 880 2221 l0.
919 2193 930 2209 '
944 2192 1014 2221 Psal.
1028 2202 1104 2227 uxr,
1131 2183 1157 2223 7:

391 2225 412 2240 ¹²
425 2224 502 2252 Rom.
533 2233 577 2258 xv,
594 2227 636 2254 Μ.
677 2224 774 2256 "ibid.
790 2224 834 2256 t5.

38 2237 41 2244 .
80 2219 101 2234 “
127 2219 147 2245 Il
162 2219 225 2247 Cor.
251 2230 276 2254 ν,
302 2222 347 2250 20.

49 2254 117 2281 ibid.
138 2254 183 2281 15.

48 2299 106 2339 (27)
122 2298 160 2326 lta
179 2308 230 2328 ms.
251 2301 352 2339 Regius
366 2311 440 2339 num.
459 2304 527 2332 l659
540 2309 567 2333 et
583 2305 726 2335 Rabanns.
747 2308 805 2335 Car-
821 2310 843 2338 D

41 2337 62 2361 ri
74 2342 143 2375 vero
158 2343 223 2375 msls.
233 2337 349 2375 etediti,
362 2338 444 2375 visunt
458 2344 497 2367 est
511 2341 676 2369 disseruisse.
690 2342 722 2369 lu
736 2351 805 2375 prte-

41 2369 182 2412 ntiutainen
195 2370 478 2412 ('etli.ti,tautum)__lpca
488 2375 596 2412 dicitur,
605 2381 660 2404 etc.
672 2369 804 2412 Origenes

38 2404 107 2444 Μιιίι.
123 2404 141 2431 5
154 2405 182 2444 ιη
197 2405 310 2444 [παίωνι.
324 2404 448 2444 ιριηέιιι.
461 2417 487 2443 p.
501 2410 563 2444 llo,
574 2404 607 2439 de
621 2413 712 2440 radice
720 2404 803 2441 "esse

40 2440 100 2466 sius
117 2439 227 2474 quidem
243 2441 373 2474 disserit;
390 2444 436 2471 sed
448 2439 502 2472 n'on
519 2446 546 2472 in
557 2439 633 2473 hunc
649 2439 804 2476 lsaiieicon;

41 2479 129 2512 xtutn,
143 2482 223 2508 quem
245 2476 353 2504 videtur
368 2478 577 2508 Commentariis
600 2482 657 2509 suis
679 2482 705 2509 in
729 2483 802 2512 hunc

38 2509 173 2543 'ophctam
199 2512 370 2545 explanasse.
398 2512 450 2541 Sed
478 2514 535 2542 haec
567 2517 646 2543 modo
673 2509 799 2546 non-"ei:

38 2549 96 2571 Mil.

46 2579 104 2614 (28)
118 2578 164 2617 Si_e
178 2588 229 2607 ms.
244 2580 345 2617 Regius
360 2591 433 2611 num.
449 2584 518 2613 I639
530 2590 557 2613 et
571 2585 709 2616 Rabanus.
726 2588 797 2617 Editi

38 2622 85 2655 :ro,
101 2615 149 2649 qui
169 2623 219 2655 nou
235 2625 267 2643 ea:
282 2615 374 2650 nihilo,
395 2625 421 2645 ut
441 2620 529 2654 impiis
547 2622 643 2655 placet,
660 2615 714 2650 etc.
732 2615 796 2652 Mss.

38 2649 190 2694 Iidant,‘qui
208 2657 256 2684 est,
274 2660 325 2679 non
341 2661 374 2680 ea:
397 2649 581 2690 niltilo'fact'us
595 2649 646 2691 est,

38 2690 104 2715 acet,
119 2689 174 2712 θ’.οο

42 2718 104 2759 (29).
116 2717 154 2746 lta
169 2725 241 2748 recte
259 2729 308 2749 ms.
323 2723 423 2759 Regius
441 2732 515 2753 num.
533 2726 602 2755 1639
615 2731 643 2755 et
657 2727 794 2757 liabanus.

38 2759 106 2792 etert
124 2761 271 2792 verogmss.
295 2762 321 2785 ct
342 2759 419 2791 editi,
435 2761 481 2787 sed
500 2762 579 2788 etiam
592 2770 651 2792 qua:
676 2764 704 2790 iu
724 2765 794 2792 uelis

40 2789 495 2832 ntgi‘ngomuitt‘us.Quomodopossit
509 2795 568 2832 (aL,
584 2789 795 2830 Quomododer—o

39 2825 100 2858 salt)
114 2825 228 2859 impleri,
243 2831 296 2854 etc.

876 230 978 256 mento,
998 230 1027 252 et
1039 226 1127 253 cll'ecti
1144 226 1244 253 fuerint
1260 233 1323 253 vasa
1341 231 1446 258 sancta.
1462 231 1490 254 ut
1504 227 1541 254 ita
1554 228 1661 254 domum

876 272 937 306 quis
951 271 1069 307 repletus
1084 272 1207 298 videatur
1220 273 1293 299 ntnni
1308 280 1386 308 pace,
1406 273 1428 300 si
1445 273 1471 300 in
1493 273 1662 308 plenitudine

875 318 1022 345 crediderit
1037 317 1189 344 Trinitatis.
1208 318 1322 353 Propter
1344 319 1397 346 hoc
1421 319 1535 353 denique
1551 317 1662 354 suhjuno

875 362 914 397 git
929 362 1073 395 Apostolus
1089 366 1115 389 et
1129 362 1196 389 dicit
1213 371 1219 389 :
1237 362 1344 397 Repleat
1366 371 1410 390 vos
1432 363 1502 390 omni
1527 363 1624 398 gaudio
1638 368 1662 390 ct

874 416 938 442 pace
951 409 978 434 in
993 409 1133 440 credendo,
1149 414 1177 435 ut
1191 409 1329 436 abundetis
1344 409 1371 436 in
1384 418 1428 444 spe
1443 414 1468 436 et
1492 409 1588 436 virtute
1602 408 1662 443 δρία

876 454 941 480 ritus
954 455 1049 482 sancti.
1066 454 1094 482 Si
1111 455 1186 482 enim
1205 455 1250 489 qui
1267 455 1367 488 credit,
1380 456 1482 482 virtute
1499 455 1587 483 sancti
1603 454 1662 490 Spi-

877 499 946 527 ritus
959 500 1080 527 muuitur
1092 500 1161 535 (52),
1185 506 1290 528 certum
1315 506 1356 529 est
1378 501 1449 536 quod
1467 501 1662 536 plenitudinem

875 544 964 579 gaudii
985 553 1093 579 semper
1110 547 1220 578 habeat,
1235 551 1263 574 et
1279 546 1472 581 plenitudinem
1487 546 1572 581 pacis.

911 590 955 618 l0.
974 590 1067 619 Certus
1086 600 1145 619 sum
1168 597 1264 623 autem,
1288 592 1397 625 fratres,
1419 597 1443 618 ct
1466 599 1512 626 ego
1534 592 1565 617 de
1580 593 1662 623 vobis.

874 636 999 670 quoniam
1023 642 1046 664 et
1070 637 1120 670 ipsi
1143 637 1213 672 pleni
1241 637 1303 664 estis
1325 637 1455 669 bonitate,
1476 637 1566 669 repleti
1591 637 1663 664 otnni

874 682 995 714 scientia,
1008 683 1044 709 ita
1062 686 1090 710 ut
1110 682 1215 718 possitis
1227 688 1250 709 et
1262 682 1330 709 alios
1341 690 1446 710 monere
1455 682 1476 698 "
1484 681 1551 719 (55).
1563 683 1662 710 Eadem

876 727 986 756 ratione
1002 736 1054 762 qua
1070 736 1151 763 supra
1166 728 1285 756 diximus
1303 727 1405 763 repleri
1426 729 1500 755 ontni
1520 729 1618 763 gaudio
1636 734 1663 756 et

875 772 951 799 omni
965 780 1031 807 pace
1046 772 1231 805 credentes",
1247 772 1329 799 etiam
1345 772 1388 800 hic
1401 772 1496 807 plenos
1511 780 1572 801 esse
1587 773 1664 801 1›‹›ιιί‹

876 822 931 846 tate
946 822 973 845 et
990 819 1063 846 omni
1080 819 1193 847 scientia
1211 827 1259 847 eos
1278 820 1311 847 ad
1328 827 1397 854 quos
1414 819 1444 847 fit
1458 826 1548 846 sermo
1560 819 1662 846 confir-

836 862 857 890 B
873 868 939 891 mat.
957 864 1090 892 Situiliter
1106 870 1195 893 autem
1219 871 1246 893 et
1269 865 1420 893 Corinthiis
1436 866 1558 893 scribens
1576 865 1640 892 dicit
1654 874 1661 892 :

872 909 906 937 In
920 910 1040 938 omnibus
1056 911 1149 938 divites
1164 911 1227 946 facti
1249 912 1311 939 estis
1325 912 1352 938 iu
1376 911 1433 944 illo,
1452 911 1480 938 in
1497 912 1567 938 omni
1586 911 1663 939 uerbo

871 960 896 982 et
920 955 949 982 in
967 956 1040 983 omni
1062 957 1219 989 scientia“;
1243 957 1301 992 qui,
1326 961 1356 984 ut
1384 957 1509 993 superius
1533 956 1661 989 diximus,

870 1002 953 1029 etiam
975 1001 1009 1030 de
1027 1003 1173 1038 semetipso
1195 1003 1354 1037 pronuntiat
1376 1003 1447 1037 quod
1473 1010 1526 1031 non
1551 1010 1661 1031 omnem

870 1047 1025 1080 scientiam,
1037 1055 1126 1083 neque
1139 1055 1247 1076 onmem
1261 1049 1432 1084 prophetiam
1444 1048 1553 1082 habeat,
1567 1049 1614 1077 sed
1627 1056 1661 1077 ex

870 1097 948 1127 parte
958 1093 995 1126 l';
1013 1094 1046 1122 de
1058 1102 1114 1129 quo
1126 1100 1154 1122 et
1168 1095 1194 1122 in
1213 1095 1275 1122 aliis
1288 1095 1399 1130 quidem
1417 1103 1488 1130 saepe
1499 1103 1549 1123 nos
1560 1096 1662 1124 dixisse

870 1139 991 1167 memini.
1004 1140 1038 1167 Et
1048 1148 1121 1168 nunc
1135 1141 1315 1168 nihilominus
1328 1141 1452 1169 dicemus
1464 1142 1535 1178 quod
1548 1141 1661 1176 Paulus,

868 1191 895 1213 et
912 1186 935 1214 si
953 1187 998 1221 qui
1015 1190 1080 1214 sunt
1093 1187 1172 1220 tales,
1187 1188 1220 1215 ad
1237 1189 1471 1222 comparationem
1493 1193 1656 1218 cteterorum

869 1231 983 1266 perfecti
998 1232 1143 1265 dicuntur;
1159 1233 1194 1260 ad
1210 1232 1283 1260 illam
1300 1238 1392 1262 autem
1412 1242 1547 1262 summam
1567 1235 1659 1262 scien-

870 1278 945 1310 tiam,
963 1278 1004 1305 vel
1020 1279 1053 1305 ad
1067 1278 1141 1306 illam
1162 1280 1356 1314 perfectionem
1369 1288 1431 1316 qua:
1453 1282 1478 1308 in
1502 1280 1660 1310 ccelestihus

867 1328 910 1351 est
926 1324 1079 1356 ordinibus,
1094 1325 1184 1352 nullus
1197 1331 1288 1359 potest
1304 1326 1375 1354 inter
1397 1327 1519 1354 homines
1541 1326 1582 1354 vel
1604 1326 1659 1354 dici

869 1369 908 1396 vel
932 1377 992 1398 esse
1015 1371 1163 1404 perfectus.
1190 1371 1225 1400 Ut
1247 1372 1269 1399 si
1294 1371 1483 1400 dicamus:lu
1509 1371 1659 1406 puerilibus

867 1414 977 1449 studiis,
993 1416 1026 1443 ad
1043 1417 1276 1451 comparationem
1297 1417 1371 1445 illius
1385 1417 1431 1453 qui
1449 1425 1536 1452 nuper
1559 1417 1659 1445 imbui—

868 1464 918 1493 tur,
936 1465 962 1488 et
975 1462 1060 1495 prium
1074 1462 1227 1490 litterarum
1240 1463 1354 1498 suscipit
1369 1464 1516 1497 elementa,
1530 1464 1658 1500 magister

868 1507 924 1541 ipsc
939 1507 1067 1535 librarius
1082 1509 1217 1543 perlectus
1230 1509 1399 1546 appellatur;
1425 1511 1472 1538 sed
1488 1519 1542 1538 non
1558 1515 1599 1538 est
1618 1511 1655 1538 ita

866 1553 1013 1587 perfectus,
1032 1559 1062 1582 ut
1079 1561 1121 1583 est
1136 1555 1181 1584 ille
1200 1557 1245 1592 qui
1264 1557 1470 1591 grammaticam
1490 1557 1581 1585 docet.
1597 1556 1657 1592 Ipso

866 1605 930 1626 vero
945 1600 1142 1634 grammaticus
1166 1601 1292 1636 quamvis
1307 1601 1342 1629 sit
1357 1603 1506 1637 perfectus,
1532 1603 1657 1638 superior

864 1649 907 1672 cst
929 1649 1020 1672 tamen
1042 1646 1175 1680 perfectio
1192 1647 1310 1676 rhetoris
1321 1648 1393 1683 (δικ
1410 1653 1438 1676 et
1463 1648 1505 1676 his
1528 1650 1656 1677 omnibus

865 1689 945 1724 longe
962 1690 1127 1718 eminentior
1146 1691 1341 1726 philosophiae
1364 1692 1495 1721 doctrinae
1511 1693 1654 1729 perfectio.

864 1734 987 1769 Cumque
1008 1736 1036 1763 in
1059 1736 1102 1763 his
1128 1737 1255 1764 omnibus
1282 1738 1441 1766 litteraturae
1458 1740 1582 1768 doctrina
1597 1740 1654 1776 (35)

864 1780 909 1811 sit,
931 1780 1055 1808 diversus
1074 1786 1161 1809 tamen
1180 1783 1279 1817 gradus
1294 1784 1471 1818 perfectionis
1484 1790 1511 1812 et
1525 1787 1654 1822 magiste-

865 1826 898 1853 rii
918 1826 944 1854 in
961 1834 1124 1862 unoquoque
1147 1828 1271 1856 habetur.
1297 1829 1335 1857 lta
1353 1838 1419 1866 ergo
1437 1835 1525 1866 potest
1542 1832 1603 1859 fieri
1624 1836 1654 1860 ut

863 1876 890 1899 et
905 1871 1005 1900 Paulus
1018 1881 1080 1900 cum
1096 1874 1161 1901 dicit
1179 1883 1185 1901 :
1201 1874 1263 1903 Non
1281 1877 1350 1911 quod
1362 1877 1420 1912 jam
1432 1882 1567 1905 assecutus
1590 1878 1651 1910 sint.

860 1922 907 1944 aut
922 1918 1055 1953 perfectus
1073 1920 1122 1946 sim
1136 1920 1168 1952 '°,
1187 1920 1220 1947 ad
1238 1921 1312 1948 illum
1330 1923 1433 1957 apicem
1451 1923 1571 1951 ccelestis
1591 1931 1653 1958 per-

861 1962 985 1991 fectionis
999 1964 1136 1999 aspiciens
1151 1965 1275 1993 videatur
1289 1966 1346 1994 hace
1359 1968 1492 1996 scribere.
1505 1968 1572 1996 Cum
1586 1977 1651 1997 vero

858 2007 925 2035 dicit
944 2016 950 2035 :
969 2008 1125 2045 Quicunque
1147 2018 1208 2046 ergo
1222 2013 1332 2046 perfecti
1356 2022 1457 2048 sumus,
1482 2014 1530 2041 ltoc
1549 2016 1649 2042 sentiu-

859 2061 916 2080 mus
926 2054 947 2070 ¹⁷
960 2054 1027 2091 (56),
1040 2057 1074 2083 ad
1089 2056 1213 2084 humana:
1226 2062 1330 2086 tanturn
1344 2060 1519 2095 perfectionis
1540 2060 1651 2095 respicit

858 2100 984 2135 gradum.
1008 2101 1055 2129 Sic
1071 2109 1136 2138 ergo
1156 2108 1183 2131 et
1200 2104 1227 2131 in
1245 2106 1370 2140 praesenti
1393 2106 1453 2134 loco
1481 2107 1647 2142 intelligendi

858 2151 922 2174 sunt
941 2147 981 2174 vel
997 2154 1073 2182 pace,
1090 2149 1131 2176 vcl
1147 2151 1258 2185 gaudio,
1277 2152 1318 2180 vel
1342 2153 1425 2180 ctiam
1454 2153 1587 2185 bonitate,
1605 2153 1647 2181 vel

1194 2196 1204 2212 ‘
1215 2197 1305 2226 Colos.
1322 2206 1341 2230 ι,
1364 2198 1409 2225 ‘20.
1450 2198 1470 2214 '°
1486 2198 1572 2228 lCor.
1587 2207 1646 2231 xm,

874 2228 895 2245 ”
908 2228 916 2256 Ι
929 2229 1016 2262 Com,
1034 2229 1062 2257 5.
1102 2230 1124 2246 ¹⁵
1139 2230 1148 2258 l
1165 2230 1228 2259 Cor.
1247 2228 1346 2266 “11,9.
1390 2234 1410 2249 ⁸⁵
1426 2233 1522 2269 Philip.
1540 2242 1581 2267 ιιι,
1599 2228 1644 2262 ίὲλ

893 2309 949 2350 (ὄρ)
964 2309 1013 2350 ills.
1038 2310 1138 2350 Regius
1162 2321 1238 2350 num.
1263 2315 1342 2348 l659,
1366 2315 1495 2344 Rabanns
1517 2321 1545 2344 et
1567 2318 1643 2350 editi,

856 2344 1045 2387 plenitudinem
1066 2344 1150 2387 pilcis.
1175 2349 1237 2378 Mss.
1263 2344 1543 2381 duofmaltitutliuem
1560 2344 1642 2387 pacis:

904 2381 949 2418 ξι)
964 2381 1046 2418 βάίιὶ,
1065 2384 1092 2410 in
1107 2392 1170 2417 pace
1185 2387 1305 2418 redeunt,
1322 2391 1376 2413 etc.

903 2416 1012 2460 δὲλὲλξ
1025 2425 1092 2460 mss.
1107 2416 1274 2460 pleriqueet
1288 2416 1363 2460 editi.
1380 2420 1434 2460 Ms._
1456 2429 1519 2450 vero
1533 2423 1643 2460 Jicgius

855 2451 1035 2493 ιιιιιιικ1659η
1047 2452 1077 2480 Si
1092 2451 1161 2493 enini
1175 2451 1260 2493 credit
1274 2457 1343 2493 quis,
1366 2461 1389 2493 et
1410 2457 1505 2485 virtute
1527 2451 1643 2493 Spiritus

852 2487 937 2525 sancti
961 2488 1108 2527 muniatur.
1133 2487 1321 2524 ltahanus,'Si
1343 2491 1412 2518 enim
1427 2493 1472 2527 qui
1492 2487 1587 2527 credit,
1609 2503 1643 2523 es:

851 2521 995 2555 virtute...,
1018 2524 1164 2552 muniatur.

889 2556 944 2591 (55)
963 2557 1032 2595 Editi
1056 2563 1083 2586 et
1106 2559 1247 2595 Rabanns,
1273 2561 1458 2591 dilectione....
1483 2563 1641 2593 alterutrum

853 2599 968 2619 monere.
989 2592 1052 2620 Mss.
1069 2601 1134 2622 vero
1149 2600 1178 2623 ut
1192 2597 1217 2623 in
1234 2592 1320 2624 I'exlu.

886 2626 943 2660 (54)
965 2627 1011 2655 Sic
1027 2636 1093 2664 mss.
1109 2635 1136 2658 et
1151 2631 1234 2658 editio
1251 2631 1350 2660 Veneta
1372 2633 1510 2662 Salodiaui
1528 2643 1534 2661 :
1550 2634 1640 2664 Merli-

850 2668 982 2702 nus‘velro
998 2668 1029 2702 et.
1049 2663 1251 2700 Genebrardus,
1269 2669 1389 2702 superior
1405 2673 1443 2696 est
1455 2690 1461 2702 ,
1493 2674 1519 2696 st
1551 2663 1639 2698 tamen

847 2695 989 2730 perfectior
1005 2698 1102 2726 rltetor.

885 2731 941 2768 (ξιξ)
955 2731 1039 2768 βάἰιί,
1055 2734 1206 2763 litteratura
1222 2736 1355 2768 doctrina.

849 2766 1074 2831 sc'szguﬁ'tuss.
1091 2769 1162 2800 Editi
1180 2779 1254 2806 vero,
1269 2766 1423 2811 Quicunque
1445 2783 1505 2812 ergo
1525 2776 1636 2812 perfecti
