1852 3053
37 107 93 134 ηἰϐθ

493 105 672 135 ΟΟΜΜΕΝΤ.
691 104 724 133 ΙΝ
744 102 854 132 EPIST.
872 103 917 131 AD
937 102 1019 132 llOM.
1037 104 1101 132 LIB.
1123 104 1156 131 Χ.

1570 104 1637 132 £270

37 172 74 190 ron
91 162 154 198 efﬁcit
166 162 284 190 Christus
299 162 325 190 in
339 163 513 190 obedientiam
533 162 660 198 gentium,
684 161 759 188 verba
774 165 797 186 et
813 160 837 190 A
853 161 940 188 ricum
954 161 1068 196 replevit
1085 161 1260 196 Evangelium
1277 160 1391 197 Christi.
1407 160 1491 196 Moysi
1505 165 1529 188 et
1547 160 1638 188 Aaron

37 208 107 238 actis,
122 215 163 241 per
178 211 330 241 potestatem
353 208 491 241 signorum
507 211 531 234 et
548 207 728 242 prodigiorum
739 206 797 242 (49)

37 262 48 280 ιι
62 254 146 280 virtute
160 253 273 287 Spiritus
287 253 355 286 Dei;
376 253 415 280 ita
436 258 462 280 ut
478 254 509 280 ab
528 253 678 281 Jerusalem
700 253 728 279 in
747 253 798 279 cir-

38 299 93 326 uitu
117 307 190 334 usque
214 299 249 326 ad
282 299 418 335 Illyricum
449 300 600 334 replet-crint
625 299 797 334 Erungelium

37 346 126 373 7hristi.
146 346 188 373 Sic
206 350 294 373 autem
319 347 367 373 hoc
383 346 526 381 pra-dicari
548 346 723 381 Evangelium
745 355 798 374 non

40 392 64 419 bi
80 392 219 419 nominatus
231 397 269 419 est
281 392 415 426 Christus,
430 401 462 420 ne
477 401 555 426 super
568 392 683 420 alienum
701 392 799 426 funda-

37 443 132 466 tentum
144 439 298 472 wdiﬁcarem
313 446 322 465 .'
337 439 383 465 sed
400 439 467 466 sicut
483 439 610 472 scriptum
625 444 662 466 est
676 447 684 466 :
697 438 798 471 Quibus

38 492 70 510 on
84 489 117 511 est
131 483 310 510 annuntiatum
326 484 357 511 de
373 492 415 516 eo,
429 485 564 517 uidebunt,
582 489 605 511 et
620 485 666 516 qui
679 492 730 511 non
746 492 798 510 au-

37 528 130 560 ierunt,
140 528 319 562 inlelligent".
329 529 397 556 Vera
409 529 517 563 quidem
531 529 657 564 gloriatio
669 529 701 556 ad
714 530 797 557 Deum

37 583 70 602 on
82 579 131 608 est,
141 575 187 602 nisi
203 576 245 602 illa
263 582 323 610 qua:
335 580 377 604 est
393 576 419 603 in
431 575 541 603 Christo
551 575 625 603 Iesu.
643 575 708 604 Sine
720 576 798 604 Chri-

37 629 59 647 Lo
76 627 158 650 autem
175 622 284 657 gloriari
303 623 329 649 in
354 623 410 650 Deo
434 623 487 650 tale
509 628 560 656 est,
583 623 663 658 quale
687 624 709 651 si
736 624 798 659 quis

37 669 98 704 :77
110 669 178 697 dicat
191 672 271 704 posse
282 677 310 697 se
321 669 422 698 habere
435 670 548 704 gloriam
561 670 630 704 apud
645 670 729 698 Deum
738 671 798 698 sine

37 716 131 746 Istitia,
154 716 211 743 sine
231 716 364 750 sapientia
378 736 385 748 ,
408 716 470 744 sine
492 717 618 746 veritate.
645 717 707 744 llrec
726 718 797 744 enim

37 762 105 789 mnia
124 762 243 790 Christus
268 769 331 796 est;
352 767 378 791 et
397 763 458 790 ideo
480 763 507 791 in
530 764 588 792 solo
605 765 713 793 Christo
733 773 797 793 vera

37 809 139 836 loriatio
151 813 190 835 est
210 811 243 837 ad
267 810 361 836 Deum.
387 809 482 837 Simile
499 814 539 837 est
557 811 606 838 hoc
625 811 662 838 illi
682 811 754 846 quod
771 812 797 839 in

37 855 77 881 {iis
91 855 147 889 ipse
159 854 222 882 dicit
239 862 246 881 :
263 855 314 887 Qui
329 860 416 882 autem
428 856 568 890 gloriatur,
582 857 608 882 in
620 856 733 883 Domino
742 857 796 891 glo-

40 905 99 927 etur
111 900 144 927 “.
168 901 307 934 Quomodo
331 906 424 928 autem
447 901 589 936 culpabilis
613 905 649 929 sit
673 903 799 936 gloriatio

39 946 102 974 nnis
116 954 174 981 quin
187 952 262 974 extra
279 947 420 975 Christum
437 952 494 981 est,
512 948 587 975 verbi
604 956 695 980 causa,
718 949 743 975 in
758 949 799 976 di-

43 993 105 1024 tiis,
134 992 175 1019 vel
203 993 354 1021 honoribus
380 993 472 1021 saeculi
501 994 577 1030 (50),
600 994 641 1022 vel
667 995 798 1029 sapientia

41 1038 125 1072 umli,
144 1039 185 1066 vel
212 1039 322 1067 ueteris
343 1041 448 1068 artibus
476 1048 537 1076 qua:
560 1045 637 1068 extra
661 1041 798 1068 Christum

37 1089 87 1118 mt,
101 1092 180 1119 supra
201 1084 258 1119 jam
275 1085 357 1113 latius
372 1086 552 1114 disseruimus
569 1087 637 1123 (5i).
652 1087 799 1115 Sciendum

37 1138 79 1157 ine
98 1135 140 1158 est
157 1132 229 1166 quod
251 1132 295 1160 hic
316 1132 407 1160 Latini
428 1132 544 1167 gloriam
564 1133 620 1169 (5‘2)
638 1141 685 1168 pro
700 1133 801 1167 gloria-

37 1184 88 1204 onc
110 1183 274 1211 posuerunt.
297 1178 360 1206 Non
380 1179 461 1213 enim,
476 1179 574 1214 inquit.
595 1180 679 1207 audeo
698 1180 800 1216 aliquid

41 1223 88 1258 qui
105 1231 194 1251 eorum
210 1233 268 1259 qua:
285 1233 331 1260 per
350 1233 389 1252 me
407 1233 458 1252 non
472 1226 545 1261 e/ﬁcit
563 1225 682 1254 Christus
698 1228 725 1254 in
740 1227 800 1255 obe-

39 1269 142 1296 entiam
156 1271 283 1305 gentium,
302 1271 378 1298 verba
395 1276 418 1298 et
435 1272 525 1306 factis,
540 1279 586 1305 per
601 1277 754 1305 potestatem
768 1273 802 1300 si-

37 1323 123 1342 torum
140 1321 163 1342 et
175 1317 356 1351 prodigiorum
370 1317 398 1343 in
417 1317 512 1343 virtute
532 1316 646 1349 Spiritus
659 1317 717 1344 Dei.
736 1318 801 1350 Qum

37 1367 118 1393 quor,
135 1359 238 1395 inquit,
261 1368 316 1388 non
337 1365 400 1388 sunt
417 1361 498 1388 alieni
523 1363 614 1396 operis
628 1362 727 1395 verba,
751 1370 801 1390 nec

37 1406 161 1433 ienorum
177 1412 316 1442 gestorum
332 1407 458 1435 laudator
469 1408 586 1440 elllcior;
604 1409 651 1436 sed
667 1416 725 1444 qua:
744 1409 802 1437 scio

37 1451 151 1479 iristum
168 1459 216 1486 per
233 1459 276 1479 me
293 1452 430 1487 ell'ecisse,
451 1453 509 1480 [nec
524 1454 602 1481 vobis
616 1455 724 1487 scribo,
742 1463 801 1490 quae

850 207 961 234 dederat
975 207 1044 234 Deus
1060 211 1224 242 potestatem
1239 206 1377 241 signorum
1396 210 1424 233 et
1440 205 1639 241 prodigiorum,

850 253 920 281 sicut
939 254 1070 289 scriptum
1087 258 1128 282 est
1138 253 1161 270 "‘
1177 261 1184 281 :
1204 252 1294 280 Posuit
1308 253 1334 279 in
1357 253 1393 280 eis
1407 254 1483 280 verba
1502 253 1640 287 signoruni

849 305 872 327 et
893 301 1073 335 prodigiorum
1089 301 1115 327 in
1136 304 1206 327 terra
1219 300 1311 330 Cham.
1327 304 1357 326 ut
1375 299 1445 327 ﬁlios
1459 299 1544 325 Israel
1556 298 1640 326 casti-

850 351 913 381 gata
932 346 1050 381 Egypto
1065 347 1233 374 liberarent:
1252 346 1299 374 sed
1318 345 1357 373 illi
1370 345 1413 373 vix
1430 353 1581 380 rarmnqne
1593 353 1640 380 po-

851 397 960 420 tuerunt
973 393 1028 428 (55)
1040 401 1073 420 ex
1087 393 1275 429 [Egyptiorum
1292 396 1372 428 gente
1384 397 1557 420 convertere.
1570 391 1640 418 Pau-

850 439 908 472 lus,
932 444 1044 474 accepta
1069 444 1204 474 potestate
1233 438 1373 474 signorum
1400 443 1426 465 et
1452 438 1638 473 prodigiorum

851 493 903 512 non
922 493 1002 512 unam
1017 490 1135 521 gentem,
1151 492 1237 520 neque
1252 485 1320 512 duos
1328 489 1374 511 aut
1387 490 1441 512 tres
1449 484 1560 519 populos
1570 483 1639 519 (56),

850 533 897 561 sed
919 541 1015 560 omnes
1031 533 1065 560 ab
1078 532 1231 560 Jerusalem
1250 539 1336 566 usque
1351 531 1384 558 ad
1400 531 1536 566 lllyricum
1551 531 1639 557 natio-

850 587 899 606 nes
919 587 951 606 ac
967 578 1081 614 populos
1099 579 1292 612 prmtlicatione
1309 577 1385 604 verbi
1409 582 1436 604 et
1455 584 1568 611 operum
1584 576 1641 603 vir—

852 630 994 660 tutumque
1011 625 1133 659 potentia
1156 624 1190 652 ad
1207 624 1312 651 Christi
1329 629 1502 651 sacramenta
1524 631 1641 650 conver-

851 672 883 699 tit
898 671 966 706 (57).
991 672 1036 699 Sic
1057 675 1150 698 autem
1165 670 1324 704 praedicavit
1343 670 1395 697 hoc
1409 669 1594 704 Evangelium.
1611 673 1641 696 ut

851 726 903 745 non
931 717 1027 745 alienis
1051 717 1206 750 laboribus,
1226 724 1316 751 neque
1336 716 1432 744 aliena:
1455 715 1640 751 prmdicationi

850 765 1063 792 additamentum
1079 764 1135 791 suis
1149 763 1320 792 sermonibus
1333 763 1476 795 insereret,
1492 769 1525 789 ne
1542 762 1574 789 ab
1589 761 1643 788 alio

850 810 947 845 positis
971 810 1032 837 ﬁdei
1054 810 1238 837 fundamentis
1267 809 1325 844 ipse
1350 808 1497 836 mdilieium
1523 807 1641 843 propriae

851 856 1055 892 praedicationis
1074 856 1238 891 imponeret,
1253 859 1281 883 et
1301 854 1382 882 alieni
1398 855 1488 890 operis
1501 854 1642 888 subripere

851 902 965 937 gloriam
980 903 1128 929 videretur.
1150 900 1327 929 Observanda
1345 901 1402 927 lure
1427 904 1489 927 sunt
1507 899 1642 927 Ecclesia-

851 956 910 975 tum
924 949 1075 975 rectoribus
1085 947 1152 983 (58),
1163 953 1190 974 et
1199 946 1319 982 diligenti
1335 946 1485 973 intentione
1496 945 1640 977 servanda.

853 999 882 1022 ut
900 1001 988 1029 neque
1013 994 1085 1028 loqui
1111 994 1212 1029 aliquid
1237 995 1381 1021 videantur
1396 1001 1491 1021 eorum
1513 1000 1573 1027 qua:
1595 1000 1643 1026 per

852 1041 925 1075 ipsos
941 1048 994 1067 non
1010 1039 1132 1067 olfecerit
1146 1040 1282 1072 Christus,
1299 1047 1386 1074 neque
1408 1039 1514 1066 alienos
1531 1038 1640 1065 labores

851 1091 878 1115 ct
893 1086 982 1114 studia
998 1086 1166 1114 decolorent.
1188 1085 1324 1120 Loquitur
1348 1090 1437 1112 autem
1455 1084 1515 1119 quis
1532 1092 1564 1111 ea
1580 1092 1640 1118 qua:

853 1141 901 1168 per
914 1141 944 1160 sc
962 1140 1014 1160 non
1031 1132 1116 1160 eﬁicit
1137 1132 1263 1160 Christus
1279 1132 1331 1159 hoc
1350 1131 1448 1164 modo;
1467 1131 1489 1157 si
1517 1131 1642 1165 loquatur

852 1179 885 1206 de
900 1178 1068 1206 continentia
1083 1182 1111 1205 et
1127 1177 1225 1204 doceat
1237 1197 1245 1209 ,
1264 1185 1324 1204 cum
1351 1177 1406 1211 ipse
1426 1176 1572 1203 continens
1588 1183 1641 1202 non

852 1225 904 1257 sit;
921 1224 963 1251 vel
986 1224 1009 1251 si
1029 1224 1157 1259 loquatur
1172 1223 1205 1250 de
1221 1223 1370 1250 sobrietate
1381 1242 1388 1254 ,
1405 1222 1447 1250 vel
1464 1222 1498 1250 de
1511 1222 1618 1256 iustitia
1633 1241 1642 1254 ,

854 1272 895 1299 vel
912 1271 945 1298 de
962 1270 1112 1306 largiendis
1128 1271 1224 1305 opibus
1236 1290 1243 1302 ,
1265 1276 1292 1297 et
1307 1270 1511 1297 contemnendis
1528 1267 1642 1296 faculta-

854 1318 926 1345 libus
940 1324 988 1352 pro
1005 1324 1088 1351 regno
1102 1316 1160 1349 Dei,
1176 1320 1202 1342 et
1217 1315 1243 1342 in
1262 1316 1321 1350 ipso
1341 1315 1385 1350 qui
1400 1316 1458 1342 lucc
1471 1315 1561 1347 docet,
1574 1314 1641 1342 nihil

854 1365 950 1392 borum
965 1363 1086 1391 ell'eeerit
1102 1363 1158 1398 (59)
1177 1362 1318 1391 Christus.
1330 1363 1361 1389 Et
1379 1363 1439 1390 ideo
1462 1363 1577 1389 formam
1600 1362 1642 1389 sui

852 1410 999 1444 Apostolus
1015 1409 1100 1444 ponit,
1118 1413 1145 1436 et
1164 1408 1230 1435 dicit
1243 1415 1274 1435 ca
1293 1415 1323 1434 se
1339 1408 1430 1442 loqui,
1446 1411 1473 1435 et
1489 1414 1520 1434 ea
1537 1407 1643 1435 caeteris

854 1456 1013 1492 prmdicare.
1033 1463 1093 1489 qua:
1108 1463 1155 1490 per
1169 1455 1256 1488 ipsum
1271 1453 1398 1482 Christus
1416 1455 1492 1489 prius
1514 1453 1644 1489 impleve-

37 1505 58 1525 δι’
73 1498 256 1526 obedientiam
272 1500 392 1535 gentium
411 1502 495 1528 verbo
516 1501 543 1528 in
561 1509 603 1529 me
616 1506 643 1529 et
658 1511 739 1537 opere
752 1512 798 1531 cx-
813 1508 835 1539 ς
854 1504 896 1530 rit.
917 1502 968 1530 Sed
987 1501 1053 1528 sicut
1075 1501 1255 1535 scriptum-est
1267 1521 1274 1532 ,
1292 1500 1399 1535 inquit,
1421 1500 1522 1533 Quibus
1537 1508 1589 1526 non
1604 1503 1644 1527 est

37 1544 103 1576 erit,
118 1545 200 1571 verbo
215 1545 428 1580 pricdieationis,
443 1553 525 1580 opere
537 1547 678 1582 signorum
694 1554 721 1576 et
735 1557 799 1584 pro-

37 1590 154 1625 ;iorum.
176 1590 242 1624 Qua:
259 1597 348 1620 autem
367 1593 403 1620 sit
420 1592 573 1620 dim-rentia
598 1594 670 1622 inter
682 1596 756 1630 signa
773 1602 801 1623 et

37 1637 152 1671 odigia,
172 1642 199 1666 et
216 1638 242 1665 in
256 1638 316 1666 aliis
327 1639 382 1674 jam
399 1639 481 1667 latius
498 1639 617 1667 diximus
633 1641 688 1676 (55)
700 1661 708 1675 ,
729 1646 755 1668 et
775 1642 799 1668 in

39 1683 140 1711 sescnti
164 1684 226 1712 loco
242 1685 464 1720 compendiosius
486 1685 696 1720 explicabimus.
718 1687 798 1722 Signa

38 1730 196 1766 pellantur,
213 1730 238 1757 in
257 1731 356 1765 quibus
368 1739 428 1759 eum
443 1731 479 1759 sit
491 1732 593 1767 aliquid
615 1732 749 1765 mirabile,
763 1733 802 1759 iu-

37 1781 114 1803 -atur
132 1783 240 1810 quoque
260 1776 362 1811 aliquid
386 1776 524 1810 futurum;
545 1777 667 1812 prodigia
683 1786 756 1812 vero,
772 1779 799 1805 in

37 1823 105 1850 ibus
136 1823 329 1850 tantummodo
357 1823 483 1850 mirabile
507 1823 611 1858 aliquid
636 1824 797 1852 ostenditur.

37 1875 87 1903 gna
112 1875 179 1895 vero
201 1867 258 1902 (54)
280 1872 308 1895 et
334 1867 455 1902 prodigia
480 1867 558 1902 quasi
575 1875 635 1902 qua:
656 1873 800 1902 utrumque

37 1914 168 1941 uincant
188 1913 269 1941 dixit.
290 1913 431 1948 Scriptura
449 1918 538 1940 tamen
556 1913 650 1940 divina
665 1914 798 1941 interdum

37 1965 74 1988 te!
99 1960 169 1988 istas
188 1961 391 1995 proprietates,
413 1960 553 1988 interdum
573 1965 663 1987 autem
687 1960 801 1987 abusive

37 2005 169 2041 prodigia
188 2014 237 2041 pro
253 2006 347 2041 signis,
366 2010 393 2033 et
407 2006 486 2040 signa
502 2013 550 2040 pro
565 2005 697 2042 prodigiis
711 2006 799 2040 ponit.

37 2053 104 2080 ulus
125 2060 193 2087 ergo
215 2060 262 2087 per
277 2057 440 2087 potestatem
462 2053 601 2087 signorum
621 2056 648 2079 et
665 2053 800 2087 prodigio-

37 2108 68 2132 ιι,
89 2107 154 2133 qua:
176 2104 265 2126 tamen
282 2099 358 2131 signa
373 2103 400 2125 et
424 2099 549 2134 prodigia
575 2099 601 2126 in
621 2099 720 2126 virtute
739 2099 801 2133 Spi-

37 2154 62 2173 IS
87 2145 182 2172 sancti
209 2145 344 2178 faciebat,
365 2145 399 2173 ab
416 2145 566 2173 Jerusalem
587 2154 672 2181 usque
686 2147 719 2173 ad
736 2146 799 2182 Illy-

39 2209 52 2225 ³
69 2207 158 2235 Rom.
174 2215 222 2241 xv,
237 2207 269 2235 l7
283 2215 342 2242 seq.
379 2208 402 2223 ’³
420 2207 427 2234 l
443 2206 506 2236 Cor.
524 2206 601 2241 1,".51.

638 2207 661 2223 “
675 2207 747 2235 Psal.
767 2216 821 2243 Civ,
843 2209 887 2237 27.

851 1549 1040 1575 auuuntiutum
1054 1547 1086 1574 de
1103 1555 1147 1580 ea,
1165 1546 1302 1580 videbunt,
1319 1551 1343 1573 et
1359 1546 1404 1581 qui
1421 1554 1471 1573 non
1485 1545 1641 1578 mulierum,

851 1594 1007 1628 intelligent.
1026 1592 1192 1620 Observavit
1207 1599 1273 1627 ergo
1286 1592 1430 1627 diligenter
1443 1591 1602 1626 Apostolus,
1615 1595 1646 1618 ut

851 1639 998 1666 secumlum
1028 1637 1217 1674 propheticmn
1251 1637 1390 1672 eloquium
1421 1637 1473 1664 illis
1502 1637 1643 1664 nuntiaret

851 1684 988 1711 Christum
1002 1703 1008 1716 ,
1024 1684 1123 1718 quibus
1145 1692 1159 1709 a
1179 1682 1251 1710 nullo
1273 1681 1365 1709 fuerat
1389 1684 1528 1710 nuntiatus
1541 1703 1548 1715 ,
1571 1687 1598 1710 et
1616 1686 1645 1710 ut

853 1731 890 1757 illi
906 1730 939 1757 de
953 1738 985 1758 eo
1001 1729 1195 1764 intelligerent,
1211 1729 1256 1764 qui
1274 1737 1288 1756 τι
1304 1730 1378 1756 nullo
1396 1735 1460 1756 ante
1474 1730 1643 1757 didicissent.

853 1777 885 1803 lit
907 1777 968 1808 ista,
985 1781 1013 1803 ut
1030 1776 1137 1810 opinor,
1152 1783 1237 1802 causa
1257 1775 1318 1809 luit,
1332 1783 1392 1810 qua:
1409 1782 1469 1802 eum
1485 1775 1645 1810 frequenter

853 1828 1054 1858 proponentem
1076 1822 1190 1849 Romam
1209 1829 1321 1856 pergere
1338 1822 1507 1857 prohibebat,
1520 1823 1591 1850 sicut
1605 1822 1647 1849 di-

852 1871 909 1897 cit:
929 1868 1043 1904 Propter
1063 1868 1132 1904 quod
1150 1868 1313 1903 impediebar
1335 1868 1479 1902 plurimum
1506 1869 1592 1896 venire
1610 1870 1646 1896 ad

852 1924 895 1942 eos
913 1915 986 1951 (60);
1002 1923 1056 1942 non
1070 1934 1077 1948 ,
1092 1914 1162 1942 utin
1179 1914 1238 1941 aliis
1263 1913 1373 1946 dicit”.
1393 1915 1538 1949 impeditus
1560 1923 1575 1942 a
1593 1915 1645 1943 Sa--

854 1966 927 1995 lana,
938 1961 985 1989 sed
1007 1961 1138 1989 l‘undandi
1157 1960 1296 1989 Ecclesias
1313 1961 1493 1996 occupatione
1507 1961 1646 1994 detentus,

851 2013 877 2036 et
897 2008 923 2036 in
938 2008 980 2035 his
996 2007 1063 2036 locis
1080 2003 1223 2043 fundandi,
1240 2008 1285 2036 ubi
1300 2007 1402 2035 nullum
1418 2007 1481 2035 ﬁdei
1495 2015 1645 2042 praecesse-

852 2058 895 2081 rat
911 2053 1126 2082 fundamentum.
1152 2055 1312 2089 Exemplum
1330 2059 1422 2082 autem
1440 2055 1473 2082 de
1487 2053 1556 2081 Isaia
1571 2061 1647 2081 illm-

851 2106 927 2136 ptum
949 2106 991 2128 est
1016 2101 1050 2134 ",
1072 2106 1100 2129 et
1129 2102 1225 2129 iisdem
1248 2110 1280 2130 ex
1306 2102 1413 2137 integro
1435 2101 1528 2129 verbis
1548 2100 1648 2136 quibus

853 2148 927 2184 apud
938 2147 1099 2184 prophetam
1115 2148 1225 2184 legitur,
1241 2149 1369 2183 positum.

927 2209 975 2236 "1
994 2208 1178 2242 Thess.u,l8.
1218 2208 1240 2223 ἐ
1255 2208 1306 2236 lsa.
1324 2216 1371 2242 LII,
1390 2207 1432 2236 15.

39 2278 94 2314 49)
119 2278 154 2304 In
179 2279 355 2305 obedientiqu
378 2279 493 2313 gentium
514 2278 590 2305 verbo
607 2282 630 2305 et
657 2277 736 2312 [aclis
758 2288 803 2313 per
821 2284 841 2310 υ
857 2281 901 2307 ubi
922 2281 1072 2308 nominatus
1088 2285 1124 2306 est
1146 2278 1285 2310 Christus,
1306 2288 1337 2306 ne
1350 2287 1429 2313 super
1451 2278 1567 2306 alienum
1584 2279 1646 2314 [uu-

37 2319 164 2341 estntem
181 2314 317 2348 signoruni
332 2318 356 2340 el
372 2314 564 2348 prodigiorum.
577 2318 643 2344 εις..
657 2321 742 2347 usque
756 2315 802 2346 ad,

37 2350 77 2376 vui
93 2357 151 2375 non
174 2350 325 2379 audierunt,
341 2349 498 2381 intelligent,
514 2357 645 2382 nusquam
662 2349 803 2384 repetiuit-

52 2385 84 2410 in
104 2384 204 2417 editis,
221 2385 267 2411 sed
286 2385 465 2411 restituuntur
477 2391 508 2409 ex
525 2392 590 2410 mss.

37 2420 91 2452 50)
115 2419 205 2451 l‘lditi,
220 2425 244 2446 et
260 2420 404 2446 [tortoribus
419 2419 500 2453 hujus
515 2418 615 2446 stt'culi.

37 2455 89 2486 5|)
109 2454 185 2481 Vide
199 2462 293 2486 supra,
308 2454 354 2481 lib.
375 2462 411 2487 tv,
428 2462 501 2480 num.
517 2454 542 2481 9.

37 2490 90 2521 5‘2)
108 2489 200 2521 Etliti,
215 2490 310 2524 gloria.

37 2525 90 2559 35)
104 2524 178 2552 Vide
196 2530 261 2551 tom.
284 2532 342 2555 xm,
365 2524 392 2552 in
407 2523 497 2554 Joau.,
514 2531 588 2551 num.
606 2524 651 2551 Gl).

37 2561 89 2595 34)
111 2559 252 2595 Rabanns
264 2580 270 2592 ,
287 2563 362 2594 signa
383 2568 461 2593 ergo.
478 2565 531 2586 elc.
549 2559 632 2586 Paulo
649 2565 709 2594 post
733 2569 799 2587 mss.

37 2594 121 2627 dum,
139 2594 248 2621 Paulus
262 2601 349 2621 autem
366 2602 412 2628 per
425 2599 590 2628 potestatem,
608 2602 662 2622 etc.

37 2631 87 2665 35)
107 2629 189 2657 Editi
202 2650 209 2660 ,
227 2631 273 2665 sed
293 2631 330 2656 illi
354 2631 397 2657 riu:
412 2638 553 2662 rarumque
576 2631 690 2665 aliquem
712 2637 802 2664 potue-

37 2664 78 2698 t,'
105 2670 166 2692 etc.
193 2665 243 2692 Ms.
268 2664 370 2700 Regius
383 2673 458 2692 num.
474 2665 541 2692 1659
555 2686 562 2696 ι
579 2664 624 2692 sed
640 2666 679 2692 illi
696 2666 738 2693 via:
757 2675 802 2692 ru—

37 2710 42 2727 t
69 2709 217 2741 quemque
238 2705 392 2734 potuerunt,
405 2705 458 2728 etc.
472 2700 570 2729 Cancri
586 2709 652 2729 mss.
671 2707 697 2728 ει
714 2702 803 2729 Raba—

50 2741 86 2762 lll
105 2744 134 2763 In
158 2741 249 2762 textu.

37 2772 85 2804 i6)
109 2771 202 2806 Ealiti,
219 2775 267 2797 aut
280 2771 346 2797 duos
361 2776 406 2798 aut
425 2776 476 2798 tres
488 2772 608 2806 populos.

37 2807 87 2842 57)
107 2805 189 2833 Editi
204 2811 264 2841 post
284 2806 341 2833 lucc
356 2808 436 2833 verba
450 2827 457 2837 ,
475 2805 638 2842 suv'rumeula
652 2808 777 2834 rorrrcrlit
794 2828 801 2839 ,

37 2847 95 2870 unt
117 2850 125 2870 :
148 2842 198 2870 Sic
218 2846 304 2869 autem
328 2842 468 2876 pru'dit'ut'i
491 2841 664 2878 L'ruugclium
680 2844 727 2870 huc
751 2852 802 2870 uult

856 2316 1008 2343 tlmnentuut
1028 2315 1188 2349 mdiﬁcarem
1201 2333 1208 2346 ,
1226 2315 1293 2340 sicut
1314 2317 1442 2349 scriptum
1458 2320 1516 2346 est;
1538 2314 1585 2342 sed
1602 2314 1646 2342 hic

856 2351 978 2386 Apostoli
1003 2355 1148 2378 comextus
1166 2351 1192 2377 in
1218 2357 1283 2376 mss.
1305 2351 1406 2378 nostris
1429 2349 1568 2377 codicibus
1591 2358 1645 2377 non

857 2387 1003 2420 reperitur.

891 2422 948 2457 (58)
975 2421 1019 2450 Sic
1040 2428 1135 2450 omnes
1161 2429 1228 2448 mss.
1254 2425 1280 2448 et
1307 2421 1446 2448 llabanus.
1464 2419 1534 2448 Etliti
1559 2427 1645 2454 vero,

857 2456 1037 2493 Ecclesiurttm
1048 2457 1211 2493 principibus
1224 2461 1246 2482 et
1264 2457 1422 2493 rectoribus.»
1429 2461 1484 2493 Verte.

891 2493 947 2527 (59)
966 2491 1052 2524 ΕιΙὶιίξ
1064 2499 1088 2520 et
1101 2493 1155 2525 ipse
1169 2492 1213 2526 qui
1225 2492 1297 2518 (locet
1315 2494 1381 2524 lucc,
1396 2491 1460 2518 nihil
1474 2492 1569 2527 horum
1582 2491 1647 2526 επὶ-

854 2529 931 2554 rcrit.
947 2528 1048 2555 Deinde
1064 2536 1114 2555 ins.
1133 2535 1214 2559 unus,
1228 2533 1251 2553 et
1271 2527 1328 2553 ideo
1345 2528 1459 2561 [orarent
1474 2526 1516 2552 sui
1537 2531 1646 2559 aposto-

854 2563 924 2589 Iulus
942 2565 1014 2596 ponit
1028 2585 1035 2597 ,
1050 2569 1103 2591 etc.
1119 2562 1172 2589 Sed
1190 2563 1279 2590 ueteri
1297 2570 1373 2595 mss.,
1390 2561 1517 2589 [tabanus
1534 2566 1563 2588 et
1578 2561 1643 2588 editi

856 2602 883 2624 ul
898 2598 923 2624 in
944 2603 1027 2624 textu.

892 2632 949 2666 (60)
972 2633 1040 2660 Editi
1055 2638 1115 2668 post
1132 2634 1190 2660 haec
1203 2633 1296 2663 verba.
1316 2631 1426 2667 Propter
1437 2631 1507 2668 quod
1521 2632 1646 2665 impedie-

856 2667 1153 2701 burplurimmuvenire
1169 2669 1203 2694 nd
1213 2677 1265 2699 ros,
1275 2668 1418 2701 addunt,“
1433 2667 1580 2702 prohibitus
1587 2674 1646 2693 sum

856 2711 937 2735 usque
958 2703 1055 2732 adhuc.
1081 2703 1134 2730 Sed
1160 2703 1217 2730 lure
1244 2704 1396 2738 posteriora
1421 2703 1543 2738 Apostoli
1563 2701 1643 2729 verba

856 2745 944 2771 neque
961 2738 986 2764 in
1003 2746 1066 2765 mss.
1090 2738 1202 2768 uestris,
1222 2746 1309 2772 neque
1326 2740 1396 2773 apud
1415 2739 1555 2766 [labanum
1569 2745 1646 2764 com-

856 2778 969 2807 parent,
995 2779 1022 2799 et
1045 2773 1249 2809 desnttlrcliatll
1277 2774 1303 2801 in
1334 2774 1471 2809 plurisque
1496 2773 1645 2809 Scriptura

856 2809 1057 2844 cxcoqdatilus
1075 2808 1189 2836 (Buccis.
