1851 3054
211 120 276 149 1⁸171

246 184 290 212 13.
312 184 390 212 Nunc
412 193 471 223 vero
490 184 600 212 ulterius
627 185 712 213 locant
734 196 784 214 non
804 188 901 215 habens
914 189 940 215 in
957 189 997 215 Itis

214 231 371 266 regionibus,
387 230 546 257 desitlerium
568 235 655 258 autem
675 232 771 259 habens
791 233 876 260 uenire
899 234 933 261 ad
954 243 997 262 vos

211 276 266 312 iam
276 285 307 304 ex.
320 277 408 303 multis
420 277 625 310 pra’cedentibus
635 279 722 310 annis,
731 287 788 305 cum
802 280 829 306 iu
843 279 997 315 Hispaniam

211 324 376 358 proﬁciscar,
399 331 472 357 spero
493 324 562 358 quod
579 325 795 358 pra’tergrediens
813 326 913 353 videam
937 336 998 361 vos,

211 374 236 396 et
252 378 267 395 a
279 369 347 396 vobis
369 369 486 395 deducor
508 369 582 401 illuc,
597 378 655 396 cum
672 371 881 405 printoexparte
901 372 998 407 fruitus

211 414 287 449 fuero
300 414 369 440 vobis
384 414 416 440 ".
436 413 550 441 Videtur
563 414 621 442 bzec
638 415 662 441 in
678 415 780 443 Achaia
791 417 895 448 positus
910 418 1000 446 dicere

211 459 282 493 apud
298 458 472 490 Corinthum.
487 459 559 486 sicut
573 463 600 485 ct
614 459 640 485 in
657 460 750 494 primis
766 460 892 496 Epistolac
913 463 998 498 parti-

211 505 260 532 bus
284 504 339 538 jatn
364 512 414 539 pro
440 505 542 532 viribus
566 505 812 536 demonstravimus
836 509 916 544 (Si):
940 517 999 544 qua:

210 551 305 586 utique
321 551 422 578 Achaia
441 552 528 579 vicina
552 556 578 579 et
599 553 740 582 coluerens
764 560 806 581 cst
821 555 996 584 Macedonia.

210 595 240 625 lu
254 599 352 634 quibus
366 598 434 626 locis
451 600 569 634 tit-gens.
584 607 645 627 cum
669 601 773 636 singula
800 609 914 637 quaeque
937 611 1000 637 per-

208 650 333 680 agrasset
344 645 520 681 Evangelium
535 647 687 681 prmdicans
702 648 728 674 in
743 647 784 676 his
799 648 927 676 duntaxat
941 649 999 677 liui-

210 691 260 718 lms
281 692 308 718 in
333 692 431 726 quibus
452 692 578 720 Cltristus
596 697 658 720 ante
677 701 729 721 non
753 694 841 721 fuerat
864 695 998 729 praedica-

211 741 255 764 tus
270 737 340 772 (62),
353 742 379 764 et
399 739 536 773 agnitione
554 739 601 766 Dei
626 739 757 774 replesset
779 739 917 771 universa.
936 741 1000 768 dicit

211 783 324 810 ulterius
346 791 375 810 se
399 783 487 811 locum
512 792 564 812 non
590 784 691 812 habere
715 786 741 812 in
763 785 806 813 his
830 786 996 821 regionibus,

210 829 263 856 hoc
278 835 330 862 est,
343 829 430 857 locum
451 830 556 858 nullum
575 831 659 867 678
670 831 721 858 sibi
738 839 880 866 superesse
897 832 998 860 Christi

210 876 412 910 praedicationis
425 885 551 910 vacuum,
567 882 594 904 et
609 883 716 912 tempus
738 877 794 911 jam
811 879 907 906 adesse
925 879 998 907 dcsi~

211 924 276 954 gnat
299 928 353 954 quo
370 921 534 948 desiderium
554 930 631 949 suum
650 923 756 950 videndi
779 931 825 951 eos
841 924 886 958 qui
905 923 998 952 Roma:

212 969 275 992 sunt
290 965 385 992 debeat
399 966 546 1000 adimplere
565 977 570 993 :
589 968 659 1002 quod
677 975 838 1004 conceptum
855 978 889 997 ex
907 970 998 998 tnultis

211 1010 290 1037 annuis
305 1011 426 1045 gerebat,
445 1012 557 1040 dilatant
583 1017 674 1040 autem
696 1014 785 1042 fuerat
799 1021 826 1042 et
840 1016 998 1044 dissimula-

213 1060 281 1089 tum,
297 1057 384 1085 donec
398 1066 505 1086 omnem
523 1059 611 1087 locum
625 1060 651 1088 in
664 1069 717 1096 quo
729 1062 854 1089 Christus
868 1069 922 1089 non
940 1063 998 1089 t'nc-

212 1107 255 1130 rat
272 1104 433 1138 praedicatus
448 1126 455 1138 ,
472 1105 610 1140 agnitione
633 1107 773 1141 Evangelii
797 1107 855 1141 ejus
868 1108 996 1143 repleret.

212 1149 291 1182 Quod
307 1155 396 1178 autent
415 1152 501 1184 dixit,
521 1151 586 1179 Cum
606 1153 633 1179 in
656 1153 812 1186 Hispaniam
831 1154 996 1188 proﬁciscar,

209 1203 287 1228 utero
303 1196 373 1230 quod
388 1198 603 1232 pra'tergrediens
619 1198 721 1225 rideam
739 1207 793 1232 vos,
809 1207 860 1226 non
875 1199 910 1226 ita
925 1200 998 1227 acci-

211 1242 340 1275 piendum
365 1247 406 1269 est
431 1244 508 1277 quasi
527 1248 579 1270 tam
603 1251 687 1278 parvo
707 1252 800 1271 amore
820 1245 917 1272 Paulus
933 1253 996 1280 erga

211 1286 349 1314 Romanos
366 1292 513 1321 teneretur,
532 1293 562 1315 ut
576 1296 622 1316 eos
636 1290 662 1316 in
682 1291 798 1316 transitu
812 1292 998 1319 tantummodo

209 1338 238 1359 et
258 1333 387 1361 aliorsum
405 1341 520 1368 pergens
537 1334 674 1368 iudicaret.
688 1335 826 1365 visendos.
842 1336 910 1363 Vide
925 1337 996 1364 enim

211 1379 237 1405 in
262 1379 492 1415 subsequentibus
513 1382 576 1416 quid
600 1381 732 1416 adiungit.
749 1382 814 1409 Cum
840 1384 935 1417 primo,
954 1384 996 1410 in-

211 1425 281 1458 quit,
297 1432 329 1452 ea:
345 1431 420 1458 parte
433 1426 533 1460 fruitus
552 1427 627 1461 [uero
645 1428 725 1455 vobis.
744 1428 771 1455 Ιιι
793 1436 845 1463 quo
862 1430 954 1463 utique
969 1429 996 1457 in

213 1469 333 1504 ipsorum
354 1471 463 1498 videtur
482 1480 582 1506 puncre
607 1478 757 1508 potestate.
775 1476 883 1509 quando
903 1476 937 1502 ab
958 1476 997 1503 eis

213 1518 265 1546 iter
281 1519 448 1554 propositum
470 1519 567 1546 debeat
591 1520 708 1547 relaxari
721 1529 729 1548 :
744 1525 772 1548 et
795 1529 843 1556 per
862 1522 912 1549 hoc
929 1530 996 1557 quo-

211 1565 273 1592 dam
291 1565 370 1592 modo
391 1573 510 1593 amorem
526 1565 643 1600 ipsorum
662 1574 726 1602 erga
743 1575 772 1595 se
791 1568 885 1596 invitat
900 1573 927 1596 et
944 1577 994 1596 nu-

211 1612 259 1638 trit
272 1631 279 1643 ,
294 1615 323 1638 ul
337 1612 358 1637 si
377 1611 430 1645 ipsi
451 1611 643 1639 insatiabiliter
659 1620 721 1648 erga
737 1612 861 1641 ati'eetum
885 1619 995 1642 tenean-

211 1661 257 1683 tur
279 1656 400 1691 Apostoli
415 1677 422 1690 ,
447 1657 534 1684 sciant
556 1657 612 1692 (65)
637 1658 719 1685 etiam
739 1659 826 1693 ipsum
849 1660 874 1686 id
896 1661 996 1688 habere

210 1703 338 1736 propositi
366 1710 416 1729 non
438 1703 513 1736 prius
537 1702 571 1729 al)
588 1703 627 1730 eis
651 1703 809 1737 discedere,
832 1712 919 1739 neque
942 1706 996 1732 alio

211 1748 344 1782 proﬁcisci
358 1749 427 1784 (64),
446 1756 527 1783 quam
542 1749 683 1777 charitatis
697 1750 817 1784 ipsorum
836 1751 923 1784 gratia
936 1759 996 1785 per-

211 1794 330 1821 trnatur.
347 1794 433 1827 Quam
451 1799 542 1821 tamen
561 1795 722 1823 charitalem
743 1799 843 1823 tantam
857 1797 996 1831 prtesentit

211 1839 330 1865 futuram
342 1859 349 1871 ,
369 1840 411 1866 cui
433 1847 483 1866 nec
500 1840 585 1873 possit
603 1847 637 1868 ex
660 1841 765 1876 integro
787 1841 912 1869 satisﬁeri
925 1863 933 1874 ,
948 1843 994 1870 sed

208 1892 242 1912 ex
256 1889 341 1919 parte,
360 1885 458 1920 inquit.
476 1885 626 1914 Praemonel
642 1887 699 1922 (65)
715 1888 787 1915 enim
804 1888 874 1922 qttod
895 1887 921 1914 in
935 1895 995 1915 om-

209 1931 290 1958 nibus
305 1931 507 1965 evangelizandi
523 1932 671 1960 necessitas
684 1932 852 1967 prmfercnda
868 1932 913 1960 sit.
924 1932 996 1961 Bene

210 1981 300 2003 autem
321 1977 363 2004 bis
378 1984 447 2012 quos
465 1977 585 2005 nomium
610 1979 761 2006 secundum
785 1986 894 2006 carnem
920 1979 996 2006 vitle-

215 2027 268 2056 rat,
283 2027 309 2050 et
325 2023 358 2049 ad
372 2030 440 2057 quos
455 2024 574 2051 nondum
592 2025 619 2051 in
634 2031 749 2059 corpore
764 2025 911 2052 advenerat
926 2025 994 2058 (66),

209 2069 381 2104 przcscutiatn
402 2069 443 2096 sui
458 2074 485 2096 et
502 2070 712 2097 remorationetn
729 2071 894 2098 moderatius
917 2071 997 2105 polli-

209 2120 298 2142 cetur.
325 2115 536 2143 Desiderabilius
556 2117 628 2143 enim
652 2117 815 2150 suscipimus
839 2117 908 2144 bona
936 2125 996 2152 qua:

208 2160 264 2188 cito
284 2161 429 2187 metuimus
455 2160 602 2188 auferenda
625 2169 632 2188 :
657 2161 779 2189 secttrius
795 2169 859 2188 Vero
879 2162 994 2196 negligi-

209 2212 270 2232 mus
283 2206 352 2240 quod
367 2211 520 2235 retenturos
533 2207 590 2242 (67)
604 2215 652 2234 nos
668 2207 770 2234 diutius
785 2207 932 2234 credimus.
950 2207 993 2234 ln-

246 2263 270 2278 ’⁷
281 2261 359 2290 Rom.
376 2272 419 2297 xv,
433 2264 479 2297 ‘25,
489 2264 532 2292 Ἠ.
572 2265 595 2281 ⁸⁸
608 2265 684 2292 Rom.
703 2273 747 2299 xv,
767 2265 812 2298 9.5,
825 2273 866 2300 sq.

245 2329 303 2366 (6!)
319 2331 387 2359 Vide
398 2331 505 2358 νηΐ-ιι.
521 2333 546 2359 in
564 2333 633 2360 hanc
648 2331 732 2366 Epist.

245 2363 302 2400 ((52)
323 2366 371 2393 Ms.
396 2367 494 2401 Regius
519 2376 591 2394 num.
616 2363 704 2398 1659,
720 2369 746 2394 in
771 2368 865 2401 quibus
892 2369 992 2395 Christi

210 2402 271 2425 ante
286 2408 337 2428 non
355 2402 441 2433 fuerat
464 2403 628 2434 prazdicatio.
645 2403 698 2430 Sed
720 2404 809 2430 caeteri
825 2411 891 2431 tuss.
907 2404 992 2430 Raba-

212 2439 262 2460 nns
277 2440 304 2461 et
318 2437 381 2463 editi
399 2442 428 2463 ut
445 2437 469 2464 in
485 2442 569 2464 lexllt.

247 2468 303 2502 (65)
319 2471 367 2498 ills.
386 2472 485 2506 Regius
500 2481 574 2499 num.
589 2472 668 2503 1639,
683 2478 710 2499 ιιι
726 2473 778 2499 sint
791 2473 840 2506 ipsi
854 2473 994 2499 insatiabi-

210 2501 248 2529 les
269 2511 330 2538 ergo
349 2501 471 2540 a/fcctiim
490 2507 617 2541 Apostoli,
632 2501 717 2536 sciant
730 2528 737 2540 ,
755 2501 807 2535 etc'.
829 2508 882 2534 Sed
903 2509 992 2535 ueteri

211 2544 289 2570 mss,
305 2540 440 2572 ltabauus,
456 2547 483 2569 et
495 2543 526 2569 ed
541 2543 558 2568 ti
573 2547 601 2569 ut
616 2543 641 2569 in
657 2549 743 2570 textu.

247 2572 371 2613 (64)]ξί-
387 2577 449 2602 editi
471 2582 498 2603 ct
519 2578 641 2613 plerique
664 2587 730 2607 mss.
748 2577 796 2605 Ms.
815 2585 879 2605 vero
895 2578 993 2613 Regius

297 2610 375 2651 .i(i.59
387 2630 393 2642 ,
413 2619 494 2645 neque
510 2610 576 2638 altas
597 2610 755 2646 (Rabanus,
769 2621 850 2648 neque
864 2615 896 2639 ad
915 2610 993 2647 alios)

279 2653 350 2671 etsct.

209 2645 350 2675 proﬁcisci.

247 2679 302 2713 (U'i)
324 2681 369 2707 sic
383 2680 459 2712 editi,
476 2687 499 2709 et
515 2681 652 2710 Rabauus.
668 2683 730 2710 Mss.
746 2691 810 2710 vero
826 2683 910 2710 nostri
925 2683 970 2709 alii
985 2705 992 2716 ,

211 2710 378 2747 Pritniuuit;
394 2710 600 2750 aliidl’roponil.

318 2750 399 2781 Editi,
415 2751 443 2776 in
463 2749 541 2777 rarae
559 2752 710 2780 advenerat.

245 2785 302 2819 (67)
320 2786 546 2823 Εάίιὶηξρτιιήιιι
559 2795 618 2813 vero
634 2793 659 2813 et
676 2789 847 2823 negligentiae
863 2789 935 2822 quod
953 2797 994 2815 re-

211 2825 336 2857 tenturus,
348 2826 402 2848 etc.
414 2820 477 2848 Mss.
494 2822 556 2853 duo,
570 2820 754 2853 relentaluros:
773 2832 822 2857 pro
835 2820 991 2850 retenturos.

210 2854 242 2882 Et
257 2857 337 2890 paulo
351 2862 411 2892 post
428 2858 502 2890 editi,
519 2863 545 2883 ut
562 2862 733 2884 mutationem
749 2854 857 2886 suam...
872 2858 990 2885 colloca.

945 126 1104 155 ORIGENIS

905 2266 927 2281 ’τ’
943 2264 962 2292 ll
979 2265 1042 2294 Cor.
1058 2273 1088 2297 It,
1102 2273 1143 2300 sq.

1763 132 1811 160 liii

1013 190 1034 218 Α
1052 193 1153 216 tantttm
1167 193 1255 216 autent
1271 197 1332 226 erga
1348 199 1375 218 se
1395 191 1580 219 Romanorum
1598 193 1682 220 nutrit
1699 192 1811 227 affectum,

1050 238 1077 261 et
1093 235 1300 263 remoratiouem
1315 244 1391 263 suam
1408 237 1433 263 in
1449 237 1570 272 ipsorum
1587 238 1698 265 arbitrio
1711 239 1813 271 collocat,

1050 284 1078 307 ut
1095 280 1167 307 dicat
1180 288 1208 308 se
1228 281 1262 308 ab
1278 282 1342 315 ipsis
1357 282 1542 310 deducendum
1565 283 1598 310 ad
1616 283 1768 319 Hispaniam
1780 292 1815 316 ,ει

1051 331 1113 353 tunc
1130 326 1314 354 deducendum
1328 348 1336 360 ,
1350 335 1410 354 cmn
1428 328 1494 363 ipsis
1505 329 1581 364 prius
1597 330 1623 356 in
1645 337 1736 356 amore
1754 332 1813 357 satis-

1051 372 1144 399 fecerit
1166 381 1173 398 :
1197 371 1224 398 in
1249 379 1301 407 quo
1331 374 1423 407 utique
1448 374 1471 401 si
1496 376 1690 409 propensiores
1724 377 1816 403 cxstiuy

1051 418 1123 451 rint,
1147 418 1306 446 demorandi
1328 419 1428 447 diutius
1450 427 1548 447 causas
1571 420 1622 455 ipsi
1644 421 1766 455 Apostolo
1779 421 1816 448 da-

1050 463 1125 490 bunt.

1086 509 1129 536 M.
1147 508 1224 536 Nunc
1236 518 1295 537 vero
1310 510 1464 545 proficiscar
1478 511 1505 538 in
1516 509 1670 538 Jerusalem
1689 513 1818 539 ministrari

1050 556 1158 581 sanctis.
1174 554 1280 582 Placuit
1298 556 1366 582 enim
1383 555 1546 583 Macedonia?
1560 562 1583 583 et
1596 557 1705 583 Achaia
1718 557 1768 591 (68)
1781 560 1819 584 to}.

1050 600 1173 627 lationem
1193 602 1313 635 aliquam
1331 601 1418 635 facere
1433 603 1459 628 iu
1482 610 1612 636 paupere:
1629 608 1772 629 sanctarum
1787 612 1820 637 qui

1049 651 1111 671 sunt
1130 647 1156 671 in
1181 645 1341 672 Jerusalem.
1363 645 1530 681 Complacuit
1554 647 1644 678 enim,
1666 652 1691 673 et
1712 647 1822 674 debitam

1049 695 1109 717 sunt
1132 698 1222 716 eorum
1246 690 1302 726 (69)
1327 698 1334 716 ε
1355 691 1483 724 quoniam
1503 692 1525 717 si
1542 691 1725 725 spiritualium
1750 701 1821 718 (oratr:

1049 736 1189 770 participes
1203 737 1283 770 [actm
1297 740 1358 762 sunt
1377 741 1474 770 gentes,
1489 736 1584 763 debent
1604 741 1630 762 ct
1643 737 1671 762 in
1690 737 1821 763 carnalibus

1050 783 1203 810 ministrare
1220 782 1267 808 eis.
1283 781 1341 807 Hoc
1359 789 1419 816 ergo
1439 789 1497 808 cum
1514 785 1745 814 consummdcero,
1759 788 1779 808 ιι
1793 791 1823 807 as-

1050 829 1188 863 signasero
1209 827 1247 855 eis
1265 827 1383 862 fructum
1400 827 1470 854 hunc
1482 847 1491 860 ,
1509 828 1671 862 proﬁciscar
1691 836 1738 863 per
1751 837 1788 855 vos
1803 830 1822 853 in

1014 862 1034 889 Β
1049 873 1219 908 Hispaniam.
1243 873 1306 900 Scio
1328 873 1397 900 enim
1414 875 1542 908 quoniam
1561 874 1668 900 veniens
1683 874 1718 900 ad
1731 882 1784 905 vos,
1803 874 1822 899 in

1049 919 1214 947 abundantia
1228 919 1415 946 benedictionis
1435 918 1533 945 Christi
1544 920 1647 946 veniam
1660 920 1694 946 ’⁸.
1708 920 1823 953 Quoniam

1048 964 1181 999 placuerit
1195 963 1357 991 Macedonia:
1369 968 1397 991 et
1408 963 1519 991 Achaia:
1530 963 1706 992 collationem
1721 965 1822 999 aliquam

1049 1010 1139 1038 facere
1155 1010 1182 1037 in
1197 1017 1329 1044 pauperes
1352 1014 1509 1037 sanctorum
1532 1010 1580 1044 qui
1605 1015 1672 1037 sunt
1687 1011 1713 1037 in
1731 1010 1823 1038 Janua-

1048 1056 1101 1083 lem
1115 1077 1122 1089 ,
1144 1063 1287 1091 possumus
1303 1059 1331 1082 ct
1351 1055 1385 1082 de
1408 1055 1526 1082 secunda
1551 1055 1675 1090 Epistola
1696 1057 1728 1082 ad
1744 1056 1825 1083 Corin—

1049 1103 1121 1130 thios
1134 1102 1239 1137 pleuitts
1255 1102 1369 1133 discere,
1385 1101 1411 1128 in
1425 1108 1477 1135 qua
1492 1101 1545 1128 hoc
1557 1102 1638 1129 modo
1654 1102 1748 1129 scribit
1761 1102 1823 1137 (703:

1051 1148 1148 1175 Notam
1166 1154 1253 1175 autem
1268 1147 1339 1182 facio
1354 1148 1436 1179 vobis,
1453 1147 1565 1180 fratres,
1579 1148 1698 1182 gratiam
1716 1147 1762 1174 Dei
1778 1157 1825 1183 (μα’

1048 1196 1111 1222 data
1125 1199 1162 1221 est
1176 1194 1239 1220 mihi
1255 1195 1281 1220 in
1301 1193 1426 1220 Ecclesiis
1440 1193 1622 1226 Macedoniaz,
1638 1195 1702 1227 quia
1717 1195 1744 1220 in
1755 1195 1824 1220 multa

1048 1241 1202 1275 probatione
1216 1240 1396 1267 tribulationis
1408 1240 1575 1266 abundantia
1590 1241 1684 1274 gaudii
1698 1249 1792 1270 eorum,
1805 1247 1823 1266 at

1047 1286 1179 1321 profunda
1193 1291 1332 1319 paupertas
1345 1294 1435 1313 eorum
1446 1287 1590 1313 abundavit
1607 1286 1641 1312 ad
1658 1287 1763 1313 dit-ilia:
1774 1288 1824 1312 sint-

1047 1332 1174 1366 plicitati:
1186 1339 1275 1358 eorum
1293 1339 1301 1358 :
1314 1332 1438 1366 quoniam
1453 1333 1598 1359 secundum
1615 1333 1737 1359 rirtutem
1753 1334 1824 1366 (testi-

1048 1377 1165 1403 ntonium
1184 1377 1305 1411 perhibeo
1318 1378 1366 1412 eis)
1385 1382 1410 1404 et
1425 1386 1505 1412 supra
1526 1378 1647 1404 virtutem
1667 1387 1717 1405 sna
1730 1384 1825 1412 sponte,

1048 1422 1138 1449 multis
1149 1423 1270 1456 precibus
1286 1422 1343 1458 (Ἠ)
1357 1423 1524 1449 obsecrantes
1541 1431 1587 1450 nos
1597 1424 1716 1457 gratiam
1731 1429 1754 1450 et
1769 1433 1826 1449 caut-

1047 1470 1196 1496 munionem
1208 1478 1266 1504 quia
1285 1470 1315 1503 fit
1334 1470 1362 1496 in
1377 1473 1484 1496 sanctos
1499 1469 1534 1502 ",
1550 1474 1578 1496 et
1593 1470 1708 1504 reliqua.
1726 1470 1757 1496 Et
1769 1471 1826 1497 sicut

1010 1531 1030 1559 Ο
1050 1515 1074 1542 in
1092 1515 1134 1543 his
1148 1516 1330 1543 testimonium
1345 1515 1435 1543 reddit
1448 1515 1657 1547 Macedonibus,
1676 1516 1713 1542 ita
1730 1524 1824 1542 rursum

1048 1562 1210 1588 cohortatur
1225 1566 1252 1589 et
1264 1561 1436 1593 Corinthios,
1452 1561 1546 1588 dicens
1562 1571 1567 1588 :
1587 1561 1640 1589 Sed
1653 1563 1723 1588 sicut
1745 1563 1770 1588 in
1784 1570 1826 1588 σιη-

1049 1608 1124 1634 ιιὶὺιισ
1139 1608 1284 1635 abundatio
1299 1609 1362 1643 ﬁde,
1376 1614 1399 1636 et
1415 1610 1504 1641 verba,
1521 1614 1545 1636 et
1559 1609 1681 1640 scientia,
1700 1614 1725 1635 et
1749 1614 1825 1635 nostra

1046 1656 1074 1682 in
1098 1664 1141 1683 eos
1161 1655 1291 1683 charitate
1303 1676 1311 1686 .
1329 1657 1366 1684 ita
1379 1663 1404 1684 et
1419 1658 1447 1684 in
1466 1660 1515 1684 hac
1538 1658 1624 1692 gratia
1646 1657 1785 1683 abundetis
1801 1657 1826 1686 ⁷³,

1046 1706 1074 1729 et
1094 1702 1209 1737 reliqua.
1228 1702 1282 1729 Sed
1305 1707 1333 1730 et
1357 1703 1384 1730 in
1411 1703 1473 1730 aliis
1499 1703 1660 1730 collaudans
1682 1702 1827 1729 Corinthio»:

1046 1748 1109 1783 quia
1125 1755 1189 1783 erga
1206 1749 1421 1776 communionem
1436 1756 1584 1784 pauperum
1601 1749 1648 1782 qui
1664 1753 1731 1775 sunt
1747 1749 1772 1774 in
1792 1747 1827 1774 ,ιιι-

1048 1794 1166 1821 rusalem
1184 1794 1300 1828 prompti
1321 1794 1432 1826 fuerint,
1449 1794 1514 1821 dicit
1528 1805 1534 1821 :
1552 1793 1584 1820 Et
1600 1794 1744 1820 consilium
1755 1795 1781 1819 in
1789 1793 1828 1818 ιω(

1046 1839 1080 1865 do
1093 1847 1102 1865 :
1115 1838 1164 1865 hoc
1178 1839 1245 1865 enim
1267 1839 1337 1865 vobis
1356 1840 1475 1873 expedit,
1493 1841 1537 1874 qui
1556 1847 1607 1866 non
1622 1839 1712 1866 solum
1732 1839 1827 1872 [cum

1046 1883 1092 1910 sed
1105 1888 1129 1910 et
1141 1884 1205 1912 velle
1223 1885 1337 1918 coepisti:
1348 1885 1380 1911 ab
1399 1893 1468 1911 anno
1482 1886 1570 1919 priore
1584 1892 1595 1910 :
1611 1893 1683 1911 nunc
1701 1889 1789 1911 autem
1809 1890 1827 1910 et

1047 1929 1117 1963 facta
1132 1930 1248 1964 perﬁcito
1263 1930 1296 1957 ³¹.
1312 1930 1364 1958 Sed
1381 1935 1409 1957 et
1432 1930 1458 1957 iu
1475 1930 1590 1965 reliquis
1608 1930 1643 1957 de
1669 1930 1722 1957 hac
1743 1930 1826 1956 eadem

1047 1979 1201 2002 sanctorum
1225 1974 1282 2010 (72)
1304 1975 1496 2002 communione
1517 1975 1708 2009 prosequitur,
1726 1980 1755 2002 et
1778 1979 1827 2009 pusl

1047 2022 1185 2057 aliquanta
1209 2023 1284 2049 addit
1302 2031 1309 2049 :
1325 2022 1362 2049 De
1380 2023 1525 2049 ministerio
1545 2028 1633 2049 autem
1658 2024 1733 2058 quod
1753 2024 1786 2049 sit
1807 2023 1827 2047 iu

1046 2075 1169 2103 sanctas,
1192 2070 1355 2104 superfluum
1382 2074 1418 2095 eu
1443 2069 1515 2096 t-obia
1537 2069 1663 2096 scribere.
1683 2068 1748 2096 Scio
1768 2069 1827 2095 enim

1047 2121 1192 2150 promptam
1206 2114 1365 2141 voluntatem
1381 2119 1493 2140 vestram
1505 2134 1513 2146 ,
1536 2123 1584 2148 pro
1600 2123 1653 2149 qua
1670 2114 1793 2149 gratulor
1803 2115 1827 2138 dt

1047 2161 1117 2188 vobis
1135 2161 1333 2193 Macedonibus,
1352 2161 1414 2195 quia
1434 2160 1535 2187 Achaia
1550 2165 1647 2195 parata
1664 2166 1702 2187 est
1717 2160 1750 2186 ab
1768 2167 1826 2186 artua

1012 2204 1033 2232 Ι)
1048 2208 1157 2243 priore,
1183 2212 1205 2234 et
1235 2212 1320 2234 vestra
1346 2206 1484 2234 wmulatio
1505 2207 1657 2240 prouocauit
1682 2207 1782 2232 multo;
1800 2205 1827 2228 ’ἦ

1183 2265 1206 2281 ³⁸
1224 2265 1289 2292 ibid.
1304 2265 1330 2291 7.
1367 2264 1388 2279 “
1403 2263 1468 2290 ibid.
1488 2263 1532 2291 10,
1562 2263 1583 2278 ³⁸
1599 2262 1619 2289 ll
1634 2262 1701 2290 Cor.
1717 2264 1792 2294 11,1,
1805 2262 1827 2287 Ξ.

1047 2333 1124 2361 Male.

1083 2370 1138 2404 (68)
1150 2368 1230 2401 Editi,
1243 2368 1421 2395 Probat-erunt
1433 2366 1501 2392 enim
1514 2365 1674 2393 Macedonia
1685 2373 1711 2393 et
1725 2367 1827 2394 Actaeis.

1046 2409 1100 2432 etc.

1084 2439 1140 2474 (69)
1167 2439 1228 2466 Haec
1243 2439 1325 2466 verba
1338 2458 1345 2470 ,
1364 2436 1529 2474 Complacuit
1550 2437 1620 2463 enim
1634 2457 1643 2469 ,
1664 2442 1688 2464 et
1709 2437 1828 2462 debitam

1047 2472 1106 2501 sunt
1122 2472 1221 2503 eorum.
1241 2480 1305 2504 etc.,
1321 2479 1406 2507 usque
1421 2472 1466 2503 ad,
1479 2479 1618 2504 possumus
1631 2478 1656 2499 et
1672 2474 1705 2498 de
1722 2474 1829 2498 sec-ad:

1050 2509 1168 2543 Epistula
1182 2509 1216 2535 ad
1231 2509 1393 2539 Corinthios,
1411 2511 1476 2538 εις..
1493 2507 1686 2534 desiderantur
1701 2507 1728 2533 in
1749 2508 1828 2535 edim

1048 2545 1094 2571 sud
1110 2545 1289 2571 restituuntur
1303 2551 1335 2570 ex
1354 2549 1418 2570 mss.

1084 2578 1140 2614 (70)
1164 2579 1208 2606 Sic
1231 2587 1326 2605 omnes
1343 2586 1407 2604 mss.
1424 2575 1618 2614 etnRabianus.
1640 2577 1732 2614 Editio
1749 2582 1827 2603 ante»:

1050 2611 1158 2644 Veneta,
1176 2615 1203 2640 in
1217 2622 1268 2649 qua
1283 2614 1338 2640 hwc
1354 2614 1390 2639 ibi
1405 2611 1508 2638 scribit.
1523 2613 1624 2640 Cteteri
1648 2613 1728 2645 editi,
1747 2614 1774 2637 in
1787 2619 1827 2645 qu

1049 2650 1103 2676 ha'r
1116 2649 1214 2677 St'l'lbll.

1085 2684 1142 2717 (7|)
1158 2684 1195 2711 lta
1213 2691 1277 2712 mss.
1288 2683 1418 2717 plerique,
1429 2685 1560 2712 Rabanus
1572 2688 1599 2710 et
1614 2684 1692 2710 editi.
1712 2682 1762 2709 Ms.
1775 2688 1829 2705 ητα

1050 2719 1148 2753 Regius
1166 2728 1238 2746 uuut.
1259 2719 1339 2752 1639,
1361 2724 1385 2745 et
1400 2728 1481 2753 supra
1494 2720 1620 2746 virtutth
1639 2727 1715 2745 suam
1732 2722 1827 2750 spent:-

1048 2756 1089 2781 ttei
1106 2754 1210 2787 [nerunt
1224 2775 1230 2787 ,
1254 2754 1344 2780 multis
1359 2755 1490 2788 precibus,
1508 2760 1578 2787 clc.,
1595 2756 1668 2789 quod
1682 2758 1784 2780 rectius
1797 2758 1827 2775 Η·

1047 2791 1139 2820 detur;
1155 2790 1200 2816 sed
1219 2789 1284 2815 nihil
1302 2790 1422 2815 immuto.

1082 2825 1138 2860 (7'2)
1151 2825 1318 2851 Sanctorum.
1337 2824 1450 2851 Decstin
1462 2824 1543 2852 libris
1557 2829 1638 2852 ante:
1654 2824 1746 2852 editis.

1055 2894 1068 2903 ς
