1851 3054
165 118 234 148 1275

909 107 1070 137 ORIGENIS

1733 107 1796 134 ΙΞἹΕ

165 176 319 206 differentia
339 180 493 202 sermonum
524 178 576 206 qua
603 177 667 205 erga
691 173 835 203 utramque
851 171 955 201 partem
971 169 993 196 Λ
1013 166 1081 192 Deus
1094 166 1125 192 “.
1144 165 1178 193 lit
1192 169 1291 193 caetera
1305 165 1349 192 his
1362 164 1459 192 similia
1473 165 1519 200 qui
1536 165 1666 193 observat
1683 163 1709 192 in
1721 172 1797 200 opere

163 232 229 252 usus
246 228 286 250 est
303 221 357 257 (8'1)
382 219 493 251 Paulus,
508 225 560 244 non
586 216 650 243 mihi
676 216 784 243 videtur
809 215 908 242 otiosa.
927 214 953 240 In

165 269 335 305 spiritalibus
348 267 418 293 enim
434 263 651 292 commuttionem
665 262 706 288 vel
719 260 953 296 participationem

163 315 272 350 posuit;
287 314 313 340 in
333 311 488 339 carnalibus
504 318 568 337 vero
585 308 784 340 ministerium;
799 313 825 334 et
843 307 895 333 hoc
909 306 954 332 de-

164 361 249 388 bitum
262 365 334 388 esse,
349 357 412 383 illud
427 364 491 383 vero
503 354 778 383 communicaridicit
794 362 800 379 :
820 357 850 379 ut
863 357 954 379 osten-

163 406 209 434 dat
221 404 282 439 quia
302 402 464 438 perfectiora
483 407 596 434 qumque
615 405 743 433 tanquam
758 398 880 426 caelestia
899 404 954 425 ter-

163 451 236 478 renis
255 457 306 475 non
324 454 378 474 tam
396 447 543 476 debentur,
561 453 642 479 quain
660 445 884 476 ctuumodantnr;
903 450 954 471 ter-

162 503 229 524 rena
245 503 310 522 vero
324 500 350 521 et
368 493 487 520 carnalia
503 490 560 526 (88)
578 496 704 525 tanquam
721 498 770 525 pro
790 490 880 517 debito
896 490 953 517 exi-

162 546 273 577 guntur.
290 541 429 568 Debitor-es
446 539 518 565 enim
535 537 624 565 cﬂ‘ecti
645 545 739 564 sumus
760 538 907 565 secundum
923 537 953 564 il-

161 588 215 614 lum
232 587 276 621 qui
296 587 424 621 primitus
439 591 580 620 acceptum
600 585 813 612 immortalitatis
827 589 854 612 et
869 585 953 611 incor-

161 634 346 668 ruptibilitatis
365 641 475 660 censum
500 633 526 660 in
552 634 678 666 paradiso
701 631 821 667 perdidit
845 638 954 664 persua-

161 680 238 706 sione
255 679 408 713 serpentis;
423 684 450 706 et
468 679 528 705 ideo
544 679 683 706 debitores
701 677 832 704 cllicimur
857 684 951 704 omnes

161 731 294 760 quotquot
310 725 335 751 in
352 725 556 751 similitudinetn
575 724 640 751 Atla:
658 728 732 751 sorte
750 723 952 758 prtcvaricatio-

160 773 202 799 uis
227 772 414 806 astringimur.
427 770 531 798 Idcirco
543 778 608 805 ergo
620 776 645 797 et
658 775 790 805 praecepta
803 770 950 801 donantur,

161 823 190 845 ttt
212 817 301 844 debita
331 817 528 852 persolvamus.
559 817 679 852 Denique
699 822 726 843 et
752 817 778 843 in
804 815 951 851 Evangelio

161 863 288 891 Salvator
313 864 347 890 ita
372 864 437 890 dicit
454 873 460 890 :
481 864 547 890 Cum
560 870 646 890 autem
663 864 776 898 feceritis
790 864 877 890 omnia
893 871 951 898 quia

158 911 271 945 prtvcepi
289 910 359 936 vobis
378 909 445 945 (80),
461 910 539 936 dicite
560 910 624 941 quia
639 910 707 937 σενι-ἰ
721 910 826 936 inutiles
839 917 950 941 sumus;

159 956 232 991 quod
254 956 393 983 debuimus
410 955 507 988 facere,
525 956 635 989 fecimus
649 955 681 983 ³³.
698 955 734 982 Ea
752 963 814 982 vero
830 962 889 988 qua:
905 962 952 981 sn-

159 1010 207 1037 pra
236 1002 354 1029 debitum
380 1001 506 1033 facimus,
528 1009 580 1028 non
609 1001 722 1029 faciams
737 1009 769 1028 ex
797 1001 949 1036 prater-ptis.

159 1048 242 1076 Verbi
255 1057 347 1082 causa,
366 1049 510 1083 virginitas
529 1055 581 1074 non
600 1055 632 1074 ex
650 1048 742 1075 debito
757 1049 890 1075 solvitur:
908 1056 951 1075 ue-

160 1103 212 1129 qne
224 1094 296 1122 enim
314 1102 363 1128 per
380 1099 545 1129 praeceptum
562 1094 711 1129 expetitur,
724 1095 770 1120 sed
782 1103 862 1128 supra
875 1095 947 1122 debi-

159 1146 215 1167 tum
228 1140 351 1168 oth-rtur.
363 1141 430 1167 Audi
445 1140 562 1174 denique
574 1140 685 1167 Paulum
699 1141 784 1176 680
799 1141 947 1167 dicentem:

160 1186 199 1213 De
211 1186 353 1220 virginibus
365 1190 451 1212 autem
467 1192 623 1220 pra‘ceplum
641 1185 746 1212 Domini
761 1195 812 1213 non
823 1186 905 1213 habeo
915 1187 948 1212 δε.

159 1233 204 1259 Sic
223 1239 288 1267 ergo
308 1234 340 1258 de
354 1231 524 1266 spiritalibus
550 1236 577 1258 et
595 1231 804 1266 perfectioribus
829 1239 950 1258 commu-

158 1279 266 1306 nionem
289 1277 357 1313 t90i,
377 1277 466 1304 dixit:
488 1277 520 1304 de
542 1276 716 1303 inferioribus
734 1284 798 1304 vero
812 1282 839 1304 et
855 1285 950 1304 carna-

157 1324 228 1352 libus
246 1324 366 1351 debitum
390 1323 571 1350 ministeritttn
602 1323 765 1350 nominavit.
788 1323 842 1358 Ego
859 1328 948 1350 autem

158 1370 367 1405 perlinjusmodi
384 1369 565 1396 ministerium
579 1369 660 1395 etiam
675 1369 739 1395 illttd
755 1369 948 1396 atlvertendmn

157 1423 222 1451 puto
242 1417 313 1451 quod
336 1421 377 1442 est
405 1415 430 1442 in
450 1415 588 1442 Psalmis:
609 1415 660 1447 Qui
681 1415 744 1449 facit
767 1415 872 1450 angelos
888 1423 949 1442 suos

157 1463 277 1495 spiritus,
296 1467 319 1488 et
337 1462 474 1488 ministras
488 1469 549 1487 suos
563 1461 699 1495 ﬂairimant
715 1462 783 1496 ignis
799 1462 834 1495 “,
847 1468 875 1489 ιιι
892 1462 948 1488 sei-

1008 210 1066 242 Dci.
1088 218 1157 245 opus
1175 218 1253 237 suum
1271 209 1412 245 signaculo
1434 209 1536 237 divina:
1560 209 1691 245 imaginis
1705 210 1795 245 signat.

1006 257 1071 284 Cum
1087 265 1159 291 ergo,
1188 257 1287 290 inquit,
1303 257 1351 283 hoc
1369 265 1595 290 consummavero,
1622 261 1687 285 tunc
1700 266 1744 292 per
1758 265 1797 284 vos

1005 303 1039 329 ad
1069 302 1226 337 Hispaniam
1249 302 1412 336 proﬁciscar.
1437 301 1579 329 Promittit
1606 310 1674 330 sane
1699 304 1797 338 grande

1005 356 1103 375 mtnuts
1124 348 1263 379 Romanis,
1280 353 1307 374 et
1322 347 1387 374 dicit
1404 356 1410 375 :
1433 347 1493 375 Scio
1519 349 1590 375 enim
1617 350 1746 383 quoniam
1759 359 1796 377 re-

1005 397 1078 424 niens
1096 397 1130 423 ad
1157 404 1212 428 vos,
1238 396 1266 422 in
1295 395 1459 422 abundantia
1482 396 1680 424 benedictionis
1705 397 1795 424 Christi

1005 444 1126 470 reniam:
1143 442 1213 476 quod
1238 450 1292 470 non
1316 442 1368 469 nisi
1396 450 1444 477 per
1472 442 1610 477 Spiritum
1630 449 1755 470 sanctum
1771 450 1796 471 et

1005 488 1155 522 prophetia:
1167 488 1280 522 gratiam
1295 488 1450 521 pollicetur.
1464 489 1554 522 Supra
1570 489 1711 516 hominem
1724 497 1798 516 nam-

1005 542 1057 567 que
1083 540 1124 561 est
1151 535 1209 562 lucc
1234 535 1307 561 scire
1325 534 1358 561 de
1375 534 1485 566 futuris,
1500 536 1573 569 quod
1591 544 1645 562 non
1671 537 1758 563 solum
1770 536 1795 563 in

1004 581 1194 608 benedictione
1211 581 1324 612 Christi,
1342 583 1436 608 vehunt
1455 581 1539 608 etiam
1563 587 1591 608 et
1610 582 1634 608 iu
1657 582 1796 609 abundan-

1005 627 1040 654 tia
1072 627 1271 654 benedictionis
1299 631 1428 653 venturus
1452 627 1488 653 sit
1518 627 1552 654 ad
1570 635 1628 656 eos.
1658 629 1685 655 ιιι
1705 636 1760 663 quo
1772 633 1799 656 et

1004 673 1138 700 venientis
1167 673 1266 708 gratia,
1288 677 1315 700 et
1344 673 1552 707 suscipientium
1573 675 1679 708 pariter
1702 676 1798 702 merita

1004 719 1194 753 designantur.

1039 766 1083 793 15.
1115 766 1245 800 Deprecor
1271 766 1352 800 igitur
1374 775 1427 799 cor,
1449 767 1559 801 fratres,
1586 775 1633 801 per
1660 767 1800 794 Dominum

1003 819 1120 839 nostrum
1131 812 1222 840 Jesum
1245 811 1390 846 Christum,
1407 819 1432 840 et
1446 822 1492 846 per
1504 814 1668 840 cltaritatem
1684 814 1799 848 Spiritus

1004 859 1075 894 (9'5),
1092 864 1119 885 ut
1137 859 1266 891 adiuvetis
1282 867 1322 886 me
1340 859 1368 886 iu
1397 860 1564 886 orationibus
1589 861 1624 886 ad
1655 859 1751 890 Deum.
1771 864 1799 887 ut

1003 905 1098 931 liberer
1121 905 1153 931 ab
1171 905 1318 931 incredulis
1332 905 1378 939 qui
1391 910 1452 932 sunt
1473 905 1500 931 in
1514 904 1624 936 ludam,
1641 911 1666 931 et
1683 906 1800 932 ministe-

1003 951 1070 977 rium
1088 951 1136 977 hoc
1152 959 1236 977 nteant
1253 956 1386 984 acceptum
1399 951 1446 984 ﬁat
1461 951 1559 977 sanctis
1577 951 1606 976 in
1619 951 1797 986 Jerosolgnm,

1003 1001 1030 1023 ut
1049 997 1152 1023 veniens
1166 997 1200 1022 ad
1216 1004 1259 1023 vos
1280 997 1306 1022 in
1326 996 1424 1030 gaudio
1444 1005 1504 1023 cum
1524 996 1663 1023 t'alttulate
1680 996 1747 1029 Dei,
1759 1005 1800 1023 re-

1001 1044 1133 1077 quiescam
1150 1043 1283 1070 vobiscum
1295 1042 1328 1068 ".
1342 1042 1416 1069 Licet
1433 1042 1459 1068 in
1477 1042 1670 1076 superioribus
1686 1042 1798 1075 dixerit,

1003 1089 1064 1117 Scio
1092 1090 1161 1116 enim
1188 1089 1314 1123 quoniam
1340 1088 1443 1115 veniens
1464 1088 1498 1115 ad
1514 1097 1571 1118 uos,
1590 1089 1617 1115 in
1635 1088 1798 1115 abundantia

1003 1136 1193 1162 benedictionis
1217 1134 1317 1162 Christi
1341 1135 1443 1162 veniam
1458 1135 1492 1167 ⁸⁵,
1512 1135 1693 1162 nihilominus
1710 1141 1798 1162 L‘Illlell

1001 1182 1106 1210 sciebat
1123 1183 1204 1209 etiarn
1219 1182 1245 1208 in
1262 1181 1303 1209 lllS
1320 1191 1381 1217 qua:
1394 1182 1537 1210 manifeste
1550 1182 1643 1210 futura
1661 1191 1797 1217 cognove-

1003 1235 1055 1260 ηιξ,
1076 1229 1230 1256 orationem
1257 1237 1315 1257 esse
1338 1230 1523 1258 necessariam
1543 1239 1549 1256 :
1568 1237 1630 1264 qute
1655 1230 1749 1263 utique
1763 1230 1801 1261 si,

1001 1276 1076 1302 verbi
1100 1283 1195 1308 causa,
1212 1283 1266 1303 non
1292 1276 1387 1303 fuisset
1411 1276 1545 1308 adhibita,
1563 1281 1728 1310 sequeretur
1741 1277 1799 1303 sine

1002 1321 1083 1348 dubio
1102 1329 1156 1348 non
1183 1321 1289 1356 impleri
1313 1322 1384 1356 quod
1400 1321 1490 1349 fuerat
1509 1323 1718 1357 prophetatum.
1733 1322 1799 1356 Quis

1001 1374 1066 1402 ergo
1083 1368 1187 1402 estqui
1214 1368 1270 1394 lucc
1301 1367 1404 1402 legens,
1424 1369 1496 1403 quod
1513 1369 1615 1396 Paulus
1636 1370 1799 1403 deprecetur

1000 1420 1048 1440 eos
1067 1413 1113 1448 qui
1129 1412 1223 1440 Ruina:
1236 1417 1300 1440 sunt
1311 1413 1410 1441 fratres
1424 1422 1505 1442 orare
1518 1423 1568 1449 pro
1584 1423 1626 1447 se,
1639 1421 1801 1443 contemnat

1000 1461 1042 1487 vel
1060 1461 1192 1495 despiciat
1209 1461 1349 1489 orationes
1370 1461 1501 1489 Ecclesim
1517 1463 1669 1497 postulare,
1686 1463 1798 1489 etiamsi

158 1509 220 1536 licet
235 1508 344 1543 angelos
363 1508 461 1539 bonos,
477 1508 588 1542 spiritus
613 1507 789 1542 appellaverit
817 1513 945 1542 tanquam
962 1514 984 1544 ο
1001 1507 1146 1534 inferiores
1161 1509 1265 1535 meritis
1280 1515 1341 1535 esse
1357 1508 1500 1535 videantur
1516 1509 1544 1535 hi
1563 1516 1578 1534 a
1594 1509 1699 1543 quibus
1710 1509 1800 1536 oratio

156 1554 304 1590 spiritales,
321 1562 367 1581 eos
388 1562 451 1581 vero
476 1554 520 1588 qui
540 1559 657 1588 praesunt
682 1554 839 1580 ministeriis
853 1561 946 1588 parua-

156 1606 227 1631 rum,
253 1603 278 1625 et
305 1597 427 1625 llatnmas
454 1598 645 1632 peccatoribus
674 1602 787 1632 parant,
807 1599 946 1626 ministros

157 1646 270 1671 llatntna’
299 1643 418 1670 ardentis
447 1644 627 1671 nominaverit
645 1643 711 1678 (9|).
737 1644 798 1671 lbec
821 1645 946 1679 quamvis

155 1698 203 1725 per
218 1697 359 1717 excessum
374 1691 515 1725 quemdam
529 1691 598 1718 dicta
613 1698 672 1718 esse
685 1691 838 1724 vidcantur,
854 1696 944 1718 tainen

153 1738 217 1771 quia
232 1737 308 1764 locus
320 1737 471 1767 admonuit.
481 1745 532 1764 non
547 1737 699 1765 omisimtts.
715 1737 776 1764 Post
789 1738 846 1764 lucc
859 1739 943 1764 dicit:

155 1783 214 1810 Hoc
229 1792 289 1818 ergo
303 1792 361 1810 cum
378 1792 592 1810 consummavero
606 1789 628 1810 et
642 1785 808 1817 assiqnavero
824 1785 861 1811 eis
888 1785 945 1818 fru-

154 1836 224 1857 ctum
244 1830 323 1862 ltunc,
339 1830 494 1864 proﬁciscar
508 1839 553 1864 per
572 1839 616 1857 ros
644 1830 670 1856 in
694 1830 864 1864 Hispaniam.
884 1831 944 1857 Scio

152 1877 220 1904 enim
234 1877 356 1910 quoniam
370 1877 475 1903 veniens
489 1877 524 1902 ad
542 1885 596 1908 vos,
615 1877 641 1903 in
657 1876 820 1903 abundantia
841 1877 945 1903 benedi-

154 1922 248 1949 ctionis
262 1922 358 1948 C/tristi
372 1923 481 1948 rcuium.
502 1921 566 1949 Vide
578 1929 638 1949 cunt
656 1921 711 1957 (9°!)
726 1927 825 1956 quanta
838 1922 943 1949 cautela

153 1970 376 2004 consignaturum
391 1960 427 1996 ‘se
442 1968 560 1996 fructum
578 1968 748 1995 ochrcntinin
768 1969 941 2002 repromittit.

152 2016 212 2049 Quo
229 2021 308 2050 putas
326 2015 465 2050 signaculo
491 2015 606 2042 fructum
627 2016 714 2043 sancti
738 2016 828 2050 operis
853 2016 943 2042 consi-

153 2066 216 2096 gnal
226 2062 388 2096 Apostolus?
400 2062 447 2089 lllo
464 2066 528 2094 pulo
540 2069 595 2095 quo
608 2061 697 2096 imago
709 2061 755 2088 Dci
769 2061 941 2096 exprimitur,

153 2108 204 2135 ltoc
216 2112 267 2140 est,
289 2112 318 2133 ιιι
334 2107 360 2134 in
377 2107 536 2142 complendo
550 2114 631 2142 opere
648 2107 720 2134 nulla
741 2107 775 2134 sit
791 2107 886 2134 aliena:
898 2114 943 2134 co-

152 2153 291 2187 gitationis
308 2153 444 2185 admistio,
463 2160 516 2179 non
533 2152 592 2179 laus
606 2153 640 2180 ab
664 2152 820 2179 hominibus
836 2160 942 2186 qntera-

999 1554 1171 1588 postulatur?
1196 1555 1266 1581 Ecce
1284 1554 1355 1581 enim
1374 1554 1473 1581 Paulus
1490 1554 1652 1588 apostolicis
1666 1556 1799 1590 praditus

999 1600 1106 1627 meritis
1135 1608 1186 1627 non
1206 1600 1293 1627 solum
1310 1600 1451 1627 Reinanos
1473 1608 1555 1627 orare
1577 1608 1626 1635 pro
1648 1608 1686 1632 se.
1710 1602 1757 1629 sed
1772 1606 1800 1628 et

999 1645 1156 1672 Corinthios
1170 1646 1338 1673 adhortatur.
1358 1645 1425 1674 Vide
1440 1651 1531 1673 autem
1553 1650 1581 1674 et
1593 1655 1676 1680 quam
1702 1647 1799 1675 validis

998 1699 1046 1719 eos
1060 1692 1186 1727 astringit
1210 1692 1398 1727 religiosisqne
1421 1693 1613 1720 sacramentis.
1632 1692 1688 1719 Ρτι·
1705 1693 1800 1720 Domi—

998 1747 1071 1770 num,
1085 1739 1182 1773 inquit,
1200 1745 1319 1766 nostrum
1332 1739 1424 1766 Iesum
1441 1739 1588 1772 Christum,
1600 1746 1624 1767 et
1640 1749 1689 1774 per
1704 1742 1800 1767 citari-

997 1789 1075 1810 tatem
1094 1785 1211 1818 Spiritus
1231 1786 1357 1818 deprecor
1371 1794 1414 1812 vos
1435 1791 1462 1812 ut
1482 1787 1614 1821 adjuvetis
1631 1794 1673 1813 me
1692 1787 1722 1813 in
1737 1795 1799 1813 oras

996 1830 1111 1856 tionibus
1138 1830 1172 1856 ad
1203 1829 1286 1856 Deum
1311 1830 1378 1865 (9i).
1406 1830 1483 1863 Quod
1519 1831 1605 1858 nostri
1633 1836 1798 1865 posuarunt,

996 1876 1127 1910 adjuvetis
1149 1884 1188 1903 me
1215 1876 1241 1903 in
1263 1877 1438 1909 orationibus,
1458 1877 1683 1911 magniﬁcentius
1698 1878 1799 1912 legitur

997 1922 1067 1956 apud
1087 1921 1205 1955 Grarcos,
1220 1923 1457 1957 συναγωνίσασθαι
1477 1923 1551 1958 (95):
1572 1923 1598 1950 itt
1614 1931 1669 1957 quo
1690 1924 1743 1950 hoc
1757 1929 1800 1950 est

996 1967 1068 2002 quod
1087 1967 1232 2000 indicatur,
1250 1973 1277 1994 ut
1292 1969 1421 2002 adjuvetis
1443 1976 1484 1995 me
1497 1968 1524 1995 in
1540 1976 1626 2003 agone
1639 1974 1796 1995 orationum

996 2014 1031 2040 ad
1049 2013 1143 2046 Deum,
1157 2014 1304 2041 ostendens
1328 2015 1406 2049 quasi
1425 2022 1538 2048 agonem
1562 2014 1664 2041 habeat
1690 2015 1753 2050 ipsa
1769 2021 1797 2042 et

996 2065 1133 2087 certamen
1155 2061 1298 2094 orationis,
1319 2061 1529 2088 adversantibus
1555 2061 1606 2088 sibi
1628 2062 1690 2088 sine
1711 2062 1794 2089 dubio

996 2107 1047 2135 illis
1064 2108 1097 2135 de
1116 2108 1214 2142 quibus
1236 2108 1344 2136 dicebat
1360 2117 1366 2135 :
1393 2107 1455 2135 Non
1473 2109 1542 2136 enim
1565 2110 1641 2136 nobis
1659 2116 1793 2136 certamen

994 2157 1031 2180 est
1048 2153 1174 2180 adversus
1183 2161 1288 2179 carnem
1297 2158 1320 2179 et
1332 2152 1500 2187 sanguinem,
1513 2154 1559 2180 sed
1572 2155 1707 2181 adversus
1721 2157 1794 2187 prin-

153 2205 206 2232 tur,
216 2199 263 2226 sed
279 2204 307 2226 ut
324 2199 349 2226 in
367 2199 542 2233 simplicitate
555 2199 646 2226 cordis
661 2199 705 2233 qui
721 2198 814 2225 tribuit
828 2197 939 2229 tribuat,
958 2188 980 2215 Ῑ)
995 2199 1096 2232 cipatus
1108 2203 1132 2225 et
1149 2203 1299 2231 potestates,
1313 2199 1439 2226 adversus
1455 2200 1550 2225 mundi
1571 2200 1654 2234 hujus
1678 2207 1794 2227 rectores

152 2251 180 2272 ct
204 2254 256 2272 non
282 2253 314 2272 ea:
341 2245 474 2271 tristitia:
495 2245 607 2271 hilarem
627 2245 695 2271 enim
719 2244 839 2270 datorem
854 2244 940 2278 diligit

187 2293 208 2309 ³³
240 2292 306 2320 Luc.
337 2300 405 2324 λιιι,
432 2291 476 2319 10.
516 2291 700 2323 ⁸⁰Ι(]οι·.γιι,
720 2290 766 2317 25.

151 2328 174 2345 ⁸⁸
191 2328 268 2355 Rom.
287 2336 331 2360 xv,
348 2328 393 2354 29.

189 2374 244 2409 (87)
269 2374 317 2401 Ms.
345 2374 446 2409 Regius
461 2382 537 2401 nttm.
558 2373 637 2408 1659,
653 2382 713 2409 erga
726 2378 865 2408 utrumque
880 2381 943 2400 usus

149 2416 197 2437 t5].
214 2416 266 2437 CIC.

189 2431 247 2480 Z88)
264 2446 344 2478 Editi,
359 2451 461 2471 terrena
477 2453 535 2471 rero
553 2450 576 2471 et
594 2444 761 2477 temporalia,
776 2444 828 2470 sive
851 2451 943 2469 carna-

152 2481 200 2507 lia.
221 2481 273 2507 Sed
292 2489 387 2507 omnes
402 2487 466 2507 mss.
485 2485 513 2505 ut
529 2481 553 2506 in
567 2485 661 2506 nostro
677 2484 762 2505 textu.

189 2515 244 2550 (89)
264 2516 326 2544 Mss.
344 2516 446 2548 plures.
463 2523 520 2550 qum
535 2515 659 2549 pru'cipio
672 2515 752 2550 vobis,

187 2548 243 2585 (90)
260 2551 340 2577 Editi.
353 2548 497 2576 commune.
512 2549 593 2576 Paulo
611 2555 669 2583 post
685 2557 737 2578 ms.
748 2548 850 2584 Regius
865 2557 939 2577 ntnn.

153 2585 233 2615 1659.
256 2585 325 2618 Ergo
339 2593 385 2617 per
396 2585 547 2618 Itujusntodi
559 2586 744 2616 ministerium,
762 2589 815 2611 etc.

186 2621 242 2656 (9|)
262 2621 341 2656 Edili,
360 2621 512 2656 ιιυηιιηιιι-ξι,
530 2620 607 2646 male.

187 2654 242 2691 (9‘2)
257 2655 302 2682 Sic
317 2655 454 2681 Rabanus.
468 2654 605 2691 lilssq'rro
620 2660 646 2682 ct
658 2655 722 2682 editi
734 2655 937 2682 omittuntcum.

151 2691 237 2719 l'aulo
254 2696 313 2724 post
329 2690 468 2721 ltabanus,
489 2690 560 2716 nulla
573 2690 605 2716 sit
621 2691 713 2717 alit-mu
731 2691 938 2718 conrersationis

150 2727 283 2754 admislio.

187 2761 243 2797 (95)
263 2762 307 2788 Sic
331 2768 397 2788 mss.
421 2759 506 2786 nostri
533 2764 633 2797 textum
655 2760 775 2794 Apostoli
795 2761 934 2789 exhibent.

152 2797 222 2824 Editi
239 2805 303 2823 vero
321 2798 392 2823 hunc
418 2796 603 2822 tantnunumlo
627 2801 827 2829 prosequuntur
850 2804 935 2829 usque

152 2833 193 2865 ad,
207 2837 229 2858 et
249 2841 292 2867 per
306 2831 462 2859 tltt‘ttllttlt‘m
477 2830 601 2864 Spiritus,
618 2836 643 2858 ct
659 2830 721 2865 ipsis
737 2831 856 2865 \Inlgattc
874 2839 934 2858 ιρι-

805 2290 825 2306 ⁸¹
840 2289 912 2316 I‘sal.
928 2297 987 2322 ctu,
1006 2290 1038 2324 4;
1056 2291 1137 2319 llcbr.
1160 2299 1180 2325 ι,
1202 2291 1228 2318 7.

995 2246 1180 2279 tenebrarum,
1197 2246 1322 2272 adversus
1337 2246 1472 2279 spiritalia
1490 2247 1616 2280 nequitia:
1638 2247 1664 2273 in
1680 2248 1795 2274 ecclesii-

1276 2292 1297 2308 ”
1314 2291 1335 2319 ll
1348 2292 1411 2320 Cor.
1430 2293 1500 2325 11,7.
1532 2292 1737 2327 “Rom.xv,50
1750 2301 1791 2327 sq.

994 2373 1038 2401 bis
1054 2378 1176 2402 ulttntnr.
1192 2373 1420 2407 quemadmodum
1433 2377 1460 2399 et
1472 2372 1612 2400 Ralmnus.

1033 2409 1088 2442 (9:5)
1108 2409 1187 2442 liditi,
1207 2408 1257 2435 Per
1276 2408 1414 2434 Dominum
1432 2414 1563 2436 nostrum.
1579 2414 1602 2434 et
1618 2417 1664 2440 per
1679 2410 1795 2435 (harila-

995 2448 1044 2470 tem
1059 2443 1185 2478 Spiritus,
1202 2450 1228 2470 ut
1247 2444 1375 2478 aa‘juvelis
1389 2451 1431 2469 me
1445 2443 1472 2469 in
1491 2444 1659 2471 orationibus
1681 2446 1718 2470 ad
1742 2444 1794 2470 Do-

995 2479 1106 2506 minum.
1127 2479 1178 2506 Sed
1195 2487 1260 2506 mss.
1275 2483 1302 2505 et
1315 2478 1443 2505 liabanus
1455 2483 1483 2504 nl
1501 2478 1528 2505 in
1539 2483 1632 2509 textu;
1649 2479 1704 2506 nisi
1720 2480 1792 2513 quod

995 2515 1104 2547 quidam
1119 2515 1256 2546 emittant,
1274 2515 1367 2546 inquit,
1383 2519 1409 2540 et
1425 2513 1549 2547 plerique
1561 2514 1693 2540 omittaut
1709 2516 1792 2541 etiam

994 2552 1120 2583 deprecor
1133 2558 1186 2582 ros,
1202 2557 1262 2583 qua:
1283 2549 1363 2575 verba
1382 2549 1568 2576 restituuntur
1585 2556 1619 2575 es
1637 2558 1691 2577 nis.
1705 2549 1792 2584 Regio

995 2593 1068 2610 num.
1090 2585 1169 2612 1659.

1028 2620 1084 2655 (95)
1102 2621 1165 2647 Mss.
1183 2619 1281 2652 nostri,
1296 2619 1424 2655 “abantis
1435 2624 1461 2646 et
1474 2619 1673 2648 Genebranlus
1689 2621 1791 2648 habent

995 2656 1181 2682 tantummodo
1211 2654 1459 2689 συναγωνίσασθαι,
1479 2655 1542 2682 licet
1572 2661 1713 2690 corrupte.
1738 2655 1791 2683 Sed

992 2690 1074 2726 editio
1098 2691 1198 2717 Veneta
1219 2690 1356 2726 Salodiani
1374 2695 1402 2717 et
1431 2690 1576 2723 Martinus,
1595 2693 1656 2725 ejus
1674 2699 1791 2726 sequax,

992 2725 1093 2762 omisso
1105 2727 1188 2753 hocce
1200 2727 1291 2758 verbo,
1303 2725 1413 2758 habent,
1424 2726 1458 2762 ἐκ(
1467 2727 1528 2756 ταῖς
1538 2725 1793 2762 προσευχαῑςῦπὲρ

995 2760 1072 2794 ἐμοῦ.
1094 2762 1193 2788 Deinde
1206 2761 1270 2788 editi
1289 2766 1315 2788 ct
1332 2769 1396 2788 mss.
1413 2761 1526 2798 quidam
1562 2760 1674 2798 quando
1692 2765 1738 2790 ttoc
1756 2760 1793 2789 est

990 2797 1057 2829 quod
1077 2797 1218 2824 iudicatur.
