1851 3054
10 121 82 148 1277

505 121 683 149 εοιιιιΕΝΤ.
702 122 734 149 IN
754 122 863 151 EPIST.
882 123 927 150 AD
947 122 1031 151 [{OM.
1054 123 1118 150 LIB.
1140 123 1173 151 Χ.

1583 126 1651 152 1278

9 183 58 210 bus
73 182 112 211 “.
130 182 162 210 Et.
177 187 280 210 certum
299 186 340 210 est
356 182 427 217 quod
454 181 499 209 isti
519 190 613 210 omnes
629 183 699 210 sicut
713 183 809 210 adver-
823 186 846 214 Α
862 189 889 210 ιιι
901 183 973 211 Deus
992 184 1068 218 pacis
1082 184 1118 210 sit
1134 191 1195 210 cum
1214 183 1264 215 eis,
1286 183 1311 209 id
1333 186 1384 214 est,
1404 186 1432 209 ιιι
1451 190 1503 217 pax
1520 182 1577 213 Dci,
1594 191 1651 218 qua:

9 232 114 255 santur
133 229 192 256 ﬁdei
208 234 234 256 et
248 229 378 256 resistunt.
391 229 498 263 pietati,
516 229 585 256 sicut
602 229 733 256 contrarii
747 234 809 256 sunt

9 272 143 308 iustitia),
159 279 186 301 et
197 274 316 306 veritati,
329 279 356 301 et
367 274 492 301 omnibus
502 274 592 305 bonis,
608 274 643 301 ita
654 275 713 301 sine
728 274 809 301 dubio

11 319 154 346 resistunt
172 324 200 346 et
223 320 402 346 adversamur
419 320 546 346 orationi.
562 318 596 345 Et
613 319 673 346 ideo
691 320 811 347 ostendit.

10 363 121 391 Paulus
140 373 199 392 esse
217 373 270 392 non
292 366 433 392 minimum
460 365 541 392 etiam
557 364 613 400 (96)
634 366 660 392 in
685 365 811 393 oratione

11 416 174 444 certamen,
192 413 215 439 si
232 412 340 446 quidem
359 412 385 438 in
406 412 457 438 hoc
474 413 626 439 certamine
640 412 720 439 etiam
734 412 811 438 auxi-

11 458 80 484 lium
96 466 194 485 eorum
208 459 252 493 qui
265 458 355 485 Romm
365 464 427 485 sunt
437 459 584 486 crediderit
598 460 810 494 implorandum.

11 503 164 530 Obsistunt
180 505 250 531 enim
267 512 329 531 vere
346 506 482 532 daemones
505 509 531 532 et
548 506 693 533 contraria:
717 511 810 540 potes-

11 554 87 576 tates
103 549 131 576 in
147 550 272 577 oratione
287 550 373 584 primo
389 558 437 585 per
453 550 527 581 illud,
541 559 574 577 ne
586 551 646 578 talis
657 552 811 579 inveniatur

11 595 35 622 is
51 595 102 630 qui
134 595 160 622 in
182 597 313 623 orationis
335 604 420 631 agone
441 597 575 630 desudat,
597 603 625 624 ut
644 597 713 624 levet
732 607 811 632 puras

11 649 112 667 manus
127 641 183 667 sine
197 641 238 667 ira
253 641 287 667 “.
304 642 381 674 Quod
399 642 450 669 etsi
469 642 519 668 hoc
537 642 597 676 quis
623 643 747 670 obtinere
764 652 811 678 p0-

11 686 98 712 tuerit
119 685 176 721 (97)
200 691 227 711 ut
243 686 302 712 sine
322 686 361 712 ira
391 687 435 718 sit,
450 687 492 713 \‘ix
511 691 552 714 est.
573 692 601 714 ut
621 687 731 723 effugiat
752 697 812 716 esse

9 731 73 758 sine
103 733 314 765 disceptatione,
332 732 383 759 hoc
409 736 450 759 est
479 733 538 760 sine
563 733 706 767 superiluis
722 741 748 761 et
769 743 813 762 va-

9 778 55 805 nis
83 778 311 812 cogitationibus.
342 777 392 805 Vix
421 778 492 805 enim
527 779 648 807 invenies
671 785 699 806 ιιι
725 781 812 808 oranti

8 824 145 857 cuiquam
162 831 214 850 non
230 823 330 859 aliquid
353 824 441 851 inanis
469 830 496 852 et
515 825 610 852 aliena:
636 827 811 860 cogitationis

861 233 1001 263 exsuperat
1017 237 1117 256 omnem
1135 234 1256 260 mentem,
1273 228 1403 254 custodiat
1420 229 1500 254 corda
1513 236 1605 256 eorum
1625 230 1651 256 in

860 275 962 301 Christo
973 274 1036 301 Jesu
1052 275 1089 310 (Α)
1105 275 1149 309 qui
1170 283 1222 309 pax
1239 279 1280 301 est
1297 278 1387 301 nostra
1405 274 1438 301 "’.

897 320 940 346 l7.
962 319 1119 346 Commendo
1133 325 1219 346 autem
1244 319 1315 346 vobis
1335 318 1446 345 P/mzben
1476 327 1592 346 sororem
1605 327 1654 346 no-

861 371 1018 400 stram,qu
1030 370 1066 392 est
1080 366 1106 392 in
1124 366 1269 392 ministerio
1286 365 1412 392 Ecclesia:
1426 374 1483 400 qua:
1493 371 1528 392 est
1541 365 1568 391 in
1584 365 1652 392 Cen-

861 411 940 444 c/u-is,
951 411 972 426 “
983 415 1010 437 ut
1024 418 1079 437 cant
1091 411 1239 444 suscipiatis
1256 412 1282 437 in
1304 410 1417 437 Domino
1435 411 1512 445 digno
1526 411 1601 442 satis,
1627 415 1652 437 et

861 458 989 485 assistntis
1004 459 1026 485 ei
1040 458 1067 484 in
1085 458 1279 492 quibuscunqae
1304 458 1448 492 indiguerit
1467 457 1556 483 vestri.
1581 455 1652 483 Nam

862 504 918 537 ipsa
936 511 1036 539 quoque
1060 503 1144 529 astitit
1163 502 1253 529 multis
1275 507 1299 529 et
1325 503 1390 529 mihi
1413 503 1463 537 ipsi
1479 502 1527 537 (5).
1547 502 1578 528 Et
1608 502 1653 529 hic

863 549 938 576 locus
956 549 1107 582 apostolica
1122 548 1282 574 auctoritate
1298 549 1377 574 docet
1396 548 1477 574 etiam
1496 547 1610 573 feminas
1626 547 1652 573 in

866 595 1018 622 ministerio
1036 595 1164 621 Ecclesia:
1179 594 1320 621 constitui.
1348 594 1376 620 ln
1395 602 1448 628 quo
1470 594 1558 620 otiieio
1578 594 1652 628 posi~

864 645 917 667 tam
925 639 1043 667 l‘hmben
1052 640 1121 674 apud
1129 639 1276 667 Ecclesium
1289 647 1348 674 quae
1357 640 1430 666 estin
1441 639 1581 669 Cenchris,
1588 639 1654 665 Pau-

863 686 904 713 lus
914 694 974 713 cum
988 686 1065 712 laude
1076 693 1172 719 magna
1183 691 1210 712 et
1221 685 1455 712 commendatione
1469 685 1653 719 prosequitur,

863 740 1028 759 enumerans
1042 732 1124 758 etiam
1143 736 1219 766 gesta
1237 731 1321 766 ipsius
1338 731 1478 765 praeclara,
1495 735 1521 757 et
1536 731 1627 757 dicens
1645 737 1652 756 :

864 778 933 811 Quia
953 778 979 804 in
996 783 1099 804 tantum
1113 778 1238 805 omnibus
1254 778 1351 810 astitit,
1367 778 1417 804 hoc
1438 782 1486 807 est.
1514 777 1539 803 in
1559 783 1654 803 ncces-

865 825 990 851 sitatibas
1008 830 1106 858 prrcsto
1121 824 1181 855 l'ait,
1203 830 1230 850 ut
1243 825 1324 851 etiam
1341 824 1405 850 mihi
1429 823 1479 858 ipsi
1495 823 1520 849 in
1537 823 1655 849 necessi—

8 874 155 900 ocenrrat,
173 873 199 896 et
224 869 402 897 intentionem
419 878 469 904 qua
491 870 518 896 in
546 870 628 898 Deum
643 880 719 899 mens
740 873 807 900 diri-
828 864 848 892 Β
864 871 965 897 tatibus
981 869 1048 896 meis
1062 870 1271 904 apostolicisqne
1286 869 1425 896 laboribus
1440 874 1493 896 tota
1511 869 1654 896 det'Otione

8 917 105 949 gitur,
137 915 253 942 declinet
280 924 311 943 ae
340 916 466 952 frangat,
496 923 578 952 atque
617 926 676 945 eam
705 926 752 952 per
778 927 808 946 ca

8 968 71 995 qua:
101 969 158 987 non
183 962 307 997 competit
328 963 415 996 rapiat
440 963 505 998 (98).
530 964 563 991 Et
585 964 645 991 ideo
665 972 734 999 agon
754 973 809 991 ma-

8 1015 80 1041 guns
89 1007 175 1042 681
189 1013 230 1035 cst
242 1008 383 1039 orationis,
394 1013 421 1034 ιιι
432 1009 627 1036 obsistentibus
639 1010 765 1042 inimicis,
783 1015 809 1037 et

7 1053 150 1080 orationis
166 1061 275 1080 sensum
293 1056 318 1080 in
342 1055 452 1081 diversa
490 1055 668 1089 rapientibus,
694 1056 746 1083 lixa
776 1057 808 1084 ad

9 1098 98 1125 Deum
124 1107 328 1134 sempermens
356 1101 447 1128 stabili
476 1101 627 1128 intentione
652 1104 808 1136 contendat,

9 1150 37 1170 nt
57 1145 164 1171 merito
184 1146 268 1178 possit
281 1146 363 1172 etiam
384 1146 440 1179 ipse
464 1147 555 1173 dicere
578 1146 632 1182 (99)
648 1155 655 1173 :
671 1147 809 1175 Certamen

8 1191 115 1216 bonum
136 1191 242 1222 certari,
268 1199 374 1218 cursum
394 1193 573 1219 consummari
590 1193 622 1219 "7.
645 1193 723 1220 Nunc
745 1202 810 1228 ergo

8 1241 72 1262 orat
89 1236 238 1268 Apostolus
250 1237 371 1271 adjuvari
388 1245 418 1264 se
440 1238 464 1264 in
488 1246 574 1272 agone
597 1239 760 1272 orationum,
782 1245 808 1266 ιιι

9 1283 150 1310 liberetur
162 1284 195 1310 ab
212 1284 359 1312 incredulis
370 1285 414 1318 qui
431 1291 494 1312 sunt
516 1285 541 1311 in
556 1284 658 1318 Judaca,
677 1293 689 1311 a
711 1286 809 1319 quibus

10 1337 64 1355 non
86 1334 143 1355 tam
157 1329 210 1363 pati
230 1329 317 1362 timet,
331 1338 415 1364 neque
432 1331 552 1365 perferre
568 1339 598 1357 ca
618 1339 677 1365 qua-
689 1332 721 1357 ad
742 1339 808 1365 apo-

10 1377 133 1402 stolatus
148 1374 206 1408 ejus
220 1375 333 1409 gloriam
345 1377 490 1410 pertinent,
502 1384 580 1411 quam
592 1377 715 1412 impediri
732 1386 809 1405 rere-

11 1427 55 1448 tur
69 1429 108 1448 ne
124 1422 227 1448 diutius
240 1422 387 1448 obstaculis
403 1430 497 1449 eorum
512 1427 645 1455 retentus,
659 1423 699 1451 \‘el
722 1425 810 1451 minus

10 1472 124 1501 gratum
139 1467 269 1493 exhibeat
288 1468 389 1494 sanctis
418 1468 612 1500 ministerium,
631 1469 702 1503 quod
718 1476 745 1496 et
768 1470 809 1504 ip-

9 1521 72 1540 sum
93 1513 268 1541 orationibus
286 1513 388 1549 indiget
404 1519 432 1540 ut
456 1515 504 1541 ﬁat
532 1521 672 1548 acceptum
686 1516 724 1550 (ι)
743 1525 749 1542 :
769 1516 809 1543 \‘cl

865 917 962 943 mentis
984 917 1109 943 astiterit.
1121 916 1214 943 Simile
1235 921 1324 943 autem
1338 924 1404 951 opus
1417 915 1473 949 ejus
1490 917 1604 943 dixerim
1615 916 1653 950 (6)

864 963 1041 997 hospitalitati
1065 962 1126 994 Lat,
1143 963 1187 996 qui
1207 962 1269 989 dum
1287 970 1393 996 semper
1411 962 1534 996 hospite;
1558 969 1654 988 susce—

863 1009 911 1042 pit,
925 1016 976 1034 ntcl
986 1008 1023 1034 uit
1039 1009 1184 1041 aliquando
1192 1011 1219 1035 ct
1228 1007 1336 1042 angelos
1347 1007 1464 1042 hospitio
1472 1007 1610 1040 suscipere
1619 1007 1652 1034 ⁵¹.

864 1055 996 1082 Similiter
1010 1061 1035 1082 et
1051 1055 1199 1085 Abraham,
1222 1056 1284 1080 dum
1301 1062 1409 1088 semper
1422 1054 1543 1080 occurrit
1558 1053 1653 1087 limpi-

865 1102 945 1131 tibus,
961 1101 1059 1127 meruit
1078 1106 1144 1127 utet
1163 1101 1292 1128 Dominus
1316 1107 1376 1127 etim
1404 1099 1506 1131 angelis
1535 1099 1654 1126 diverte-

865 1151 904 1173 ret
914 1146 945 1173 ad
962 1147 1163 1173 lahernaenlmn
1175 1146 1231 1180 cjns
1241 1147 1272 1171 ³³.
1288 1145 1324 1172 Ita
1334 1150 1358 1172 et
1371 1146 1426 1172 lucc
1438 1145 1561 1179 religiosa
1575 1145 1654 1171 Plut:-

865 1193 895 1218 be
911 1193 972 1218 dum
987 1197 1054 1218 astat
1072 1192 1199 1218 onniilms
1215 1196 1241 1218 et
1256 1192 1382 1218 munibus
1397 1192 1567 1226 obsequitur,
1584 1190 1654 1216 assi—

864 1242 935 1264 stere
959 1242 985 1264 et
1006 1237 1117 1272 obsequi
1139 1237 1221 1264 etiam
1249 1237 1378 1271 Apostolo
1406 1237 1514 1264 meruit.
1539 1237 1568 1262 Et
1591 1236 1653 1262 ideo

865 1283 937 1310 locus
953 1284 996 1310 hic
1015 1284 1067 1309 duo
1085 1283 1185 1317 pariter
1206 1283 1293 1314 docet,
1307 1288 1333 1309 et
1351 1283 1455 1314 haberi,
1472 1288 1500 1308 ut
1520 1282 1652 1313 diximus,

865 1329 978 1356 feminas
1007 1329 1145 1356 ministras
1163 1329 1189 1355 in
1210 1329 1340 1360 Ecclesia,
1356 1334 1381 1355 et
1399 1330 1466 1355 tales
1483 1329 1581 1355 debere
1608 1336 1652 1354 as-

864 1375 932 1402 sumi
952 1376 976 1402 in
993 1375 1187 1407 ministerium,
1203 1383 1263 1409 qua:
1287 1375 1423 1402 astiterint
1445 1374 1546 1406 multis,
1563 1378 1590 1400 et.
1606 1381 1652 1408 per

865 1420 932 1447 bona
946 1419 1031 1446 oﬂicia
1050 1428 1134 1454 usque
1146 1420 1178 1446 ad
1196 1420 1369 1454 apostolicam
1383 1419 1488 1446 laudem
1504 1418 1653 1445 maluerint

865 1466 1015 1500 pervenire.
1033 1464 1165 1491 Hortatur
1182 1465 1262 1491 etiam
1282 1465 1357 1496 illud,
1379 1469 1407 1490 ut
1422 1464 1467 1498 qui
1486 1463 1562 1490 bonis
1586 1469 1651 1496 0pc-

867 1512 940 1538 ribus
957 1513 982 1538 in
1000 1511 1129 1538 Ecclesiis
1145 1511 1209 1537 dant
1233 1519 1353 1541 (meram.
1373 1510 1459 1537 \‘iccm
1485 1510 1616 1544 recipiant
1636 1517 1650 1534 ιι

10 1568 44 1586 ne
62 1559 238 1586 desiderium
254 1559 312 1594 ejus
325 1560 395 1594 quod
417 1567 481 1594 erga
507 1560 645 1588 Romanos
666 1562 748 1589 habet
773 1562 810 1589 ri-
825 1544 845 1572 Ο
863 1557 991 1584 fratribus
1007 1561 1034 1584 ct
1060 1557 1203 1589 honorem,
1222 1561 1251 1583 ut
1273 1557 1297 1583 in
1318 1556 1527 1590 quibuscnnque
1559 1562 1651 1581 neces-

9 1606 126 1638 sendos.
144 1606 247 1633 diutius
264 1605 417 1634 dilicratur.
436 1607 473 1638 Si,
485 1607 583 1642 inquit,
599 1608 650 1635 hoc
672 1608 707 1635 ita
724 1615 811 1635 cesse-

11 1654 47 1679 rit.
66 1657 140 1679 utet
156 1653 336 1680 ministerium
359 1661 446 1679 meum
471 1658 612 1688 acet-ptum
638 1653 684 1680 tiat
709 1654 812 1682 sanctis

10 1700 38 1725 in
58 1697 234 1733 Jerosolyma
257 1697 306 1733 (‘2),
322 1703 349 1725 et
376 1698 509 1724 liberatus
536 1698 569 1724 ab
597 1697 743 1724 incredulis
767 1698 811 1732 qui

10 1747 76 1770 sunt
108 1743 136 1768 in
153 1741 256 1774 Judzea,
274 1743 364 1769 venire
391 1743 422 1769 ad
448 1750 494 1770 ros
518 1750 570 1769 non
596 1742 736 1776 impediar,
765 1751 813 1776 pio

10 1789 86 1816 bene
99 1787 188 1822 gestis
203 1788 284 1814 rebus
310 1788 432 1823 gaudens
445 1788 566 1822 profecto
582 1788 615 1814 ad
631 1796 678 1815 ros
707 1788 811 1814 \‘Cllllllll

9 1842 74 1860 cum
91 1833 237 1860 voluntate
258 1833 315 1866 Dei,
329 1839 356 1860 et
386 1834 554 1868 requiescam
573 1834 724 1861 vobiscum.
754 1834 812 1861 Non

10 1880 192 1915 corporalem
208 1880 304 1914 utique
319 1880 439 1914 requiem
459 1881 555 1914 quzcrit
580 1880 692 1914 Paulus,
718 1883 764 1907 scd
781 1881 812 1907 il-

10 1927 66 1954 lam
82 1934 150 1960 qua:
167 1925 382 1953 consolationem
397 1926 478 1954 habet
501 1934 532 1953 cx
548 1927 612 1958 Deo,
632 1927 702 1953 sicut
714 1931 739 1952 et
754 1927 811 1960 ipse

11 1975 37 2000 in
56 1973 163 2008 primis
188 1973 315 2007 Epistula:
346 1973 425 2006 hujus
454 1973 575 2007 partibus
594 1973 663 1999 dixit
676 1972 697 1987 ⁸⁸
717 1981 722 1998 :
743 1972 809 1998 Con-

9 2019 99 2046 solari
113 2019 143 2044 in
158 2018 197 2052 (5)
215 2018 284 2044 vobis
300 2025 346 2051 per
357 2025 413 2044 eam
425 2009 486 2052 qua;
499 2017 607 2044 invitent
618 2021 654 2043 est
672 2017 749 2050 ﬁdem
766 2025 808 2043 rc-

8 2070 98 2092 atram
111 2069 190 2098 atque
204 2072 258 2091 mea
264 2072 298 2090 ut.

46 2110 97 2137 16.
129 2109 200 2136 Deus
228 2115 314 2136 autem
345 2110 416 2144 paci;
442 2110 474 2136 sit
498 2118 556 2136 cuut
582 2110 700 2135 omnibus
730 2109 809 2136 t‘obis.

863 1603 963 1629 sarium
982 1602 1062 1629 fuerit
1092 1602 1151 1628 sive
1182 1601 1339 1628 carnalibus
1369 1601 1474 1633 olliciis,
1503 1599 1648 1628 honoriﬁce

863 1648 1025 1677 habeantur.

900 1695 942 1721 18.
965 1694 1084 1720 Salutate
1103 1694 1221 1720 Priscum
1240 1697 1264 1719 et
1280 1693 1416 1727 Aquilam,
1432 1693 1566 1727 adjutores
1582 1700 1650 1720 meo!

863 1740 889 1766 iu
907 1739 1011 1765 Christo
1024 1738 1089 1764 Iesu
1107 1739 1161 1772 (qui
1171 1746 1219 1772 pro
1231 1739 1320 1764 animo
1335 1746 1392 1764 utra
1405 1746 1468 1764 suas
1485 1738 1595 1765 ceruices
1608 1746 1652 1772 po-

863 1791 971 1812 suerunt
986 1791 994 1810 :
1009 1785 1103 1819 quibus
1118 1792 1170 1810 non
1191 1783 1277 1810 solum
1298 1791 1343 1818 ego
1367 1785 1467 1818 gratius
1485 1792 1543 1818 ago,
1558 1785 1603 1810 sed
1627 1788 1650 1810 et

863 1831 989 1857 μιήνῃ-ιω
1008 1829 1131 1856 Ecclesia:
1147 1830 1274 1864 gentium)
1290 1829 1324 1861 ⁵⁸,
1335 1833 1358 1855 et
1375 1829 1544 1855 domesticam
1559 1836 1651 1854 corunt

865 1877 1009 1903 Ecclesium
1024 1877 1072 1912 (7).
1093 1875 1224 1903 Videntur
1247 1876 1312 1902 mihi
1335 1875 1384 1910 ipsi
1404 1883 1474 1907 esse.
1500 1875 1532 1902 de
1554 1875 1651 1909 quibus

864 1923 888 1949 in
903 1923 1014 1949 Actibus
1025 1922 1206 1956 apostolorum
1225 1921 1261 1948 ita
1275 1921 1407 1954 scriptum
1420 1926 1460 1947 est
1477 1929 1483 1947 :
1503 1919 1562 1946 l’ost
1596 1920 1650 1946 lucc

863 1974 948 1995 autem
960 1968 1093 1995 discedens
1107 1968 1206 1994 l’aatus
1219 1968 1249 1994 ab
1261 1967 1379 2000 Athenis,
1394 1968 1461 1993 venit
1479 1965 1650 1997 Corinthum;

864 2021 886 2040 et
905 2015 1007 2041 invento
1019 2015 1055 2040 ibi
1072 2016 1184 2048 quodam
1199 2013 1406 2040 Juda‘onomine
1420 2013 1525 2048 Aquila,
1543 2013 1651 2038 Pontico

863 2069 966 2094 genere,
985 2061 1028 2094 qui
1047 2068 1129 2094 nuper
1144 2064 1245 2086 venerat
1263 2059 1293 2085 de
1311 2058 1392 2085 Italia
1405 2059 1452 2093 (8),
1470 2063 1492 2084 et
1516 2057 1650 2089 l'risrilln,

866 2115 946 2133 uxore
963 2105 1029 2140 ejus,
1042 2112 1149 2140 propter
1172 2105 1241 2140 quod
1252 2108 1409 2138 pra'ceperat
1424 2103 1553 2130 Claudius
1566 2103 1651 2128 disce-

7 2157 101 2184 Amen
115 2156 150 2181 ⁵³.
164 2155 266 2190 lugenti
279 2156 467 2182 benedictione
486 2159 645 2182 muneratur
660 2154 808 2186 liontauos,
827 2153 848 2179 D
862 2154 922 2179 dare
935 2152 1042 2178 .Iudwos
1057 2159 1144 2177 omnes
1157 2159 1172 2176 a
1187 2149 1278 2182 Ruina,
1299 2151 1406 2176 accessit
1421 2150 1453 2175 ad
1471 2157 1533 2181 eos;
1549 2153 1572 2175 et
1588 2149 1651 2183 quia

46 2217 70 2232 ⁸⁵
89 2214 192 2248 Ephes.
215 2221 250 2245 ri,
272 2214 314 2240 1‘2.

6 2254 29 2268 "
48 2253 138 2279 ltom.
154 2257 208 2280 xrt,
223 2249 246 2281 l,
267 2250 294 2275 ‘2.

354 2213 395 2239 "l
415 2214 484 2240 Tim.
500 2222 528 2245 ιι,
544 2213 570 2240 8.

334 2249 354 2264 ⁵¹
371 2249 437 2276 Gen.
452 2257 508 2275 xix.
547 2249 570 2263 “
584 2248 652 2276 Gen.
674 2256 749 2275 xrul.

46 2320 113 2355 (96)
133 2317 235 2355 Etiam.
250 2318 335 2355 lii-cst
356 2319 382 2345 in
400 2324 480 2345 antea
494 2319 583 2346 editis.

46 2353 114 2390 {97)
143 2353 224 2385 Editi,
242 2353 318 2386 Quod
342 2359 364 2381 et
387 2355 408 2380 si
421 2355 478 2389 quis
498 2354 612 2381 obtinere
632 2355 746 2388 potuerit
763 2361 808 2389 ut,

6 2398 66 2419 CIC.

44 2425 112 2461 (98)
128 2423 211 2461 Edili,
229 2432 308 2461 neque
320 2432 377 2461 eam
387 2433 433 2459 per
445 2433 503 2457 qnw
520 2424 578 2458 (aL,
593 2433 638 2459 per
656 2424 744 2459 quant)
760 2434 811 2451 nou

7 2459 143 2494 conspetit
163 2461 259 2493 rapiat.
283 2459 382 2486 Deinde
402 2468 452 2485 ins.
471 2460 570 2493 licgius
592 2468 666 2486 ιιιιιιι.
684 2461 762 2493 1659,
779 2461 810 2486 I'Jt

7 2498 73 2524 ideo
88 2494 156 2529 quia
170 2502 238 2528 agon
264 2501 374 2528 magnus
392 2499 429 2521 est
451 2496 589 2526 orationis,
614 2496 808 2526 obsistentibus.

7 2538 85 2563 οιεη
108 2530 210 2555 omisso
225 2535 263 2555 ut.
279 2530 331 2556 Sed
352 2530 442 2556 catteri
462 2538 538 2562 mss...
559 2530 686 2557 ltabanus
700 2536 726 2557 et
742 2531 808 2558 editi

7 2573 39 2593 ut
63 2567 94 2592 in
118 2569 204 2591 textu.

59 2600 111 2634 99)
126 2599 175 2625 Ms.
190 2599 289 2633 Regius
304 2607 377 2626 num.
392 2599 469 2632 1639,
485 2600 562 2626 etiam
577 2600 634 2634 ipsa
645 2601 739 2633 dicere,
755 2605 808 2629 ctc.

59 2602 111 2634 99)
126 2602 175 2625 Ms.
190 2602 289 2633 liegius
304 2607 377 2626 num.
392 2602 469 2632 1659,
485 2602 562 2626 etiam
577 2602 634 2634 ipsa
645 2602 739 2633 dicere,
755 2605 808 2629 ctc.

45 2602 94 2672 ἓι)
108 2634 231 2672 lta_lu_ss.
248 2635 432 2672 nostri._Editi
446 2643 520 2666 vero,
537 2636 607 2669 quod
628 2640 651 2662 et
668 2637 729 2670 ipsis
747 2645 810 2662 ara-

7 2669 136 2698 tioiubus
148 2669 322 2702 indigentium
336 2670 382 2702 [int
399 2675 543 2703 acceptum.

47 2704 93 2741 (2)
111 2703 155 2730 Et.
172 2704 312 2741 Qmittitur
328 2705 354 2731 in
373 2705 469 2738 editis,
484 2705 529 2739 qui
546 2709 637 2739 postea
661 2705 761 2733 habent
782 2707 808 2734 in

7 2739 205 2773 Jerosolymis.

48 2774 155 2811 (5)7111.
174 2773 347 2811 Desideratur
367 2775 393 2802 in
406 2775 486 2803 editis
498 2797 505 2808 ,
523 2779 550 2802 et
564 2775 643 2810 paulo
656 2779 716 2810 post
728 2776 809 2803 Amm

8 2809 158 2838 oniit’titur
177 2809 202 2835 in
224 2809 350 2845 erunibus
372 2817 439 2838 mss.
463 2809 575 2845 nostris,
598 2809 754 2839 scd’exstat
781 2813 807 2839 in

9 2846 99 2874 editis
113 2848 140 2871 et
155 2844 223 2878 apud
239 2843 388 2872 Rabanum.

611 2213 630 2228 ⁸⁷
646 2213 664 2239 ll
678 2213 749 2240 'I'im.
767 2221 803 2242 Iv.
818 2213 844 2241 7.

789 2248 812 2264 “
828 2248 909 2275 Rom.
925 2254 981 2278 tm,
994 2246 1020 2277 5,
1033 2245 1060 2277 4,

883 2212 905 2227 ⁵⁸
919 2212 995 2238 Itoni.
1010 2218 1028 2240 ι,
1041 2210 1084 2236 12.
1123 2209 1145 2224 ⁸⁹
1160 2209 1240 2236 Rom.
1254 2216 1299 2241 xv,
1311 2208 1356 2235 55.
1393 2209 1415 2223 ⁸ο
1435 2207 1533 2242 Philip.
1561 2215 1598 2239 Iv.
1624 2207 1651 2236 7.

899 2317 935 2352 (ἱ)
949 2316 980 2343 In
992 2316 1096 2343 Christo
1108 2316 1184 2342 .Iesu.
1203 2315 1264 2341 Haec
1282 2314 1527 2348 prmterrnittuntur
1539 2315 1564 2341 in
1593 2315 1642 2342 edi-

864 2353 908 2382 tis.
922 2353 966 2386 qui
982 2356 1073 2385 postea
1086 2352 1177 2384 legunt
1191 2358 1243 2384 pax
1255 2356 1349 2376 t't’stt'lt.

898 2384 937 2423 (Eii
954 2386 1216 2423 Ut'eamsuscipiatis
1238 2386 1265 2410 in
1291 2385 1401 2423 Domina
1425 2384 1502 2419 digne
1523 2385 1605 2423 satis,
1627 2391 1658 2412 er

861 2420 994 2450 assistatis
1016 2422 1039 2448 ci
1063 2422 1089 2448 in
1106 2424 1302 2455 quibusrnm/ne
1317 2420 1457 2454 indigacrit
1476 2422 1564 2446 vestri.
1580 2420 1652 2447 Nam

861 2458 916 2493 ipsa
928 2465 1028 2491 quoque
1039 2458 1140 2482 adstitit
1159 2456 1259 2487 multis,
1275 2460 1296 2481 et
1318 2455 1382 2493 nti/tt
1399 2455 1458 2488 ipsi.
1473 2455 1535 2482 Haec
1550 2456 1653 2484 deside-

865 2491 959 2519 rantur
980 2500 1005 2518 ιιι
1021 2497 1099 2518 antea
1118 2492 1208 2522 editis,
1223 2496 1250 2517 et
1278 2491 1458 2517 restituuntur
1487 2499 1518 2518 ex
1545 2499 1610 2518 mss.
1625 2497 1652 2518 et.

863 2528 986 2554 liahann.

900 2563 937 2598 (6)
951 2563 1014 2589 Mss.
1032 2561 1164 2598 plerique,
1194 2561 1321 2598 [tabanus
1338 2564 1364 2587 et
1387 2561 1463 2598 editi,
1493 2561 1576 2591 dixit,“
1601 2563 1649 2589 sed

863 2595 962 2626 rectius
979 2595 1145 2631 ιιιείῐίιξςιιιδ
1161 2605 1234 2623 ιιιιιιι.
1250 2595 1330 2627 1659,
1349 2597 1471 2622 dixerint.

899 2634 939 2669 (7)
954 2633 1002 2660 Ms.
1018 2633 1117 2669 Regius
1128 2640 1205 2669 ιιιιιιι.
1226 2631 1294 2669 71659
1309 2636 1337 2669 et
1351 2631 1489 2663 ltabanus,
1508 2637 1530 2658 et
1546 2632 1651 2658 domes-

864 2667 915 2696 tica
928 2667 1018 2695 eorum
1035 2667 1161 2693 Ecclesia.
1178 2668 1230 2693 Sed
1247 2667 1338 2692 cieteri
1357 2674 1422 2693 mss.
1439 2671 1463 2692 et
1488 2669 1551 2693 eniti
1570 2673 1598 2693 ut
1623 2668 1649 2693 in

865 2709 956 2736 textu;
971 2708 997 2729 et
1011 2704 1044 2729 ita
1062 2703 1201 2736 legendum
1229 2708 1289 2728 esse
1313 2703 1480 2728 demonstrat
1510 2703 1651 2729 conclusio

865 2739 943 2772 hujus
961 2737 1079 2764 articuli.

902 2773 939 2808 (ὃ)
959 2773 1006 2799 Ms.
1023 2772 1122 2806 Regius
1137 2780 1212 2799 num.
1227 2772 1336 2805 l659,tt
1349 2772 1446 2799 invenit
1463 2772 1499 2798 ibi
1510 2774 1648 2806 quemdam

862 2807 986 2836 Judzrum
1009 2809 1111 2834 noniine
1143 2809 1289 2843 Aquilam,‘
1314 2807 1452 2833 Ponticum
1477 2816 1579 2840 genere,
1603 2807 1647 2843 qui

864 2852 945 2879 nupcr
962 2848 1060 2870 rrnvrat
1080 2843 1110 2869 ab
1122 2841 1220 2876 Italia;
1240 2847 1261 2870 ct
1277 2841 1411 2875 I'risrilla,
1425 2850 1490 2870 uxor
1509 2843 1577 2876 eius,
1593 2841 1645 2871 etc.
