1852 3053
221 92 286 120 1279

948 91 1073 120 ORIGEN
1078 91 1108 119 IS
1752 93 1795 121 {2%

219 154 291 175 erant
305 148 448 175 consimili:
464 149 585 182 artiﬁcii,
601 151 696 174 mansit
708 150 780 182 apud
797 157 851 182 eos,
864 155 887 175 et
913 157 1007 182 ορείγι-
1024 152 1045 181 Α
1060 149 1185 176 laborare
1202 157 1252 184 pro
1263 149 1391 177 Ecclesiis
1407 149 1465 177 Dei.
1490 149 1559 177 Nam
1588 154 1615 177 et
1635 151 1742 179 laborant
1758 160 1796 180 cum

221 194 315 220 bantur
333 193 423 220 simul.
441 193 722 228 Eranteuimartificet
735 194 964 221 tabernaculorum
974 195 1008 228 ⁸⁵,

222 238 271 264 hoc
285 242 335 270 est,
352 242 468 264 sutOrcs.
486 237 543 266 Nec
557 239 654 265 mirunl
679 239 701 265 si
728 238 846 266 Priscum
867 239 966 267 Paulus
983 241 1008 266 ill

222 283 341 317 Epistola
359 283 465 316 scribit,
479 291 539 318 qua:
561 283 586 310 ill
613 284 725 311 Actibus
752 283 875 311 Priscilla
908 286 1008 319 scripta

222 334 273 361 νει,
292 329 401 356 ca‘teris
414 328 653 355 concordantibus.
680 329 771 356 Potest
793 335 883 356 autem
905 331 962 357 ﬁeri
982 336 1011 357 ιιι

221 376 284 410 quiia
307 374 344 410 (9)
361 375 406 401 illo
423 378 555 408 tempore,
581 375 668 410 pulsis
693 383 724 402 ex
750 376 815 403 urbe
837 374 937 403 Judaais
962 383 1010 410 per

221 425 384 454 praeceptum
401 421 527 452 Caesaris,
554 419 715 447 Corinthum
742 425 888 454 verterant,
916 429 1010 448 rursus

219 467 301 495 edicti
315 471 440 494 cessante
455 467 569 498 saavitia,
587 467 701 494 Romam
725 468 841 502 regressi
858 468 914 503 (l0)
937 468 1009 495 salu-

221 517 312 540 tcntul-
329 520 342 539 a
358 512 451 539 Paulo.
470 512 543 545 Quos
561 516 652 539 lamcn
671 517 783 547 apparet
800 511 953 540 Iudaeorum
971 515 1010 540 in-

221 559 299 587 sidiis
309 559 392 587 Paulo
407 559 578 594 periclitante
593 560 752 595 semetipsos
767 560 910 594 obiecisse,
921 565 950 587 ut
966 560 1011 588 ille

222 605 291 633 liber
305 605 465 633 abscederet
480 614 486 632 :
504 605 554 632 hoc
566 609 657 632 autem
673 610 699 632 et
710 604 791 632 Iason
802 606 912 639 quidam
930 605 1009 633 fecis-

221 658 251 678 se
269 651 296 678 in
316 649 428 677 Actibus
440 650 624 684 apostolorum
640 649 755 677 refertur
770 650 793 666 ⁵⁸
808 658 815 677 :
833 656 859 678 et
877 651 944 678 hanc
963 659 1011 678 co-

222 703 281 722 rum
300 695 408 722 laudem
423 695 570 729 Apostolus
586 703 639 722 non
651 695 725 728 silet,
738 696 783 722 sed
802 697 929 723 omnibus
951 704 1010 723 eam

223 741 356 769 Ecclesiis
371 741 558 768 admirandam
576 741 669 773 tradit,
684 745 711 767 et
724 741 783 768 ideo
799 741 865 768 dicit
885 750 891 767 :
910 742 1010 774 Quibus

222 796 274 815 non
290 787 362 814 solus
373 795 419 822 ego
433 789 536 822 gratias
555 795 616 822 ago,
627 787 672 814 sed
698 792 722 814 et
739 788 867 815 universa:
885 788 1011 816 Ecclesiw

1061 195 1160 222 docent
1178 194 1396 222 adulescentulas
1419 195 1525 223 sobrias
1550 203 1622 229 esse,
1636 196 1733 231 diligere
1743 198 1796 225 vim.

1063 239 1132 266 ﬁlios
1145 240 1278 271 enutrirc.
1304 240 1417 275 pudicas
1437 249 1509 273 esse,
1527 247 1633 272 castas,
1647 243 1738 269 domum
1755 243 1796 270 bene

1060 291 1194 321 regentes,
1217 286 1358 322 benignas,
1374 287 1496 314 subditas
1516 289 1581 315 viris
1605 290 1660 316 suis
1675 289 1703 321 ⁸⁸,
1718 290 1796 324 hospitio

1060 331 1191 366 recipere,
1207 337 1365 359 sanctorum
1380 333 1460 367 pedes
1487 333 1579 360 lavare
1593 334 1625 365 ",
1639 339 1665 360 et
1675 340 1752 361 cetera
1759 343 1796 362 om-

1061 377 1102 404 nia
1126 385 1185 412 quae
1203 378 1236 405 de
1252 377 1347 405 ciliciis
1364 378 1507 406 mulierum
1521 380 1623 414 scripta
1638 380 1770 412 referuntur,
1781 381 1796 407 in

1060 425 1132 450 omni
1147 431 1245 458 gerere
1257 425 1381 452 castitate
1396 425 1464 460 (15),

1095 468 1140 497 ει.
1164 468 1286 495 Salutate
1313 469 1494 496 Andronicum
1517 475 1541 496 et
1570 470 1687 503 Iuniam,
1713 478 1797 505 cognato:

1061 521 1131 539 meos
1148 518 1172 539 et
1185 514 1351 548 coucnptiros
1367 522 1448 546 meas,
1463 515 1509 549 qui
1519 520 1579 541 sunt
1595 516 1719 543 nobiluin
1730 522 1795 550 tirone

1061 558 1104 591 lis,
1116 559 1160 592 qui
1176 563 1200 586 et
1213 565 1274 586 ante
1289 567 1328 586 me
1341 559 1450 594 [uerunt
1467 561 1493 587 in
1507 560 1615 587 Christo
1630 561 1659 587 ".
1677 560 1748 588 Potest
1759 563 1797 595 qui-

1061 605 1119 631 dem
1136 604 1193 632 ﬁeri
1209 610 1238 631 ut
1254 608 1282 631 et
1300 606 1449 632 secundum
1468 613 1579 632 carnem
1605 606 1647 634 isti
1665 607 1751 642 cogniti
1763 607 1799 634 flle-

1061 650 1114 677 rinl
1128 649 1215 683 Pauli,
1231 655 1258 678 et
1273 655 1334 678 ante
1350 651 1435 686 ipsum
1452 652 1628 686 crediderint,
1639 657 1664 679 et
1679 653 1761 680 nobiles
1769 653 1799 679 lu-

1062 696 1109 722 biti
1127 696 1182 723 sint
1200 696 1227 723 in
1246 696 1374 732 apostolis
1391 696 1512 730 Christi;
1535 697 1569 725 de
1599 697 1692 733 quibus
1713 698 1800 733 possibile

1062 746 1103 768 est
1115 747 1142 768 et
1162 741 1227 768 illud
1244 741 1368 777 intelligi,
1381 743 1453 776 quod
1470 741 1597 770 fortassis
1615 751 1646 770 ex
1665 743 1710 770 illis
1729 748 1802 776 septua-

1062 789 1135 822 ginta
1150 788 1257 816 duobus
1270 787 1316 822 qui
1341 792 1368 815 et
1400 788 1450 822 ipsi
1480 789 1595 823 apostoli
1621 789 1733 816 nominati
1753 794 1799 818 sunt.

220 834 345 868 gentium.
366 833 442 861 Unde
459 837 573 868 apparet
594 839 642 860 eos
655 831 792 860 ofﬁciosos
814 838 839 861 et
861 833 1009 869 hospitales
1024 825 1046 852 Β
1063 834 1172 867 fuerint,
1185 838 1211 861 et
1225 834 1286 861 ideo
1301 833 1403 861 nobiles
1426 841 1472 860 eos
1490 834 1515 860 ill
1530 834 1659 868 apostolis
1672 834 1740 865 dicat,
1756 835 1800 860 etin

220 879 358 906 exstitisse
371 887 434 914 erga
452 887 547 906 omnes
562 878 662 907 fratres
678 879 780 910 ﬁdeles,
796 888 847 907 non
865 880 950 907 solum
964 880 1009 915 qui

221 933 253 951 ex
268 923 378 958 Judaeis,
397 926 444 952 sed
458 926 540 952 etiam
558 926 602 960 qui
619 933 652 952 ex
674 926 798 960 gentibus
821 926 1008 953 credidissent.

222 969 317 1005 Magna
334 971 406 998 enim
422 971 508 1006 gratia
525 971 551 998 in
575 971 767 1006 hospitalitatis
789 971 880 1000 ofﬁcio
898 979 950 998 non
967 979 1012 999 so-

222 1016 276 1043 Ium
295 1017 365 1052 apud
385 1016 479 1049 Dculn,
495 1016 542 1043 sed
566 1020 595 1043 et
623 1016 693 1051 apud
720 1017 843 1044 homines
863 1017 1009 1044 invenitur.

221 1062 287 1095 Quae
306 1067 394 1089 tamen
412 1069 453 1089 res
472 1062 599 1097 quoniam
616 1070 668 1089 non
688 1063 774 1089 solum
794 1063 818 1090 in
836 1062 973 1090 voluntate
985 1069 1012 1091 et

223 1109 361 1142 proposito
375 1108 458 1143 682
475 1107 657 1140 dominorum,
673 1108 718 1135 sed
735 1114 762 1136 et
779 1115 856 1144 grato
885 1117 917 1136 ac
940 1109 1009 1137 ﬁdeli

221 1154 343 1182 constitit
355 1154 410 1190 (ll)
427 1153 577 1180 ministerio
611 1152 786 1187 famulorum,
801 1154 902 1181 idcirco
916 1162 1011 1181 omnes

222 1200 268 1234 qui
285 1200 464 1227 ministerium
481 1201 551 1227 istud
569 1207 631 1227 cum
659 1200 724 1234 ipsis
738 1199 854 1226 ﬁdeliter
880 1200 1011 1235 adimple-

221 1244 297 1278 banl,
312 1245 484 1272 domesticam
498 1253 587 1272 eorum
602 1245 750 1272 nominavit
767 1244 924 1272 Ecclesium.

259 1291 302 1317 l9.
325 1290 447 1318 Salutate
466 1290 629 1325 Epheuetum
652 1290 775 1317 dilectum
791 1299 887 1322 meum,
911 1291 956 1326 qui
974 1295 1013 1318 est

221 1335 328 1362 initium
344 1336 414 1362 Asia:
438 1336 466 1362 iu
484 1335 587 1363 Clu-illo
611 1336 644 1362 ".
663 1335 710 1363 llic
727 1336 879 1371 prenetns
908 1338 1012 1363 videtur

223 1383 289 1410 mihi
306 1383 426 1410 omnium
443 1383 546 1417 primus
563 1391 594 1410 ex
622 1383 686 1409 Asia
702 1383 868 1416 credidisse;
895 1384 965 1410 unde
986 1388 1012 1410 et

223 1429 329 1456 initium
347 1436 408 1456 eum
425 1429 551 1457 Ecclesiae
565 1429 721 1464 appellavit,
741 1429 793 1461 vel,
817 1435 847 1457 ιιι
870 1430 896 1457 ill
917 1429 1012 1457 Grzcco

225 1476 368 1507 habeatur,
393 1476 526 1510 primitias
551 1476 621 1503 Asia:
647 1484 655 1502 :
693 1475 742 1502 nisi
772 1475 872 1510 aliquid
900 1477 1012 1511 profun-

225 1522 285 1550 dius
297 1521 352 1556 (l2)
373 1529 465 1548 sermo
483 1522 532 1548 iste
550 1521 693 1556 signiﬁcet,
710 1526 739 1548 ut
758 1522 940 1556 intelligamus
964 1531 1012 1548 an-

224 1567 298 1603 gelos
312 1567 370 1600 Dei,
392 1567 436 1602 qui
457 1567 585 1594 Ecrlesiis
609 1573 738 1602 praesunt,
764 1567 863 1595 offerre
892 1569 1012 1603 singulos

225 1622 345 1649 quosque
361 1615 493 1649 primitias
508 1615 561 1642 Deo
580 1623 612 1642 ex
628 1616 669 1642 llis
681 1615 726 1650 qui
740 1616 870 1648 credunt;
887 1615 1012 1649 primitias

226 1663 316 1686 autem
333 1659 401 1693 apud
417 1659 639 1693 illosjndicentur
654 1667 705 1687 non
723 1659 749 1686 ill
766 1659 808 1686 llis
829 1660 874 1694 qui
892 1665 1013 1694 tempore

226 1705 304 1739 primi
316 1709 390 1738 sunt,
402 1706 448 1732 sed
459 1706 503 1740 qui
525 1705 668 1732 virtutibus
682 1709 709 1732 et
725 1706 830 1732 meritis
844 1705 1011 1740 praecellunt.

225 1751 345 1784 Quorum
362 1750 451 1777 sciens
475 1758 522 1785 per
538 1750 667 1785 Spiritum
687 1749 787 1777 Paulus
797 1750 957 1778 electionem
971 1758 1014 1778 er-

225 1804 257 1830 ga
271 1795 451 1831 prenetum,
465 1797 576 1830 etquod
597 1796 653 1831 (l5)
677 1797 763 1830 ipsum
790 1805 822 1823 ex
846 1797 919 1824 omni
945 1797 1012 1824 ﬁde-

224 1842 288 1869 lium
303 1850 426 1875 numero,
443 1842 487 1876 qui
510 1848 588 1869 erant
614 1842 640 1869 ill
659 1842 734 1873 Asia,
754 1842 852 1869 electio
880 1843 1014 1869 invenerit

224 1887 393 1922 angelorum,
407 1887 550 1921 appellavit
563 1895 624 1915 eum
637 1888 769 1920 primitias
782 1888 861 1914 Aaiw.
879 1887 930 1914 Sed
948 1893 973 1915 et
987 1888 1013 1915 ill

225 1933 276 1960 alia
293 1933 411 1968 Epistula
425 1934 447 1949 ⁸⁸
464 1934 530 1960 dicit
544 1934 578 1961 de
590 1933 762 1968 quibusdam,
775 1933 845 1966 Quia
858 1934 910 1960 sint
926 1935 1016 1968 primi-

225 1979 271 2006 (ἕω
282 1979 390 2006 Achaia;
404 1989 413 2012 ,-
427 1982 549 2006 eamdem
563 1979 621 2005 sine
633 1978 715 2005 dubio
739 1980 904 2005 sacramenti
932 1980 1015 2006 ratio-

226 2032 286 2050 nem
303 2024 383 2050 etiam
399 2023 425 2050 in
440 2024 492 2050 illis
506 2024 653 2058 aspiciens.

259 2070 305 2097 9.0.
323 2069 442 2098 Salutate
461 2070 586 2103 Mariam,
613 2079 671 2106 qua:
691 2072 801 2097 multum
829 2071 959 2098 laboravit
986 2071 1012 2097 in

1063 880 1104 906 bis
1124 879 1253 914 apostolis
1277 879 1323 913 qui
1356 883 1419 905 ante
1436 886 1496 905 eum
1513 878 1636 906 fuerunt.
1653 878 1701 906 Sed
1722 883 1743 906 et
1761 878 1799 905 illud

1062 933 1105 952 mc
1120 931 1211 952 movet
1226 925 1298 960 quod
1313 925 1367 957 ait;
1391 925 1558 959 concaptieon
1585 933 1664 953 meos.
1687 925 1739 958 Qua
1755 926 1800 952 enim

1062 975 1120 999 crat
1131 970 1207 997 Pauli
1221 970 1376 1004 captivitas,
1395 970 1420 996 in
1438 977 1490 1004 qua
1503 970 1555 998 sibi
1569 971 1652 998 etiam
1667 970 1803 997 Andronicum

1062 1023 1087 1044 ct
1101 1016 1208 1044 Iuniam
1223 1016 1399 1050 concaptivos
1413 1022 1472 1042 esse
1488 1020 1605 1043 testatur
1623 1016 1675 1050 (17)
1686 1016 1697 1042 ?
1708 1017 1747 1043 nisi
1759 1016 1802 1043 forte

1062 1062 1239 1097 profundiore
1255 1062 1384 1097 mysterio
1397 1061 1430 1088 ad
1453 1061 1527 1089 illam
1546 1062 1715 1097 respiciamus
1726 1061 1802 1097 captivi-

1064 1114 1156 1139 tatem,
1173 1115 1253 1143 quam
1265 1107 1389 1134 Christus
1401 1108 1476 1134 venit
1497 1108 1649 1141 absolvere,
1667 1108 1698 1134 de
1711 1115 1750 1141 qua
1762 1107 1802 1134 scri-

1061 1157 1136 1188 ptum
1148 1157 1189 1179 est
1197 1152 1332 1183 “,venire
1342 1156 1369 1178 ct
1382 1152 1446 1179 dare
1457 1159 1518 1179 eum
1530 1154 1646 1188 captivis
1655 1153 1801 1181 remissionem.

1062 1199 1142 1225 caecis
1163 1199 1262 1224 visum.
1278 1197 1304 1224 In
1321 1205 1373 1233 qua
1391 1198 1547 1233 captivitate
1562 1200 1684 1226 videntur
1701 1207 1742 1225 una
1751 1203 1803 1231 atquc

1062 1244 1157 1272 cadem
1172 1244 1278 1271 ratione
1305 1244 1350 1271 isti
1362 1251 1433 1277 esse,
1452 1253 1504 1279 qua
1523 1250 1549 1272 et
1579 1245 1674 1272 Paulus
1687 1244 1802 1272 cratim:

1062 1290 1132 1317 enim
1145 1290 1231 1325 gratia
1246 1290 1269 1317 si
1282 1289 1404 1318 dicamus
1418 1299 1424 1317 :
1439 1289 1505 1318 Cum
1527 1291 1654 1325 captivus
1670 1295 1731 1318 esset
1750 1297 1801 1323 popu-

1063 1336 1104 1364 lus
1115 1336 1197 1364 lsrael
1211 1337 1281 1371 apud
1296 1337 1423 1372 Assyrios
1438 1337 1477 1364 vel
1494 1337 1667 1371 Babylonios,
1679 1335 1801 1368 oalnesq-Ii-

1062 1383 1124 1410 dem
1141 1383 1305 1410 videbantur
1322 1391 1383 1411 esse
1402 1383 1517 1418 captivi;
1534 1384 1584 1410 sed
1601 1383 1650 1410 alia
1673 1382 1730 1410 ratio
1744 1382 1802 1408 inc:-

1065 1430 1130 1457 teris
1143 1429 1308 1464 captivitatis
1326 1430 1394 1466 (18),
1411 1430 1461 1456 alia
1480 1430 1504 1456 ill
1533 1429 1654 1459 Dauielc,
1682 1434 1706 1456 et
1726 1428 1803 1455 Armini,

1065 1481 1145 1511 atque
1158 1477 1255 1504 Azaria
1269 1476 1309 1503 vel
1322 1476 1426 1503 Misael.
1441 1476 1481 1503 Illi
1496 1476 1570 1503 enim
1586 1476 1681 1511 captivi
1692 1478 1752 1502 erant
1773 1480 1802 1506 pm

1066 1522 1184 1556 peccatis
1200 1522 1275 1555 suis;
1292 1522 1335 1549 isti
1363 1529 1428 1549 vero
1458 1529 1507 1556 pro
1527 1522 1707 1549 consolatione
1727 1519 1804 1553 captiu-

1067 1575 1125 1595 rmn
1145 1573 1223 1594 erant
1243 1568 1326 1595 etiam
1354 1567 1405 1602 ipsi
1422 1567 1542 1602 captivi:
1571 1571 1600 1594 ct
1626 1568 1683 1594 ideo
1706 1566 1725 1592 si
1740 1565 1804 1590 dicent

1068 1613 1162 1642 Daniel
1180 1614 1213 1640 dc
1229 1613 1318 1647 aliquo
1333 1621 1386 1639 uno
1404 1620 1437 1640 ex
1458 1613 1536 1647 plebe
1549 1621 1556 1639 :
1568 1611 1734 1646 Coneaptivus
1752 1617 1805 1637 meum

1068 1668 1122 1688 non
1139 1661 1174 1687 ita
1191 1659 1384 1687 convenienter
1401 1659 1451 1686 dici
1476 1658 1634 1690 videbatur,
1659 1662 1686 1684 ut
1702 1656 1721 1684 si
1740 1656 1805 1682 diem

1068 1707 1101 1734 de
1113 1706 1229 1738 Anania,
1246 1710 1274 1732 ct
1289 1705 1399 1738 Azaria,
1417 1709 1444 1731 ct
1464 1704 1571 1737 Misael,
1585 1704 1724 1738 conca’ptivi
1737 1700 1780 1727 mei.
1792 1698 1806 1722 in

1069 1751 1126 1778 istis
1140 1751 1211 1777 euinl
1231 1758 1283 1777 una
1301 1750 1466 1785 captivitatis
1489 1756 1530 1777 est
1554 1751 1635 1783 ratio,
1656 1757 1710 1784 qua:
1731 1747 1805 1780 longe:

1068 1796 1164 1831 reliqui
1178 1795 1268 1830 populi
1288 1795 1393 1821 ratione
1407 1795 1516 1822 diversa
1539 1799 1583 1822 est
1599 1795 1664 1830 (l9).
1680 1793 1712 1820 ita
1735 1798 1781 1824 ergo
1793 1794 1807 1813 tl

1069 1842 1168 1869 Paulus
1189 1841 1241 1869 tale
1259 1841 1362 1875 aliquid
1380 1840 1413 1867 de
1435 1847 1466 1868 se
1486 1845 1514 1867 et
1532 1841 1696 1872 Andronico,
1713 1846 1738 1864 ac
1750 1835 1806 1862 luna.

1069 1889 1215 1916 secundum
1228 1887 1388 1914 occultioris
1402 1887 1570 1914 sacramenti
1589 1887 1694 1914 intuens
1708 1883 1807 1911 rationem.

1068 1935 1233 1969 concaptivos
1246 1941 1292 1961 eos
1311 1933 1361 1961 sibi
1380 1933 1406 1960 in
1423 1935 1475 1961 hoc
1498 1935 1600 1961 mundo
1620 1933 1766 1962 nominal,et
1779 1935 1806 1952 iw-

1068 1981 1130 2006 biles
1145 1981 1171 2006 in
1188 1978 1322 2014 apostolis.

1102 2026 1137 2052 2‘2
1169 2025 1291 2053 Salutate
1303 2024 1467 2059 Alupliatum
1495 2024 1621 2051 dilectum
1634 2031 1709 2050 meum
1720 2022 1740 2047 in
1751 2019 1806 2045 Dom'

1068 2079 1100 2097 no
1116 2070 1149 2097 ⁵⁵.
1167 2070 1236 2097 lluic
1251 2071 1377 2104 quamvis
1392 2070 1457 2096 nihil
1479 2070 1619 2104 egregium
1635 2076 1686 2102 pne
1705 2062 1806 2094 ca'teriél"

225 2117 295 2144 vobis
309 2117 331 2132 "
349 2117 416 2152 (14).
433 2117 514 2144 Docet
526 2123 553 2144 et
570 2117 596 2144 in
613 2117 665 2145 lloc
682 2118 782 2145 debere
793 2118 874 2145 etiam
896 2117 1011 2144 feminas
1030 2113 1050 2140 D
1067 2117 1144 2143 latnle
1161 2116 1283 2142 videatur
1297 2115 1445 2147 ascribere,
1469 2120 1560 2142 tamen
1582 2116 1634 2142 hoc
1657 2114 1709 2147 ipso
1724 2108 1806 2145 qtlml'h‘

258 2199 444 2232 "Auum,
465 2199 523 2226 1-5.
562 2200 657 2226 ImAct.
681 2207 746 2231 lel,
768 2199 785 2226 5
811 2207 852 2234 sq.
892 2200 913 2215 ⁵⁷
929 2199 994 2225 Rom

1070 2205 1089 2223 1.
1176 2193 1442 2234 _f'|Cor.xhv'l,15.
1479 2193 1503 2209 ιν
1526 2191 1711 2225 ttom.m,6.
1747 2186 1805 2212 υῖτί·

224 2241 256 2266 tt,
270 2235 296 2262 ιι.
331 2235 374 2261 “l
391 2234 459 2262 Titii.
480 2242 504 2268 ν,
526 2235 569 2262 10.
608 2236 631 2250 θ’
641 2235 720 2262 Rom.
740 2243 796 2268 xw,
812 2235 839 2262 7.

263 2325 302 2361 (9)
317 2326 457 2359 Bahanus,
473 2331 500 2353 ut
512 2326 566 2361 qui,
579 2325 660 2353 male.

264 2360 320 2395 (11))
333 2361 415 2393 Ειιὶιί,
430 2360 540 2388 Romani
557 2360 677 2396 ingressi,
695 2360 774 2388 male.

263 2396 319 2431 (11)
335 2396 380 2423 Ms.
400 2397 498 2431 Regius
516 2394 592 2423 num:
610 2396 832 2429 1639,consiltil.
847 2394 933 2422 Paulo
955 2399 1016 2429 post

228 2432 304 2463 editi,
316 2430 505 2465 adimpleuerit,
517 2436 554 2463 et,
570 2431 790 2461 adimpleverunt.
805 2430 907 2458 Deinde
926 2438 1016 2457 eorum

230 2467 384 2494 restituitur
399 2474 431 2492 ex
449 2475 499 2494 lns.
518 2466 603 2499 Regio
619 2474 694 2493 num.
719 2466 797 2493 1659.

267 2501 322 2536 (12)
341 2501 389 2528 Ms.
405 2501 505 2535 “cuius
525 2509 599 2528 num.
618 2501 701 2532 1659,
717 2501 768 2527 nisi
790 2501 812 2527 εἰ
834 2501 935 2536 aliquid
956 2508 1013 2535 pro-

231 2535 352 2572 fundius.
365 2536 466 2564 Deinde
481 2545 576 2564 omnes
591 2544 656 2564 mss.
673 2542 698 2563 et
721 2536 797 2572 editi,
820 2535 905 2572 scroto
917 2536 966 2563 iste
980 2535 1017 2562 si-

230 2570 356 2606 gni/ient;
369 2572 415 2598 sed
429 2572 528 2600 rectius
543 2571 679 2603 liabanus,
695 2570 833 2606 signi/iret.
858 2570 940 2598 Paulo
957 2575 1018 2605 post

229 2606 472 2640 editi,judicentur
488 2608 549 2641 (ms.
579 2607 680 2641 Regius
705 2615 778 2632 nunt.
798 2606 876 2638 1659,
890 2606 1018 2640 judican—

230 2640 284 2675 lnr)
297 2650 347 2668 non
360 2642 386 2667 hi
406 2642 451 2674 qui
471 2646 587 2675 telupare
600 2640 678 2674 primi
689 2646 762 2668 sunt.

265 2676 321 2737 (115)
336 2676 382 2736 lSic
395 2683 490 2703 omnes
513 2684 578 2703 mss.
595 2682 622 2703 ct
647 2676 723 2703 editi.
749 2676 878 2704 llabanus
899 2683 972 2707 vero,
989 2683 1018 2702 eo

265 2721 278 2737 ο
302 2731 309 2737 .
321 2719 336 2737 c
350 2719 375 2737 c.

248 2716 309 2740 uad,
321 2716 375 2738 ctc.

228 2720 309 2746 quau,
321 2720 375 2738 etc.

266 2746 322 2779 (11)
341 2745 410 2772 Editi
429 2750 455 2772 et
471 2753 521 2773 ms.
537 2745 636 2779 Regius
651 2754 726 2773 nllm.
744 2746 822 2778 1639,
839 2746 865 2772 in
881 2745 963 2772 nobis.

269 2780 325 2812 (15)
340 2780 376 2806 Ita
395 2787 445 2806 uls.
458 2780 559 2814 Regius
576 2789 650 2807 ηιιιιι.
667 2780 746 2807 11559.
761 2783 813 2807 Sed
834 2781 924 2808 cit-teri
943 2789 1017 2810 ιιιδιιη

233 2814 362 2841 [labantis
379 2820 405 2842 et
415 2816 492 2849 editi,
508 2817 533 2842 in
547 2816 616 2842 omni
627 2823 718 2850 ycncrc
733 2817 872 2842 castitatis.

877 2235 899 2249 “
917 2234 982 2262 Luc.
1001 2241 1037 2265 tv,
1056 2233 1097 2260 19.

1137 2232 1159 2246 θ’
1176 2230 1254 2257 Itoni.
1267 2237 1324 2262 xw,
1335 2229 1361 2256 8.

1105 2322 1161 2359 (16)
1177 2322 1222 2349 Sic
1237 2329 1302 2359 mss.
1319 2320 1420 2359 iit-gius
1432 2327 1509 2359 unm.
1525 2320 1613 2359 {63!}.
1624 2319 1659 2359 lla
1681 2319 1750 2359 etiam
1768 2314 1807 2359 cf”:

1070 2348 1205 2393 ple‘riq'ne,
1221 2358 1266 2391 qui
1283 2348 1385 2393 habclit
1404 2356 1430 2382 in
1444 2355 1510 2393 ﬁne,
1529 2355 1556 2382 in
1577 2355 1682 2393 Cinguli
1702 2351 1761 2379 Jul.

1070 2389 1160 2420 caeteri
1183 2389 1260 2424 mss.,
1276 2397 1299 2418 et
1316 2392 1360 2425 qui
1379 2395 1441 2418 ante
1453 2391 1560 2423 fuerim!
1573 2391 1601 2417 in
1613 2389 1808 2425 Cllriuo,gntﬁ‘t5

1070 2436 1110 2454 me
1124 2434 1147 2454 el
1164 2427 1239 2458 Jesu,
1254 2420 1408 2461 qum'voces
1424 2420 1591 2452 omittuntur
1608 2426 1686 2452 etiam
1707 2430 1718 2449 α
1733 2420 1809 2448 albi-“0

1071 2468 1098 2490 el
1117 2464 1143 2490 in
1160 2462 1278 2490 editione
1295 2462 1408 2488 Veneta.

1121 2489 1169 2532 17)
1179 2498 1260 2528 E-fiti.
1271 2502 1399 2532 cognatos
1410 2499 1434 2522 et
1448 2497 1616 2532 concupiit-as
1626 2489 1788 2532 autcum}?

1121 2498 1163 2532 17)
1179 2498 1260 2528 E-fiti.
1274 2502 1398 2532 cognatos
1410 2499 1434 2522 et
1448 2498 1616 2531 concupiit-as
1626 2498 1787 2522 euemtalsr.’

1105 2498 1160 2568 118)
1172 2533 1253 2564 Edili,
1271 2531 1348 2558 Verbi
1358 2531 1427 2568 enim
1438 2531 1526 2568 gratia
1539 2532 1702 2568 llcrdl'tmlﬂ‘l
1711 2526 1807 2568 ᾳιιοᾴςςξι

1072 2559 1191 2601 captilius
1211 2559 1275 2595 esset
1288 2566 1399 2601 populus
1413 2559 1499 2593 ls'rael
1517 2567 1587 2600 apud
1603 2559 1757 2601 Assyrias?!
1776 2559 1807 2601 Βγις

1073 2596 1202 2638 bylonios,
1216 2596 1418 2639 omnesquidem
1435 2606 1514 2639 erant
1530 2596 1693 2639 captiui,_}ed
1711 2596 1806 2639 ειὶίΐξςξθ

1072 2634 1099 2664 iii
1120 2639 1220 2665 cwtcris
1238 2634 1359 2671 captiuis,
1373 2641 1425 2663 etc.
1439 2637 1492 2663 Sed
1509 2634 1588 2668 mss},
1606 2636 1731 2663 liabanus,
1745 2634 1808 2671 eius

1073 2674 1110 2700 tio
1126 2673 1224 2700 Veneta
1237 2667 1306 2699 1ιιιίιιῐ
1322 2667 1410 2698 locum
1422 2667 1608 2698 restituuntilt
1621 2672 1646 2697 in
1665 2673 1742 2696 nostro
1754 2667 1807 2691 ιειιυ-

1072 2708 1122 2735 Ms.
1143 2699 1231 2734 tamen
1247 2707 1345 2741 Regius
1360 2714 1436 2733 uuln.
1455 2706 1524 2734 1639
1538 2712 1562 2734 ct
1578 2706 1700 2741 [labantis
1710 2699 1807 2729 habeam

1074 2745 1100 2770 in
1116 2743 1208 2770 editis.
1222 2744 1266 2769 scd
1280 2740 1333 2768 alia
1352 2744 1419 2767 ratio
1433 2742 1459 2767 in
1476 2742 1578 2768 ueteris
1596 2740 1710 2776 captiuis,
1724 2741 1764 2776 elﬁ-

1111 2778 1166 2813 (19)
1185 2778 1267 2809 Editi,
1283 2785 1340 2811 qulc
1358 2777 1433 2810 latlge
1456 2786 1472 2803 ιι
1500 2776 1608 2812 reliquis
1628 2772 1724 2802 ratione
1741 2772 1805 2797 ditt?"

1073 2818 1121 2840 cst.
