1852 3053
17 140 86 168 1281

502 138 681 166 (ΣΟΜΜΕΝΤ.
701 137 734 164 lN
753 136 864 164 EPIST.
886 138 930 164 AD
952 137 1035 164 [ΨΜ.
1053 136 1118 163 LIB.
1144 136 1176 163 Χ.

1587 139 1657 167 12ἷὲ

17 198 109 225 learns
120 202 162 226 est
178 197 264 231 Pauli,
282 195 423 225 laudabilis
436 200 463 223 ct
474 196 639 225 salutatione
652 197 750 233 dignus
772 198 814 224 cf~
827 197 849 224 A
898 195 943 222 29.
962 193 1083 222 Salutate
1097 193 1236 221 Pet-sittant
1250 194 1446 228 charissimam,
1467 203 1526 230 qua
1543 195 1656 222 multant

17 243 124 272 ficitur.

51 291 102 319 25.
124 291 248 319 Salutate
267 291 403 318 Urbanum
427 291 575 326 adjutorem
603 298 687 318 meum
709 290 766 325 (20)
787 291 813 316 in

17 334 141 367 Christo.
153 341 175 362 et
190 334 308 371 Stachyn
333 336 457 362 dilectum
473 344 559 362 meum
575 336 608 362 ⁸⁵.
637 336 755 370 Stachyn
786 336 812 362 in

17 381 185 408 salutatione
207 382 356 416 conjuugit,
387 381 434 409 sed
460 381 599 409 Urbanum
631 382 656 408 ιιι
689 381 813 408 laudibus

17 427 154 462 prmtulit.
169 426 244 454 Illum
259 428 331 454 enim
344 427 495 462 adiutorem
508 428 533 455 in
549 427 675 460 Christo;
693 427 812 462 Stachyn

17 480 83 501 vero
97 473 226 500 dilectum
254 475 443 502 tantummodo
474 474 537 507 sibi,
561 474 631 501 sicut
647 474 811 509 Ampliatum

17 519 185 547 nominavit.
201 519 318 553 Adjutor
332 525 423 547 autem
435 519 555 555 Apostoli
577 520 603 547 in
620 520 740 552 Christo,
760 527 812 546 non

17 565 92 591 aliud
109 564 270 599 intelligitur
292 573 372 600 quam
396 566 536 601 apostolici
559 566 649 600 operis
663 566 810 600 particeps.

49 611 99 638 25.
120 610 241 638 Salutate
267 611 380 646 Apellent
419 611 529 647 probum
542 612 569 639 in
585 610 689 639 Cltristo
708 612 730 627 “
743 612 809 648 (21).

17 656 88 684 Puto
101 659 176 684 hunc
191 657 314 692 Apellcm
328 665 375 692 per
395 658 493 686 multas
517 658 708 686 tribulationes
720 663 811 686 trans-

17 704 71 729 isse
104 703 242 737 patienter
255 708 281 731 et
297 703 404 731 fortiter
425 709 603 736 sustentatas.
623 709 652 732 et
668 705 727 732 ideo
747 713 810 740 pro-

17 749 140 776 nuntiari
159 750 193 776 ab
215 749 347 784 Apostolo
372 751 500 784 probum,
521 751 670 778 secundum
691 759 722 778 ea
751 759 812 786 quas

17 795 75 829 ipse
89 795 116 822 itt
131 795 193 822 aliis
206 796 283 829 dixit,
308 796 370 830 quia
388 796 527 823 tribulatio
547 797 702 831 patientiam
717 805 812 832 opera.

17 848 69 875 iur,
104 842 237 877 patientia
274 851 334 869 vero
366 843 559 877 probationem,
593 845 714 878 probatio
751 852 810 871 vero

866 240 995 267 laboravit
1009 240 1036 266 in
1055 239 1167 266 Domino
1185 240 1219 266 ⁷³.
1239 239 1353 267 Videtur
1374 240 1433 267 hmc
1449 241 1536 275 magis
1552 240 1657 268 laudari

866 293 947 320 quam
960 285 1112 320 Tryphaena
1129 290 1156 312 et
1179 285 1331 321 Tryphosa,
1351 286 1480 321 quoniam
1497 287 1605 320 quidem
1625 287 1656 313 il-

866 331 905 358 las
920 331 1057 359 laborasse
1067 331 1133 359 dicit
1149 331 1174 358 in
1191 331 1316 364 Domino,
1330 333 1399 359 hanc
1412 337 1501 359 autem
1514 333 1657 361 laborasse

866 376 978 403 mttltum
994 376 1020 404 in
1039 376 1164 409 Domino,
1174 377 1216 404 cui
1233 377 1338 404 addidit
1354 382 1381 404 et
1394 378 1589 406 charissimam.

899 421 945 449 50.
959 421 1079 448 Salutate
1096 420 1192 455 Rufum
1205 422 1313 449 electum
1327 422 1354 449 in
1368 422 1489 454 Domino.
1506 428 1528 450 et
1542 427 1654 450 matrem

864 467 922 500 ejus
937 471 960 493 et
980 475 1065 494 meum
1084 467 1117 495 ⁷⁸.
1144 467 1201 494 Non
1223 472 1288 502 puto
1313 468 1339 494 in
1366 468 1424 495 istis
1444 468 1654 496 salutationibus

866 512 984 540 inaniter
999 512 1057 540 ﬁeri
1077 520 1125 547 per
1140 513 1260 548 singulos
1272 521 1396 548 quosque
1406 513 1494 541 laudis
1508 519 1535 541 et
1549 514 1654 541 saluta—

865 558 947 585 tionis
961 557 1151 585 dill'erentiatlt.
1170 559 1220 592 Qui
1241 559 1313 586 enim
1329 561 1381 587 scit
1399 562 1461 595 quia
1477 561 1602 588 Christus
1616 561 1656 588 lo-

864 605 956 639 quitur
971 605 997 631 in
1011 604 1092 632 Paulo
1105 605 1139 638 ⁷⁵,
1157 610 1248 633 certus
1259 611 1301 633 est
1318 607 1389 641 quod
1405 614 1454 641 pro
1472 608 1568 635 nterito
1584 608 1656 636 alius

864 649 972 683 quidem
990 650 1090 685 probus
1112 651 1213 678 dicitur
1238 650 1271 678 ab
1292 658 1343 684 eo,
1371 651 1441 680 alius
1464 653 1655 688 charissimus,

863 696 932 722 alius
945 696 1071 724 laborans
1087 697 1112 723 in
1132 696 1258 731 Domino,
1271 697 1341 725 alius
1359 698 1472 725 multum
1487 699 1614 727 laborans
1626 701 1654 728 in

863 741 979 768 Domino
995 741 1064 777 (25),
1088 742 1157 769 alios
1177 742 1289 776 electus,
1315 743 1388 770 sicut
1400 749 1427 771 et
1443 744 1486 771 ltic
1503 744 1601 777 Rufus,
1619 746 1654 773 de

862 793 916 821 quo
931 795 1003 815 nunc
1015 788 1092 815 nobis
1109 795 1200 815 sermo
1225 793 1282 821 est,
1298 789 1401 817 electus
1416 790 1441 816 in
1457 790 1571 818 Domino
1586 791 1656 818 salu-

865 837 947 860 tatur.
969 833 1057 861 Credo
1072 835 1143 869 quod
1160 835 1242 862 sciret
1258 835 1361 863 Paulus
1383 843 1444 864 esse
1459 844 1520 863 eum
1544 837 1576 864 de
1601 845 1653 864 utt-

17 896 88 921 ,νεηι
102 888 137 914 s1.
160 887 308 915 Videndum
319 896 384 915 sane
399 893 441 916 est
453 896 486 915 ne
501 889 569 916 rom,
582 876 637 923 ibse
653 889 687 916 si,
706 889 749 917 hic
765 890 810 924 qui
828 876 848 904 Β
865 886 938 906 mero
950 886 1004 906 non
1021 880 1167 907 tmtltorum
1181 881 1226 915 qui
1242 882 1330 908 vocati
1348 887 1421 914 sunt,
1441 882 1487 909 sed
1504 889 1654 916 paucortttn

17 934 40 960 in
54 933 173 960 Actibus
184 934 366 967 apostolorum
376 934 397 950 ε·
408 934 502 968 Apollo
513 935 680 967 nominatur,
693 935 812 962 Alexan-

17 980 125 1011 drinus,
143 980 169 1005 itt
187 979 336 1013 Scripturis
349 981 481 1007 eruditus.

49 1014 99 1041 25.
119 1014 241 1041 Salutate
256 1023 299 1041 eos
318 1015 362 1049 qui
377 1020 437 1041 sttnt
457 1023 489 1042 ea:
512 1015 658 1042 Aristobuli
681 1016 759 1043 domo
776 1016 809 1042 “.

17 1059 154 1094 Quoniam
176 1060 243 1086 nihil
258 1059 344 1086 otiose
363 1060 389 1087 in
413 1060 512 1088 litteris
528 1061 650 1096 ApOstoli
676 1061 719 1089 vel
735 1061 811 1089 addi-

17 1112 58 1134 tur
79 1105 122 1133 vel
138 1105 278 1138 minuitur,
299 1106 366 1133 istos
378 1106 422 1140 qui
442 1107 526 1142 683
541 1113 604 1135 sunt
616 1108 656 1135 vel
669 1108 701 1135 de
718 1108 809 1140 domo,

17 1153 55 1179 vel
69 1152 105 1180 de
114 1151 216 1179 familia
225 1151 389 1183 Aristobuli,
405 1159 457 1179 non
470 1153 570 1180 frustra
587 1161 674 1188 neque
687 1154 809 1187 dilectos,

17 1206 105 1233 neque
118 1198 218 1233 probos
228 1218 235 1230 ,
252 1205 338 1232 neque
351 1198 490 1233 adjutores
505 1199 531 1226 in
546 1198 655 1226 Christo
668 1200 788 1227 nominat
801 1209 808 1227 :

17 1246 60 1272 sed
82 1244 155 1271 forte
172 1244 234 1278 quia
256 1243 322 1271 nihil
337 1244 389 1272 tale
403 1245 540 1272 habebant
555 1245 581 1272 in
597 1246 711 1278 meritis,
729 1246 810 1274 idcir-

17 1298 44 1316 ro
60 1298 111 1317 eos
127 1289 185 1316 solo
199 1289 277 1316 titulo
292 1289 466 1317 salutationis
478 1289 632 1318 honoravit.

47 1335 96 1362 26.
120 1334 240 1362 Salutate
259 1333 434 1362 Heradionem
452 1340 593 1370 cognatum
619 1344 705 1363 meum
720 1337 753 1365 ⁷⁰.
775 1337 810 1365 ΕΙ.

17 1382 69 1414 hic,
94 1381 224 1408 similiter
248 1384 277 1407 ut
300 1380 474 1408 Andronicus
491 1385 518 1408 et
541 1380 647 1414 Junias,
673 1388 808 1418 cognatus

17 1426 92 1453 Pauli
117 1426 238 1453 dicitur:
257 1425 305 1453 sed
323 1433 410 1460 neque
427 1427 605 1460 concaptivus
626 1432 655 1456 ut
679 1428 729 1461 illi,
757 1437 804 1457 ne-

17 1479 68 1507 que
91 1471 191 1499 nobilis
209 1471 235 1497 in
261 1470 399 1505 apostolis.
424 1470 450 1497 in
472 1471 514 1498 bis
537 1472 583 1507 qui
605 1477 668 1500 ante
693 1473 807 1502 Paulum

17 1520 129 1546 luerunt
145 1519 170 1546 in
185 1518 303 1551 Christo,
325 1518 492 1546 nominatur.
514 1518 588 1547 Unde
603 1520 806 1555 intelligendum

17 1571 55 1593 ρει
72 1567 157 1593 etiam
173 1565 198 1591 itt
210 1565 252 1592 his
273 1565 345 1600 quod
365 1569 495 1599 cognatos
510 1573 573 1593 suos
601 1565 699 1594 Paulus
715 1568 807 1603 appel-

17 1616 61 1643 1at,
78 1617 142 1639 esse
160 1610 269 1638 multam
292 1610 470 1638 diﬂ‘crentiatn
481 1631 488 1644 ,
514 1611 664 1640 secundum
680 1614 763 1648 illam,
779 1621 809 1644 ut

17 1667 64 1693 ego
83 1657 214 1690 arbitror,
234 1657 377 1690 rationem,
395 1665 478 1693 quam
493 1659 620 1694 superius
633 1661 739 1695 aperire
755 1666 810 1690 ten-

17 1707 148 1733 tavitnutt.

47 1752 96 1779 27.
114 1750 235 1779 Salutate
248 1759 292 1778 eos
312 1751 356 1785 qui
373 1755 433 1779 sunt
453 1759 486 1779 ex
503 1752 628 1780 Narcissi
647 1753 736 1786 domo,
761 1756 806 1790 qui

17 1803 76 1825 sunt
96 1797 126 1825 in
146 1797 255 1825 Domino
271 1797 305 1824 τί.
320 1797 455 1825 Videntur
475 1797 585 1834 quidem
613 1799 704 1834 plures
724 1800 808 1828 fuisse

17 1852 46 1871 ex
73 1843 156 1871 domo
177 1843 217 1870 vel
239 1844 339 1871 latttilia
360 1843 490 1878 Narcissi,
516 1845 563 1873 sed
586 1853 639 1873 non
660 1854 756 1874 omnes
780 1847 807 1874 in

17 1891 136 1917 Domino
151 1890 234 1917 fuisse
249 1898 255 1915 :
281 1895 309 1917 et
321 1890 381 1917 ideo
397 1890 502 1918 addidit
515 1898 562 1920 eos
577 1891 734 1920 salutandos
747 1899 807 1921 esse

17 1937 58 1971 qui
73 1941 137 1962 sunt
149 1936 176 1962 in
189 1935 311 1963 Domino.

50 1982 99 2010 28.
114 1981 235 2009 Salutate
248 1982 426 2016 Triphanam,
447 1987 471 2009 st
490 1981 663 2017 Tryphosam,
683 1990 744 2017 quas
766 1982 807 2009 la-

17 2033 112 2057 borant
137 2028 166 2054 in
192 2027 303 2056 Domino
316 2028 350 2055 ".
367 2028 471 2056 Bonum
495 2028 529 2056 de
549 2027 594 2055 liis
616 2028 663 2055 dat
685 2028 808 2056 testimo-

17 2075 103 2106 nium,
119 2081 234 2109 quarum
256 2073 375 2101 laborem
392 2080 445 2100 non
466 2072 547 2106 hujus
564 2073 656 2100 mundi
672 2073 741 2109 (22),
759 2081 809 2101 ne-

17 2128 69 2155 que
84 2119 238 2147 communis
254 2120 328 2152 vitae,
347 2119 395 2147 sed
417 2118 443 2146 in
464 2118 578 2146 Domino
594 2126 656 2147 esse
678 2123 807 2147 testatur.

17 2167 93 2194 llulti
121 2165 193 2192 enim
217 2165 361 2198 laborant.
386 2165 434 2193 sed
460 2173 513 2193 non
541 2165 661 2192 omnium
687 2165 807 2192 laborem

17 2216 130 2240 constat
144 2218 204 2238 esse
218 2210 244 2238 in
258 2211 383 2238 Domino.

51 2271 76 2286 "
94 2269 274 2300 Rom.xvt.9.
297 2269 400 2305 “libid.
412 2269 455 2296 l0.
477 2269 498 2285 "
510 2269 587 2305 Rom.
599 2269 694 2305 v,§,!s.
732 2270 753 2285 “
766 2271 824 2298 Act,
841 2278 917 2301 xvttt,
932 2269 978 2296 24.
1000 2270 1021 2286 ⁸⁸
1036 2269 1114 2296 Rom.
1133 2277 1188 2305 xvi,
1200 2269 1243 2296 ll.

17 2307 36 2322 ν’
53 2306 124 2332 ibid.
142 2305 185 2331 12.
224 2305 247 2321 ⁷³
265 2303 331 2332 ibid.
367 2304 391 2320 ⁷⁸
413 2305 477 2332 ibid.
506 2304 549 2332 l5.
586 2305 609 2320 "
627 2303 646 2331 ll
661 2304 725 2332 Cor.
747 2313 793 2332 χιιι

891 2306 914 2320 ⁷⁶
923 2305 1018 2332 Matth.
1037 2312 1103 2335 un.

863 924 908 959 qui
925 925 1004 952 electi
1028 926 1128 952 sunt”
1150 933 1157 952 :
1180 926 1258 961 cujus
1283 932 1310 954 et
1330 932 1417 954 mater
1437 932 1541 954 tantum
1564 928 1654 955 meriti

863 970 968 1003 habuit,
990 975 1018 997 ut
1041 978 1100 999 eam
1119 970 1217 999 Paulus
1231 979 1308 999 suatn
1329 973 1510 1000 nominaverit
1528 979 1654 1006 matrem,

862 1026 923 1045 cum
948 1026 1001 1053 quo
1021 1019 1103 1046 etiam
1129 1020 1198 1054 ipse,
1222 1021 1294 1048 sicut
1318 1021 1397 1049 Jesus
1417 1029 1479 1049 cum
1501 1022 1604 1050 Joanne
1619 1023 1654 1054 ⁷⁷.

861 1073 944 1092 unutn
962 1066 1079 1100 partitur
1092 1067 1186 1093 matris
1201 1066 1326 1094 allectum
1342 1067 1409 1102 (24).

896 1112 940 1139 51.
957 1111 1080 1139 Salutate
1097 1113 1283 1147 Asyneretunt,
1305 1112 1493 1148 l’hlegontam,
1516 1113 1654 1147 llermem,

863 1156 1018 1189 Patrobum,
1036 1156 1173 1190 Hermum,
1188 1163 1212 1185 et
1224 1159 1247 1185 si
1259 1159 1304 1194 qui
1317 1164 1378 1186 sunt
1393 1167 1451 1186 cum
1462 1159 1498 1186 eis
1511 1159 1606 1194 fratres
1617 1158 1651 1185 ".
1698 1179 1703 1184 .

862 1202 899 1229 De
916 1203 974 1230 istis
987 1204 1101 1238 simplex
1116 1209 1159 1232 est
1174 1204 1315 1238 salutatio,
1341 1212 1391 1232 nec
1408 1205 1510 1239 aliquid
1527 1205 1567 1231 eis
1586 1205 1653 1231 insi-

861 1256 911 1283 gne
937 1249 1024 1276 laudis
1047 1250 1217 1284 adiungitur.
1239 1251 1308 1277 l’uto
1332 1255 1420 1278 tanwn
1443 1251 1515 1286 quod
1538 1250 1654 1279 Hermas

861 1295 912 1322 iste
925 1297 962 1322 sit
975 1296 1094 1330 scriptor
1120 1297 1202 1324 libelli
1223 1297 1292 1324 illius
1307 1297 1353 1332 qtti
1370 1297 1468 1324 Pastor
1488 1297 1652 1332 appellatur,

861 1348 919 1375 qum
932 1342 1066 1376 scriptura
1086 1342 1164 1369 valde
1180 1342 1245 1369 tuilti
1266 1342 1340 1369 utilis
1355 1343 1480 1375 videtur.
1504 1347 1531 1370 et
1546 1348 1575 1370 ut
1588 1349 1654 1378 puto

860 1387 989 1414 divinitus
1013 1387 1155 1423 inspirata.
1180 1387 1256 1421 Quod
1278 1394 1342 1415 vero
1359 1388 1426 1416 nihil
1441 1388 1465 1415 ei
1490 1388 1578 1416 laudis
1594 1389 1653 1424 (25)

860 1432 1000 1467 ascripsit,
1016 1433 1072 1466 illa,
1086 1433 1195 1468 opinor,
1207 1438 1249 1460 est
1264 1441 1358 1466 causa,
1374 1434 1437 1469 quia
1453 1434 1569 1467 videtur,
1582 1435 1654 1462 sicut

860 1478 995 1513 scriptura
1016 1479 1061 1506 illa
1078 1479 1207 1511 declarat.
1227 1484 1287 1514 post
1303 1479 1387 1506 multa
1404 1484 1515 1515 peccata
1536 1480 1569 1508 ad
1592 1487 1652 1515 pm-

861 1523 1001 1550 nitentiam
1018 1524 1104 1552 fuisse
1120 1531 1270 1552 conversus
1287 1534 1293 1551 :
1308 1529 1336 1552 ct
1359 1525 1420 1552 ideo
1442 1532 1530 1560 neque
1553 1532 1654 1560 oppro-

860 1569 948 1596 brium
968 1570 992 1597 ei
1016 1570 1126 1605 aliquod
1141 1571 1272 1606 scripsit:
1293 1571 1428 1599 didicerat
1453 1571 1525 1598 enim
1543 1578 1557 1598 a
1579 1571 1654 1599 Scri-

860 1619 938 1648 ptura
966 1623 1019 1642 nott
1042 1615 1231 1650 improperare
1261 1615 1365 1643 homini
1389 1615 1558 1642 convertenti
1583 1622 1613 1642 se
1637 1624 1653 1642 a

860 1663 972 1693 peccato
985 1659 1008 1675 "
1022 1668 1028 1687 :
1045 1667 1135 1694 neque
1147 1661 1236 1688 laudis
1252 1661 1354 1696 aliquid
1367 1661 1471 1694 tribuit,
1487 1661 1549 1696 quia
1563 1661 1654 1689 adhuc

859 1705 964 1739 positus
986 1710 1048 1732 erat
1075 1706 1126 1733 sub
1151 1706 1250 1741 angelo
1274 1705 1441 1740 paenitentiae
1464 1707 1533 1743 (26),
1560 1714 1574 1733 a
1598 1714 1655 1741 quo

861 1754 980 1784 tempore
995 1757 1149 1786 opportuno
1164 1752 1275 1780 Christo
1293 1759 1401 1779 rursum
1420 1752 1530 1779 deberet
1545 1751 1649 1780 oﬁ'erri.

860 1795 1022 1831 lntelligitur
1033 1802 1123 1824 autem
1142 1797 1213 1832 quod
1233 1797 1315 1825 simul
1338 1797 1522 1825 habitaverint
1538 1797 1565 1824 hi
1582 1805 1651 1833 quo-

860 1849 918 1869 rum
936 1842 1063 1870 salutatio
1078 1843 1180 1870 sociata
1193 1848 1245 1871 est.

894 1887 941 1916 32.
957 1887 1078 1915 Salutate
1095 1887 1265 1924 Philotogam
1289 1894 1312 1916 et
1337 1888 1459 1921 Juliam,
1483 1888 1600 1916 Nereum
1623 1894 1651 1917 et

858 1942 973 1962 sororem
990 1934 1058 1969 ejus,
1076 1940 1100 1961 et
1117 1934 1311 1969 Olympiadem,
1331 1938 1355 1961 et
1379 1943 1466 1961 omnes
1485 1939 1591 1963 sanctos
1603 1937 1651 1970 qui

859 1989 918 2008 cum
933 1981 970 2008 eis
988 1986 1051 2008 sunt
1065 1981 1098 2009 ⁸⁸.
1114 1980 1208 2009 Potest
1231 1981 1290 2009 ﬁeri
1309 1985 1337 2008 ut
1360 1981 1518 2016 Philologus
1533 1987 1559 2010 et
1574 1981 1648 2011 Julia

859 2025 988 2061 coniuges
1002 2025 1118 2060 iuerint;
1135 2027 1226 2054 caeteri
1246 2027 1388 2054 domestici
1407 2034 1513 2060 eorum,
1533 2029 1567 2055 ad
1580 2036 1652 2064 quos

859 2072 972 2107 simplex
987 2072 1117 2100 salutatio
1135 2072 1274 2107 dirigitur.

895 2118 938 2146 55.
963 2117 1085 2146 Salutate
1102 2119 1210 2146 invicem
1229 2119 1257 2146 in
1274 2118 1362 2146 osculo
1384 2123 1476 2146 sancto
1492 2119 1524 2145 ⁸¹.
1543 2119 1580 2147 Ex
1598 2120 1651 2148 hoc

860 2171 996 2196 sermone,
1014 2164 1130 2199 aliisque
1151 2165 1288 2192 nonnullis
1314 2165 1459 2197 similibus,
1484 2173 1542 2193 mos
1559 2165 1651 2194 Eccle-

823 2219 846 2249 υ
860 2210 910 2238 siis
924 2210 1043 2238 traditus
1055 2215 1097 2238 est
1110 2215 1139 2237 ut
1155 2215 1216 2246 post
1231 2211 1369 2239 orationes
1387 2211 1479 2239 Osculo
1491 2219 1520 2239 se
1533 2211 1650 2240 invicem

1281 2270 1305 2286 "°
1324 2270 1388 2297 ibid.
1403 2277 1457 2300 χιιι,
1472 2270 1514 2297 ll.
1553 2271 1573 2285 "
1584 2269 1648 2297 ibid.

1145 2304 1177 2332 ll
1226 2306 1248 2321 ⁷⁷
1261 2304 1338 2333 Joan.
1359 2313 1414 2338 tux,
1433 2305 1478 2333 26.
1515 2305 1539 2321 ⁷⁵
1569 2304 1650 2332 Rom.

17 2348 74 2372 svt,
90 2340 136 2367 M.
173 2339 195 2356 τ’
209 2339 358 2372 Eccli.vm,
375 2339 402 2367 6.
440 2339 554 2367 "Rutn.
574 2348 629 2372 xvi,
648 2339 692 2367 l5.
731 2339 753 2356 ⁸³
768 2341 832 2368 ibid.
851 2341 894 2368 l6.

51 2389 111 2423 (20)
125 2388 205 2419 Editi.
221 2389 368 2423 adjutorem
386 2393 514 2415 nostrum.
528 2388 627 2415 Deinde
644 2396 708 2417 mss.
726 2388 805 2423 pleriv

17 2432 81 2458 quo,
101 2424 229 2451 Rabanus
242 2430 269 2451 et
284 2423 362 2455 editi.
377 2423 411 2450 Et
430 2424 493 2450 istos
508 2424 534 2449 in
559 2423 719 2450 salutatione
744 2432 806 2451 con-

17 2460 122 2493 iungit;
147 2460 194 2486 sed
220 2458 320 2486 rectius
344 2466 395 2486 tus.
423 2458 698 2494 Reginsuutn.1659
728 2463 759 2486 ιιι
779 2459 805 2486 in

17 2500 116 2521 IlOSll‘O
131 2497 216 2521 textu.

48 2529 110 2563 (21)
125 2528 173 2556 Ms.
196 2536 276 2561 unus,
289 2529 317 2556 in
333 2527 458 2555 Domino.
475 2528 558 2555 Paulo
571 2531 630 2562 post
644 2527 721 2560 editi,
745 2536 805 2555 sus-

17 2562 178 2591 tentatum:
203 2571 267 2590 mss.
290 2563 423 2599 plerique,
451 2568 631 2595 sustsntatus;
663 2562 804 2595 Rabanus,

17 2599 184 2626 sustinuisse.
210 2599 311 2626 Deinde
334 2599 415 2626 iidem
445 2598 556 2630 habent,
581 2599 781 2632 pronuntiatum
795 2607 805 2632 ,-

17 2634 64 2662 sed
80 2635 181 2669 rectius
195 2641 246 2660 ms.
258 2634 366 2669 Regius
379 2641 453 2669 num.
466 2633 539 2669 _1659
555 2638 582 2659 ut
596 2633 622 2660 in
642 2637 726 2669 textu.

53 2668 113 2702 (22)
128 2668 233 2695 Mundi.
250 2667 390 2696 Omittitur
402 2668 428 2695 in
446 2667 520 2695 libris
534 2673 612 2695 antea
625 2667 714 2695 editis.

53 2703 113 2738 (23)
128 2702 161 2730 In
178 2703 301 2732 Domino.
314 2703 532 2731 Prtetcrmittitur
549 2704 576 2729 in
592 2703 683 2738 editis.
705 2702 805 2738 Deinde

17 2737 101 2765 iidem
124 2738 201 2770 editi,
220 2738 350 2765 Rabanus
370 2742 397 2766 et
413 2746 478 2765 mss.
496 2738 628 2772 plerique,
643 2737 675 2764 Et
690 2738 732 2764 hic
750 2737 806 2764 Ilu-

17 2775 72 2805 rns,
97 2774 287 2835 citargomisso
299 2773 376 2807 sicut,
402 2774 473 2807 quod
495 2773 618 2800 restituit
637 2780 687 2800 ms.
705 2772 805 2808 Regius

17 2816 94 2835 num.
149 2816 163 2834 a
184 2829 192 2835 .

17 2816 94 2835 num.
113 2816 192 2836 1003.

54 2842 113 2877 (24)
130 2842 212 2875 Edlti,
233 2843 333 2877 pariter
350 2842 455 2870 haberet
476 2843 569 2870 matris
589 2842 723 2876 aﬂectum.
747 2840 802 2868 Sed

17 2876 116 2906 omnes
130 2884 199 2906 mss.
214 2882 242 2906 et
255 2876 381 2906 Rabanus
394 2881 423 2905 ut
438 2878 465 2906 in
481 2882 568 2909 textu,
584 2878 635 2905 nisi
652 2876 724 2909 quod
741 2877 802 2908 qui-

861 2389 922 2416 dam
938 2389 1035 2416 vitiose
1049 2390 1167 2417 habeant
1180 2389 1280 2424 patitur
1293 2396 1342 2423 pro
1361 2388 1491 2424 partitur;
1507 2386 1606 2424 deinde
1622 2387 1649 2414 in

859 2425 917 2451 haec
934 2425 1033 2458 verba,
1053 2424 1172 2451 Salutate
1180 2422 1367 2458 ‘Asyucre’tum,
1380 2422 1562 2457 Phlegoutam,
1580 2422 1651 2449 Iler-

858 2467 935 2492 mem,
949 2457 1105 2491 Patrobam,
1122 2457 1259 2491 Hermans,
1285 2466 1338 2485 non
1354 2458 1521 2485 concordant
1536 2458 1606 2485 inter
1619 2465 1650 2485 se

858 2501 923 2522 mss.
948 2494 1045 2527 nostri,
1065 2494 1193 2521 Rabanus
1214 2500 1241 2521 et
1254 2493 1329 2528 editi.
1354 2493 1406 2519 Alii
1432 2493 1532 2528 habent
1550 2493 1650 2528 Assyn-

857 2533 974 2561 cretum;
989 2529 1034 2556 alii
1049 2527 1420 2564 Phlegoniam,rl’htegonam,
1432 2532 1460 2564 et
1481 2526 1648 2564 Phlegonia;

857 2564 902 2591 alii
922 2564 1046 2598 llermen,
1062 2561 1218 2596 Patrobum,
1235 2561 1362 2598 "eruunt.
1384 2561 1438 2590 Sed
1454 2563 1539 2590 secuti
1549 2561 1649 2590 sumus

860 2599 1040 2637 tnstlflegittnt
1057 2598 1220 2637 ιιιιιιιιίϐῗιθ
1239 2597 1442 2637 (ιι-ιιίιιιιιιιιιιιιτ-
1550 2630 1566 2637 ἢ
1588 2631 1594 2637 ,

895 2635 951 2668 (25)
967 2630 1049 2667 Editi,
1068 2635 1144 2668 Quod
1162 2642 1219 2660 vero
1237 2633 1302 2660 nihil
1316 2633 1352 2658 eis
1366 2632 1466 2668 laudis,
1479 2636 1534 2659 etc.
1550 2630 1651 2668 Deinde

860 2665 926 2697 mss.
944 2665 1243 2707 plerique,'illa_opittor
1255 2676 1286 2694 ea:
1298 2675 1388 2694 causa.
1404 2667 1455 2707 ills.
1471 2674 1550 2707 unus,
1563 2665 1612 2707 illa
1622 2670 1650 2692 ut

859 2702 952 2737 opinor
974 2702 1066 2732 causa.
1093 2704 1145 2732 Sed
1171 2704 1300 2731 Rabanus
1323 2707 1351 2729 et
1377 2702 1442 2730 editi
1460 2706 1489 2728 ut
1513 2702 1538 2728 in
1555 2705 1652 2728 nostro

861 2746 903 2766 lex
909 2744 946 2765 ιιι.

896 2773 952 2810 (‘26)
969 2774 1014 2801 Sic
1028 2782 1079 2802 ms.
1095 2774 1196 2810 Regius
1212 2782 1285 2810 num.
1300 2772 1407 2810 l6597et
1418 2771 1649 2810 editiLRabanus,

859 2805 968 2841 vitiose,
982 2811 1066 2847 posita
1078 2805 1191 2836 erat—sub
1204 2808 1473 2847 angelo‘ptenitenti’a.
1490 2805 1586 2847 caeteri
1601 2811 1648 2833 ve—

854 2851 885 2871 ro
904 2851 983 2878 utss.,
993 2844 1093 2878 positas
1105 2849 1160 2871 erat
1172 2844 1218 2870 sub
1233 2844 1326 2878 angelo
1339 2844 1365 2869 in
1376 2844 1539 2877 ρωηίιεηιια.
