1851 3054
186 121 257 149 1287

906 118 1063 147 ORICENIS

1749 123 1803 150 1288

187 181 318 216 perferat,
332 185 358 208 et
374 181 409 208 ita
431 180 537 207 demum
555 179 631 214 pacis
644 187 724 214 quam
749 180 903 212 temeravit,
918 180 976 207 dul-
990 185 1014 212 Α
1029 180 1166 207 motheum
1191 179 1342 213 adiutorem
1368 187 1446 206 suum
1471 179 1554 212 dicit,
1574 185 1602 207 et
1624 188 1720 208 omnes
1740 182 1805 210 simul

188 229 309 255 cctlinem
335 227 362 253 in
385 225 585 262 oppugnatione
611 225 716 260 positus
743 225 912 253 recordetur.
936 225 975 253 Ex

187 280 302 308 utroque
322 273 404 307 igitur
426 272 591 299 mdiﬁcemur
612 271 762 306 Scriptura:
780 271 878 299 divinae
904 272 974 305 loco,

184 328 239 355 quo
261 320 302 347 vel
329 319 463 347 suscitare
485 318 541 354 (46)
563 319 633 346 Deus
654 318 787 345 Satanam
803 319 903 346 dicitur
927 326 975 346 ne-

184 366 358 400 gligentibus,
376 365 417 392 vel
439 369 582 392 conterere
598 373 630 392 ac
645 365 761 392 subdere
786 365 930 398 studiosis,
948 370 976 392 ut

185 411 245 439 illos
262 411 295 438 ad
314 418 414 445 agones
437 411 566 443 concitet,
585 413 645 438 istis
668 411 701 438 de
717 415 858 446 prostrato
881 412 977 438 adver-

184 457 257 484 sario
281 456 398 491 palmam
418 455 539 483 victoria:
558 455 676 488 tribuat,
695 460 723 483 et
741 455 848 484 virtutis
866 457 977 490 praemia

184 501 327 536 largiatur.
353 501 503 529 Possumus
532 504 621 528 autem
649 500 705 536 (47)
727 507 755 528 et
778 509 826 536 per
856 501 977 536 singulos

184 555 306 582 quosque
325 555 438 582 agones,
459 548 480 574 si
500 547 620 582 legitime
635 553 783 580 certemus,
801 548 892 575 dicere
912 549 976 582 quia

186 594 255 621 Deus
274 599 398 621 conteret
422 594 553 621 Satanam
579 596 629 621 sub
650 595 731 628 pedes
750 599 861 622 nostros
876 594 977 621 veloci-

185 643 237 667 ter.
254 639 332 667 Verbi
348 647 442 671 causa,
464 640 486 666 si
503 640 563 673 quis
587 647 700 673 agonem
721 640 872 675 susceperit
894 640 977 667 casti-

186 688 259 718 tatis,
282 686 303 714 si
327 694 412 720 usque
439 686 473 712 ad
494 686 573 713 ﬁnem
603 686 776 713 immaculata
801 687 886 722 686
910 694 976 713 ροη-

185 733 298 759 scientia
314 731 478 767 perdurat-it,
493 732 546 758 dici
563 732 594 758 de
606 739 638 758 eo
653 736 742 766 potest
755 732 819 766 quia
837 733 907 759 Dens
919 732 975 767 (18)

185 779 312 805 contrivit
332 778 460 804 Satanam
483 777 534 804 sub
553 778 634 811 pedes
654 777 724 811 ejus,
744 778 768 804 id
791 783 833 805 est
850 778 976 812 spiritum

185 825 230 859 qui
246 829 304 851 erat
323 824 479 851 contrarius
494 825 630 851 castitati.
647 823 779 852 Similiter
798 830 826 851 et
845 826 891 859 qui
915 833 977 860 ago-

1030 228 1157 259 cognatos
1175 231 1248 252 suos.
1266 225 1298 252 Et
1320 226 1428 260 quidem
1447 226 1481 253 de
1501 225 1647 254 Timotheo
1668 227 1806 261 plenissime

1032 271 1148 298 retur-tur
1183 272 1208 298 in
1243 272 1356 299 Actibus
1397 273 1610 307 apostolorum“
1636 275 1708 308 quod
1738 275 1806 302 fuerit

1031 317 1157 344 Derbtcus
1183 317 1267 349 civis,
1294 318 1365 345 ﬁlius
1401 319 1520 346 mulieris
1550 319 1639 346 vidua:
1662 320 1759 353 ﬁdelis,
1778 329 1804 348 ex

1030 367 1106 397 patre
1130 362 1245 397 gentili:
1262 363 1295 390 de
1323 371 1377 398 quo
1401 369 1428 391 et
1448 364 1506 399 ipse
1527 364 1627 392 Paulus
1652 366 1732 397 dicit,
1756 367 1806 400 quia

1032 414 1173 443 propterea
1205 410 1341 444 rogaverit
1365 409 1421 445 (5!)
1440 417 1502 438 eum
1522 418 1682 445 permanere
1708 412 1807 446 Ephesi,

1031 459 1060 481 ut
1082 455 1222 483 denuntiet
1245 456 1406 490 quibusdam
1437 464 1471 484 ne
1490 457 1568 484 aliter
1590 458 1720 492 doceant,
1737 466 1809 494 neque

1032 500 1174 527 attendant
1198 501 1295 528 l‘abulis
1316 506 1343 529 et
1371 502 1538 537 genealogiis
1559 502 1674 530 inﬁnitis
1688 504 1709 530 ‘.
1725 503 1771 530 Sed
1788 509 1810 531 et

1031 545 1142 573 Lucium
1163 547 1272 580 quidam
1300 547 1387 581 ipsum
1417 547 1475 583 (52)
1506 549 1650 582 perhibent
1680 557 1739 576 esse
1766 548 1810 575 Ln~

1030 599 1090 619 eam
1123 593 1168 627 qui
1198 593 1372 628 Evangelium
1407 595 1535 628 scripsit,
1566 602 1616 629 pro
1636 602 1670 622 eo
1683 596 1750 630 quod
1771 603 1810 622 so.

1032 638 1104 665 Ieant
1127 638 1236 665 nomina
1264 639 1399 666 interdum
1427 640 1576 667 secundum
1593 641 1713 675 patriam
1740 641 1812 668 decli-

1031 684 1186 718 nationem,
1216 684 1350 712 interdum
1385 684 1468 712 etiam
1500 686 1649 714 secundum
1682 687 1810 719 Grzecam,

1031 730 1237 766 Romanamque
1257 731 1384 766 proferri.
1405 731 1488 760 Iason
1507 740 1572 760 vero
1590 733 1636 760 ille
1651 738 1693 760 est
1718 734 1747 760 de
1767 741 1812 768 quo

1030 779 1112 805 etiam
1142 777 1169 805 in
1203 778 1316 805 Actibus
1344 779 1530 812 apostolorum
1550 779 1560 794 ⁷
1592 779 1728 807 scribitur
1751 781 1811 814 quod

1031 823 1252 850 Thessalonicam
1271 830 1320 857 pro
1339 822 1424 850 Paulo
1439 828 1466 850 et
1487 823 1542 850 Sila
1565 824 1729 852 seditionem
1748 832 1811 852 coni-

185 879 246 897 nem
265 870 324 897 ﬁdei
342 871 466 904 suscipit,
488 871 510 897 si
529 875 605 898 stans
620 876 684 898 ante
708 878 787 906 rcges
802 877 827 898 et
849 873 977 907 praesides
994 872 1015 898 Β
1031 869 1198 896 Ιηωέηιίὺιιε
1213 869 1309 901 llll‘biS.
1322 869 1498 902 εεηιειίιιςυηι
1519 869 1636 902 deder“,
1649 875 1681 896 υι
1697 870 1812 904 apostolis

185 924 244 943 cuni
261 916 357 944 Iiducia
372 916 533 943 conﬁteatur
552 916 695 944 Dominum
712 916 803 944 Jesum
826 917 976 950 Christum,

184 967 212 989 et
230 969 314 996 usque
336 962 368 989 ad
385 962 466 988 tinem
483 962 509 988 in
527 962 699 989 confessione
716 968 889 997 permaneat,
909 964 978 991 Deus

185 1007 316 1035 contrivit
338 1007 465 1034 Satanam
484 1007 533 1034 sub
550 1008 632 1041 pedes
649 1007 717 1042 ejus,
744 1015 804 1035 cum
831 1015 879 1044 per
897 1008 977 1035 ﬁdem

184 1058 354 1081 constantem
370 1053 426 1089 (19)
453 1053 621 1080 inﬁdelitatis
644 1054 769 1087 spiritum
796 1055 869 1081 vicit.
889 1054 936 1082 Sic
951 1059 976 1082 et

185 1100 230 1134 qui
259 1100 432 1127 concordiam
461 1104 670 1134 perseveranter
695 1100 774 1132 colit,
800 1101 977 1128 dissensionis

185 1147 334 1173 tltetnonem
359 1147 409 1174 sub
427 1146 539 1180 pedibus
561 1147 697 1173 conterit:
717 1147 762 1182 qui
792 1148 978 1175 mansuetudi—

186 1200 247 1219 nem
264 1197 365 1224 scrvat,
383 1192 532 1220 iracundizn
551 1191 681 1219 Satanam
706 1193 843 1226 patientia:
859 1194 978 1228 vestigiis

185 1239 282 1267 calcat.
308 1238 363 1266 lloc
385 1244 427 1266 est
444 1239 572 1266 nimirtttn
598 1239 669 1274 quod
691 1239 822 1267 Dominus
843 1240 871 1267 in
890 1241 979 1268 Evan-

186 1285 255 1320 gelio
275 1285 340 1312 dicit
353 1285 392 1311 ’νε
415 1285 483 1312 Ecce
505 1286 565 1313 dedi
590 1285 662 1312 vobis
680 1290 835 1320 potestatem
854 1286 978 1314 calcandi

186 1339 264 1366 super
282 1337 413 1365 serpentes
426 1337 449 1358 et
467 1333 627 1366 scorpiones,
643 1336 667 1358 et
683 1339 762 1365 super
776 1340 878 1358 omnem
898 1333 979 1359 virtu-

186 1384 235 1404 tem
253 1378 365 1405 inimici.

222 1423 266 1450 58.
288 1422 381 1449 Gratia
398 1423 503 1450 Domini
520 1423 603 1450 nostri
615 1423 679 1450 Jesu
691 1423 790 1451 Christi
808 1423 939 1451 vobiscum
957 1423 977 1450 ¹.

186 1469 279 1496 Gratia
309 1469 375 1502 Dei,
398 1474 426 1496 et
443 1469 529 1504 gratia
555 1469 661 1497 Domini
687 1469 773 1496 nostri
797 1469 860 1498 Jesu
877 1469 978 1497 Christi

186 1521 238 1540 una
256 1519 336 1548 atque
353 1514 446 1541 eadem
463 1514 549 1548 gratia
568 1514 727 1548 accipienda
745 1519 796 1542 est.
817 1514 893 1542 Sicut
909 1516 978 1543 enim

189 1559 269 1586 Pater
287 1567 354 1594 quos
369 1559 425 1586 vult
447 1559 572 1593 viviﬁcat,
586 1564 610 1586 et
627 1558 715 1587 Filius
729 1569 796 1595 quos
817 1560 870 1588 vult
893 1561 978 1595 uiuiﬁ-

186 1610 247 1637 cat;
262 1612 286 1632 ιί
309 1606 375 1631 sicut
398 1603 482 1631 Pater
496 1605 572 1631 habet
590 1613 618 1631 in
633 1613 660 1632 se
676 1606 767 1639 vitam,
780 1611 805 1633 et
830 1605 902 1633 Filio
921 1607 976 1643 (50)

185 1649 258 1675 dedit
283 1649 379 1675 habere
402 1649 429 1675 in
450 1649 587 1683 semetipso
613 1650 694 1675 uitam
706 1650 728 1682 ⁵,
755 1649 791 1676 ita
812 1654 839 1676 et
861 1650 977 1684 gratiam

185 1702 268 1728 quam
281 1694 327 1721 dat
344 1694 433 1727 Pater,
450 1695 520 1722 hanc
536 1699 563 1721 et
576 1694 660 1721 Filius
679 1696 734 1722 dat.
750 1694 895 1723 Sciendum
913 1703 978 1723 sane

186 1746 237 1772 est,
248 1741 320 1774 quod
334 1748 416 1768 omne
435 1741 506 1775 quod
528 1740 629 1767 habent
644 1741 766 1768 homines
780 1749 795 1768 a
811 1741 877 1774 Deo,
891 1741 978 1776 gratia

185 1791 226 1813 est
238 1785 260 1815 ³.
275 1786 346 1813 Nihil
362 1786 435 1813 enim
448 1793 482 1813 ex
497 1785 587 1813 debito
603 1785 714 1814 habent.
733 1785 799 1819 Qui:
816 1787 886 1814 enim
907 1788 980 1822 prior

185 1830 257 1856 dedit
283 1830 335 1863 illi,
356 1835 380 1857 et
405 1830 566 1858 retribuetur
582 1831 626 1858 ei?
642 1831 735 1859 Gratia
753 1840 818 1866 ergo
840 1837 882 1860 est
901 1833 977 1868 quid-

185 1876 251 1911 quid
270 1877 351 1904 habet
368 1877 390 1904 is
404 1877 449 1912 qni
473 1884 527 1904 non
546 1877 605 1911 tuit,
620 1882 647 1905 et
668 1883 719 1911 est,
736 1878 875 1914 accipiens
897 1880 930 1906 ab
948 1887 980 1908 co

186 1921 232 1956 qui
249 1928 358 1956 semper
372 1921 432 1955 fuit,
444 1927 472 1949 et
487 1927 539 1954 εει,
553 1926 579 1949 et
595 1923 648 1950 erit
664 1927 690 1951 tu
706 1929 850 1951 internum.

221 1966 267 1994 39.
287 1967 393 1994 Salutat
416 1975 460 1995 vos
483 1967 634 1996 Timotheus
657 1969 766 2004 adjutor
783 1978 865 2004 nicas,
882 1975 905 1997 et
930 1970 981 1998 Lu-

186 2013 257 2044 cius,
277 2017 301 2040 et
317 2012 412 2044 lason.
435 2018 459 2040 et
482 2013 621 2049 Sosipater
642 2016 748 2050 cognati
764 2017 814 2043 mei
827 2016 847 2044 ‘.
868 2017 982 2045 Videtur

187 2060 253 2086 mihi
279 2060 311 2087 de
334 2060 394 2087 istis
419 2067 487 2095 quos
504 2062 685 2095 sequestravit
706 2062 741 2089 ab
762 2063 835 2090 omni
858 2063 981 2099 catalogo

187 2105 375 2138 salutantium,
390 2105 451 2140 plus
468 2105 571 2141 aliquid
595 2107 724 2136 sensisse.
747 2107 871 2144 Denique
890 2115 918 2138 et
932 2110 980 2138 Ti-

221 2171 245 2188 "
264 2171 330 2199 an.
345 2179 377 2205 Χ,
395 2171 437 2199 19.
478 2172 487 2187 ί
508 2171 587 2199 Rom.
611 2181 671 2206 xvi,
686 2173 732 2201 ‘20.

226 2207 236 2221 ⁶
257 2207 263 2233 Ι
281 2206 466 2238 Tini.t,3,-1.
506 2208 515 2224 ⁷
537 2209 598 2235 Aet.
614 2216 684 2242 xvtt,
701 2208 770 2244 Ssq.

236 2265 281 2300 46)
302 2265 381 2298 Edili,
395 2266 465 2300 quod
479 2267 616 2294 suscitare.

236 2301 281 2335 ti)
302 2301 406 2327 Aulam.
431 2301 571 2339 U‘tnittitnr
591 2302 726 2339 inreditis,
749 2305 796 2338 qui
815 2310 908 2339 postea
933 2306 982 2332 ha-

188 2337 234 2372 l_iet
249 2344 310 2362 cum
332 2343 397 2363 mss.
413 2336 671 2372 quibusdamvidere
682 2346 732 2372 pro
746 2336 841 2367 dicere.
860 2340 913 2368 Sed
929 2348 979 2368 ms.

192 2370 292 2404 Regius
304 2378 378 2397 num.
392 2370 461 2398 16:59
472 2376 499 2398 et
526 2370 655 2400 Rabanus
671 2370 772 2401 rectius
797 2379 826 2402 ut
846 2375 872 2402 in
893 2380 979 2402 textu.

205 2405 281 2445 ἶ(ιίις)
305 2406 552 2445 υειιεηοιιιῑιιίιμι·
573 2407 601 2445 in
620 2408 759 2445 plerisque
777 2417 842 2445 mss.
862 2415 890 2438 et
911 2412 980 2445 apud

190 2442 342 2503 Ιίἓὲιὲιιιυιιι,
356 2443 403 2468 sed
417 2446 507 2469 exstat
520 2442 547 2469 iu
560 2443 642 2470 editis
656 2448 684 2470 et
701 2442 727 2471 in
742 2452 793 2472 nis.
805 2444 890 2481 Regio
905 2442 980 2473 num.

190 2481 202 2503 1
265 2495 271 2502 .

226 2511 282 2548 (49)
303 2513 340 2539 Ita
353 2513 428 2540 editi.
441 2511 569 2540 Rabanus
583 2520 648 2541 vero
661 2518 689 2540 et
705 2522 772 2542 mss.
785 2516 870 2543 nostri
884 2523 980 2543 omnes

189 2551 321 2574 omittunt
335 2555 380 2579 per
395 2548 473 2581 ﬁdem
491 2552 662 2575 constantem.
680 2549 781 2578 Deinde
800 2558 864 2578 mss.
883 2551 939 2578 duo
954 2555 980 2578 et

191 2581 265 2622 editi,
287 2583 341 2609 Sed
361 2587 385 2609 et
402 2583 456 2618 qui,
475 2587 528 2610 etc.
544 2583 639 2611 Caeteri
661 2592 727 2612 mss.
750 2589 778 2612 et
795 2586 871 2619 editi,
890 2585 933 2613 Sic
955 2592 978 2613 et

209 2625 247 2647 ut,
260 2623 313 2645 CIC.

190 2624 368 2688 “agr-Mss.
384 2652 437 2689 d_i_io
455 2652 543 2689 Regii,
563 2654 602 2681 sic
616 2660 639 2682 et
658 2653 780 2683 Filius...
796 2661 821 2683 et
837 2657 903 2683 sicut
925 2656 980 2682 Pa-

192 2689 340 2726 ter..._.._ita
353 2693 377 2726 et
393 2687 478 2726 Filio,
490 2687 542 2716 etc.
559 2690 612 2717 Sed
628 2698 678 2717 nis.
694 2690 796 2726 Regius
820 2699 894 2719 num.
912 2692 980 2720 1659

193 2727 219 2749 et
231 2723 296 2749 editi
313 2723 412 2750 rectius
428 2727 457 2749 ut
473 2725 498 2750 in
519 2730 610 2752 nostro
627 2730 713 2752 textu.

229 2756 284 2793 (51)
306 2759 350 2785 Sic
370 2766 419 2785 ms.
433 2757 533 2793 Regius
550 2768 625 2787 num.
641 2760 709 2788 1659
728 2766 754 2789 et
769 2761 908 2790 Rabanus.
922 2762 980 2790 Cm-

193 2794 322 2829 lerinvero
337 2801 401 2821 mss.
415 2799 441 2820 et
457 2795 532 2827 editi,
549 2801 696 2829 rogaverat.

228 2827 285 2863 (5'2)
308 2828 408 2862 Ipsum.
432 2827 606 2856 Desideratnr
633 2830 659 2856 in
684 2831 773 2859 editis.
800 2832 900 2859 Deinde
928 2840 977 2859 ins.

193 2860 294 2898 Regius
310 2860 384 2890 num.
398 2864 477 2898 1659,
488 2872 535 2898 pro
548 2872 578 2891 eo
592 2865 660 2898 quod
673 2866 754 2893 soleat
771 2869 911 2900 nominari,
925 2874 978 2896 etc.

770 2175 780 2190 ‘
799 2174 915 2209 Joan.v,
934 2176 980 2208 21,
1001 2176 1046 2203 26.

809 2210 819 2226 ⁸
840 2214 902 2238 Act.
917 2212 993 2244 ΠΛ.

1029 914 1183 941 discedendi
1200 914 1256 950 (55)
1278 914 1382 941 iaceret
1406 914 1571 942 libertatem.
1597 915 1813 950 Sosipaterquo—

1028 968 1081 995 que
1100 961 1145 995 qui
1161 960 1202 988 his
1215 960 1350 995 jungitur,
1369 960 1494 994 suspicor
1510 961 1581 995 quod
1597 961 1657 995 ipse
1676 961 1713 988 sit
1733 962 1775 995 qui
1790 961 1812 988 in

1029 1006 1142 1034 Actibus
1172 1006 1357 1041 apostolorum
1378 1007 1389 1022 ⁸
1408 1006 1533 1034 scribitur
1563 1007 1704 1040 Sosipater
1728 1005 1814 1042 Pyrrhi

1029 1052 1178 1079 Bernensis.
1192 1051 1244 1079 Sed
1259 1052 1304 1086 qui
1323 1052 1399 1079 Pauli
1415 1052 1533 1080 Litteras
1544 1053 1682 1080 curiosius
1697 1058 1813 1087 tanquam

1029 1099 1139 1126 Christo
1157 1099 1182 1125 in
1201 1106 1234 1125 eo
1259 1099 1385 1134 loquente
1407 1100 1572 1131 considerat,
1590 1099 1746 1126 movebitur
1764 1100 1814 1126 sine

1029 1144 1112 1171 dubio
1126 1143 1263 1179 queinodo
1279 1143 1378 1171 Paulus
1400 1144 1446 1178 qui
1471 1151 1500 1170 se
1546 1145 1633 1172 Tarso
1654 1144 1755 1172 Cilicia:
1771 1153 1813 1171 na-

1031 1194 1086 1217 tum
1104 1189 1241 1224 professus
1256 1195 1298 1217 est
1311 1190 1321 1205 °
1336 1189 1478 1217 Hebraeum
1494 1198 1527 1217 ex
1545 1190 1681 1224 llebrzeis,
1698 1198 1767 1218 nunc
1779 1191 1813 1217 u-l

1030 1235 1164 1263 Timothei
1183 1234 1329 1264 Derbensis
1345 1237 1411 1264 civis
1430 1244 1463 1264 ex
1482 1241 1559 1271 patre
1578 1237 1675 1271 gentili
1696 1243 1815 1273 cognatus

1031 1283 1070 1309 vel
1087 1281 1307 1316 consanguineus
1329 1289 1389 1309 esse
1407 1282 1525 1314 dicatur,
1547 1282 1588 1309 vel
1605 1281 1716 1310 Iasonis
1740 1283 1815 1310 Thes-

1030 1327 1217 1360 salonicensis.
1233 1327 1274 1355 vel
1293 1327 1440 1362 Sosipatris
1457 1328 1555 1364 Pyrrhi
1573 1329 1730 1357 Bernensis.
1746 1329 1813 1362 Quod

1030 1374 1052 1401 si
1069 1381 1117 1409 pro
1131 1381 1164 1401 eo
1185 1373 1284 1408 aliquis
1298 1374 1372 1402 dicat
1386 1375 1449 1409 quia
1473 1375 1557 1402 etiam
1573 1375 1626 1409 ipsi
1650 1375 1769 1410 qualibet
1788 1382 1815 1401 ex

1031 1425 1108 1454 parte
1122 1427 1156 1447 ex
1174 1420 1386 1448 circumcisione
1408 1421 1555 1448 veniebant
1569 1429 1576 1448 :
1594 1428 1650 1448 non
1666 1429 1732 1456 ergo
1746 1429 1817 1456 opor-

1031 1467 1081 1494 tuit
1096 1467 1130 1494 de
1147 1467 1189 1494 his
1203 1467 1358 1501 specialiter
1372 1467 1474 1500 dicere,
1487 1468 1534 1495 sed
1551 1472 1579 1494 et
1593 1468 1626 1495 de
1639 1468 1766 1495 erunibus
1779 1467 1816 1502 qui

1031 1520 1062 1539 ex
1075 1512 1175 1540 Iudaeis
1191 1517 1279 1546 erant,
1294 1514 1365 1548 quod
1391 1517 1483 1540 essent
1505 1514 1613 1547 cognati
1638 1513 1736 1541 Paulo.
1753 1513 1817 1540 Nunc

1034 1567 1095 1585 vero
1107 1567 1168 1586 cum
1184 1558 1291 1586 caeteris
1304 1566 1476 1593 nequaquam
1491 1559 1544 1589 hoc
1561 1566 1663 1586 nomen
1678 1559 1817 1595 indulgeat,

1032 1605 1074 1631 his
1091 1611 1155 1631 vero
1168 1609 1195 1632 et
1212 1605 1272 1632 aliis
1288 1605 1424 1633 nonnullis
1439 1605 1573 1638 ascribat,
1586 1611 1693 1633 certum
1710 1611 1754 1634 est
1765 1614 1817 1633 eum

1031 1650 1111 1677 aliam
1133 1650 1278 1685 quamdam
1303 1651 1493 1685 cognationem
1516 1652 1672 1685 nominare.
1690 1660 1752 1687 qua:
1774 1652 1818 1679 sibi

1031 1703 1094 1722 cum
1109 1695 1264 1728 Timotheo,
1276 1702 1303 1723 et
1319 1695 1390 1723 Luca
1404 1695 1473 1731 (54),
1486 1696 1601 1731 aliisque
1616 1699 1716 1731 paucis
1733 1699 1818 1725 horum

1031 1741 1169 1769 similibus
1189 1742 1342 1769 communis
1368 1742 1501 1769 habeatur
1515 1753 1520 1769 :
1537 1750 1620 1777 quam
1637 1744 1818 1778 cognationem

1035 1787 1077 1814 vel
1095 1788 1360 1823 eonsanguinitatcm
1384 1796 1417 1816 ex
1440 1788 1484 1815 illa
1500 1789 1560 1815 sine
1585 1788 1668 1816 dubio
1686 1790 1756 1817 sciat
1777 1789 1819 1816 sibi

1034 1841 1095 1860 cum
1114 1833 1155 1861 his
1173 1835 1334 1869 paternitate
1349 1834 1525 1867 descendere,
1538 1836 1570 1862 de
1586 1843 1639 1870 qua
1658 1836 1684 1862 in
1701 1836 1755 1862 alio
1771 1836 1819 1862 loco

1035 1882 1097 1909 dicit
1117 1890 1123 1908 :
1145 1881 1203 1909 Hac
1225 1883 1296 1909 enim
1319 1891 1401 1909 causa
1424 1891 1503 1910 curvo
1528 1891 1612 1918 genua
1637 1891 1698 1910 mea
1724 1883 1758 1910 ad
1776 1882 1819 1908 Pa-

1035 1932 1100 1954 trem
1115 1927 1171 1962 (55)
1185 1928 1294 1955 Domini
1316 1929 1399 1956 nostri
1413 1928 1478 1956 lem
1492 1927 1603 1962 Christi,
1620 1937 1654 1955 ea:
1670 1937 1724 1963 qua
1745 1929 1820 1955 omnis

1035 1974 1183 2008 patet-nitas
1199 1974 1226 2001 in
1242 1974 1305 2001 coelo
1328 1980 1351 2001 et
1373 1975 1400 2002 in
1422 1979 1493 2001 terra
1511 1975 1664 2001 nominatur
1677 1975 1711 2002 ¹⁸.
1736 1973 1819 2001 Sciens

1032 2019 1115 2054 igitur
1130 2027 1190 2047 esse
1211 2019 1329 2055 aliquam
1348 2021 1539 2055 paternitatem
1561 2021 1588 2048 in
1611 2021 1684 2048 coelo
1705 2021 1820 2048 sicutest

1029 2070 1058 2092 et
1075 2065 1101 2092 in
1122 2070 1207 2098 terra,
1223 2070 1329 2093 certum
1345 2070 1389 2094 est
1409 2066 1480 2101 quod
1503 2067 1571 2093 istos
1588 2067 1635 2101 qui
1659 2067 1713 2094 sibi
1730 2072 1820 2100 nequa-

1030 2118 1111 2146 quam
1135 2111 1283 2138 secundutn
1307 2112 1496 2146 cognationem
1515 2113 1694 2147 paternitatis
1714 2118 1819 2140 terrena:

1086 2177 1096 2193 ³
1117 2177 1195 2204 Rom.
1210 2177 1302 2210 xi,55.
1340 2178 1352 2193 ⁸
1371 2177 1449 2205 Rom.
1464 2186 1521 2210 xvi,
1535 2178 1581 2205 21.

1623 2179 1636 2195 ⁸
1652 2180 1716 2207 Act.
1731 2188 1783 2210 xw,
1799 2179 1818 2205 Ι.

1030 2212 1040 2227 ⁹
1056 2213 1117 2239 Act.
1134 2220 1201 2246 xx",
1218 2213 1245 2239 5.
1285 2213 1306 2228 ¹⁸
1322 2213 1419 2248 pres.
1434 2222 1476 2246 Ill,
1492 2213 1536 2247 14,
1552 2214 1596 2242 15.

998 2262 1020 2289 Ῑ)
1036 2269 1089 2297 Sed
1105 2271 1195 2297 creteri
1212 2279 1291 2304 mss.,
1306 2270 1435 2298 Rabanus
1450 2277 1476 2299 et
1492 2272 1558 2299 editi
1577 2277 1606 2299 ut
1625 2273 1651 2299 in
1672 2278 1759 2300 textu.

1070 2305 1126 2341 (55)
1149 2306 1194 2333 Sic
1212 2314 1276 2334 mss.
1290 2311 1318 2333 et
1338 2305 1477 2334 ltabanus.
1500 2307 1570 2335 Editi
1591 2314 1704 2341 autem,
1720 2314 1749 2335 ut
1762 2309 1820 2341 Aro-

1035 2343 1102 2367 stolo
1117 2341 1231 2372 dicendi,
1246 2346 1300 2368 etc.

1071 2375 1126 2411 (54)
1148 2377 1184 2402 Ita
1201 2385 1250 2403 ms.
1266 2375 1366 2410 Regius
1383 2384 1456 2403 num.
1475 2377 1551 2405 1639.
1565 2378 1665 2405 Caeteri
1681 2387 1748 2407 vero
1765 2386 1820 2406 mss.

1034 2416 1060 2437 et
1074 2412 1150 2448 editi,
1165 2419 1222 2448 qua;
1234 2412 1277 2438 isti
1290 2412 1440 2446 Satipatro,
1456 2412 1590 2440 Timotheo
1606 2415 1699 2448 (editi,
1714 2423 1774 2441 cum
1788 2413 1821 2440 Τι-

1034 2446 1149 2479 motheo)
1165 2450 1189 2472 et
1208 2446 1287 2479 Luca,
1301 2451 1354 2474 etc.

1069 2481 1126 2516 (55)
1148 2481 1193 2508 Sic
1212 2486 1285 2508 recte
1306 2490 1356 2510 ms.
1382 2481 1482 2517 Regius
1507 2491 1583 2511 num.
1613 2484 1686 2511 1639
1712 2483 1821 2517 restituit

1037 2517 1109 2543 hunc
1125 2517 1212 2543 locum
1228 2518 1262 2543 ab
1278 2517 1319 2544 his
1336 2518 1437 2549 verbis,
1450 2525 1483 2544 ex
1507 2518 1555 2544 illa
1570 2519 1627 2545 sine
1642 2520 1726 2545 dubio
1746 2520 1821 2546 sciat.

1033 2552 1094 2584 silli,
1110 2556 1151 2578 etc
1167 2571 1174 2583 ,
1195 2559 1280 2587 usque
1304 2552 1336 2578 ad
1360 2551 1467 2579 Gratias
1490 2561 1539 2588 ago
1563 2554 1627 2586 Deo,
1651 2559 1709 2581 etc.
1734 2552 1820 2581 Ca‘teri

1036 2594 1100 2625 vero
1118 2594 1183 2625 mss.
1201 2588 1289 2625 nostri
1306 2587 1406 2614 habent
1421 2587 1621 2625 tantummodo,
1633 2597 1715 2625 quam
1736 2597 1821 2623 cogu-

1033 2622 1132 2658 tionem
1149 2621 1204 2658 ejus
1222 2622 1260 2649 vel
1283 2623 1541 2658 consanguinitate»:
1558 2624 1617 2658 ejus
1639 2621 1679 2651 ἐκ
1701 2625 1750 2651 illa
1769 2621 1821 2650 ’δίκε

1034 2657 1113 2683 dubio
1141 2657 1224 2683 sariat
1249 2658 1310 2683 sibi.
1332 2657 1439 2684 Gratias
1459 2667 1508 2693 ago
1540 2657 1608 2691 Deo,
1635 2665 1703 2691 etc.,
1723 2659 1820 2693 caussa~

1035 2691 1563 2730 omnibusantermediis._Editi{quam
1584 2698 1774 2730 cognationem
1794 2691 1817 2718 τι(

1033 2728 1291 2764 consanguinitatem
1318 2727 1433 2764 arbitror
1445 2727 1500 2755 esse
1515 2736 1548 2755 ea:
1571 2727 1703 2764 baptismo
1727 2735 1818 2755 contra—

1033 2767 1113 2799 ctam.
1130 2762 1286 2799 Saluto_uos
1306 2771 1351 2797 ego
1372 2762 1476 2799 Tertius
1497 2765 1543 2799 qui
1565 2762 1661 2797 scripsi
1682 2763 1818 2799 Epistolas

1034 2799 1061 2832 in
1075 2797 1198 2824 Domino.
1209 2796 1325 2832 Salutat
1342 2806 1387 2824 nos
1403 2798 1484 2825 Caius
1500 2796 1593 2832 hospes
1611 2796 1685 2826 ruens
1704 2796 1818 2826 universe

1036 2831 1170 2859 Ecclesiw.
1189 2831 1241 2858 llic
1262 2838 1299 2859 est
1314 2832 1395 2859 Cuius
1412 2837 1443 2859 tle
1465 2842 1516 2866 quo
1532 2831 1595 2860 uirili
1617 2835 1684 2861 dicit
1697 2843 1706 2861 :
1723 2832 1817 2861 ίῖηιΙίιιι

1033 2875 1083 2901 ago
1103 2867 1158 2895 Deo
1176 2876 1245 2899 ineo,
1259 2873 1324 2900 ctc.,
1341 2869 1448 2896 caeteris
1466 2870 1668 2903 praetermissis.
