1851 3054
25 121 95 148 1-330

509 121 686 149 COMMENT.
708 121 740 148 IN
762 119 872 148 EPIST.
891 120 935 147 AD
955 120 1037 148 ROM.
1060 121 1123 149 LIB.
1146 122 1178 149 Χ.

1591 126 1659 154 1290

18 181 190 216 junguntur,
205 180 280 216 juugi
307 181 356 208 sibi
376 188 489 209 noverat
510 185 659 211 secundum
678 183 816 216 cognatio-
834 185 856 214 A
873 187 900 210 et
923 183 984 210 ideo
1004 191 1053 211 nec
1081 191 1179 211 nomen
1207 185 1327 219 postterit
1356 184 1434 219 cujus
1464 184 1591 217 civitatis.
1614 185 1660 212 sed

21 236 86 255 nent
111 228 287 263 paternitatis
310 229 444 256 ctelestis.
466 229 498 256 Et
515 230 577 258 ideo
602 238 649 258 eos
675 235 816 266 cognatos,

21 280 49 302 et
76 276 258 310 concaptivos
286 281 383 309 vocat,
405 281 432 303 et
455 276 612 310 adjutores;
638 281 730 311 tttpote
756 284 817 304 cum

21 322 129 355 quibus
144 329 224 348 unam
245 322 279 349 ad
297 322 536 356 evangelizandum
554 322 744 356 cognationem
769 330 818 349 na-

22 367 120 394 scendi
158 372 234 395 sorte
262 369 430 402 susceperit,
452 374 480 396 et
505 369 689 404 captivitatem
725 368 817 396 mundi

23 412 106 446 hujus
131 412 286 447 Babylonim
303 414 468 450 perferendi.
483 415 539 442 Aut
560 415 582 442 si
607 414 669 449 quis
686 415 743 442 hate
765 422 816 442 non

22 459 69 484 tali
96 460 216 494 quadam
236 460 385 495 tropologia
410 461 511 495 patitur
527 461 682 495 explanari,
699 466 819 496 exponat

23 505 107 530 nobis
132 506 269 539 quomodo
290 504 458 539 Timotheus,
472 513 500 534 et
513 505 624 540 Lucius,
639 512 665 535 et
680 506 775 539 Jason,
791 511 818 534 et

23 549 170 583 Sosipater
183 550 263 585 longe
280 551 449 579 diversarum
465 559 518 578 non
532 552 619 578 solum
633 552 754 584 urbium,
768 553 816 580 sed

21 600 49 620 et
76 595 284 628 provinciarum
308 596 399 629 cives,
423 595 506 623 Paulo
531 596 678 624 secundum
707 604 816 624 carnem

22 641 136 674 cognati
160 645 187 667 et
209 642 404 677 consanguinei
431 650 492 669 esse
515 645 662 677 potucrttnt
682 651 690 669 :
713 647 740 669 et
764 651 816 670 non

22 686 114 713 soluat
133 687 188 719 isti,
211 687 258 715 sed
279 693 305 714 et
319 689 504 720 Andronicus,
518 693 545 715 et
560 687 665 720 Junias,
679 692 707 715 et
731 687 816 715 llero—

22 733 100 766 dion,
116 741 186 768 quos
208 741 303 761 omnes
318 738 344 761 et
366 734 448 770 687
467 739 599 769 cognatos
620 742 695 766 suos,
710 740 735 760 et
752 742 817 762 con-

22 779 152 812 captivos
165 779 294 813 appellat.

63 824 108 851 £0.
128 824 223 852 Saluto
236 833 280 851 vos
294 833 339 859 ego
357 825 472 856 Tertius,
491 826 535 860 qui
553 825 645 860 scripsi
662 824 810 859 Epistulam

873 229 1061 257 tantummodo
1088 238 1149 258 eum
1178 231 1314 257 arcarinm
1347 231 1530 258 nominaverit
1563 231 1660 258 civita-

872 275 907 302 tis
922 274 990 310 (60).
1018 275 1113 303 Utrum
1137 284 1202 310 ergo
1230 276 1276 303 tali
1304 277 1384 304 modo
1407 277 1517 312 aliquo,
1537 285 1571 304 an
1596 285 1661 305 vero

869 321 1031 356 simpliciter
1046 323 1132 357 magis
1148 323 1335 357 accipiendum
1355 324 1401 356 sit,
1419 329 1446 351 et
1463 324 1530 351 nihil
1546 324 1660 358 profun-

869 367 929 394 dius
945 368 971 394 in
986 367 1061 395 Pauli
1078 368 1189 396 Litteris
1201 369 1406 404 requirendum,
1425 371 1597 398 considerato
1613 371 1660 405 qui

869 413 943 448 legis.

904 458 949 486 45.
972 459 1004 486 Ei
1021 464 1105 486 autent
1121 459 1166 492 qui
1177 464 1267 493 potens
1283 464 1321 486 est
1338 468 1381 487 ros
1393 461 1550 495 conﬁrmare
1565 469 1660 488 secuit-

869 503 930 530 duni
944 502 1118 539 Evaiigelium
1128 512 1223 536 meum,
1240 509 1264 531 et
1276 505 1493 539 prordicatt'onem
1506 506 1571 534 Jesu
1584 507 1660 533 Citri-

868 550 912 583 sti,
935 551 1079 577 secundum
1100 550 1283 577 reuelationem
1310 552 1471 578 sacramenti
1497 552 1658 586 temporibus

868 597 1026 624 swculorum
1042 597 1070 624 in
1082 597 1187 624 silentio
1195 597 1463 632 habiti,manifeatati
1478 603 1565 625 autem
1579 601 1657 626 modo

868 651 914 676 per
946 642 1099 676 Scripturas
1124 643 1288 676 propheticus
1319 644 1460 670 secundum
1498 650 1655 679 prmceptum

868 687 958 714 (merui
976 686 1022 713 Dei
1036 687 1070 713 ad
1084 687 1260 714 obedientiam
1279 686 1341 720 ﬁdei
1356 686 1384 712 in
1398 694 1488 712 omnes
1503 694 1593 722 gentes
1604 697 1659 714 rmi-

869 732 995 766 nifostati,
1008 732 1058 758 soli
1077 733 1189 766 sapienti
1207 732 1261 758 Deo
1275 740 1322 766 per
1338 731 1431 758 Jesuni
1454 732 1590 760 Christum
1606 734 1658 760 clri-

868 778 935 805 ritas
954 779 980 804 in
996 778 1094 805 ramulo
1108 778 1276 805 sa'culorum.
1295 779 1408 805 Amen”
1422 778 1487 814 (61).
1505 779 1589 814 Caput
1607 781 1658 808 hoc

867 823 998 856 Marcion,
1013 831 1026 850 a
1043 831 1098 857 qtto
1112 823 1262 858 Scriptura:
1275 824 1439 859 evangelicae
1452 829 1534 860 atque
1547 831 1657 860 aposto-

20 870 51 895 in
67 869 227 897 Domitio“.
245 870 385 905 Tanquam
405 871 452 905 qui
467 871 566 905 dignus
583 870 693 898 habitus
705 871 740 898 sit
752 870 815 905 Epi-
832 866 853 893 Β
869 869 928 896 lica:
940 867 1110 902 interpolata:
1127 872 1201 902 sunt,
1219 870 1252 896 de
1269 869 1319 896 hac
1334 868 1454 904 Epistula
1470 870 1576 904 penitus
1591 873 1655 898 abs-

21 915 124 941 stnlam
143 915 272 943 Romanis
292 916 376 943 Paulo
394 916 516 944 dictante
539 916 721 951 perscribere,
743 916 815 943 inse-

22 962 60 987 rit
77 961 103 987 ei
126 961 209 987 etiam
229 968 307 988 suum
324 969 434 994 nomen,
448 969 502 989 non
519 962 674 990 temeritate
689 969 753 988 usus
770 964 816 987 aut

18 1005 168 1038 jucluttlitl,
186 1005 232 1032 sed
247 1005 309 1040 quia
326 1006 430 1033 sciebat
448 1014 541 1034 senon
555 1007 644 1034 solum
658 1005 816 1041 praestitisse

21 1051 171 1085 seriptoris
184 1050 313 1083 cilicium,
330 1051 377 1078 sed
396 1052 539 1086 scripsisse
559 1051 585 1078 in
604 1050 717 1078 Domino
733 1058 816 1085 :qno-

22 1097 98 1123 niam
113 1097 225 1130 quidem
238 1097 328 1132 justus
351 1098 443 1124 omnia
467 1105 527 1133 qua:
545 1097 621 1130 facit,
640 1097 673 1124 ad
700 1097 813 1133 gloriam

22 1142 68 1168 Dei
87 1143 193 1169 facit”.
208 1143 240 1169 Et
251 1143 272 1170 si
286 1143 376 1170 scribit
389 1151 463 1179 ergo,
479 1144 511 1171 ad
524 1144 638 1179 gloriam
651 1143 813 1177 Deiscribit,

20 1194 48 1215 et
66 1189 128 1216 ideo
144 1189 170 1216 in
187 1189 300 1216 Domino
316 1190 412 1217 scribit
426 1198 434 1216 :
447 1196 558 1225 propter
572 1191 642 1226 quod
654 1191 812 1226 estdignum

21 1240 51 1260 ut
64 1233 195 1269 Epistola:
210 1236 253 1262 sui
268 1243 376 1270 quoque
390 1236 508 1263 nominis
518 1237 623 1264 inderet
636 1237 811 1264 mentionem.

26 1281 71 1306 γει
95 1285 175 1308 certe
193 1281 320 1315 quoniam
342 1282 397 1308 vim
421 1289 548 1309 sensuum
581 1282 654 1309 Pauli
685 1283 814 1310 dictantis

21 1329 182 1359 exceperat,
194 1329 221 1352 ct
236 1325 408 1353 intellexerat
428 1334 480 1353 non
499 1325 627 1360 hominis,
641 1327 687 1354 sed
706 1327 812 1355 Domini

21 1379 82 1404 quin
99 1371 250 1405 scribebat,
276 1372 378 1400 idcirco
397 1380 458 1400 eum
480 1374 505 1400 iu
527 1373 641 1401 Domino
668 1374 813 1410 scripsisse

21 1421 233 1444 inmnienioral.

57 1463 103 1490 41.
118 1462 225 1490 Salutat
243 1472 286 1491 vos
303 1462 383 1491 Gaius
399 1464 455 1498 (56)
473 1465 564 1499 hospes
584 1473 668 1498 meus,
689 1471 713 1493 et
733 1467 812 1494 totius

23 1510 197 1536 Ecslesiw”.
215 1510 378 1547 lntelligitor
394 1511 477 1539 Gaius
500 1512 545 1539 hic
566 1520 627 1540 esse
646 1513 679 1540 de
700 1520 754 1547 quo
778 1514 811 1540 ad

21 1556 182 1583 Corinthios
204 1557 327 1584 scribens
346 1562 552 1590 commemorat,
578 1558 690 1585 dicens:
705 1558 812 1586 Gratias

21 1609 72 1634 ago
89 1601 157 1632 Deo,
174 1602 297 1635 quoniam
319 1602 446 1629 neminem
466 1607 580 1629 uestrum
598 1603 741 1637 baptizari,
762 1603 812 1630 nisi

20 1647 147 1680 Crispum
167 1650 191 1672 et
217 1646 312 1673 Gaium
328 1648 360 1675 ν’.
375 1647 488 1675 Videtur
503 1656 568 1683 ergo
587 1649 710 1676 indicare
726 1650 758 1676 de
779 1657 811 1677 eo

20 1695 94 1726 quod
115 1692 158 1719 vir
176 1692 258 1720 fuerit
279 1694 432 1728 hospitalis,
450 1695 495 1728 qui
522 1702 574 1721 non
591 1694 678 1722 solum
699 1695 811 1722 Paulum

21 1747 52 1765 ac
78 1738 204 1771 singulos
228 1746 349 1774 quosque
373 1741 551 1767 adventantes
575 1740 735 1767 Corinthum
754 1741 810 1775 (57)

21 1785 144 1820 hospitio
158 1785 301 1818 receperit,
322 1786 367 1812 sed
385 1786 513 1814 Ecclesia:
532 1786 666 1814 universa:
687 1787 713 1813 in
731 1787 810 1814 domo

19 1838 70 1856 sua
99 1829 319 1856 conventiculum
353 1830 411 1864 ipse
439 1831 598 1865 praebuerit.
623 1831 721 1859 Fertur
745 1838 811 1858 sane

22 1875 170 1903 traditione
190 1876 332 1910 majorum,
348 1877 418 1910 quod
436 1877 478 1903 hic
494 1877 578 1904 Gaius
592 1878 695 1912 primus
707 1878 811 1912 episco-

20 1930 72 1956 pus
92 1921 171 1947 fuerit
186 1921 438 1950 Thessalonicensis
451 1923 589 1952 Ecclesiae.

54 1967 102 1993 Η.
127 1966 231 1993 Salutat
257 1976 299 1994 vos
328 1966 452 2001 Erustus,
482 1970 602 1997 arcarius
629 1970 755 2004 civitatis,
785 1975 809 1998 et

20 2013 143 2045 Quartus
166 2013 220 2048 (58)
241 2014 368 2047 frater".
389 2013 479 2048 Ipsum
503 2020 567 2050 puto
595 2023 654 2044 esse
682 2016 809 2044 Erastuin

19 2065 101 2091 quem
122 2058 186 2085 dicit
198 2059 219 2074 ’θ
234 2059 296 2094 quia
313 2061 694 2097 remansitCorinthi,quique
704 2062 810 2090 videtur

19 2105 194 2139 dispensator
207 2106 325 2134 civitatis
337 2108 442 2134 ostendi
453 2107 520 2143 (59).
534 2107 586 2134 Sed
601 2115 654 2135 non
665 2113 729 2143 puto
738 2108 809 2143 quod

19 2158 51 2175 cx
75 2151 131 2177 hoc
151 2150 239 2179 cilicio
261 2160 425 2188 magnopere
451 2153 551 2182 Paulus
584 2155 747 2182 mentionem
783 2155 809 2182 in

866 914 945 946 tulit;
965 919 992 941 et
1018 921 1072 940 non
1100 913 1185 940 solum
1205 915 1267 947 hoc,
1290 915 1336 942 sed
1355 919 1383 942 et
1404 915 1438 941 ab
1460 923 1494 942 eo
1519 916 1577 943 loco
1598 917 1654 952 (6%)

867 960 911 987 ubi
927 960 1060 995 scriptum
1078 964 1130 992 est,
1147 967 1223 987 omne
1239 965 1326 987 autem
1340 961 1410 995 quod
1423 969 1473 988 non
1485 967 1522 989 est
1544 971 1575 989 ea:
1591 963 1655 998 ﬁde,

865 1011 1001 1040 peccatum
1016 1010 1054 1033 est
1066 1005 1099 1038 ίδ,
1117 1013 1202 1040 usque
1216 1007 1249 1033 ad
1263 1006 1343 1034 linem
1358 1012 1455 1034 cuncta
1470 1009 1612 1036 dissecuit.
1626 1010 1653 1038 ln

866 1052 927 1079 aliis
951 1059 1016 1079 vero
1041 1051 1252 1087 exemplaribus,
1270 1052 1296 1079 id
1323 1057 1364 1080 est
1389 1053 1417 1080 in
1444 1053 1488 1081 his
1508 1062 1567 1089 qua:
1597 1063 1650 1082 non

866 1103 929 1125 sunt
940 1105 954 1124 a
969 1097 1105 1124 Marcione
1120 1101 1263 1130 temerata,
1278 1097 1329 1125 hoc
1345 1099 1432 1132 ipsum
1453 1104 1534 1134 caput
1548 1100 1656 1127 diverse

865 1144 981 1178 positum
1001 1143 1163 1170 invenimus.
1184 1142 1212 1169 ln
1229 1142 1366 1169 nonnullis
1396 1143 1496 1170 etenim
1513 1144 1655 1171 codicibus

865 1193 927 1224 post
939 1196 1000 1216 eum
1016 1188 1103 1215 locum
1119 1196 1199 1223 quem
1215 1195 1295 1223 supra
1311 1188 1441 1220 diximus,
1460 1189 1512 1216 hoc
1525 1194 1578 1222 est,
1596 1198 1654 1216 oni-

866 1243 897 1262 ne
914 1240 999 1262 autem
1012 1235 1080 1270 quod
1094 1243 1146 1261 non
1160 1240 1196 1261 est
1212 1243 1245 1261 ea:
1266 1234 1328 1268 ﬁde,
1341 1240 1477 1269 peccaturi:
1495 1240 1545 1268 est,
1561 1237 1652 1264 statim

865 1279 1006 1306 cohaerens
1021 1279 1147 1312 habetur,
1165 1280 1188 1306 ei
1199 1284 1286 1306 autem
1308 1281 1353 1315 qui
1366 1284 1456 1313 potens
1473 1285 1510 1307 ert
1528 1289 1572 1308 vos
1587 1290 1652 1309 con~

864 1325 981 1358 ﬁrmare.
1009 1325 1063 1352 Alii
1080 1333 1144 1353 vero
1164 1325 1273 1352 codices
1291 1325 1317 1352 in
1339 1325 1393 1353 [ine
1419 1326 1458 1358 id,
1474 1331 1503 1354 ut
1521 1335 1592 1355 nunc
1611 1333 1653 1355 est

864 1372 993 1406 positum,
1014 1371 1154 1398 continent
1169 1371 1235 1405 (65).
1254 1372 1305 1398 Sed
1325 1371 1382 1406 jam
1399 1374 1539 1400 veniamus
1554 1374 1587 1400 ad
1602 1382 1650 1401 ca-

863 1416 940 1452 pituli
960 1416 1039 1452 linjus
1053 1416 1282 1451 explanationem.
1297 1417 1368 1445 Duas
1391 1417 1457 1445 milii
1474 1425 1569 1446 causas
1583 1419 1652 1447 Pau-

864 1463 908 1490 lus
930 1463 1036 1490 videtnr
1051 1463 1206 1497 ostendere,
1219 1463 1318 1498 quibus
1335 1464 1499 1492 roborantur
1515 1465 1541 1492 hi
1560 1466 1606 1500 qui
1623 1467 1649 1493 in

865 1509 917 1537 ﬁde
936 1509 1074 1545 Evangelii
1093 1510 1311 1538 confirmantur:
1326 1519 1407 1539 unam
1422 1520 1475 1546 qua
1493 1512 1533 1540 eis
1554 1513 1651 1548 prim“-

864 1555 936 1582 catio
951 1554 1038 1587 Pauli,
1063 1563 1124 1590 quae
1138 1561 1181 1584 est
1197 1561 1224 1584 et
1238 1557 1339 1585 Christi
1361 1558 1529 1593 praedicatio,
1541 1558 1651 1586 innote-

863 1601 916 1628 scit
929 1601 1002 1636 (δικ
1018 1607 1046 1629 et
1060 1602 1141 1629 aliam
1153 1610 1206 1638 qua
1230 1604 1367 1632 revelalur
1389 1604 1429 1632 eis
1450 1609 1649 1632 sacramentum

862 1647 933 1682 quod
960 1648 1080 1675 omnium
1109 1649 1277 1683 temporibus
1298 1652 1460 1678 saeculorum
1486 1651 1512 1678 in
1540 1651 1651 1679 silentio

862 1693 984 1720 habitum
1002 1698 1054 1726 est,
1069 1701 1140 1721 nunc
1160 1702 1234 1726 vero,
1256 1695 1309 1723 hoc
1327 1701 1369 1723 est
1393 1696 1419 1722 in
1438 1695 1555 1723 adventu
1572 1696 1651 1724 Chri-

862 1739 896 1765 sti
921 1739 1064 1773 praescntia
1084 1740 1219 1774 corporali
1241 1741 1443 1767 manifestatum
1459 1744 1500 1768 est
1518 1745 1546 1768 et
1572 1749 1651 1776 aper-

863 1787 929 1815 tum,
945 1787 972 1811 et
986 1789 1116 1818 quantum
1132 1789 1249 1819 spectat,
1264 1793 1317 1813 non
1333 1786 1392 1813 sine
1405 1786 1508 1813 idoneis
1524 1787 1650 1817 testibus,

861 1829 908 1857 sed
931 1829 1083 1865 Scripturis
1103 1831 1269 1865 propheticis
1288 1832 1498 1866 astipulautibus
1525 1832 1648 1859 declara-

862 1880 929 1902 tum.
951 1875 988 1902 Ita
1007 1875 1080 1903 enim
1108 1881 1271 1911 prmceptum
1295 1878 1402 1905 exstitit
1420 1878 1516 1907 merui
1538 1878 1598 1912 Dei,
1620 1883 1651 1906 ut.

860 1929 909 1956 per
922 1921 1138 1957 prtedicationetn
1161 1923 1268 1957 quidem
1282 1923 1338 1958 (65)
1351 1923 1487 1959 Evangelii
1507 1929 1602 1959 gentes
1613 1925 1648 1952 ad

860 1967 1041 1995 obedientiam
1060 1968 1122 1994 iidci
1143 1974 1308 1995 vocarentur
1323 1977 1330 1995 :
1343 1976 1374 1996 ex
1393 1969 1558 1997 revelatione
1581 1977 1648 1997 vero

861 2013 1024 2040 sacramenti
1045 2014 1135 2048 agnita
1154 2014 1200 2040 Dei
1219 2015 1362 2049 sapientia,
1376 2015 1462 2050 gloria
1486 2021 1514 2043 et
1535 2015 1648 2043 claritas

861 2060 911 2087 soli
930 2060 1044 2095 sapienti
1064 2060 1117 2087 Dco
1133 2061 1293 2088 redderetur
1307 2061 1334 2088 iii
1355 2062 1452 2089 saecula
1474 2061 1645 2090 surculorum.

862 2106 916 2134 Sed
934 2106 1031 2133 iterum
1047 2113 1231 2139 recurramus,
1246 2111 1275 2134 et
1289 2107 1495 2135 consideremus
1511 2108 1647 2143 quomodo

862 2153 962 2179 dictum
982 2157 1024 2179 est
1040 2161 1047 2179 :
1061 2151 1095 2179 Ei
1109 2157 1196 2179 autem
1209 2153 1254 2187 qui
1268 2158 1358 2187 potens
1373 2158 1410 2180 est
1430 2161 1473 2180 vos
1489 2153 1647 2187 confirmare

19 2194 142 2229 Epistola
157 2204 204 2223 sua
223 2197 328 2230 fecerit,
344 2199 396 2227 nisi
413 2199 484 2227 forte
499 2199 598 2234 aliquid
613 2200 638 2227 in
651 2199 808 2234 eoamplius
819 2206 845 2237 Β
860 2199 1004 2225 secundum
1019 2197 1191 2233 Erangelium
1203 2207 1299 2232 meum,
1313 2203 1338 2225 et
1350 2198 1565 2233 prredicationem
1581 2197 1646 2225 Iesu

19 2242 150 2273 senserit,
172 2247 198 2269 et
221 2245 358 2271 arcarium
379 2253 452 2278 eum,
476 2245 501 2272 id
528 2250 570 2272 est
591 2246 807 2280 dispensatorem

19 2287 94 2314 illius
103 2287 222 2315 civitatis
234 2289 333 2317 dixerit
345 2290 421 2324 cujus
438 2291 535 2318 artifex
544 2296 570 2318 ct
581 2291 707 2318 conditor
717 2290 806 2323 Deus;

53 2336 74 2351 “
95 2335 173 2362 Rom.
186 2344 240 2367 xvi,
252 2338 298 2365 9'2.
338 2339 358 2354 ¹¹
372 2338 381 2365 1
394 2339 458 2366 Cor.
476 2347 503 2369 χ.
519 2339 549 2365 51
564 2347 570 2369 ;
590 2339 694 2366 Coloss.
707 2347 746 2370 tu,
766 2338 811 2365 17.

19 2370 41 2385 ¹⁶
57 2371 77 2397 ll
90 2370 161 2397 Titii.
179 2379 213 2404 iv,
228 2373 273 2399 20.
313 2374 333 2390 ¹⁷
349 2373 427 2401 lloni.
445 2382 499 2407 XVI,
516 2374 610 2401 25-27.

53 2418 114 2456 (56)
127 2417 222 2456 gaius.
240 2419 285 2448 Sic
304 2422 404 2456 tibique
425 2430 489 2449 mss.
515 2422 609 2454 nostri,
634 2422 763 2449 Rabanus
777 2426 806 2449 et

18 2455 103 2480 editio
127 2454 237 2482 Veneta.
249 2456 345 2483 Creteri
360 2454 440 2487 editi.
460 2456 553 2484 Caius.

53 2489 114 2525 (57)
130 2489 218 2517 Ειιίιίο
233 2490 518 2524 Venela,odvcrsantes
529 2491 693 2520 Corinthum.
708 2491 805 2519 thleri

19 2524 98 2556 editi,
114 2524 273 2552 diversanles
302 2526 433 2552 Corinthi.
463 2527 565 2554 Deinde
588 2527 668 2554 iidem
693 2527 758 2554 editi
781 2531 809 2553 et

20 2567 88 2586 mss.
101 2559 234 2594 plerique,
247 2561 361 2593 hospitio
378 2562 515 2594 reciperet,
527 2566 552 2588 et
565 2562 643 2594 patilo
657 2567 718 2595 post.
728 2562 808 2588 omit-

20 2599 81 2620 ltitil.
91 2594 202 2628 primus.
218 2595 270 2622 Sed
286 2604 337 2623 ms.
348 2597 447 2630 Regius
461 2605 535 2623 nunt.
553 2597 620 2623 1659
629 2594 697 2624 ιιι⁷ἰη
712 2603 806 2624 nostro

20 2634 107 2656 [CXII].

55 2664 114 2700 (58)
129 2664 191 2691 Mss.
210 2670 237 2692 et
261 2666 326 2692 editi
345 2665 466 2700 plerique
493 2667 594 2694 habent
617 2667 744 2699 Marcus;
758 2667 805 2693 sed

20 2698 71 2726 ius.
96 2698 197 2734 Regius
213 2709 288 2728 nunt.
309 2701 388 2734 1659,
403 2698 533 2728 [labantis
554 2707 582 2729 et
601 2698 805 2733 Genebrardus,

33 2737 151 2760 iuurtus.

20 2736 151 2766 Quartus.

55 2769 114 2804 (59)
131 2770 175 2797 Sic
189 2778 240 2797 ms.
257 2770 359 2806 Regius
372 2779 444 2798 num.
462 2771 530 2798 1659
550 2776 577 2798 et
592 2771 729 2798 Rabauns.
747 2771 805 2798 (ἓως

21 2807 70 2831 teii
88 2812 153 2842 vero
166 2814 230 2832 mss.
244 2811 271 2832 et
284 2807 349 2833 editi
362 2826 369 2838 ,
381 2806 507 2842 Corintho
523 2807 581 2839 (aL,
598 2806 729 2841 Corinthi)
746 2807 805 2842 qui-

20 2849 69 2873 que
82 2840 212 2866 evidenter
223 2841 358 2875 designato
371 2841 483 2867 civitatis
501 2842 580 2875 officio
599 2840 757 2868 ostenditur.

242 2910 375 2940 Parcet.
397 2911 454 2940 (in.
481 2910 562 2940 XIV.

851 2339 872 2354 η
892 2339 969 2365 Rom.
987 2345 1043 2369 xvi,
1055 2338 1101 2365 23.

649 2374 670 2389 ”
685 2373 762 2400 Roui.
780 2381 836 2408 xiv,
847 2374 892 2402 25.

859 2244 972 2276 Christi,
989 2244 1133 2271 secundum
1149 2244 1332 2271 reuelationem
1347 2244 1507 2272 sacramenti
1522 2248 1646 2278 tempori-

859 2291 906 2317 btu
925 2290 1082 2317 sa'culorum
1101 2290 1128 2317 in
1149 2291 1253 2317 silentio
1274 2291 1367 2317 Itabiti.
1383 2290 1441 2317 Non
1458 2289 1522 2317 mihi
1538 2289 1644 2317 videtur

1140 2338 1162 2353 “
1176 2336 1186 2364 1
1202 2338 1264 2366 Cor.
1282 2346 1300 2371 l,
1317 2337 1360 2365 M.
1400 2338 1422 2358 ’⁵
1433 2337 1512 2365 Rom.
1529 2344 1587 2370 xw,
1599 2335 1645 2362 25.

894 2422 951 2458 (60)
983 2423 1113 2450 Civitatis.
1131 2423 1297 2458 Restituitur
1320 2429 1353 2448 ex
1372 2429 1440 2458 Amisi
1461 2421 1547 2458 Regio
1569 2431 1646 2451 nttm.

859 2456 945 2485 16594
966 2458 1065 2485 Deinde
1090 2465 1158 2485 mss.
1174 2457 1284 2493 quidam
1301 2462 1329 2483 et
1348 2456 1411 2493 editi
1434 2457 1536 2483 habent
1548 2459 1645 2493 foiden-

859 2494 921 2519 dum
935 2500 984 2527 pro
1001 2491 1195 2526 accipiendum,
1215 2493 1285 2527 quod
1303 2491 1450 2526 praeferunt
1469 2498 1521 2519 ms.
1545 2492 1646 2527 Regius

860 2535 936 2554 ntim.
954 2527 1022 2554 1659
1038 2532 1065 2554 et
1076 2527 1215 2554 Rabanns.

897 2562 953 2599 (61)
969 2563 1001 2589 lii
1014 2562 1117 2599 rswcula
1134 2561 1302 2599 swculorum.
1318 2562 1410 2589 Amen.
1423 2560 1487 2590 “me
1502 2563 1583 2599 verba
1595 2563 1644 2590 de-

861 2597 925 2625 ειιίιι
946 2599 971 2624 in
986 2598 1078 2629 editis,
1094 2601 1118 2624 et
1138 2597 1320 2623 restituuntur
1338 2605 1370 2623 ex
1390 2604 1455 2624 mss.
1473 2598 1624 2626 codicibus.

908 2633 953 2668 (i2)
968 2632 1016 2659 Ms.
1033 2632 1133 2668 Regius
1145 2639 1220 2658 num.
1236 2631 1316 2665 1659,
1327 2633 1372 2658 sed
1385 2636 1409 2659 et
1422 2632 1449 2658 in
1461 2641 1491 2660 eo
1504 2633 1573 2666 loco,
1586 2639 1641 2661 etc.

861 2667 930 2694 Edili
944 2669 1072 2694 omittunt
1090 2667 1157 2692 loco.
1194 2685 1201 2689 .

896 2703 951 2737 (65)
964 2703 1044 2734 Edili,
1055 2703 1082 2729 in
1095 2701 1194 2737 ﬁtte,id
1204 2706 1252 2733 est,
1268 2706 1296 2728 ut
1312 2710 1380 2729 nunc
1389 2707 1426 2728 eu
1440 2704 1564 2737 positum,
1579 2711 1643 2730 cott-

859 2739 948 2772 tineiit.
971 2738 1136 2774 Deindernts.
1157 2736 1257 2772 Regius
1274 2745 1349 2764 nunt.
1374 2738 1453 2770 1659,
1473 2739 1508 2765 ad
1533 2739 1643 2774 capituli

858 2774 940 2805 ipsius
950 2773 1170 2807 explanationem.

892 2808 948 2840 (64)
962 2807 1043 2839 Edili,
1063 2808 1219 2835 innotescat.

893 2843 950 2878 (65)
972 2843 1054 2876 Edili,
1069 2848 1095 2870 nt
1106 2843 1295 2879 pra'dicatione
1311 2844 1426 2879 quidem.
1444 2847 1496 2870 etc.

1440 2909 1470 2938 hi
