1851 3054
192 92 260 125 mi

812 102 973 132 ORIGENIS
993 101 1204 133 FRAGMENTA

1751 113 1799 142 199!

191 161 263 193 quod
276 160 309 187 ad
324 167 417 188 omnes
431 160 625 196 pertineatista
639 162 779 198 utriusque
794 165 903 199 generis
913 172 978 191 con-
994 167 1016 194 Α
1033 169 1085 192 test
1105 171 1132 192 et
1156 166 1181 192 in
1210 165 1261 193 hoc
1288 165 1347 194 loco
1370 167 1469 195 dictum
1496 165 1585 196 rideri
1617 176 1799 198 sacramentum

186 207 326 240 'ﬁrtuatio;
343 207 390 234 sed
407 209 439 233 ad
455 214 548 234 omnes
565 209 674 242 quidem
695 211 814 244 pertinet
837 211 980 239 credentes

191 253 324 280 duntaxat
343 253 519 287 Evangelium
539 254 625 287 Pauli,
643 260 670 282 et
686 257 840 290 praedicatio
856 258 977 286 Christi:

191 298 319 326 revelatio
336 307 400 326 vero
415 301 577 327 sacramenti
595 302 760 336 temporibus
776 304 935 331 seculorum
951 306 977 332 in

191 345 299 372 silentio
312 346 409 378 habiti,
427 347 524 373 nonad
541 348 645 381 plures,
656 349 707 381 sed
720 349 752 375 ad
768 357 867 384 pattcos
878 355 904 377 et
924 351 980 378 elc-

190 396 248 418 ctos
262 392 307 426 qui
325 399 439 426 capaces
459 399 520 420 esse
536 393 640 427 possint
657 394 797 428 sapientia:
813 401 839 422 et
856 397 978 423 scieulize

190 438 248 469 Dei,
265 438 298 464 de
312 437 410 471 quibus
431 439 532 466 dicitur
543 440 563 455 ”
580 449 585 466 :
603 439 682 466 Multi
696 440 780 476 688
793 443 887 474 vocati,
898 443 978 477 pauci

188 491 248 510 vero
261 483 347 511 electi.
366 484 418 511 Sed
433 489 458 510 et
475 484 508 511 de
524 492 555 512 eo
571 486 643 519 qttod
661 485 708 518 ait,
723 488 882 514 sacramenti
899 488 926 514 in
941 489 978 514 si-

188 529 267 556 lentio
281 529 375 562 habiti,
393 531 585 564 requirendum
611 536 652 558 est
665 537 754 559 utrum
771 533 805 560 ita
822 533 878 569 (66)
895 535 920 561 id
935 535 977 562 di-

187 580 230 602 cat
247 576 272 602 in
289 576 398 602 silentio
416 577 537 603 hnhitttm
552 597 558 609 ,
578 578 728 605 utomuiuo
749 579 839 606 nullus
856 588 976 615 agnove-

187 621 233 653 rit,
251 629 284 648 ue
298 622 347 655 ipsi
363 622 471 656 quidem
492 623 536 656 qui
550 623 749 650 aununtiahant
762 625 900 659 prophetm
918 635 924 654 ε
940 634 974 654 an

186 666 268 693 altior
291 667 380 701 aliqua
401 667 499 694 silentii
529 667 702 702 intelligenda
725 675 768 696 est
799 671 878 697 ratio.
908 671 973 699 Mihi

186 713 295 746 quidem
316 714 395 741 valde
416 715 560 741 absurdum
592 716 699 742 videtur
715 721 744 742 ut
770 718 892 745 dicamus
913 727 976 753 pro-

186 759 283 793 phetas
303 760 337 786 ita
353 760 496 794 scripsisse
509 761 541 786 de
556 763 735 789 sacramentis
752 763 852 791 divinis
864 765 930 800 (67),
947 770 975 793 ttt

186 812 239 831 non
258 805 441 832 intellexerint
458 814 488 832 ea
508 806 566 840 ipsa
586 815 645 840 qua:
660 809 795 842 dicebant,
815 818 875 837 cum
898 811 974 838 Seri-

1033 211 1196 245 tt-mporibus
1213 211 1372 240 steculorum
1404 213 1431 240 in
1459 214 1570 241 silentio
1597 215 1734 248 habitum,
1750 219 1800 251 quod

1031 257 1144 284 scierint
1160 257 1268 291 quidem
1281 259 1420 292 propheta:
1432 258 1475 292 (ex
1495 260 1654 295 Scripturis
1666 263 1737 290 enim
1755 271 1800 296 pro-

1031 302 1146 336 pheticis
1167 301 1454 339 mauil‘estaturUID,
1479 305 1526 332 sed
1553 306 1727 338 hominibus,
1740 308 1801 335 idest

1030 348 1109 382 vulgo
1131 357 1183 376 non
1211 349 1446 376 manifestaverint
1471 359 1522 378 uec
1547 352 1743 386 patefecerint,
1767 355 1799 381 sed

1031 392 1138 420 silentio
1154 394 1270 421 lexerint
1283 395 1431 421 secundum
1452 401 1622 430 praeceptum
1643 399 1737 424 aeterni
1759 398 1801 431 Dei,

1032 446 1170 473 usquequo
1186 443 1291 474 tempus
1302 440 1410 468 adesset
1422 445 1451 468 ut
1463 441 1585 468 Verbum
1603 451 1674 470 caro
1691 443 1767 475 ﬁeret,
1781 449 1801 471 ει

1029 485 1165 512 habitaret
1192 485 1218 512 in
1243 486 1361 518 nobis",
1381 492 1408 514 et
1433 488 1667 515 manilestaretur
1692 489 1799 517 omnibus

1029 531 1153 565 gentibus
1170 531 1202 558 ad
1222 531 1405 559 obedientiam
1431 533 1502 561 ﬁdei.
1528 533 1610 566 Quod
1626 542 1694 562 vero
1709 536 1752 566 ait,
1764 536 1801 562 soli

1027 576 1140 610 capienti
1157 576 1222 608 Deo,
1249 578 1398 611 sapientem
1427 578 1510 606 Deum
1540 587 1596 606 non
1629 581 1669 607 ita
1695 581 1802 615 accipias.

1028 623 1103 655 quasi
1128 630 1206 656 quem
1233 624 1366 657 sapientia
1395 623 1490 651 fecerit
1515 625 1689 660 sapientem,
1704 631 1731 653 ut
1746 627 1803 654 inter

1028 667 1151 695 homines
1165 669 1289 696 habetur.
1306 669 1420 703 Sapiens
1429 671 1500 697 enim
1517 670 1594 698 inter
1609 672 1736 700 homines
1749 672 1802 700 dici-

1028 718 1071 740 tur
1085 713 1269 747 uuusquisque
1284 721 1317 741 ex
1333 714 1541 749 participatione
1571 717 1734 750 sapientiae;
1748 717 1803 743 Deus

1028 767 1092 786 vero
1111 767 1162 786 non
1176 759 1254 794 quasi
1272 759 1317 793 qui
1341 766 1374 786 ex
1387 761 1520 795 sapientia
1535 761 1655 795 sapiens
1671 762 1755 790 factus
1767 763 1803 795 sit,

1027 807 1074 832 sed
1094 806 1170 840 quasi
1187 806 1232 840 qui
1247 805 1305 840 ipse
1321 811 1417 833 auctor
1434 808 1469 834 sit
1485 812 1513 834 et
1533 807 1650 842 genitor
1662 809 1801 843 sapientiae,

185 856 263 885 plura
284 852 375 878 dicat:
389 852 500 885 Sapiens
513 854 630 888 intelligit
647 863 706 888 autc
717 857 747 882 de
758 865 801 883 ore
814 857 870 891 rjus
880 866 954 891 prece

1040 853 1141 887 inpleas
1168 852 1327 887 appellatur.
1352 852 1408 880 Non
1434 854 1515 886 enim,
1531 860 1560 881 ut
1583 855 1718 887 diximus,
1732 862 1759 881 ex
1771 862 1802 881 sa-

185 898 260 930 du‘nl,
281 903 304 924 et
335 899 362 924 in
391 900 468 925 labiis
494 905 581 933 portat
604 902 810 930 intellectum".
841 904 869 930 Si
903 912 969 939 ergo

185 944 323 977 propheta:
337 952 388 971 non
405 945 594 972 intellexerunt
607 955 667 980 qua:
679 948 712 974 de
724 956 771 975 ore
785 949 896 983 proprio
909 957 971 983 pro-

185 989 318 1023 ferebant,
340 998 393 1017 non
415 995 493 1018 erant
520 993 666 1026 sapientes.
692 993 790 1020 Verum
813 994 834 1021 si
860 995 969 1022 stultum

183 1041 226 1062 est
255 1037 400 1070 prophetas
426 1037 560 1071 confiteri,
578 1043 603 1064 et
635 1047 735 1074 negare
759 1048 805 1067 eos
835 1041 971 1075 sapientes

183 1081 277 1114 fuisse,
289 1087 370 1110 restat
381 1087 408 1110 ut
419 1083 553 1116 sapientes
566 1084 674 1117 ltlﬁl‘llll,
687 1090 713 1112 et
723 1087 902 1114 intellexerint
914 1087 969 1122 (68)

182 1135 242 1161 qua:
264 1136 295 1155 ex
317 1136 365 1155 ore
391 1130 501 1163 proprio
524 1131 709 1164 prolcrchaut,
725 1137 750 1158 et
767 1132 912 1159 habuerint
933 1133 970 1159 itt-

184 1173 320 1202 lellectttm
340 1176 365 1202 in
389 1176 467 1203 labiis
495 1177 561 1204 suis.
584 1177 650 1210 Quze
670 1185 736 1212 ergo
761 1177 861 1205 silentii
879 1179 967 1205 ratio?

183 1219 329 1248 Videamus
349 1229 382 1249 ne
398 1220 441 1248 illa
460 1223 495 1250 sit
516 1226 639 1258 quamet
654 1224 710 1258 ipse
725 1224 824 1251 Paulus
839 1225 890 1251 sibi
911 1230 966 1251 tra.

182 1265 265 1293 ditam
288 1275 337 1302 pro
356 1272 590 1295 sacramentorum
614 1269 815 1304 dispensatione
832 1270 888 1306 (69)
912 1277 970 1304 per.

181 1312 286 1345 (Iacuit,
310 1313 355 1340 tibi
375 1313 440 1340 dicit
459 1314 604 1341 abductum
620 1323 649 1343 se
663 1323 723 1342 esse
744 1316 770 1342 iu
789 1316 897 1343 tertium
912 1321 968 1343 ett:-

182 1359 249 1391 lum,
271 1364 298 1386 et
314 1359 376 1386 inde
397 1360 423 1386 itt
443 1361 610 1395 paradisum,
625 1365 651 1387 ct
663 1362 771 1388 audisse
789 1370 841 1389 non
858 1363 965 1389 edicen-

181 1405 214 1432 da
238 1405 330 1437 verba,
349 1413 409 1440 quae
435 1413 487 1432 non
512 1406 574 1433 licet
600 1407 701 1434 homini
727 1407 840 1442 loqui“.
866 1408 893 1435 lu
915 1415 968 1442 quo

182 1451 275 1485 utique
290 1451 409 1478 ostendit
426 1460 478 1478 non
503 1453 574 1486 quod
598 1452 654 1486 ipse
671 1453 777 1487 ignoret
792 1454 861 1488 qttod
891 1454 966 1480 audi-

1024 899 1127 934 pieutia
1143 899 1251 933 sapiens
1262 898 1344 931 Deus,
1360 898 1405 925 sed
1427 906 1458 925 ex
1475 899 1600 934 sapiente
1616 900 1675 927 Deo
1688 901 1801 935 sapienti:

1024 945 1154 980 procedit.
1181 944 1279 972 Merito
1297 951 1362 979 ergo
1384 944 1500 971 dicitur:
1521 945 1581 972 Soli
1614 945 1675 981 (72)
1707 946 1803 980 rapienti

1023 991 1088 1018 Dea.
1105 990 1185 1017 Solus
1201 994 1242 1017 est
1263 991 1335 1017 enim
1361 991 1397 1017 ita
1421 990 1529 1024 sapiens
1556 991 1645 1024 Deus,
1663 997 1694 1019 ut
1712 992 1807 1027 sapien-

1024 1038 1087 1063 tiam
1103 1036 1159 1070 ipse
1175 1036 1259 1070 magis
1275 1035 1397 1070 genuerit
1411 1035 1444 1067 ",
1464 1043 1545 1070 quam
1568 1043 1600 1062 ex
1621 1036 1755 1070 sapientia
1769 1043 1805 1062 sa-

1023 1083 1099 1117 piens
1125 1082 1212 1109 l‘actus
1240 1083 1286 1109 sit.
1317 1082 1350 1109 Et
1371 1086 1443 1109 recte
1469 1081 1493 1108 ei
1517 1081 1634 1108 claritas
1659 1089 1709 1115 per
1724 1081 1801 1108 Iesu

1022 1129 1157 1156 Christum
1171 1128 1298 1160 refertur,
1311 1128 1374 1162 quia
1400 1127 1438 1154 ita
1458 1127 1613 1160 sapientem
1641 1134 1704 1154 esse
1730 1127 1802 1154 solum

1023 1176 1117 1208 Deum,
1132 1180 1159 1201 ut
1175 1175 1232 1210 ipse
1246 1175 1407 1210 sapientiam
1423 1173 1549 1208 genuerit
1561 1173 1585 1188 “
1598 1173 1671 1208 (75),
1689 1173 1801 1200 Christus

1020 1222 1108 1254 Jesus,
1126 1222 1170 1255 qui
1190 1226 1230 1248 est
1249 1221 1294 1248 Dei
1310 1221 1395 1247 virtus
1416 1224 1443 1247 et
1462 1219 1508 1246 Dei
1527 1219 1714 1253 sapientia",
1726 1220 1803 1246 decis-

1021 1268 1101 1294 ravit.
1117 1267 1151 1295 In
1166 1267 1264 1294 δίκαια
1287 1275 1353 1294 vero
1380 1268 1538 1294 rwcularum
1561 1266 1638 1301 quod
1659 1266 1710 1298 ait,
1731 1266 1802 1292 moris

1020 1319 1062 1341 est
1078 1314 1228 1348 Scriptura:
1253 1314 1351 1340 divina:
1368 1313 1581 1340 immensitatem
1601 1320 1654 1347 per
1678 1313 1730 1339 hoc
1746 1317 1802 1338 teut-

1019 1368 1115 1395 porum
1131 1359 1285 1394 designare.
1300 1359 1381 1386 Amen
1410 1365 1499 1386 autem
1513 1359 1592 1392 quasi
1612 1358 1646 1384 ad
1668 1358 1803 1385 conﬁrm-

1020 1408 1121 1434 tionent
1139 1407 1259 1434 omttiutn
1275 1413 1335 1440 quae
1348 1406 1474 1441 superius
1490 1406 1593 1439 scripta
1621 1410 1698 1437 sunt,
1718 1404 1745 1430 in
1758 1403 1803 1429 line

1019 1454 1121 1489 posuit,
1146 1461 1195 1488 per
1221 1452 1293 1487 quod
1318 1452 1464 1480 vernaculo
1479 1452 1662 1479 llehra‘orum
1686 1456 1804 1478 sermone

182 1498 247 1530 erit,
265 1498 311 1524 sed
326 1499 397 1532 quod
415 1497 547 1532 proferre,
562 1504 587 1525 et
603 1498 662 1525 aliis
680 1499 834 1526 ltominibus
849 1500 966 1534 pandere
982 1499 1004 1527 C
1022 1507 1083 1527 vera
1095 1505 1122 1527 et
1143 1499 1232 1527 fidelia
1245 1506 1304 1526 esse
1322 1507 1383 1534 qua:
1396 1499 1574 1532 suntscripta
1589 1498 1723 1533 signaret.

180 1550 241 1578 qua-
253 1543 305 1570 sibi
319 1549 382 1571 sunt
401 1544 518 1572 iudicata
533 1553 584 1572 non
605 1545 686 1572 liceat
701 1545 768 1580 (70).
782 1544 819 1572 lta
834 1553 898 1581 ergo
917 1553 967 1581 po-

183 1617 1793 1637 Μ

675 1708 888 1753 RUFINI
927 1708 1303 1752 PRESBYTERI

855 1804 900 1831 AD
919 1803 1119 1832 HERACLIUM

319 1884 480 1916 Peroralio
493 1884 525 1914 in
539 1874 809 1923 AEzplattationem
827 1881 978 1922 Origenis
997 1889 1095 1921 super
1113 1879 1289 1920 Epistolam
1307 1880 1399 1912 Pauli
1415 1880 1456 1911 ad
1474 1880 1652 1912 Romanos.

211 2047 346 2075 Hactenus
369 2048 441 2074 nobis
457 2049 483 2075 in
503 2046 650 2082 Epistulam
663 2046 718 2083 (74)
731 2047 765 2073 ad
781 2046 927 2078 Romanos,
944 2053 1022 2081 prout
1039 2048 1184 2081 potuimus,
1207 2045 1378 2076 dictantibus,
1396 2044 1513 2078 plurima
1535 2047 1561 2069 et
1575 2042 1672 2069 labare
1691 2046 1716 2069 et
1737 2048 1799 2070 ltil-

173 2102 235 2129 νοτε
250 2093 408 2120 desudatam
426 2094 473 2120 sit.
496 2093 595 2120 Fateor
606 2101 728 2128 namque,
744 2092 854 2120 Ileracli
868 2094 950 2128 frater
966 2094 1156 2126 amantissime,
1168 2093 1237 2127 quod
1248 2092 1309 2118 dum
1322 2091 1373 2117 tuis
1390 2088 1528 2117 desideriis
1541 2088 1701 2122 satisfacere
1712 2097 1794 2122 ιιιρισ.

173 2140 270 2167 oblitus
286 2147 343 2166 sum
362 2147 426 2172 pene
443 2139 562 2165 mandati
587 2146 636 2173 qua
655 2139 829 2173 prwcipitur:
846 2149 854 2165 σ
869 2139 942 2166 Onus
965 2148 1045 2174 supra
1061 2140 1127 2166 eirea
1144 2144 1204 2166 luas
1219 2147 1248 2166 ne
1267 2137 1392 2165 lcuavcris
1404 2136 1446 2168 ¹⁶;
1463 2145 1472 2162 ι
1486 2136 1606 2171 quamvis
1623 2137 1700 2162 nobis
1712 2144 1756 2162 nec
1771 2137 1796 2161 in

172 2187 274 2214 ca'teris
290 2193 348 2221 quin
366 2190 390 2212 te
407 2186 552 2218 insistente,
567 2186 618 2212 imo
633 2186 721 2220 potius
737 2194 846 2219 pensant
864 2187 954 2213 diurni
969 2187 1054 2221 operis
1068 2186 1194 2220 exigente,
1207 2185 1234 2212 in
1255 2184 1379 2211 Latinum
1391 2183 1525 2212 vertimus,
1539 2181 1657 2214 defuerit
1669 2182 1796 2216 ριιιήιπιι

172 2233 258 2264 labor,
274 2231 335 2258 dum
352 2231 470 2265 supplere
486 2231 605 2265 cupimus
621 2239 650 2257 ea
666 2239 724 2265 qua:
739 2231 769 2257 ab
786 2231 899 2264 Origene
915 2232 941 2258 in
960 2232 1093 2257 auditorio
1115 2231 1239 2257 Ecclesiae
1262 2238 1294 2256 ea:
1308 2235 1430 2263 tempore,
1447 2237 1498 2255 non
1518 2232 1573 2254 tam
1589 2228 1796 2261 explanalionis,

209 2279 229 2294 "
246 2277 341 2304 Matth.
359 2284 427 2307 xxu,
445 2275 487 2302 Μ.
526 2276 548 2291 ²⁰
565 2275 644 2302 Prov.
660 2283 715 2305 XVI.
727 2275 772 2305 25.
811 2278 831 2293 ²¹
847 2277 866 2303 ΙΙ
881 2277 944 2304 Cor.

1040 2275 1081 2302 -4,
1119 2276 1140 2291 ²¹
1154 2274 1232 2302 Joan.
1247 2274 1324 2306 1,14.
1363 2274 1386 2289 ’³
1404 2272 1488 2300 Eccli.
1505 2279 1527 2303 ι,
1542 2271 1569 2298 1.
1614 2271 1639 2287 ’⁵
1655 2271 1736 2298 Eccli.
1751 2279 1795 2302 ιτ,

173 2313 216 2340 10.
255 2313 277 2328 ’⁵
291 2312 300 2339 l
312 2311 374 2339 Cor.
390 2311 466 2343 L24.
504 2311 527 2327 “
541 2311 624 2338 Eccli.
642 2310 736 2342 Χιλι,2.

971 2357 994 2384 ι)
1008 2361 1040 2380 e1:
1056 2353 1201 2386 Scripturis
1226 2351 1328 2386 quidem
1344 2350 1502 2384 propheticis
1517 2351 1718 2385 manifestatur,
1731 2356 1795 2381 θια,

207 2357 263 2390 (66)
280 2357 331 2384 Ita.
349 2357 570 2383 Prmterntittilur
584 2356 608 2382 iu
623 2356 713 2382 editis.

207 2392 263 2425 (67)
282 2392 364 2423 Editi,
381 2393 412 2417 de
422 2392 582 2418 testamentis
601 2391 706 2417 diuinis.

210 2426 265 2461 (68)
281 2427 330 2452 Ms.
349 2426 449 2461 Regius
469 2435 545 2452 utttn.
572 2426 652 2457 1659,
677 2430 758 2452 restat
784 2429 812 2452 ut
833 2425 956 2461 quia_m~

190 2459 268 2488 ientek
282 2459 588 2496 [uerunt'intellexei-int.
603 2461 701 2488 Deinde
715 2461 784 2487 idem
799 2459 849 2487 ms.
864 2464 891 2486 et
903 2459 956 2496 ita-

190 2471 268 2488 tentes
282 2471 386 2496 (uerunt
404 2471 588 2488 ιηιειιεπεηηι.
603 2471 701 2488 υιξιιιυε
715 2471 784 2487 ιίιειιι
799 2471 849 2487 IIIS.
864 2471 891 2486 Cl.
904 2471 956 2498 li“!-

171 2471 271 2527 lianus,
289 2496 353 2528 Qua:
370 2504 432 2531 ergo
444 2496 478 2523 sit
499 2496 596 2523 silentii
611 2497 679 2523 ratio
696 2496 842 2527 videamus,
857 2503 887 2521 ne
908 2494 956 2520 illa

170 2532 215 2559 ait.
230 2536 281 2558 etc.

208 2552 312 2602 (ὤῇιίι
327 2572 392 2592 mss.
402 2561 491 2602 nostri,
501 2574 595 2593 omnes
603 2571 629 2592 et
644 2566 781 2593 Rabanus.
794 2564 864 2592 Editi
878 2571 954 2596 vero,

170 2601 216 2637 per
230 2604 454 2637 sacramentorum
466 2601 695 2637 dispensationem.

207 2636 264 2671 (70)
280 2635 360 2667 Editi,
376 2643 426 2671 non
447 2637 515 2669 quod
530 2636 630 2669 ignare!
650 2637 703 2669 ipse
719 2636 788 2670 quod
801 2636 878 2671 (mss.
893 2634 955 2668 qui-

171 2670 243 2702 dam,
258 2670 330 2706 quid)
351 2670 476 2702 audierit,
490 2672 534 2696 sed
551 2671 620 2705 quod
637 2671 755 2705 proferre
776 2679 827 2697 non
845 2670 953 2702 licebat,

170 2712 194 2733 ct
211 2707 282 2737 aliis,
300 2712 354 2732 etc.

208 2741 264 2776 (71)
280 2741 323 2767 Sic
339 2739 465 2767 Rabanns
479 2746 506 2767 et
519 2739 565 2767 Ms.
581 2739 679 2774 Regius
697 2748 769 2776 num.
789 2738 949 2776 1659Lqui-

170 2774 221 2803 bus
232 2774 299 2803 satis
315 2776 470 2803 consentire
480 2776 585 2802 videtur
595 2776 678 2802 codex
690 2783 739 2802 ms.
752 2775 835 2802 Vallis
853 2774 948 2801 Clara).

168 2811 264 2839 Caneri
280 2819 342 2839 vero
360 2818 437 2844 mss.,
449 2811 517 2846 quod
535 2815 562 2838 ut
583 2810 677 2838 scirent
698 2810 801 2846 quidem
820 2809 949 2844 prop/tata:

1009 2394 1038 2415 ut
1055 2389 1080 2414 in
1100 2392 1184 2414 textu.
1202 2386 1270 2413 Editi
1288 2393 1365 2416 vero,
1381 2386 1452 2421 quod
1468 2391 1494 2411 ut
1509 2386 1609 2412 scirent
1623 2387 1727 2421 quidem
1738 2395 1794 2417 per-

1007 2423 1080 2458 fecti,
1097 2431 1128 2449 e:c
1151 2421 1296 2455 Scripturis
1332 2420 1492 2458 propheticis
1525 2420 1794 2458 manifestatum”:

1007 2454 1165 2489 hominibus,
1183 2454 1215 2483 id
1234 2462 1271 2483 est
1301 2454 1376 2489 vulgo
1395 2463 1447 2481 non
1474 2455 1725 2489 manisfextacerunt
1747 2463 1795 2482 nec

1006 2493 1194 2528 patefecerunt,
1208 2493 1253 2528 sed
1266 2491 1513 2528 silentio_t§;rfrtttit,
1525 2496 1580 2528 etc.

1043 2524 1098 2562 (72)
1116 2527 1163 2554 Ms.
1174 2526 1274 2561 Regius
1283 2524 1447 2562 numgi659,
1460 2524 1558 2562 Merito
1569 2530 1661 2562 nutent
1670 2525 1728 2556 soli,
1738 2530 1792 2562 etc.

1007 2559 1103 2590 (hateri
1123 2570 1185 2588 vero
1206 2559 1270 2588 mss.
1285 2565 1310 2587 et
1325 2560 1400 2592 editi,
1419 2559 1516 2587 Merito
1528 2568 1592 2595 ergo
1609 2560 1790 2594 soli,etc.Ra-

1008 2598 1102 2627 banus,
1121 2596 1216 2623 Merito
1232 2596 1291 2628 sali,
1306 2599 1361 2622 etc.

1044 2633 1098 2667 (75)
1115 2632 1197 2663 Editi,
1214 2632 1259 2666 qui
1284 2632 1320 2667 ita
1343 2630 1488 2667 sapientem
1514 2631 1688 2667 esse_solunt
1711 2630 1791 2656 Deum

1010 2665 1133 2696 Ostendit.
1150 2671 1177 2693 ut
1197 2665 1250 2702 ipse
1265 2666 1421 2702 sapie_ntiam
1438 2666 1560 2702 genuerit
1573 2665 1654 2693 Jews
1666 2666 1788 2694 Christus,

1009 2703 1052 2736 qui
1067 2706 1104 2728 est
1119 2702 1166 2728 Dei
1188 2700 1269 2728 virtus
1282 2706 1304 2727 et
1327 2700 1375 2726 Dei
1386 2701 1529 2734 sapientia.
1547 2701 1604 2728 Sed
1618 2709 1711 2729 omnes
1726 2707 1787 2727 mss.

1001 2742 1027 2764 et
1042 2737 1167 2764 llahauus
1184 2741 1213 2763 ut
1227 2736 1253 2762 iu
1270 2740 1362 2762 nostro
1382 2739 1469 2762 textu.

1037 2772 1094 2807 (74)
1113 2771 1214 2799 Omnes
1227 2778 1291 2798 mss.
1305 2770 1402 2802 nostri,
1419 2770 1447 2797 in
1462 2769 1600 2806 Epistola.
