1852 3053
65 107 144 136 1933
641 106 675 133 IN
694 103 889 133 EPISTOLAM
908 103 953 131 AD
971 102 1141 131 GALATAS.
1640 102 1708 130 139$

61 173 153 200 quant
176 163 363 199 a’tliﬁcatiouis
380 163 526 190 intentione
544 169 671 198 perorata
700 168 762 190 sunt
781 170 790 189 :
806 163 873 189 sicut
894 162 922 188 in
938 161 1055 188 Itomiliis
1073 161 1126 187 sive
1147 160 1175 187 in
1194 160 1368 207 oratiunculis
1385 161 1440 196 (73;)
1461 161 1486 187 in
1504 159 1622 187 (ient-sim
1639 166 1662 188 et
1679 163 1707 187 in

65 213 198 240 Exedunt
208 213 330 246 fecimus,
344 216 367 238 et
382 211 514 245 priocipue
527 210 553 236 in
565 211 605 237 his
618 218 676 245 qua:
688 210 715 236 in
731 210 828 236 librant
845 208 956 235 Levitici
970 209 1003 235 ab
1022 208 1068 234 illo
1080 208 1184 242 quidem
1197 207 1253 244 (76)
1270 208 1412 241 perorandi
1425 209 1494 242 stylo
1505 209 1588 240 dictu,
1602 217 1618 234 a
1632 209 1706 234 nobis

61 267 132 285 vero
145 259 307 292 explanandi
323 259 409 293 spei-ie
423 257 552 285 translata
566 262 637 284 sunt.
652 258 735 289 Quem
751 256 867 282 laborem
881 255 1046 289 adimplendi
1057 264 1117 290 qua:
1129 256 1236 282 deerant
1252 255 1352 282 idcirco
1366 257 1538 290 suscepimus,
1552 265 1583 283 ne
1594 256 1706 290 pulsatis

60 306 231 340 qua'stiones
243 311 268 332 et
286 306 396 338 relictui,
412 306 483 341 quod
498 307 525 332 in
537 304 702 332 homiliatico
717 303 822 330 dicendi
837 311 929 336 genere
944 302 976 328 ab
991 301 1036 328 illo
1053 301 1138 336 689
1155 310 1223 334 stupe
1237 302 1294 334 ﬁeri
1309 302 1387 336 solet,
1404 302 1500 329 Latino
1515 302 1607 329 lectori
1625 303 1706 337 [asti-

62 354 148 380 dium
162 359 327 388 generarent.
346 353 416 380 Nam
434 354 480 380 illa
496 362 553 388 qua:
566 355 593 380 in
609 351 700 378 Jesum
720 350 806 380 Nave.
822 355 845 376 et
860 350 889 375 in
908 349 1037 375 Iudicum
1049 349 1145 375 librum
1164 348 1231 383 (77),
1251 353 1276 375 et
1294 349 1322 375 in
1338 349 1498 375 tricesimum
1516 356 1628 380 sextum,
1642 354 1666 375 et
1678 350 1705 376 in

54 403 64 420 I
77 399 232 425 ricesimum
252 400 402 432 septimum,
418 404 442 425 et
456 399 617 426 tricesimum
637 403 759 424 octavum
782 396 913 430 psalmum
933 395 1099 428 scripsimus,
1119 395 1277 428 simpliciter
1304 400 1331 421 ut
1363 395 1512 422 invenimus
1526 394 1594 430 (78),
1611 400 1636 421 et
1651 402 1704 421 non

55 451 87 469 γη
98 443 154 469 ulto
168 452 227 470 cum
250 443 338 470 labore
357 445 552 472 transtulimus.
569 443 695 476 Quamvis
709 451 770 477 ergo
784 446 808 469 et
827 442 854 468 in
874 440 977 467 steteris
993 449 1053 475 qua:
1068 449 1149 475 supra
1167 441 1284 467 άῐπὶηιτιδ
1299 440 1451 467 laboratum
1464 442 1537 468 nobis
1551 441 1585 468 sit
1599 441 1628 468 in
1644 448 1706 475 sup-

55 489 173 521 plendis
189 489 231 515 his
252 497 311 522 qua:
336 489 470 522 omiserat,
487 490 514 515 in
537 489 584 515 hoc
606 493 691 515 tamen
709 495 785 521 apere
815 485 942 517 Epistolai
960 486 994 512 ad
1013 485 1146 512 Romanos
1172 494 1219 517 pro
1234 487 1275 513 Itis
1293 488 1382 513 causis
1404 495 1470 521 quas
1486 488 1513 513 iu
1539 484 1704 522 Pra-fatione

57 535 326 569 coniprcltendimus,
341 537 483 563 immensus
498 537 571 562 nobis
588 540 613 562 et
632 532 825 562 inextricabilis
844 533 900 568 (79)
919 533 1036 559 incubuit
1057 532 1143 560 labor.
1163 532 1215 560 Sed
1232 532 1371 560 delectauit
1390 533 1534 560 indulsisse
1554 533 1704 565 laboribus;

57 584 87 608 si
106 584 185 609 modo
203 591 265 617 non,
281 588 309 610 ut
325 584 352 610 in
367 584 426 610 aliis
441 584 541 618 experti
557 591 661 614 sumus,
682 581 818 608 malevola'
837 586 936 608 mentes
954 580 1049 615 vigiliis
1067 580 1162 608 nostris
1177 581 1350 608 contumelias
1367 582 1489 615 reddant,
1506 582 1529 608 si
1543 590 1595 608 nou
1612 583 1705 609 studia

59 630 314 663 obtrectationibus,
330 634 356 657 et
376 631 478 658 labores
500 635 700 657 remunerentur
720 628 837 654 insidiis.
853 626 960 654 Novum
978 627 1075 661 quippe
1094 628 1164 661 apud
1189 636 1233 654 eos
1258 627 1342 662 culpw
1365 637 1446 662 genus
1465 629 1596 656 subimus.
1622 629 1704 655 Aiunt

59 675 137 701 enim
164 675 249 702 mihi:
264 675 297 703 ln
322 676 363 703 Itis
383 685 443 711 qua:
463 676 567 708 scribis,
591 677 715 711 quoniam
741 675 856 710 pluriuta
870 674 906 700 'in
927 675 963 700 eis
979 674 1018 700 tui
1041 673 1127 708 operis
1153 674 1296 706 habentur,
1312 675 1346 700 da
1360 674 1467 702 titulum
1482 676 1596 702 nominis
1613 675 1664 707 tui,
1678 681 1705 701 et

59 721 152 747 scribe
169 729 178 747 :
191 721 279 755 [lu/ini
297 722 365 757 (80),
382 723 451 749 verbi
467 723 566 756 gratia,
590 722 617 749 in
637 722 783 756 Epistolam
807 721 840 747 ai
861 719 994 747 Romanos
1015 720 1243 755 Explanationum
1263 721 1334 753 libri,
1350 721 1419 747 sicut
1434 726 1458 747 et
1482 721 1554 756 apud
1569 727 1703 752 auctores,

58 767 203 801 inquiunt,
223 769 363 796 sa'culares
381 777 432 795 non
444 769 516 796 illitis
529 769 574 804 qui
585 777 617 796 ea:
634 767 728 796 Grrrco
743 768 889 795 translatus
904 772 954 800 est,
968 768 1014 794 sed
1028 767 1102 794 illius
1119 768 1164 802 qui
1185 768 1322 794 transtulit
1334 776 1427 794 nomen
1444 768 1538 795 titulus
1554 773 1632 795 tenet.
1647 768 1705 795 lloc

58 820 155 841 autem
171 821 251 842 torum
268 816 330 842 iui/ti
349 817 449 843 donant
465 824 516 843 non
532 824 623 842 amore
648 816 710 847 mei,
727 816 774 842 sed
802 815 862 841 odio
890 814 1006 841 auctoris
1020 813 1086 849 (81).
1109 814 1206 841 Verum
1221 823 1269 849 ego
1294 816 1339 849 qui
1355 814 1416 849 plus
1441 815 1611 842 conscientitc
1628 823 1702 847 metu,

59 870 146 896 quatit
172 862 271 888 nomini
293 863 383 896 defero
405 863 484 890 etiam
503 863 526 888 si
545 862 642 888 addere
666 862 756 897 aliqua
772 861 862 888 videor
879 865 902 887 et
924 859 1028 893 explere
1046 868 1106 895 qua:
1130 860 1236 893 desunt,
1256 865 1303 887 aut
1320 861 1437 887 breviare
1454 869 1513 896 qua:
1535 861 1614 896 longa
1629 866 1703 893 sunt,

59 906 155 940 [arari
169 911 255 934 tamen
272 907 378 934 titulum
397 909 456 942 ejus
473 907 517 943 qui
539 907 716 941 fundamenta
739 907 824 942 operis
839 907 917 941 jecit,
936 911 960 933 et
983 907 1154 933 construendi
1174 907 1283 941 wdi/icii
1299 907 1438 934 materiam
1460 908 1587 942 procliuit,
1603 912 1703 934 recturi:

58 962 120 981 non
133 961 206 988 puto.
218 955 259 981 Sit
269 963 334 982 sane
345 956 372 982 in
384 956 495 982 arbitrio
509 955 619 991 legentis
634 963 692 982 cum
706 963 771 990 opus
783 954 940 989 probaverit,
953 954 1038 988 operis
1050 954 1171 981 meritum
1183 954 1225 980 cui
1238 953 1299 980 uelit
1313 954 1455 981 ascribere.
1467 953 1551 981 Nobis
1565 955 1634 982 enim
1645 953 1703 989 (Βὲ)

59 1000 231 1033 proposition
249 1005 286 1027 est
306 1009 357 1027 non
376 1001 500 1034 pltiusum
517 1001 670 1036 legentium,
686 1002 731 1027 sed
749 1001 865 1035 fructum
889 1001 1086 1035 proﬁcientium
1107 1008 1234 1035 quiercre.
1252 999 1315 1027 Post
1326 1000 1374 1027 hoc-
1392 1009 1456 1027 sane
1476 1005 1549 1027 t'ocat
1568 1009 1615 1027 nos
1636 1008 1702 1033 opus

57 1046 137 1079 quod
153 1047 216 1072 olim
231 1047 336 1081 quidem
353 1048 500 1081 injunctum
525 1052 573 1080 est,
591 1049 635 1074 sed
650 1056 720 1075 nunc
734 1056 750 1074 α
771 1047 845 1074 beato
860 1046 1009 1074 Gaudentio
1029 1047 1148 1081 episcopo
1167 1046 1345 1074 vehementius
1369 1051 1537 1081 perurgetur,
1559 1046 1702 1074 Clementis

57 1091 167 1119 scilicet
194 1092 307 1120 Romani
327 1094 443 1129 episcopi
469 1094 650 1129 apostolorqu
685 1094 788 1121 comitis
803 1102 834 1120 ac
850 1094 1009 1121 successoris
1029 1094 1061 1121 de
1078 1094 1262 1130 Recognitione
1278 1095 1339 1121 libri
1354 1100 1382 1121 ut
1403 1095 1429 1121 in
1443 1094 1569 1122 Latinum
1594 1102 1701 1124 vertun—

57 1143 109 1166 tur
126 1139 193 1174 (85).
210 1139 243 1166 In
258 1148 309 1174 quo
330 1148 405 1174 opere
421 1141 483 1167 bene
500 1141 559 1168 novi
575 1141 645 1176 quod
661 1141 778 1168 laborem
794 1140 869 1167 labor
886 1139 1055 1174 multiplicat,
1069 1141 1091 1167 si
1108 1148 1204 1168 sortem
1227 1141 1354 1175 suscipiat
1366 1140 1434 1177 (8i).
1449 1140 1622 1175 Satisfaciam
1636 1151 1700 1168 sane

57 1187 90 1213 in
108 1194 139 1212 eo
154 1187 245 1214 amicis
263 1188 325 1214 meis
341 1195 351 1214 :
366 1187 433 1214 dabo
454 1188 531 1214 titulo
549 1196 642 1215 nomen
663 1196 760 1219 meum,
785 1187 903 1214 auctoris
933 1186 1104 1214 nihilominus
1119 1187 1243 1214 uocabulo
1254 1192 1433 1222 permanente.
1449 1186 1520 1213 Nam
1532 1186 1622 1221 Ruﬁni
1637 1187 1699 1214 (ile--

57 1241 138 1259 ruens
152 1234 282 1260 scribetur
294 1233 361 1268 (85).
380 1233 457 1266 Quod
471 1235 493 1261 si
509 1242 550 1260 me
570 1234 700 1260 Dominus
724 1232 833 1267 implere
857 1231 1018 1266 permiserit,
1033 1232 1122 1258 redibo
1136 1240 1230 1258 rursus
1247 1236 1270 1258 et
1287 1232 1321 1258 ad
1339 1237 1384 1258 tua
1405 1231 1548 1263 desideria,
1566 1237 1592 1257 ut
1614 1232 1653 1259 vel
1673 1232 1701 1259 in

68 1279 264 1311 Numerorum,
280 1280 318 1306 vel
333 1282 360 1306 iit
376 1280 574 1307 Deuteronontii
587 1280 681 1312 libras,
700 1279 753 1305 Deo
768 1278 946 1313 permittente,
959 1278 1049 1312 aliqua
1067 1278 1185 1304 dicamus
1199 1277 1257 1313 (hoc
1282 1278 1351 1305 enim
1368 1276 1454 1304 solum
1478 1278 1551 1303 nobis
1572 1277 1605 1304 de
1619 1276 1702 1312 Epta-

57 1329 158 1354 teucho
173 1327 254 1363 deest)
267 1327 305 1354 uel
319 1328 351 1354 de
366 1327 473 1362 reliquis
490 1327 602 1362 apostoli
621 1326 699 1354 Pauli
713 1325 842 1361 Epistolis
856 1334 914 1361 qua:
925 1334 1075 1361 possumus,
1088 1325 1200 1352 Domino
1217 1325 1355 1360 dirigente,
1367 1325 1496 1352 dictemus
1510 1323 1576 1359 (36).

341 1489 402 1530 (87)
421 1490 475 1520 EX
494 1490 623 1521 LIBRIS
638 1488 827 1520 ORIGENIS
843 1488 885 1519 ΙΝ
902 1488 1134 1520 EPISTOLAM
1149 1488 1204 1519 AD
1218 1487 1420 1519 GALATAS.

291 1655 334 1683 Ex
355 1655 431 1683 initio
452 1644 514 1682 libri
535 1657 626 1690 primi.

97 1701 181 1736 690
202 1702 240 1729 Ex
262 1710 294 1729 et)
311 1703 382 1737 quod
398 1703 467 1730 dixit
480 1703 628 1737 Apostolus
647 1713 653 1731 τ
675 1694 781 1731 Paulus
791 1713 856 1739 apo-

57 1749 146 1775 stolas
164 1758 214 1776 non
230 1750 262 1775 ab
278 1750 447 1784 hominibus»,
466 1758 550 1785 neque
571 1759 617 1784 per
638 1752 768 1778 hominem
784 1772 791 1783 ,
810 1752 856 1779 sed

56 1804 109 1830 per
136 1795 227 1822 .Iesum
254 1795 389 1823 Christum
409 1797 443 1828 '7,
466 1797 609 1824 manifeste
637 1797 719 1824 datur
745 1799 856 1833 intelligi

57 1842 125 1877 quia
143 1850 194 1869 non
210 1847 270 1869 erat
288 1843 369 1870 homo
381 1843 508 1871 Christus
522 1842 610 1877 Jesus,
631 1844 677 1871 sed
690 1848 750 1870 erat
763 1844 855 1872 divina

59 1893 169 1915 natura.
194 1888 251 1915 Non
270 1889 343 1916 enim
365 1890 387 1916 si
405 1890 486 1917 homo
511 1894 600 1921 esset,
619 1889 735 1917 dixisset
755 1890 855 1917 Paulus

60 1934 117 1960 huc
135 1934 204 1968 quod
222 1935 259 1961 ait
276 1944 281 1961 :
298 1933 402 1961 Paulus
422 1935 556 1969 apostolus
573 1943 624 1962 non
640 1937 671 1962 ab
694 1936 855 1968 hominibus,

95 1981 118 1996 ¹⁷
134 1980 222 2008 Galnl.
238 1989 258 2013 t,
277 1982 302 2008 1.

98 2027 154 2063 (75)
169 2028 231 2055 Mss.
245 2030 309 2062 duo,
325 2030 363 2056 vel
378 2030 563 2064 oratiunculis,
578 2035 630 2058 etc.

97 2065 153 2102 (76)
173 2065 237 2102 Mss.
263 2066 316 2092 duo
337 2066 467 2093 omittunt
481 2067 604 2102 quidem;
624 2071 652 2094 et
670 2066 771 2094 habent
787 2074 848 2093 cum

57 2099 151 2132 editis,
169 2101 279 2127 dictata.

98 2135 154 2171 (77)
171 2134 289 2161 Librum.
311 2135 450 2163 Omittitur
465 2137 490 2163 in
512 2136 639 2164 omnibus
654 2145 719 2165 mss.
738 2137 848 2168 nostris,

57 2171 109 2197 sed
126 2176 213 2197 exstat
227 2171 252 2196 in
268 2171 357 2197 editis.

871 1660 894 1689 Α
908 1667 989 1694 neque
1010 1668 1056 1694 per
1076 1660 1218 1686 hominem.
1243 1659 1271 1686 Si
1294 1659 1367 1686 enim
1386 1657 1468 1686 homo
1491 1658 1540 1686 fuit
1555 1654 1651 1691 .lcsus,
1674 1661 1701 1685 et

908 1713 955 1739 per
979 1705 1067 1740 ipsum
1089 1709 1245 1739 assumptus
1270 1709 1313 1732 est
1334 1705 1360 1731 in
1385 1705 1565 1740 apostolatum
1587 1704 1700 1737 Paulus,

907 1751 1001 1785 utique
1017 1758 1066 1785 per
1076 1751 1214 1778 hominem
1227 1750 1315 1777 iactus
1329 1754 1387 1776 erat
1399 1750 1548 1786 apostqlus.
1566 1750 1594 1778 Si
1607 1756 1698 1778 autem

905 1805 954 1832 per
976 1798 1113 1824 hominem
1143 1802 1202 1824 erat
1225 1797 1379 1830 apostolus,
1407 1804 1545 1831 nunquam
1574 1797 1699 1828 dixisset,

905 1844 968 1877 quia
984 1851 1065 1878 neque
1080 1842 1126 1877 per
1143 1835 1274 1869 hominem
1289 1851 1299 1870 :
1315 1843 1361 1869 sed
1383 1843 1526 1870 manifeste
1539 1848 1650 1877 separat
1665 1844 1700 1870 ub

905 1891 1024 1917 humana
1042 1895 1138 1916 natura
1153 1889 1245 1916 Jesutn
1261 1889 1362 1916 Paulus
1382 1897 1429 1924 per
1443 1889 1503 1917 hinc
1523 1889 1615 1917 verba.
1640 1889 1697 1917 Non

904 1937 977 1964 cuitu
1001 1935 1140 1964 suilicitei
1163 1936 1266 1963 dixisse
1285 1944 1291 1961 :
1312 1944 1393 1970 neque
1409 1943 1455 1970 per
1472 1935 1627 1968 hominem;
1649 1938 1698 1964 sed

905 2031 1100 2067 Recognitiane.
1113 2032 1336 2067 Recognilionum
1350 2032 1410 2059 libri
1423 2032 1574 2059 etiamnum
1586 2037 1696 2061 exstant

905 2068 1177 2108 tax-interpretatione
1191 2069 1295 2101 ltulit‘ti;
1310 2068 1357 2095 sed
1368 2068 1498 2095 Clementi
1512 2067 1634 2097 Routano
1647 2070 1695 2096 ηιμ

901 2102 1178 2172 μηέὲῖῗῖ1ᾚ1ιρεῐιιε
1200 2146 1273 2165 ηιιιη.
1291 2137 1377 2171 1659,
1392 2138 1462 2173 quod
1488 2137 1602 2165 laborem
1618 2139 1694 2165 labor

905 2172 1082 2209 multiplicata
1096 2179 1165 2199 sorte
1179 2174 1313 2209 suscipiet.
1334 2174 1388 2201 Sed
1399 2172 1493 2201 caeleri
1508 2182 1573 2201 mss.
1585 2179 1613 2201 ct
1627 2175 1691 2201 editi

99 2206 154 2240 (78)
173 2205 242 2232 Editi
256 2225 263 2237 ,
283 2207 438 2240 simpliciter
451 2208 625 2239 expressimus
646 2212 674 2234 ut
694 2208 848 2234 invenimus.
867 2210 887 2237 Β
905 2208 972 2234 utin
990 2213 1074 2234 textu.

58 2241 115 2268 Sed
130 2249 226 2268 OIIIIIES
240 2249 303 2267 mss.
318 2242 447 2268 omittunt
461 2245 647 2275 expressimus.

94 2277 149 2313 (79)
164 2276 232 2313 Editi
246 2297 253 2308 ,
267 2277 471 2304 ina’stimabilis.
486 2278 586 2304 Deinde
597 2286 646 2305 ius.
659 2278 759 2313 Regius
773 2287 847 2305 num.

58 2312 141 2340 H539.
158 2317 182 2337 et
197 2311 313 2337 laborem
327 2318 491 2339 remunerent
508 2313 624 2340 insidiis.

99 2347 154 2379 (80)
169 2346 214 2373 Sic
237 2354 332 2374 (mines
353 2355 417 2374 mss.
437 2348 503 2375 Etliti
525 2356 598 2381 vero,
616 2353 639 2375 et
657 2349 739 2375 scribe
757 2349 850 2376 "iero-

58 2383 144 2415 nymi.
165 2382 265 2409 Deinde
282 2389 376 2410 omnes
399 2390 464 2410 mss.
482 2383 597 2417 habent,
624 2385 652 2410 in
669 2384 791 2418 Epistola
815 2386 849 2412 ad

60 2417 205 2447 Romanas,
220 2422 272 2444 etc.

100 2452 153 2486 (8|)
173 2451 222 2478 Ms.
239 2460 308 2479 unus
327 2453 428 2487 habet,
445 2454 629 2485 auctoritatis;
645 2454 724 2487 alter,
740 2456 848 2482 actoris.

98 2487 154 2522 (κὲ)
173 2487 221 2514 Ms.
235 2487 335 2522 Regius
348 2497 422 2515 num.
438 2489 518 2518 1659,
535 2489 617 2515 Nobis
633 2495 731 2521 autem,
746 2496 799 2518 ctc.

99 2523 216 2558 (Μηδία
246 2528 318 2550 recte
348 2532 399 2551 ins.
429 2525 514 2551 codex
541 2523 642 2558 Regius
666 2534 739 2552 ttutn.
769 2526 847 2554 “$59.

60 2559 131 2585 'Etltti
149 2566 222 2588 vero.
236 2559 414 2591 apostolorum
430 2560 544 2591 comitis,
564 2568 676 2593 quorum
694 2560 754 2595 (aL,
768 2564 848 2595 quod)

59 2600 89 2620 ut
107 2595 301 2620 successoribus
319 2595 409 2620 darent
432 2596 602 2629 cognitionem
622 2595 681 2621 libri
703 2604 718 2622 a
735 2597 807 2623 nobis
823 2597 849 2623 in

63 2629 187 2655 Latinum
222 2635 367 2656 uertuntur.
395 2630 484 2656 Codex
514 2638 564 2656 ms.
599 2630 787 2663 Ehroiccnsis,
822 2636 850 2658 et

61 2672 132 2690 unus
158 2663 257 2698 Regius
283 2673 356 2691 num.
383 2665 467 2697 16M),
487 2665 666 2698 apostolorum
696 2667 798 2692 comitis
825 2672 849 2693 et

61 2700 120 2732 (aL,
145 2699 183 2734 ut)
198 2708 394 2727 successorum.
411 2701 473 2726 dare
489 2701 662 2735 cognitionem
678 2700 738 2726 libri
752 2722 758 2733 ,
777 2706 804 2727 ut
820 2703 849 2728 in

62 2735 187 2761 Latinum
204 2740 347 2763 rertttntur.
364 2735 413 2762 Ms.
431 2736 529 2770 Regius
548 2743 621 2761 nunt.
638 2735 703 2762 1611
718 2756 726 2767 ,
743 2743 849 2770 aposto-

60 2771 146 2796 lorum
166 2770 269 2796 eomitis
290 2775 313 2796 et
333 2772 490 2797 successoris
510 2772 574 2797 dare
595 2772 766 2804 cognitionem
785 2771 848 2798 libri

62 2810 89 2831 ut
107 2806 134 2831 in
150 2804 274 2831 Latinum
300 2811 428 2832 vertatur.
453 2806 502 2832 Ms.
518 2806 601 2832 codex
620 2806 796 2833 Vallis-claim
821 2811 849 2833 ut

61 2840 87 2867 in
101 2844 185 2873 textu,
201 2841 251 2867 nisi
264 2842 334 2876 quod
351 2842 448 2869 habent
469 2843 532 2868 dare
549 2841 728 2875 intentionem,
752 2850 800 2877 pro
816 2843 847 2868 de

939 2242 1052 2279 (ἐξωθῇ
1062 2251 1111 2270 ins.
1122 2243 1399 2279 codchailiVs-clarrc
1409 2248 1436 2271 et
1448 2251 1499 2275 ms.
1508 2244 1608 2279 Regius
1617 2253 1692 2272 num.

904 2278 984 2306 1659.
1000 2277 1067 2304 Editi
1083 2286 1163 2310 vero,
1184 2278 1254 2305 Nam
1272 2278 1427 2314 Hieronymi
1443 2288 1473 2306 ne
1490 2277 1596 2313 puteiur
1607 2301 1613 2312 ι
1631 2281 1693 2306 Cle-

902 2321 973 2339 mens
986 2313 1126 2340 scribetur.
1140 2313 1235 2340 Cmtt‘ri
1251 2321 1314 2340 vero
1327 2322 1406 2346 ιηςςη
1420 2314 1490 2340 Ναηι
1504 2321 1628 2348 putamus
1638 2315 1694 2343 (Ile-

902 2356 978 2384 mens
1003 2349 1143 2374 scribetur.
1165 2349 1264 2375 Deinde
1287 2349 1369 2384 editi,
1399 2354 1427 2376 et
1455 2357 1519 2377 mss.
1546 2351 1691 2384 plerique:

903 2383 979 2415 Quod
993 2383 1015 2409 si
1029 2383 1085 2410 huic
1108 2384 1171 2410 mihi
1189 2383 1276 2418 (editi,
1299 2383 1375 2416 Quod
1392 2385 1416 2411 si
1431 2385 1482 2417 me)
1495 2383 1693 2412 Dominus’itn-

901 2420 972 2451 plerc
991 2419 1148 2452 permiserit,
1168 2419 1311 2445 redibimus
1331 2420 1366 2445 ad
1390 2420 1468 2452 illos,
1493 2425 1516 2447 et
1534 2421 1569 2446 ad
1584 2426 1629 2447 tua
1646 2422 1694 2447 tle-

901 2454 1009 2483 sideria,
1030 2458 1058 2479 ut
1077 2455 1103 2480 in
1124 2453 1312 2485 Numerorum,
1334 2459 1358 2480 et
1382 2455 1418 2487 in,
1443 2461 1496 2482 etc.
1516 2455 1569 2482 Sed
1591 2458 1692 2484 rectius

903 2497 952 2515 ms.
973 2489 1073 2522 Regius
1094 2497 1168 2516 ιιιιιιι,
1184 2488 1252 2516 1659
1269 2495 1297 2515 ut
1313 2490 1338 2516 in
1355 2496 1448 2516 nostro
1463 2495 1548 2518 textu.

939 2524 993 2559 (86)
1012 2525 1057 2551 Sic
1081 2533 1132 2552 ius.
1157 2525 1258 2559 Regius
1280 2533 1355 2559 num.
1380 2525 1458 2553 1659.
1487 2526 1558 2552 Editi
1585 2530 1689 2557 autem.

901 2559 949 2586 hoc
967 2560 1270 2597 enimnsoluntvobisde
1284 2558 1462 2586 Peutateuclto
1484 2561 1522 2597 vel
1535 2562 1567 2588 de
1583 2563 1690 2597 reliquis

902 2595 1014 2628 apostoli
1030 2593 1110 2621 Pauli
1125 2595 1253 2629 Epistolis
1270 2603 1329 2630 qua:
1343 2602 1483 2629 possumus
1503 2596 1613 2623 Domino
1631 2593 1690 2631 pro-

902 2635 1001 2664 tegente
1017 2631 1150 2657 debetnus.
1160 2630 1256 2657 Cancri
1276 2638 1357 2662 uiss.,
1376 2631 1423 2657 hoc
1438 2631 1506 2657 enim
1520 2632 1603 2658 solum
1619 2634 1690 2659 vobis

901 2665 932 2700 de
946 2664 1126 2698 IIeplaIeuc/to
1144 2666 1214 2692 deest
1227 2686 1234 2697 ,
1252 2665 1289 2692 uel
1303 2667 1335 2692 de
1357 2666 1465 2700 reliquis
1482 2667 1596 2700 apostoli
1610 2666 1690 2694 Pauli

903 2699 1105 2737 lipistolisquw
1122 2709 1260 2735 possumus
1278 2702 1324 2736 (al.
1335 2721 1343 2735 ,
1363 2699 1420 2736 qua}
1433 2702 1456 2727 si
1469 2699 1618 2737 possumus)
1636 2702 1690 2728 Do-

902 2735 972 2760 ntino
987 2736 1116 2769 dirigettte
1129 2735 1300 2764 dictubintus.

936 2769 993 2808 (87)
1007 2771 1240 2808 [iosuniptarsunt
1260 2772 1318 2808 tum:
1340 2770 1492 2807 fragmenta
1513 2780 1544 2800 ex
1560 2771 1690 2808 Apologia

901 2804 1044 2840 Pan-philii
1061 2807 1188 2841 martyris
1203 2813 1249 2840 pro
1267 2804 1392 2842 Origene:
