1852 3053
154 100 221 127 1295

786 93 946 123 OlthENlS
963 89 1177 121 FRAGMENTA

1722 94 1732 119 1
1738 93 1782 119 296

152 157 252 192 adjecit
263 158 375 185 dicens:
389 156 433 183 sed
443 155 590 190 pchuum
600 155 744 182 Christum.
756 155 840 189 Quem
853 155 945 189 utique
959 155 981 184 Α
997 153 1156 188 propensius
1174 155 1312 187 appetens.
1328 151 1356 179 Si
1374 156 1464 179 autent
1480 153 1543 187 quis
1560 151 1712 179 violentius
1728 152 1785 178 \"clit

152 206 214 241 quia
230 205 333 232 sciebat
351 203 555 231 cxcellcutioris
577 210 637 229 esse
657 207 778 234 naturm,
798 206 940 236 propterea

154 259 184 278 se
199 250 270 278 dixit
285 257 336 277 non
356 253 525 282 assumptum
544 255 604 275 esse
621 255 668 282 per
684 247 831 274 hominem.

153 307 195 334 Et:
222 306 386 341 sequentibus
412 305 472 332 libri
494 304 581 341 ipsius
606 302 730 341 inillmn
756 303 911 341 versiculum
929 311 938 329 :

191 351 201 368 ι
214 339 315 368 Notum
334 345 420 367 autem
441 340 512 366 vobis
533 340 614 374 facio.
639 340 746 373 fratres,
767 339 939 372 Evangelium

187 377 257 411 quod
276 376 417 411 prwdicavi
435 375 517 407 vobis,
532 375 657 411 quoniam
671 382 720 411 non
740 379 776 400 est
794 374 939 411 seetttttlnttt

188 408 343 439 hominem:
364 418 445 444 neque
464 408 542 436 enini
559 410 590 436 ab
616 409 720 435 [tantine
744 410 832 443 accepi
854 408 938 441 illud,

187 448 232 474 sed
252 455 296 481 per
312 446 494 472 reuelationem
509 445 572 472 Jesu
588 444 689 472 Cltristi
700 444 733 471 ’⁸.
747 453 756 470 ι

186 504 304 531 Advorte
330 509 395 537 ergo
422 501 487 537 quid
513 501 624 534 scribit,
654 501 717 535 quia
744 501 940 529 convenienter

151 551 213 584 quis
226 554 253 578 et
273 549 331 577 haec
345 548 494 583 adjungens
512 547 647 582 prioribus
663 547 813 581 intelligere
828 547 937 580 poterit,

150 601 177 624 et
196 597 340 623 ostendere
355 595 397 622 his
418 593 463 629 qui
490 598 590 628 negant
605 593 732 620 deitatem
747 591 809 620 Jesu
826 593 936 625 Christi.

149 642 197 669 sed
212 641 348 669 hominem
364 647 425 667 eum
440 638 526 666 solum
543 638 729 674 pronttntiant,
744 638 815 673 quod
829 645 882 665 non
896 643 938 665 est

149 688 242 718 homo,
255 686 301 713 sed
315 686 395 718 Deus,
413 684 459 712 Dei
473 683 554 711 Filius
567 683 644 711 Jesus
655 683 788 711 Christus.
807 683 852 711 Sic
865 685 937 711 enim

148 733 215 760 dicit
230 732 398 766 Apostolus:
422 730 492 763 Quia
520 728 692 765 Enangelinm
716 730 785 765 quod
807 730 938 765 evangeli-

148 779 206 807 zaoi
225 779 306 811 vobis,
329 786 381 805 non
395 781 435 804 est
449 777 591 804 secundum
613 777 754 810 hominem,
773 777 818 804 sed
837 784 936 804 secun-

149 826 211 852 dttm
225 823 317 852 Jesum
332 823 480 851 Christum.
495 822 642 849 Evidenter
656 830 721 857 ergo
739 822 857 850 ostendit
872 822 934 857 quia
951 826 972 853 Β

148 871 275 898 Christus
295 869 371 897 Jesus
396 876 448 896 non
475 872 516 896 est
539 867 642 896 homo:
662 869 683 896 si
706 873 796 895 autem
819 876 873 896 non
893 873 935 896 est

148 918 241 950 homo,
261 916 318 943 sine
334 915 415 943 dubio
430 915 501 943 Deus
517 920 576 948 est;
598 915 651 942 imo
665 922 717 942 non
731 914 802 942 aliud
817 915 870 942 erit
884 915 934 942 nisi

147 961 219 989 Deus
233 966 261 989 et
284 963 375 989 homo.
401 961 433 988 Et
454 961 551 988 iterum
575 961 597 987 si
617 968 712 987 verum
727 965 767 987 est
784 962 855 996 quod
870 961 935 988 dicit

148 1008 266 1041 Paulus.
292 1008 356 1043 quia
381 1016 432 1035 non
452 1007 485 1034 ab
505 1007 610 1034 nomine
626 1007 734 1041 accepit
748 1006 933 1041 Evangelium,

147 1055 192 1081 sed
213 1063 259 1089 per
280 1054 465 1082 reuelationem
477 1053 543 1080 .lcsu
559 1053 673 1086 Christi,
688 1058 792 1081 certum
816 1058 857 1081 est
871 1054 934 1088 quia

147 1100 226 1128 Jesus
241 1101 365 1129 Christus
379 1100 424 1135 qui
439 1099 570 1127 revelavit
581 1120 588 1132 ,
614 1100 675 1134 plus
689 1107 770 1134 quant
788 1100 869 1127 homo
882 1105 932 1128 est.

147 1146 272 1174 Alienum
289 1151 331 1174 est
353 1147 426 1174 enim
442 1146 477 1173 ab
497 1145 606 1173 homine
628 1145 748 1172 revelare
763 1152 823 1180 qua:
845 1146 870 1173 in
888 1153 934 1174 oc-

147 1192 221 1220 culto
231 1196 303 1225 sunt,
317 1197 342 1219 et
356 1192 443 1219 velata
459 1196 523 1219 sunt
538 1201 544 1219 :
563 1192 635 1226 quod
652 1191 733 1218 etiam
748 1192 770 1218 si
790 1192 934 1226 aliquando

147 1246 195 1272 per
208 1239 344 1266 hominem
361 1238 406 1265 [lat
417 1258 424 1271 ,
438 1245 491 1265 non
507 1241 595 1264 tamen
609 1237 642 1264 ab
657 1237 765 1266 homine
779 1238 825 1271 sit,
841 1239 887 1266 sed
900 1238 933 1266 ab

147 1291 179 1311 eo
194 1284 238 1319 qui
258 1283 284 1311 in
300 1283 408 1311 homine
425 1283 545 1318 loquitur
557 1282 692 1310 Christus.

424 1339 457 1367 Et
475 1341 502 1368 in
522 1341 574 1368 alio
588 1341 656 1369 loco.

180 1396 386 1431 Adjungendum
404 1400 446 1422 est
458 1395 539 1422 etiam
555 1394 620 1422 illud
636 1395 678 1422 his
691 1403 752 1430 quae
766 1403 847 1431 supra
863 1396 933 1423 dixi-

147 1450 222 1474 mus,
247 1443 375 1477 quoniam
399 1449 498 1476 corpus
511 1442 613 1469 Christi
631 1450 683 1470 non
705 1446 763 1469 erat
779 1442 895 1470 alienum
917 1450 931 1469 a

993 199 1128 226 atlirmare
1142 199 1203 226 ideo
1223 199 1280 225 haec
1293 199 1365 226 dicta
1379 206 1450 230 esse,
1466 199 1529 232 quia
1553 205 1603 232 per
1616 198 1785 232 phantasiam

993 244 1175 272 manducabat
1187 265 1194 277 ,
1220 248 1246 271 et
1264 244 1302 271 illi
1322 244 1456 278 quomodo
1472 244 1499 270 id
1521 244 1601 270 lleret
1616 243 1784 275 nesciebant,

992 289 1208 323 respondendum
1227 293 1268 317 est
1286 289 1319 316 ad
1335 297 1366 317 ea
1385 297 1418 317 ex
1437 290 1479 317 his
1500 298 1562 324 quin
1578 290 1638 324 ipse
1659 289 1785 316 Dominus

991 339 1057 366 dixit
1072 339 1094 355 "‘
1109 348 1114 366 :
1138 338 1214 365 Venit
1229 337 1346 366 Joannes
1364 339 1482 374 Baptista
1504 347 1587 373 neque
1607 338 1782 369 mandaram.

992 393 1072 420 neque
1089 386 1194 417 bibens,
1214 391 1238 413 et
1260 385 1352 411 dicunt
1372 393 1381 412 :
1405 385 1571 412 Dwmoninm
1595 384 1689 410 habet.
1713 383 1783 409 Venit

991 431 1078 458 Filius
1102 431 1218 458 hominis
1241 431 1404 458 manducans
1431 435 1455 457 et
1484 430 1592 462 bibens,
1619 434 1646 456 et
1674 430 1782 455 dicunt:

990 477 1058 504 Ecce
1077 477 1153 504 homo
1177 478 1316 504 devoratur
1339 483 1362 504 et
1387 477 1475 503 vinum
1501 476 1605 503 bibens.
1630 475 1694 510 Ipso
1716 475 1781 501 enim

991 523 1130 550 Salvatore
1149 523 1256 550 dicente
1272 523 1334 557 quia
1351 522 1417 549 venit
1434 521 1522 548 Filius
1536 522 1656 548 hominis
1673 521 1783 547 ηιηιξειεέ

989 577 1052 596 cans
1067 574 1090 596 et
1116 569 1224 600 bibens,
1247 567 1382 602 quomodo
1406 574 1487 594 ausus
1507 572 1551 593 est
1573 567 1679 601 aliquis
1698 567 1783 594 dicere

990 621 1076 648 neque
1091 613 1270 640 manducasse
1282 620 1354 644 eum,
1370 620 1457 646 neque
1472 612 1592 639 bibisse?
1610 613 1680 645 Qua:
1694 614 1783 647 utique

990 659 1133 687 manifesta
1153 659 1327 687 incredulitas
1348 663 1391 686 est
1411 658 1539 685 doctrinm
1556 659 1627 694 ejus.
1649 658 1679 685 Si
1695 663 1782 685 autem

989 704 1168 732 manducahat
1178 709 1206 731 et
1218 704 1336 736 bibebat,
1347 709 1374 730 et
1384 703 1534 731 substantia
1549 703 1606 730 vini
1619 709 1705 739 atque
1717 711 1783 731 esca:

989 752 1015 779 in
1024 759 1135 778 carnem
1144 751 1203 786 ejus
1213 750 1389 782 efﬁciebatur,
1400 751 1458 777 sine
1468 751 1549 777 dubio
1560 758 1611 784 per
1619 758 1719 777 omnes
1727 758 1782 778 cor-

987 798 1066 834 691
1083 797 1155 832 poris
1166 798 1222 832 eius
1234 804 1376 832 compages
1386 804 1417 824 ac
1428 797 1613 824 membrorum
1625 797 1782 831 perplexio-

987 851 1035 871 nes
1049 843 1262 870 diffundebatur.
1280 842 1438 877 Spiritalem
1453 843 1525 870 enim
1548 847 1678 870 naturam
1695 844 1781 878 (sicut

986 889 1095 924 quidam
1119 889 1153 916 de
1178 887 1237 922 ejus
1258 895 1372 923 cerpore
1397 888 1527 920 sentiunt,
1553 889 1628 923 quod
1657 889 1780 923 imperite

986 935 1053 963 satis
1068 940 1095 963 et
1110 935 1227 963 absurde
1240 935 1361 971 iaciunt)
1380 934 1549 969 impossibile
1568 939 1611 962 est
1629 935 1687 962 vini
1701 941 1779 969 atque

985 988 1055 1008 escae
1080 981 1202 1015 recipere
1222 980 1415 1008 substantiam.
1434 979 1464 1008 Si
1484 987 1549 1007 vero
1566 980 1630 1015 quis
1652 980 1780 1015 indignas

984 1027 1172 1062 obscenasque
1190 1027 1224 1054 ad
1244 1028 1303 1054 haec
1320 1026 1444 1061 proterat
1461 1026 1672 1060 inquisitiones,
1690 1027 1780 1060 requi-

985 1080 1048 1101 rens
1069 1073 1091 1100 si
1113 1072 1195 1100 etiam
1211 1072 1376 1107 digestiones
1394 1072 1420 1099 in
1435 1079 1550 1106 corpore
1566 1071 1690 1103 ﬁebant;
1716 1072 1779 1098 nihil

985 1119 1131 1146 absurdum
1149 1118 1258 1146 videtur
1276 1118 1357 1146 fateri
1381 1118 1529 1146 secundum
1547 1118 1779 1151 consequentiam

984 1170 1089 1192 naturae
1102 1171 1251 1200 corporeae.
1277 1164 1305 1192 Si
1330 1172 1395 1192 vero
1414 1164 1495 1191 etiam
1509 1163 1647 1196 exemplis
1666 1172 1681 1190 a
1700 1165 1781 1192 nobis

985 1211 1036 1239 hoc
1049 1212 1161 1246 exigant.
1175 1210 1316 1245 al‘lirmari,
1338 1210 1538 1238 ostendendum
1551 1215 1596 1238 est
1619 1210 1687 1237 illos
1711 1213 1780 1237 satis

985 1257 1042 1284 hate
1059 1257 1217 1292 insipienter
1242 1256 1393 1289 inquirere.
1424 1255 1475 1283 Ubi
1499 1255 1574 1283 enirn
1597 1255 1654 1282 ista
1683 1257 1727 1282 vel
1748 1256 1778 1282 de

985 1303 1123 1337 apostolis,
1143 1302 1185 1330 vel
1202 1302 1236 1330 dc
1264 1302 1370 1330 caeteris
1393 1302 1497 1330 sanctis
1518 1301 1592 1328 facta
1612 1309 1679 1329 esse
1708 1302 1778 1328 rete-

985 1355 1092 1389 runtur,
1121 1350 1163 1378 vel
1182 1351 1264 1378 etiam
1287 1351 1319 1378 de
1347 1351 1437 1385 impiis
1463 1355 1490 1377 et
1511 1350 1719 1384 peccatoribus.
1745 1356 1777 1376 ex

983 1397 1132 1425 abundanti
1150 1398 1183 1425 de
1197 1404 1228 1425 eo
1245 1398 1407 1432 requiritur.
1431 1396 1484 1424 Sed
1505 1401 1532 1424 et
1553 1395 1777 1423 circumcisionis

984 1445 1042 1480 ejus
1054 1444 1124 1471 ratio
1138 1443 1215 1471 nobis
1234 1444 1343 1478 quidem
1362 1451 1414 1470 non
1439 1441 1583 1478 generabit
1605 1441 1775 1476 angustiam,

146 1494 254 1516 terrena
280 1488 430 1515 substantia
453 1488 601 1514 scentulum
624 1488 675 1515 hoc
701 1488 773 1522 quod
797 1488 866 1515 [ilius
891 1493 966 1528 estC
984 1491 1136 1518 dicentibus
1161 1497 1222 1516 eum
1243 1493 1442 1524 consequenter
1468 1488 1586 1515 humano
1611 1495 1733 1522 corpore
1751 1491 1777 1514 et

145 1533 230 1561 David
242 1553 250 1564 ,
271 1537 297 1561 et
311 1533 381 1560 illius
397 1532 533 1560 Abraham
547 1553 555 1565 ,
578 1533 648 1560 sicut
662 1533 757 1560 scribit
771 1533 910 1561 Matllueus
923 1543 930 1562 :

143 1578 223 1606 Liber
237 1577 413 1614 generationis
424 1577 488 1604 Iesu
500 1577 599 1605 Citriin
612 1578 663 1612 ﬁlii
676 1577 771 1612 Dat-id,
783 1579 834 1613 ﬁlii
846 1579 932 1606 Abra-

143 1625 204 1651 Izant
216 1625 237 1640 ¹⁹
256 1633 263 1651 :
280 1629 307 1651 et
323 1624 393 1651 sicut
408 1623 506 1652 l’aulus
519 1624 596 1656 dicit,
611 1624 747 1651 Christum
763 1632 823 1653 esse
841 1632 874 1652 ex
888 1633 932 1654 se-

143 1670 217 1698 mine
232 1671 369 1697 Abraham
392 1675 419 1697 et
436 1678 468 1697 cx
483 1670 586 1698 semine
603 1669 686 1697 David
704 1671 852 1698 secundant
871 1679 930 1698 car-

143 1724 204 1743 nem
216 1716 249 1743 '°.
265 1715 341 1749 Quod
361 1723 426 1751 ergo
449 1716 550 1743 dictum
573 1721 632 1749 est,
657 1716 721 1750 quia
742 1717 929 1744 consummatis

143 1762 319 1798 quadraginta
337 1762 428 1789 diebus
439 1762 549 1796 jejunii,
567 1767 590 1789 et
606 1763 781 1797 quadraginta
799 1764 928 1797 noctibus,

142 1816 232 1846 postea
246 1811 339 1838 esuriit
352 1810 385 1844 ",
407 1810 467 1838 sine
483 1810 564 1838 dubio
579 1811 629 1838 ltoc
646 1811 765 1844 indicat,
781 1813 851 1846 quod
867 1819 929 1839 eva-

142 1857 217 1884 cuari
232 1861 257 1884 et
282 1856 378 1892 repleri
396 1857 521 1884 similiter
536 1861 565 1884 ut
585 1864 700 1892 corpora
718 1862 810 1884 nostra
830 1857 927 1890 solent,

141 1903 224 1930 etiam
249 1902 321 1930 illius
341 1897 444 1938 poterat
463 1910 572 1937 corptts.
600 1902 628 1929 Si
650 1910 713 1929 vero
737 1903 797 1936 quis
819 1903 928 1936 objiciat

142 1949 220 1976 nobis
241 1948 321 1983 hujus
337 1948 459 1976 miraculi
476 1950 607 1976 rationem
623 1948 656 1975 de
676 1949 856 1984 quadraginta
871 1950 929 1977 dic-

144 2004 202 2022 rum
213 1995 327 2030 jejunio,
342 1995 421 2022 facile
433 1995 500 2022 solvi
516 2000 598 2030 potest
614 2003 674 2022 cum
689 1996 835 2023 adhibetur
845 1997 927 2024 etiam

141 2041 205 2069 illud
228 2041 380 2076 exemplum
400 2041 433 2068 de
452 2041 542 2076 llloyse
563 2047 590 2069 et
610 2041 668 2069 Elia
681 2042 715 2074 “,
737 2043 781 2077 qui
802 2043 928 2071 similiter

140 2088 283 2123 pertulisse
303 2087 434 2121 jejunium
456 2087 619 2114 referuntur.
641 2087 694 2115 Sed
710 2094 737 2115 et
754 2087 837 2120 illud.
856 2091 927 2124 quod

140 2134 246 2162 itineris
271 2137 298 2160 et
319 2138 400 2160 aistus
416 2133 507 2160 labore
521 2132 650 2168 fatigatus
667 2134 764 2162 sedens
779 2142 860 2170 super
876 2143 926 2170 pu-

140 2183 212 2206 teum
237 2178 384 2213 requiescit
399 2182 426 2205 et
449 2177 551 2211 sitit“,
572 2179 636 2213 quid
657 2179 730 2206 aliud
754 2180 856 2208 indicat
874 2182 925 2209 nisi

140 2232 284 2252 nervorum
310 2223 483 2258 fatigatione,
509 2227 536 2250 et
553 2224 619 2251 solis
641 2224 739 2252 ardore
762 2225 848 2253 nimio
868 2227 925 2254 ele-

137 2275 260 2297 mentum
277 2270 401 2305 corporci
417 2270 539 2298 humoris
561 2269 731 2305 absumptum
744 2272 756 2299 ?
769 2272 844 2305 Quod
858 2281 923 2300 vero

139 2316 166 2343 in
183 2316 341 2344 melioribus
355 2321 504 2351 occupatus
521 2317 572 2344 hoc
593 2317 665 2352 quod
685 2317 779 2345 bibere
800 2318 923 2346 voluerat

139 2362 242 2389 distulit
260 2369 310 2389 nec
323 2362 403 2394 bibit,
419 2369 470 2388 non
486 2368 630 2397 propterea
644 2363 785 2391 dicendum
803 2369 844 2392 est
861 2365 924 2399 quia

138 2415 227 2444 neque
243 2416 338 2443 passus
353 2413 395 2436 est
411 2409 494 2438 sitim.
510 2409 563 2437 Sed
578 2414 604 2437 et
623 2409 686 2437 illud
702 2411 773 2446 quod
794 2411 922 2446 frequen-

139 2459 180 2481 ter
202 2461 250 2489 per
265 2461 357 2482 coenas
377 2460 508 2488 vocatur,
533 2460 562 2483 et
586 2456 612 2483 in
633 2462 781 2491 conspectu
801 2459 920 2486 omnium

137 2498 285 2527 manducat
301 2503 329 2526 et
345 2499 426 2533 bibit,
442 2508 494 2528 non
509 2500 645 2536 decipiens
661 2501 702 2529 vel
717 2501 813 2531 fallens
828 2503 921 2532 oculos

136 2544 288 2573 videntium
304 2544 387 2577 facit,
410 2553 499 2581 neque
519 2548 656 2581 putative.
673 2553 702 2575 ut
723 2549 832 2583 quidam
847 2550 922 2578 arbi-

137 2596 255 2624 trantur,
269 2591 327 2618 hzec
342 2591 420 2626 gerit,
436 2593 554 2620 maxime
574 2601 634 2621 cum
650 2594 687 2621 ita
700 2600 818 2622 sumeret
832 2596 921 2624 cibum

136 2646 169 2665 ac
187 2642 298 2673 potum,
315 2641 344 2664 ιιι
364 2645 378 2664 a
398 2638 556 2672 quibusdam
576 2640 658 2667 etiam
678 2641 757 2676 quasi
781 2649 830 2676 pro
852 2650 922 2676 prte-

136 2683 291 2718 snmptione
304 2684 387 2711 nimia
403 2683 574 2718 culparetur,
587 2685 661 2713 velut
676 2687 764 2714 cibum
780 2695 812 2714 ac
827 2692 921 2717 uotum

982 1537 1170 1564 circumcisum
1180 1542 1251 1568 esse,
1267 1539 1294 1562 et
1308 1534 1471 1569 przeputium
1485 1533 1543 1567 ejus
1558 1538 1642 1560 terra:
1662 1532 1775 1559 manda-

983 1587 1038 1609 tutn
1058 1581 1181 1609 fortassis
1201 1588 1288 1613 usque
1309 1580 1342 1608 ad
1359 1585 1481 1615 tempus;
1506 1583 1552 1606 aut
1573 1579 1596 1606 si
1622 1578 1708 1606 aliter
1722 1583 1775 1610 εει,

984 1628 1010 1656 in
1037 1628 1088 1654 alia
1118 1627 1303 1663 disputatione
1326 1627 1493 1661 requirctur.
1521 1625 1584 1652 Ηωο
1598 1629 1693 1652 tamen
1717 1626 1775 1660 ejus

982 1673 1152 1699 circumcisio
1170 1673 1236 1699 satis
1260 1671 1452 1706 coangustabit
1477 1678 1526 1698 eos
1541 1670 1587 1705 qui
1611 1678 1646 1698 ex
1665 1671 1776 1698 diverso

980 1724 1053 1746 sunt.
1073 1718 1202 1753 Spiritale
1224 1719 1296 1745 cnim
1312 1725 1412 1753 corpus
1429 1717 1568 1752 quomodo
1583 1722 1697 1750 poterat
1723 1717 1777 1743 cir-

980 1765 1099 1792 cumcidi
1112 1765 1184 1792 ferro
1205 1764 1332 1792 terreno?
1354 1763 1470 1798 Propter
1490 1763 1633 1798 quodnon
1652 1763 1775 1790 erubue-

980 1816 1043 1839 runt
1067 1811 1177 1844 quidam
1199 1817 1231 1836 ex
1255 1809 1321 1844 ipsis
1342 1810 1375 1837 de
1391 1808 1526 1843 praeputio
1550 1808 1775 1835 circumcisionis

978 1857 1035 1891 ejus
1049 1857 1130 1884 etiam
1145 1857 1229 1884 libros
1246 1856 1337 1889 elere,
1352 1856 1453 1891 quibus
1468 1856 1612 1883 ostendere
1637 1862 1775 1882 conaren-

980 1909 1024 1932 tur
1045 1903 1116 1938 quod
1142 1903 1168 1931 in
1191 1901 1373 1929 substantiam
1392 1902 1505 1929 cesserit
1523 1901 1691 1935 spiritalem.
1714 1899 1773 1927 Non

979 1950 1069 1978 minus
1081 1953 1172 1976 autem
1184 1948 1401 1983 angustabuutur
1419 1947 1503 1974 etiam
1518 1947 1559 1974 illi
1577 1947 1625 1981 qui
1650 1946 1774 1973 animaie

979 2003 1078 2032 corpus
1093 1996 1186 2024 dicunt
1198 2003 1259 2023 esse
1273 2001 1373 2029 corpus
1388 1993 1503 2022 Christi.
1528 1993 1582 2020 Sed
1604 1997 1633 2020 et
1651 1993 1687 2020 de
1711 2000 1775 2020 san-

978 2044 1058 2079 guine
1085 2043 1144 2077 ejus
1172 2047 1199 2069 et
1223 2048 1293 2077 aqua
1321 2048 1382 2075 quae
1399 2040 1532 2075 processit
1551 2039 1585 2066 de
1609 2039 1700 2066 latere
1713 2038 1772 2072 ejus

979 2090 1056 2117 hasta
1072 2093 1234 2124 compuncto
1250 2096 1264 2115 a
1281 2087 1366 2114 milite
1380 2085 1415 2119 ",
1431 2086 1525 2114 eadem
1538 2085 1683 2112 sentienda
1698 2087 1775 2111 sunt.

979 2135 1032 2163 Sed
1059 2135 1104 2162 his
1127 2136 1173 2169 qui
1195 2134 1286 2161 sciunt.
1313 2133 1377 2167 quid
1400 2132 1528 2159 audiatur
1546 2138 1594 2167 per
1616 2131 1669 2158 hoc
1699 2132 1773 2166 quod

941 2169 1087 2213 Ddicitur,
1105 2181 1168 2215 quia
1190 2180 1283 2206 ﬁxura:
1313 2178 1451 2205 clavorum
1473 2182 1552 2205 erant
1573 2178 1600 2204 in
1625 2177 1687 2212 ejus
1711 2185 1773 2204 cor-

975 2234 1041 2262 pore
1055 2226 1088 2258 “,
1113 2225 1257 2253 manifeste
1279 2225 1435 2252 declaratur
1455 2224 1518 2258 quia
1541 2231 1608 2251 caro
1630 2229 1694 2250 erat
1714 2230 1771 2250 ter-

975 2280 1050 2304 rena,
1063 2272 1141 2299 idest
1157 2272 1282 2299 humana:
1299 2274 1405 2297 uatum
1421 2278 1428 2296 ε
1443 2276 1504 2303 qua:
1518 2269 1613 2304 utique
1633 2276 1689 2296 non
1711 2274 1772 2297 erat

979 2318 1050 2352 talis,
1079 2323 1108 2345 ut
1134 2317 1352 2353 recipiendorum
1384 2314 1528 2342 vulnerum
1564 2315 1773 2350 subterfugeret

977 2365 1148 2399 qualitatem.
1160 2364 1240 2397 Quid,
1254 2364 1276 2391 si
1290 2371 1343 2390 non
1357 2362 1438 2390 etiam
1449 2360 1530 2389 multa
1546 2361 1675 2388 humana:
1693 2361 1772 2387 inﬁr-

977 2410 1115 2437 tuitatisin
1134 2411 1192 2445 ipsa
1210 2415 1297 2437 morte
1309 2409 1451 2440 sensisset,
1467 2407 1559 2434 anima
1577 2405 1770 2441 perturbatur.

972 2462 1001 2484 et
1020 2456 1105 2485 tristis
1122 2460 1166 2484 est
1190 2463 1240 2490 pro
1258 2463 1290 2483 ea
1317 2462 1404 2490 usque
1425 2454 1459 2481 ad
1489 2458 1608 2480 mortem
1628 2453 1674 2479 "‘2
1703 2452 1770 2485 Quae

973 2503 1064 2531 omnia
1080 2502 1222 2530 evidenter
1233 2499 1458 2535 ostenduntquod
1472 2507 1525 2526 non
1536 2498 1616 2531 falso.
1631 2499 1679 2526 sed
1690 2499 1771 2534 quasi

975 2549 1056 2577 homo
1070 2548 1170 2576 dixerit
1185 2553 1193 2573 :
1209 2546 1326 2581 Spiritus
1347 2545 1453 2581 quidem
1479 2549 1620 2579 promptus
1640 2549 1692 2574 cat,
1708 2551 1772 2569 ται-ν

975 2600 1062 2622 autent
1074 2593 1225 2629 inﬁrma".
1239 2593 1340 2620 Eadem
1356 2590 1534 2618 nihilominus
1550 2589 1675 2617 ostendit
1688 2590 1771 2616 etiam

976 2642 1063 2668 somni
1079 2641 1158 2672 ratio,
1177 2646 1239 2666 cum
1257 2637 1370 2670 dicitur,
1384 2636 1447 2672 quia
1469 2641 1526 2663 erat
1546 2635 1576 2662 in
1591 2635 1674 2670 puppi
1693 2643 1773 2668 super

976 2687 1086 2714 ceruical
1104 2686 1237 2713 dormiens
1264 2685 1298 2716 ",
1324 2683 1393 2711 sicut
1417 2681 1524 2709 Marcus
1551 2680 1650 2714 refert,
1684 2686 1712 2708 et
1737 2682 1772 2706 ab

179 2764 202 2780 η
215 2745 303 2791 Galat.
321 2774 338 2796 ι,
357 2766 456 2797 “.12.
490 2768 513 2783 ιο
528 2767 622 2795 Matth.
639 2777 659 2798 ι,
676 2769 701 2795 l.
740 2768 762 2784 ³ο
776 2767 864 2796 Galat.
880 2776 910 2795 ιιι

1039 2769 1135 2795 lom.t.
1161 2767 1187 2794 3.
1227 2766 1247 2782 "
1279 2765 1373 2792 Matth.
1399 2772 1436 2795 tv.
1457 2764 1485 2792 2.
1525 2764 1549 2780 ³⁸
1568 2764 1658 2792 Exod.
1675 2772 1770 2793 xum

135 2799 189 2834 728V;
210 2799 241 2825 lll
258 2800 325 2834 Reg.
337 2808 393 2830 xtx,
408 2801 434 2827 8.
474 2801 496 2817 ³³
511 2802 588 2828 Juan.
604 2810 641 2834 tv,
658 2803 684 2831 6.
698 2803 724 2829 7.

138 2833 158 2848 ³⁷
172 2833 250 2860 Joan.
262 2842 309 2868 xu,
320 2834 365 2867 ‘27;
379 2835 473 2862 Matth.
491 2844 565 2869 xxvi,
580 2833 639 2863 58.7
663 2837 684 2853 ³⁵
701 2838 785 2865 Marc.
801 2845 852 2872 xiv,
870 2839 914 2866 58.

763 2804 784 2819 ³³
801 2803 897 2830 Matth.
914 2811 951 2834 xl,
967 2803 1009 2831 l8.
1028 2802 1070 2829 l9.

955 2838 976 2854 ”
992 2838 1074 2864 Marc.
1090 2845 1128 2870 tv,
1149 2837 1193 2864 58.

1128 2802 1150 2817 ³⁵
1167 2801 1245 2828 Joan.
1263 2809 1320 2833 χιχ,
1335 2801 1379 2827 54.
1419 2799 1441 2815 ³⁸
1465 2799 1549 2827 Joan.
1578 2808 1629 2832 xx,
1655 2801 1692 2827 2.3
1712 2808 1768 2835 seq.
