1852 3053
68 168 82 196 1
87 167 136 195 3")7

524 164 558 192 IN
575 163 770 192 EPISTULA)!
789 164 799 192 Ι
818 165 864 193 AD
879 165 1240 195 TilESSALONlCENSES.

1622 168 1694 196 £298

65 224 178 253 homine
189 224 336 252 suscitatur
347 231 361 250 a
375 229 481 251 somno.
498 223 560 251 Haec
570 224 642 252 enim
656 224 719 251 licet
734 224 852 252 habeant
866 227 889 257 Α
904 230 994 254 tamen
1019 231 1122 254 certum
1145 230 1188 254 est
1211 225 1292 254 etiam
1315 230 1379 253 tunc
1403 230 1478 262 gesta
1493 232 1553 253 esse
1567 233 1627 261 qua:
1644 234 1693 262 per

59 271 213 305 spiritalem
228 269 404 302 intellectum,
420 275 508 297 tamen
527 274 654 297 manente
669 270 746 304 prius
761 270 852 298 histo-

63 318 111 344 riae
127 317 252 349 veritate,
268 316 351 343 etiam
368 316 498 350 spiritalis
508 316 679 351 recipiendus
688 321 731 344 est
744 324 851 344 sensus.

64 365 139 391 Licet
153 363 225 390 enim
241 371 329 391 eccos
345 371 454 399 semper
478 367 556 391 curet
575 364 722 392 secundum
742 365 854 399 spirita-

54 410 116 436 ‘lcm
133 409 353 444 intelligentiam,
375 417 436 437 cum
452 409 605 444 ignorantia
620 414 770 438 excaecatas
791 410 853 437 illu-

64 456 151 482 minat
169 459 293 488 mentes;
313 460 402 482 tamen
426 460 453 482 et
469 455 651 490 corporaliter
665 460 729 483 tunc
750 463 853 484 cmcum

63 502 183 528 sanavit.
205 501 236 528 Et
259 506 380 529 mortuos
406 508 515 536 semper
529 500 659 534 suscitat;
683 500 745 528 fecit
765 505 854 528 tamen

63 553 91 574 et
107 553 171 575 tunc
184 547 370 582 hujuscemodi
383 547 531 580 mirabilia,
545 547 617 575 sicut
630 547 712 574 tiliam
724 548 855 582 principis

64 595 223 629 Synagogaa,
247 599 275 622 et
301 594 387 622 lilium
412 594 500 621 vidum
517 613 525 627 ,
557 598 583 622 et
610 593 741 622 Lazarum
765 594 854 623 susriv

64 642 146 668 larido
161 641 194 667 ⁸ο.
214 641 245 667 Ει
258 641 381 675 quamvis
396 647 505 675 semper
516 648 578 668 cum
593 641 730 668 excitatur
743 648 757 667 a
772 640 855 668 disci-

62 686 135 718 pulis
151 691 307 721 compescat
323 686 453 714 Ecclesiae
477 687 610 719 turbines,
633 686 676 714 vel
708 686 852 722 procellas,

901 271 1043 299 historiam
1061 271 1226 299 referuntur.
1256 270 1304 299 Sic
1321 278 1387 307 ergo
1410 278 1506 299 sanum
1526 275 1568 298 est
1583 277 1695 300 sensum

902 318 1051 353 Scriptura:
1068 319 1198 354 recipere,
1226 326 1276 347 nec
1300 323 1409 354 oportet
1437 317 1571 346 inclinare
1599 325 1692 346 aurem

902 366 945 393 bis
960 366 1006 401 qui
1024 366 1117 393 dicunt
1134 373 1181 401 per
1201 365 1323 399 Mariam,
1347 370 1375 392 et
1392 372 1445 392 non
1471 372 1504 392 ex
1533 363 1618 392 Maria
1631 371 1692 390 eum

903 415 1015 444 natum;
1043 411 1114 445 quod
1135 411 1281 446 Apostolus
1309 410 1456 446 prtesciens
1482 410 1519 437 ita
1543 409 1691 444 praedixit:

906 454 971 483 Cum
996 461 1084 483 autent
1101 458 1167 484 venit
1187 456 1323 491 plenitudo
1348 460 1506 491 temporum,
1533 455 1601 482 misit
1624 454 1694 482 Deus

909 500 1009 528 Filium
1032 510 1109 529 suum
1128 501 1227 535 factum
1248 509 1280 529 ex
1296 501 1414 535 muliere,
1439 501 1540 536 factum
1556 501 1604 528 sub
1623 500 1690 536 lege,

907 553 935 575 ut
955 556 999 575 eos
1022 548 1127 583 quisub
1143 547 1198 583 lege
1219 552 1296 575 erant
1316 549 1456 576 redimeret
1480 547 1514 575 “.
1532 547 1614 575 Vides
1631 547 1693 582 quia

907 600 961 620 non
977 593 1056 626 dixit,
1083 592 1182 621 factum
1207 600 1256 628 per
1277 593 1430 626 mulierem,
1460 593 1517 628 sed,
1536 594 1637 628 factum
1659 600 1691 620 ex

906 639 1023 666 muliere.

266 824 322 854 EX
341 823 462 854 LIBRO
478 823 628 855 TERTIO
644 823 834 854 ORIGENIS
852 823 890 853 IN
903 822 1136 854 EPISTOLAM
1150 821 1406 853 ADEPHESIOS
1420 821 1492 862 (S8).

63 907 89 935 lu
106 907 189 936 illud:
208 906 261 941 Qui
275 913 383 934 uxorem
394 914 470 934 suam
490 905 588 942 diligit,
605 906 721 942 “ipsum
733 904 925 942 diligit:_Nento
936 906 1005 942 enim
1017 913 1218 942 unquqnuuam
1236 912 1342 934 carnem
1351 904 1418 937 odit,
1433 903 1479 932 sed
1489 904 1573 933 nutrit
1585 910 1609 932 et
1626 904 1694 939 [oret

615 939 684 976 eant,
696 941 762 968 sicut
779 939 801 968 ἐι
811 939 931 968 Christus
941 939 1086 968 Ertlesiam
1098 939 1130 966 δ’.

97 1100 227 1127 Dicamus
242 1099 315 1134 quod
329 1098 403 1126 illam
418 1105 529 1127 carnem
547 1106 608 1134 quae
622 1099 712 1127 visura
729 1099 764 1127 sit
777 1099 857 1127 Salu-
874 1104 894 1131 Β
909 1101 1094 1137 corruptivum
1107 1101 1159 1128 hoc
1176 1100 1271 1128 induat
1286 1099 1516 1134 incorruptionem
1536 1099 1570 1133 “,
1591 1104 1618 1127 et
1639 1099 1696 1127 ala-

62 1153 124 1174 tare
144 1146 203 1178 Dei,
222 1146 313 1173 anima
328 1145 422 1181 diligat
441 1150 468 1172 et
494 1146 606 1178 nutriat,
632 1150 660 1174 et
687 1146 777 1175 foveat
793 1153 852 1173 eam

61 1192 216 1227 disciplinis
229 1191 367 1223 erudiens,
388 1197 416 1218 et
432 1191 536 1219 ccelesti
559 1191 688 1226 saginans
710 1199 800 1226 pane,
826 1196 854 1219 et

61 1238 166 1266 Christi
184 1237 316 1272 sanguine
330 1237 456 1272 irrigans,
470 1241 498 1264 ut
513 1237 615 1264 refecta
627 1242 654 1264 et
667 1237 751 1264 nitida
768 1238 854 1272 possit

62 1285 149 1311 libero
162 1291 242 1310 cursu
260 1283 346 1310 virum
368 1283 456 1318 sequi,
471 1288 500 1311 et
522 1283 596 1311 nullo
613 1283 763 1312 debilitatis
786 1292 854 1319 pon-

62 1330 129 1356 dere
144 1329 317 1364 przegravari.
344 1328 460 1356 Pulchre
484 1330 566 1357 etiam
593 1329 620 1356 in
646 1329 852 1357 similitudinem

61 1374 165 1401 (ibriin
179 1374 324 1401 nutrientis
337 1379 362 1401 et
384 1373 502 1402 faventis
518 1373 683 1407 Ecclesiam,
695 1379 723 1402 et
738 1374 853 1402 dicentis

61 1421 93 1446 ad
105 1419 261 1447 Jerusalem
283 1429 290 1448 :
307 1421 415 1454 Quoties
427 1420 499 1448 uolui
513 1429 673 1456 congregare
691 1421 760 1455 ﬁlios
774 1427 831 1448 tuos
844 1441 852 1454 ,

64 1470 89 1491 ut
112 1465 213 1499 gallina
230 1470 370 1500 congregat
387 1466 473 1500 pullos
493 1474 554 1494 suos
576 1467 623 1494 sub
644 1466 702 1494 alus
726 1475 789 1493 suas
802 1487 809 1498 ,
828 1472 852 1494 et

63 1511 174 1538 noluisti
189 1510 231 1538 ⁸³2
249 1512 345 1539 anima:
360 1519 467 1548 quoque
485 1512 578 1540 fovent
602 1519 716 1547 Corpora
736 1520 803 1546 sua,
827 1517 856 1540 ut

908 1153 967 1173 rum
984 1147 1093 1174 levitate
1110 1153 1281 1180 suspensum,
1298 1145 1324 1173 in
1337 1152 1428 1172 aerem
1443 1144 1551 1172 facilius
1569 1143 1694 1172 subleve-

908 1197 964 1220 tur.
991 1192 1144 1220 Foveamns
1167 1192 1249 1226 igitur
1274 1196 1302 1220 et
1322 1191 1373 1218 viri
1397 1197 1496 1218 uxores
1523 1195 1640 1223 nostras,
1668 1195 1695 1217 ct

908 1237 1006 1264 anima:
1024 1242 1124 1264 nostra:
1140 1244 1265 1271 corpora,
1293 1241 1322 1263 ut
1347 1241 1376 1263 ct
1398 1243 1497 1263 uxores
1515 1236 1540 1262 in
1556 1235 1628 1263 viros
1641 1256 1648 1268 ,
1667 1240 1696 1263 ct

907 1291 1023 1318 corpora
1049 1283 1212 1319 redigantur
1233 1283 1261 1310 in
1283 1283 1400 1315 animas,
1420 1286 1446 1310 et
1471 1289 1641 1316 nequaquam
1660 1281 1696 1309 sit

907 1335 1021 1356 sexuum
1038 1329 1092 1356 ulla
1106 1328 1254 1356 diversitas
1269 1336 1276 1354 :
1291 1328 1338 1355 sed
1353 1327 1490 1362 quomodo
1503 1327 1573 1361 apud
1585 1326 1696 1361 angelos

906 1382 960 1402 non
979 1379 1020 1402 est
1035 1375 1076 1402 vir
1093 1379 1121 1402 et
1139 1374 1248 1407 mulier,
1262 1373 1300 1401 ita
1318 1378 1345 1401 et
1361 1380 1421 1406 nos,
1435 1373 1480 1408 qui
1495 1372 1598 1400 similes
1610 1380 1696 1407 ange-

906 1421 939 1449 lis
954 1421 1038 1448 iuturi
1054 1428 1148 1448 sumus
1160 1420 1196 1453 ‘5,
1213 1419 1269 1454 jam
1287 1427 1359 1447 nunc
1371 1419 1536 1453 incipiamus
1548 1425 1610 1446 esse
1623 1417 1694 1453 quod

908 1468 985 1495 nobis
997 1468 1024 1495 in
1039 1467 1197 1496 cmlestibus
1212 1466 1406 1502 repromiSSum
1421 1471 1473 1494 est.

211 1659 268 1689 EX
284 1658 404 1689 LIBRO
423 1657 573 1689 TERTIO
588 1641 781 1690 ORIGENDS
797 1659 838 1690 ΙΝ
855 1659 1085 1692 EPISTOLAM
1101 1661 1156 1692 AD
1176 1660 1452 1692 COLOSSENSES
1470 1662 1544 1702 (89).

96 1809 180 1845 692
208 1808 273 1835 Data
295 1812 336 1836 est
359 1813 449 1837 autem
466 1809 510 1837 lex
526 1809 610 1845 Moysi
632 1817 680 1844 per
694 1811 804 1845 angelos
826 1810 851 1838 in
867 1817 888 1845 c
906 1811 1045 1846 Christus,
1073 1813 1120 1841 sed
1151 1818 1216 1841 ante
1242 1814 1314 1842 hunc
1342 1814 1514 1842 manifestum
1549 1815 1576 1842 in
1613 1823 1695 1845 carne

63 1864 144 1883 manu
156 1860 183 1882 ct
196 1855 296 1883 virtute
310 1855 469 1884 mediatoris
481 1856 582 1884 Christi
596 1855 630 1889 “,
642 1857 687 1891 qui
702 1864 762 1884 cum
778 1862 851 1885 esset

62 1901 88 1928 in
102 1901 235 1937 principio
258 1902 376 1929 Verbum
401 1902 469 1935 Dei,
490 1907 518 1930 et
535 1903 605 1938 apud
624 1902 708 1930 Dcutn
724 1908 805 1936 esset,
824 1909 852 1932 et

62 1946 134 1974 Deus
150 1951 222 1974 esset
239 1947 356 1974 Verbum
371 1947 405 1981 ⁵⁷,
421 1947 494 1975 Patri
513 1948 540 1975 in
562 1948 689 1976 omnibus
709 1948 849 1976 ministra-

62 1994 110 2021 vit.
139 1993 238 2020 Omnia
259 1994 330 2021 enim
348 2002 395 2028 per
423 1995 508 2029 ipsum
535 1993 606 2028 facta
623 1998 683 2021 sunt
699 1994 731 2026 ⁸⁸,
760 1994 785 2021 id
812 1999 854 2022 est

63 2048 114 2067 non
129 2040 216 2068 solum
230 2045 373 2073 creatnrm,
394 2041 442 2067 sed
460 2045 488 2067 et
504 2040 547 2067 lex
561 2060 568 2073 ,
590 2044 617 2067 et
643 2040 799 2075 prophetae;
825 2045 852 2067 et

61 2086 119 2120 ipse
132 2089 176 2114 est
187 2087 316 2112 mediamr
333 2085 379 2113 Dei
399 2090 423 2113 et
437 2087 572 2113 [taurinum
587 2086 621 2113 ".
641 2086 717 2119 Quod
733 2085 851 2114 Verbum

62 2131 87 2158 in
106 2132 161 2159 line
182 2132 291 2166 quidem
314 2131 476 2159 smculorum
500 2132 580 2160 homo
603 2131 691 2160 factus
708 2137 751 2160 est
770 2131 850 2160 Jesns

905 1858 1050 1886 adventum
1081 1859 1218 1887 mediator
1243 1859 1353 1894 quidem
1379 1865 1440 1888 erat
1461 1861 1622 1895 hominum,
1646 1862 1695 1889 sed

906 1903 1023 1931 nondum
1038 1908 1095 1932 erat
1114 1905 1207 1932 homo.
1233 1904 1300 1932 Erat
1325 1910 1415 1933 tamen
1434 1911 1461 1933 et
1483 1911 1546 1934 tunc
1564 1907 1696 1935 mediator

907 1949 952 1977 Dei
967 1955 994 1977 et
1008 1950 1244 1985 hominum;unde
1257 1956 1285 1980 et
1297 1952 1360 1980 data
1375 1952 1419 1980 lex
1433 1960 1482 1988 per
1495 1953 1622 1988 angelos,
1638 1955 1697 1982 sine

908 1997 994 2032 ipsius
1010 1997 1168 2026 .‘llediatoris
1184 1999 1312 2027 manibus
1337 2000 1400 2027 data
1425 2007 1486 2028 esse
1516 2008 1569 2028 non
1585 2001 1694 2036 dicitur,

905 2048 934 2070 ut
951 2048 1023 2070 esset
1035 2043 1077 2070 les:
1086 2049 1188 2077 sancta,
1200 2049 1224 2072 et
1239 2046 1393 2072 mandatum
1402 2051 1534 2078 sanciunt,
1546 2051 1571 2073 et
1579 2046 1696 2080 justum,

904 2092 928 2114 et
955 2088 1051 2114 bonum
1079 2087 1123 2121 '°;
1158 2093 1185 2116 et
1209 2091 1300 2118 omnia
1327 2090 1384 2118 bace
1411 2091 1651 2119 sanctiﬁcarentur
1679 2099 1696 2119 ι

904 2132 1022 2161 Christo.

70 2208 1675 2223 *Ἦ

61 2281 113 2314 lix
129 2280 249 2313 LlBitO
266 2280 416 2311 TERTIO
432 2280 621 2312 ORlGENlS
634 2286 792 2312 eznrnml

962 2283 966 2312 Ι
983 2283 1210 2315 EPISTOLAM
1223 2285 1277 2315 AD
1294 2285 1693 2320 THESSALONICENSES

752 2334 907 2365 PRIMAM
924 2335 1015 2376 (δι’).

499 2408 538 2437 De
547 2417 577 2437 eo
591 2409 661 2444 quod
674 2418 683 2436 ι
696 2417 785 2436 omnes
794 2409 899 2444 quidem
912 2418 963 2437 non
975 2411 1133 2438 dormiamus
1143 2413 1179 2444 ιι,
1188 2421 1196 2437 ι
1211 2416 1265 2440 etc.

850 2496 886 2504 -η

94 2569 166 2602 Quid
180 2573 222 2596 est
241 2575 306 2604 ergo
322 2569 393 2604 quod
414 2569 537 2597 scribttnt
559 2569 850 2599 Tltcssaloniccnsibus
868 2577 889 2604 ι)
906 2571 962 2599 Nos
976 2574 1021 2608 qui
1032 2573 1152 2605 vivimus,
1174 2573 1218 2608 qui
1233 2574 1332 2600 residui
1347 2582 1450 2607 sumus,
1467 2576 1494 2602 in
1507 2576 1620 2604 aduentu
1638 2577 1692 2605 Do-

102 2616 187 2643 τοι·ὺο
203 2615 249 2643 Dei
266 2615 377 2649 l’aulus,
394 2620 422 2643 et
440 2615 584 2651 Sylvanus,
610 2622 638 2644 ct
663 2617 824 2645 Timotheus
838 2627 845 2645 :

902 2619 968 2646 mini
984 2627 1036 2646 non
1053 2620 1240 2653 prwueuiemus
1264 2627 1306 2647 eos
1329 2621 1374 2656 qui
1398 2621 1618 2649 dormierunt"?
1643 2624 1692 2656 Qui

93 2686 199 2724 “line.
218 2695 276 2724 vni,
296 2688 347 2724 5.5;
363 2686 440 2714 Joan.
455 2696 501 2724 )tI,
521 2688 567 2724 ιῌ.
603 2688 625 2704 ⁵⁸
643 2688 732 2716 (ἶιιιιιι.
754 2697 791 2722 ιν,
818 2698 824 2711 2

957 2690 1024 2717 )llCS.
1037 2699 1064 2722 v,
1084 2691 1130 2723 9.8,
1150 2690 1196 2718 9.9.
1235 2691 1257 2707 λδ
1273 2690 1368 2718 illattb.
1389 2699 1468 2723 xxttl,
1481 2691 1525 2718 37.
1563 2691 1586 2707 “
1606 2691 1688 2719 lCnr.

59 2730 101 2760 x_v,
116 2722 168 2760 εδδ.
206 2723 228 2738 ⁸⁵
250 2723 432 2760 blaltlr._xxtt,
453 2723 662 2760 50:7'tlarc.xn.
678 2724 728 2757 ’25;
749 2724 786 2751 Lu

988 2726 1010 2741 “‘
1033 2722 1126 2753 Galat.
1141 2734 1181 2760 ut,
1215 2726 1258 2754 l9.
1297 2727 1319 2742 ⁴⁷
1343 2725 1422 2754 Juan.
1445 2734 1463 2760 ι,
1483 2727 1509 2754 1.
1547 2726 1569 2742 ⁸⁸
1585 2727 1650 2754 ibid.
1664 2728 1686 2753 ‘2.

58 2758 78 2771 "
94 2758 101 2783 Ι
116 2757 188 2785 Tim.
207 2765 236 2792 ιι,
253 2758 281 2785 5.
318 2759 341 2774 ⁵ο
356 2758 434 2786 Ιιοιιι.
449 2766 496 2791 ιιι,
511 2758 554 2786 l2.
592 2759 614 2775 ⁵¹
632 2759 715 2786 lCor.
733 2767 777 2794 xv,
792 2760 836 2787 5|.

93 2815 150 2849 (88)
173 2815 208 2841 Er
228 2815 384 2852 Hieronymi
404 2817 473 2844 libro
491 2816 580 2852 printo
596 2816 733 2853 Apologia:
748 2818 846 2846 adver-

59 2856 103 2876 sus
118 2849 256 2878 Hulinutn.

96 2884 154 2920 (89)
177 2885 213 2912 ljx
242 2885 369 2921 Apologia
397 2886 531 2922 Pamphili
557 2888 687 2924 martyris
715 2896 764 2924 pro
785 2888 846 2917 Ori-

875 2760 897 2776 ⁵³
914 2759 1030 2788 lTltess.
1049 2768 1086 2794 tv,
1105 2761 1148 2788 14.

1028 2853 1067 2880 Ex
1094 2853 1209 2889 cpistola
1226 2853 1387 2889 llicronymi
1415 2853 1449 2881 ad
1475 2851 1636 2881 Minervium
1663 2856 1689 2880 et

899 2887 1095 2916 Alexandrum.
