1852 3053
181 130 249 158 ηοι)

812 123 975 152 OhlGthS
996 122 1207 151 FRAGMENTA

1719 120 1763 147 lim

180 198 243 218 sunt
257 191 302 219 isti
318 191 438 218 viventes
451 190 496 224 qui
516 189 665 223 loquuntur
679 188 763 215 talia?
781 187 879 223 Utique
896 187 969 214 Pau-
984 187 1006 216 A
1021 186 1065 219 qui
1079 194 1129 212 non
1142 188 1315 211 curvaverant
1325 191 1391 219 genu
1405 182 1472 210 Bual
1488 181 1521 209 ⁸⁸.
1534 182 1560 210 In
1571 181 1674 210 Joannis
1688 191 1764 217 queque

178 237 220 264 [tu
233 246 284 264 non
299 238 331 263 ab
344 237 506 266 hominibus,
522 244 567 262 uer
581 244 627 269 per
640 237 757 262 Ιιυηιῑιιω
775 235 907 267 apostolus
923 234 946 250 ⁸³
959 243 966 268 ;

179 289 207 309 et
221 283 397 310 charissitnus
410 281 467 314 ejus
484 281 555 308 (ilius
572 281 598 307 in
615 281 666 307 lide
680 280 855 312 Timotheus;
872 285 897 307 et
910 280 968 315 Syl-

179 336 269 355 vanus
277 328 321 361 qui
342 327 394 354 illis
412 331 473 354 erat
490 332 517 354 cl
532 326 674 353 aﬂ'cctione
689 331 714 353 et
727 325 873 352 virtutibus
885 333 968 359 copu-

179 375 259 401 latus.
280 374 314 401 Et
331 374 382 400 hoc
398 381 450 400 non
468 374 554 400 solum
570 373 622 404 illi,
643 373 688 400 sed
714 373 870 408 quicunque
891 371 966 398 Pauli

178 425 206 446 et
229 419 342 446 scientia
362 424 387 446 et
403 419 610 446 conversatione
630 418 727 445 similis
742 423 794 449 est,
810 418 902 445 dicere
917 424 966 451 po-

178 469 231 492 test
245 473 252 491 :
270 464 327 491 Nos
341 465 385 499 qui
400 465 511 491 vivimus
531 464 570 497 5‘;
596 471 710 498 quorum
726 471 819 497 corpus
834 467 965 489 mortuum

176 516 213 537 est
233 516 339 544 propter
359 516 513 544 percolunt,
536 510 643 544 spiritus
665 514 753 536 autem
780 509 842 536 vivit
862 513 967 543 propter

171 555 308 587 justitiam
325 555 365 586 5';
386 558 413 581 et
434 562 549 588 qttorntn
565 553 728 581 mortiﬁcata
755 558 817 580 sunt
844 553 964 580 membra

175 609 259 636 super
271 605 371 627 terram
384 601 418 630 ⁵⁵.
431 600 468 627 ita
487 605 514 626 ut
530 607 701 634 nequaquam
714 599 888 633 concupiscat
901 607 966 626 caro

175 652 270 674 contra
282 647 408 681 spiritqu
425 646 459 672 ⁸⁷.
485 645 512 673 Si
535 646 606 673 enim
626 646 716 672 adhuc
738 645 873 672 desiderat
889 654 963 677 caro,

175 693 257 726 vivit;
273 697 300 720 et
316 694 378 727 quia
392 692 468 724 vivit,
484 693 636 725 desiderat;
657 697 683 719 et
702 700 753 719 non
770 695 833 719 su'nt
850 693 966 719 mortiﬁ-

175 744 235 765 cata
253 739 374 765 membra
390 739 462 766 illius
479 747 562 773 super
580 744 692 766 terram.
716 739 792 771 Quod
808 739 830 765 si
852 739 964 765 mortiﬁ—

174 789 234 809 cata
246 789 320 816 sunt,
331 791 503 819 nequaquam
518 789 611 811 contra
625 784 748 818 spiritum
765 784 963 818 concupiscunt

173 837 234 865 qius:
268 830 479 858 mortilicatione
506 830 547 858 sui
576 829 762 864 hujuscemodi
794 831 960 857 desiderium

1019 231 1167 266 Evangelio
1197 231 1320 257 vivorum
1341 234 1368 256 et
1393 237 1444 256 non
1471 229 1592 255 vivorum
1616 228 1698 262 duplex
1719 230 1765 255 ordo

1019 277 1182 304 describitur
1198 286 1204 304 :
1224 276 1315 304 Omnia
1337 276 1381 310 qui
1396 275 1477 302 credit
1498 275 1525 301 in
1544 282 1595 306 me,
1611 275 1702 300 etiamsi
1718 283 1764 301 mor-

1020 327 1080 349 tuus
1099 322 1192 355 fuerit,
1212 322 1275 348 vit-et
1286 329 1295 352 ,'
1307 325 1331 347 et
1344 321 1427 347 omnis
1443 320 1487 354 qui
1503 320 1562 346 uiuit
1576 324 1599 346 et
1615 320 1686 346 credit
1699 320 1718 345 in
1730 329 1763 351 πιί,

1019 376 1070 394 non
1089 367 1214 394 morietur
1235 367 1263 392 in
1278 371 1405 392 wlernum
1421 366 1454 391 ‘9.
1481 364 1510 392 Si
1529 364 1603 391 vivos
1618 364 1652 391 ita
1670 364 1764 399 intelligi-

1018 422 1077 441 mus
1094 413 1188 448 uljam
1207 421 1222 439 a
1243 413 1320 439 nobis
1336 412 1437 439 dictum
1460 415 1520 443 cst,
1538 411 1694 438 dormientes
1711 416 1731 437 et
1747 411 1763 436 iu

1017 459 1125 487 Christo
1138 463 1259 486 mortuos
1274 457 1334 484 illos
1346 464 1406 484 esse
1423 457 1578 489 credamus,
1588 456 1694 490 quicum
1706 456 1764 483 velint

1017 506 1043 534 in
1066 506 1175 533 Christo
1192 505 1293 537 vivere,
1316 509 1405 530 tatnen
1426 509 1538 538 peccato
1552 503 1647 530 mortui
1664 507 1722 530 sunt.
1733 502 1764 529 Sin

1017 556 1105 579 autem
1127 551 1247 585 reliquia:
1262 555 1289 577 et
1303 549 1400 577 electio
1415 549 1563 576 secundum
1577 548 1683 584 gratiam
1693 549 1720 581 “,
1733 556 1766 582 ap-

1016 598 1148 633 pellantur
1157 597 1290 628 viventes;
1301 595 1347 631 qui
1360 603 1412 623 neu
1428 596 1462 622 ita
1476 595 1602 626 credunt,
1615 602 1660 622 nec
1671 595 1697 622 de
1707 594 1766 621 Isne-

1016 643 1091 670 litica
1107 642 1247 669 nobilitate
1259 640 1464 677 generalisunt,
1479 640 1644 667 dormientes
1658 644 1681 666 et
1693 639 1765 666 mortui

1016 689 1181 725 appellantur
1196 689 1223 715 in
1238 688 1355 716 Christo.

1051 735 1122 762 Sunt
1137 734 1183 769 qui
1200 734 1272 761 hunc
1289 733 1375 761 locum
1393 733 1430 759 ita
1449 732 1621 759 edisseram:
1636 730 1686 757 Vivi
1699 729 1765 764 appeL

1014 781 1105 808 lantur
1118 781 1164 815 qui
1177 787 1317 814 nunquam
1332 783 1446 813 peccato
1465 779 1566 805 mortui
1585 782 1663 809 sunt;
1678 777 1714 810 qui
1729 783 1764 802 au-

1015 833 1068 855 tem
1084 829 1276 862 peccaverunt,
1293 832 1321 852 et
1339 825 1365 852 in
1379 832 1412 852 eo
1430 825 1501 859 quod
1520 828 1701 859 peccaverunt,
1712 829 1764 849 mor-

173 873 361 908 perdidcrunt.
377 875 453 902 Sicut
468 875 552 909 igitur
567 875 611 909 qui
625 875 679 902 vita
696 882 808 902 caruere
820 876 960 910 pmsenti,
978 867 998 894 Β
1016 873 1054 899 tui
1070 877 1146 905 sunt,
1169 877 1195 900 et
1211 877 1306 910 postea
1326 873 1450 899 conversi
1473 872 1506 898 ad
1525 871 1702 905 paenitentiam
1720 876 1766 903 pur-

173 924 201 946 et
215 920 249 946 ad
267 920 379 948 meliora
402 920 526 947 translati
544 924 623 953 sunt,
641 920 728 955 magis
750 921 854 953 vivunt,
881 921 963 954 depo-

171 965 225 992 sito
241 965 337 993 mortis
353 973 466 1000 corpore
477 970 505 993 et
519 966 645 993 vitiorum
664 965 783 992 omnium
799 966 960 999 iucentivis;

172 1010 212 1036 sic
227 1010 272 1044 qtti
295 1011 533 1038 mortiﬁcationem
550 1011 612 1038 Jesu
637 1011 662 1037 iu
685 1018 799 1045 corpore
830 1018 878 1037 suo
906 1011 962 1037 cir-

171 1057 330 1083 cumferunt
344 1057 378 1089 "',
392 1065 564 1092 nequaquam
582 1057 677 1084 vivunt
688 1057 765 1091 juxta
778 1064 901 1090 carnem,
915 1058 961 1084 sed

170 1102 248 1137 juxta
264 1103 409 1137 spiritum;
427 1104 522 1130 vivunt
540 1104 567 1130 in
584 1111 616 1131 eo
631 1104 677 1137 qui
691 1103 745 1130 vita
767 1109 819 1135 est,
843 1108 870 1131 et
896 1104 976 1133 vivite

171 1150 198 1175 in
215 1149 256 1175 eis
284 1149 408 1177 Christus
435 1150 468 1177 de
493 1157 547 1184 quo
575 1151 705 1185 scriptum
725 1156 790 1178 est:
812 1150 906 1178 Vivens
923 1156 960 1178 est

169 1202 256 1221 sermo
272 1194 331 1228 Dei,
350 1201 373 1222 et
385 1196 475 1230 efficax
492 1195 525 1228 ⁸⁹,
544 1196 590 1230 qui
612 1201 654 1223 est
673 1196 718 1223 Dei
745 1197 841 1229 virtus,
859 1197 960 1232 Deique

169 1239 300 1274 sapientia
324 1240 358 1267 ⁸⁵.
384 1239 486 1267 Vivunt
510 1241 583 1268 enim
611 1241 637 1268 in
658 1241 756 1275 quibus
781 1242 848 1269 vivit
874 1241 959 1269 virtus

169 1285 230 1317 Dei,
243 1284 316 1312 omni
335 1285 453 1312 hutnana
471 1286 617 1321 fragilitate
632 1287 766 1320 deposita,
782 1292 810 1314 et
822 1287 849 1314 in
861 1287 958 1322 quibus

167 1331 234 1358 vivit
248 1332 382 1366 sapientia
402 1340 461 1366 quae
481 1338 522 1360 est
538 1333 701 1361 abscondita
719 1335 745 1361 in
764 1334 819 1362 Deo
834 1334 867 1367 εί,
881 1339 910 1361 et
929 1334 956 1361 in

167 1377 267 1410 quibus
288 1377 354 1404 vivit
377 1381 404 1404 ct
433 1383 565 1412 operatur
590 1379 707 1413 justitia.
736 1380 860 1408 Christus
883 1380 956 1407 enim

166 1422 256 1449 factus
269 1427 310 1450 est
327 1422 406 1449 nobis
426 1431 478 1450 non
492 1424 580 1451 solum
602 1425 708 1458 justitia
730 1434 763 1452 ex
781 1426 851 1460 Deo,
866 1427 912 1454 sed
930 1432 957 1454 et

166 1469 300 1503 sapientia
313 1470 347 1501 θ’,
363 1475 389 1496 et
403 1477 484 1497 omne
501 1472 572 1505 quod
589 1471 676 1498 virtus
691 1476 742 1498 est.
757 1471 791 1498 Et
807 1472 828 1498 si
846 1472 955 1506 quidem

166 1515 196 1541 in
219 1516 344 1549 praesenti
369 1516 431 1543 loco
443 1523 473 1544 se
490 1525 505 1544 a
531 1516 729 1544 dormientibus
750 1523 777 1545 et
801 1518 827 1545 in
845 1518 955 1546 Christo
969 1536 992 1567 ο

165 1562 297 1594 mortuis,
319 1562 365 1596 qui
383 1562 452 1590 hanc
475 1563 596 1590 scribunt
614 1562 761 1597 Epistolam
784 1569 953 1598 separarent,

166 1607 308 1635 videbatur
322 1608 456 1643 superflua
482 1609 631 1642 adnotatio,
658 1614 685 1638 et
701 1617 733 1638 ex
757 1617 811 1637 uno
830 1611 890 1638 loco
910 1618 955 1638 as-

164 1659 301 1688 sumptum
333 1655 520 1683 tcstimonium
559 1663 612 1683 neu
647 1656 862 1685 valeret:nunc
890 1665 954 1685 vero

162 1700 257 1726 eodem
274 1708 367 1734 sensu,
393 1699 456 1736 quia
479 1706 506 1729 et
519 1703 614 1730 eodem
634 1703 742 1738 spiritu,
767 1704 794 1730 in
820 1705 905 1738 prima
920 1705 953 1732 ad

161 1745 318 1778 Corinthios
332 1747 453 1782 loquitur
472 1756 479 1774 :
499 1748 596 1776 Omnes
607 1758 659 1777 non
674 1750 848 1783 dormiamus,
864 1759 952 1778 omnes

161 1798 249 1819 autem
269 1793 482 1827 immutabimur,
500 1795 527 1822 in
540 1800 683 1829 "tomento,
700 1797 727 1823 in
741 1802 815 1824 mqu
830 1797 910 1829 oculi,
925 1798 951 1824 in

161 1837 303 1866 uerissime
324 1838 397 1866 tuba.
416 1838 498 1867 Canet
512 1841 582 1867 enim
595 1841 669 1873 tulm,
691 1847 714 1868 et
738 1842 835 1868 mortui
863 1851 951 1869 resur-

159 1887 220 1916 gunt
236 1883 395 1919 interrupti,
410 1890 434 1912 et
449 1894 496 1913 nos
509 1887 752 1921 immutabimurfﬂ
770 1888 826 1915 lloc
840 1889 911 1922 quod
924 1889 948 1916 in

159 1929 286 1961 prmsenti
312 1929 371 1957 loco
384 1930 515 1965 scriptum
531 1936 573 1958 est
587 1940 594 1958 :
608 1931 641 1958 In
666 1932 728 1958 tuba
753 1931 798 1959 Dei
812 1933 948 1960 descendet

158 1972 191 1998 de
206 1973 269 2000 caelo
287 1973 319 2006 ⁵⁸,
332 1983 459 2012 compara
475 1976 512 2006 illi
528 1977 597 2010 quod
610 1977 643 2004 ad
658 1977 812 2005 Corinthios
823 1978 924 2006 dicitur
941 1988 947 2006 :

159 2017 192 2044 lu
208 2020 351 2047 nouissima
365 2021 426 2047 tuba
437 2028 530 2050 :canet
542 2023 610 2049 enim
624 2023 696 2056 tuba,
713 2028 782 2056 etc.;
801 2024 837 2051 illi
857 2031 946 2051 autent

156 2065 228 2098 quod
255 2066 288 2091 ad
316 2066 575 2094 'l‘hessalonicenscs
605 2068 724 2103 legitur:
745 2069 779 2096 Et
794 2071 892 2097 mortui
919 2071 947 2098 in

157 2109 265 2136 Christo
284 2116 421 2145 resurgent
440 2112 519 2145 priori
539 2113 573 2145 εδ,
595 2113 644 2140 hoc
658 2114 728 2147 quod
741 2114 773 2141 ad
791 2114 946 2143 Corinthios

156 2156 288 2189 scriptum
303 2162 345 2184 est
362 2166 369 2184 :
384 2157 419 2183 Et
430 2159 528 2185 mortui
543 2165 678 2195 resurgant
692 2161 848 2194 incorrupti.
861 2162 945 2191 Porro

1014 925 1079 954 gant
1096 919 1206 954 antiqua
1220 919 1328 951 delicta,
1347 917 1447 945 mortui
1458 917 1638 952 appellantur,
1657 917 1709 950 quia
1721 923 1765 950 pec-

1013 971 1165 998 caverunt;
1182 966 1208 993 in
1222 966 1333 993 Christo
1350 970 1440 992 autem
1455 964 1571 996 mortui,
1587 963 1648 998 quia
1670 963 1732 997 plena
1744 962 1766 988 ad

1015 1013 1097 1040 Deum
1117 1017 1209 1040 mente
1225 1012 1351 1040 conversi
1378 1015 1451 1038 sunt.
1474 1009 1562 1039 Porro
1589 1011 1634 1044 qui
1651 1009 1731 1036 vivunt
1747 1012 1766 1034 et

1013 1059 1114 1086 habent.
1137 1059 1321 1086 testimonium
1340 1057 1412 1089 ﬁdei,
1442 1061 1469 1084 et
1494 1057 1612 1084 necdum
1639 1058 1767 1089 receperunt

1012 1104 1222 1142 promissiopen:
1239 1104 1298 1135 Dei,
1310 1104 1354 1137 qui
1374 1107 1401 1129 et
1418 1103 1451 1130 de
1472 1103 1534 1129 aliis
1561 1102 1655 1129 melius
1668 1099 1766 1134 quiddam

1011 1150 1142 1185 cogitant,
1156 1155 1184 1176 ut
1199 1158 1251 1177 non
1265 1151 1367 1184 absque
1381 1150 1424 1176 his
1440 1149 1486 1183 qui
1504 1147 1574 1182 justi
1587 1152 1648 1175 sunt
1665 1153 1767 1173 coroneu‘

1012 1203 1065 1228 tur,
1080 1198 1106 1224 in
1122 1205 1155 1224 eo
1169 1197 1270 1224 habent
1286 1196 1481 1223 beatitudinem
1497 1194 1572 1229 quod
1585 1193 1704 1220 fruuntur
1716 1191 1766 1218 hanc

1010 1243 1195 1274 conscientiae,
1219 1247 1247 1269 et
1267 1242 1371 1272 vivunt,
1394 1245 1422 1268 et.
1438 1240 1528 1268 relicti
1545 1245 1611 1266 sunt
1632 1239 1657 1265 in
1678 1237 1766 1263 adventu

1013 1289 1119 1317 Domini
1139 1288 1298 1316 Salvatoris.
1316 1287 1368 1314 Sed
1384 1288 1449 1320 quia
1465 1285 1589 1312 clemens
1608 1289 1648 1311 est
1666 1283 1733 1312 Deus,
1748 1285 1766 1307 et

1017 1336 1074 1363 vult
1095 1335 1202 1363 salvare
1221 1334 1302 1361 etiam
1316 1341 1362 1360 eos
1376 1333 1421 1367 qui
1436 1332 1620 1364 dormierunt,
1633 1336 1660 1359 et
1677 1328 1767 1357 inChri-

1008 1386 1051 1409 sto
1069 1381 1168 1408 mortui
1187 1384 1262 1411 sunt,
1280 1386 1333 1406 non
1360 1377 1530 1412 przevenient
1549 1377 1621 1410 illos,
1641 1383 1718 1410 neque
1731 1375 1766 1400 soli

1009 1429 1151 1463 rapientur
1167 1428 1194 1454 in
1210 1427 1343 1458 nubibus;
1361 1425 1420 1457 sed,
1440 1425 1519 1459 juxta
1543 1423 1693 1460 exeutplum
1705 1429 1767 1449 etau—

1007 1474 1098 1510 gelicte
1117 1473 1254 1509 parabolae
1269 1473 1303 1505 '“,
1321 1479 1402 1498 unum
1415 1471 1560 1499 denarium
1577 1474 1767 1504 unamquemer-

1008 1520 1100 1548 cedem
1114 1524 1142 1547 et
1159 1519 1308 1546 undecimae
1323 1518 1395 1545 hora:
1417 1517 1549 1552 operarii,
1572 1521 1601 1544 et
1624 1516 1717 1551 primae,
1736 1513 1768 1547 qui

1007 1567 1034 1593 in
1050 1566 1157 1593 vineam
1182 1564 1258 1592 tnissi
1285 1569 1358 1596 sunt,
1380 1562 1477 1591 salutis
1502 1563 1625 1597 pretium
1653 1560 1768 1594 accipieuL

1006 1612 1061 1640 Nec
1078 1613 1128 1638 hoc
1144 1611 1224 1638 alicui
1250 1611 1374 1637 videatur
1399 1610 1544 1644 iniustum,
1565 1614 1596 1635 ut
1615 1608 1701 1642 dispar
1714 1605 1770 1633 labor

1006 1665 1088 1685 unum
1106 1657 1248 1692 praunium
1271 1659 1465 1689 consequatur.
1478 1655 1579 1690 Magna
1595 1655 1690 1689 quippe
1704 1651 1769 1677 diter-

1005 1705 1071 1731 sitas
1083 1708 1126 1730 est
1137 1709 1230 1730 eorum
1246 1702 1291 1736 qui
1310 1706 1370 1736 post
1386 1701 1498 1727 vulnera
1515 1705 1581 1727 sunt
1596 1700 1691 1731 sanati,
1702 1703 1724 1724 et
1735 1702 1770 1722 e0-

1006 1759 1064 1778 rum
1079 1750 1125 1784 qui
1141 1756 1278 1783 nunquam
1295 1748 1420 1774 viderunt
1437 1747 1535 1773 mortis
1547 1753 1679 1773 errorem.
1700 1744 1730 1770 De
1741 1742 1770 1770 hi5

1004 1802 1069 1832 puto
1084 1797 1186 1824 dictum
1202 1805 1208 1821 :
1228 1795 1294 1827 Quis
1311 1799 1347 1820 est
1362 1794 1440 1820 homo
1453 1793 1500 1827 qui
1515 1793 1584 1819 vit-at
1600 1797 1623 1819 et
1642 1799 1689 1818 non
1706 1789 1770 1816 rideat

1004 1848 1113 1869 mortem
1131 1842 1143 1868 ἵ
1161 1841 1269 1868 redimet
1285 1840 1316 1866 de
1332 1845 1413 1866 morte
1427 1839 1545 1865 animum
1559 1846 1637 1864 suam
1648 1837 1687 1862 "3
1702 1834 1771 1868 Neque

1003 1886 1085 1917 enim,
1105 1890 1133 1913 ul
1148 1885 1256 1920 quidam
1272 1888 1378 1919 putant,
1394 1883 1463 1918 quis,
1482 1891 1532 1917 pro
1550 1891 1585 1910 eo
1602 1882 1671 1917 quod
1683 1878 1771 1908 estnul-

1002 1933 1044 1958 lus
1061 1932 1213 1966 accipitur:
1229 1931 1275 1958 sed
1294 1931 1370 1964 quasi
1389 1930 1488 1956 dixerit
1503 1937 1510 1955 :
1523 1929 1595 1962 Quis
1608 1926 1770 1963 putastjuxu

1002 1979 1066 2006 illud
1083 1979 1155 2014 quod
1172 1978 1302 2011 scriptum
1326 1981 1368 2003 est
1383 1985 1390 2002 :
1408 1976 1474 2008 Quis
1495 1976 1617 2008 sapiens,
1633 1981 1656 2001 et
1670 1972 1769 2006 intelliget

1001 2026 1056 2052 lucc
1072 2026 1094 2041 ⁷³
1110 2025 1122 2052 ?
1140 2029 1168 2052 et
1190 2026 1216 2052 in
1232 2024 1285 2051 alio
1299 2022 1378 2050 loco:
1399 2023 1521 2053 Domine,
1546 2023 1610 2057 quis
1627 2018 1769 2048 habitabili-

1000 2069 1169 2096 Iabernuculo
1194 2075 1239 2096 tuo
1257 2069 1281 2084 '”
1297 2069 1309 2095 ?
1329 2074 1355 2095 et
1374 2068 1494 2094 iterum:
1512 2068 1583 2099 Quis
1602 2066 1711 2102 togttorit
1725 2071 1768 2090 sa-

1000 2124 1057 2142 snm
1073 2116 1178 2142 Domini
1191 2116 1234 2141 7"?
1248 2115 1358 2142 Residui
1377 2121 1442 2148 ergo
1456 2119 1540 2140 erunt
1561 2114 1596 2140 dc
1622 2111 1769 2140 credentibus

1000 2162 1078 2196 pauci
1102 2162 1145 2195 qui
1171 2161 1317 2188 adventum
1336 2160 1442 2187 Domini
1457 2159 1574 2186 videant
1591 2159 1729 2186 secundum
1751 2155 1769 2179 id

155 2203 228 2234 quod
243 2202 368 2236 sequitur
383 2211 389 2228 :
407 2203 508 2231 Deinde
521 2213 568 2232 nos
585 2207 632 2240 qui
648 2207 767 2240 t-ivimus,
783 2209 828 2243 qui
848 2210 946 2237 residui
963 2212 984 2238 D
999 2208 1070 2243 quod
1084 2207 1155 2235 Deus
1170 2207 1289 2235 Verbum
1307 2207 1408 2233 factum
1426 2210 1479 2236 est,
1498 2213 1675 2240 nequaquam
1688 2205 1710 2231 in
1724 2203 1770 2228 vill-

155 2254 246 2274 sumns
275 2247 312 2280 “,
346 2248 384 2276 illi
411 2251 629 2284 respOndetzEt
654 2260 701 2279 nos
733 2254 941 2283 innnutabimur.

155 2291 276 2323 Quorum
291 2298 437 2328 utrumque
449 2295 488 2323 sic
500 2296 611 2331 intelligi
625 2303 731 2332 potest:
746 2299 801 2327 Nos
816 2301 860 2334 qui
876 2301 944 2328 vivi-

156 2345 226 2369 mus,
246 2339 293 2372 qui
313 2341 413 2368 residui
432 2349 526 2369 sumus
538 2343 565 2369 in
582 2344 699 2372 adventu
722 2345 838 2378 Domini,
851 2350 878 2373 et
895 2354 944 2374 nos

154 2384 200 2416 qui
215 2384 430 2420 immulabimur,
454 2393 481 2416 et
502 2397 554 2416 non
572 2397 665 2418 sumus
681 2398 713 2417 ex
736 2392 778 2419 his
794 2393 839 2426 qui
853 2393 943 2427 appel-

155 2430 246 2456 lantur
274 2433 386 2464 tnortui,
414 2434 462 2461 sed
490 2434 615 2467 vivimus,
646 2436 748 2463 ideirco
770 2438 942 2471 praesentiam

156 2476 261 2503 llomini
287 2485 340 2505 non
368 2479 394 2506 in
430 2486 530 2515 morte,
557 2483 604 2509 sed
623 2483 649 2508 in
668 2483 722 2509 vita
741 2483 940 2517 prmstolamur,

153 2523 215 2555 quia
228 2523 261 2550 de
280 2524 428 2553 Israelitico
445 2535 545 2561 genere
568 2537 662 2555 sumus
676 2549 682 2561 ,
706 2529 787 2563 893
805 2534 831 2555 ct
848 2529 940 2557 electa:

153 2574 216 2596 sum
233 2570 266 2597 de
282 2571 359 2598 nobis
380 2572 500 2607 reliquize
521 2574 554 2606 ⁸⁷,
573 2575 606 2601 de
620 2575 720 2609 quibus
733 2575 797 2601 olim
812 2575 939 2602 Dominus

154 2615 314 2650 loquebatur
331 2626 337 2643 :
357 2617 491 2654 Dereliqui
511 2621 575 2646 nti/ti
598 2626 692 2654 septem
717 2621 799 2647 millia
823 2623 937 2647 t‘il'Ot'um

187 2707 210 2722 ⁸³
231 2706 319 2734 Gaiul.
338 2715 355 2738 1,
372 2708 396 2734 1.

153 2741 221 2768 ill.”
238 2741 320 2768 llehr.
338 2750 373 2774 tv,
391 2743 434 2769 1'2.

153 2783 188 2804 tv.
206 2775 247 2801 15.
285 2776 307 2791 ⁵⁸
322 2777 328 2802 l
345 2778 440 2804 'l'hcss.
461 2786 496 2808 IV,
515 2779 556 2804 15.

153 2810 229 2847 iriiri.
267 2810 289 2824 “
305 2810 398 2847 Matth.
422 2821 467 2846 xx,
490 2813 501 2839 1
527 2821 585 2847 seq.

151 2843 172 2859 ”
185 2843 263 2873 l‘rov.
279 2851 313 2877 ιι,
326 2846 351 2871 Il.

436 2708 458 2724 ⁵⁵
476 2709 482 2734 Ι
498 2709 595 2736 Thess.
611 2718 648 2742 IV,
666 2711 709 2738 Μ.

473 2744 496 2759 ⁸ο
513 2744 596 2770 Ι(ῖ()ι“.
618 2752 638 2771 ι.
653 2745 698 2771 ‘24.

597 2780 618 2794 °"
634 2779 699 2806 Ibid.

737 2746 757 2761 ⁵³
775 2746 782 2772 1
802 2747 865 2773 Cor.
885 2754 913 2777 ll,
931 2747 956 2772 7.

748 2712 770 2726 ⁵⁵
794 2711 870 2738 llnm.
889 2719 948 2742 \‘ltl,
966 2711 1006 2738 ill.

739 2780 759 2795 ⁸⁷
774 2781 851 2807 Ιιυιιι.
863 2790 899 2813 xt,
915 2782 938 2812 i,
951 2781 977 2808 5.

624 2813 719 2841 “Psal
742 2823 760 2841 ι.
785 2824 916 2849 unvnt,
940 2817 984 2846 49.

1001 2259 1055 2281 tate
1073 2253 1176 2286 carnis,
1192 2253 1240 2280 sed
1258 2253 1284 2279 in
1306 2252 1391 2287 gloria
1416 2251 1631 2286 triumphantis.
1653 2251 1682 2277 Et
1699 2246 1769 2276 cousi-

998 2299 1146 2325 dcrandum
1164 2298 1298 2330 quotnodo
1313 2297 1429 2331 primunt
1450 2295 1626 2324 dormientes
1639 2294 1770 2330 appellare-

998 2344 1033 2371 rit
1048 2352 1055 2371 :
1073 2343 1170 2370 deinde
1184 2343 1210 2369 itt
1225 2342 1334 2369 Christo
1347 2345 1480 2372 mortuos,
1498 2349 1573 2375 quos
1590 2342 1708 2369 viventes
1718 2345 1769 2373 pm-

997 2390 1090 2417 venire
1108 2398 1161 2417 non
1178 2395 1315 2424 poterunt.
1332 2389 1381 2421 Qui
1399 2389 1472 2416 enim
1492 2397 1548 2416 non
1563 2387 1770 2417 eustodieritlzuc

997 2437 1068 2471 quod
1085 2436 1216 2471 scriptmu
1233 2441 1273 2463 est
1285 2445 1291 2462 ε
1305 2435 1346 2463 Ne
1360 2437 1464 2463 dederis
1480 2444 1609 2463 somnum
1625 2436 1703 2463 oculis
1720 2433 1768 2461 tuis,

997 2491 1078 2517 neque
1097 2482 1228 2517 palpebris
1252 2483 1304 2508 tuis
1325 2482 1562 2515 dormitationem,
1585 2489 1614 2511 ut
1636 2483 1716 2510 salt-us
1732 2479 1769 2513 ﬁdi

994 2529 1063 2555 sicut
1081 2536 1173 2562 caprea
1189 2528 1220 2554 de
1237 2528 1358 2560 uinculis,
1373 2532 1398 2554 et
1415 2529 1483 2555 sicut
1504 2531 1565 2556 aui:
1590 2530 1624 2556 de
1640 2528 1729 2563 [aquis
1744 2525 1768 2552 ⁷⁸.

994 2574 1113 2600 dormiet
1136 2577 1164 2600 et
1192 2572 1320 2607 culpabili
1345 2581 1442 2607 sopore
1470 2579 1618 2608 torpescet
1639 2584 1646 2606 ;
1675 2577 1768 2605 cunqu

994 2620 1147 2653 dormieril,
1167 2621 1296 2649 transibit
1311 2621 1337 2648 in
1356 2627 1482 2648 mortem.
1507 2622 1591 2648 Sicut
1607 2623 1678 2649 enim
1695 2627 1767 2646 unum

1045 2712 1180 2739 “Coloss.
1200 2718 1241 2741 Ill,
1255 2710 1282 2736 5.
1320 2711 1342 2726 ⁸⁷
1355 2711 1443 2738 Cnlat.
1464 2719 1489 2738 ι’.
1508 2712 1556 2738 l7.
1602 2714 1623 2727 ⁵⁸
1636 2713 1654 2739 ll
1669 2713 1723 2737 Cor.
1741 2716 1766 2736 ιν,

996 2747 1017 2760 ’³
1033 2746 1105 2772 lCor.
1126 2756 1144 2778 I,
1161 2747 1204 2774 '50.
1245 2746 1267 2761 ⁸³
1289 2745 1370 2773 lCor.
1390 2755 1435 2776 xv.
1458 2747 1503 2779 5i,
1520 2748 1571 2775 5:2.
1613 2748 1636 2763 “
1660 2748 1666 2773 Ι
1688 2747 1766 2773 Thess.

1018 2781 1040 2797 "
1058 2782 1089 2808 HI
1104 2782 1166 2817 Reg.
1184 2781 1302 2817 ιιιινίδ.
1340 2782 1361 2817 ξ⁹
1372 2781 1451 2809 Joan.
1467 2790 1505 2812 xt.
1521 2782 1571 2813 9.5,
1589 2783 1635 2809 ΞΟ.
1671 2783 1693 2798 ⁷⁸
1706 2782 1765 2817 Bina.

1023 2817 1045 2831 ”
1063 2815 1209 2850 OsceIXIV,
1225 2816 1264 2842 10.
1305 2817 1328 2832 7"
1339 2816 1410 2844 l’sal.
1424 2818 1502 2849 xtv,l
1559 2820 1582 2834 ⁷⁵
1596 2818 1674 2846 Rom.
1688 2815 1764 2847 al.55-
