1851 3054
50 135 121 163 1301

539 134 573 162 ΙΝ
588 134 782 164 EPISTOLAM
799 135 809 162 ι
830 135 874 162 AD
889 133 1249 163 THESSALONCENSES.

1609 134 1679 162 1302

50 199 97 222 tur
115 194 162 230 qui
176 194 282 230 vigilat,
308 195 349 223 sic
368 195 413 230 qui
439 195 540 223 dormit
564 196 638 232 jacet
663 197 801 231 imntottts,
814 201 841 224 et
855 199 876 226 Α
893 196 1078 229 venienti,sed
1090 195 1114 223 ei
1132 195 1178 231 qui
1193 200 1234 222 est
1252 195 1321 230 apud
1336 194 1444 222 Patrem
1459 194 1578 222 Verbum
1595 195 1677 222 Deus.

50 241 150 268 mortis
168 244 258 276 torpet
273 241 462 269 similitudine.
476 242 552 275 Quod
569 248 659 270 autem
672 244 843 272 dormitatio—

49 296 116 315 nem
143 292 274 323 sequatur
297 296 382 321 mors,
398 294 425 316 et
447 290 533 324 prima
553 291 586 317 ad
604 291 760 318 Corinthios
778 290 842 324 Epi-

48 333 123 360 stola
140 333 238 360 docere
251 341 300 360 nos
316 333 427 368 poterit,
446 335 473 361 in
495 342 548 369 qtta
571 335 606 362 ita
630 336 760 370 scriptum
779 340 841 362 cst:

50 378 135 405 Nunc
151 385 238 406 autem
260 379 381 406 Christus
402 382 516 408 surrexit
531 389 563 408 ex
580 383 703 414 mortuis,
719 382 843 417 primitia:

49 427 247 453 dormientium
260 433 269 452 .'
283 427 345 462 quia
355 435 401 462 per
412 427 543 454 hominem
559 436 640 460 mars,
658 433 682 455 et
694 436 740 462 per
757 429 843 456 Itami-

51 479 115 503 nsm
146 475 303 499 resurrectio
329 478 514 505 mortuarum;
541 477 568 500 et
595 478 654 508 post
683 473 841 508 paululum:

50 518 120 545 Non
149 526 238 546 omnes
261 519 433 552 dormientus,
453 520 499 546 sed
521 528 609 547 omnes
631 520 842 554 immutabimur,

48 565 76 591 in
96 570 241 598 momento,
259 565 286 592 in
306 565 360 593 ictu
378 565 458 598 oculi,
475 566 502 592 in
519 566 660 593 novissima
674 567 747 593 tuba.
761 566 843 594 Cttnet

51 611 127 637 enim
147 611 222 644 tuba,
246 616 269 638 et
291 612 391 638 mortui
406 616 541 646 resurgent
566 612 725 647 incorrupti,
749 617 773 639 et
797 621 843 639 ttos

49 656 257 683 immutabimur
276 656 310 684 ⁷⁷.
329 656 395 684 Cum
411 663 476 690 ergo
499 657 556 684 hinc
571 657 603 684 de
618 658 782 685 dortnitione
804 658 844 684 di-

49 707 153 730 cantur
165 706 192 728 et
206 707 303 733 morte,
319 708 347 729 et
360 703 426 730 illttd
441 703 594 738 legamusin
605 704 745 738 Apostolo,
758 703 844 738 Surge

49 748 99 782 qui
115 748 226 779 dormis,
243 753 267 775 et
288 756 399 783 ersurge
414 750 446 776 de
462 750 584 782 mortuis,
604 754 627 776 et
643 749 803 776 illuminabit
820 755 845 777 te

49 794 176 821 Christus
190 794 222 826 ⁷⁸,
242 794 367 829 juremus
391 795 519 827 Domino,
545 799 572 822 et
590 800 683 823 votum
711 795 844 824 faciamus

48 841 110 868 Deo
126 840 220 873 Jacob,
231 841 416 876 unusquisque
430 841 524 868 dicens
539 843 565 869 in
582 843 663 869 corde
678 850 744 871 suo:
760 843 789 870 Si
801 852 845 871 as-

49 888 167 914 cendant
194 895 272 922 super
294 893 407 914 stratum
437 895 534 919 meum,
553 888 577 914 si
601 888 697 915 dedero
721 897 844 916 somnum

50 933 139 960 oculis
158 934 222 960 meis
240 938 263 960 et
285 934 417 969 palpebris
433 935 497 962 meis
516 934 742 968 dormitationem,
763 936 844 962 donec

48 980 187 1006 inueniam
201 981 286 1007 locant
301 980 414 1008 Dontino
425 981 447 997 7”
463 990 471 1008 :
497 981 568 1008 haud
594 981 704 1008 dubiutn
726 982 790 1016 quin
817 982 843 1009 in

49 1027 147 1053 anima
163 1034 211 1053 sua
227 1027 430 1055 tabernaculum
448 1028 503 1055 Deo
517 1027 611 1063 Jacob
628 1034 657 1056 ut
670 1029 741 1056 Deus
757 1030 783 1061 in
799 1029 845 1057 illo

48 1077 156 1099 :eterna
169 1073 233 1099 sede
248 1072 411 1107 requiescat.

89 1117 237 1153 Sequitur:
254 1117 323 1150 Quia
341 1118 394 1153 ipse
411 1119 539 1147 Dominus
555 1120 581 1147 in
594 1122 673 1155 jussu
691 1121 723 1154 3°,
739 1125 764 1148 ct
780 1120 843 1148 reli-

49 1172 120 1199 qua.
144 1164 298 1192 Descendet
310 1165 382 1192 enim
405 1167 506 1194 missus
520 1174 534 1193 a
548 1166 641 1199 Patre,
661 1175 714 1194 non
728 1168 843 1195 diversi-

50 1215 110 1238 tate
124 1210 245 1244 virtutis,
262 1211 309 1238 sed
322 1211 526 1246 dispensatione
547 1211 666 1247 jutlicis;
682 1218 709 1240 et
731 1213 843 1240 descen-

48 1257 98 1283 det
116 1256 151 1283 ad
169 1264 215 1283 eos
227 1257 273 1292 qui
292 1257 417 1285 deorsum
441 1262 506 1285 sunt
534 1258 650 1286 Verbum
676 1259 734 1290 Dei,
751 1263 777 1286 ct
798 1267 843 1286 sa-

49 1303 169 1339 pientia,
193 1308 220 1330 et
242 1303 355 1336 veritas,
385 1308 466 1338 atque
483 1302 603 1338 justitia.
629 1304 661 1331 Et
687 1312 842 1340 quanquam

51 1349 157 1378 mortui
178 1350 232 1379 sint
249 1351 282 1376 ad
305 1357 374 1384 quos
392 1350 519 1385 dignatur
535 1350 714 1383 descendere,
733 1358 786 1378 non
805 1355 845 1377 ta-

50 1403 116 1422 men
134 1399 198 1422 sunt
219 1395 252 1423 ab
274 1403 306 1423 eo
322 1396 404 1423 alieni
428 1405 436 1423 :
457 1396 558 1423 mortui
576 1397 647 1424 enim
663 1401 796 1424 vocantur
817 1397 842 1423 in

49 1441 166 1469 Christo
184 1441 218 1468 εί.
239 1441 289 1474 Qui
307 1446 398 1469 autent
417 1443 521 1474 vivunt,
544 1442 595 1470 hoc
611 1442 714 1470 habent
731 1442 842 1477 privile-

50 1489 143 1522 gium,
158 1487 229 1522 quod
245 1488 385 1522 eliguntur
400 1496 414 1516 e
430 1489 564 1523 pluribus.
585 1489 714 1516 Attamen
739 1493 845 1516 utrum-

49 1541 108 1568 que
125 1541 235 1569 agmen,
257 1538 285 1561 et
305 1539 475 1562 mortuorutn
500 1534 527 1562 in
559 1534 681 1566 Christo,
702 1538 729 1561 et
752 1534 880 1577 viven—C

51 1580 136 1612 tium,
154 1580 294 1615 rapientur
315 1580 418 1615 pariter
434 1580 461 1607 in
482 1580 600 1608 nubibus
628 1580 736 1607 obviam
763 1579 844 1607 Chri-

49 1631 97 1654 sto
114 1626 149 1658 3’,
164 1630 192 1652 ut
209 1633 261 1652 non
277 1633 338 1652 eutn
352 1631 511 1661 exspectent
522 1626 607 1653 donec
622 1626 655 1652 ad
672 1631 780 1653 terrena
799 1626 846 1653 dc-

48 1671 180 1703 scendat,
197 1671 244 1698 sed
259 1671 404 1705 praesentia
418 1671 491 1699 illius
507 1676 534 1699 et
548 1671 726 1698 contubernio
739 1672 766 1699 in
779 1672 846 1699 sub-

51 1716 173 1744 limibus
202 1716 390 1751 perfruantur.
417 1716 578 1752 Quantaque
599 1717 744 1745 clementia
767 1717 845 1744 Chri-

48 1763 99 1794 sti,
118 1766 148 1789 ut
168 1769 216 1797 pro
228 1762 315 1790 salute
332 1767 423 1790 nostra
441 1770 493 1792 non
508 1764 594 1790 solum
611 1770 676 1790 caro
693 1763 781 1790 factus
799 1763 845 1796 sit,

50 1811 104 1838 sed
120 1809 154 1836 ad
169 1813 292 1837 mortuos
309 1817 395 1844 usque
409 1810 590 1842 descenderit,
601 1810 666 1837 etin
683 1811 740 1844 ipsa
758 1815 846 1838 morte

49 1855 157 1883 habeat
177 1855 252 1890 signa
271 1855 422 1882 viventium
438 1855 444 1882 !
463 1863 541 1889 aqua.
551 1855 625 1882 enim
642 1860 670 1882 et
687 1855 800 1890 sanguis
812 1855 845 1882 de

47 1902 141 1928 latere
157 1900 215 1934 ejus
231 1908 342 1936 egressa
361 1904 423 1928 suttt
438 1900 472 1927 ".
489 1900 633 1928 Descendit
657 1901 741 1935 igitur
756 1908 845 1928 sermo

48 1947 165 1975 divinus
180 1954 245 1974 voce
264 1948 422 1983 archangeli
436 1947 619 1983 praecedente,
634 1952 661 1975 et
677 1951 845 1981 praeparante

48 1993 107 2022 sibi
131 1993 201 2020 viam
226 1994 253 2020 in
284 1993 327 2021 his
346 1995 391 2029 qui
409 1995 467 2029 ejus
494 1997 607 2028 possunt
633 1992 704 2020 ferre
724 1999 844 2027 praesen-

49 2039 131 2067 tiam.

89 2085 169 2121 Quod
187 2090 216 2113 ut
231 2076 362 2121 queamus
375 2087 536 2121 intelligere,
551 2087 629 2120 primi
643 2087 774 2115 adventus
788 2095 846 2123 my-
860 2117 864 2121 ,

47 2133 140 2160 stcria
157 2139 363 2166 cognoscamus.
382 2133 518 2168 Scriptmn
545 2139 588 2161 est
611 2134 645 2161 de
668 2133 774 2161 Joanne
799 2134 845 2168 qui

47 2186 209 2215 praecursor
228 2179 286 2214 ejus
310 2179 369 2213 fuit,
395 2180 466 2214 quod
484 2180 509 2207 in
528 2187 621 2209 eremo
646 2180 767 2207 dixerit:
789 2179 845 2215 Ego

47 2232 104 2253 vos:
117 2224 258 2252 clamantis
274 2226 300 2251 in
321 2225 424 2252 deserto
436 2225 480 2258 8‘;
498 2230 526 2252 et
547 2226 664 2261 reliqua.
693 2225 762 2259 Quid
789 2225 844 2253 cla-

46 2272 141 2299 mavit
159 2278 209 2297 vox
228 2271 254 2297 itt
272 2271 399 2298 deserto:
418 2271 516 2299 Purale
532 2273 600 2299 viam
622 2271 740 2304 Domini,
759 2277 843 2299 rectas

47 2317 137 2352 facile
151 2317 258 2344 semitas
272 2317 329 2352 ejus
350 2317 393 2343 ³⁸2
412 2317 451 2345 0b
471 2318 542 2352 quod
561 2319 700 2352 praemium
728 2325 844 2352 quamve

46 2362 207 2392 mercedem
222 2373 227 2390 :
245 2362 337 2390 Omnis
356 2363 432 2391 uallis
447 2363 608 2398 implebilur,
627 2369 651 2390 et
667 2364 751 2390 omnis
768 2372 842 2391 mons

45 2414 75 2436 et
89 2407 166 2435 collis
183 2409 369 2436 humiliabitur
384 2416 394 2435 :
417 2413 442 2436 et
460 2414 536 2436 erunt
547 2417 628 2443 prava
642 2409 669 2436 in
686 2410 796 2441 directa,
816 2414 842 2436 et

46 2461 150 2487 aspera
164 2453 246 2489 694,
265 2455 290 2480 in
307 2455 360 2482 vius
372 2455 466 2488 planas
482 2464 490 2488 ;
513 2460 536 2482 et
552 2455 648 2482 videbit
670 2456 755 2482 omnis
780 2464 842 2483 caro

46 2500 179 2529 Salutare
196 2499 245 2526 Dei
258 2500 297 2526 θ’δῖ
316 2499 370 2527 lloc
382 2505 472 2527 autem
489 2501 559 2534 ideo,
573 2501 635 2535 quia
656 2500 765 2528 Verbum
781 2509 842 2528 caro

48 2548 155 2583 fartum
173 2551 221 2577 est,
238 2550 261 2572 ει
279 2547 404 2573 habitavit
418 2547 443 2573 in
461 2546 534 2572 nobis
550 2546 582 2573 ⁸⁷.
598 2546 673 2574 Nunc
690 2552 779 2574 autem
794 2556 841 2575 ne-

46 2598 189 2627 quaquam
219 2598 269 2617 vox
301 2591 438 2626 propheta:
464 2592 489 2618 in
518 2592 626 2619 deserto
647 2592 710 2623 erit,
726 2593 773 2619 sed
789 2601 839 2620 vox

46 2636 212 2672 archangeli
235 2637 357 2672 parantis
380 2637 438 2664 vias
461 2645 514 2665 non
532 2638 557 2664 in
574 2638 665 2664 carnis
687 2638 841 2666 humilitate

104 2720 127 2735 "
151 2720 160 2746 l
185 2720 248 2748 Cor.
273 2728 317 2753 xv,
338 2721 384 2752 20,
410 2719 456 2752 2|,
480 2719 524 2751 51,
551 2719 594 2746 52.

45 2757 74 2772 ⁸⁸
93 2755 161 2782 ibid.
176 2755 219 2782 16.
257 2756 370 2782 “Joan.
405 2762 464 2788 ιιι,
478 2755 522 2781 54.

48 2792 118 2818 Lur.
133 2798 175 2823 III,
189 2791 215 2822 5,
229 2791 256 2818 6.
298 2792 317 2806 ⁸¹
330 2790 409 2818 Joan.
422 2799 441 2821 t,
455 2790 499 2816 M.

46 2827 73 2842 "
97 2825 214 2852 IThess.
240 2833 277 2858 tv,
296 2825 339 2852 16.

47 2862 96 2889 5-2.
135 2861 157 2876 ’⁷
173 2860 268 2888 Matth.

539 2789 561 2805 ⁸⁸
573 2789 639 2816 Luc.
656 2797 702 2820 ιιι,
713 2790 759 2816 Ἠ.

377 2825 398 2841 θ’
409 2825 427 2852 ll
440 2826 502 2852 Cor.
517 2825 589 2857 xtt,2
603 2832 660 2858 seq.

307 2869 344 2893 XI,
360 2860 400 2888 15.
438 2861 460 2877 ³⁸
474 2860 571 2895 Ephes.
589 2868 625 2893 tv,
648 2860 688 2886 il.

631 2719 772 2760 "_Ephcs___
792 2719 872 2760 VL”.
911 2719 964 2760 "1:

561 2755 584 2770 ⁸⁸
595 2754 689 2781 Matth.
705 2762 745 2785 tu,
758 2754 795 2786 5;
811 2754 891 2780 Marc.
910 2761 928 2786 ι,
949 2754 977 2780 5.
1013 2754 1036 2768 ⁸⁵
1057 2754 1121 2778 Luc.
1140 2754 1216 2781 "1,4;
1232 2754 1257 2775 Δ(

573 2789 639 2816 Luc.
656 2797 702 2820 ιιι,
713 2790 759 2816 Ἠ.
797 2789 818 2804 ⁸⁵³
832 2789 925 2815 Matth.
941 2795 977 2820 ιι,
990 2787 1037 2819 i7;
1052 2786 1116 2813 Luc.
1141 2792 1188 2815 VII,
1213 2784 1257 2811 52.

697 2825 719 2841 ³³
731 2824 798 2852 Gen.
813 2831 885 2857 xxvt,
904 2824 944 2851 15.

892 243 926 269 Ει
946 247 1008 269 tunc
1031 241 1140 277 quidem
1157 242 1366 277 egrediebantur
1380 241 1407 268 in
1424 241 1572 272 desertum.
1587 246 1617 268 ut
1629 249 1680 270 aut

894 289 985 316 dirent
1000 289 1133 323 assumpti
1149 286 1268 315 hominis
1285 295 1495 322 praecursorem.
1510 291 1537 314 et
1558 287 1682 319 viderent

894 335 1059 362 arundinem
1079 338 1161 361 vento
1188 334 1317 369 agitatam
1345 332 1380 365 ⁸⁸,
1398 333 1430 360 de
1446 340 1498 367 qua
1520 332 1598 359 facta:
1617 336 1681 359 sunt

896 380 977 412 tibiae,
993 384 1021 407 et
1037 379 1138 406 vocalis
1155 378 1275 405 calamus
1287 377 1332 412 qui
1346 377 1372 404 in
1385 384 1432 404 ore
1448 384 1592 412 puerorum
1609 377 1680 404 dulei

894 431 973 453 sonat
995 425 1190 457 modulamine,
1209 424 1367 452 canentium
1383 423 1408 450 in
1427 422 1525 455 plateis
1540 427 1620 457 atque
1640 422 1682 448 di-

895 472 1015 499 centium
1035 481 1042 500 :
1067 471 1239 498 Cantavimus
1267 470 1356 503 vobis,
1378 473 1402 496 et
1431 477 1483 496 non
1509 468 1626 497 salttum
1645 468 1680 495 ".

895 516 972 544 Nunc
1000 521 1092 543 autem
1115 517 1141 543 in
1158 523 1226 543 voce
1243 514 1399 549 archangeli
1427 515 1608 549 praecedentis
1627 514 1682 541 Do-

896 562 1000 589 minum
1023 562 1233 589 descendentem
1255 561 1288 587 de
1311 560 1399 592 caelis,
1425 565 1452 587 et
1474 560 1500 586 in
1526 559 1682 587 clarissima

897 609 972 640 tuba,
989 607 1178 641 unusquisque
1189 606 1356 633 credentium
1372 606 1414 633 vel
1434 607 1467 633 ad
1481 606 1616 640 praelium,
1640 605 1683 632 vel

895 653 928 679 ad
946 651 1127 680 sacerdotalia
1152 650 1304 678 ministeria
1320 655 1492 684 provocatur.
1511 650 1638 684 Legimus
1655 650 1682 676 in

897 698 1076 725 Numerorum
1091 697 1161 724 libro
1175 697 1199 712 '°
1221 700 1343 724 sacratas
1362 697 1415 724 Deo
1429 696 1520 728 tubas,
1539 703 1599 730 quae
1620 699 1684 722 ante

898 742 1002 769 hostias
1024 747 1182 776 personeut.
1207 741 1253 769 Sin
1284 746 1374 769 atttem
1398 749 1496 776 magna
1511 745 1553 768 est
1567 747 1618 767 vox
1633 748 1683 766 an-

895 788 958 823 geli,
987 792 1015 814 et
1043 787 1124 820 tubze,
1149 793 1175 814 et
1197 786 1369 822 archangeli,
1395 791 1497 824 quanto
1523 785 1608 820 magis
1631 784 1684 812 erit

897 835 971 862 tuba:
987 834 1033 861 Dei
1059 842 1118 869 qua:
1135 838 1212 870 parat
1229 834 1286 860 vias
1301 834 1420 868 primum
1438 832 1629 860 dormientium
1656 835 1685 858 et

860 871 881 899 Β
898 885 1068 908 mortuorum
1084 880 1111 907 itt
1132 879 1252 912 Christo,
1279 879 1378 906 deinde
1400 886 1493 906 eorum
1514 877 1559 912 qui
1576 877 1682 909 vivunt,

896 931 924 954 et
938 926 1038 954 residui
1054 931 1131 959 sunt,
1148 930 1175 952 et
1191 925 1327 953 sermonis
1353 925 1400 952 Dei
1425 924 1616 959 przestolantur
1634 923 1683 950 ad-

895 977 1005 1000 ventum
1017 972 1028 998 ?
1039 971 1166 998 Forsitan
1180 969 1312 1004 simplicis
1332 970 1402 997 tubte
1416 970 1529 1004 clangor
1543 967 1684 995 dormien-

895 1019 970 1046 tibus
986 1022 1013 1045 et
1029 1017 1145 1044 mortuis
1173 1017 1199 1043 in
1224 1015 1333 1044 Christo
1358 1016 1528 1043 necessarius
1544 1019 1604 1048 cst;
1629 1021 1682 1041 vox

895 1070 988 1092 autem
1004 1062 1159 1096 archangeli
1185 1066 1212 1089 et
1237 1062 1306 1089 tuba:
1321 1062 1367 1089 Dci
1386 1062 1427 1089 his
1443 1062 1488 1096 qui
1504 1061 1598 1088 vivunt.
1615 1065 1642 1088 et
1655 1060 1682 1087 in

897 1111 1041 1146 praesentia
1061 1109 1107 1136 Dei
1121 1113 1305 1136 reservantur.

932 1157 1078 1184 Videamus
1094 1155 1157 1191 qttid
1175 1155 1260 1190 possit
1272 1153 1386 1188 intelligi
1405 1158 1434 1181 et
1453 1153 1478 1179 id
1494 1152 1566 1188 quod
1589 1151 1682 1186 sequi-

897 1209 941 1231 tur
954 1212 960 1231 :
973 1202 1060 1231 Simul
1077 1210 1136 1230 cum
1147 1201 1199 1229 illis
1212 1201 1346 1236 rapiemur
1359 1200 1392 1227 “.
1406 1199 1466 1232 Qtto
1481 1199 1562 1226 verbo
1576 1198 1683 1225 ostendi

898 1253 965 1284 puto
982 1249 1101 1276 subitum
1129 1248 1161 1275 ad
1180 1247 1295 1274 meliora
1314 1251 1516 1277 transcensum,
1540 1248 1567 1271 et
1581 1243 1684 1271 idcirco

898 1300 1005 1330 raptum
1020 1303 1049 1321 se
1066 1294 1186 1322 voluisse
1203 1294 1305 1324 dicere,
1322 1296 1352 1318 ut
1365 1290 1494 1318 velocitas
1515 1289 1682 1316 transeuntis

896 1348 1006 1368 sensum
1023 1339 1171 1374 cogitatttis
1185 1338 1342 1366 excederet.
1358 1335 1435 1369 Quod
1460 1339 1488 1362 et
1509 1335 1537 1362 in
1551 1335 1605 1361 alio
1621 1333 1682 1361 loco

897 1387 1018 1422 ejusdem
1035 1386 1111 1413 verbi
1129 1385 1297 1420 proprietate
1310 1383 1427 1418 signavit
1448 1392 1453 1409 :
1473 1381 1534 1408 Scio
1552 1380 1682 1406 hominem

896 1433 923 1459 in
935 1431 1041 1459 Christo
1055 1436 1115 1457 aute
1131 1438 1214 1457 annos
1228 1428 1436 1464 quatuordecim,
1452 1427 1504 1453 sive
1518 1427 1545 1453 in
1564 1432 1684 1460 corpore,

898 1478 995 1509 nescio,
1017 1476 1068 1503 sire
1087 1481 1161 1503 extra
1175 1483 1281 1509 corpus,
1297 1473 1395 1505 nescio,
1412 1472 1483 1499 Deus
1499 1471 1559 1504 scit,
1580 1474 1684 1504 raptum

899 1521 1051 1549 istiusmodi
1066 1528 1146 1555 usque
1162 1520 1196 1545 ad
1210 1519 1316 1545 tertium
1333 1517 1437 1545 cast—unt.
1459 1515 1491 1542 Et
1513 1515 1567 1542 scio
1588 1514 1686 1550 hujus-

900 1568 970 1595 modi
982 1567 1125 1598 hominem,
1146 1566 1198 1592 sive
1217 1565 1243 1590 itt
1269 1571 1391 1598 corpore,
1411 1562 1465 1589 siue
1483 1565 1559 1588 extra
1579 1567 1685 1595 corpus,

899 1615 996 1646 nescio,
1012 1613 1081 1640 Deus
1101 1613 1161 1644 scit,
1178 1611 1239 1644 quia
1259 1615 1349 1644 raptus
1372 1614 1408 1636 est
1431 1609 1459 1635 in
1480 1607 1645 1642 paradisum,
1659 1610 1684 1632 et

899 1661 998 1688 audivit
1009 1660 1086 1687 verba
1106 1657 1252 1692 ine/fabiiia
1262 1664 1319 1690 quae
1332 1663 1384 1681 non
1393 1655 1453 1681 licet
1463 1651 1684 1688 hominiloqui”.

896 1707 950 1735 Alii
970 1706 1042 1734 enim
1059 1704 1243 1740 proficientes,
1259 1706 1295 1735 et,
1313 1706 1342 1727 ut
1357 1701 1392 1727 ita
1409 1701 1507 1731 dicam,
1529 1698 1685 1732 gradientes

896 1756 930 1783 ad
950 1755 1053 1789 majora
1067 1751 1241 1782 crescebant,
1257 1750 1343 1776 donec
1359 1747 1466 1778 tierent,
1479 1746 1559 1781 juxta
1572 1745 1599 1772 id
1612 1743 1685 1780 quod

897 1802 1028 1835 scriptum
1047 1803 1098 1831 est,
1120 1797 1209 1831 magni
1237 1794 1311 1822 ralde
1338 1793 1415 1819 nimis
1436 1792 1459 1807 ³³
1478 1799 1485 1825 ;
1504 1796 1533 1819 et
1551 1791 1684 1825 quosdatn

897 1846 923 1873 in
940 1845 1041 1872 emtum
1064 1846 1219 1876 assmnptos
1242 1840 1368 1874 legimus.
1392 1836 1493 1864 Paulus
1519 1841 1610 1862 autetn
1635 1842 1685 1862 vas

897 1890 1038 1919 electionis
1051 1890 1078 1916 in
1091 1881 1200 1915 tertium
1223 1884 1323 1913 coelum
1349 1888 1442 1917 raptus
1458 1881 1589 1913 ascendit,
1606 1884 1633 1907 et
1645 1880 1686 1907 id-

899 1938 974 1965 circo
990 1936 1096 1963 audivit
1110 1934 1192 1961 verba
1212 1930 1369 1959 ineffabilia.
1386 1929 1526 1963 Quomodo
1550 1933 1642 1955 autem
1656 1927 1684 1954 hi

898 1984 943 2019 qui
966 1982 1107 2017 rapiuntur
1126 1980 1155 2006 in
1178 1979 1301 2010 nubibus,
1322 1977 1464 2011 rapiantur
1484 1974 1585 2002 obuiam
1607 1973 1685 2000 Chri.

899 2035 940 2056 sto
952 2028 986 2061 ",
1002 2027 1158 2062 diligentius
1182 2025 1420 2059 contemplandum
1435 2027 1486 2049 est.
1511 2021 1618 2048 Scimus
1631 2027 1682 2046 nu-

897 2074 945 2102 bes
960 2073 1118 2109 prophetas,
1135 2072 1230 2106 quibus
1249 2069 1377 2104 prtecepit
1391 2067 1491 2095 Deus"
1507 2073 1540 2093 ne
1558 2065 1685 2100 pluercnt

898 2128 978 2156 super
993 2119 1119 2147 lsraelem
1139 2118 1265 2149 imbrem,
1282 2117 1389 2151 quando
1407 2114 1587 2148 impleverunt
1603 2119 1682 2138 men-

900 2174 991 2194 surant
1007 2168 1113 2200 patrum
1130 2171 1240 2190 suorunt
1256 2162 1290 2194 ³⁵,
1307 2167 1334 2189 et
1349 2161 1418 2187 facta
1434 2164 1476 2187 est
1498 2159 1542 2185 lex
1565 2161 1593 2185 et
1617 2164 1682 2192 pro-

860 2217 882 2244 υ
900 2213 992 2247 pheta:
1011 2217 1097 2244 usque
1127 2209 1160 2235 ad
1186 2207 1319 2235 Joannem
1347 2206 1495 2241 Baptistam
1517 2204 1550 2232 ’7.
1571 2203 1605 2230 Et
1620 2203 1682 2238 quia

900 2259 970 2286 Deus
991 2256 1082 2291 posuit
1095 2256 1121 2282 in
1134 2254 1254 2282 Ecclesia
1270 2252 1386 2288 primum
1402 2250 1550 2286 apostolos,
1563 2249 1683 2277 secundo

901 2303 1048 2339 prophetas
1062 2302 1095 2335 ⁸⁸,
1114 2309 1166 2328 ιιοιι
1191 2299 1279 2327 solmn
1298 2297 1445 2333 prophetat,
1464 2298 1511 2323 sed
1524 2300 1551 2323 et
1568 2295 1684 2331 apostoli

899 2350 984 2377 nubes
1010 2346 1177 2383 intelligendi
1203 2350 1275 2373 sunt.
1297 2344 1401 2378 Siquis
1427 2343 1509 2378 igitur
1528 2342 1632 2377 rapitur
1648 2342 1684 2369 ad

896 2397 1047 2429 Christum,
1063 2393 1186 2422 ascendit
1204 2399 1287 2426 super
1306 2391 1391 2418 nubes
1404 2390 1470 2425 legis
1487 2394 1515 2417 et
1533 2388 1682 2424 Evangelii,

897 2450 979 2478 super
996 2442 1143 2477 prophetas
1158 2445 1185 2468 et
1202 2438 1338 2476 apostolos
1351 2447 1358 2479 j,
1369 2443 1397 2465 ct
1412 2436 1560 2471 assumptis
1575 2436 1626 2463 alis
1637 2443 1685 2463 co-

897 2490 1005 2523 luntbm,
1031 2495 1181 2523 eorumque
1208 2486 1329 2514 doctrina
1362 2485 1396 2512 ad
1421 2483 1527 2511 excelsa
1549 2483 1682 2515 sublatus,

896 2537 1027 2568 occurrit,
1056 2543 1108 2562 non
1131 2535 1269 2565 deorsum,
1287 2532 1334 2559 sed
1357 2531 1384 2558 in
1411 2537 1484 2563 aere,
1502 2535 1530 2557 et
1546 2528 1681 2564 spirituali

896 2582 1075 2618 intelligentia
1107 2580 1324 2614 Scripturarum.
1359 2577 1512 2605 Occurrens
1538 2580 1628 2603 autem
1654 2575 1680 2602 in

898 2630 1092 2666 spiritualibus,
1118 2633 1146 2656 ct
1177 2633 1284 2656 terrena
1316 2624 1467 2656 dimittens,
1499 2623 1557 2651 sive
1578 2622 1624 2649 ille
1647 2621 1684 2650 sit

911 2719 932 2734 ⁷³
947 2717 1020 2744 Psal.
1030 2724 1124 2747 cxxxt,
1138 2714 1166 2747 2,
1176 2713 1203 2746 Α,
1215 2713 1242 2740 5.
1280 2710 1323 2738 ⁸⁰1
1340 2710 1436 2747 Thess.
1449 2711 1544 2747 vnts.
1582 2710 1682 2747 “ibid.

1140 2736 1403 2781 ὗλῖξλοειιίιίὲὖ.
1419 2736 1464 2762 id“
1481 2736 1543 2773 'lsa.
1555 2753 1598 2778 xu,

1013 2787 1020 2798 !
1030 2796 1035 2798 .
1052 2786 1059 2798 I
1074 2794 1106 2798 ..ιι
1141 2792 1176 2798 ι...
1213 2784 1247 2798 ω
1296 2783 1319 2798 90
1331 2782 1398 2798 Nu-n
1433 2789 1448 2798 ν
1485 2781 1518 2798 In
1528 2790 1534 2796 ι
1556 2789 1617 2798 νυνι
1654 2782 1670 2798 ﬂ

983 2822 1005 2838 “
1017 2818 1157 2853 ΙἸΊιοεΑν,
1175 2820 1216 2847 l6.
1255 2819 1277 2836 9“
1291 2818 1351 2846 lsai.
1364 2825 1387 2850 v,
1397 2819 1424 2845 6.
