1851 3054
169 125 238 153 151ὶό

806 128 969 157 ORIGENIS
988 128 1200 158 FRAGMENTA

1740 135 1797 162 ISM

166 186 314 218 dormiens,
330 186 386 214 sive
415 187 440 214 in
460 187 568 215 Christo
589 192 721 220 mortuus,
744 188 801 216 sive
818 189 912 216 vivens
927 194 953 217 et
970 193 990 221 Α
1006 190 1068 223 erit,
1084 195 1111 218 et
1128 191 1283 225 perfrrretur
1302 189 1388 218 Verbo
1415 191 1476 224 Dei,
1501 196 1528 219 et
1556 191 1713 227 sapientia,
1734 194 1797 220 veri-

166 241 193 259 tn
217 231 289 260 illius
306 233 477 266 prtt‘scntiam
505 238 671 266 reservatus,
695 242 805 270 semper
829 243 890 263 cum
907 235 952 262 illo

1008 241 1073 269 tale,
1091 243 1173 272 alque
1182 236 1302 272 justitia.

168 309 1793 324 .———————_—_———_—‘

517 387 570 418 EX
589 387 708 418 LIBRO
725 387 915 419 ORIGENIS
931 387 971 418 IN
985 388 1215 419 EPISTOLAM
1232 389 1286 419 AD
1299 389 1439 420 TITUM.

198 470 236 499 De
246 479 276 498 eo
284 471 399 506 capitulo
414 472 440 498 in
457 480 508 506 quo
520 472 584 498 dicit
597 471 737 505 Apostolus
746 478 756 496 :
769 480 779 498 ι
794 470 952 498 ereticnm
970 471 1102 498 hominem
1122 476 1180 505 post
1193 480 1272 498 tinam
1285 472 1473 503 correptionem
1486 472 1586 506 devita,
1605 473 1696 499 sciens
1710 473 1767 507 quis

530 515 665 541 pervertitis
675 511 723 539 est,
740 512 762 534 et
774 512 874 543 peccat,
888 507 977 542 quiest
988 513 1147 542 asentettpso
1155 507 1294 534 damnatus
1310 507 1365 544 (90)
1385 525 1395 542 ,

196 667 300 695 Nomen
316 667 438 700 lrmresis,
457 672 590 702 quantum
615 675 666 702 ego
681 667 885 702 deprehendere
900 675 949 702 po-
965 669 986 696 Β
1004 672 1067 693 eum
1087 665 1199 699 fecerat,
1218 670 1247 692 ut
1262 664 1384 692 mitteret
1406 664 1504 692 Filium
1534 672 1616 692 suum
1644 665 1680 690 art
1709 664 1796 691 mundi

161 715 209 747 tni,
226 715 309 742 etiarn
325 715 350 741 in
365 715 483 749 Epistola
500 715 532 742 ad
547 715 703 742 Corinthios
721 714 882 749 designatur
899 715 950 742 hoc

160 761 255 788 modo:
270 760 452 794 Oportetenim
462 761 573 788 litoreae:
585 769 652 792 esse,
666 761 803 795 utprobati
816 760 949 795 mani/esti

159 806 225 840 [iam
246 806 314 833 inter
329 814 372 833 vos
387 807 405 832 '.
422 806 453 833 Et
468 806 565 833 iterum
583 806 618 832 ad
633 806 755 837 Galatas,
774 806 846 832 inter
867 811 948 840 opera

158 851 251 879 carnis
268 852 378 879 lrzeresis
388 859 497 887 quoque
513 859 611 879 nomen
629 852 788 885 ascribitur,
803 851 877 879 sicut
890 851 947 879 ait:

160 897 304 932 Manifesta
317 903 405 925 autem
417 903 478 925 sunt
495 906 573 933 opera
589 899 689 930 carnis,
707 906 765 932 qua:
785 903 845 925 sunt
861 897 947 933 [orni-

157 944 237 976 catio,
252 944 432 977 immunditia,
449 945 623 979 impudicitia,
633 944 795 976 idololatria,
809 944 948 978 veneﬁcia,

157 989 317 1022 ininticitia',
350 991 540 1024 contentiones,
573 991 764 1023 wmulatianet,
787 991 846 1024 ine,
870 992 947 1028 rixae,

157 1035 310 1068 discordiw,
318 1036 441 1069 [κω-εδει,
449 1038 598 1071 ebrietates,
606 1039 822 1072 comessationes,
830 1043 853 1065 et
861 1039 902 1065 his
911 1038 948 1065 si-

158 1081 243 1114 milia,
254 1083 435 1116 qua'pra'dico
445 1083 659 1118 vobis,quoniam
669 1083 714 1120 qni
728 1083 792 1111 talia
801 1088 894 1119 agunt.
902 1093 945 1111 τε-

156 1134 235 1160 gnum
261 1126 310 1153 Dei
320 1135 372 1154 non
392 1128 592 1162 possidebunt”.
605 1129 658 1156 Per
674 1137 734 1164 qua:
754 1131 945 1164 cognoscimus

156 1173 295 1206 quoniam,
319 1173 390 1200 sicut
414 1173 440 1200 Ιιὶ
453 1173 499 1208 qui
515 1174 753 1207 fornicationibus,
772 1175 813 1204 vel
829 1176 945 1204 immun-

155 1219 241 1251 ditiis,
251 1224 333 1254 atque
347 1219 532 1255 impttdieitiis,
544 1225 571 1248 et
580 1221 713 1249 idolorum
729 1221 845 1250 cultibus
855 1230 946 1250 macu-

155 1265 202 1293 lati
219 1270 293 1299 sunt,
308 1274 420 1301 regnum
431 1266 476 1294 Dei
493 1273 545 1294 nou
560 1268 746 1302 possidebunt,
768 1269 803 1296 ita
813 1274 841 1297 et
853 1269 879 1296 hi
897 1269 944 1305 qui

155 1311 182 1338 in
207 1311 333 1340 haeresim
355 1312 563 1340 decliuaverint.‘
587 1313 679 1348 Neque
699 1315 771 1341 enim
793 1314 942 1349 putandum

155 1361 199 1383 est
216 1357 281 1384 tanti
294 1356 416 1391 Apostoli
432 1363 484 1384 tam
504 1357 655 1385 absolutaru
687 1359 847 1386 sententiam
863 1366 943 1394 posse

153 1402 208 1429 nilo
219 1409 318 1437 genere
331 1402 470 1431 vacillare.
486 1403 631 1438 Apostolus
656 1403 729 1430 ettim
755 1409 797 1430 est
821 1404 943 1432 omnium

153 1447 336 1478 Ecclesiarum
355 1447 471 1481 Christi,
492 1457 543 1476 non
556 1449 588 1475 ab
605 1449 719 1483 homine,
737 1458 818 1485 neque
835 1458 880 1485 per
896 1451 944 1477 Ito-

153 1495 261 1527 minem,
278 1495 325 1522 sed
347 1504 393 1529 per
412 1494 505 1522 Iesum
525 1495 669 1529 Christum,
687 1500 712 1523 et
735 1496 819 1524 Deum
834 1497 942 1524 Patrem

152 1541 255 1569 electus
269 1542 290 1568 ³.
312 1541 394 1577 695
417 1541 563 1576 Propterea
584 1550 660 1577 ergo,
681 1544 829 1570 secttndttm
851 1549 942 1571 aucto-

152 1589 261 1614 ritatem
273 1588 415 1615 sententiae
435 1588 530 1622 ipsius,
542 1594 652 1623 oportet
673 1597 733 1622 nos,
749 1590 820 1617 sicut
838 1590 941 1625 reliqua

153 1634 222 1661 mala
234 1642 294 1668 qua:
309 1635 473 1668 numeravit,
488 1635 524 1662 ita
536 1636 617 1662 etiam
633 1643 731 1663 nomen
744 1636 855 1664 hmresis
872 1637 942 1664 devi-

153 1684 224 1712 tare,
239 1686 325 1714 neque
335 1686 396 1707 curn
411 1679 509 1707 talibtts
524 1680 656 1708 orationis
673 1682 803 1710 societate
820 1683 939 1710 misceri.

153 1733 186 1760 Et
203 1738 260 1769 post
279 1734 335 1761 Ita'c
349 1735 442 1768 paucis
457 1734 614 1769 quibusdam
631 1744 677 1769 per
695 1737 810 1764 medium
834 1738 940 1766 insertis

496 1770 610 1804 adjecit:

186 1815 256 1848 Quid
276 1822 340 1843 vero
355 1815 390 1843 sit
411 1815 556 1844 haereticus
581 1817 674 1850 homo,
701 1825 750 1852 pro
766 1819 870 1846 viribus
890 1827 938 1846 n0-

151 1862 216 1889 stris
245 1863 395 1890 secundum
417 1863 488 1897 quod
507 1863 611 1890 sentire
627 1871 783 1898 possumus,
800 1865 939 1893 describa-

151 1915 223 1935 mus.
243 1907 337 1936 Omnis
354 1908 401 1942 qui
419 1916 448 1935 se
473 1908 582 1936 Christo
604 1910 717 1937 credere
738 1910 894 1944 confitetur,
911 1915 939 1939 et

151 1959 241 1981 tamen
260 1953 342 1981 alium
367 1954 452 1982 Deum
473 1955 540 1990 legis
565 1959 592 1983 et
621 1956 826 1991 prophetarum,
853 1958 937 1986 alium

151 1999 361 2035 Evangeliorutn
387 2000 472 2027 Deum
489 2001 563 2034 dicit,
592 2006 620 2028 et
642 2001 750 2030 Patrem
768 2003 873 2031 Domini
890 2011 938 2031 no-

149 2045 199 2072 stri
217 2044 280 2073 Jesu
298 2046 400 2073 Christi
415 2054 467 2074 non
492 2054 553 2074 cum
575 2047 642 2074 dicit
658 2056 718 2075 csse
737 2049 783 2083 qtri
805 2057 819 2075 a
838 2048 896 2084 lege
910 2053 937 2077 et

151 2091 292 2126 prophetis
308 2091 482 2126 pra-dicatur,
496 2092 542 2119 sed
560 2092 644 2119 alium
658 2094 751 2121 nescio
769 2102 847 2128 quem
863 2094 938 2129 igno-

149 2143 206 2164 ttttn
221 2137 349 2164 omnibus
365 2142 447 2172 atque
461 2137 585 2165 omnibus
601 2139 764 2172 iuattditttm,
783 2140 936 2174 ltujusntodi

148 2182 272 2210 homines
288 2183 432 2210 htereticos
447 2183 631 2218 desiguamus,
646 2185 794 2218 quamlibet
808 2186 890 2213 variis
905 2194 937 2213 ac

149 2229 266 2256 divorsis
284 2234 308 2256 et
324 2229 454 2257 fabulosis
470 2230 635 2258 concinnem
648 2232 697 2258 ista
710 2232 855 2267 ﬁgmentis,
867 2233 936 2260 sicut

150 2279 303 2302 sectatores
328 2273 485 2307 Marcionis.
503 2279 530 2302 et
545 2274 693 2310 Valentini,
709 2282 735 2304 et
759 2277 893 2308 Basilidis.
908 2283 935 2305 et

150 2321 176 2348 lii
194 2321 238 2355 qtri
257 2328 285 2348 se
298 2321 449 2348 Tethianos
461 2321 609 2356 appellant.
628 2322 681 2349 Sed
696 2326 724 2350 et
738 2323 855 2358 Apelles,
871 2323 936 2351 licet

151 2373 203 2392 tton
224 2366 352 2393 omnibus
379 2367 466 2393 modis
484 2366 530 2393 Dei
552 2374 612 2394 csse
642 2367 756 2402 deneget
784 2368 870 2404 legem
893 2370 935 2396 vel

149 2411 306 2445 prophetas,
337 2416 426 2439 tamen
454 2417 481 2439 et
511 2413 568 2447 ipse
595 2413 741 2441 haereticus
766 2415 932 2450 designatur,

148 2456 278 2490 quoniam
301 2457 444 2485 Dotninurn
473 2458 545 2486 itllttc
563 2459 610 2494 qui
631 2459 758 2487 mundutn
778 2461 874 2493 edidit,
901 2461 933 2488 ad

148 2502 263 2536 gloriam
290 2502 401 2532 alterius
429 2505 540 2540 ingeniti
567 2511 595 2533 et
621 2505 683 2533 Itoni
710 2507 754 2534 Dei
783 2515 843 2534 eum
867 2515 934 2534 con-

147 2547 279 2575 struxisse
297 2550 456 2582 prormntiat
470 2558 478 2577 :
492 2550 565 2578 illum
575 2555 663 2578 autem
685 2551 833 2586 ingenitum
849 2553 932 2580 Deum

148 2595 175 2621 ιιι
191 2594 426 2622 consummatione
445 2596 534 2624 saeculi
556 2598 662 2625 misisse
682 2597 774 2626 Jesum
793 2597 931 2626 Christum

147 2640 181 2667 ad
197 2639 415 2667 emendationem
433 2642 536 2675 mundi,
559 2648 679 2677 rogatum
702 2643 735 2670 ab
755 2651 787 2672 eo
813 2644 867 2672 Dco
885 2647 931 2680 qui

184 2712 206 2728 ⁹⁹
226 2712 280 2740 Tit.
300 2720 343 2745 ιιι,
363 2712 408 2745 10,
427 2714 466 2741 Il.
504 2714 609 2742 ‘lCor.
625 2717 716 2748 xt,l’.).

182 2793 239 2827 (30)
266 2793 303 2820 lix
328 2794 454 2830 Apologia
480 2795 611 2830 Pamphili
639 2797 765 2831 martyris
794 2805 841 2832 pro
869 2798 928 2825 Ori-

147 2835 238 2896 μῗόί)
254 2863 305 2890 Sed
330 2870 352 2891 et
382 2873 422 2892 eos
447 2866 489 2901 qui
510 2866 648 2893 Itontinrm.
677 2867 805 2894 [inrorant
831 2867 929 2902 Βριμιὶ

755 2719 764 2732 ¹
776 2716 863 2744 Galat.
877 2726 904 2750 ν,
923 2718 996 2746 Ιῡοίὶι
1006 2739 1012 2745 .

1003 712 1045 740 sui
1067 712 1274 740 correctionem.
1304 711 1337 738 Et
1366 711 1389 738 si
1418 711 1529 746 quidem
1557 711 1603 738 hic
1627 711 1796 738 solummodo

1003 758 1048 793 qui
1063 758 1096 784 de
1112 757 1166 784 Deo
1180 756 1261 784 Patre
1277 756 1358 784 aliter
1370 757 1454 784 sentit
1470 763 1553 791 quam
1574 755 1670 791 regula
1689 756 1796 790 pictatis

1002 804 1136 839 exposcit,
1154 804 1298 832 haereticus
1319 804 1460 831 habendus
1471 807 1556 834 esset,
1576 802 1719 830 sumeret
1741 803 1793 829 nti-

1002 859 1055 887 que
1086 851 1158 886 quod
1184 852 1308 886 superius
1329 851 1432 879 dictum
1460 856 1512 878 est.
1540 851 1594 878 Sed
1619 858 1694 877 nunc
1714 858 1795 876 unum

1002 903 1084 932 atque
1101 898 1170 925 idem
1189 898 1353 926 credendunt
1367 903 1410 925 est
1430 898 1511 924 etiam
1526 898 1559 925 de
1576 905 1609 925 eo
1627 897 1675 931 qui
1694 897 1728 923 de
1742 897 1793 923 Do-

1002 945 1076 972 mino
1093 949 1187 972 nostro
1203 943 1265 972 .lcsu
1279 944 1389 972 Christo
1403 944 1462 972 falsi
1477 944 1579 979 aliquid
1595 943 1795 975 senserit,sive

1001 992 1150 1018 secundttm
1166 999 1213 1019 eos
1227 991 1274 1026 qui
1289 991 1385 1019 dicunt
1402 999 1462 1019 eum
1486 999 1519 1018 ex
1542 990 1644 1024 Ioseph
1665 994 1692 1016 et
1710 989 1793 1016 Maria

1001 1041 1106 1069 natum,
1124 1037 1195 1065 sicut
1219 1043 1283 1065 sunt
1306 1037 1440 1065 Ebionitaa
1463 1041 1491 1065 ct
1506 1037 1714 1068 Valentiniani;
1737 1037 1793 1063 sive

1000 1083 1148 1110 secundum
1168 1091 1215 1111 eos
1235 1084 1281 1118 qui
1309 1085 1521 1119 primogenitum
1546 1092 1609 1112 eum
1631 1088 1743 1117 negant,
1767 1088 1794 1109 et

1001 1129 1087 1155 totius
1102 1133 1236 1156 creatura:
1252 1129 1348 1162 Deutn,
1374 1135 1403 1157 et
1420 1129 1550 1162 Verbum,
1574 1134 1602 1157 et
1621 1129 1791 1163 Sapientiam

1000 1182 1059 1209 quae
1074 1179 1115 1202 est
1139 1175 1245 1202 initium
1260 1176 1366 1202 viarum
1387 1175 1434 1203 Dei
1456 1181 1602 1211 antequam
1629 1175 1735 1209 aliquid
1749 1176 1794 1201 tie-

1000 1225 1050 1253 ret,
1062 1225 1125 1248 ante
1137 1221 1236 1249 smcula
1250 1221 1403 1255 fundatam,
1419 1227 1502 1257 atque
1519 1227 1583 1249 ante
1598 1228 1697 1248 omnes
1710 1220 1793 1247 collos

998 1273 1155 1302 generatam
1174 1269 1203 1301 ‘;
1224 1269 1271 1296 sed
1296 1269 1434 1296 hominem
1457 1268 1545 1296 solum
1559 1275 1621 1296 eum
1641 1268 1766 1294 dicentes
1783 1276 1791 1292 :

970 1314 1039 1356 vvel
1055 1315 1202 1342 secundant
1216 1323 1263 1342 eos
1277 1315 1322 1350 qui
1347 1316 1430 1342 Deum
1445 1316 1555 1350 quidem
1573 1321 1635 1341 curn
1653 1313 1790 1345 fatentur,

999 1366 1050 1386 non
1069 1364 1159 1387 tamen
1174 1360 1357 1394 assumpsisse
1378 1361 1497 1387 animant
1524 1366 1678 1393 corpusque
1703 1364 1791 1385 terre-

998 1412 1060 1430 ntttn
1089 1412 1095 1430 :
1122 1404 1169 1439 qui
1192 1405 1242 1432 sub
1258 1405 1349 1439 specie
1364 1404 1442 1440 quasi
1467 1404 1607 1439 amplioris
1623 1403 1719 1439 gloria:
1737 1402 1791 1430 Do-

998 1449 1071 1476 mino
1086 1449 1151 1477 Jesu
1166 1450 1331 1482 deferendze,
1348 1450 1439 1477 omnia
1453 1457 1515 1484 quze
1529 1449 1563 1476 ab
1576 1457 1608 1476 eo
1623 1454 1700 1484 gesta
1714 1453 1789 1479 sunt.

997 1497 1053 1523 visa
1071 1497 1127 1531 geri
1151 1496 1238 1532 magis
1263 1504 1344 1531 qualn
1369 1503 1432 1523 vere
1452 1500 1529 1531 gesta
1549 1503 1609 1523 esse
1632 1500 1788 1522 testantur:

996 1542 1098 1576 quiqttc
1113 1549 1162 1569 nec
1179 1541 1213 1569 de
1227 1542 1332 1576 virgine
1348 1546 1441 1569 tratum
1459 1542 1592 1574 fatentur,
1610 1540 1658 1568 sed
1678 1542 1789 1576 triginta

996 1595 1129 1614 annorum
1153 1589 1242 1615 virttm
1270 1595 1333 1615 eum
1361 1588 1522 1623 apparuisse
1546 1588 1573 1614 itt
1600 1586 1707 1614 Iudaea.
1736 1587 1791 1614 Alii

996 1641 1061 1661 vero
1079 1641 1112 1660 ex
1129 1633 1235 1668 virgine
1247 1633 1355 1668 quidem
1371 1641 1436 1660 eum
1449 1632 1565 1660 credunt
1580 1640 1640 1659 esse
1656 1633 1791 1667 progeni-

996 1683 1051 1706 tum
1065 1688 1073 1712 ;
1093 1679 1140 1707 sed
1153 1684 1263 1713 putasse
1276 1686 1306 1706 se
1320 1679 1407 1714 magis
1422 1679 1554 1713 virginem
1570 1678 1725 1713 peperisse,
1735 1687 1790 1705 non

996 1731 1086 1753 tamen
1106 1733 1169 1753 vere
1190 1726 1328 1760 peperisse
1341 1726 1518 1753 confirmant.
1534 1725 1659 1752 Latuisse
1683 1725 1790 1759 quippe

993 1772 1076 1798 etiam
1092 1771 1228 1806 virginem
1249 1771 1378 1806 putativa:
1390 1771 1575 1806 generationis
1589 1775 1720 1797 asserunt
1741 1777 1788 1797 $.1-

993 1823 1173 1845 cramentum.
1200 1817 1251 1852 Qui
1276 1818 1414 1852 quomodo
1430 1825 1483 1844 tton
1507 1818 1541 1845 ab
1559 1817 1681 1844 Ecclesia
1709 1817 1789 1851 longe

993 1864 1109 1898 ponendi
1135 1870 1209 1896 sunt,
1230 1871 1292 1891 curn
1319 1863 1480 1898 plrilarchize
1502 1864 1596 1890 ntorbo
1622 1863 1788 1897 languentes

993 1909 1119 1945 dogmata
1135 1910 1294 1943 statuerint,
1319 1909 1420 1944 quibus
1441 1909 1473 1936 ad
1490 1916 1568 1936 suum
1585 1916 1686 1936 nomen
1703 1908 1789 1935 disci-

993 1956 1070 1991 pulos
1084 1956 1272 1983 declinarent?
1300 1956 1353 1983 Sed
1376 1960 1404 1983 et
1430 1963 1478 1983 eos
1493 1956 1539 1990 qui
1562 1955 1702 1982 hominem
1729 1956 1787 1990 (Et!)

993 2000 1086 2028 dicuttt
1104 2000 1248 2027 Dominum
1265 2000 1357 2028 .lcsum
1377 2001 1572 2035 praecognitum
1589 2004 1617 2026 ct
1638 2000 1786 2033 praedesti-

994 2052 1098 2080 natum,
1122 2047 1248 2081 quiante
1274 2048 1417 2074 adventum
1439 2046 1577 2074 carnalem
1592 2046 1785 2072 substantiali-

993 2098 1034 2120 ter
1048 2098 1074 2120 et
1088 2094 1198 2128 proprie
1215 2101 1268 2120 nott
1285 2093 1431 2125 exstiterit,
1443 2093 1489 2120 sed
1505 2092 1576 2126 quod
1594 2092 1678 2118 homo
1704 2097 1785 2118 natus

992 2139 1080 2167 Patris
1094 2140 1179 2167 solatn
1197 2139 1223 2166 in
1240 2147 1270 2165 se
1285 2139 1410 2166 habuerit
1426 2138 1566 2170 deitatem,
1589 2145 1622 2164 ne
1644 2137 1709 2165 illos
1724 2138 1785 2171 qui-

991 2186 1052 2213 dem
1066 2186 1126 2212 sine
1150 2185 1270 2220 periculo
1290 2192 1350 2212 esse
1374 2184 1507 2212 Ecclesia.-
1524 2191 1640 2210 nuntero
1655 2184 1758 2210 sociari
1776 2191 1783 2208 :

990 2232 1062 2258 sicut
1083 2235 1110 2257 et
1135 2230 1196 2257 illos
1223 2229 1268 2265 qui
1290 2229 1482 2264 superstitiose
1507 2228 1593 2263 magis
1615 2235 1700 2262 quant
1719 2228 1784 2254 reli-

990 2277 1075 2311 giose,
1092 2277 1130 2303 ttti
1155 2283 1189 2303 ne
1216 2276 1360 2303 videantur
1383 2274 1453 2302 duos
1475 2274 1541 2301 deos
1564 2274 1666 2305 dicere,
1695 2280 1784 2307 neque

990 2330 1097 2349 rursum
1116 2330 1217 2357 negare
1232 2322 1381 2349 Salvatoris
1390 2321 1530 2352 deitatem,
1545 2327 1626 2347 unam
1640 2319 1784 2346 eamdem-

989 2376 1042 2402 que
1055 2368 1260 2396 subsistentiam
1273 2367 1364 2394 Patris
1385 2374 1418 2394 ac
1435 2366 1495 2394 Filii
1512 2370 1683 2396 asseverant,
1701 2365 1726 2390 id
1739 2368 1784 2390 est

987 2415 1040 2441 duo
1051 2415 1159 2449 quidem
1175 2414 1282 2441 nomina
1302 2413 1451 2440 secundum
1469 2411 1655 2438 diversitatem
1672 2418 1760 2438 causa
1771 2424 1781 2429 -

988 2469 1046 2488 ruttt
1061 2461 1250 2495 recipientem,
1266 2467 1345 2486 unam
1357 2463 1444 2485 tartten
1454 2459 1604 2484 ὑπόστασιν
1617 2457 1780 2489 subsistere,

988 2508 1013 2534 id
1028 2513 1082 2539 est,
1106 2515 1189 2534 unam
1218 2513 1361 2541 personant
1382 2506 1489 2532 duobus
1511 2504 1672 2531 nominibus
1690 2503 1783 2535 subj:-

987 2559 1104 2586 ceuteru,
1118 2553 1164 2588 qui
1187 2553 1282 2580 Latine
1307 2551 1501 2586 Patripassiani
1520 2550 1706 2585 appellantur.
1727 2549 1781 2575 Sed

987 2601 1046 2628 etsi
1062 2601 1106 2635 qui
1123 2605 1186 2627 sunt
1200 2600 1246 2634 qui
1265 2599 1396 2634 Spiritum
1419 2602 1543 2624 sanctum
1565 2598 1649 2624 aliunt
1667 2597 1779 2631 quidem

987 2647 1078 2674 dicant
1092 2654 1152 2674 esse
1168 2646 1214 2681 qui
1231 2645 1281 2672 fuit
1299 2645 1324 2672 itr
1350 2645 1503 2680 prophetis,
1521 2644 1604 2670 alium
1623 2648 1716 2670 autent
1733 2645 1780 2678 qui

1052 2718 1158 2746 ’Galat.
1175 2727 1193 2752 t,
1213 2719 1235 2744 l.
1274 2722 1285 2734 ⁸
1299 2717 1378 2744 Prov.
1396 2723 1453 2747 vtu,
1465 2714 1512 2746 ‘22,
1531 2715 1580 2745 25,
1594 2714 1642 2741 20'.

986 2798 1179 2831 liostrettorum
1201 2798 1319 2831 episcopi
1345 2798 1389 2824 hic
1415 2797 1543 2827 designat
1569 2796 1717 2831 Origenes.
1744 2797 1778 2822 De

985 2832 1257 2895 ltarcc_lt:nresi8vide
1274 2833 1344 2868 quod
1356 2832 1477 2860 diximus
1490 2832 1681 2866 Origcnianor.
1702 2833 1749 2860 lih.
1760 2839 1777 2862 λ,

985 2876 1046 2895 can.
1065 2875 1091 2895 ο.
1106 2872 1157 2894 art.
1195 2886 1201 2894 .

985 2876 1046 2903 cap.
1064 2872 1091 2900 ἰ),
1106 2872 1157 2894 art.
1176 2872 1201 2895 δ.
1219 2896 1223 2902 ,
