1851 3054
190 139 257 167 15ι17

538 137 698 166 ORlGENlS
715 137 926 166 FRAGMENTA
947 138 978 166 IN
999 138 1191 166 EPlST‘JLUi
1212 140 1256 166 AD
1277 139 1456 169 HEBR‘EOS.

1740 144 1794 173 i308

190 200 261 228 latus
287 205 328 228 est
345 208 351 226 :
372 204 398 226 et
416 199 448 226 dc
470 198 536 231 Noe,
550 200 612 233 quia
630 206 757 234 responsa
770 200 874 233 accepit
890 204 919 226 ut
933 199 972 226 fa-
988 204 1011 232 Α
1026 200 1095 235 perit
1113 209 1119 226 :
1139 205 1165 226 ct
1193 200 1226 226 de
1252 200 1334 227 David
1357 208 1435 234 quem
1459 201 1604 235 assumpsit
1626 200 1752 229 Dominus
1771 205 1796 230 ab

190 246 311 273 bricaret
324 253 425 277 arcam,
443 250 470 273 ct
482 245 556 272 solus
569 246 689 273 salvatus
705 250 747 272 est
759 254 790 273 ex
804 246 904 272 diluvio
913 253 972 273 cum

190 292 233 318 Itis
248 291 434 318 tantummodo
445 292 490 326 qui
506 299 600 318 secum
614 299 703 318 arcam
722 291 830 318 fuerant
846 291 972 326 ingrcssi.

188 337 320 364 Similiter
336 341 363 363 et
387 337 421 363 de
443 337 591 368 Abraham,
614 336 685 370 quod
705 336 834 364 meruerit
852 336 974 363 testimo-

190 384 263 410 nium
280 383 336 416 Dti,
349 387 374 410 et
385 383 456 417 quod
467 382 617 416 susceperit
629 382 756 417 hospitio,
767 390 826 409 cutn
840 386 913 408 esset
924 382 973 408 sub

188 429 252 457 ilice
275 429 406 461 lilambre,
427 433 481 456 tres
496 429 568 456 viros
585 437 615 457 ex
634 429 733 463 quibus
758 436 827 456 unus
844 428 973 455 Dominus

189 481 259 503 erat.
278 475 371 502 Credit
386 480 413 502 et
428 475 462 502 de
478 475 552 502 lsaae
566 475 607 502 vel
625 476 759 509 quomodo
775 479 854 502 natus
866 479 917 506 est,
931 474 973 501 vel

189 522 323 556 quomodo
336 521 442 548 oblatus
457 526 497 548 est
515 529 529 547 a
545 525 629 555 patre,
642 521 683 548 vel
698 521 832 555 quomodo
846 528 972 554 responsa

189 567 236 594 Dei
254 566 349 593 audire
368 567 499 593 meruerit
521 575 527 593 :
550 568 596 593 sed
612 571 639 594 et
655 567 687 593 de
703 566 790 594 Jacob
806 566 894 601 quod,
912 573 972 592 mu-

190 617 245 638 tato
259 612 380 643 nomine,
395 611 478 639 lsraei
495 619 510 638 a
526 612 581 638 Deo
596 612 802 646 cognominatus
813 617 853 638 est
874 620 880 637 :
900 616 926 639 et
941 612 974 639 de

187 656 269 691 697
285 655 386 691 Moyse.
408 656 478 690 quod
494 663 541 690 per
557 656 631 690 signa
648 661 674 683 et
705 656 818 683 virtutes
833 657 972 683 ministra»

189 703 258 728 verit
280 701 345 728 Deo.
363 701 455 728 Credit
472 706 498 728 et
519 702 590 736 quod
605 700 684 728 Jesus
702 701 775 728 Nave
796 701 939 728 exauditus
957 710 972 728 a

190 748 255 780 Deo,
273 753 346 775 stare
369 747 465 774 fecerit
486 747 571 774 solent
593 755 675 781 super
696 746 818 779 Gabaou,
833 752 859 773 et
880 747 972 774 lunam

188 801 270 827 super
284 793 378 819 vallem
398 791 492 820 llelon.
517 792 584 827 Quid
608 798 697 819 autem
721 793 861 819 dicenduttt
887 792 974 819 estde

191 838 312 865 ﬁdelibus
323 838 476 871 judiciltus,
493 843 520 865 et
536 838 568 864 de
584 838 626 865 his
639 845 698 873 quae
711 846 759 872 per
774 845 820 865 eos
838 844 911 872 gesta
928 845 973 864 re-

1025 246 1120 273 ovibus
1146 251 1175 272 ut
1195 250 1301 280 regeret
1327 245 1410 273 Jacob
1441 254 1553 281 puertun
1575 254 1666 278 suum.
1688 253 1714 274 et
1731 249 1797 276 lsnel

1025 291 1213 318 hzereditatem
1230 299 1306 318 suam
1325 301 1331 318 :
1345 297 1372 319 et
1388 289 1420 318 d'e
1437 292 1553 324 Nathan,
1577 293 1652 326 quod
1667 294 1796 328 propheta-

1025 337 1105 370 verit,
1125 345 1228 365 necnon
1247 342 1274 364 et
1293 338 1350 365 Gad
1366 346 1373 364 :
1391 338 1437 364 sed
1453 343 1480 364 et
1500 338 1534 364 de
1556 337 1725 370 Salomone,
1742 341 1797 373 quoii

1025 384 1180 418 apparuerit
1204 384 1228 410 ei
1251 384 1277 410 in
1297 383 1355 410 visu
1382 384 1513 410 Dominus
1528 392 1535 410 ε
1551 389 1578 410 et
1599 383 1636 410 de
1657 384 1726 415 Elia,
1741 386 1798 419 quod

1024 434 1181 463 assumptus
1195 433 1235 456 est
1254 437 1301 464 per
1322 429 1509 456 ascensionem
1531 429 1558 455 in
1584 429 1698 461 coelum,
1715 429 1800 457 effectis

1024 475 1077 501 illis
1089 475 1226 507 omnibus,
1244 483 1303 510 qua:
1315 476 1414 510 scripta
1429 481 1504 508 sunt,
1516 475 1604 510 signis
1620 480 1649 502 et
1661 475 1799 510 prodigiis:

1025 521 1070 547 sed
1086 526 1111 547 et
1126 521 1159 547 de
1180 520 1284 553 Elisco,
1311 521 1438 555 quoniatn
1464 527 1518 547 non
1537 520 1627 546 solum
1644 521 1801 547 resuseitarit

1025 566 1106 593 ﬁlium
1121 565 1287 598 Sunantitis,
1309 566 1356 593 sed
1380 570 1407 593 et
1426 571 1563 592 mortuutn
1583 573 1668 599 super
1686 572 1745 592 ossa
1764 573 1801 592 sua

1024 611 1320 645 projectum?0portet
1351 618 1416 644 ergo
1440 618 1667 645 unumquemque
1700 611 1802 637 ﬁdelium

1024 657 1135 684 crelere
1148 661 1174 682 et
1190 656 1315 683 oumibus
1339 664 1398 690 qua:
1421 657 1524 690 scripta
1546 661 1613 683 sant
1636 656 1671 683 de
1687 656 1803 687 Ezechia,

1023 703 1094 736 quod
1118 703 1143 729 in
1166 702 1259 729 diebus
1281 702 1339 736 ejus
1354 708 1504 729 retrorsum
1523 702 1704 737 repedavorit
1723 703 1802 728 umbra

1024 747 1097 775 solis.
1115 748 1160 774 Est
1177 755 1242 783 ergo
1261 748 1326 775 lides
1344 753 1433 774 nostra
1452 748 1543 782 primo
1566 748 1682 782 quidem
1698 747 1803 774 omnium

1025 793 1049 820 in
1062 794 1203 820 Dontinunt
1213 800 1337 821 nostrum
1348 793 1438 821 Iesum
1451 793 1608 825 Christum,
1619 799 1804 828 consequenter

1025 846 1088 865 vero
1104 839 1184 865 etiam
1204 839 1229 865 in
1247 847 1340 866 omnes
1355 843 1464 865 sanctos
1482 838 1662 872 patriarchas
1673 857 1681 870 ,
1697 839 1737 864 vel
1754 846 1804 872 pru-

188 883 334 913 R‘ruutur:
350 884 392 911 vel
408 884 434 910 iit
453 884 607 918 Regnorum
628 884 705 911 libris
723 885 756 910 de
766 883 885 914 Samuel.
901 884 972 917 quod
991 875 1011 904 Β
1027 884 1130 918 phelas,
1149 884 1190 910 vel
1210 885 1345 918 apostolos
1364 885 1478 918 Christi,
1495 892 1530 911 eo
1545 884 1650 911 ordine
1668 892 1722 918 quo
1739 892 1803 919 supe-

190 931 315 956 tnessium
330 934 449 964 tempore
464 929 568 964 pluvias
581 937 596 956 a
617 929 672 957 Deo
682 930 836 964 poposcerit
852 934 879 956 et
896 937 974 957 acce-

1029 930 1083 956 rius
1095 930 1221 957 diximus.

465 1077 517 1111 ΕΧ
533 1077 661 1108 LIBIUS
677 1078 771 1108 ORIG
781 1078 865 1108 ENIS
878 1079 917 1109 lN
934 1078 1162 1109 EPISTOLAM
1180 1079 1234 1109 AD
1251 1079 1444 1110 HEBIUEOS
1461 1080 1533 1119 N3).

222 1237 277 1264 Lex
298 1241 386 1265 autem
410 1241 511 1264 zelcrna
537 1238 600 1272 quid
619 1237 690 1265 aliud
716 1242 757 1265 est
782 1239 970 1271 sentiendutn,

187 1290 266 1316 quam
288 1282 358 1310 Deus
379 1281 470 1315 Pater,
489 1283 534 1317 qui
559 1291 696 1318 nunquam
720 1283 770 1311 fuit
795 1285 902 1319 quando
926 1284 970 1312 lux

187 1327 296 1360 quidem
315 1332 396 1360 esset,
411 1327 539 1362 splendor
551 1336 615 1355 vero
632 1329 654 1356 ei
671 1337 724 1356 non
744 1329 868 1357 adesset?
880 1329 971 1364 Neque

186 1373 258 1400 enim
274 1373 318 1399 lux
330 1374 389 1400 sine
398 1373 542 1407 splendore
555 1382 604 1401 suo
617 1383 734 1409 unquam
749 1375 860 1410 intelligi
870 1380 967 1410 potest.

186 1419 262 1450 Quod
275 1419 296 1445 si
312 1426 405 1445 verum
419 1424 469 1450 est,
487 1427 622 1453 nunquam
639 1425 681 1446 est
692 1421 801 1454 quando
817 1420 903 1448 Filius
914 1429 967 1448 tton

186 1463 271 1490 Filius
283 1462 343 1489 fuit.
362 1462 421 1489 Erit
441 1467 529 1490 autem
543 1472 594 1490 non
604 1465 674 1492 sicut
689 1466 722 1492 de
737 1470 838 1492 a=tcrna
855 1465 915 1493 luce
928 1466 969 1493 di-

186 1509 274 1535 ximus
294 1509 413 1541 innatus,
433 1516 466 1535 ne
482 1509 534 1535 duo
551 1509 682 1544 principia
697 1510 764 1538 lucis
775 1511 914 1538 videamur
927 1512 969 1538 in-

1027 1243 1070 1265 tur
1086 1237 1164 1265 simul
1184 1237 1372 1264 disserendum
1395 1240 1423 1262 et
1442 1235 1510 1262 illud
1534 1235 1611 1269 quod
1638 1236 1740 1263 dictum
1762 1239 1803 1267 est,

1025 1291 1077 1311 non
1094 1283 1181 1311 solum
1198 1282 1270 1316 quod
1291 1281 1416 1315 splendor
1436 1286 1479 1308 est
1498 1281 1569 1308 lucis
1587 1286 1714 1313 aeternae,
1728 1282 1770 1308 sed
1783 1285 1805 1309 et

1024 1328 1094 1362 quod
1113 1327 1175 1354 huic
1193 1327 1281 1354 simile
1297 1327 1322 1353 in
1341 1326 1480 1361 Sapientia
1500 1326 1665 1353 Solomonis
1682 1326 1803 1358 refertur,

1024 1374 1049 1400 in
1066 1380 1118 1407 qua
1134 1373 1253 1407 seipsam
1273 1372 1411 1406 Sapientia
1434 1371 1569 1398 describit
1588 1372 1688 1399 dicens
1703 1381 1710 1398 :
1728 1371 1805 1406 νίψω

1023 1418 1091 1444 enim
1102 1421 1138 1443 est
1153 1417 1256 1443 virtutis
1270 1416 1328 1449 Dei,
1339 1421 1362 1442 et
1378 1416 1516 1449 aporrltcea
1530 1415 1627 1450 gloritz
1643 1416 1804 1450 Omnipoten-

1023 1463 1056 1490 tis
1070 1462 1210 1497 purissima
1226 1463 1260 1490 ¹⁰.

1278 1509 1312 1535 Et
1330 1512 1387 1542 post
1401 1508 1558 1543 aliquanta:

186 1555 296 1587 ducere,
315 1554 360 1581 sed
382 1554 452 1581 sicut
476 1554 602 1589 ingeniun
624 1555 692 1583 lucis
714 1557 859 1590 splendor,
882 1557 966 1591 ipsam
981 1555 1003 1584 C
1054 1557 1166 1591 Oportet
1176 1560 1266 1582 autem
1282 1555 1352 1582 scire
1366 1555 1486 1588 nosquia
1499 1562 1547 1588 per
1569 1554 1721 1581 inetfabilia
1737 1560 1804 1587 que-

187 1600 258 1626 iliam
276 1600 360 1628 lucem
382 1601 487 1628 initium
511 1602 613 1629 habens
630 1611 661 1628 ac
676 1601 795 1635 fontem,
813 1607 893 1630 nattts
910 1603 971 1638 qui-

185 1645 246 1673 dem
262 1654 294 1673 cx
311 1647 377 1681 ipsa,
399 1648 445 1674 sed
459 1656 511 1674 noti
528 1652 585 1675 erat
603 1649 710 1682 quando
725 1656 776 1676 non
794 1653 863 1676 erat.
886 1643 891 1646 ’

184 1692 286 1720 Deinde
304 1693 416 1726 probans
438 1693 536 1720 Filium
557 1695 634 1721 unius
655 1702 713 1720 cum
735 1694 817 1722 Patre
841 1703 897 1722 esse
910 1696 971 1723 sub-

220 1738 342 1772 stattliw,
369 1739 484 1766 alienum
510 1747 569 1766 vero
601 1748 616 1766 a
641 1741 795 1768 substantiis
822 1747 970 1775 creatum,

219 1788 257 1809 att
270 1790 278 1809 .'

220 1829 512 1864 lnterrogamusigitur
529 1837 576 1857 eos
586 1837 654 1864 quos
667 1830 739 1865 piget
754 1831 876 1859 conﬁteri
886 1831 970 1859 Deum

184 1881 245 1902 esse
257 1875 354 1902 Filium
371 1875 429 1907 Dei,
445 1875 582 1909 quoutodo
596 1880 703 1909 poterat
714 1875 771 1902 sola
788 1876 972 1903 humana-na-

185 1927 245 1948 tura
262 1921 329 1948 nihil
348 1921 373 1947 in
386 1928 416 1948 se
436 1921 539 1948 habens
553 1921 692 1954 eximiutn,
711 1929 798 1957 neque
814 1922 914 1958 aliquid
931 1924 972 1951 di-

185 1967 255 1993 vina;
265 1967 435 1998 substantia),
453 1967 639 1994 luereditatem
655 1975 753 2001 capere
774 1975 879 1995 omnem
894 1969 970 2003 prin-

185 2012 470 2046 eipatum,etomuem
487 2017 660 2046 potestatem,
678 2017 705 2039 et.
723 2013 849 2041 virtutem
863 2034 869 2046 ,
887 2019 913 2041 et
931 2015 972 2041 his

184 2056 310 2084 omnibus
323 2056 444 2091 prxierri
461 2065 492 2083 ac
507 2057 626 2092 prrepoui
640 2065 655 2083 a
669 2057 759 2086 Patre.
780 2058 855 2086 Unde
870 2064 970 2086 rectum

185 2102 292 2129 videtur
303 2102 373 2136 quod
395 2103 566 2137 prmstanlior
585 2110 646 2130 esse
665 2103 761 2130 debeat
780 2104 804 2130 is
819 2103 865 2138 qui
884 2104 970 2131 hwre-

184 2147 294 2176 ditatem
310 2148 395 2182 capit,
415 2153 442 2175 ct
462 2156 560 2183 genere
581 2149 686 2184 utique,
705 2154 731 2177 et
745 2151 851 2185 specie,
868 2156 893 2178 et
910 2152 972 2177 sub-

187 2194 298 2226 stantia,
311 2198 337 2220 et
359 2193 537 2221 subsistentia
557 2194 598 2221 vel
620 2199 717 2222 natura
729 2215 737 2228 ,
755 2201 835 2229 atque
847 2197 971 2223 onutibus

184 2240 338 2274 quibusque
355 2239 442 2268 modis
460 2241 540 2268 debet
555 2249 615 2268 esse
629 2243 811 2276 prwstantior.

459 2285 491 2312 Et
506 2291 562 2320 post
577 2295 680 2320 pauca:

219 2330 285 2357 Cum
307 2336 396 2358 autetn
419 2332 562 2359 discutitur
584 2333 635 2360 hoc
656 2333 726 2367 quod
752 2333 854 2360 dictum
877 2339 918 2361 est
936 2334 970 2362 de

185 2374 253 2402 Filio
266 2376 325 2409 Dei,
340 2377 410 2411 quod
420 2378 458 2405 sit
472 2378 599 2412 splendor
610 2378 712 2412 gloriae,
727 2378 882 2406 necessario
894 2379 969 2406 vide-

1022 1602 1094 1635 dam,
1108 1606 1136 1629 et
1149 1606 1264 1633 secreta,
1276 1608 1306 1628 ac
1323 1600 1461 1627 recondita
1473 1600 1619 1634 quemdam
1637 1600 1748 1626 modum
1762 1598 1804 1625 sibi

1023 1646 1123 1674 facietis
1146 1646 1287 1680 Scriptura
1311 1650 1404 1672 sancta
1425 1651 1542 1672 conatur
1560 1645 1722 1672 ltoutinibus
1744 1645 1805 1671 indi-

1023 1700 1096 1726 care,
1116 1697 1144 1720 et
1166 1691 1335 1719 intellectum
1358 1698 1505 1724 suggerere
1530 1691 1673 1718 subtilem.
1701 1691 1806 1725 Vaporis

1022 1739 1093 1766 enim
1109 1746 1206 1766 nomen
1219 1738 1366 1770 inducens,
1386 1738 1437 1764 hoc
1451 1737 1511 1764 ideo
1530 1738 1562 1764 de
1588 1737 1672 1764 rebus
1684 1745 1806 1772 corpora—

1023 1786 1092 1814 libus
1109 1785 1267 1819 assumpsit,
1290 1789 1318 1810 ttt
1338 1783 1380 1810 vel
1399 1791 1430 1810 ex
1449 1789 1526 1818 parte
1549 1783 1642 1818 aliqua
1659 1783 1806 1816 intelligere

1023 1831 1157 1865 possimus
1172 1829 1304 1864 quomodo
1320 1828 1443 1855 Christus
1465 1828 1510 1861 qui
1533 1833 1573 1854 est
1595 1828 1732 1862 sapientia
1745 1847 1754 1860 ,
1771 1834 1806 1853 se-

1022 1878 1137 1904 cundum
1148 1876 1350 1903 similitudinem
1363 1875 1423 1909 ejus
1442 1874 1552 1908 vaporis
1569 1874 1616 1908 qui
1629 1875 1664 1901 de
1682 1874 1806 1901 substan-

1024 1924 1059 1950 tia
1072 1922 1160 1957 aliqua
1175 1929 1304 1956 corporea
1321 1920 1455 1955 procedit,
1474 1920 1513 1947 sic
1533 1920 1615 1946 etiam
1630 1920 1691 1954 ipse
1711 1926 1742 1946 ut
1755 1920 1807 1954 qui.

1022 1969 1083 1994 dam
1104 1975 1187 2002 vapor
1212 1967 1334 1994 exoritur
1354 1966 1388 1993 de
1409 1966 1510 1993 virtute
1530 1966 1616 1999 ipsius
1640 1966 1688 1993 Dei
1706 1974 1713 1992 :
1735 1966 1772 1992 sic
1785 1971 1807 1992 et

1023 2013 1154 2047 sapientia
1171 2020 1204 2039 ex
1224 2020 1256 2039 eo
1270 2012 1436 2046 procedetts,
1455 2018 1489 2038 ex
1514 2011 1571 2044 ipsa
1593 2011 1642 2038 Dei
1660 2012 1806 2039 substantia

1024 2064 1178 2094 generatur.
1194 2058 1239 2085 Sic
1255 2058 1432 2085 nihilominus
1445 2060 1473 2084 et
1489 2057 1643 2084 secundum
1658 2058 1807 2084 similitudi-

1023 2113 1083 2133 nem
1104 2104 1255 2138 corporalis
1270 2105 1438 2138 aporrhzcat,
1461 2110 1522 2131 esse
1543 2103 1647 2130 dicitur
1672 2104 1805 2138 aporrhzt

1023 2151 1115 2186 gloriae
1133 2150 1331 2185 Ontnipotcntis
1346 2157 1410 2183 pura
1426 2148 1551 2183 quaedam
1568 2154 1596 2175 et
1611 2150 1733 2176 sincera.
1752 2149 1806 2181 Qua:

1023 2202 1142 2230 utrinque
1178 2195 1370 2223 similitudines
1403 2194 1632 2222 manifestissime
1667 2196 1807 2221 ostendunt

983 2238 1008 2267 D
1022 2241 1239 2268 connuuniouem
1261 2241 1421 2268 substantia:
1443 2248 1504 2268 esse
1531 2241 1606 2268 Filio
1636 2248 1699 2268 cum
1723 2239 1806 2266 l‘utn‘.

1024 2288 1169 2323 Aporrhma
1194 2287 1265 2314 enim
1294 2288 1433 2322 ὁμοούσιος
1460 2287 1580 2316 videtur.
1614 2288 1641 2314 id
1665 2293 1708 2315 est
1738 2286 1807 2313 unius

1023 2333 1182 2361 substantiae
1196 2341 1256 2361 cum
1270 2333 1314 2360 illo
1325 2341 1437 2368 corpore
1446 2341 1479 2360 ex
1493 2341 1547 2368 quo
1558 2340 1601 2362 est
1609 2334 1653 2362 vel
1666 2332 1807 2369 aporrbu‘a.

1024 2379 1064 2406 vel
1084 2387 1175 2413 vapor.

1623 2453 1658 2455 ῃ
1667 2448 1804 2456 ---⁴-⁴

434 2518 492 2548 ΕΧ
507 2518 697 2550 ORIGENIS
710 2519 894 2550 HOMILIIS
913 2520 953 2550 IN
966 2520 1194 2551 EPISTOLAM
1208 2521 1262 2550 ΑΙ)
1278 2520 1474 2550 HEBRIEOS
1487 2520 1565 2559 (9h).

218 2664 301 2700 698
319 2663 410 2698 Stylns
433 2665 578 2699 ῐῐιιίει‹)1;ι·,
595 2675 654 2701 qute
677 2668 833 2695 inscribitur
858 2669 891 2695 ad
913 2669 967 2696 lle-

185 2709 279 2743 bricox,
299 2715 372 2737 caret
388 2711 433 2736 illa
455 2713 589 2740 sermonis
602 2715 764 2747 rusticitate,
784 2723 843 2750 qum
861 2716 966 2752 propria

221 2756 241 2771 '°
256 2756 320 2789 Sap.
337 2763 382 2787 vn,
398 2756 443 2784 ‘15.

219 2800 275 2835 (95)
300 2801 339 2829 Ex
364 2802 494 2837 Apologia
521 2801 654 2837 Pamphili
681 2803 809 2838 martyris
833 2811 881 2838 pro
907 2803 968 2830 Oti-

185 2843 260 2868 grue

1061 2669 1090 2694 '0
1100 2667 1240 2703 χαρακτὴρ
1249 2666 1297 2701 τῆς
1308 2665 1406 2697 λέξεως
1420 2666 1470 2701 τῆς
1487 2666 1565 2699 πρὸς
1588 2668 1744 2702 Ἐΐῖραίσυς
1758 2670 1806 2695 ἐπι-

1021 2713 1216 2749 γεγραμμένης
1237 2711 1395 2745 Ἐπιστολῆς
1407 2711 1457 2737 οὐκ
1473 2710 1531 2745 ἔχει
1544 2712 1576 2738 τὺ
1590 2714 1618 2738 ὲν
1626 2713 1700 2748 λόγῳ
1719 2714 1805 2740 ἰδιωτι-

1059 2802 1115 2836 (94)
1135 2803 1279 2842 lit-sumpta
1292 2808 1356 2842 sunt
1372 2803 1636 2842 ltatccﬂeﬂfragtnenta
1652 2814 1685 2834 cx
1702 2805 1804 2842 Eusclfio

1021 2838 1065 2866 lib.
1087 2846 1111 2864 η
1131 2837 1229 2865 Ilia-tor.
1244 2838 1345 2870 ardes”
1364 2845 1422 2872 cap.
1438 2838 1488 2867 25.
