3856 6542
104 531 3328 585 W

110 573 911 586 .----___.___.._____._
1283 574 2331 588 _.__..____._._______..__...-..._---_
2348 580 3174 596 ._.....___.__-._...___.__._...
3194 590 3232 597 ._

1142 764 2213 971 PR/EFATIO.

151 1368 387 1440 Quamvis
432 1382 614 1439 operte
657 1374 893 1439 pretium
934 1365 1185 1423 facturus
1225 1381 1329 1423 nos
1367 1380 1488 1423 esse
1537 1365 1934 1423 arbitraremur
1978 1368 2024 1423 si
2071 1366 2323 1441 Origenis
2364 1370 2540 1442 Opera
2582 1371 2788 1436 omnia,
2826 1380 2933 1428 tam
2965 1370 3055 1428 illa
3086 1387 3324 1443 quorum

98 1466 348 1534 genuinum
389 1478 514 1518 enm
555 1476 678 1517 esse
728 1470 1011 1516 auctorem
1054 1468 1297 1525 constat,
1338 1476 1500 1531 quam
1541 1476 1609 1517 ea
1634 1477 1753 1532 qua:
1783 1463 1883 1518 sub
1918 1462 2037 1533 ejus
2071 1465 2290 1519 nomine
2318 1465 2450 1519 olim
2482 1467 3035 1533 cireumferebantur,
3069 1468 3121 1522 in
3154 1484 3321 1522 unum

96 1572 254 1626 corpus
286 1553 700 1623 colligeremus,
726 1551 988 1621 quoniam
1024 1561 1206 1606 tamen
1240 1552 1526 1622 conquesti
1550 1560 1679 1608 sunt
1712 1551 1813 1606 viri
1843 1552 2048 1623 aliquot
2078 1554 2299 1620 eruditi,
2322 1570 2574 1626 aegreque
2604 1557 2777 1613 tulere
2820 1559 2963 1627 quod
2992 1558 3045 1613 in
3078 1562 3322 1628 priorum

93 1645 277 1713 hujusce
313 1645 573 1700 editionis
601 1644 939 1699 voluminum
973 1643 1081 1699 fine
1106 1659 1274 1714 opera
1312 1645 1560 1714 qumdam
1590 1642 1811 1715 Origeni
1845 1659 2130 1715 perperam
2167 1648 2405 1716 ascripta
2450 1648 2631 1703 addita
2676 1648 2901 1717 fuerint,
2943 1665 3065 1719 qua:
3099 1650 3325 1704 omnino

93 1738 318 1805 superflua
350 1738 603 1808 adeoque
632 1736 942 1792 ementibus
968 1750 1202 1792 onerosa
1233 1737 1338 1792 sibi
1374 1738 1720 1805 videbantur,
1751 1737 1872 1792 ideo
1908 1738 1960 1791 in
1995 1738 2395 1807 posterioribus
2427 1741 2588 1795 tomis
2632 1740 2837 1811 reliqua
2885 1740 3155 1811 ejusmodi
3187 1755 3323 1806 spu-

92 1832 153 1885 ria
182 1833 471 1887 omittenda
503 1831 840 1897 censuimus,
869 1831 1051 1901 qualia
1092 1840 1219 1887 sunt
1264 1831 1706 1887 Commentarius
1734 1830 1876 1884 alter
1911 1830 1961 1883 in
1989 1828 2092 1883 Job
2126 1845 2154 1883 a
2190 1829 2477 1887 Joacbimo
2512 1834 2762 1890 Perionio
2786 1834 2978 1890 Latine
2999 1848 3320 1897 conversus,

97 1922 461 1979 Commentario
501 1925 556 1979 in
588 1923 943 1994 Evangelium
977 1923 1142 1978 Marci
1176 1938 1299 1992 qua:
1330 1922 1431 1977 sibi
1462 1921 1758 1993 aliquando
1799 1922 2007 1977 edenda
2057 1933 2424 1990 proposuerat
2453 1926 2800 1981 doctissimus
2835 1926 3087 1992 lluetius,
3131 1926 3319 1981 llomi-

98 2013 165 2067 iis
192 2014 238 2067 in
264 2014 531 2079 diversos,
565 2023 623 2068 et
648 2013 753 2068 alia
792 2028 913 2082 qua:
944 2011 1241 2082 praeferunt
1270 2012 1501 2084 vulgatae
1531 2022 1693 2067 antea
1728 2011 1934 2067 Latium
1967 2013 2233 2068 editiones
2266 2014 2451 2068 :unde
2486 2014 2543 2067 lit
2579 2025 2635 2070 ut
2664 2030 2768 2070 non
2797 2015 2912 2086 jam
2951 2020 3320 2076 voluminibus

88 2109 313 2175 quinque,
361 2108 505 2163 sicut
550 2107 711 2163 initio
748 2107 1093 2178 propositum
1148 2107 1350 2172 fuerat,
1391 2106 1489 2162 sed
1546 2113 1782 2173 quatuor
1826 2105 2096 2158 duntaxat
2144 2114 2253 2159 tota
2303 2105 2765 2175 Origenianorum
2798 2106 3036 2177 Operum
3066 2108 3321 2164 collectio

92 2202 398 2255 conficiatur.
2677 2211 2683 2216 '

141 2295 311 2350 uirum
338 2312 469 2352 vero
501 2296 737 2351 fortasse
763 2294 1042 2350 videbitur
1078 2300 1336 2362 quartum
1374 2290 1479 2345 hoc
1514 2297 1568 2343 et
1592 2286 1844 2342 ultimum
1873 2286 2150 2353 volumen,
2188 2291 2330 2359 quod
2376 2291 2429 2345 in
2477 2290 2800 2361 praefatione
2837 2293 2982 2348 tertii
3012 2308 3157 2349 anno
3180 2295 3322 2349 1740

84 2390 210 2457 quasi
256 2406 378 2446 mox
416 2394 571 2460 prelo
610 2388 1062 2444 committendum
1104 2386 1511 2448 nuntiaveram,
1559 2392 1669 2438 tam
1728 2396 1853 2438 sero
1900 2391 2084 2437 tamen
2140 2393 2261 2453 post
2301 2385 2405 2438 alia
2454 2386 2695 2455 prodire.
2731 2384 2928 2442 Verum
2959 2398 3322 2458 praeterquam

82 2482 201 2549 quod
230 2481 451 2552 propius
478 2478 794 2549 inspicienti
823 2476 957 2530 mihi
983 2476 1075 2531 vix
1114 2476 1413 2546 quidquam
1467 2474 1521 2528 in
1557 2488 1622 2529 eo
1653 2472 1999 2527 elaboratum
2044 2472 2307 2544 preloque
2339 2485 2588 2545 paratum
2621 2478 2885 2543 occurrit,
2918 2481 3128 2534 absenti
3161 2482 3324 2549 paulo

81 2585 204 2644 post,
235 2578 539 2646 alienisque
576 2574 854 2630 laboribus
899 2580 1167 2641 occupato
1216 2569 1503 2639 promissis
1547 2577 1693 2623 stare
1732 2581 1841 2621 non
1871 2565 2049 2622 licuit.
2084 2566 2241 2621 Anno
2266 2570 2410 2623 enim
2444 2569 2584 2624 1742
2619 2581 2837 2627 mortuo
2881 2572 3104 2628 domino
3133 2583 3324 2629 nostro

80 2669 216 2724 Petro
242 2668 512 2732 Sabatier,
547 2667 644 2738 qui
675 2667 872 2723 veteris
914 2665 1118 2720 Latinae
1159 2662 1483 2725 Bibliorum,
1514 2675 1675 2731 quam
1724 2660 1965 2716 Italicam
2011 2673 2231 2727 vocant,
2267 2663 2551 2720 Versionis
2576 2666 2757 2734 priora
2791 2667 2899 2722 duo
2932 2666 3206 2723 volumina
3239 2668 3323 2724 in-

82 2763 188 2819 folio
215 2765 391 2818 Remis
424 2762 765 2834 vulgaverat,
800 2761 998 2815 Remos
1048 2772 1194 2813 anno
1225 2755 1364 2811 1715
1392 2772 1420 2809 a
1459 2753 1850 2824 Superioribus
1896 2755 2097 2811 missus
2130 2756 2197 2810 ad
2234 2760 2667 2827 persequendam
2718 2761 2876 2824 banc,
2910 2775 3073 2830 quam
3100 2761 3322 2833 potissi-

81 2873 204 2911 mum
238 2856 532 2928 ï¬‚agitabat,
569 2854 834 2926 cujusque
860 2850 1167 2923 sumptibus
1199 2849 1531 2905 subvenerat
1564 2848 1956 2905 serenissimus
1998 2850 2420 2903 Aurelianorum
2453 2852 2561 2904 dux
2590 2865 2655 2905 ac
2680 2854 2956 2922 princeps,
2986 2854 3307 2921 editionem,

82 2964 159 3004 sex
192 2965 355 3004 annos
387 2951 632 3019 integros
663 2948 864 3003 ibidem
895 2946 1162 3014 insumpsi
1198 2943 1361 2998 tertio
1390 2952 1446 2997 et
1479 2940 1671 2997 ultimo
1704 2940 1868 3010 hujus
1898 2940 2162 2995 volumini
2202 2940 2556 2998 absolvendo.
2590 2942 2707 3007 Quo
2739 2942 2891 2996 finito
2921 2953 3063 2999 totus
3088 2946 3154 2999 ad
3189 2945 3310 3001 Ori-

79 3060 248 3113 genem
277 3044 434 3112 redii,
468 3043 681 3114 singula
714 3044 782 3096 ad
821 3041 1225 3111 manuscriptos
1255 3038 1475 3094 codices
1513 3034 1720 3093 contuli
1754 3045 1810 3089 et
1832 3036 2114 3105 castigavi,
2143 3035 2287 3089 notis
2317 3034 2604 3096 illustravi,
2633 3035 2765 3089 nulli
2789 3036 3023 3106 denique
3049 3038 3132 3094 vel
3153 3054 3322 3109 curae,

82 3136 152 3191 vel
177 3139 368 3204 studio,
406 3137 491 3192 vel
527 3136 703 3191 labori
740 3136 961 3206 peperci
988 3142 1047 3188 ut
1082 3133 1352 3203 integrum
1382 3131 1515 3186 illud
1548 3145 1614 3185 ac
1652 3127 1955 3199 perfectum
1987 3127 2210 3197 suisque
2242 3129 2498 3183 omnibus
2546 3128 2789 3184 numeris
2819 3129 3127 3185 absolutum
3162 3131 3316 3186 volu-

76 3245 181 3284 men
221 3231 492 3287 evaderet.
523 3230 579 3285 Si
613 3229 743 3300 quid
773 3237 963 3298 postea
999 3240 1167 3282 morae
1199 3223 1595 3286 intercesserit,
1625 3222 1675 3276 id
1712 3220 2056 3276 tribuendum
2112 3222 2195 3275 vel
2238 3221 2485 3276 aviditati
2520 3229 2576 3277 et
2608 3220 2912 3276 oscitantis:
2953 3224 3322 3293 typographu-

77 3337 205 3388 rum,
233 3325 339 3394 qui,
380 3342 448 3380 ne
493 3323 884 3394 typograpltica
913 3335 1152 3391 unquam
1189 3333 1287 3374 sua
1314 3316 1528 3373 oflicina
1562 3324 1741 3382 vacet,
1767 3330 1905 3369 nova
1938 3328 2158 3383 semper
2191 3314 2557 3383 imprimenda
2601 3324 2885 3386 appetunt,
2917 3314 3166 3371 inchoata
3212 3330 3318 3375 ne-.

74 3413 284 3484 gligunt,
304 3420 387 3475 vel
420 3417 548 3473 aliis
583 3416 1000 3486 quibuseunque
1040 3410 1281 3477 casibus,
1313 3410 1501 3482 quales
1532 3408 1640 3464 fert
1673 3422 1854 3463 rerum
1890 3407 2256 3465 humanarum
2306 3422 2585 3479 nunquam
2631 3410 2734 3465 sibi
2763 3410 3132 3466 constantiam
3159 3411 3322 3471 vicis-

76 3509 259 3567 situdo.
366 3564 371 3569 ,

130 3601 291 3657 Porro
324 3609 505 3656 tomus
537 3598 627 3654 hic
659 3604 887 3669 quartus
926 3605 981 3649 et
1016 3594 1240 3648 ultimus
1281 3594 1333 3647 in
1364 3595 1499 3648 duas
1535 3602 1717 3662 partes
1748 3593 2029 3657 dividitur,
2063 3607 2297 3663 quarum
2340 3593 2492 3661 prior
2532 3596 2777 3649 continet
2823 3596 3037 3651 residua
3067 3595 3317 3667 Origeni:

74 3712 224 3766 opera
250 3697 299 3751 in
329 3694 622 3758 Joannem,
657 3693 1021 3763 fragmentum
1049 3703 1081 3743 c
1112 3696 1303 3758 quarta
1338 3687 1558 3743 bomilia
1589 3687 1642 3741 in
1667 3688 1803 3743 Acta
1838 3689 2241 3758 apostolorum,
2275 3688 2716 3745 Commentarios
2744 3692 2985 3759 ejusdem
3023 3697 3074 3749 in
3108 3694 3321 3763 Epistoâ€”

72 3790 165 3843 iam
193 3789 337 3844 Pauli
367 3788 440 3844 ad
480 3787 784 3849 Romanos,
814 3798 937 3839 eum
985 3781 1310 3853 fragmentis
1343 3781 1394 3835 in
1423 3781 1695 3850 Epistolas
1734 3782 1801 3835 ad
1829 3782 2073 3845 Galatas,
2114 3784 2183 3839 ad
2215 3783 2501 3853 Ephesios,
2533 3783 2599 3838 ad
2631 3783 3008 3855 Colosscnses,
3051 3789 3115 3842 ad
3147 3789 3321 3846 Tbeeâ€”

71 3882 439 3947 salonicenses,
467 3881 536 3935 ad
586 3878 793 3945 Titum,
826 3876 894 3930 ad
945 3875 1347 3938 Philemonem,
1378 3873 1446 3927 ad
1495 3872 1770 3938 Hebraeos,
1807 3884 1865 3928 et
1904 3875 2116 3930 duobus
2168 3878 2447 3931 consuetis
2492 3877 2788 3941 indicibus,
2850 3879 3021 3954 altero
3073 3881 3316 3939 locorum

71 3974 351 4044 scripturae
391 3986 591 4035 sacrae,
612 3970 790 4025 altero
834 3982 1017 4022 rerum
1048 3964 1483 4021 memorabilium
1514 3979 1529 4017 :
1564 3965 1839 4034 posterior
1864 3980 1991 4035 pars
2024 3966 2411 4037 complectitur
2438 3964 2618 4035 Opera
2652 3968 2718 4021 ad
2749 3966 3035 4038 Origenem
3066 3982 3321 4042 spectan-

72 4072 157 4137 tia,
180 4073 426 4126 nimirum
457 4070 516 4125 S.
551 4066 822 4136 Pamphili
851 4064 1113 4134 martyris
1150 4061 1462 4132 Apologiam
1489 4076 1584 4129 pro
1618 4058 1868 4131 Origene.
1898 4070 1953 4116 et
1986 4076 2085 4132 pro
2118 4062 2308 4116 eodem
2358 4058 2743 4132 Panegyricum
2779 4061 3088 4120 Orationem
3121 4085 3153 4122 a
3188 4084 3321 4124 sau-

66 4175 147 4219 cto
169 4165 426 4235 Gregorio
458 4163 871 4229 Tliaumaturgo
900 4171 931 4211 e
957 4154 1147 4211 scbola
1196 4152 1450 4224 Origenis
1487 4153 1542 4206 in
1588 4154 1822 4221 patriam
1872 4153 2051 4208 redire
2090 4155 2302 4223 paranti
2339 4156 2721 4224 compositam,
2752 4172 2815 4210 ac
2843 4157 3105 4216 Caesarem
3133 4162 3188 4217 in
3216 4162 3318 4218 Pa.

70 4258 506 4328 lastinarptlblice
536 4254 802 4316 habitam,
836 4248 1160 4319 Origeniana
1185 4261 1213 4300 a
1241 4244 1559 4301 doctissimo
1586 4244 1779 4300 lluetio
1810 4244 2038 4315 scripta,
2067 4248 2321 4317 notisque
2353 4246 2633 4302 historicis
2665 4261 2729 4302 ac
2752 4248 2959 4306 criticis
2992 4251 3083 4307 ubi
3102 4268 3223 4310 cum
3251 4271 3320 4313 eo

71 4354 216 4407 nobis
239 4369 335 4407 non
366 4350 629 4408 convenit
656 4348 947 4413 illustrata,
979 4357 1103 4399 cum
1141 4354 1357 4396 summa
1389 4339 1632 4407 ejusdem
1665 4339 1848 4410 operis
1876 4338 2171 4405 librorum,
2203 4340 2543 4405 sectionum,
2576 4342 2816 4412 capitum
2842 4352 2899 4398 et
2926 4360 3314 4415 numerorum;

68 4452 115 4495 et
138 4456 446 4514 excerptum
483 4458 552 4499 ex
594 4441 831 4512 Georgio
882 4437 1039 4493 Bullo
1082 4442 1246 4504 caput
1296 4448 1500 4487 nomnn
1536 4431 1873 4502 Defensiom's
1908 4433 2037 4501 ï¬dei
2087 4431 2350 4501 Nicaeum,
2385 4435 2452 4490 de
2491 4434 2627 4491 Filio
2658 4434 2736 4507 Ï„á¿·
2758 4437 3052 4510 ducoea-(cp,
3092 4442 3182 4497 ubi
3226 4456 3316 4497 ca-

72 4536 257 4591 tholica
284 4534 534 4606 Origenis
557 4535 627 4590 de
656 4532 929 4588 Trinitate
966 4529 1099 4585 ï¬des
1127 4526 1474 4597 potissimum
1499 4524 1834 4579 vindicatur.

131 4683 549 4743 Commentariis
593 4687 649 4741 in
694 4683 986 4751 Joannem,
1018 4693 1075 4739 et
1117 4686 1387 4756 Apologia:
1428 4668 1703 4753 Pamphili
1737 4687 1975 4753 speciale
2004 4687 2267 4745 Monitum
2299 4695 2582 4763 praefixum
2613 4708 2716 4753 est.
2742 4699 2876 4756 Cum
2907 4720 3040 4761 vero
3082 4708 3151 4763 (le
3193 4708 3317 4766 fra-

66 4782 290 4842 gmentis
313 4782 364 4834 in
390 4784 529 4836 Acta
564 4779 940 4850 apostolorum
975 4789 1031 4833 et
1077 4781 1130 4834 in
1173 4778 1445 4845 Epistolas
1480 4778 1630 4832 Pauli
1681 4792 1878 4849 agatur
1910 4780 2352 4855 Origenianorum
2397 4789 2537 4845 libro
2568 4808 2650 4858 Î¹Î¹Î¹,
2679 4796 2919 4853 sectione
2943 4799 2999 4863 2,
3026 4816 3177 4855 num.
3206 4805 3237 4858 7
3262 4814 3316 4860 et

12 4940 15 4955 ,
64 4865 113 4927 av
136 4885 262 4940 pas.
292 4872 415 4938 297,
446 4882 503 4929 et
525 4874 773 4929 sectione
799 4872 858 4937 3,
887 4888 1039 4930 num.
1070 4871 1137 4926 14
1162 4883 1217 4929 et
1247 4871 1331 4937 15,
1366 4887 1491 4941 pag,
1527 4873 1535 4924 Îµ

1794 4873 1885 4939 06,
1920 4878 2011 4930 ubi
2038 4880 2168 4947 quid
2208 4883 2330 4937 novi
2368 4900 2396 4937 a
2427 4886 2584 4941 nobis
2615 4899 2887 4959 repertum
2936 4895 3009 4948 sit
3034 4895 3179 4951 notis
3217 4901 3314 4954 oli-

59 4966 407 5059 servaviiiiiis,
438 4969 569 5023 inde
620 4966 682 5022 fit
732 4977 793 5022 ut
833 4969 901 5023 de
940 4966 1046 5022 illis
1075 4966 1271 5022 iterum
1303 4967 1524 5038 praefari
1548 4984 2016 5038 supervacaneum
2048 4976 2313 5042 videatur,
2341 4980 2443 5035 nisi
2474 4981 2614 5037 forte
2640 4984 2844 5054 aliquid
2873 4989 3096 5059 insuper
3124 4992 3312 5050 dicen-

12 5078 13 5127 Î¾
62 5054 180 5112 dum
210 5059 285 5114 sit
307 5062 373 5117 de
396 5061 826 5117 Commentariis
857 5061 908 5115 in
937 5059 1233 5132 Epistolam
1263 5061 1331 5115 ad
1367 5058 1662 5116 Romanos.

12 5174 17 5249 Î¹
1014 5241 1089 5296 De
1122 5205 1534 5297 Commentariis
1561 5240 1617 5292 in
1639 5235 1934 5301 Epistolam
1967 5233 2036 5284 ad
2068 5231 2351 5287 Romanos.

116 5350 265 5405 Cum
302 5352 457 5407 libris
490 5367 522 5403 v
551 5360 609 5407 ct
639 5366 734 5404 vni
767 5349 964 5404 Contra
998 5349 1209 5404 Celsum
1245 5364 1376 5405 suas
1418 5349 1472 5403 in
1505 5347 1807 5418 Epistolam
1848 5344 1916 5400 ad
1960 5344 2242 5400 Romanos
2290 5342 2700 5399 lucubrationes
2727 5356 2995 5403 memoret
3023 5348 3314 5421 Origenes.

12 5478 13 5511 1
62 5446 264 5498 eertum
289 5455 368 5500 est
406 5447 460 5500 in
515 5446 659 5501 lianc
702 5446 854 5515 prius
885 5444 1210 5515 Epistolam,
1236 5459 1399 5513 quam
1447 5442 1650 5497 Contra
1689 5441 1930 5506 Celsum,
1956 5441 2203 5510 adeoque
2248 5450 2543 5510 antequam
2580 5438 2742 5495 finem
2777 5441 3081 5511 imperandi
3109 5442 3316 5503 faceret

12 5518 13 5521 Â¹
58 5534 347 5606 Î¾â€™á¿’Î¹á½·Î¹á½²Ïá¿ƒÎ±Îµ,
391 5553 517 5593 eum
564 5537 873 5607 scripsisse.
923 5537 1119 5607 Liquet
1147 5538 1315 5592 etiam
1360 5537 1493 5592 illud
1536 5550 1674 5606 opus
1717 5534 1886 5589 fuisse
1926 5532 2268 5589 elaboratum
2303 5541 2421 5601 post
2456 5532 2572 5602 ejus
2603 5531 2656 5584 in
2689 5529 2991 5587 Leviticum
3025 5532 3315 5606 Homilias,

12 5670 13 5703 Î¹
58 5646 287 5695 (Î¼ÎµÏ„Îµá½·Î·
333 5634 590 5688 secunda:
635 5632 885 5688 meminit
927 5632 1020 5687 lib.
1068 5646 1152 5698 Ix,
1198 5646 1352 5687 num.
1400 5632 1427 5685 1
1478 5628 2007 5686 Commentariorum
2044 5627 2097 5681 in
2123 5626 2372 5683 eamdem
2409 5626 2728 5696 Epistolam.
2757 5627 2931 5682 Porro
2964 5630 3315 5701 etun,judiee

60 5720 274 5789 (initio,
307 5727 419 5781 ista:
450 5726 703 5783 l-lomilia:
746 5741 813 5781 ex
871 5734 1118 5796 tempore
1156 5726 1527 5798 pronuntiatte
1562 5723 1692 5787 sint,
1728 5722 1948 5777 nonnisi
1980 5729 2105 5791 post
2144 5735 2349 5774 annum
2389 5719 2591 5776 Christi
2621 5719 2730 5776 2J5
2761 5721 2950 5776 haberi
2989 5729 3310 5791 potuerunt.

60 5810 205 5869 Cede
251 5816 549 5888 colligimus
595 5833 707 5888 quo
751 5827 999 5890 tempore
1035 5820 1483 5876 Commentarios
1527 5818 1582 5872 in
1631 5816 1950 5871 Mattbreum
1983 5816 2351 5870 concinnabat
2382 5816 2670 5887 Origenes,
2705 5829 2899 5884 nempe
2929 5815 3077 5870 circa
3106 5831 3310 5870 annum

52 5899 168 5971 1â€œ-
198 5907 501 5978 imperante
542 5910 821 5983 Philippo,
861 5912 1057 5970 eodem
1093 5914 1260 5970 etiam
1297 5911 1705 5970 Commentaria
1750 5913 1808 5967 in
1860 5909 2160 5979 Epistolam
2206 5912 2275 5966 ad
2308 5909 2587 5966 Romanos
2619 5924 2743 5965 eum
2771 5909 3088 5966 adornasse.
3124 5907 3315 5978 quue

356 6011 635 6072 Parnmâ€œ
675 6012 796 6073 Gn.
828 5996 998 6082 XIV,

2955 6004 2983 6064 1

12 6166 51 6441 t

11 6525 357 6542 mw
