3922 6598
498 489 564 551 11
1667 489 2045 547 PHEFATIO
2079 489 2169 545 AD
2207 486 2457 546 TOMUM
2490 487 2580 558 LV.
3681 488 3739 543 12

499 607 854 665 verisimilius
902 607 1032 664 illud
1086 606 1321 672 eruitur,
1363 608 1507 676 quod
1550 615 1698 661 tomo
1747 622 1857 661 xvu
1894 608 1945 662 in
1997 605 2309 662 Mattbaeum
2353 618 2485 659 suas
2540 604 2594 658 in
2624 600 2917 685 Epistulam
2946 603 3012 659 ad
3047 603 3323 660 Romanos
3350 602 3739 676 explanationes

503 711 807 769 recenseat,
834 710 888 758 et
939 700 1034 757 lib.
1071 717 1088 756 ι
1124 700 1179 755 in
1205 698 1499 771 Epistolam
1532 699 1599 754 ad
1634 697 1929 766 Romanos,
1968 714 2120 753 num.
2155 699 2208 766 5,
2245 700 2313 754 de
2355 695 2671 770 genealogis
2720 697 3021 754 Salvatoris
3056 712 3085 751 a
3115 696 3369 752 Mattiaco
3422 697 3590 754 relata
3634 712 3741 766 pro-

501 798 683 853 mittat
712 813 773 853 se
804 796 975 853 fusius
1007 810 1104 852 suo
1129 795 1249 851 loco
1278 797 1331 850 in
1361 794 1713 865 sequentibus
1735 794 2084 863 scripturum.

571 890 950 954 Cassiodorus,
1002 888 1248 943 Institut.
1288 887 1453 940 divin.
1495 885 1639 951 lect.,
1684 898 1809 953 cap.
1843 883 1897 951 8,
1935 883 2125 952 viginti
2180 884 2349 939 libros
2388 884 2444 939 in
2489 884 2633 938 hanc
2684 880 2985 952 Epistolam
3037 881 3105 935 ab
3139 880 3373 950 Origene
3425 883 3743 951 conscriptos

501 984 689 1039 refert.
727 981 914 1039 Sancti
947 980 1104 1036 Pauli
1131 981 1301 1049 prima
1332 980 1588 1043 omnium,
1630 962 1824 1047 inquit,
1856 983 1905 1029 et
1951 975 2320 1029 admirabilior
2347 975 2616 1029 destinata
2647 974 2983 1042 cognoscitur
3008 973 3077 1026 ad
3115 972 3397 1038 Romanos,
3440 990 3598 1044 quam
3627 972 3741 1029 Ori-

500 1092 653 1148 senes
691 1076 873 1145 viginti
926 1074 1078 1129 libris
1118 1068 1301 1129 erco
1344 1089 1583 1130 sermone
1618 1070 1927 1127 declaravit.
1962 1069 2161 1124 Verum
2212 1068 2462 1132 Ruﬁnus,
2497 1069 2588 1138 qui
2644 1065 2879 1122 Heraclii
2922 1054 3159 1135 impulsu
3191 1081 3286 1122 eos
3314 1064 3521 1121 Latinae
3560 1067 3743 1135 linguae

502 1168 784 1224 donandos
819 1167 1078 1237 suscepit,
1110 1167 1418 1231 quindecim
1452 1176 1663 1223 tantum
1712 1172 1997 1220 enumerat
2033 1164 2085 1218 in
2124 1177 2236 1218 sum
2271 1160 2646 1217 translationis
2698 1159 2968 1230 prommio
3004 1178 3017 1213 :
3051 1159 3162 1213 imo
3212 1158 3426 1213 variant
3469 1159 3740 1220 lectiones,

503 1270 557 1316 ct
587 1274 687 1329 pro
713 1260 1031 1330 quindecim,
1066 1267 1123 1314 ut
1176 1259 1362 1331 legunt
1400 1273 1592 1313 omnes
1639 1259 1791 1323 editi,
1824 1258 1949 1320 duo,
1983 1256 2182 1326 quibus
2216 1255 2298 1310 usi
2328 1269 2541 1318 sumus,
2575 1252 2944 1321 antiquissimi
2970 1251 3214 1317 codices,
3249 1267 3388 1307 unus
3412 1251 3732 1307 cathedralis

502 1350 748 1406 ecclesiae
795 1350 1163 1418 Ebroicensis,
1198 1350 1339 1406 alter
1388 1350 1706 1419 monasterii
1738 1348 2128 1415 Vallis-Clam,
2159 1346 2361 1402 habent
2407 1346 2545 1401 alius
2593 1346 2792 1409 decem,
2822 1343 2959 1397 alius
3001 1343 3297 1398 duodecim.
3339 1343 3445 1400 Sed
3495 1345 3591 1399 hic
3629 1344 3740 1398 for-

505 1453 649 1495 tasse
675 1443 847 1495 libros
874 1442 965 1511 qui
999 1457 1093 1497 sua
1131 1451 1290 1499 actate
1326 1450 1651 1511 supererant
1679 1442 2055 1496 tantummodo
2081 1441 2308 1495 denotat
2334 1439 2599 1501 Rufinus;
2631 1437 2741 1507 jam
2782 1437 2928 1492 enim
2956 1435 3166 1503 aliquot
3203 1437 3546 1492 intercidisse
3582 1449 3736 1493 testa-

504 1545 591 1586 tnr
636 1534 687 1587 in
733 1532 1052 1602 praefatione
1106 1533 1173 1586 ad
1211 1531 1540 1588 Heraclium.
1573 1531 1643 1587 Ut
1674 1541 1731 1585 ut
1763 1532 1855 1595 sit,
1894 1530 2175 1599 deperdita
2222 1530 2289 1584 de
2316 1545 2414 1583 suo
2452 1527 2749 1591 addidisse,
2795 1535 3077 1594 totumque
3107 1541 3242 1595 opus
3268 1527 3335 1580 ad
3366 1528 3595 1581 mediam
3637 1527 3744 1582 fere

502 1634 709 1693 portent
733 1639 793 1679 se
821 1625 1159 1680 contraxisse
1188 1624 1386 1679 ibidem
1432 1623 1720 1694 profitetur
1750 1639 1763 1675 :
1792 1629 1847 1674 et
1882 1620 2081 1689 reipsa,
2119 1626 2255 1676 teste
2297 1618 2623 1673 Cassiodoro
2657 1617 2853 1672 ibidem
2884 1631 2990 1686 quo
3018 1633 3208 1687 supra,
3256 1632 3321 1672 ex
3366 1619 3558 1689 viginti
3600 1618 3743 1677 libris

503 1716 686 1769 decem
725 1716 1096 1770 tantummodo
1124 1713 1359 1769 confecit
1393 1735 1405 1769 :
1446 1713 1590 1777 Quos
1640 1720 1836 1776 tamen,
1886 1710 2084 1781 inquit,
2136 1727 2301 1779 supra
2324 1710 2497 1763 dictus
2545 1707 2847 1778 Ruﬁnusiu
2876 1712 3051 1762 decem
3088 1708 3252 1762 libros
3275 1710 3540 1779 redigens,
3576 1712 3745 1764 adhuc

502 1806 712 1874 copiose
765 1805 1039 1860 transtulit
1085 1807 1139 1860 in
1189 1804 1481 1858 Latinum.‘
1516 1804 1792 1857 Adversus
1837 1802 1981 1856 hanc
2027 1801 2311 1856 audaciam
2368 1799 2715 1855 excandescit
2771 1798 3055 1867 Erasmus,
3089 1814 3190 1854 nec
3228 1799 3504 1854 immerito
3532 1802 3742 1870 quidam

502 1896 758 1951 Rufinum
784 1897 1161 1968 objurgarunt,
1191 1886 1647 1966 quemadmodum
1685 1896 1799 1962 ipse
1823 1893 1927 1949 sibi
1960 1892 2235 1962 objectum
2268 1893 2436 1949 fuisse
2460 1894 2537 1948 ait
2569 1895 2623 1948 in
2660 1895 3010 1963 peroratione
3033 1909 3146 1949 sua:
3181 1896 3575 1961 translationis,
3605 1901 3746 1969 quod

499 2001 657 2040 suum
696 1986 879 2054 potius
922 2000 1082 2052 quam
1119 1986 1370 2050 Origenis
1407 1998 1600 2037 nomen
1648 1982 1809 2049 hujus
1836 1982 2018 2053 Operis
2051 1983 2207 2038 titulo
2234 1999 2344 2039 non
2372 1985 2762 2054 inscripsisset.
2802 1982 2941 2040 Hinc
2972 1986 3119 2040 enim
3153 1990 3212 2042 iit
3247 1997 3304 2043 ut
3344 1989 3433 2043 vix
3459 1986 3747 2060 Origmiem

498 2080 554 2132 in
594 2077 833 2147 Origene
877 2075 1140 2144 reperias,
1177 2063 1535 2146 injuriamque
1577 2075 1798 2148 Origeni
1850 2077 2056 2132 illatam
2091 2077 2306 2133 facilius
2352 2077 2753 2148 deprehendes,
2782 2079 2826 2134 si
2864 2078 3170 2150 fragmenta
3208 2088 3455 2152 quaedam
3490 2087 3748 2143 lucubra-

500 2167 663 2222 tionis
694 2167 854 2236 hujus
888 2167 1092 2221 inserta
1120 2166 1431 2223 Philocaliw
1464 2184 1589 2224 cum
1623 2169 1908 2224 Httliniana
1938 2171 2300 2226 conversione
2337 2169 2617 2242 conﬂigas.

566 2260 901 2333 Theophilus
948 2262 1295 2330 Salodianus,
1336 2264 1547 2320 ordinis
1581 2265 1957 2322 Observantia:
2002 2266 2431 2322 Mendicantium
2475 2266 2592 2323 Divi
2646 2267 2959 2340 Hieronymi
2992 2264 3294 2339 professor,
3324 2277 3391 2321 ex
3420 2267 3609 2323 codice
3643 2284 3748 2321 ma-

496 2357 778 2426 nuscripto
826 2355 1145 2411 Phesulante
1167 2359 1247 2413 sui
1285 2370 1585 2417 conventus
1624 2360 1989 2429 bibliothecae,
2026 2364 2119 2433 qui
2154 2361 2548 2434 Hieronymum
2592 2363 2944 2434 interpretem
2976 2363 3029 2417 in
3057 2362 3235 2415 fronte
3270 2359 3619 2430 praeferebat,
3651 2363 3749 2417 hos

495 2447 683 2502 decem
721 2446 891 2502 libros
932 2446 1137 2517 primus
1167 2448 1266 2503 sub
1300 2447 1616 2521 Hieronymi
1650 2451 1870 2505 nomine
1895 2451 2138 2508 Venetiis
2181 2453 2353 2508 edidit
2376 2468 2524 2509 anno
2556 2454 2713 2508 1506.
2749 2455 2903 2509 llnnc
2931 2453 3102 2508 secuti
3136 2450 3426 2516 Merlinns,
3461 2451 3743 2518 Erasmus,

493 2538 899 2606 Genebrardus,
950 2537 1380 2609 Hieronymique
1429 2540 1665 2611 Operum
1726 2543 2068 2599 Basileenses
2120 2544 2381 2612 editores,
2417 2560 2560 2600 anno
2608 2546 2765 2610 i571,
2815 2555 2977 2616 atque
3025 2541 3305 2613 Philippus
3356 2542 3627 2601 Labbzeus
3672 2547 3747 2601 De

492 2631 738 2701 scriptor.
769 2632 976 2695 eccles.,
1002 2644 1135 2686 tom.
1165 2630 1229 2698 ll,
1263 2646 1387 2704 pag.
1418 2632 1541 2699 MS,
1568 2633 1686 2705 ejus
1715 2650 1897 2705 operis
1923 2634 2435 2706 interpretationem
2467 2634 2802 2708 Hieronymo
2831 2637 3013 2694 itidem
3045 2639 3445 2709 ascripserunt.
3477 2640 3585 2695 Sed
3609 2641 3749 2696 hanc

492 2721 692 2777 Rufino
722 2736 845 2777 esse
878 2722 1223 2777 tribuendam
1249 2725 1661 2781 evidentissima
1682 2727 1917 2797 probant
1948 2735 2060 2782 tum
2092 2727 2478 2794 Cassiodorus,
2514 2738 2626 2783 tum
2660 2731 3016 2801 tnanuscripti
3040 2733 3237 2795 nostri,
3269 2742 3383 2785 tum
3410 2734 3527 2800 ipsa
3563 2732 3750 2787 Rullni

491 2817 789 2886 peroratio,
837 2816 926 2872 ubi
976 2817 1053 2871 ait
1095 2831 1153 2871 se
1194 2815 1353 2887 paulo
1406 2826 1527 2886 post
1576 2833 1968 2873 conversurum
2018 2818 2313 2875 Clementis
2351 2820 2548 2885 libros,
2589 2821 2735 2891 quod
2779 2837 2809 2875 a
2858 2820 3057 2878 Rufino
3100 2822 3310 2878 factum
3343 2836 3464 2878 esse
3500 2831 3741 2878 constat.

492 2910 772 2973 Erasmus,
803 2908 1078 2980 mangonii
1129 2908 1385 2964 librarios
1442 2910 1791 2974 insimulans,
1824 2911 1892 2964 ad
1926 2921 2202 2981 emptores
2235 2911 2559 2968 alliciendos
2597 2923 2915 2982 praetextum
2952 2913 3018 2968 ab
3068 2914 3135 2969 iis
3185 2913 3500 2985 Hieronymi
3549 2929 3747 2969 nomen

492 3000 813 3056 arbitratur.
843 3000 943 3055 Ast
970 2998 1226 3065 Huetius,
1252 2999 1395 3055 hanc
1425 2999 1637 3056 Erasmi
1667 3000 2091 3071 probabiliorem
2121 3002 2453 3057 sententiam
2500 3015 2785 3072 respuens,
2813 3017 2993 3069 suam,
3032 3006 3120 3060 cui
3147 3006 3365 3060 minime
3394 3007 3748 3071 assentimus,

491 3094 565 3145 ita
592 3093 767 3161 aperit
800 3094 1112 3163 Urigenian.
1163 3093 1258 3149 lib.
1294 3109 1375 3160 tu,
1407 3109 1529 3166 cap.
1558 3096 1613 3161 2,
1657 3104 1794 3151 sect.
1820 3097 1874 3161 ὅ,
1908 3111 2060 3150 num.
2092 3096 2201 3151 l5:
2234 3098 2382 3152 «Cur
2425 3095 2756 3168 Hieronymo
2810 3100 3010 3153 tributa
3056 3100 3130 3154 sit
3161 3101 3297 3168 (htec
3344 3100 3748 3173 interpretatio)

488 3182 671 3239 Κυιὶηὶ
706 3195 825 3241 astu
872 3195 927 3240 et
964 3183 1181 3241 vafritie
1223 3185 1426 3242 factum
1473 3196 1622 3257 puto,
1661 3189 1754 3258 qui
1790 3190 1858 3242 ad
1893 3186 2270 3243 declinandam
2318 3187 2448 3242 facti
2486 3189 2745 3241 invidiam
2779 3186 2942 3255 (male
2988 3190 3184 3260 quippe
3211 3192 3466 3247 audiebat
3490 3191 3751 3259 Origenis

488 3281 733 3351 nomen),
768 3291 822 3336 et
859 3282 912 3336 in
939 3280 1351 3352 Hieronymum,
1381 3296 1415 3338 a
1453 3296 1561 3354 quo
1588 3296 1731 3351 sazpe
1756 3280 2083 3352 Origenismi
2109 3295 2272 3335 causa
2312 3281 2619 3350 exagitatus
2655 3281 2856 3347 fuerat,
2900 3280 3315 3351 retundendam,
3352 3301 3551 3342 nomen
3583 3303 3749 3343 suum

489 3384 599 3425 non
645 3372 921 3441 apposuit,
949 3370 1215 3426 modestia
1260 3371 1466 3426 factum
1512 3371 1799 3437 simulans,
1832 3372 1976 3438 quod
2010 3369 2165 3424 malis
2217 3367 2429 3423 artibus
2481 3379 2663 3424 actum
2699 3376 2837 3423 erat.
2865 3387 2883 3421 ι
2931 3370 3132 3427 Eadem
3179 3374 3349 3431 ferme
3380 3377 3455 3433 ait
3500 3379 3752 3450 ejusdem

489 3464 752 3519 sectionis
776 3478 927 3518 num.
969 3464 1026 3529 5,
1072 3463 1163 3518 ubi
1198 3464 1263 3518 de
1288 3463 1545 3521 liomiliis
1568 3465 1620 3519 in
1652 3462 1834 3519 Josue.
1868 3462 1974 3517 Sed
2013 3462 2080 3516 de
2103 3460 2188 3515 his
2215 3475 2316 3515 suo
2344 3459 2461 3516 loco
2500 3461 2853 3516 disseremus.

559 3553 770 3609 Praeter
809 3565 1149 3610 contractam
1186 3554 1331 3609 illam
1361 3568 1417 3609 et
1451 3563 1759 3611 truncatam
1807 3553 1987 3608 [tulisti
2033 3551 2571 3621 interpretationem,
2619 3554 2885 3608 habemus
2923 3555 3051 3610 tomi
3093 3557 3253 3626 primi
3303 3573 3411 3615 non
3464 3562 3752 3623 mediocre

488 3647 855 3717 fragmentum
886 3647 939 3701 in
976 3647 1153 3717 capite
1192 3637 1505 3701 Pliilocalia:
1538 3645 1666 3709 Ωιι,
1697 3659 1761 3699 ac
1788 3644 1923 3699 duas
1952 3642 2188 3698 minores
2234 3641 2465 3698 lacinias
2497 3642 2551 3697 in
2586 3642 2845 3712 Apologia
2877 3643 3207 3715 Pamphili’.
3236 3648 3498 3706 Socrates
3532 3647 3751 3709 llrstor.

486 3738 816 3807 cccles.,lib.
849 3755 946 3804 vn,
974 3754 1100 3810 cap.
1135 3738 1228 3807 '52,
1248 3744 1500 3796 observat
1526 3737 1819 3810 Origenem
1848 3736 1900 3789 in
1937 3735 2103 3804 priori
2128 3736 2318 3790 eodem
2343 3735 2528 3790 tomo'
2554 3734 2820 3791 latissime
2843 3738 3160 3806 exposuisse
3197 3755 3299 3810 qua
3336 3743 3552 3798 ratione
3576 3745 3760 3799 Maria

489 3828 654 3901 Virgo
687 3830 916 3901 Deipara
951 3831 1250 3889 diceretur.
1282 3832 1548 3903 Origenes
1590 3832 1705 3902 ipse
1722 3830 1767 3895 ⁸,
1796 3829 1890 3883 lib.
1921 3842 1951 3880 v
1980 3824 2176 3882 Contra
2223 3826 2456 3895 Celsum,
2488 3843 2637 3882 num.
2666 3826 2758 3891 47,
2784 3827 2851 3883 de
2883 3828 3306 3887 circumcisione
3356 3835 3537 3901 egisse
3571 3850 3632 3892 se
3668 3838 3759 3890 ait

486 3921 906 3979 Commentariis
932 3922 987 3977 in
1019 3922 1164 3980 hanc
1196 3924 1267 3981 ad
1292 3922 1569 3979 Romanos
1611 3920 1927 3995 Epistulam.
1969 3918 2200 3975 Sanctus
2229 3919 2464 3976 Basilius
2501 3920 2642 3975 libro
2669 3918 2748 3974 De
2780 3919 2992 3991 Spiritu
3033 3934 3240 3990 sancto,
3272 3938 3392 3995 cap.
3434 3926 3527 3993 29,
3561 3926 3758 3982 locum

482 4029 554 4069 ex
577 4013 786 4071 eisdem
813 4013 1241 4072 Commentariis
1271 4015 1442 4071 refert
1466 4015 1554 4071 his
1583 4015 1797 4071 verbis:
1836 4015 1901 4067 At
1930 4013 2031 4084 ἱερς

2209 4011 2370 4085 ἀμεις
2393 4013 2696 4084 χωρητικαὶ
2721 4011 2817 4066 τοῦ
2841 4012 3184 4082 Μονογενοῦς
3208 4014 3303 4068 καὶ
3333 4016 3435 4087 τῆς
3466 4017 3563 4071 τοῦ
3585 4018 3758 4089 ἁγίςυ

486 4108 803 4180 Πνεύματος
835 4106 1121 4178 θεότητοςο
1156 4105 1337 4161 Sacra:
1387 4106 1601 4159 virtutes
1646 4121 1864 4174 capaces
1905 4114 2027 4158 sunt
2058 4101 2333 4175 Unigeniti
2373 4117 2421 4159 et
2452 4105 2622 4160 sancti
2666 4102 2897 4174 Spiritus
2921 4107 3134 4161 deitatis
3161 4124 3184 4161 :
3210 4107 3406 4162 librum
3431 4123 3561 4164 vero
3599 4113 3764 4168 unde

490 4198 643 4252 illum
680 4199 886 4254 eruerit
920 4212 1027 4252 non
1061 4196 1301 4262 notavit;
1331 4196 1426 4252 sed
1468 4195 1657 4252 eadem
1701 4197 1866 4251 verba
1908 4196 2259 4265 reperiuntur
2289 4197 2345 4252 in
2380 4197 2833 4267 interpretatione
2867 4197 3071 4264 Rufini,
3103 4197 3199 4255 lib.
3233 4216 3317 4264 lli,
3350 4216 3501 4260 llllll‘l.
3533 4203 3591 4268 8,
3615 4219 3757 4274 pag.

483 4288 611 4344 515.
647 4289 853 4346 Rursus
886 4286 1152 4357 Origenes
1188 4298 1335 4343 tonio
1363 4301 1474 4342 xvn
1504 4288 1557 4342 in
1588 4286 1927 4353 Mattbaeum,
1960 4305 2112 4344 num.
2161 4289 2256 4356 '52,
2301 4290 2531 4358 plurima
2580 4290 3006 4347 Commentariis
3057 4293 3170 4348 suis
3223 4293 3276 4346 in
3327 4293 3627 4362 Epistolam
3675 4300 3762 4351 ad

484 4381 760 4436 ltomanos
789 4396 819 4434 a
852 4396 912 4436 se
940 4380 1083 4435 dicta
1135 4379 1302 4435 fuisse
1351 4377 1565 4434 refert‘
1592 4379 1647 4434 in
1685 4381 1828 4434 hunc
1868 4381 2112 4450 Apostoli
2163 4388 2479 4436 contextum
2515 4398 2529 4435 :
2564 4380 2647 4436 An
2700 4376 2980 4452 ignoratis,
3013 4382 3209 4452 fratres
3249 4383 3563 4456 (scientibus
3599 4389 3760 4442 enim

483 4472 645 4540 legem
680 4471 913 4542 loquor),
943 4474 1070 4542 quia
1117 4472 1203 4526 lea:
1250 4471 1305 4525 in
1351 4471 1563 4525 homine
1608 4471 1915 4527 dominatur
1938 4481 2135 4545 quanto
2190 4483 2419 4543 tempore
2447 4475 2592 4539 vivit,
2624 4484 2731 4528 etc.
2782 4489 2956 4544 usque
2986 4476 3055 4531 ad
3100 4476 3175 4540 id,
3206 4476 3253 4530 si
3284 4477 3443 4544 fuerit
3477 4495 3598 4532 cum
3636 4480 3763 4534 alio

481 4564 595 4617 viro
615 4565 657 4618 ⁸.
698 4564 859 4619 Aliud
905 4580 1122 4634 quoque
1149 4574 1349 4620 etomo
1400 4581 1453 4619 ix
1489 4564 1851 4635 fragmentum
1905 4566 2064 4621 nobis
2109 4564 2268 4620 oﬁ'ert
2318 4575 2480 4635 caput
2524 4560 2838 4620 Philocatite
2885 4570 3144 4622 nonum".
3192 4569 3435 4639 Denique
3478 4570 3765 4641 Origenes

482 4662 680 4717 iterum
715 4659 810 4719 lib.
841 4675 937 4714 vtn
970 4659 1167 4714 Contra
1195 4659 1443 4714 eumdem
1475 4658 1707 4725 Celsum,
1751 4675 1909 4713 num.
1941 4658 2034 4723 65,
2075 4658 2210 4715 dicit
2232 4659 2253 4690 ⁸
2284 4659 2530 4730 pluribus
2571 4661 2623 4713 in
2667 4660 2877 4714 varium
2919 4675 3137 4715 sensum
3171 4674 3230 4715 se
3261 4671 3529 4717 tractasse
3560 4667 3628 4718 dc
3658 4665 3762 4718 his

480 4752 806 4809 versiculis:
841 4752 1027 4807 Omnis
1072 4754 1255 4806 anima
1298 4753 1649 4821 potestatibus
1697 4752 2113 4822 prtecellentibus
2145 4752 2360 4805 subdita
2418 4753 2507 4805 sit.
2544 4751 2666 4805 Non
2708 4761 2784 4806 est
2821 4752 2957 4805 enim
2990 4764 3219 4823 potestas
3246 4755 3349 4808 nisi
3377 4774 3407 4808 a
3445 4757 3594 4822 Deo;
3623 4773 3763 4828 qua:

479 4856 658 4902 autem
683 4856 806 4901 sunt
853 4856 1160 4916 potestates,
1194 4863 1224 4900 a
1266 4846 1373 4899 Deo
1422 4845 1687 4899 ordinata:
1740 4856 1859 4899 sunt
1891 4864 1910 4902 :
1946 4846 2124 4915 itaque
2164 4845 2254 4913 qui
2295 4846 2542 4913 potestati
2581 4845 2857 4910 resistunt,
2896 4844 2989 4898 Dei
3042 4846 3370 4899 ordinationi
3418 4849 3673 4902 resistunt
3699 4851 3755 4904 ν.

479 4941 656 5006 Atque
704 4941 820 4994 hare
867 4953 989 4993 cum
1046 4938 1348 5009 legitimum
1394 4941 1654 4994 horumce
1698 4936 2228 4993 Commentariorum
2276 4946 2559 4992 auctorem
2600 4937 2983 4991 Adamantinm
3018 4953 3139 4994 esse
3173 4937 3476 4995 clarissime
3512 4942 3763 4996 demou-

480 5040 675 5096 strent,
705 5046 812 5085 non
845 5032 1111 5086 dubitavit
1157 5044 1335 5087 tamen
1377 5033 1617 5087 novitius
1651 5032 1873 5100 quidam
1907 5032 2144 5101 scriptor
2191 5032 2561 5087 heterodoxus
2589 5031 2689 5087 bos
2723 5030 2870 5101 ipsos
2895 5030 2947 5085 in
2974 5032 3449 5101 supposititiorum
3487 5031 3759 5103 Origcnis

479 5123 808 5192 scriptorum
860 5124 1057 5179 seriem
1113 5125 1423 5192 conjicere;
1473 5139 1503 5177 a
1548 5122 1839 5179 Guilielmo
1870 5123 2132 5179 Perkinso
2167 5124 2411 5189 delusus,
2442 5124 2535 5193 qui
2586 5138 2681 5177 eos
2733 5123 2870 5177 male
2903 5123 3173 5192 quiut-ma
3216 5122 3411 5179 Rufino
3441 5139 3760 5181 conversos

480 5216 722 5287 scripsit,
756 5218 900 5286 quod
922 5217 1267 5273 verissimum
1297 5226 1404 5284 est,
1429 5218 1652 5290 Origeni
1695 5234 1824 5276 vero
1859 5218 1995 5275 falso
2022 5233 2140 5274 esse
2175 5220 2409 5275 tributos
2438 5218 2751 5289 neutiquam
2779 5218 3059 5288 cogitavit.

551 5368 571 5401 ³
599 5368 655 5423 In
688 5370 967 5438 interpret.
1003 5370 1154 5437 Ruf,
1186 5372 1278 5428 lib.
1319 5389 1359 5439 ι,
1390 5388 1536 5428 num.
1571 5375 1625 5436 5,
1659 5382 1772 5428 not.
1897 5374 1917 5404 ’
1943 5373 2074 5427 ibid.
2101 5387 2254 5429 num.
2289 5373 2346 5437 5,
2382 5383 2494 5429 not.
2591 5374 2612 5406 ³
2643 5373 2774 5429 ibid.
2808 5384 2917 5427 not.
3018 5372 3041 5404 ⁸
3075 5373 3225 5437 Ruﬁ,
3254 5373 3346 5428 lib.
3382 5388 3444 5438 ll,
3483 5390 3635 5428 num.
3667 5372 3759 5428 i0
3860 5400 3861 5411 ι

469 5440 667 5564 .12..
702 5440 1164 5577 [iutilpiyul'i’bi'vu
1188 5459 1342 5501 num.
1374 5444 1427 5497 7.
1516 5445 1536 5475 ⁸
1566 5441 1730 5499 Rom.
1766 5458 1862 5513 vn,
1891 5444 2010 5500 1-5.
2086 5444 2105 5473 ⁷
2141 5443 2292 5512 Ruﬁ,
2322 5445 2415 5502 lib.
2445 5461 2519 5513 Vl,
2544 5460 2696 5500 num.
2722 5444 2775 5509 8,
2806 5454 2920 5499 not.
2996 5443 3186 5512 suae,
3219 5444 3313 5502 lib.
3338 5452 3418 5508 is,
3452 5460 3605 5499 num.
3637 5441 3762 5499 25-
