3856 6590
443 410 521 511 ιε’
1319 451 1641 509 nomen
1667 452 1759 508 AD
1798 450 1989 509 conn

2098 450 2155 507 ι.
2194 449 2519 507 ORIGENIS
2550 434 2625 507 ιιι
2654 448 2850 508 JOAN.
3617 451 3674 507 ιδ

438 579 699 650 Αίγύπτῳ
731 576 963 649 ἀνέμους
999 577 1099 647 τῆς
1146 575 1408 647 πονηρίας
1447 575 1570 628 καθ’
1598 574 1755 647 ἡμῶν
1778 575 1989 647 ἔγειραν

2126 572 2305 643 plures
2330 553 2473 629 enim
2503 573 2732 629 Ruﬁnus
2757 580 3039 628 enumerat
3069 570 3323 629 Invectiv.
3347 573 3404 639 2,
3435 573 3527 630 nhi
3549 574 3674 631 hunc

433 686 547 733 τος,
583 670 772 741 στῆναι
804 668 1002 740 μᾶλλόν
1056 684 1123 739 με
1156 666 1290 739 πρὸς
1318 668 1408 721 τὸν
1436 668 1624 736 ἀγῶνα
1670 668 1967 738 παρεκάλει
1990 669 2020 721 ό

435 762 612 832 λόγος,
651 763 743 816 καὶ¹
775 761 1012 835 τηρῆσαι
1037 761 1097 814 τὸ
1138 760 1487 831 ἡγεμονικὸν,
1515 761 1723 832 μήποτε
1756 759 2018 833 μοχθηροὶ

435 853 685 925 λογισμοὶ
732 852 1056 923 ἐξισχύσωσι
1110 852 1200 905 τὸν
1224 852 1469 922 χειμῶνα
1524 853 1619 906 καὶ
1649 853 1714 924 τῇ
1738 852 1881 924 ψυχῇ
1914 870 2015 924 μου

435 947 839 1013 ἐπεισαγαγεῖν,
878 944 1031 1024 ιῆπερ
1072 944 1317 1015 ἀκαίρως
1349 943 1477 1013 πρὶν
1504 944 1744 1016 γαλήνην
1770 944 1867 1016 τὴν
1895 945 2013 999 διά-

434 1055 582 1091 νοιαν
604 1038 786 1091 λαϐεῖν
821 1037 1112 1090 συνάπτειν
1151 1036 1221 1089 τὰ
1245 1035 1374 1107 ἑξῆς
1402 1035 1505 1106 τῆς
1529 1036 1774 1108 Γραφῆς.
1808 1038 1921 1090 Καὶ
1963 1040 2013 1091 οἱ

436 1127 689 1200 συνήθεις
729 1127 787 1182 δὲ
831 1126 1170 1199 ταχύγραφοι
1225 1127 1300 1200 μὴ
1348 1130 1615 1199 παρόντες
1660 1127 1754 1181 τοῦ
1794 1128 2011 1199 ἔχεσθαι

430 1220 539 1273 τῶν
570 1220 990 1292 ὑπαγορεύσεων
1016 1218 1270 1273 ἐκώλυον.
1296 1217 1413 1273 Νῦν
1439 1219 1484 1272 δ’
1504 1221 1595 1274 ὅτε
1621 1220 1688 1273 τὰ
1708 1220 1830 1274 καθ’
1853 1221 2010 1292 ἡμῶν

431 1311 803 1383 πεπυρωμένα
836 1310 1025 1376 πολλὰ,
1052 1310 1369 1375 σϐεννύντος
1395 1310 1551 1377 Θεοῦ,
1592 1312 1719 1383 βέλη
1765 1314 2005 1385 ἦμϐλυν-

428 1421 543 1468 ται,
569 1406 663 1458 καὶ
686 1404 1019 1458 ὲνεθισθεῖσα
1046 1404 1205 1477 ἡμῶν
1232 1406 1268 1475 ἡ
1497 1409 1611 1470 τοῖς
1641 1406 2008 1478 συμϐεϐηκόσι

426 1498 515 1552 διὰ
546 1498 636 1551 τὸν
661 1499 910 1571 οὐράνιον
937 1499 1116 1567 λόγον,
1148 1498 1335 1569 φέρειν
1356 1498 1487 1569 ῥᾷον
1518 1498 1762 1570 βιάζεται
1792 1498 1892 1563 τὰς
1914 1516 2009 1568 γε-

425 1592 731 1663 γενημένας
790 1591 1102 1656 ἐπιϐουλὰς,
1146 1593 1387 1664 ὡσπερεὶ
1418 1591 1592 1661 ποσῆς
1624 1591 1803 1653 εὐδίας
1847 1591 2007 1644 λαϐό-

430 1699 602 1752 μενοι,
630 1682 811 1736 οὐκέτι
832 1681 1245 1753 ὑπερτιθέμενοι
1266 1681 1628 1753 ὑπαγορεύειν
1648 1679 1716 1732 τὰ
1737 1679 2005 1733 ἀκόλουθα
2030 1740 2039 1754 ⁸

425 1772 747 1845 βουλόμεθα,
780 1772 913 1826 Θεὸν
940 1772 1258 1826 διδάσκαλον
1292 1771 1606 1843 ὑπηχοῖωτα
1632 1771 1691 1824 ὲν
1720 1769 1797 1840 τῷ
1826 1769 2005 1840 ἀδύτῳ

421 1863 521 1934 τῆς
546 1863 728 1933 ψυχῆς
761 1862 919 1933 ἡμῶν
947 1864 1202 1932 παρεῖναι
1227 1860 1528 1933 εὐχόμενοι,
1567 1861 1653 1913 ἵνα
1684 1859 1835 1922 τέλος
1864 1858 2000 1929 λάϐῃ

2123 666 2296 736 ipsum
2325 666 2643 738 Hieronymi
2690 665 2972 735 prologum
3030 667 3243 719 refert:
3292 677 3347 719 et
3398 668 3489 735 qui
3530 669 3674 737 paulo

2121 755 2261 811 infra
2313 758 2501 812 eadem
2555 756 2749 827 repetit
2804 755 2891 811 his
2941 755 3438 820 verbis:lnterim,
3494 761 3673 828 inquit,

2121 848 2361 919 Origenis
2390 849 2574 916 libros,
2625 860 2682 903 ut
2708 867 2871 918 supra
2904 849 3159 913 diximus,
3193 850 3487 911 inomnent
3514 850 3675 905 admi-

2117 942 2370 995 rationem
2407 940 2634 1006 extollit,
2681 951 2731 996 et
2780 941 2909 994 dicit
2950 945 3094 1011 quod
3121 942 3169 995 si
3203 957 3291 995 eos
3319 943 3676 1010 interpretetur

2118 1031 2359 1087 Romana
2411 1033 2616 1104 lingua,
2663 1045 2937 1103 cognoscet
2993 1042 3250 1104 quantunt
3301 1034 3423 1087 boni
3468 1045 3515 1087 et
3563 1042 3675 1086 ante

2113 1127 2352 1179 nescierit
2382 1135 2431 1180 et
2464 1126 2596 1180 scire
2622 1142 2763 1181 nunc
2783 1128 3020 1192 cmperit,
3048 1128 3102 1180 id
3133 1138 3230 1194 est,
3261 1126 3318 1180 in
3352 1127 3672 1191 Mammula,

2112 1219 2317 1289 inquit.
2354 1234 2481 1272 χχνι
2517 1218 2676 1272 libras
2715 1217 2853 1289 (lege
2888 1218 3017 1291 xxv)
3046 1229 3093 1273 et
3131 1221 3187 1272 in
3214 1218 3411 1274 Lucam
3435 1220 3670 1289 quinque.

2110 1324 2157 1366 et
2185 1313 2240 1366 in
2281 1313 2543 1367 Joannem
2569 1330 2741 1369 χχχιι.
2774 1314 2900 1369 Inde
2928 1323 3013 1369 est
3057 1314 3199 1384 quod
3250 1314 3304 1369 in
3357 1330 3460 1369 ms.
3495 1314 3675 1368 codice

2109 1405 2635 1460 Commentariorum
2667 1407 2718 1460 in
2743 1405 3007 1462 Joannem
3041 1421 3149 1473 quo
3178 1421 3309 1461 usus
3332 1415 3414 1460 est
3450 1407 3675 1460 Ambro-

2107 1498 2220 1552 sius
2245 1498 2549 1563 Ferrarius,
2587 1513 2780 1555 novem
2826 1498 3141 1568 interrupta:
3180 1498 3338 1553 seriei
3397 1499 3550 1567 tomi,
3581 1498 3671 1568 qui

2107 1587 2267 1642 hodie
2298 1599 2609 1656 supersunt,
2664 1591 2716 1642 in
2777 1588 2996 1658 triginta
3050 1589 3187 1642 duos
3235 1596 3412 1644 tomos
3465 1587 3673 1643 fuerant

2104 1679 2402 1734 distributi.
2441 1679 2639 1735 Verum
2679 1679 2857 1733 Rufini
2890 1680 3108 1734 lectioni
3150 1679 3283 1735 lides
3340 1680 3561 1734 minime
3596 1680 3676 1734 vi-

2106 1773 2263 1827 detur
2286 1788 2407 1828 esse
2435 1774 2741 1829 adhibenda
2775 1790 2790 1827 :
2823 1790 2949 1828 nam
2989 1789 3112 1830 cum
3165 1784 3339 1829 tomus
3383 1789 3555 1840 χχχιι,
3581 1774 3670 1842 ιιιιί

2106 1862 2371 1934 hodieque
2397 1877 2669 1933 superest.
2730 1868 2943 1921 desinat
2992 1868 3059 1920 ad
3092 1878 3256 1937 caput
3281 1867 3506 1922 Joannis
3550 1881 3672 1928 χιιι,

422 1960 455 2029 ἡ
483 1958 582 2028 τῆς
609 1957 750 2012 κατὰ
786 1958 1030 2011 Ἰωάννου
1057 1955 1359 2025 διηγήσεως
1382 1952 1475 2006 τοῦ
1504 1952 1837 2021 Εὐαγγελίου
1866 1952 1989 2005 οἰκο

2103 1953 2156 2023 ᾖ.
2186 1926 2385 2017 33.-vel
2411 1926 2679 2025 integrum
2710 1973 2846 2028 opus
2871 1926 3180 2026 neutiquam
3208 1958 3441 2013 absolvit
3482 1926 3673 2026 Οιίεοέ

419 2051 578 2121 δομή.
615 2048 827 2102 Γένοιτο
850 2048 895 2100 δ’
932 2049 961 2100 ὁ
993 2046 1123 2111 Θεὸς
1151 2047 1384 2117 ἐπήκοος
1416 2045 1572 2117 ἡμῶν
1604 2047 1668 2117 τῇ
1703 2045 1857 2117 εὐχῇ,
1918 2047 1997 2109 εἰς

417 2142 479 2195 τὸ
513 2140 744 2210 συνάψαι.
776 2137 1065 2210 δυνηθῆναι
1096 2136 1158 2190 τὸ
1210 2136 1369 2207 σῶμα
1400 2135 1494 2190 τοῦ
1524 2135 1646 2190 ὅλου
1678 2135 1859 2204 λόγου,
1894 2152 1998 2207 μη-

417 2234 536 2288 κέτι
566 2231 972 2305 μεσολαϐοὐσης
1006 2230 1403 2301 περιστάσεως,
1447 2226 1712 2300 διακοπήν
1762 2228 1855 2284 τοῦ
1887 2230 2001 2300 εἰρ-

419 2327 522 2399 μοῦ
554 2327 658 2397 τῆς
688 2324 913 2397 Γραφῆς
961 2324 1350 2396 ὁποιανδήποτε
1402 2321 1801 2395 ὲνεργήσασθαι
1837 2322 1998 2376 δυνα-

420 2419 625 2489 μένηςι
686 2416 770 2471 Ex
793 2422 892 2471 hoc
952 2433 1081 2470 casu
1115 2417 1401 2486 progressi,
1446 2417 1667 2470 extracti
1706 2432 1886 2470 sumus
1934 2432 1998 2469 ex

414 2509 672 2580 Egypto,
706 2508 817 2562 Dea
870 2524 965 2562 nos
1017 2507 1307 2573 liberante,
1370 2507 1462 2577 qui
1512 2506 1694 2561 eduxit
1741 2504 1991 2575 papulunt

413 2617 565 2655 suum
622 2616 685 2655 ca:
728 2616 790 2654 ea
818 2616 836 2653 :
867 2599 1054 2653 deinde
1104 2598 1319 2651 inimica
1374 2596 1695 2665 (Demetrio)
1741 2595 1991 2648 adversus

414 2708 506 2745 nos
535 2691 865 2745 acerbissime
888 2699 1153 2761 pugnante
1176 2705 1269 2757 per
1306 2705 1429 2743 suas
1461 2705 1625 2743 novas
1651 2688 1880 2751 litteras,
1914 2703 1994 2740 re-

412 2798 533 2836 sera
589 2779 874 2852 Evangelia
920 2781 1186 2846 inimicas,
1241 2795 1520 2848 omnesque
1558 2775 1776 2850 Αἴθῃ)ιὶ
1813 2786 1991 2849 ventos

410 2876 663 2929 adversus
693 2891 785 2928 nos
827 2877 1146 2939 concitante,
1179 2886 1320 2927 stare
1349 2890 1428 2927 me
1459 2875 1626 2943 magis
1668 2872 1992 2926 adhortaba-

407 2978 497 3021 tur
531 2969 668 3021 ratio
698 2969 766 3022 ad
803 2979 1089 3033 certamen,
1142 2975 1190 3021 et
1241 2982 1446 3020 servare
1497 2967 1991 3035 prmstantissimam

409 3061 508 3112 mei
534 3071 759 3131 portent,
810 3077 968 3131 quam
1023 3060 1320 3127 importune
1366 3059 1683 3126 conjungere
1714 3066 1991 3111 restantem

408 3150 759 3219 Scripturam,
810 3163 1091 3222 antequam
1117 3153 1342 3204 rationis
1371 3151 1645 3203 discursus
1690 3147 1994 3217 tranquilli-

406 3256 565 3301 tatem
596 3247 863 3314 reciperet.
922 3261 983 3298 ne
1011 3244 1147 3314 forte
1186 3244 1531 3314 cogitationes
1576 3256 1751 3309 prava:
1782 3239 1986 3292 invale-

403 3349 605 3392 scerent
638 3339 693 3391 in
723 3338 957 3390 animam
990 3337 1144 3389 etiam
1180 3351 1348 3388 meam
1379 3331 1667 3401 procellam
1716 3329 1981 3383 inducere.

407 3430 548 3492 Quin
595 3430 832 3481 absentes
881 3441 1107 3497 quoque.
1162 3425 1251 3495 qui
1303 3422 1434 3476 mihi
1480 3421 1545 3474 de
1579 3436 1722 3474 more
1766 3422 1983 3483 adsunt,

406 3520 599 3574 veloces
623 3520 926 3585 scriptores,
971 3533 1051 3571 me
1081 3515 1424 3585 prohibebant
1468 3530 1587 3582 qua:
1609 3514 1985 3580 cxcogitassem

403 3613 656 3665 mandare
704 3609 913 3664 litteris.
943 3608 1103 3663 Nunc
1134 3623 1248 3662 vero
1308 3605 1522 3676 quando
1569 3606 1847 3658 adversum
1892 3619 1985 3656 nos

401 3709 583 3777 ignita:
607 3706 814 3776 sagittae
852 3703 1035 3759 multa:
1060 3718 1208 3758 vana:
1237 3702 1457 3772 fuerunt
1512 3700 1691 3767 factw,
1725 3697 1836 3752 Dea
1864 3696 1984 3750 illas

400 3800 781 3869 exstinguente,
817 3807 864 3850 et
907 3808 1119 3852 assueta
1148 3794 1327 3848 anima
1359 3803 1540 3849 nostra
1584 3793 1687 3858 his,
1729 3806 1847 3862 qua:
1883 3806 1987 3842 cae-

402 3891 548 3947 lestis
579 3890 834 3945 sermonis
859 3905 1024 3944 causa
1068 3888 1401 3958 contingunt,
1431 3885 1571 3955 ferre
1594 3885 1807 3955 cogitur
1845 3882 1981 3951 faci-

400 3986 505 4038 lius
549 3984 721 4053 {actas
762 3981 1028 4042 insidias.
1081 3978 1237 4034 veluti
1302 3978 1634 4049 aliquantum
1682 3975 1983 4031 serenitatis

401 4074 565 4139 nacti,
598 4089 702 4126 non
749 4070 976 4138 amplius
1003 4068 1302 4137 di/ferentes
1342 4067 1548 4121 dictare
1578 4067 1821 4120 volumus
1865 4082 1985 4132 qut:

402 4173 619 4229 restant,
678 4162 845 4215 Deum
874 4159 1191 4228 magistrum
1241 4157 1299 4210 in
1338 4157 1530 4211 animle
1582 4166 1776 4210 nostra:
1821 4156 1980 4223 adyta

396 4254 658 4327 penetrali
690 4257 1021 4308 insonantem
1052 4252 1239 4305 adesse
1274 4259 1569 4319 precantes,
1623 4256 1679 4300 ut
1709 4247 1865 4315 [iacnt
1891 4263 1983 4298 ac-

398 4348 559 4415 cipiat
622 4355 891 4400 structura
949 4343 1306 4398 enarratianis
1363 4339 1635 4410 Evangelii
1692 4340 1980 4393 secundum

397 4438 681 4493 Joannem.
715 4440 883 4507 Atque
907 4438 1112 4489 utinam
1145 4435 1330 4488 audiat
1364 4434 1503 4489 Deus
1534 4448 1711 4501 preces
1748 4442 1978 4494 nostras.

397 4541 456 4586 ut
485 4547 676 4600 corpus
707 4531 867 4583 totius
896 4530 1068 4597 aperis
1094 4527 1412 4598 conjungere
1438 4528 1725 4598 possimus,
1752 4542 1843 4579 nec
1869 4524 1979 4578 ulla

2105 2066 2220 2115 nes,
2249 2051 2329 2105 vel
2358 2049 2405 2105 si
2432 2052 2499 2106 ad
2528 2051 2686 2105 linem
2726 2066 2897 2121 usque
2927 2052 3202 2120 perduxit,
3253 2050 3359 2105 nan
3392 2051 3676 2119 pauciores

2103 2159 2265 2213 quam
2288 2158 2456 2198 χχχιχ
2486 2153 2662 2199 tomos
2689 2143 2999 2198 elaborasse
3028 2142 3320 2198 verisimile
3341 2152 3446 2198 est.
3475 2143 3675 2197 Deinde

2101 2235 2283 2302 plures
2314 2249 2478 2304 quam
2508 2250 2661 2288 χχχιι
2685 2242 2858 2288 tomos
2883 2233 3161 2289 conlectos
3186 2234 3350 2288 fuisse
3380 2234 3507 2288 inde
3524 2233 3676 2287 erui-

2102 2334 2209 2389 tur,
2246 2326 2387 2395 quod
2439 2324 2701 2395 Origenes
2750 2326 2866 2395 ipse
2930 2335 3161 2380 tractatu
3210 2341 3355 2380 xxxv
3414 2327 3466 2380 in
3526 2325 3672 2378 Mat-

2099 2417 2319 2483 tlueum,
2346 2432 2469 2487 pag.
2497 2416 2622 2483 922,
2651 2417 2704 2470 in
2740 2417 2854 2471 haec
2889 2416 3125 2471 Matthxi
3175 2417 3342 2471 verba
3374 2430 3388 2466 :
3427 2413 3674 2482 Idipsuns

2098 2518 2271 2560 autem
2299 2516 2348 2560 et
2368 2506 2616 2570 latrones,
2644 2507 2735 2577 qui
2756 2506 3000 2575 cruci/ixi
3029 2517 3318 2561 erantcum
3347 2522 3432 2573 eo,
3470 2506 3675 2573 impro-

2096 2598 2347 2666 perabant
2369 2599 2438 2662 ei,
2471 2598 2547 2653 ait
2570 2614 2630 2653 se
2652 2599 2704 2652 in
2728 2597 3145 2654 Commentariis
3185 2601 3298 2654 suis
3329 2598 3383 2653 in
3405 2598 3678 2654 Joannem

2097 2691 2412 2759 exposuisse
2439 2690 2507 2746 de
2536 2689 2746 2745 duobus
2777 2689 3079 2744 latronibus
3128 2690 3218 2759 qui
3266 2691 3510 2745 (ξι-ιιοίιίχί
3546 2698 3681 2745 sunt

2096 2797 2219 2838 cum
2248 2781 2487 2844 Christo.
2515 2791 2569 2835 et
2593 2782 2665 2835 ibi
2696 2782 2931 2852 agitasse
2960 2798 3026 2834 an
3059 2781 3151 2836 alii
3187 2782 3296 2836 sint
3351 2785 3459 2838 duo
3511 2782 3563 2836 hi
3594 2780 3681 2834 la-

2100 2883 2283 2930 trones
2315 2888 2543 2943 quorum
2575 2888 2714 2927 unus
2765 2872 3181 2943 blasphcmahat
3214 2874 3488 2929 Christum
3514 2873 3677 2943 juxta

2095 2965 2318 3031 Lucam,
2366 2975 2421 3022 et
2462 2967 2554 3020 alii
2602 2965 2805 3021 fuerint
2837 2965 2913 3019 illi
2942 2965 3048 3020 duo
3094 2965 3330 3019 latrones
3373 2965 3466 3035 qui
3501 2964 3674 3018 ambo

2095 3057 2608 3128 blasphemaverunt
2642 3058 2796 3126 juxta
2830 3057 3140 3111 Matthteum
3189 3064 3244 3111 et
3296 3055 3563 3111 Marcum.
3594 3054 3673 3111 Et

2093 3152 2235 3215 apud
2258 3148 2543 3212 Joannem,
2577 3149 2771 3216 Inquit,
2805 3149 2940 3201 sicut
2984 3150 3270 3214 potuimus,
3332 3148 3682 3215 exposuimus

2092 3239 2158 3293 de
2213 3240 2418 3293 duobus
2474 3238 2793 3305 latronibus,
2843 3240 2934 3299 qui
2986 3240 3203 3307 {uerunt
3253 3238 3499 3307 cruciﬁxi
3545 3256 3677 3294 cum

2091 3329 2322 3394 Christo,
2350 3332 2440 3402 qui
2460 3331 2746 3385 secundum
2776 3330 3085 3385 Matt/ratum
3110 3332 3320 3401 quidem
3343 3343 3391 3385 et
3418 3329 3674 3386 Marcum

2088 3424 2562 3492 impraperaverunt
2591 3424 2639 3475 ei
2676 3423 2830 3477 ambo
2888 3424 2944 3478 in
2983 3438 3173 3487 cruce;
3221 3423 3507 3477 secundum
3558 3422 3675 3476 Lu-

2087 3532 2203 3569 cam
2231 3526 2406 3570 autem
2445 3515 2703 3570 dicentem
2733 3516 2982 3584 quoniam
3012 3532 3152 3570 unus
3194 3514 3260 3570 de
3312 3516 3675 3583 pendentibus

2087 3607 2382 3664 latronibus
2411 3608 2897 3677 blasphemabat....
2932 3606 3257 3663 Conveniens
3296 3623 3418 3677 ergo
3463 3617 3545 3661 est
3608 3621 3676 3664 ut

2086 3702 2142 3755 in
2169 3701 2351 3771 primis
2372 3701 2579 3771 quidem
2608 3699 2759 3753 ambo
2781 3701 3012 3753 latrones
3058 3698 3425 3770 intelligantur
3475 3705 3679 3757 Domi-

2087 3810 2213 3848 num
2265 3792 2740 3861 blasphemasse....
2806 3792 2911 3843 Aut
2960 3807 3023 3845 ne
3085 3793 3239 3860 forte,
3281 3796 3415 3848 sicut
3458 3804 3507 3850 et
3552 3797 3679 3854 illic

2084 3884 2314 3939 diximus
2372 3880 2810 3955 (Commentariis
2864 3881 3073 3937 scilicet
3122 3883 3175 3937 in
3224 3883 3532 3955 Joannem),
3568 3889 3680 3943 alii

2083 3986 2203 4032 sunt
2238 3976 2294 4029 hi
2318 3975 2422 4029 duo
2466 3975 2699 4028 latrones
2736 3988 2801 4026 ea:
2845 3975 3037 4044 quibus
3086 3991 3226 4030 unus
3267 3976 3679 4041 blasphemoba:

2082 4091 2225 4138 eum,
2256 4083 2303 4128 et
2330 4072 2424 4127 alii
2448 4073 2662 4142 fuerunt
2704 4073 2787 4125 illi
2814 4071 2921 4126 duo
2947 4073 3180 4129 latrones
3223 4075 3314 4145 qui
3340 4078 3492 4129 ambo
3540 4076 3676 4131 bla-

2082 4167 2481 4233 sphemaverunt
2518 4163 2619 4236 (sic
2672 4166 2816 4220 enim
2869 4165 3155 4236 legendum
3186 4174 3269 4221 est
3294 4163 3448 4235 juxta
3476 4168 3673 4237 mss).

2085 4255 2209 4310 Haec
2239 4268 2418 4310 autem
2450 4255 2639 4311 nullibi
2678 4254 3025 4326 reperiuntur
3054 4257 3108 4310 in
3136 4272 3327 4312 novem
3367 4258 3531 4312 tomis
3564 4262 3674 4328 qui

2083 4348 2381 4403 etiamnum
2409 4356 2628 4403 exstant
2657 4347 2711 4402 in
2734 4346 3025 4413 Joannem,
3055 4358 3217 4419 atque
3240 4364 3306 4404 ex
3334 4349 3514 4405 verbis
3542 4365 3680 4405 mo-

2081 4440 2152 4493 do
2173 4440 2354 4493 citatis
2384 4447 2437 4494 et
2473 4438 2592 4494 loco
2629 4440 2718 4495 ubi
2746 4454 2810 4494 ea
2831 4440 2996 4494 citata
3031 4450 3177 4507 sunt,
3226 4442 3437 4497 videtur
3465 4440 3683 4513 Orige-

2081 4544 2179 4585 nes
2207 4545 2311 4585 non
2340 4545 2437 4601 per
2482 4539 2855 4594 transennam.
2908 4534 3002 4587 sed
3053 4548 3118 4588 ex
3156 4534 3419 4603 professo,
3475 4542 3532 4589 ct
3561 4532 3681 4590 suo

399 4624 614 4695 posthac
683 4623 966 4676 necessitas
1049 4622 1344 4691 intercipiat
1408 4632 1562 4692 atque
1622 4621 1977 4687 interrumpat
2009 4620 2221 4699 Dloco,
2275 4628 2538 4675 tractasse
2583 4619 2652 4675 de
2706 4619 2915 4675 duobus
2969 4619 3291 4675 latronibus.
3324 4619 3494 4675 Porro
3526 4634 3674 4675 cum

398 4716 694 4783 Scriptura'
720 4711 945 4766 seriem!
973 4712 1226 4766 Attamen
1262 4712 1476 4767 nonnisi
1508 4711 1667 4782 longe
1713 4719 1837 4779 post
1863 4707 1975 4762 Ma-

398 4806 590 4861 ximini
629 4805 1084 4875 persecutimnem,
1122 4805 1318 4873 quippe
1363 4805 1519 4876 cujus
1545 4812 1691 4858 tomo
1719 4817 1832 4856 χχιι
1862 4815 1979 4856 me-

396 4899 649 4964 minerat,
700 4907 837 4951 teste
892 4898 1127 4952 Eusebio
1167 4896 1307 4950 Hist.
1364 4895 1459 4952 ιιι».
1487 4911 1561 4960 vt.
1604 4910 1724 4965 cap.
1766 4894 1857 4956 28.
1922 4902 1978 4947 et

395 4990 577 5046 forsan
628 4989 682 5043 in
728 4990 967 5044 secundo
1018 4989 1211 5043 itinere
1262 4988 1603 5051 Atheniensi,
1647 4989 1723 5042 ιιιί
1751 4987 1976 5054 conjicit

396 5080 641 5146 lluetius,
673 5082 1003 5150 posteriores
1031 5079 1161 5135 tomi
1195 5080 1433 5150 expliciti
1470 5089 1613 5137 sunt.

465 5172 558 5230 IV.
592 5161 955 5243 Hieronymus
979 5173 1203 5242 prologo
1231 5174 1322 5241 qui
1353 5172 1608 5241 pransus
1646 5180 1733 5227 est
1764 5170 1976 5226 Latina:

394 5263 828 5333 interpretationi
889 5262 1249 5317 llomiliarum
1305 5263 1557 5335 Origenis
1610 5265 1665 5318 in
1723 5262 1971 5327 Lucam,

392 5371 588 5411 novem
626 5365 680 5410 et
735 5354 955 5425 triginta
1019 5363 1196 5410 tomos
1249 5356 1317 5410 ab
1369 5356 1559 5409 eodem
1633 5353 1869 5426 Origene
1916 5355 1972 5409 in

390 5446 661 5504 Joannem
691 5448 922 5516 scriptos
964 5448 1378 5503 commemorat.
1431 5446 1704 5518 Siquidem
1726 5489 1742 5515 ,
1774 5448 1972 5518 inquit.

390 5541 531 5613 quad
549 5540 673 5594 olim
692 5538 870 5594 Roma,
887 5551 1070 5595 sancta
1090 5539 1325 5595 Bltcsilla
1348 5543 1701 5611 flagitaverat,
1727 5553 1782 5594 ut
1807 5557 1970 5596 xxxw

395 5630 537 5702 (lege
554 5628 685 5702 χχν)
712 5638 880 5683 tomos
898 5629 1044 5685 illius
1067 5632 1120 5684 in
1144 5629 1476 5695 Matthtcum,
1508 5643 1555 5686 et
1581 5634 1810 5704 quinque
1835 5635 1971 5688 alios

391 5724 450 5777 in
476 5722 691 5789 Lucam,
712 5733 759 5776 et
780 5737 952 5777 χχχιχ
976 5723 1031 5777 in
1053 5722 1318 5777 Joannem
1341 5735 1536 5779 nostra:
1555 5727 1753 5796 lingua:
1786 5730 1971 5781 trade-

393 5828 523 5866 rem.
548 5814 971 5869 Amanuensium
995 5829 1238 5868 errorem
1265 5814 1352 5868 hic
1379 5817 1691 5883 suspicatur
1713 5817 1967 5871 doctissi-

394 5920 512 5960 mus
530 5903 771 5971 lluetius,
789 5916 843 5960 et
862 5922 959 5976 pro
980 5921 1143 5960 χχχιχ
1167 5906 1451 5978 legendum
1480 5918 1631 5976 putat
1655 5924 1828 5963 χχχιι.
1852 5908 1965 5966 Νοιι

2084 4713 2391 4767 tricesimus
2445 4710 2717 4767 secundus
2773 4719 2951 4766 tomus
2978 4711 3191 4766 desinat
3226 4712 3292 4766 ad
3339 4720 3498 4781 caput
3531 4724 3678 4776 χιιι,

2077 4806 2134 4874 ᾖ.
2170 4805 2241 4860 55
2281 4805 2556 4876 Evangelii
2604 4803 2865 4873 Joannis,
2909 4814 2965 4858 ιιι
3008 4805 3121 4874 jam
3172 4805 3428 4867 diximus,
3461 4811 3683 4872 agatur

2078 4911 2209 4952 vero
2240 4898 2306 4953 de
2348 4896 2657 4953 latronibus
2713 4899 2766 4952 in
2801 4899 2979 4969 capite
3027 4912 3143 4962 χιχ,
3172 4899 3227 4967 it.
3286 4897 3353 4953 18
3411 4895 3678 4964 ejusdem

2077 4990 2377 5059 Evangelii,
2433 4989 2616 5059 plures
2655 5006 2818 5060 quam
2875 5006 3025 5045 χχχιι
3054 4999 3228 5046 tomos
3283 4989 3334 5044 in
3384 4989 3675 5045 Joannem

2076 5083 2387 5139 elaboratas
2417 5083 2581 5139 fuisse
2604 5085 2899 5139 verisimile
2925 5096 3029 5149 εει,
3066 5098 3132 5140 ac
3164 5083 3390 5153 proinde
3417 5083 3677 5153 genuina

2077 5174 2292 5229 videtur
2345 5173 2657 5246 Hieronymi
2715 5175 2906 5241 lectio,
2984 5191 3106 5245 qua:
3153 5190 3320 5229 χχχιχ
3372 5183 3553 5229 tomos
3606 5175 3681 5231 in

2073 5267 2339 5324 Joannem
2367 5277 2773 5322 commemorat.

2149 5360 2215 5415 ν.
2246 5358 2326 5413 Εχ
2355 5367 2434 5413 tot
2463 5358 2714 5429 Origenis
2766 5358 2818 5413 in
2846 5356 3110 5413 Joannem
3159 5356 3683 5424 lucubrationibus,

2074 5466 2188 5506 χχιι
2221 5451 2488 5505 duntaxat
2528 5461 2700 5505 tomos
2750 5452 2816 5503 ad
2866 5466 3015 5504 suam
3068 5458 3286 5504 atatem
3336 5449 3683 5517 pervenisse

2074 5543 2266 5599 scribit
2319 5541 2587 5599 Eusebius
2623 5542 2763 5597 llist.
2821 5543 2916 5597 lib.
2978 5558 3053 5609 vt,
3088 5557 3213 5613 cap.
3247 5541 3339 5596 24.
3384 5542 3492 5594 Sed
3525 5558 3679 5598 cuin

2072 5650 2240 5691 χχχιχ
2271 5634 2631 5707 llieronymus
2663 5645 2869 5705 postea,
2922 5643 2977 5688 et
3028 5632 3254 5689 Ruﬁnus
3292 5633 3477 5689 forsan
3513 5634 3684 5686 dun-

2075 5737 2225 5782 taxat
2255 5742 2404 5782 χχχιι
2464 5743 2574 5798 prae
2626 5727 2874 5781 manibus
2918 5724 3229 5786 habuerint.
3279 5734 3335 5780 et
3370 5724 3687 5794 supersint

2073 5818 2340 5888 hodieque
2366 5821 2496 5873 tumi
2526 5833 2695 5873 χχνιιι
2726 5829 2781 5872 et
2805 5832 2976 5882 χχχιι,
3005 5814 3398 5885 conjiciendum
3421 5824 3508 5869 est
3540 5832 3678 5872 non

2072 5911 2252 5979 plures
2284 5925 2446 5982 quam
2473 5924 2586 5965 χχιι
2617 5909 2817 5965 vidisse
2872 5908 3185 5978 Eusebium,
3253 5907 3437 5979 plures
3467 5918 3685 5964 tamen
