3856 6526
133 423 190 478 17
1010 429 1332 492 MONITUM
1371 439 1464 493 AD
1499 440 1860 502 COMMENT.
1897 445 2221 506 ORIGENIS
2258 451 2324 506 IN
2361 451 2550 510 JOAN.
3337 472 3401 526 18

129 550 213 591 31“
268 543 434 591 331310
461 538 773 595 Θκειῖιίεεεο
818 540 924 597 "os
970 554 1274 616 temporum
1324 554 1524 625 injuria
1559 571 1706 629 post-
1741 567 1786 624 Α
1815 576 1907 618 aut
1933 565 2107 620 locum
2137 569 2431 640 signassem
2463 586 2786 643 suspectum.
2831 579 3019 649 Aliqua
3056 590 3234 641 tamen
3279 603 3402 656 per—

133 626 334 656 m.\.III--|
373 629 677 656 ..Ιιθ-..ηκηέι
733 636 971 656 -..-__.!_
1014 649 1056 656 ._
1130 641 1139 652 ο

133 626 334 679 modum
372 629 704 700 absumpsit,
729 636 974 704 exceptis
1013 641 1174 695 tomis
1214 660 1252 706 t,
1292 662 1354 708 tt,
1381 663 1457 712 VI,
1492 667 1550 716 x,
1588 669 1708 718 xm,

130 731 232 781 ιιι,
272 733 363 777 xx.
400 737 572 775 xxvttt
602 733 654 776 et
704 741 886 792 xxxii,
944 746 1176 800 quorum
1235 743 1453 805 gemina
1506 751 1710 815 prodiit

133 807 526 879 interpretatio.
565 816 641 870 Ex
675 820 864 875 codice
898 823 1104 882 Veneto
1141 827 1200 886 S.
1233 831 1428 902 Marci,
1463 841 1554 908 qui
1589 844 1708 898 nul-

130 893 212 946 lihi
244 897 408 954 hodie
431 915 738 973 comparet,
794 910 1029 977 priorem
1082 921 1432 979 concinnavit
1473 929 1710 989 Ambro-

128 989 228 1041 sius
261 987 578 1077 Ferrarius,
605 997 1049 1074 Mediolanensis,
1085 1018 1389 1072 monachus
1421 1021 1702 1092 Cassiuas,

125 1088 173 1132 et
202 1082 368 1136 edidit
405 1072 554 1140 anno
591 1090 722 1146 1551
753 1112 766 1160 ;
797 1072 1160 1165 posteriorem
1193 1122 1261 1161 ex
1310 1072 1703 1189 codice‘llegid

1590 1169 1696 1189 1-

125 1169 425 1232 loaehimus
461 1180 768 1252 Perionius,
826 1188 1214 1254 Benedictinus
1272 1202 1458 1260 itidem
1503 1225 1699 1266 mona-

124 1266 263 1330 chus,
301 1272 541 1328 triennio
573 1281 801 1345 postch
834 1284 1078 1342 circiter.
1107 1289 1276 1356 Quem
1329 1307 1459 1364 pttto
1510 1318 1615 1358 non
1644 1305 1698 1360 in

123 1374 176 1412 se
210 1363 505 1430 recepisset
535 1366 800 1439 laborem,
829 1375 872 1427 si
905 1392 1010 1432 non
1067 1390 1248 1438 actum
1303 1391 1461 1444 modo
1483 1408 1543 1447 se
1575 1411 1699 1464 age-

124 1464 192 1514 re,
225 1454 316 1506 sed
350 1455 491 1511 bene
521 1469 703 1514 actum
738 1467 977 1534 pessime
1021 1485 1081 1527 se
1116 1488 1278 1543 agere
1307 1479 1693 1545 intellexisset.

122 1542 181 1595 At
227 1547 464 1600 nondum
497 1565 824 1618 pervenerat
866 1562 932 1614 ad
979 1577 1101 1617 eum
1154 1566 1481 1630 Ferrariana
1528 1580 1694 1636 inter-

120 1631 370 1696 pretatio;
405 1647 809 1709 proptereaque
839 1645 887 1698 in
916 1650 1326 1718 esplanatiouis
1352 1675 1464 1715 suae
1494 1666 1694 1733 praela-

120 1723 248 1776 tione
271 1725 513 1794 printum
550 1746 611 1786 se
639 1732 838 1790 laboris
874 1738 1033 1810 hujus
1085 1744 1440 1816 inemptorem
1472 1723 1692 1823 profite-

121 1823 216 1868 tur.
242 1814 524 1875 Persuasit
547 1823 599 1876 id
637 1827 793 1883 Sixto
834 1830 1085 1900 Senensi,
1121 1841 1213 1908 qui
1277 1842 1507 1913 idipsum
1542 1861 1692 1904 retu-

119 1905 196 1972 Iit;
221 1905 402 1965 Sixtns
431 1915 597 1968 etiam
643 1920 760 1974 viro
793 1925 1011 1979 erudito
1036 1905 1307 1998 qtti—lnlso
1335 1936 1478 1992 idem
1526 1940 1690 1995 itera-
1723 1920 1763 1974 Β

116 2001 205 2052 vit.
246 2000 356 2058 llos
388 2016 574 2061 autem
600 2014 842 2082 codices,
898 2017 1161 2077 Venetum
1215 2036 1269 2082 ct
1323 2029 1576 2099 Regium,
1620 2051 1683 2091 ex

113 2104 210 2144 uno
259 2095 568 2168 eodemque
620 2107 838 2164 venisse
888 2115 1187 2184 exemplari
1245 2119 1563 2194 intelligitur
1617 2145 1684 2184 ex

112 2182 346 2241 conﬂictu
404 2190 752 2254 Ferrariante
790 2202 1262 2275 interpretationis
1313 2232 1436 2270 cum
1498 2219 1684 2278 Perio-

112 2276 256 2332 niaua
306 2292 360 2335 et
395 2283 586 2340 Graeca
642 2288 820 2349 IIuetii
867 2299 1108 2356 editione
1159 2306 1226 2359 ad
1262 2311 1544 2380 exemplar
1583 2314 1683 2369 Rc-

110 2368 240 2432 gium
290 2378 588 2443 expressis,
645 2383 781 2436 adeo
810 2400 1067 2445 accurate
1101 2393 1306 2451 lacunae
1341 2400 1551 2458 lacunis
1598 2422 1683 2461 re-

110 2465 378 2531 spondent,
407 2471 534 2528 licet
563 2474 614 2527 iu
657 2477 930 2548 aliquibus
964 2489 1266 2546 auctiorem
1306 2505 1359 2548 et
1387 2499 1681 2565 perfectio-

109 2571 208 2609 rem
265 2559 437 2618 fuisse
488 2564 734 2623 Ferrarii
791 2575 1035 2631 codicem
1098 2580 1374 2640 fatendum
1429 2589 1521 2645 sit.
1565 2591 1678 2649 IIoc

106 2649 356 2719 praecipue
409 2653 761 2727 discrepabat
820 2673 1047 2737 uterque
1095 2669 1256 2740 liber,
1284 2681 1430 2746 quod
1476 2680 1678 2754 Regius

107 2751 273 2794 veram
321 2760 384 2799 ac
415 2751 712 2818 genuinam
751 2772 940 2813 novem
973 2771 1243 2821 tomorum
1280 2783 1528 2830 servaret
1562 2778 1664 2832 dis-

107 2829 433 2902 tinctionem,
477 2856 601 2896 cum
656 2845 890 2907 Venetus
919 2853 973 2908 in
1008 2857 1225 2928 triginta
1251 2864 1386 2920 duos
1418 2869 1579 2925 unius
1611 2887 1675 2926 ac

103 2926 357 2983 continua:
386 2934 552 2988 seriei
583 2947 758 2996 tomos
789 2956 970 3000 sectus.
1002 2961 1167 3016 esset,
1203 2972 1235 3008 a
1266 2955 1508 3014 erculo
1537 2979 1672 3033 quo-

101 3020 211 3071 (tam
239 3023 425 3078 incerti
460 3032 712 3101 nominis,
745 3036 819 3089 ait
852 3038 1039 3097 Sixtus
1074 3045 1359 3117 Senensis,
1403 3071 1537 3110 novo
1567 3062 1670 3114 im-

101 3118 311 3175 postsra:
354 3132 572 3184 genere,
629 3132 687 3174 ut
740 3143 868 3194 opus
925 3148 1264 3192 numerorum
1330 3145 1669 3206 multitudine

99 3211 316 3269 auctam,
377 3217 430 3261 ει
458 3213 806 3270 arithmetica:
854 3229 1241 3292 supputationis
1274 3236 1459 3291 ordine
1494 3245 1667 3296 conti-

99 3303 301 3350 nuatam
333 3305 622 3370 optabilius
661 3311 920 3380 redderet,
953 3334 1015 3370 ac
1041 3322 1237 3391 majori
1279 3330 1449 3392 pretio
1480 3335 1667 3388 vende-

97 3391 165 3435 ret
192 3401 213 3438 :
242 3390 380 3445 unde
409 3393 632 3452 delusus
668 3400 960 3460 Ferrarius
1005 3390 1252 3469 eamdem
1286 3421 1514 3478 retinuit
1543 3426 1663 3482 libri

97 3481 462 3552 partitionem,
518 3500 573 3544 et
622 3507 652 3547 e
685 3497 902 3564 triginta
952 3519 1144 3559 novem
1203 3512 1369 3566 tomis
1415 3531 1555 3584 quos
1609 3521 1662 3576 in

93 3567 333 3629 Joannem
363 3581 659 3651 scripsisse
687 3586 973 3660 Origenem
1010 3600 1263 3668 putabat,
1314 3567 1523 3675 septem
1574 3628 1662 3669 so-

93 3662 187 3719 lum
216 3681 522 3736 postremos
575 3681 893 3748 desiderari,
920 3699 974 3742 et
1027 3693 1235 3763 exiguis
1282 3697 1492 3770 aliquot
1523 3704 1660 3760 dun-

94 3765 229 3810 laxat
256 3759 472 3820 lacunis
509 3767 802 3841 abruptam
838 3791 959 3834 esse
988 3785 1168 3852 operis
1197 3789 1394 3844 seriem
1424 3799 1658 3855 censuit.

91 3849 391 3921 Quanquam
457 3857 707 3919 fraudem
747 3869 982 3926 subinde
1013 3849 1276 3935 odoratus
1322 3895 1406 3939 est
1433 3887 1516 3942 vir
1567 3891 1659 3948 ille

88 3941 336 4011 eruditus,
377 3964 506 4003 nam
536 3951 593 4006 111
644 3957 829 4022 priore
862 3962 1339 4035 interpretationis
1385 3992 1498 4034 suae
1539 3983 1656 4036 edi-

92 4030 238 4098 tione,
272 4039 429 4095 initio
465 4047 596 4099 tomi
645 4065 761 4116 XIX,
813 4055 879 4108 ad
912 4073 1088 4127 oram,
1130 4068 1398 4134 suspicaci
1435 4085 1492 4125 se
1520 4076 1660 4128 scri-

90 4121 156 4175 bit
184 4130 342 4186 hosce
396 4144 593 4202 tomos,
630 4158 696 4196 ne
743 4161 1002 4205 numerus
1052 4154 1520 4233 interpellaretur,
1582 4170 1654 4223 ita

88 4217 234 4276 inisse
264 4225 555 4287 dissectos.

153 4353 228 4410 ι’1.
278 4361 351 4416 At
405 4366 812 4432 illustrissimus
861 4381 1113 4450 Ilttetius,
1174 4390 1266 4458 qui
1317 4393 1524 4461 primus
1557 4413 1650 4453 eos

86 4441 252 4504 Graece
281 4455 451 4511 edidit
485 4459 832 4538 Rotltomagi,
881 4487 1026 4531 anno
1052 4441 1207 4544 lliGB:
1264 4441 1419 4538 surum
1449 4489 1647 4558 cuique

1815 671 1987 712 versa
2032 660 2295 717 doctrina:
2352 663 2474 719 labe
2525 681 2772 736 respersa
2800 675 3052 730 consulto
3097 682 3400 737 detraxisse

1814 747 2046 815 videtur,
2101 766 2202 807 nec
2233 755 2492 822 pauciora
2557 775 2846 830 superesse
2895 782 3088 834 passus
3139 781 3242 840 est,
3275 788 3398 844 quae

1810 843 1878 897 ab
1927 841 2188 901 Ecclesia:
2233 848 2473 906 decretis
2506 869 2610 908 non
2654 857 2852 929 exiguo
2884 863 3202 921 recederent
3227 868 3396 923 inter-

1809 934 1968 988 vallo.
1999 937 2124 993 Haec
2150 956 2283 997 vero
2303 946 2487 1000 omnia
2519 948 2634 1004 suis
2657 961 2843 1006 notata
2878 966 3006 1009 sunt
3031 956 3185 1016 locis.

1879 1025 1988 1084 VII.
2023 1031 2098 1086 Ex
2144 1035 2359 1104 gemina
2411 1038 2648 1096 Ferrarii
2680 1054 2736 1098 et
2769 1046 3008 1104 Periouii
3065 1052 3392 1120 interpreta-

1808 1119 1950 1174 tione
1977 1131 2031 1176 ct
2083 1127 2243 1180 unico
2275 1130 2464 1186 codice
2517 1131 2689 1204 Regio
2719 1138 3014 1195 editionem
3069 1159 3222 1199 suam
3256 1163 3390 1202 cort-

1803 1211 1954 1268 ﬂavit
1981 1214 2230 1282 IIuetius,
2263 1222 2354 1291 qui
2385 1223 2509 1278 laeto
2541 1240 2673 1282 sane
2711 1232 2895 1287 animo
2929 1235 3050 1290 aliis
3084 1252 3212 1292 usus
3243 1251 3388 1296 esset

1802 1309 2087 1364 codicibus
2123 1311 2281 1381 jussu
2317 1316 2450 1372 cleri
2500 1318 2766 1377 Gallicani
2802 1325 3092 1398 descriptis
3139 1341 3270 1388 ante
3297 1349 3389 1388 an-

1802 1414 1900 1454 nos
1932 1401 2138 1470 aliquot
2173 1421 2238 1460 ex
2274 1405 2442 1465 Italiae
2477 1412 2850 1483 Bibliothecis,
2880 1420 2925 1474 si
2955 1419 3199 1480 Joannes
3230 1426 3386 1481 Tari-

1798 1507 1920 1559 nus,
1955 1491 2280 1554 Parisiensis
2308 1502 2613 1572 professor,
2646 1509 2798 1576 cujus
2833 1510 2958 1568 ﬁdei
2992 1518 3272 1575 commissi
3305 1523 3382 1576 illi

1797 1596 1954 1639 erant
2011 1596 2069 1642 ut
2095 1591 2282 1645 cadent
2315 1593 2723 1654 Commentaria
2760 1603 2813 1657 in
2860 1603 3166 1676 Joannem,
3221 1612 3382 1667 Com-

1796 1681 2095 1736 mentarios
2125 1684 2177 1737 in
2210 1683 2525 1744 Matthteunt
2577 1703 2632 1747 et
2679 1693 3036 1754 I’ltilocaliam
3087 1705 3140 1756 111
3201 1704 3378 1763 lucem

1795 1771 2091 1840 emitteret,
2149 1791 2272 1830 cum
2326 1782 2444 1849 ipso
2483 1789 2896 1846 communicare
2943 1794 3248 1854 voluisset:
3281 1816 3376 1855 ve-

1795 1877 1913 1918 rum
1943 1864 2125 1923 lumen
2159 1870 2225 1926 de
2257 1887 2358 1929 suo
2387 1875 2595 1934 lumine
2623 1884 2926 1941 accendere
2952 1887 3042 1942 ille
3073 1890 3278 1959 noluit,
3306 1909 3378 1948 ne

1793 1957 1971 2015 minus
2003 1961 2101 2030 ipsi
2131 1979 2290 2020 suum
2318 1967 2527 2026 luceret
2566 1988 2689 2028 cum
2724 1977 2961 2034 alienuut
3012 1987 3373 2043 accendisset.

1790 2049 1905 2116 Qua
1943 2053 2008 2108 de
2041 2070 2099 2110 re
2131 2060 2375 2127 graviter
2407 2063 2700 2120 admodum
2749 2084 2853 2124 nec
2900 2072 3104 2142 injuste
3135 2091 3374 2148 conque.-

1791 2143 1929 2196 ritur
1979 2145 2316 2206 clarissimus
2369 2151 2593 2210 Pratsul.
2659 2157 2769 2215 Nos
2831 2177 2990 2229 vero,
3051 2166 3369 2237 feliciores,

1786 2237 1997 2294 duobus
2026 2241 2105 2297 usi
2135 2258 2324 2300 sumus
2353 2249 2654 2317 codicibus,
2703 2252 3000 2313 Bodleiano
3027 2260 3283 2318 nimirum
3315 2277 3371 2321 et

1783 2329 2100 2400 Barberino,
2130 2338 2198 2391 ad
2219 2351 2448 2408 quorum
2481 2339 2640 2399 tidem
2672 2344 2859 2402 Grreca
2890 2354 3252 2422 restituitnus,
3287 2359 3371 2412 la-

1782 2435 1954 2478 cunas
1998 2426 2380 2496 explevimus,
2445 2431 2797 2508 Ferrariique
2857 2441 3367 2513 interpretationem

1780 2515 2211 2587 cmendavimus,
2256 2534 2460 2580 mutata
2491 2529 2726 2596 primum
2760 2532 2893 2601 ejus,
2947 2552 3108 2607 quam
3140 2541 3366 2597 Huetius

1781 2606 1834 2660 in
1869 2606 2065 2666 Latino
2097 2627 2444 2684 servaverat,
2477 2630 2746 2679 tomorum
2785 2628 3079 2688 divisione.

1850 2720 1982 2777 VIII.
2017 2723 2222 2782 Praeter
2255 2745 2447 2786 novem
2477 2736 2645 2793 hosce
2679 2749 2874 2806 tomos,
2927 2743 3241 2804 Pliilocalia:
3273 2765 3365 2805 ca-

1779 2813 1887 2881 pita
1915 2816 1949 2870 4
1970 2829 2025 2871 et
2054 2819 2088 2873 5
2115 2820 2222 2875 duo
2255 2825 2515 2881 exhibent
2539 2828 2842 2899 fragmenta
2870 2852 2899 2890 e
2942 2849 3088 2896 tomo
3123 2857 3198 2909 tv,
3233 2846 3363 2900 tria-

1776 2919 1884 2972 que
1943 2907 2046 2961 alia
2096 2924 2162 2964 ex
2197 2914 2520 2981 praefatione
2549 2923 2747 2988 quinti,
2784 2925 2925 2980 inter
2972 2945 3091 2998 qua:
3119 2935 3357 2989 medium

1777 3005 1924 3052 tenet
1953 3003 2216 3069 particular
2257 3021 2290 3060 e
2340 3006 2438 3063 lib.
2493 3025 2546 3065 v1
2573 3011 2890 3073 Eusebiante
2923 3019 3201 3090 Historiis.
3233 3043 3354 3098 cap.

1772 3087 1866 3154 25,
1917 3093 2183 3150 traducta.
2229 3097 2344 3153 Duo
2396 3114 2614 3172 quoque
2657 3105 2846 3164 Latina
2883 3087 3198 3182 fragmenta
3230 3087 3359 3190 sup-

1774 3182 1980 3250 peditat
2008 3185 2266 3257 Apologia
2296 3190 2563 3262 Pamphili
2612 3202 2889 3271 martyris.
2945 3205 3185 3263 Primum
3219 3182 3357 3268 este

1694 3264 1738 3321 C
1774 3284 1918 3331 tomo
1953 3293 2001 3342 v,
2039 3282 2135 3335 sed
2171 3283 2430 3352 alterum,
2463 3291 2605 3358 quod
2636 3309 2667 3347 e
2699 3298 2940 3353 secundo
2977 3302 3352 3373 depromptum

1773 3367 1964 3432 fertur,
2023 3375 2073 3427 iu
2130 3391 2196 3430 eo
2247 3379 2437 3435 nullibi
2470 3387 2728 3454 reperies.
2763 3389 2872 3446 Nec
2910 3403 3086 3449 tamen
3117 3397 3239 3453 ideo
3274 3411 3352 3456 to.

1772 3476 1917 3516 mum
1948 3464 2092 3520 hunc
2147 3483 2268 3524 esse
2304 3473 2686 3533 detruncatmn
2748 3485 3182 3543 concludendum
3218 3508 3351 3548 ccu-

1769 3566 1971 3622 semus,
2005 3567 2192 3628 utpote
2221 3563 2311 3631 qui
2346 3579 2412 3619 ex
2457 3570 2606 3624 onmi
2656 3583 2809 3638 parte
2852 3579 3081 3650 integer,
3139 3598 3240 3638 nec
3273 3584 3350 3639 la-

1767 3648 1927 3702 cunis
1963 3648 2086 3705 ullis
2135 3653 2424 3712 dehiscere
2454 3660 2725 3717 videatur.
2792 3666 2944 3722 Unde
2999 3673 3349 3731 verisimilius

1767 3740 2113 3807 suspicamur
2163 3745 2468 3817 fragmenta
2521 3752 2705 3810 Ita-cce
2741 3757 2848 3813 duo
2879 3775 2947 3814 ex
2983 3779 3090 3818 uno
3124 3766 3349 3822 eodem-

1765 3843 1872 3897 que
1927 3840 2074 3888 tomo
2127 3839 2318 3906 quinto
2346 3856 2470 3898 esse
2497 3844 2772 3915 decerpta.
2822 3850 2987 3920 Cujus
3017 3857 3348 3925 conjectura:

1766 3921 2032 3979 rationem
2074 3929 2407 3988 reddidimus
2442 3937 2532 3990 ubi
2561 3943 2841 3995 convenit.

1837 4015 1925 4069 IX.
1964 4017 2082 4072 Jam
2140 4033 2198 4076 ιιι
2227 4025 2430 4094 aliquid
2460 4029 2528 4083 de
2561 4033 2724 4087 tomis
2754 4036 3051 4104 deperditis
3073 4040 3341 4110 dicatum,

1761 4117 2123 4179 prmterquam
2179 4119 2320 4184 quod
2354 4122 2547 4177 scribit
2604 4125 2872 4183 Eusebius
2929 4129 3070 4186 Hist.
3127 4135 3225 4190 lib.
3263 4153 3340 4202 vs,

1761 4215 1882 4268 cap.
1946 4203 2035 4268 28,
2103 4208 2171 4262 de
2221 4209 2499 4268 Maximini
2559 4222 2966 4287 persecutione,
3018 4241 3139 4294 qua:
3199 4244 3341 4283 anno

1759 4288 1961 4346 Christi
2015 4292 2122 4349 235
2173 4299 2353 4356 furere
2397 4306 2582 4374 cmpit,
2635 4312 2970 4366 mentionem
3020 4313 3137 4369 ﬁeri
3196 4327 3338 4374 tomo

1760 4399 1894 4450 xxu,
1925 4387 2190 4458 Origenes
2250 4393 2368 4461 ipse
2423 4405 2567 4454 tomo
2613 4417 2702 4456 xvt
2736 4404 2788 4456 111
2845 4404 3175 4476 Matthaeum,
3213 4426 3334 4481 pag.

1759 4477 1882 4544 748,
1919 4481 1970 4534 111
1999 4483 2113 4537 haec
2139 4484 2373 4542 Mattlnei
2400 4487 2442 4519 ¹³
2469 4493 2631 4547 verba
2668 4510 2683 4549 :
2726 4494 2981 4552 llosanna
3033 4498 3176 4555 Filio
3215 4477 3337 4558 in}.

84 4551 349 4600 numerum
407 4548 462 4603 in
489 4550 682 4610 Graeco
727 4564 986 4632 restituit,
1024 4582 1240 4626 servata
1290 4574 1526 4634 Fet'rarii
1558 4548 1648 4634 in-
1684 4607 1726 4661 Β
1758 4571 1860 4638 vid,
1895 4583 2024 4641 etc.,
2053 4576 2239 4630 eadem
2277 4596 2305 4631 a
2338 4581 2518 4650 seipse
2544 4583 2960 4644 Counuentariis
2996 4594 3046 4644 111
3069 4590 3334 4649 Joannem

85 4637 450 4661 lacn-----E-_-
507 4659 516 4661 μ
548 4656 559 4661 -
694 4658 702 4661 _
808 4654 819 4661 .
966 4659 973 4661 s

85 4637 477 4707 terpretatione,
505 4656 559 4698 ut
591 4658 707 4702 erat
737 4654 909 4722 prius,
960 4659 1012 4714 in
1064 4679 1214 4718 xxxu
1261 4676 1436 4724 tomos
1466 4674 1650 4730 distri-

85 4720 214 4790 buta,
242 4738 431 4798 utpote
462 4750 600 4802 quae,
630 4739 756 4796 licet
788 4753 842 4797 et
875 4746 924 4799 111
951 4752 1206 4807 oratione
1249 4756 1497 4825 horrida,
1547 4780 1647 4820 ne-

83 4829 170 4878 que
195 4822 330 4874 satis
363 4840 519 4893 pura,
582 4828 905 4892 Perioniana
961 4849 1139 4897 tamen
1185 4847 1410 4905 nitidior
1442 4862 1496 4907 et
1528 4870 1646 4910 me-

82 4903 182 4973 lior,
207 4910 416 4970 Grazcis
448 4922 707 4988 proprius
736 4924 970 4996 insistat,
998 4948 1265 5007 suamque
1297 4942 1456 4998 iidem
1505 4948 1640 5003 satis

81 5013 290 5059 instet.
323 5008 450 5063 Suis
478 5023 655 5068 tamen
689 5015 905 5075 laborat
941 5041 1160 5097 quoque
1200 5033 1371 5102 vitiis,
1401 5047 1455 5093 et
1494 5039 1546 5094 in
1576 5057 1641 5097 eo

79 5085 289 5149 Ferrarii
328 5099 408 5153 vel
443 5103 671 5168 candor,
711 5107 794 5162 vel
845 5109 1203 5184 intelligentia
1255 5136 1434 5176 rerum
1483 5127 1640 5182 valde

79 5180 300 5238 ridentur
355 5192 701 5263 requirenda,
733 5201 874 5266 quod
917 5180 1146 5261 solemni
1185 5210 1552 5270 obtestatione
1583 5217 1634 5271 in

80 5272 164 5325 isne
186 5281 364 5344 operis
393 5284 476 5336 sui
520 5287 929 5347 denuntiaverit
958 5311 1018 5351 sc
1051 5301 1106 5352 in
1145 5303 1241 5354 hoc
1283 5303 1415 5357 libro
1442 5319 1639 5362 verten—

78 5367 129 5414 do
151 5384 349 5424 innima
380 5390 534 5429 usum
579 5379 687 5446 ﬁde
713 5399 776 5435 ac
809 5385 1107 5457 diligentia,
1144 5402 1198 5445 ut
1247 5396 1382 5448 nihil
1415 5414 1635 5465 prorsus

79 5462 127 5509 111
153 5464 478 5523 inanimatam
504 5472 571 5526 ab
596 5491 656 5527 eo
687 5481 826 5544 quod
848 5484 1025 5535 scribit
1065 5497 1276 5541 auctor.
1306 5491 1512 5546 Deinde
1539 5498 1639 5551 ad-

77 5554 136 5604 dit
166 5575 178 5608 :
205 5555 349 5612 Scito
383 5577 644 5631 preterea
685 5586 767 5623 me
808 5573 940 5625 nihil
974 5576 1230 5632 invenisse
1262 5581 1316 5634 111
1363 5583 1460 5637 hoc
1501 5585 1636 5640 libro

81 5651 191 5706 cred
213 5652 452 5706 rideatur
473 5657 699 5713 decretis
723 5671 922 5718 sancta:
953 5670 1140 5723 matris
1179 5671 1428 5729 Ecclesia:
1452 5680 1639 5734 adver-

79 5739 194 5801 mi;
225 5758 340 5792 nam
369 5747 413 5795 si
438 5745 777 5816 invenissent,
816 5765 906 5806 aut
961 5756 1158 5812 librum
1202 5778 1304 5815 non
1343 5768 1633 5835 vertissent,

137 5909 172 5936 "
199 5909 382 5971 3111111.
421 5932 538 5989 xxi,
577 5918 633 5977 9.
713 5921 755 5953 ²³
787 5919 945 5980 Joan.
976 5942 1073 5996 xu,
1106 5931 1191 5987 1‘2.

1757 4677 1991 4730 expensa
2024 4663 2194 4721 fuisse
2222 4669 2318 4730 ait,
2351 4675 2570 4740 quando
2599 4677 2854 4734 videlicet
2890 4682 3016 4737 illttd
3052 4700 3332 4754 exponen-

1755 4751 1881 4804 dum
1930 4752 2032 4806 sibi
2100 4760 2437 4827 propositum
2496 4763 2646 4817 fuit:
2690 4765 2759 4822 In
2816 4751 3334 4831 crastinum-autem

1755 4840 1908 4895 turba
1955 4843 2125 4898 multa
2174 4864 2292 4916 qua:
2341 4862 2551 4906 venerat
2598 4857 2668 4907 ad
2715 4859 2855 4912 diem
2901 4862 3087 4927 festum
3121 4865 3184 4929 ²⁸,
3219 4879 3331 4925 etc.

1751 4935 1881 4999 Quae
1916 4937 2135 5004 quidem
2179 4950 2327 4996 tomo
2361 4960 2486 4998 xxrx
2530 4957 2757 5003 tractata
2810 4952 2981 5009 fuisse
3037 4958 3332 5015 verisimile

1748 5039 1850 5083 est.
1886 5031 2091 5088 Deinde
2135 5035 2188 5088 in
2221 5034 2532 5093 Matthmum
2566 5041 2748 5096 itidem
2799 5053 2956 5101 tract.
3004 5065 3169 5123 xxxv,
3208 5069 3329 5123 pag.

1749 5121 1873 5187 895,
1929 5133 2160 5180 testatur
2213 5143 2273 5182 se
2327 5130 2639 5199 diligentius
2687 5135 2740 5188 in
2803 5121 3225 5200 Commentariis
3275 5121 3328 5200 in

1747 5213 2008 5271 Joannem
2057 5221 2403 5277 examinasse
2434 5239 2500 5277 au
2530 5225 2600 5278 ab
2649 5243 2754 5281 una
2813 5230 2928 5286 sola
2965 5234 3050 5288 vel
3085 5235 3332 5305 pluribus

1748 5308 2066 5364 mulieribus
2099 5311 2302 5368 Christi
2363 5317 2526 5385 pedes
2578 5321 2727 5373 uncti
2777 5321 3011 5378 fuissent
3063 5328 3114 5381 in
3147 5344 3327 5384 caena.

1742 5401 1894 5466 Quod
1922 5418 2054 5457 sane
2079 5407 2270 5460 eodem
2299 5418 2445 5460 tumo
2494 5425 2621 5465 xxix
2662 5415 2943 5482 prieftxum
2977 5431 3116 5472 erat.
3160 5419 3328 5475 Deni-

1741 5511 1847 5562 que
1878 5495 1928 5550 in
1959 5497 2256 5567 Epistolam
2290 5503 2356 5554 ad
2384 5502 2665 5562 Romanos
2703 5522 2828 5576 cap.
2864 5524 2940 5573 vr,
2969 5509 3063 5564 lib.
3098 5527 3131 5566 ν
3167 5533 3178 5567 :
3223 5511 3328 5567 Ve-

1744 5601 1860 5637 rum
1890 5588 1953 5639 tle
1986 5592 2188 5644 ratione
2219 5593 2576 5663 baptismatis,
2629 5601 2824 5669 inquit,
2887 5619 3001 5656 cum
3040 5619 3327 5672 exponere-

1743 5695 1857 5732 mns
1916 5679 2262 5752 Evangelium
2307 5693 2592 5745 secundum
2640 5694 2924 5759 Joannem,
2989 5697 3077 5748 ubi
3120 5705 3326 5750 ventum

1741 5782 1816 5826 est
1847 5778 1916 5827 ml
1951 5792 2068 5831 cum
2099 5777 2271 5834 locum
2310 5783 2363 5836 in
2417 5801 2518 5853 quo
2547 5787 2674 5840 dicit
2728 5787 2790 5840 dc
2819 5786 2946 5841 Jcsu
2977 5805 2994 5840 :
3035 5809 3051 5839 1
3091 5788 3211 5857 Ipse
3235 5805 3323 5844 vos
