3856 6546
471 439 544 500 £9
1337 441 1655 498 MONITUM
1689 443 1780 498 AD
1810 443 2167 501 COMMENT.
2201 441 2525 500 ORIGENIS
2557 444 2624 499 IN
2663 444 2856 502 JOAN.
3644 451 3708 505 ΞΟ

473 551 760 622 baptizabit
815 554 868 608 in
917 554 1117 625 Spiritu
1175 563 1357 609 sancto
1391 555 1456 624 ",
1497 565 1592 610 set
1646 557 1768 610 item
1817 555 1905 609 ubi
1951 557 2135 629 ipseA
2165 563 2272 606 tur.
2332 553 2498 621 Licet,
2546 556 2740 626 inquit,
2813 554 3035 608 multum
3079 557 3399 622 perscrutari
3464 557 3707 625 fuerimus,

473 646 725 702 Salvator
760 649 888 701 dicit
931 663 949 700 :
984 667 1003 700 ι
1045 648 1164 702 Nisi
1194 650 1312 712 quis
1359 658 1572 703 renatus
1601 649 1763 719 fuerit
1791 653 1962 704 denuo
1994 665 2058 702 ea:

471 756 612 808 aqua
668 749 716 793 et
753 739 989 810 Spiritu,
1070 757 1172 794 non
1227 751 1394 809 potest
1455 741 1677 796 introire
1728 745 1783 796 in
1842 758 2057 812 regnum

476 833 571 888 Dei
604 834 649 865 ¹⁸
674 853 694 890 ,ο
732 852 752 886 ι
786 850 880 903 pro
909 834 1105 888 viribus
1151 835 1346 888 nostris
1373 851 1491 904 qua:
1539 851 1814 891 occurrere
1867 844 2056 904 potue-

473 936 619 989 runt,
651 927 755 981 imo
782 945 902 998 qua:
932 929 1144 983 donauit
1181 928 1338 989 Deus.
1370 929 1625 995 diximus,
1659 930 1749 982 ubi
1782 940 1829 982 et
1856 946 2059 984 sernto-
2085 931 2088 935 ’

472 1021 554 1074 nis
583 1020 685 1074 vim
712 1036 816 1090 quo
841 1022 1081 1074 dicitur:
1116 1039 1133 1073 ι
1177 1020 1297 1076 Nisi
1345 1025 1462 1094 quis
1518 1033 1733 1078 renatus
1774 1023 1933 1093 fuerit
1967 1025 2058 1078 de-

472 1129 602 1177 nuo,
637 1133 655 1166 ι
693 1112 854 1168 altius
883 1116 1091 1182 aperire
1132 1117 1472 1169 tentabimus.
1524 1114 1696 1170 Porro
1741 1125 1888 1170 tomo
1921 1131 1972 1170 vs
2003 1116 2056 1170 in

468 1201 731 1258 Jtoannem
769 1205 988 1274 exponit
1035 1206 1254 1275 quidem
1307 1207 1421 1261 lucc
1454 1207 1656 1261 verba:
1693 1205 1814 1276 Ipse
1852 1223 1940 1260 vos
1964 1207 2056 1260 ba-

471 1298 695 1365 ptisabit
751 1299 805 1351 in
852 1297 1058 1366 Spiritu
1117 1309 1334 1364 sancto;
1384 1299 1686 1368 posteriora
1747 1313 1896 1362 vero,
1955 1299 2057 1352 nisi

469 1389 611 1458 quis,
647 1397 778 1452 etc.,
813 1390 1135 1458 exposuisse
1165 1391 1353 1446 debuit
1382 1391 1537 1446 initio
1573 1393 1701 1447 tomi
1748 1407 1820 1462 st.
1857 1391 2055 1445 Eusta-

472 1478 618 1534 thius
682 1479 1058 1536 Antiochenus
1133 1480 1386 1552 Origenis
1447 1487 1625 1539 locum
1699 1483 1910 1552 profert
1986 1496 2054 1536 ex

471 1572 658 1626 iisdem
695 1574 855 1628 tomis
883 1574 1176 1642 deperditis
1210 1577 1264 1630 in
1295 1575 1581 1645 Joannem,
1609 1576 1700 1631 ubi
1745 1577 1811 1630 tle
1842 1575 2056 1645 lapida—

471 1663 617 1718 tione
645 1661 774 1718 Jesu
808 1679 836 1718 a
867 1664 1067 1719 iudicis
1129 1668 1269 1720 facta
1317 1669 1601 1736 agebatur.
1658 1667 1750 1722 Sic
1786 1668 1875 1722 ille
1918 1669 2055 1722 libro

468 1755 547 1808 De
583 1754 1020 1826 Engastrimgtlto
1054 1776 1070 1811 :
1100 1758 1213 1810 Οὑκ
1240 1757 1460 1811 ἔλαττον
1489 1758 1545 1810 δὲ
1581 1759 1674 1811 καὶ
1706 1758 1767 1811 τὸ
1793 1759 1892 1828 τῆς
1912 1757 2056 1811 λιθο-

469 1846 653 1911 δολίας
705 1848 887 1922 δρᾶμα
941 1850 1180 1922 θεωρῶν,
1235 1853 1421 1925 ἐπειδὴ
1470 1850 1758 1906 καὶτοῦτο
1800 1853 2055 1922 πειρᾶται

2161 647 2396 700 nomium
2422 649 2713 702 invenimus
2747 651 2803 702 in
2855 648 2938 703 liis
2965 665 3083 719 qua:
3113 650 3309 717 scripta
3351 659 3493 715 sunt,
3517 650 3708 707 Judatos

2159 740 2448 808 arripuisse
2477 740 2679 809 lapides
2704 753 2757 795 ut
2787 744 2840 796 in
2865 743 3015 795 illum
3039 744 3337 813 inj‘icerent.
3372 773 3439 783 -α
3471 742 3532 798 Et
3552 752 3708 814 paucis

2160 833 2358 886 additis
2390 849 2408 887 :
2434 831 2577 886 Nam
2604 835 2652 887 si
2681 837 2872 888 iterum
2908 847 3327 904 assumpserttnt,
3361 839 3505 905 prius
3534 855 3713 893 assum‘

2158 936 2393 994 pserunt.
2428 926 2552 980 Vult
2577 938 2750 982 autem
2778 938 2890 981 tum
2916 929 2970 982 in
2999 931 3382 998 superioribus,
3433 942 3536 984 tum
3557 932 3603 986 in
3633 933 3713 985 in-

2161 1019 2462 1088 ferioribus,
2494 1020 2568 1073 nil
2597 1020 2701 1075 tale
2730 1023 3086 1088 praecessisse,
3123 1031 3182 1075 ut
3219 1023 3401 1090 probet
3432 1025 3592 1090 verba,
3630 1027 3712 1079 sed

2161 1130 2266 1166 non
2298 1114 2500 1180 lapides
2532 1115 2882 1179 assumpsisse
2915 1131 3188 1184 perperam
3250 1116 3304 1168 in
3334 1116 3504 1170 illum.
3551 1117 3607 1170 Et
3646 1128 3716 1171 ta-

2160 1221 2274 1258 men
2319 1205 2636 1274 evangelista
2662 1207 2810 1274 prius
2841 1207 2977 1260 dixit
3003 1222 3023 1260 :
3058 1225 3076 1258 ι
3122 1206 3382 1262 Tulerunt
3409 1209 3562 1278 igitur
3587 1209 3712 1278 lapi-

2159 1302 2248 1350 des
2305 1305 2362 1350 ut
2411 1299 2654 1368 jacerent
2698 1301 2752 1352 in
2807 1299 2956 1353 illum
2986 1299 3050 1353 ¹⁶.
3097 1318 3115 1351 ι
3155 1300 3285 1365 Qua:
3311 1301 3399 1354 ubi
3427 1303 3712 1370 scripsisset.

2159 1399 2364 1442 centum
2387 1391 2605 1458 triginta
2627 1392 2854 1461 quinque
2879 1391 3150 1446 versiculis
3176 1392 3489 1461 interjectis,
3517 1395 3716 1449 subdit:

2163 1497 2184 1530 ι
2218 1478 2559 1536 Sustulerunt
2618 1483 2796 1552 itaque
2830 1481 3012 1537 Judcei
3059 1483 3284 1553 lapides,
3336 1494 3391 1537 ut
3439 1485 3718 1554 lapidarent

2116 1613 2119 1616 .
2157 1573 2328 1640 ipsum
2361 1572 2424 1624 ¹“¹.
2467 1593 2485 1624 ι
2525 1572 2653 1626 Παῖς
2689 1572 2900 1643 quidem
2939 1572 3138 1642 duplici
3172 1573 3284 1626 loco
3310 1573 3559 1642 descripta
3582 1582 3718 1638 sunt,

2158 1665 2477 1734 diversisque
2505 1666 2825 1733 temporibus
2851 1675 2994 1734 gesta
3018 1675 3294 1731 apparent,
3327 1666 3466 1729 quod
3496 1681 3590 1718 non
3623 1663 3717 1718 ha-

2159 1761 2310 1813 beant
2359 1761 2567 1813 eosdem
2617 1758 2889 1812 verborum
2951 1775 3114 1812 nexus
3164 1758 3243 1812 vel
3293 1759 3721 1827 conjunctiones:

2157 1854 2246 1906 sed
2280 1852 2532 1922 Origenes
2566 1852 2696 1920 ipse,
2752 1851 2846 1926 qui
2886 1867 2940 1904 se
2984 1850 3292 1920 Scripturas
3339 1867 3514 1904 omnes
3558 1861 3727 1905 tenere

464 1940 888 2016 τροπολογῆσαι,
911 1943 1006 1995 τοῦ
1056 1943 1413 2013 εὐαγγελικοῧ
1442 1944 1840 2015 καταψεύδεται
1866 1947 2049 2017 γράμ-

2158 1945 2441 2007 existimat,
2469 1944 2581 1997 lucc
2611 1943 2841 1997 scribens
2872 1959 2976 1996 non
3003 1944 3239 2014 cognovit
3270 1950 3437 1996 totum
3479 1944 3528 1995 id
3557 1942 3726 1998 Eran-

457 2035 640 2100 ’ματος
663 2048 680 2068 ·-
705 2031 766 2084 οὐ
799 2032 940 2085 πάνυ
972 2050 1047 2100 τι,
1099 2033 1294 2103 λέγων,
1328 2035 1568 2108 εὕραμεν
1617 2035 1953 2108 ζητήσαντες
1994 2039 2053 2090 ὲν

463 2125 577 2186 τοῖς
603 2123 708 2192 πρὸ
736 2122 951 2192 τούτου,
974 2125 1055 2178 ὅτι
1081 2125 1388 2180 ἐϐάστασαν
1411 2128 1459 2180 οί
1493 2128 1734 2182 Ἰουδαῖοι
1764 2127 1944 2193 λίθους
1969 2130 2053 2184 ἵνα

464 2213 767 2271 λιθώσωσιν
795 2219 976 2272 αὑτόν.
1005 2250 1076 2260 ——
1099 2217 1230 2274 Εἶτα
1277 2224 1392 2292 μετ’
1419 2224 1576 2292 ὀλίγα
1603 2225 1765 2295 φησίν
1785 2242 1798 2255 ·
1841 2226 1904 2278 Εἰ
1942 2225 2052 2296 γὰρ

464 2308 627 2362 πάλιν
655 2310 984 2375 ἐϐάστασαν,
1012 2313 1279 2386 πρότερον
1309 2315 1638 2371 ἐϐάστασαν.
1679 2319 1827 2372 Ἀνω
1863 2319 1922 2372 δὲ
1957 2320 2053 2372 καὶ

463 2402 616 2455 κάτω
647 2403 897 2474 βούλεται
923 2410 1356 2472 κατασκευάσαι,
1407 2411 1487 2481 μὴ
1524 2411 1904 2483 προηγεῖσθαι,
1956 2413 2053 2466 καὶ

463 2495 630 2568 ἄλλην
685 2497 887 2567 ὁμοίως
944 2499 1172 2571 ἐκδοχὴν
1227 2502 1314 2554 ἵνα
1370 2505 1686 2556 συστάσειεν
1730 2505 1810 2558 ὅτι
1835 2505 2049 2574 λόγους,

463 2587 581 2640 ἀλλ’
611 2588 732 2660 οὐχὶ
761 2589 944 2655 λίθους
969 2591 1277 2647 ἐϐάστασαν
1307 2595 1541 2666 ἀμελητὶ
1573 2596 1691 2648 κατ’
1721 2597 1909 2651 αὑτοῦ.
1940 2596 2051 2649 Καί

462 2699 514 2733 τι
562 2681 657 2734 τοῦ
726 2683 1110 2752 εὐαγγελιστοῦ
1170 2685 1406 2756 πρόσθεν
1451 2688 1768 2758 εἰρηκότος,
1811 2710 1833 2740 ι
1868 2684 2049 2762 ’ᾘραν

460 2769 554 2832 οὖν
607 2774 786 2838 λίθους
850 2777 937 2830 ἵνα
971 2777 1205 2848 βάλωσιν
1259 2781 1344 2832 ἐπ’
1381 2781 1574 2835 αὑτόνε
1605 2799 1624 2833 ι
1659 2781 1734 2845 ὡς
1790 2781 1847 2834 δὲ
1875 2781 2049 2838 ταῦτα

462 2866 816 2938 προύγραφεν
849 2871 907 2925 ὲν
939 2871 1016 2941 τῷ
1045 2869 1271 2941 μεταξὺ,
1308 2873 1469 2926 πέντε
1502 2892 1605 2927 που
1630 2875 1720 2928 καὶ
1754 2875 2054 2946 τριάκοντα,

459 2961 597 3031 πρὸς
620 2965 730 3025 τοῖς
753 2964 944 3017 ἑκατὸν
962 2965 1178 3035 στίχους
1195 2967 1461 3039 ὑπερϐάς,
1485 2969 1736 3041 ἐπιφέρει
1768 2968 2044 3040 προσθείςο

466 3069 492 3104 ι,
524 3049 865 3107 Ἐὅάστασαν
912 3050 1004 3106 οὖν
1058 3058 1112 3107 οἱ.
1151 3056 1396 3109 Ἰουδαῖοι
1421 3058 1600 3122 λίθους
1633 3061 1719 3112 ἵνα
1754 3060 2049 3114 λιθάσωσιν

459 3140 642 3198 αὐτόν.
686 3161 703 3194 ι
757 3142 916 3196 Ἀλλά
943 3143 1114 3204 ταῦτα
1151 3145 1250 3214 μὲν
1283 3146 1480 3208 διττοῖς
1508 3147 1920 3217 ἀναγέγραπται
1950 3167 2051 3219 χωε

459 3231 617 3305 ειίοις,
652 3233 711 3285 ἐν
743 3233 1019 3305 διαφόροις
1043 3233 1098 3287 δὲ
1129 3236 1381 3303 φαίνεται
1412 3239 1776 3309 πεπραγμένα
1809 3245 2042 3312 καιροῖς,

458 3324 568 3379 ἀπὸ
613 3325 706 3378 τοῦ
769 3326 844 3397 μὴ
871 3327 970 3390 τὰς
1003 3328 1174 3392 αὑτὰς
1200 3328 1346 3398 ἔχειν
1395 3331 1501 3383 τῶν
1527 3332 1787 3402 ῥημάτων
1821 3334 2047 3388 ἐπιπλο-

458 3417 562 3480 κὰς
590 3417 623 3488 ἢ
661 3417 922 3486 συζυγίας
943 3437 956 3450 ο
992 3419 1127 3476 ἀλλὰ
1187 3422 1484 3493 Ὠριγένης,
1531 3425 1560 3476 ὁ
1593 3424 1771 3488 πάσας
1803 3427 2046 3497 οἰόμενος

458 3509 656 3563 εἰδέναι
713 3511 811 3575 τὰς
861 3513 1104 3583 Γραφὰς,
1149 3515 1248 3567 οὑκ
1282 3515 1492 3584 ἀνέγνω
1540 3517 1699 3571 τοῦτο
1739 3520 1834 3573 καὶ
1871 3520 2045 3576 ταῦτα

457 3602 684 3673 γράφων
742 3603 818 3667 ὡς
845 3603 963 3657 ὅλον
995 3606 1151 3676 ὁμοῦ,
1207 3607 1266 3660 τὸ
1323 3609 1653 3678 Εὑαγγέλιον
1688 3612 1780 3665 ἐπὶ
1824 3611 2040 3677 λέξεως.

457 3695 520 3754 Et
552 3694 610 3746 δέ.
643 3713 727 3758 τις
757 3697 1130 3768 ὑπολαμϐάνει
1161 3700 1333 3754 ταῦτα
1367 3701 1620 3757 πλάττειν
1655 3706 1823 3776 ἡμᾶς,
1853 3707 2044 3771 αὑταῖς

455 3789 576 3850 ταῖς
626 3788 1006 3858 εὑαγγελιιωίς
1071 3792 1308 3864 ἐντυχὼν
1358 3795 1705 3865 ἀποφάσεσι,
1785 3799 1880 3853 καὶ
1932 3803 2045 3864 τοῖς

456 3878 843 3952 ὲμπονηθεῖσιν
863 3883 1010 3955 αὑτῷ
1037 3887 1164 3958 περὶ
1183 3886 1341 3941 τοῦτο
1365 3890 1794 3963 σπουδάσμασιν,
1820 3893 2042 3965 εὑρήσει

457 3973 623 4043 μηδὲν
655 3978 804 4046 ἡμᾶς
826 3978 1106 4050 εἰρηκέναι
1137 3980 1354 4050 ψευδές.
1392 3983 1574 4055 Neque
1601 3987 1775 4039 minus
1804 3988 1884 4040 Itis
1915 3985 2039 4039 dunt

457 4063 800 4126 lapidationis
879 4067 1084 4135 factum
1154 4072 1456 4139 speculatur
1527 4074 1855 4146 (Origenes),
1905 4075 2040 4128 illud

455 4156 618 4209 etiam
648 4175 710 4211 ac
756 4159 803 4212 si
832 4177 923 4226 per
955 4171 1132 4231 trapos
1165 4165 1366 4233 factum
1400 4166 1456 4219 in
1496 4166 1661 4221 aliam
1721 4169 2038 4222 sententiam

455 4245 674 4309 educere
721 4253 978 4321 obnitens,
1011 4255 1068 4309 in
1113 4257 1429 4327 euangelicis.
1462 4260 1629 4314 verbis
1663 4261 1794 4314 mire
1846 4263 2036 4314 menti-

527 4428 574 4472 ”!
602 4425 764 4492 Joan.
797 4447 834 4498 ι,
865 4431 956 4487 55.
1037 4433 1079 4466 ³⁸
1110 4431 1268 4494 Joan.
1298 4449 1385 4503 ιιι,
1409 4436 1463 4492 5.

2155 2037 2279 2109 qelii
2309 2045 2506 2091 textum
2545 2035 2802 2101 scriptum
2825 2037 2894 2087 ad
2923 2035 3178 2091 litteram.
3211 2031 3384 2089 Porro
3408 2035 3455 2089 si
3483 2035 3593 2105 quis
3613 2036 3726 2089 hac

2155 2146 2249 2182 nos
2285 2129 2523 2198 eﬁingere
2570 2126 2858 2187 existimat,
2913 2125 3186 2179 sententiis
3217 2125 3526 2195 euangelicis
3563 2125 3728 2195 perle-

2154 2223 2272 2287 ctis,
2327 2222 2574 2293 illiusque
2624 2223 2677 2274 in
2729 2237 2817 2274 eas
2861 2220 3276 2288 commentariis,
3328 2221 3393 2274 ab
3448 2222 3586 2275 ontni
3633 2236 3731 2274 nos

2153 2315 2470 2368 abstinuisse
2518 2314 2793 2368 mendacio
2841 2315 3141 2380 comperiet.
3200 2312 3277 2366 Ex
3308 2313 3392 2366 his
3419 2313 3593 2368 verbis
3617 2329 3729 2369 non

2155 2407 2322 2476 liquet
2350 2406 2440 2461 ubi
2471 2407 2538 2460 de
2561 2405 2891 2476 lapidatione
2915 2403 3042 2457 Jesu
3073 2417 3100 2456 a
3155 2401 3356 2458 Iudaeis
3386 2401 3528 2460 facta
3558 2406 3733 2478 egerit

2153 2499 2438 2573 Origenes,
2466 2514 2534 2552 an
2560 2513 2683 2554 etim
2712 2497 2955 2568 priorem
2985 2493 3211 2548 Joannis
3245 2507 3553 2552 contextum
3579 2497 3731 2553 edis-

2154 2592 2406 2656 seruerit,
2461 2591 2692 2644 tulerunt
2733 2591 2894 2658 igitur
2924 2587 3124 2657 lapides
3164 2596 3216 2640 ut
3240 2588 3477 2657 jacerent
3501 2591 3552 2643 in
3575 2606 3737 2656 eum;

2153 2702 2220 2740 an
2252 2702 2375 2740 cum
2411 2686 2790 2754 posteriorem,
2840 2683 3166 2738 sustuierunt
3192 2682 3367 2748 itaque
3390 2681 3567 2736 Juda'i
3595 2683 3740 2752 lapi-

2154 2781 2264 2844 des,
2294 2788 2347 2832 ut
2373 2779 2665 2847 lapidarent
2698 2779 2886 2848 ipsum.
2920 2778 3180 2835 Fortasse
3211 2777 3523 2848 utrobique.
3576 2777 3740 2842 Quod

2153 2872 2197 2925 si
2231 2873 2303 2926 ita
2333 2882 2439 2936 est,
2470 2872 2538 2926 de
2567 2871 2897 2939 lapidatione
2926 2871 3028 2925 hac
3065 2881 3215 2926 tome
3243 2886 3332 2924 xxi
3364 2881 3419 2925 et
3451 2879 3597 2924 tomo
3622 2885 3740 2924 xxv

2155 2963 2235 3016 vel
2270 2979 2396 3016 xxvr
2432 2979 2556 3018 eum
2607 2964 2781 3032 egisse
2833 2963 2946 3017 veri
2993 2977 3254 3032 perquam
3293 2961 3470 3016 simile
3497 2960 3742 3015 videtur.

2224 3054 2291 3107 Χ.
2349 3054 2726 3108 Tilletnontius
2765 3052 2908 3106 Hist.
2941 3053 3072 3106 eccl.
3130 3063 3262 3107 tom.
3307 3053 3394 3112 Ill,
3447 3067 3571 3122 pag.
3603 3049 3742 3116 572,

2153 3145 2355 3213 aliquid
2391 3153 2535 3198 tomo
2561 3159 2612 3196 v1
2638 3144 2826 3196 deesse
2852 3143 3185 3210 suspicatur,
3235 3142 3323 3196 ubi
3355 3151 3464 3195 tum
3495 3142 3559 3196 de
3590 3156 3749 3194 mar-

2155 3233 2385 3304 tyribus,
2420 3242 2530 3287 tum
2559 3233 2628 3287 de
2654 3243 2807 3301 peste
2835 3233 3066 3300 quadam
3099 3248 3220 3302 quae
3260 3232 3448 3287 nullibi
3480 3233 3534 3286 in
3565 3232 3753 3287 histo—

2155 3330 2252 3384 riis
2300 3326 2590 3396 reperitur,
2625 3341 2877 3396 quaeque,
2940 3327 3135 3394 inquit,
3191 3325 3338 3379 circa
3391 3340 3594 3378 annum
3628 3323 3752 3380 23?.

2158 3421 2403 3475 fortassis
2440 3431 2691 3489 grassata
2720 3429 2822 3485 est,
2856 3419 3123 3490 Origenes
3174 3417 3340 3472 muita
3389 3417 3554 3473 verba
3587 3415 3754 3472 fece-

2156 3523 2260 3568 rat.
2300 3511 2496 3568 Verum
2553 3511 2603 3566 id
2637 3527 2741 3565 non
2781 3513 2913 3566 satis
2956 3527 3220 3581 assequor
3260 3513 3402 3566 unde
3455 3510 3755 3580 conjicere

2151 3607 2391 3675 potuerit
2445 3605 2848 3660 eruditissimus
2900 3606 3002 3659 vir.
3065 3603 3367 3670 Utrumque
3414 3605 3560 3656 enim
3589 3617 3761 3657 exso-

2150 3701 2334 3769 qnilur
2365 3697 2627 3769 Origenes
2654 3708 2708 3752 et
2751 3698 2818 3752 de
2846 3698 3180 3769 martyribus
3233 3697 3378 3752 etde
3415 3696 3482 3750 iis
3516 3695 3610 3764 qui
3642 3711 3760 3764 pc-

2154 3794 2362 3847 rierunt
2398 3793 2467 3846 ob
2496 3791 2932 3861 pestilentiarum
2981 3791 3402 3846 constitutiones
3439 3789 3609 3843 verba
3667 3788 3763 3842 fa-

2152 3886 2302 3940 ciens
2331 3902 2344 3939 :
2387 3900 2488 3940 nec
2515 3885 2586 3939 ibi
2611 3886 2792 3953 agitur
2819 3885 2883 3939 de
2924 3884 2990 3938 iis
3028 3884 3120 3954 qui
3149 3899 3284 3938 nova
3316 3882 3554 3952 quadam
3583 3893 3764 3953 peste

2151 3985 2458 4054 consumpti
2517 3986 2754 4053 periere,
2787 3987 2882 4040 sed
2917 3985 2984 4039 de
3034 3985 3101 4040 iis
3130 3984 3222 4058 qui
3258 3983 3563 4052 antiquitus
3594 3986 3763 4052 apud

2149 4077 2378 4146 gentiles
2405 4093 2525 4132 cum
2551 4078 2864 4155 pestilentes
2891 4080 3066 4135 morbi
3088 4085 3491 4148 grassarentur,
3509 4075 3749 4144 seipsos

2107 4228 2119 4240 ε
2149 4171 2204 4224 in
2234 4171 2486 4226 victimas
2525 4186 2622 4239 pro
2649 4172 2825 4241 patria
2865 4172 3232 4240 tradiderunt,
3267 4167 3766 4243 quemadmodum

2148 4277 2247 4318 suo
2275 4261 2396 4318 loco
2423 4263 2854 4320 observavimus.

1544 4437 1587 4468 ¹⁶
1609 4435 1768 4496 Joan.
1802 4453 1923 4506 vnt,
1955 4437 2044 4495 59.
2115 4438 2159 4471 ¹⁷
2182 4435 2338 4500 Ioan.
2371 4455 2427 4496 κ.
2462 4438 2552 4495 5L
