3856 6562
433 391 506 446 ‘25

1911 386 2233 445 ORIGENIS
3629 403 3702 456 2?.

437 511 575 566 ierit.
604 509 680 565 lli
724 510 881 580 empti
925 522 1040 563 sunt
1082 524 1146 562 ex
1182 508 1478 563 hominibus
1508 508 1759 580 primitiw
1811 509 1917 564 Deo
1960 521 2008 565 et

2134 511 2323 567 ιαϐεῖν
2360 511 2475 581 τὴν
2519 512 2684 582 ᾠδὴν
2715 515 2767 568 εὶ
2800 513 2886 583 μὴ
2912 516 2972 568 al
2992 511 3127 582 ρμδ¹
3160 515 3450 585 χιλιάδες,
3480 519 3536 571 οἱ
3563 518 3703 587 ἡτο-

438 608 609 675 Agno,
631 614 681 658 et
714 603 768 656 in
797 618 887 655 ore
928 617 1109 656 eorum
1152 618 1256 655 non
1287 612 1362 655 est
1401 603 1641 656 inventus
1676 601 1849 657 dolus.
1879 602 2009 658 Sine

439 693 647 748 macula
686 694 825 747 enim
862 702 1001 746 sum.
1032 690 1156 745 Haec
1213 701 1391 746 autem
1427 693 1535 747 dici
1575 693 1714 764 apud
1747 691 2008 751 Joannem

440 790 506 843 de
531 788 616 842 bis
642 791 735 857 qui
769 787 1119 843 crediderunt
1152 786 1202 839 iu
1234 786 1535 853 Christum,
1566 788 1657 857 qni
1703 789 1867 844 etiam
1909 788 2012 859 ipsi

440 890 657 936 suntex
706 878 952 935 tribubus
977 918 992 940 ,
1025 876 1237 933 etiamsi
1280 880 1563 948 corporale
1585 880 1820 948 ipsorum
1844 895 2013 948 genus

442 975 511 1028 ad
546 988 731 1028 semen
756 973 1185 1042 patriarcharum
1219 989 1327 1028 non
1355 973 1601 1028 videatur
1622 972 1834 1037 referri,
1871 974 2013 1030 hunc

443 1064 497 1117 in
541 1064 757 1118 modum
790 1063 1045 1133 colligere
1088 1080 1376 1133 possumus
1409 1082 1424 1119 :
1460 1063 1638 1119 Nolite
1660 1104 1675 1129 ,
1728 1064 1905 1133 inquit
1931 1066 1975 1097 υ
1998 1105 2014 1131 ,

445 1173 629 1209 nocere
664 1168 835 1217 terrae.
865 1169 912 1210 et
954 1158 1108 1217 mari.
1144 1175 1305 1227 neque
1332 1159 1612 1213 arboribus
1633 1198 1650 1224 ,
1673 1162 2016 1230 quoadusque

445 1247 544 1302 Dei
585 1250 751 1301 nostri
777 1265 950 1302 servas
980 1250 1360 1318 signaverirnus
1397 1253 1451 1304 in
1488 1251 1752 1319 frontibus
1787 1252 1917 1306 suis.
1946 1249 2015 1303 Et

445 1338 631 1391 audivi
677 1355 949 1392 numerum
1005 1341 1361 1409 signatorum,
1405 1353 1611 1395 centum
1662 1343 2014 1413 quadraginta

445 1441 673 1497 quatuor
707 1429 874 1483 millia
907 1431 1101 1498 signati
1142 1447 1207 1484 ea:
1238 1433 1380 1484 omni
1404 1434 1541 1486 tribu
1564 1433 1796 1501 ﬁliorum
1821 1432 2013 1490 Israel.

2105 605 2396 675 ρασμένοι
2425 606 2544 661 ἀπὸ
2583 605 2690 676 τῆς
2735 605 2864 677 τῆς.
2901 604 3078 663 οὗτοί
3108 610 3266 662 εἰσιν
3306 610 3364 664 οἳ
3399 611 3553 681 μετὰ
3596 629 3677 680 τυ

2110 697 2337 755 ναικῶν
2383 700 2494 753 οὐκ
2536 699 2983 768 ἐμολύνθησαν
3028 699 3313 767 παρθένοι
3365 698 3477 770 γάρ
3516 704 3700 755 εὶσιν.

2117 785 2294 844 Οὗτοι
2310 791 2364 843 οἱ
2376 789 2850 856 ἀκολουθοῦντες
2863 789 2944 855 τῷ
2971 790 3169 859 Ἂρνίφ
3182 791 3335 845 ὅπου
3352 792 3460 845 ἐὰν
3472 792 3702 862 ὑπάτῃ.

2125 877 2301 937 Οὗτοι
2333 880 2765 951 ἠγοράσθησαν
2803 882 2921 936 ἀπὸ
2950 881 3068 936 τῶν
3094 883 3422 953 ἀνθρώπων
3456 885 3705 955 ἀπαρχὴ

2119 972 2200 1040 τῷ
2225 971 2346 1039 Θεῷ
2372 972 2472 1027 καὶ
2498 971 2578 1039 τῷ
2609 973 2828 1042 Ἆρνίῳ,
2856 974 2955 1026 καὶ
3001 974 3072 1027 ἐν
3103 973 3182 1041 τῷ
3230 976 3479 1046 στόματι
3501 974 3708 1030 αὐτῶν

2120 1067 2234 1135 οὐχ
2262 1066 2472 1133 εὑρέθη
2511 1064 2754 1134 ψεῦδος·
2800 1064 3023 1134 ἄμωμοι
3052 1064 3161 1136 γάρ
3187 1069 3345 1121 εἰσιν
3367 1067 3465 1138 (5).
3491 1069 3617 1121 Ὅτι
3652 1066 3710 1119 δὲ

2119 1155 2296 1210 ταῦτα
2327 1155 2477 1226 παρὰ
2502 1154 2581 1226 τῷ
2618 1156 2839 1227 Ἰωάννῃ
2874 1156 3003 1228 περὶ
3027 1156 3136 1210 τῶν
3163 1158 3243 1220 εἰς
3275 1155 3511 1228 Χριστὸν
3541 1174 3710 1211 πεπι-

2124 1248 2424 1302 στευκότων
2461 1248 2701 1315 λέγεται,
2747 1249 2840 1301 καὶ
2879 1247 3059 1301 αὐτῶν
3090 1250 3444 1321 ὑπαρχόντων
3471 1250 3580 1303 ἀπὸ
3606 1269 3721 1320 φυ-ν

2121 1339 2249 1407 λῶν,
2282 1340 2387 1394 κᾶν
2417 1340 2492 1412 μὴ
2512 1341 2643 1411 δοκῇ
2669 1340 2730 1393 τὸ
2757 1341 3066 1412 σωματικὸν
3094 1340 3270 1394 αὐτῶν
3303 1341 3458 1409 γένος
3480 1342 3713 1414 ἀνατρέ-

2122 1452 2239 1505 χειν
2266 1434 2358 1487 ἐπὶ
2394 1434 2457 1487 τὸ
2506 1434 2727 1506 σπέρμα
2768 1431 2878 1485 τῶν
2917 1431 3290 1506 πατριαρχῶν,
3342 1432 3489 1486 ἔστιν
3531 1432 3711 1497 οὕτως

444 1524 882 1593 ἐπιλογίσασθαι·
944 1527 1038 1593 Μὴ
1100 1523 1457 1595 ἀδικήσητε,
1517 1529 1681 1598 φησι,
1737 1527 1852 1598 τὴν
1915 1530 2049 1599 γῆν,
2076 1529 2229 1600 μήτε
2271 1529 2386 1598 τὴν
2426 1528 2765 1591 θάλασσαν,
2792 1532 2944 1597 μήτε
2974 1526 3047 1580 τὰ
3081 1525 3317 1596 δένδρα,
3348 1526 3481 1596 ἄχρι
3510 1541 3709 1596 σφρα-

446 1618 707 1688 γίσωμεν
743 1620 886 1686 τοὺς
934 1620 1195 1687 δούλους
1240 1624 1345 1675 τοῦ
1390 1621 1537 1677 Θεοῦ
1581 1625 1752 1693 ἡμῶν
1800 1626 1892 1679 ἐπὶ
1954 1624 2074 1681 τῶν
2106 1624 2393 1696 μετώπων
2438 1624 2654 1681 αὐτῶν.
2716 1624 2824 1678 Kal
2876 1622 3113 1692 ἤκουσα
3157 1622 3264 1676 τὸν
3310 1622 3557 1691 ἀριθμὸν
3590 1621 3714 1675 τᾶν

446 1709 968 1780 ἐσφραγισμένων
990 1709 1123 1780 ρμδ¹
1156 1710 1422 1780 χιλιάδες
1448 1714 1914 1785 ἐσφραγισμένοι
1953 1716 2027 1788 (6)
2064 1718 2133 1771 ἐκ
2162 1716 2366 1785 πάσης
2395 1714 2596 1786 φυλῆς
2625 1714 2772 1771 υἱῶν
2815 1713 3072 1783 Ἰσραήλ.

518 1803 571 1857 Ξ.
597 1802 698 1869 Qui
754 1804 919 1875 igitur
968 1806 1252 1875 signantur
1284 1821 1348 1860 ex
1404 1807 1549 1860 omni
1586 1809 1728 1864 tribu
1788 1810 2022 1865 liliormn

2200 1810 2254 1864 2.
2280 1808 2489 1863 Οὐκοῦν
2512 1808 2561 1862 οἳ
2594 1810 2657 1861 ὲκ
2691 1808 2873 1879 πάσης
2907 1805 3078 1877 φυλῆς
3105 1804 3236 1860 υἱῶν
3281 1805 3494 1879 Ἰσραὴλ
3528 1821 3715 1875 σφρα-

448 1894 614 1952 lsrael
639 1897 691 1951 in
721 1896 988 1951 frontibus
1021 1898 1155 1962 suis,
1192 1897 1226 1952 ii
1254 1905 1472 1952 centum
1509 1902 1867 1972 quadraginta
1896 1918 2030 1972 qua-

452 1999 574 2043 tuor
598 1988 782 2042 ‘tnillia
820 1997 943 2042 sunt
980 2005 1228 2054 numero,
1260 1992 1352 2061 qui
1404 2004 1621 2046 centum
1668 1994 2028 2064 quadraginta

451 2090 683 2147 quatuor
704 2080 895 2145 millia,
927 2095 1049 2135 cmn
1087 2081 1323 2151 virgines
1351 2085 1639 2148 exsistant,
1665 2097 1719 2139 et
1753 2100 1874 2139 cum
1906 2102 2026 2139 tuu-

453 2175 675 2230 licribus
712 2192 818 2230 non
865 2176 974 2231 sint
1011 2176 1381 2245 coinquinati,
1408 2178 1461 2231 in
1510 2178 1860 2247 sequentibus
1887 2179 2029 2247 apud

450 2266 711 2322 Joanttem
764 2283 959 2323 nomen
1006 2268 1145 2337 Agui
1192 2277 1247 2323 et
1301 2268 1479 2322 Patris
1520 2270 1636 2340 ejus
1670 2270 1722 2322 in
1761 2268 2029 2325 frontibus

453 2359 567 2414 suis
624 2360 890 2427 scriptum
944 2360 1145 2415 habere
1205 2361 1481 2416 dicuntur.
1527 2362 1811 2430 Quudnam
1867 2364 2029 2434 igitur

454 2449 598 2504 aliud
639 2465 760 2506 esse
804 2452 1001 2521 poterit
1043 2453 1282 2524 sigillqu
1338 2453 1609 2509 lrontibns
1654 2456 1892 2521 ipsorum
1930 2463 2029 2509 im-

454 2556 703 2608 pressum
753 2557 913 2610 quam
961 2558 1157 2597 nomen
1188 2544 1327 2613 Agui
1368 2553 1422 2599 ct
1455 2560 1646 2599 nomen
1680 2544 1859 2601 Patris
1886 2547 2025 2615 ejus,

454 2648 576 2685 cum
608 2633 849 2702 utrisque
895 2634 948 2689 in
996 2636 1129 2690 locis
1177 2636 1407 2700 frontes,
1436 2636 1593 2691 nimio
1626 2639 1842 2706 quidem
1879 2639 2030 2706 sigil-

454 2724 589 2791 lum,
624 2725 784 2781 modo
814 2741 943 2782 vero
975 2727 1184 2783 litteras
1217 2744 1412 2783 nomen
1444 2730 1579 2801 Agui
1620 2741 1674 2784 et
1702 2746 1894 2785 nomen
1928 2731 2031 2783 Pa-

457 2817 554 2871 tris
592 2818 707 2888 ejus
753 2820 1094 2876 continentes
1145 2822 1348 2877 habere
1381 2822 1631 2875 dicantur
1660 2822 1685 2875 ?
1717 2821 2025 2889 Quinetiam

454 2907 497 2962 si
526 2908 578 2962 bi
605 2910 696 2978 qui
732 2920 857 2964 sunt
896 2926 963 2965 ex
1014 2912 1280 2974 tribubus,
1319 2912 1478 2966 iidem
1509 2921 1633 2966 sunt
1674 2928 1736 2966 ac
1768 2914 2027 2983 virgines,

454 3008 513 3054 ut
537 3009 694 3056 antea
723 3004 1077 3070 ostendimus,
1114 3005 1267 3074 pauci
1297 3013 1476 3060 autem
1503 3017 1626 3060 sunt
1655 3021 1724 3061 ex
1754 3005 1917 3061 Israel
1945 3022 2029 3062 se-

454 3095 689 3147 cundum
721 3109 938 3150 carnem
970 3097 1059 3164 qui
1102 3098 1351 3161 credant,
1384 3099 1461 3149 ita
1504 3108 1561 3149 ut
1599 3098 1850 3151 fortassis
1886 3101 2029 3152 ausit

455 3183 579 3253 quis
595 3184 775 3239 dicere
803 3199 871 3240 ne
894 3200 1177 3240 numerqu
1195 3188 1413 3257 quidem
1434 3199 1648 3242 centqu
1671 3190 2027 3258 quadraginta
2059 3173 2099 3228 (ἶ

455 3284 691 3344 quatuor
720 3274 887 3330 millia
921 3277 1181 3345 compleri
1214 3292 1281 3333 ex
1316 3279 1681 3344 credentilms,
1703 3281 1795 3350 qui
1826 3283 1934 3335 sint
1965 3298 2030 3337 ex

456 3367 654 3424 lsraele
702 3370 1001 3425 secundum
1035 3385 1277 3436 carnem,
1313 3373 1652 3443 perspicuum
1688 3384 1771 3429 est
1812 3391 1906 3433 eos
1938 3376 2031 3447 qui

457 3477 524 3516 ex
565 3462 817 3531 gentibus
864 3463 1047 3519 divino
1091 3464 1434 3520 adhaeserunt
1479 3467 1671 3529 verbo.
1704 3470 2034 3526 constituere

456 3549 551 3605 illa
576 3560 793 3606 centum
824 3553 1179 3625 quadraginta
1206 3554 1258 3626 3
1285 3566 1517 3625 quatuor
1539 3558 1700 3611 millia
1730 3574 1916 3613 eorum
1940 3562 2032 3629 qui

457 3656 580 3695 cum
629 3643 948 3699 mulieribus
1000 3662 1107 3700 uou
1159 3657 1286 3701 sunt
1320 3648 1693 3718 coinquinati;
1736 3651 1872 3704 adeo
1906 3661 1964 3704 ut
2001 3667 2031 3704 a

460 3734 689 3789 veritate
722 3750 829 3790 non
876 3734 1095 3791 aberret
1127 3738 1219 3807 qui
1269 3737 1400 3792 dicit
1452 3738 1721 3806 primitias
1772 3741 2034 3809 cujusque

461 3824 636 3880 tribus
665 3840 786 3880 esse
812 3826 1052 3898 virgines
1080 3828 1273 3899 ipsius.
1303 3828 1437 3883 Nam
1470 3832 1818 3901 subjnugitur
1843 3834 1889 3865 ’³
1916 3850 1928 3885 :
1958 3832 2034 3885 Hi

457 3917 614 3985 empti
637 3926 758 3970 sunt
796 3934 863 3972 ex
883 3919 1181 3975 hominibus
1213 3921 1462 3989 primitia:
1495 3922 1622 3985 Deo.
1648 3934 1694 3978 et
1711 3924 1881 3994 Agna,
1901 3934 1950 3979 et
1978 3927 2032 3979 in

460 4022 550 4061 ore
571 4024 752 4063 eorum
782 4026 885 4065 non
911 4019 989 4065 est
1010 4012 1275 4066 inventura
1307 4016 1635 4067 mendacium
1663 4030 1684 4079 ;
1712 4016 2035 4085 irreprelteu-

2128 1902 2369 1971 γίζονται
2396 1901 2489 1956 ἐπὶ
2527 1900 2635 1954 τῶν
2669 1897 2934 1970 μετώπων
2958 1897 3139 1952 αὐτῶν
3177 1898 3293 1970 ρμδ¹
3326 1898 3433 1951 εἰσὶ
3473 1896 3717 1968 χιλιάδτς

2128 1994 2221 2047 τὸν
2252 1993 2502 2065 ἀριθμόν·
2521 1993 2724 2055 αἵτινες
2759 1991 2874 2064 ρμδ⁹
2910 1990 3145 2061 χιλιάδες
3178 1990 3235 2043 ἐν
3267 1993 3379 2053 τοῖς
3412 1989 3534 2061 ἑξῆς
3557 1990 3722 2063 παρὰ

2128 2084 2207 2155 τῷ
2250 2086 2468 2158 Ἰωάννῃ
2500 2084 2747 2153 λέγονται
2785 2082 2927 2153 ἔχειν
2957 2082 3017 2135 τὸ
3044 2081 3213 2152 ὄνομα
3241 2081 3335 2135 τοῦ
3373 2081 3585 2152 Ἀρνίου
3615 2083 3720 2133 καὶ

2127 2176 2223 2229 τοῦ
2257 2176 2471 2247 [ἰατρὸς
2495 2174 2658 2229 αὑτοῦ
2693 2175 2767 2245 (7)
2786 2173 3172 2246 γεγραμμένον
3192 2174 3283 2226 ἐπὶ
3307 2171 3414 2226 τῶν
3443 2170 3721 2242 μετώπων

2129 2269 2330 2331 αὐτῶν,
2364 2265 2518 2323 οὖσαι
2546 2266 2823 2339 παρθένοι,
2844 2268 2937 2320 καὶ
2964 2265 3099 2338 μετὰ
3122 2266 3394 2335 γυναικῶν
3422 2265 3483 2317 οὐ
3512 2263 3721 2333 μολυν-

2130 2362 2314 2425 θέντες
2340 2361 2437 2432 (8).
2470 2360 2565 2423 Τίς
2597 2355 2689 2413 οὖν
2718 2358 2850 2429 ἄλλη
2878 2357 2963 2429 εἴη
2989 2360 3022 2429 ἡ
3059 2358 3341 2429 σφραγὶςὴ
3367 2357 3457 2409 ἐπὶ
3484 2354 3594 2407 τῶν
3616 2372 3723 2425 με-

2128 2451 2384 2523 τώπωνῆ
2424 2452 2489 2505 τὸ
2538 2451 2709 2522 ὄνομα
2757 2449 2853 2503 τοῦ
2898 2448 3107 2520 Ἀρνίου
3151 2449 3245 2502 καί
3293 2448 3353 2501 τὸ
3396 2448 3569 2518 ὄνομα
3614 2443 3721 2501 τοῦ

2128 2543 2341 2615 Πατρὸς
2388 2542 2551 2596 αὐτοῦ
2586 2542 2683 2611 (9),
2737 2543 2792 2594 ἐν
2847 2539 3176 2611 ἀμφοτέροις
3217 2541 3329 2602 τοῖς
3371 2539 3561 2601 τόποις
3594 2535 3725 2589 τῶν

2133 2636 2397 2708 μετώπων
2430 2635 2738 2706 λεγομένων
2768 2634 2910 2705 ἔχειν
2949 2632 3025 2705 πὴ
3059 2634 3157 2704 μὲν
3179 2632 3276 2703 τὴν
3312 2631 3604 2703 σφραγῖδα,
3637 2630 3723 2701 πή

2127 2729 2184 2783 δὲ
2227 2728 2297 2782 τά
2329 2728 2630 2800 γράμματα
2681 2727 3001 2798 περιέχοντα
3036 2726 3096 2779 τὸ
3140 2726 3308 2795 ὗνομα
3349 2723 3443 2777 τοῦ
3497 2723 3722 2795 Ἀρνίου

2132 2822 2227 2875 καὶ
2257 2822 2318 2875 τὸ
2349 2822 2518 2893 ὄνομα
2561 2819 2656 2873 τοῦ
2692 2820 2907 2891 Πατρὸς
2940 2819 3137 2884 abaci;
3178 2819 3335 2872 Ἀλλά
3377 2818 3471 2871 καὶ
3506 2817 3556 2870 οἱ
3603 2815 3728 2869 ἀπὸ

2133 2912 2313 2983 φυλῶν
2356 2913 2406 2965 el
2457 2914 2504 2965 οἱ
2539 2911 2689 2966 αὐτοί
2729 2913 2833 2965 εἰσι
2864 2914 2976 2973 τοῖς
3019 2909 3328 2980 παρθένοις,
3357 2908 3431 2971 ὡς
3470 2921 3728 2977 προαπε-

2130 3004 2409 3075 δείξαμεν,
2438 3006 2661 3066 σπάνιος
2691 3003 2747 3056 δὲ
2798 3004 2826 3055 6
2870 3006 2935 3056 ὲκ
2969 3001 3063 3055 τοῦ
3100 3001 3242 3055 κατὰ
3281 3000 3459 3071 σάρκα
3497 2996 3727 3069 Ἰσραὴλ

2134 3098 2424 3159 πιστεύων,
2454 3097 2529 3158 ὡς
2559 3096 2700 3165 τάχα
2725 3094 2992 3164 τολμῆσαι
3025 3094 3090 3147 ἄν
3115 3111 3234 3146 τινα
3268 3095 3439 3145 εἰπεῖν
3469 3090 3542 3161 μὴ
3574 3106 3728 3160 συμ-

2133 3187 2470 3259 πληροῦσθαι
2490 3187 2597 3257 (10)
2627 3187 2734 3240 ἀπὸ
2756 3186 2862 3239 τῶν
2894 3187 2957 3240 ἐκ
2984 3185 3078 3240 τοῦ
3104 3182 3247 3239 κατὰ
3284 3185 3462 3256 σάρκα
3499 3181 3725 3255 Ἰσραὴλ

2134 3281 2519 3340 πιστευόντων.
2555 3279 2687 3351 μηδὲ
2738 3280 2831 3333 τὸν
2862 3279 2970 3332 τῶν
3010 3279 3124 3350 ρμδν
3157 3276 3410 3348 χιλιάδων
3455 3274 3721 3347 ἀριθμόνο

2133 3375 2311 3447 δῆλον,
2340 3376 2422 3428 ὅτι
2457 3376 2517 3427 ὲκ
2542 3373 2649 3427 τῶν
2677 3374 2784 3427 ἀπὸ
2819 3372 2926 3426 τῶν
2964 3372 3133 3425 ὲθνῶν
3155 3368 3232 3442 τῷ
3260 3369 3388 3440 θείῳ
3413 3384 3731 3440 προσερχο.

2137 3468 2313 3539 μένων
2337 3466 2479 3537 λόγῳ
2510 3466 2852 3519 συνίστανται
2877 3467 2931 3517 αἱ
2964 3463 3082 3535 ρμδ⁹
3101 3461 3338 3533 χιλιάδες
3370 3460 3506 3531 μετὰ
3526 3476 3730 3527 γυναι-

2136 3558 2246 3611 κῶν
2279 3559 2339 3611 οὐ
2378 3557 2771 3628 μολυνομένωνο
2818 3556 2959 3608 ὥστε
3009 3554 3084 3626 μὴ
3132 3555 3225 3625 ὲᾷν
3270 3554 3568 3606 ἀποπεσεῖν
3604 3550 3732 3620 (11)

2133 3650 2232 3721 τῆς
2261 3649 2516 3720 ἀληθείας
2560 3649 2651 3701 τὸν
2685 3648 2960 3717 φάσκοντα
3006 3642 3260 3716 ἀπαρχὴν
3305 3642 3544 3713 ἑκάστης
3576 3636 3727 3695 εἶναι

2136 3743 2309 3814 φυλῆς
2345 3744 2470 3806 τοὺς
2504 3741 2807 3813 παρθένους
2838 3740 3026 3811 αὐτῆς.
3065 3738 3177 3792 Καὶ
3217 3736 3326 3807 γὰρ
3371 3732 3724 3805 ἐπιφέρει-αι’

2139 3831 2310 3890 Οὗτοι
2353 3834 2783 3905 ἠγοράσθησαν
2812 3831 2927 3886 ἀπὸ
2957 3828 3074 3884 τῶν
3115 3825 3441 3896 ἀνθρώπων
3471 3825 3729 3893 ἀπαρχὴ

2134 3927 2214 3995 τῷ
2253 3926 2375 3993 Θεῷ
2403 3928 2497 3980 καὶ
2528 3926 2609 3992 τῷ
2650 3925 2869 3994 Ἅρνίφ,
2897 3922 2993 3976 καὶ
3025 3923 3093 3975 ἐν
3116 3920 3193 3986 τῷ
3228 3921 3473 3989 στόματι
3519 3916 3731 3971 αὐτῶν

2134 4023 2247 4089 οὐχ
2272 4019 2482 4086 εὑρέθη
2500 4017 2744 4086 ψεῦδοςθ
2779 4018 3000 4087 ἄμωμοι
3030 4014 3141 4085 γάρ
3171 4016 3348 4067 εἰσιν.
3374 4013 3488 4065 Οὐκ
3520 4010 3732 4080 ἀγνοη-

458 4097 635 4153 sibilos
666 4115 802 4153 enim
846 4111 989 4157 sunt.
1018 4099 1134 4156 Non
1165 4110 1252 4157 est
1289 4114 1468 4157 autem
1515 4104 1893 4173 ignorandum,
1918 4121 2026 4161 ser-

2135 4111 2254 4165 τέον
2279 4111 2356 4175 δὲ,
2382 4110 2464 4163 ὅτι
2490 4110 2518 4160 6
2548 4107 2805 4181 περὶτῶν
2835 4108 2954 4180 ρμδ¹
2971 4106 3223 4178 χιλιάδων
3249 4101 3533 4174 παρθένων
3557 4099 3730 4167 λόγος

462 4202 673 4244 nionem
699 4189 767 4245 de
793 4201 1007 4246 centum
1028 4193 1385 4263 quadraginta
1412 4204 1644 4263 quatuor
1665 4195 1899 4251 millibus
1930 4198 2026 4252 vir-

2137 4203 2443 4274 ἐπιδέχεται
2488 4204 2799 4273 ὰναγωγήψ
2843 4199 3096 4274 περιττὸν
3135 4198 3191 4251 δὲ
3220 4197 3313 4251 νῦν
3341 4195 3434 4249 καὶ
3473 4192 3533 4245 οὐ
3576 4192 3727 4245 κατὰ

461 4280 644 4347 ginum
690 4284 1040 4354 anagogicatn
1086 4285 1590 4353 interpretationem
1633 4287 1902 4357 recipere;
1945 4304 2026 4343 su-

2135 4296 2227 4349 τὸν
2275 4293 2631 4366 προκείμενον
2657 4292 2813 4362 λόγον
2842 4293 2903 4346 τὸ
2936 4288 3331 4363 παρατίθεσθαι
3359 4284 3533 4348 λέξεις
3576 4296 3724 4353 προ-

462 4371 727 4439 perlluum
755 4389 885 4428 vero
915 4390 1083 4440 nunc,
1111 4387 1276 4445 atque
1303 4376 1370 4430 ab
1395 4376 1643 4430 instituta
1671 4377 2026 4445 disputatione

2138 4386 2371 4459 φητικάς
2418 4384 2619 4440 ταυτὸν
2660 4386 2788 4459 περὶ
2823 4384 2927 4439 τῶν
2962 4383 3019 4449 ἐξ
3055 4380 3223 4437 ἐθνῶν
3254 4379 3402 4450 ἡμᾶς
3438 4372 3731 4429 διδασκού-

460 4462 698 4518 alienum
725 4472 829 4529 est,
856 4466 1239 4536 prophetarum
1262 4466 1569 4522 testimonia
1594 4483 1886 4538 apponere,
1915 4482 2037 4538 quae
2068 4526 2112 4547 n
2142 4499 2262 4547 σας,

464 4557 603 4613 idem
630 4559 701 4613 de
734 4559 801 4615 iis
831 4559 926 4629 qui
954 4574 1020 4615 ex
1049 4561 1298 4631 gentibus
1318 4561 1669 4616 crediderunt
1696 4575 1794 4615 nos
1817 4562 2033 4619 docent.

531 4652 588 4704 5.
620 4650 761 4717 Quid
793 4662 969 4707 autem
1028 4652 1141 4708 haec
1175 4654 1356 4707 omnia
1401 4653 1505 4708 sibi
1539 4653 1727 4718 velint,
1763 4654 1911 4709 dices
1933 4694 1949 4718 ,
1981 4655 2026 4710 iu

2215 4668 2269 4723 5.
2304 4666 2369 4720 Τί
2416 4665 2473 4720 δὲ
2514 4664 2688 4719 πάντα
2742 4660 2916 4717 ταῦτα
2956 4661 3088 4730 ἡμῖν
3140 4655 3384 4728 βούλεται
3412 4648 3547 4724 (19.),
3575 4649 3733 4720 ἐρεῖς

401 4750 410 4758 ‘
464 4742 579 4796 hate
623 4743 828 4811 scripta
866 4742 1133 4809 incidens,
1166 4758 1200 4797 o
1242 4744 1517 4809 Ambrosi,
1552 4761 1678 4800 vere
1722 4748 1886 4803 homo
1920 4749 2026 4816 Dei1

2144 4757 2482 4827 ἐντυγχάνων
2507 4758 2619 4818 τοῖς
2637 4753 2977 4825 γράμμασιν,
3016 4747 3326 4820 Ἀμόρόσιε,
3354 4741 3567 4814 άληθῶς
3583 4739 3729 4794 Θεοῦ

462 4836 697 4891 etltomo
727 4834 786 4890 in
815 4834 1057 4900 Cliristo,
1084 4845 1141 4891 et
1170 4838 1262 4906 qui
1297 4852 1395 4904 pro
1419 4838 1565 4892 virili
1595 4841 1877 4897 contendis
1918 4857 2026 4897 esse

2144 4849 2397 4921 ἄνθρωπε
2426 4849 2520 4901 καὶ
2558 4850 2615 4901 ἐν
2644 4843 2864 4918 Χριστῷ
2892 4842 3144 4915 ἄνθρωπε
3174 4838 3310 4912 (1'5),
3345 4835 3440 4891 καὶ
3474 4832 3729 4887 σπεύδων

462 4922 781 4992 spiritualis,
811 4938 911 4981 nec
954 4925 1185 4996 amplius
1219 4926 1403 4983 homo.
1432 4927 1539 4984 Alii
1574 4929 1792 5000 quidem
1826 4942 2026 4987 suntex

2147 4936 2286 4996 εἶναι
2325 4940 2707 5011 πνευματικὸς,
2729 4937 2912 4993 οὐκέτι
2946 4935 3248 5007 ἄνθρωπος·
3281 4931 3331 4984 οἱ
3355 4928 3451 5000 μὲν
3478 4925 3585 4981 ἀπὸ
3610 4925 3730 4981 τῶν

529 5058 576 5092 ³⁸
602 5059 772 5132 Apoc.
797 5080 890 5131 vn,
912 5065 966 5133 5,
998 5066 1052 5122 4.
1128 5069 1361 5140 “Apoc.
1389 5085 1500 5132 xw,
1534 5069 1591 5133 4,
1627 5069 1680 5124 5.

534 5200 920 5276 (5)‘Ferrarius
964 5204 1233 5276 interpres
1260 5215 1382 5276 post
1431 5206 1546 5260 haec
1601 5204 1763 5259 verba
1813 5203 2033 5275 ἄμωμοι

460 5273 572 5342 γάρ
592 5274 752 5337 εἰσιν,
786 5289 907 5343 qua:
936 5273 1239 5329 vertit'siue
1261 5273 1476 5330 macula
1513 5277 1652 5329 enim
1681 5284 1827 5339 sunt,
1857 5273 2034 5338 addit,

465 5354 587 5396 ante
609 5345 857 5397 thronum
888 5343 1006 5406 Dei,
1030 5345 1173 5411 (ιιιοά
1195 5344 1250 5399 in
1276 5346 1479 5399 nostris
1514 5361 1643 5399 mss.
1670 5344 2031 5399 desideratur.

536 5412 822 5485 (6)_Codd.
853 5413 1186 5485 Barberinus
1213 5424 1267 5468 et
1296 5413 1621 5485 Bodleianus
1666 5412 2039 5485 ἐσφραγισμέ-

462 5481 565 5547 νοι,
594 5481 826 5554 Ηυθιίιιε
855 5481 1024 5554 edidit
1052 5483 1530 5554 ἐσφραγισμένων.

509 5550 910 5639 ⁹(ηιιιιετρι-εε
944 5550 1170 5621 legebat
1202 5550 1296 5609 καὶ
1332 5550 1415 5612 ’τὸ
1470 5554 1640 5627 ὄνομα
1694 5553 1786 5607 τοῦ
1826 5553 2037 5627 Πατρὸς

462 5638 653 5677 αυτου.
1898 5662 1907 5677 ι

462 5760 493 5813 λ
534 5692 722 5814 (ἓ),οὐ
745 5692 1170 5762 μολυνθέντες.
1206 5692 1522 5765 Legendum
1558 5695 1774 5751 videtur
1818 5696 1879 5750 οὐ
1944 5711 2039 5765 μο-

497 5779 558 5813 υν
596 5780 756 5814 εισαι.

497 5766 756 5817 υνθεῖσαι.

536 5834 612 5904 (9)
634 5834 742 5888 Kal
778 5836 838 5888 τὸ
863 5835 1048 5907 ὄνομα
1068 5834 1172 5891 τοῦ
1204 5835 1437 5905 Πατρὸς
1465 5834 1671 5892 αὐτοῦ.
1703 5833 1856 5907 Apud
1894 5833 2038 5890 ﬂue-

2143 5204 2280 5287 tium
2312 5206 2465 5259 deest
2490 5202 2551 5257 τὸ
2579 5202 2770 5272 ὄνομα,
2801 5200 2896 5257 sed
2930 5199 3236 5256 restituitur
3258 5214 3325 5254 ex
3371 5197 3558 5254 codice
3582 5196 3728 5254 Bar-

2106 5331 2111 5336 ’
2142 5275 2540 5413 “agitaltes
2575 5342 2925 5413 Barlzeﬁnuso
2949 5338 3381 5413 ἒμπὶιηρρῦσθαιε

2246 5345 2305 5398 10
2361 5345 2540 5398 Codex
2575 5345 2925 5404 Barberinus,
2949 5345 3381 5413 ὲμπ).ηροῦσθαι.

2246 5345 2328 5485 lt)
2352 5415 2531 5501 ’.ρστε
2553 5412 2639 5485 μὴ
2659 5412 2770 5480 ἐᾷν
2794 5411 3147 5467 ἀποπεσεῖν.
3179 5411 3324 5481 Lego
3364 5408 3506 5463 ὥστε
3546 5406 3626 5478 μὴ
3654 5406 3732 5462 ἂν

2144 5486 2467 5540 ἀποπεσεῖν.

2217 5554 2329 5620 (12)
2355 5555 2533 5610 Codex
2566 5551 2885 5607 Bodleianus
2909 5552 3087 5607 πάντα
3118 5550 3289 5604 ταῦτα
3323 5543 3591 5620 βούλεται.

2243 5555 2308 5610 12
2355 5555 2533 5610 Codex
2566 5554 2885 5607 Bodleianus
2909 5554 3087 5607 πάντα
3118 5554 3289 5604 ταῦτα
3323 5554 3591 5620 βούλεται.

2217 5554 2334 5697 $15)
2361 5625 2468 5679 Kal
2490 5625 2573 5697 si:
2584 5620 2815 5697 Χριστῷ
2840 5621 3462 5697 ἄνθρωπος-ιοεθηιιμιυ
3487 5619 3732 5697 videtur,

2148 5687 2244 5751 uel
2275 5687 2583 5768 él'tAXpts‘tfj'J
2617 5687 2832 5768 ᾆδελφέ.
2876 5687 3038 5768 ζςιξὶη
3090 5687 3299 5746 Christo
3352 5690 3539 5761 frater.
3597 5687 3732 5747 Mox

2147 5769 2311 5825 etiam
2351 5761 2472 5838 lego
2503 5785 2515 5822 :
2554 5761 2648 5821 uel.
2674 5761 2856 5819 οὐκέτι
2878 5761 3182 5836 ἄνθρωπος.
