3856 6530
76 436 137 494 29
1174 436 1536 495 COMMENT.
1576 435 1643 493 IN
1673 436 1867 496 JOAN.
1905 437 2145 496 TOMUS
2182 438 2224 493 Ι.

3264 440 3335 498 30

65 550 331 623 τρεπτικῷ
363 551 510 624 λόγῳ
535 552 614 624 τῷ
633 553 713 618 εἰς
746 553 1130 625 πιστοποίησιν
1153 553 1262 607 τῶν
1294 555 1422 627 περὶ
1467 555 1641 625 Ἰησοῦ

1751 557 2051 625 sanaverit,
2091 557 2355 613 fetentem
2387 564 2663 614 mortuum
2703 557 3047 623 excitaverit,
3102 558 3184 613 rel
3232 559 3334 613 ali-

66 641 385 709 Εὐαγγέλιόν
420 660 540 706 πως
581 645 757 697 εἰπεῖν
794 644 865 697 τὰ
903 644 1010 698 ὑπὸ
1053 643 1163 697 τῶν
1205 645 1521 699 ἀποστόλων
1552 664 1645 716 γε·

66 734 372 806 γραμμένα.
425 733 567 787 Ἀλλ’
601 736 725 788 ὅσον
759 735 853 789 ἐπὶ
883 737 950 807 τῇ
993 734 1221 807 δευτέρᾳ
1267 737 1520 791 ἀποδόσει
1565 737 1646 809 τῷ

64 824 478 896 άνὼποφέροντι
512 824 600 878 διὰ
630 826 691 878 τὸ
721 826 795 897 μὴ
830 827 1233 897 ἐπιγεγράφθαι
1260 826 1360 893 τὰς
1397 829 1647 882 Ἐπιστο-

66 916 147 978 itit;
201 916 567 985 Εὑαγγέλιον,
617 917 694 980 ὡς
734 918 794 970 οὐ
846 917 1030 981 καλῶς
1076 920 1256 973 πᾶσαν
1303 920 1403 990 τὴν
1455 919 1648 991 καινὴν

66 1008 327 1081 Διαθήκην
362 1009 701 1077 Εὐαγγέλιον
749 1010 909 1081 ἡμῶν
958 1012 1362 1081 όνομασάντων,
1403 1012 1643 1078 λεκτέον,

66 1102 133 1153 ὅτι
160 1101 434 1169 πολλαχοῦ
460 1101 569 1155 τῶν
602 1101 835 1173 Γραφιῖη
868 1101 965 1156 δύο
1007 1103 1169 1156 τινῶν
1210 1103 1244 1173 ἦ
1280 1104 1540 1159 πλειόνων
1570 1104 1649 1177 τῷ

69 1192 204 1261 αὑτῷ
266 1193 496 1262 ὀνόματι
541 1192 980 1264 ὀνομαζομένων,
1031 1193 1371 1268 κυριώτερον
1420 1197 1514 1250 ἐπὶ
1553 1196 1647 1251 τοῦ

70 1283 237 1353 ἑτέρου
273 1284 382 1337 τῶν
416 1285 734 1356 λεγομένων
763 1288 941 1339 κεῖται
968 1284 1033 1339 τὸ
1067 1286 1239 1357 ὄνομα
1259 1303 1273 1317 ο
1318 1282 1430 1341 οἷον
1461 1287 1649 1358 λέγον-

72 1393 147 1438 τος
178 1375 273 1428 τοῦ
312 1376 575 1449 Σωτῆρος
597 1394 611 1407 ·
643 1374 741 1445 Μὴ
772 1376 1074 1446 καλέσητε
1121 1376 1502 1434 διδάσκαλον
1549 1380 1651 1434 ἐπὶ

76 1465 167 1533 τῆς
205 1465 320 1535 τῆς
355 1468 491 1538 (26),
547 1469 577 1521 6
644 1467 962 1532 Ἀπόστολός
996 1485 1129 1540 φησι
1178 1470 1436 1539 τετάχθαι
1479 1472 1539 1525 ὲν
1576 1474 1648 1543 τῇ

81 1556 363 1629 Ἐκκλησία
406 1563 502 1613 καὶ
531 1558 904 1622 διδασκάλους.
940 1558 1054 1612 Οὐκ
1107 1559 1322 1615 ἔσονται
1370 1556 1464 1614 οὖν
1508 1555 1650 1614 οῦτοι

74 1652 371 1705 διδάσκαλοι
417 1654 541 1707 ὅσον
574 1655 669 1707 ἐπὶ
714 1656 782 1725 τῇ
816 1652 1074 1725 ἀκριϐείᾳ
1119 1653 1221 1723 τῆς
1260 1653 1357 1707 τοῦ
1400 1654 1650 1722 Εὐάγγε-

72 1744 165 1798 lio-.1
186 1746 300 1815 (27)
327 1747 539 1817 φωνῆς’
564 1745 737 1809 οὕτως
764 1746 865 1798 οὐκ
888 1745 1040 1799 ἐσται
1062 1745 1397 1814 Εὑαγγέλιον
1419 1748 1481 1800 τὸ
1508 1745 1652 1801 κατὰ

69 1836 154 1899 τὶς
184 1836 508 1899 Ἐπιπολὰς
540 1837 651 1890 πᾶν
682 1835 940 1908 γράμμα,
976 1837 1103 1891 ὅταν
1138 1837 1551 1909 παραόάλληται
1582 1842 1649 1910 τῇ

1747 650 1876 719 quid
1909 664 2075 720 supra
2106 650 2390 705 hominum
2424 651 2736 721 opinionem
2774 650 2997 712 fecerit;
3034 666 3140 705 non
3172 652 3335 707 dubi-

1749 738 1985 793 tabimus
2008 738 2280 795 allirmare
2301 741 2481 811 aliquo
2508 742 2666 796 modo
2688 741 3043 811 Evangeliqu
3067 756 3189 797 esse
3212 759 3334 812 qua

1752 832 2070 900 scripserint
2107 834 2362 903 apostoli,
2395 850 2516 890 cum
2545 835 2612 889 ad
2642 835 2994 904 evangelista
3021 836 3227 890 munus
3258 845 3331 889 at-

1750 925 1921 980 tineat
1948 965 1963 991 ,
1999 925 2377 982 adhortatoria
2410 927 2575 981 etiam
2625 927 2872 981 oratione
2902 926 3059 981 ﬁdem
3094 926 3162 980 iis
3209 940 3331 991 qua

1749 1016 1815 1072 de
1847 1015 1976 1072 Jesu
2010 1018 2208 1071 tradita
2240 1027 2398 1083 sunt,
2433 1018 2739 1088 acquirere.
2770 1018 3045 1082 Quantum
3085 1031 3216 1072 vero
3245 1026 3335 1071 at-

1749 1109 1882 1164 tinet
1903 1109 1970 1162 ad
2001 1109 2105 1164 hoc
2134 1110 2278 1179 quod
2305 1110 2543 1165 secundo
2573 1110 2693 1164 loco
2724 1109 3075 1173 tradidimus,
3108 1109 3155 1163 si
3187 1106 3338 1178 obje-

1751 1200 1889 1255 cerit
1923 1199 2122 1269 aliquis
2152 1200 2295 1270 quod
2329 1201 2509 1256 minus
2537 1200 2707 1272 probe
2741 1201 3205 1256 nominaverintus
3243 1207 3332 1255 to-

1752 1298 1863 1344 tum
1896 1289 2310 1344 Testamentum
2344 1306 2541 1347 novum
2576 1290 2958 1361 Evangelium,
2990 1305 3058 1345 eo
3088 1289 3230 1360 quod
3261 1289 3333 1345 Eo

1749 1382 1989 1452 vangelii
2018 1383 2429 1453 inscriptionem
2461 1398 2566 1438 non
2612 1384 2854 1438 habeant
2886 1382 3161 1453 Epistula,
3205 1383 3331 1438 huic

1750 1473 1995 1529 dicemus
2026 1489 2169 1543 sape
2207 1474 2260 1527 in
2295 1473 2613 1544 Scripturis,
2642 1490 2763 1528 eum
2795 1474 2901 1529 duo
2932 1475 3014 1528 vel
3048 1474 3200 1542 plura
3233 1489 3327 1531 eo-

1752 1565 1875 1621 dem
1906 1567 2172 1621 vocabulo
2210 1575 2591 1635 nuncupantur
2613 1606 2629 1631 ,
2660 1567 2832 1637 magis
2860 1566 3079 1637 proprie
3110 1567 3203 1620 uni
3232 1580 3330 1621 eo-

1750 1670 1872 1710 rum
1898 1655 2030 1710 illud
2054 1656 2249 1711 tribui:
2281 1658 2431 1711 verbi
2466 1656 2663 1725 gratia,
2688 1656 2906 1711 dicente
2944 1657 3236 1711 Servatore
3257 1657 3323 1711 υτ

1754 1747 1838 1802 Ne
1858 1748 2047 1803 vocetis
2078 1748 2387 1818 magistrum
2415 1763 2573 1817 super
2608 1757 2804 1801 terram
2828 1787 2843 1812 ,
2886 1747 3061 1818 inquit
3096 1749 3329 1817 Aposto-

1748 1837 1838 1894 lus
1867 1839 1913 1871 ³²
1940 1840 2234 1907 magistros
2281 1838 2337 1893 in
2389 1836 2633 1893 Ecclesia
2681 1837 2960 1894 ordinatos
2991 1837 3175 1893 fuisse.
3208 1837 3325 1893 Non

69 1927 304 1998 διηγήσει
333 1926 448 1983 τῶν
495 1931 627 1999 περὶ
678 1926 855 2000 Ἰησοῦ
897 1928 1152 1999 πράξεων
1189 1929 1282 1983 καὶ
1310 1929 1641 2001 παθημάτων

1750 1939 1911 1985 erunt
1948 1944 2079 2001 ergo
2117 1930 2171 1985 hi
2208 1929 2456 1998 magistri
2506 1928 2803 1985 secundum
2842 1937 3090 1983 exactam
3126 1927 3327 1984 intelli-

70 2019 151 2069 καὶ
190 2018 367 2086 λόγων
414 2018 604 2072 αὑτοῦ.
640 2018 790 2090 Πλὴν
831 2018 1057 2092 ἀπαρχὴ
1101 2020 1283 2092 πάσης
1327 2020 1552 2091 Γραφῆς
1581 2019 1645 2074 τὸ

68 2110 408 2180 Εὖαγγέλιον,
440 2110 536 2163 καὶ
565 2110 756 2164 πασῶν
786 2110 898 2165 τῶν
931 2112 1053 2164 κατ’
1086 2111 1250 2184 εὐχὴν
1289 2110 1449 2183 ἡμῶν
1495 2112 1641 2183 πρά-

68 2199 188 2265 ξιων
223 2200 505 2273 ἐσομένων
550 2201 803 2275 ἀπαρχὴν
848 2201 1151 2274 ποιούμεθα
1193 2203 1276 2268 εἰς
1319 2203 1420 2275 τὴν
1463 2203 1642 2274 άπαρ-

67 2293 153 2363 χὴν
184 2291 296 2363 (εει)
330 2292 442 2347 τῶν
466 2292 720 2366 ream.

1754 2020 1995 2090 gentiam
2026 2020 2179 2077 vocis
2204 2020 2369 2090 hujus
2406 2019 2686 2090 Evangelii
2716 2038 2731 2075 :
2771 2020 2852 2077 sic
2890 2021 3052 2077 etiam
3085 2035 3190 2077 non
3221 2022 3328 2077 erit

1747 2110 2132 2183 Evangelium,
2163 2112 2560 2183 qualiscunque
2593 2113 2813 2168 tandem
2845 2112 2939 2168 illa
2971 2112 3141 2169 fuerit
3168 2111 3326 2169 Scri-

1745 2210 1929 2273 ptura,
1958 2216 2082 2272 qua
2108 2200 2212 2258 sub
2245 2201 2464 2257 nomine
2492 2201 2854 2271 Epistolarum
2886 2200 3071 2267 fuerit,
3108 2203 3153 2259 si
3189 2218 3325 2258 con-

1746 2293 1954 2350 feratur
1978 2308 2101 2349 cum
2131 2292 2413 2365 Scriptura
2450 2307 2571 2363 qua
2601 2295 2863 2359 actiones,
2895 2295 3177 2365 passiones
3207 2309 3327 2351 ser-

67 2397 343 2452 monesque
388 2383 518 2440 Jesu
563 2386 863 2441 contineat.
912 2384 1181 2456 Attamen:
1212 2385 1380 2441 totius
1419 2384 1716 2455 Scriptura
1761 2386 2017 2458 primitia
2068 2394 2153 2443 est
2212 2385 2569 2457 Evangelium
2596 2426 2612 2451 ,
2658 2387 3044 2459 actionumque
3083 2387 3325 2443 omnium

67 2492 173 2546 qua
199 2493 265 2533 ex
297 2479 467 2534 animi
516 2480 786 2535 sententia
821 2480 977 2535 nobis
1002 2494 1241 2536 cessura
1274 2488 1423 2548 sunt,
1455 2480 1728 2563 primitias
1760 2481 1994 2539 facimus
2024 2482 2080 2537 in
2112 2481 2367 2552 primitiis
2394 2479 2694 2554 Evangelii.

123 2570 173 2625 6.
188 2569 330 2639 Ἐγὼ
342 2571 389 2624 δ’
411 2565 591 2642 οἶμαι,
606 2572 689 2624 ὅτι
710 2570 1126 2645 καὶ,δτεσσάρων
1144 2570 1315 2625 όντων
1333 2569 1443 2624 τῶν
1463 2571 1641 2638 Εὐαγ-

65 2662 270 2728 γελίων,
294 2662 463 2715 οἱονεὶ
478 2661 760 2734 στοιχείων
782 2662 881 2733 τῆς
900 2662 1134 2726 πίστεως
1154 2662 1253 2726 τῆς
1290 2661 1636 2733 Ἐκκλησῑας,

67 2753 116 2818 ἐξ
140 2745 207 2806 ὧν
228 2752 515 2823 στοιχείων
540 2755 571 2806 6
597 2754 707 2817 πᾶς
736 2755 1032 2824 συνέστηκε
1060 2754 1285 2824 κόσμος,
1320 2754 1379 2807 ὲν
1411 2754 1635 2826 Χριστῷ

66 2842 410 2911 καταλλαγεὶς
436 2842 517 2914 τῷ
548 2842 687 2914 Θεῷ,
723 2842 868 2897 καθά
889 2859 1055 2914 φησιν
1075 2845 1103 2897 ὁ
1126 2843 1358 2908 Παῦλος·
1393 2843 1539 2911 Θεὸς
1562 2840 1641 2915 ἦν

67 2934 127 2984 ἐν
156 2932 388 3003 Χριστῷ
435 2935 670 3003 κόσμον
723 2932 1169 2993 καταλλάσσων
1198 2934 1413 3000 ἐαυτῷ,
1447 2926 1509 2987 οῦ
1543 2935 1638 2988 κό-

68 3040 194 3093 σμου
232 3025 332 3096 τὴν
381 3025 660 3096 ἁμαρτίαν
702 3021 838 3097 ἦρεν
908 3024 1140 3097 Ἰησοῦςο
1202 3027 1330 3097 περὶ
1378 3027 1488 3098 γάρ
1545 3025 1645 3080 τοῦ

68 3116 257 3187 κόσμου
287 3117 391 3187 τῆς
419 3118 752 3191 Ἐκκλησίας
769 3118 799 3169 6
822 3118 978 3188 λόγος
1002 3120 1147 3173 ἐστὶν
1172 3120 1201 3171 6
1224 3117 1634 3190 γεγραμμένος*

75 3206 218 3261 Ἰδοὺ
248 3211 282 3262 ό
322 3208 531 3277 Ἁμνὸς
569 3188 676 3263 τοῦ
704 3188 853 3263 Θεοῦ
895 3212 928 3263 ό
959 3209 1145 3277 αἴρων
1177 3207 1291 3277 τὴν
1332 3188 1635 3277 νάμαρτίαν
1663 3188 1707 3247 (ἶ

65 3299 160 3352 τοῦ
210 3300 466 3368 κόσμου,
522 3300 779 3372 ἀπαρχὴν
824 3299 934 3354 τῶν
982 3299 1330 3368 Εὐαγγελίων
1385 3294 1525 3353 εἶναι
1575 3297 1637 3351 τὸ

66 3392 537 3462 προστεταγμένον
582 3395 716 3464 ἡμῖν
758 3392 864 3447 ὑπὸ
897 3391 991 3446 σοῦ
1027 3392 1170 3446 κατὰ
1207 3392 1438 3463 δύναμιν
1478 3393 1637 3463 ὲρευ-

66 3480 207 3548 νῆσαι
250 3483 317 3535 τὺ
353 3482 498 3536 κατά
546 3484 799 3554 Ἰωάννην
822 3501 838 3515 ’
889 3482 982 3538 τὸν
1029 3483 1519 3554 γενεαλογούμενον
1564 3484 1641 3536 εἰ-

68 3573 169 3628 πὼν
201 3575 340 3645 (29),
386 3576 485 3628 καὶ
532 3576 643 3629 ἀπὸ
686 3574 781 3629 τοῦ
829 3576 1262 3648 άγενεαλογητου
1302 3576 1635 3647 ἀρχόμενον·

65 3667 325 3731 Ηατθαῖος
359 3669 461 3739 μὲν
510 3668 642 3739 γάρ,
675 3672 788 3733 τοῖς
822 3670 1162 3741 προσδοκῶσι
1194 3670 1256 3723 τὸ
1286 3670 1345 3736 ἐξ
1390 3669 1642 3742 Ἀϐραὰμ

64 3761 145 3811 καὶ
185 3761 351 3815 Δαυῖδ
409 3760 686 3831 Ἑϐραίοις
728 3762 975 3834 γράψων,
1008 3764 1246 3827 Βίϐλος,
1289 3764 1442 3833 φησὶ,
1472 3762 1640 3831 γενέ-

63 3866 201 3916 σεως
233 3849 445 3919 Ἰησοῦ
472 3851 732 3919 Χριστοῦ
775 3851 909 3905 υὶοῦ
936 3851 1139 3915 Δαυῒδ,
1172 3852 1307 3905 υἱοῦ
1350 3852 1636 3921 Ἀϐραάμ’

64 3944 147 3995 καὶ
194 3945 419 4015 Μάρκος
471 3942 628 4007 εἰδὼς
680 3943 709 3996 ὃ
749 3943 972 4015 γράφει,
1018 3944 1192 4014 ἀρχὴν
1233 3944 1501 4015 διηγεῖται
1544 3944 1638 3997 τοῦ

64 4033 407 4102 Εὔαγγελίου,
438 4034 583 4105 τάχα
615 4034 982 4107 εὑρισκόντων
1012 4034 1169 4106 ἡμῶν
1204 4034 1264 4088 τὸ
1294 4035 1445 4099 τέλος
1476 4034 1641 4089 αὑτοῦ

70 4126 205 4199 παρὰ
224 4126 301 4196 τῷ
346 4127 574 4199 Ἰωάννῃ
605 4127 663 4180 ὲν
693 4127 835 4198 ἀρχῇ
871 4127 1044 4195 Λόγον
1070 4126 1203 4179 Θεὸν
1235 4126 1431 4196 Λόγον.
1480 4125 1642 4181 Ἀλλὰ

64 4218 150 4271 καὶ
195 4221 411 4283 Λουκᾶς
455 4217 698 4289 εἰρηκὼς
745 4219 803 4270 ὲν
835 4218 977 4288 ἀρχῇ
1022 4216 1130 4289 τῶν
1178 4218 1474 4289 Πράξεων·
1532 4218 1645 4271 Τὸν

62 4309 168 4399 διὲκ
193 4309 430 4379 πρῶτον
698 4287 1242 4399 ἐποιησὰμῇξιητερι
1288 4307 1530 4399 πάντων
1556 4300 1645 4360 ὧν

66 4398 268 4466 ἤρξατο
294 4404 330 4456 ό
374 4400 610 4470 Ἰησοῦς
647 4399 842 4454 ποιεῖν
876 4399 975 4454 καὶ
998 4397 1318 4453 Γδιδάσκειν-
1341 4398 1476 4471 (50),
1508 4399 1642 4455 ἀλλά

69 4505 123 4555 γε
160 4494 308 4563 τηρεῖ
344 4491 423 4562 τῷ
463 4493 557 4545 ἐπὶ
588 4491 649 4544 τὸ
692 4490 887 4563 στῆθος
928 4492 1257 4546 ἀναπεσόντι
1304 4490 1398 4543 τοῦ
1448 4489 1633 4563 Ἰησοῦ

68 4583 178 4646 τοὺς
225 4582 482 4655 μείζονας
547 4583 642 4636 καὶ
696 4583 1064 4656 τελειοτέρους
1099 4582 1210 4653 (5|)
1264 4582 1394 4654 περὶ
1461 4581 1637 4653 Ἰησοῦ

16 4716 19 4725 λ
69 4668 270 4738 ὶὸγοδςο
314 4673 497 4736 οὐδεὶς
540 4673 652 4744 γὰρ
696 4673 922 4727 ἐκείνων
977 4672 1235 4745 ἀκρατῶς
1292 4673 1641 4744 ἐφανέρωσεν

72 4764 217 4819 αὑτοῦ
254 4766 357 4837 τὴν
387 4765 645 4837 θεότητα,
679 4765 756 4829 ὡς
796 4766 1049 4837 Ἰωάννης
1082 4766 1445 4838 παραστήσας
1476 4765 1641 4819 αὑτὸν

72 4854 310 4923 ὶέγσπαο
358 4854 503 4925 Ἐ
528 4858 647 4924 ειμι
677 4854 740 4908 τὸ
771 4853 895 4923 φῶς
921 4856 1029 4910 τοῦ
1057 4857 1312 4926 κόσμου’
1356 4855 1496 4926 Ἐγώ
1522 4858 1641 4925 ειμι

72 4948 106 5013 ἦ
134 4948 282 5015 ὁδὸς,
311 4949 415 5003 καὶ
451 4949 493 5016 ἠ
533 4946 809 5012 ἀλήθεια,
859 4947 959 5001 καὶ
1005 4948 1044 5015 τ)
1081 4945 1212 5014 ζωήο
1262 4949 1403 5019 Ἐγώ
1446 4953 1565 5018 ειμι
1598 4948 1638 5017 '5';

16 5032 19 5109 ξ
78 5040 420 5107 ἀπίστασις·
467 5037 621 5109 Ἐγώ
646 5040 766 5108 ειμι
796 5040 834 5108 ἠ
876 5040 1054 5107 θύραο
1113 5038 1260 5108 Ἐγώ
1290 5042 1408 5109 ειμι
1441 5043 1474 5095 δ
1507 5055 1639 5096 ποι..

1813 2572 1869 2627 6.
1898 2572 2152 2627 Arbitror
2186 2585 2318 2626 vero
2344 2586 2466 2642 ego,
2493 2572 2708 2628 etiamsi
2737 2581 2978 2643 quatuor
3004 2574 3115 2627 sint
3143 2571 3327 2627 Evan-

1741 2660 1881 2732 gelia
1915 2661 2077 2716 veluti
2113 2661 2381 2718 elementa
2418 2660 2539 2717 ﬁdei
2574 2661 2855 2726 Ecclesia,
2884 2675 2951 2717 ex
2984 2661 3185 2731 quibus
3211 2662 3324 2717 eleo

1742 2750 1944 2806 mentis
1979 2760 2123 2807 totus
2149 2759 2363 2808 constat
2391 2750 2480 2806 hic
2511 2753 2742 2806 mundus
2772 2752 2884 2806 Deo
2910 2766 3006 2820 per
3030 2751 3312 2806 Christum

1743 2840 2123 2896 reconciliatus
2144 2882 2160 2906 ,
2211 2842 2353 2896 sicut
2386 2841 2569 2913 inquit
2603 2839 2805 2897 Paulus
2836 2841 2917 2908 ⁸⁸,
2958 2841 3100 2897 Deus
3128 2851 3244 2897 erat
3270 2841 3327 2897 in

1745 2931 1995 2997 Christo,
2045 2932 2300 2986 mundum
2344 2932 2446 2986 sibi
2497 2931 2874 2995 reconcilians;
2927 2931 3083 3000 cujus
3138 2932 3325 2986 mundi

1745 3034 2035 3095 peccatum
2071 3023 2290 3080 sustulit
2318 3021 2515 3088 Jesus;
2559 3024 2627 3079 de
2657 3025 2861 3079 mundo
2888 3024 3032 3080 enim
3065 3020 3327 3079 Ecclesia

1746 3130 1929 3171 sermo
1960 3115 2051 3171 ille
2082 3125 2166 3170 est
2209 3115 2447 3185 scriptus
2474 3113 2554 3167 ³⁸ε
2588 3114 2646 3185 θ
2684 3113 2818 3169 Ecce
2856 3114 3037 3185 Agnus
3074 3113 3207 3180 Dei,
3235 3117 3328 3186 qui

1741 3207 1916 3276 aufert
1970 3217 2236 3275 peccatum
2305 3206 2534 3272 mundi,
2586 3205 3001 3276 Evangeliorum
3054 3206 3328 3278 primitias

1746 3299 2107 3369 Evangelium
2152 3313 2273 3355 esse
2307 3297 2534 3354 Joannis
2576 3298 2734 3353 nobis
2781 3298 3143 3367 propositum,
3175 3296 3331 3365 cujus

1740 3407 1960 3447 sensum
1989 3406 2088 3461 pro
2120 3390 2266 3445 virili
2296 3402 2482 3447 nostra
2507 3390 2643 3459 jussi
2677 3404 2864 3445 sumus
2915 3387 3011 3444 abs
3038 3398 3088 3445 te
3111 3387 3328 3443 investi.

1740 3500 1889 3555 gare.
1907 3485 2072 3553 quue
2097 3484 2340 3540 arbitror
2359 3484 2717 3539 considerans
2740 3482 3111 3554 genealogiam
3139 3491 3327 3538 tercnv

1739 3586 1870 3641 tem,
1893 3585 1948 3631 et
1973 3576 2322 3646 incipientem
2353 3575 2421 3629 ab
2448 3589 2514 3630 eo
2536 3576 2628 3644 qui
2648 3574 2967 3645 genealogia
2992 3582 3161 3631 caret.
3191 3572 3326 3628 Nam

1740 3665 2028 3722 Mattltaus
2060 3667 2278 3737 quidem
2312 3683 2437 3724 cum
2465 3666 2731 3723 scriberet
2763 3665 3041 3733 llebrais,
3076 3667 3168 3736 qui
3200 3682 3327 3721 ven-

1741 3770 1919 3814 turum
1951 3774 2018 3813 ex
2048 3760 2361 3815 Abrahamo
2388 3769 2443 3813 et
2478 3758 2681 3813 Davide
2712 3759 3135 3827 exspectabant:
3173 3757 3334 3812 Liber

1742 3850 1934 3919 inquit,
1957 3851 2307 3920 generationis
2322 3848 2452 3903 Jesu
2475 3848 2675 3904 Christi
2700 3848 2803 3917 ﬁlii
2817 3848 3011 3916 David,
3031 3848 3131 3917 ﬁlii
3156 3849 3333 3903 Abra-

1740 3942 1862 3995 ham
1890 3941 1957 3993 '5.
2000 3940 2215 3995 Marcus
2259 3956 2391 3996 vero
2425 3940 2606 3995 sciens
2653 3940 2797 4009 quod
2849 3941 3061 4004 scribit,
3112 3940 3329 3993 initium

1741 4043 1964 4087 enarrat
1999 4032 2299 4100 Evangelii,
2330 4031 2578 4086 fortassis
2605 4032 2749 4101 quod
2776 4031 3118 4086 inveniamus
3163 4030 3329 4085 linem

1743 4123 1914 4192 ipsius
1939 4123 2079 4193 apud
2101 4121 2387 4187 Joannem,
2409 4122 2501 4189 qui
2526 4121 2578 4173 iu
2607 4120 2873 4189 principio
2896 4119 3134 4176 Verbum
3160 4119 3329 4175 Deum

1742 4212 1913 4267 fuisse
1939 4213 2137 4281 inquit.
2169 4212 2342 4266 Lucas
2371 4212 2535 4265 etiam
2566 4225 2688 4265 cum
2721 4210 2946 4266 dixisset
2973 4211 3018 4243 ³⁸
3045 4228 3059 4265 :
3086 4208 3331 4266 Primum

1741 4305 1954 4376 quidem
1992 4320 2281 4358 sermonem
2329 4303 2429 4371 feci
2474 4302 2539 4356 de
2581 4302 2823 4357 omnibus
2853 4319 2971 4370 qua:
2990 4304 3140 4372 capit
3170 4301 3332 4357 Jesus

1743 4403 1916 4466 {arere
1953 4406 2003 4452 et
2047 4397 2255 4462 docere,
2292 4395 2527 4464 majores
2578 4396 3041 4465 perfectioresqne
3092 4395 3161 4450 de
3204 4392 3331 4449 Jesu

1743 4498 2029 4545 sermones
2061 4497 2306 4545 reservat
2327 4489 2375 4541 ei
2400 4488 2492 4557 qui
2511 4502 2674 4558 supra
2701 4485 3033 4557 pectusJesu
3060 4487 3331 4543 recubuit.

1745 4581 1936 4637 Nullus
1980 4583 2124 4637 enim
2182 4581 2396 4635 illorum
2442 4580 2578 4636 adeo
2604 4596 2739 4651 pure
2771 4580 3146 4636 tuanifestavit
3189 4579 3336 4634 illius

1748 4672 2132 4738 divinitatem,
2196 4680 2255 4724 ut
2304 4668 2549 4726 Joannes
2600 4669 2802 4740 quippe
2859 4670 2951 4740 qui
3004 4671 3226 4724 inducat
3265 4668 3333 4722 il-

1746 4764 1855 4817 lum
1897 4763 2165 4818 dicentem
2200 4778 2215 4815 :
2252 4758 2364 4831 Ego
2397 4777 2513 4815 sum
2543 4759 2638 4814 lux
2667 4761 2852 4813 mundi
2885 4776 2904 4814 :
2938 4759 3048 4831 Ego
3069 4759 3330 4829 sumZvia,

1745 4856 1939 4910 ueritas
1981 4864 2028 4908 et
2058 4854 2165 4908 vita
2196 4868 2214 4906 :
2250 4851 2361 4921 Ego
2402 4868 2521 4906 sum
2552 4853 2864 4905 resurrectio
2897 4866 2917 4905 :
2951 4851 3062 4919 Ego
3089 4864 3205 4902 sum
3248 4865 3333 4902 os-

1747 4947 1915 5001 tium:
1941 4942 2056 5013 Ego
2080 4959 2197 4997 sum
2227 4954 2409 5012 pastor
2429 4944 2594 4998 bonus
2620 4943 2704 5006 ’7;
2729 4951 2783 4996 et
2808 4941 2861 4994 in
2890 4937 3218 5009 Apocalypsi
3245 4938 3290 4970 ³⁸
3317 4957 3330 4992 :

1749 5035 1864 5107 Ego
1890 5052 2006 5090 sum
2034 5036 2099 5101 Α,
2133 5045 2185 5091 et
2215 5036 2275 5100 Ω,
2303 5036 2625 5106 principium
2652 5043 2702 5088 et
2744 5033 2890 5101 ﬁnis,
2925 5032 3124 5101 primus
3156 5041 3202 5086 et
3242 5048 3334 5086 no-

16 5146 19 5231 l
134 5176 381 5231 “Matth.
416 5191 578 5240 ssm,
608 5175 664 5239 8,
689 5175 744 5232 9.
821 5176 869 5208 ⁸⁸
895 5174 1092 5245 prea.
1124 5190 1201 5240 tv,
1238 5177 1331 5231 Η.
1399 5177 1445 5208 ³³
1471 5174 1514 5230 ll
1536 5175 1641 5231 Cor

1750 5219 1752 5233 .
1782 5176 1864 5230 l9.
1965 5174 2012 5207 ³⁸
2034 5173 2193 5228 Joan.
2234 5188 2274 5238 ι,
2308 5172 2399 5230 30.
2474 5172 2520 5204 ³³
2549 5167 2744 5225 Matth.
2772 5181 2812 5233 ι,
2841 5168 2893 5222 l.
2971 5165 3017 5199 ³⁸
3050 5164 3176 5221 Act.
3205 5182 3244 5232 t,
3277 5166 3333 5223 l.

16 5256 23 5333 ε
80 5245 282 5303 'Joan.
320 5262 440 5312 vrtt,
473 5246 581 5312 ης
627 5261 733 5313 stv,
771 5245 844 5312 6;
890 5262 965 5311 xl,
1007 5246 1110 5311 25;
1150 5263 1204 5313 χ,
1237 5247 1293 5311 7,
1324 5246 1505 5312 9,11.
1583 5247 1628 5279 ⁸⁸

1750 5261 1828 5301 oc.
1859 5261 1895 5305 ι,
1927 5245 1994 5310 8;
2026 5260 2163 5309 sstt,
2195 5246 2280 5297 l5.

18 5368 21 5415 μ
138 5364 237 5431 (εδ)
271 5363 370 5431 Μὴ
411 5361 719 5429 καλέσητε
769 5360 1144 5416 διδάσκαλον
1181 5361 1281 5415 ἐπὶ
1337 5359 1446 5427 τῆς
1496 5359 1631 5432 τῆς.

82 5432 231 5489 laneus
258 5437 497 5489 habetur
529 5432 720 5486 Matth.
758 5448 915 5498 unt,
941 5434 1002 5503 _8,
1026 5432 1114 5503 ubi
1156 5446 1256 5503 pro
1310 5431 1637 5503 καθηγητὴς

80 5505 381 5575 amplaria
414 5503 666 5573 quadam
699 5503 901 5557 habent
934 5501 1272 5575 διδάσκαλος.
1333 5501 1484 5575 ilune
1519 5501 1633 5554 au-

86 5584 181 5642 te.
215 5572 447 5629 aenum
514 5587 642 5627 cum
709 5573 964 5642 sequenti
1029 5572 1274 5627 confudit
1349 5572 1635 5642 Origenes.

428 5713 828 5786 Εὐᾳῃελίου.
864 5710 1104 5770 Tarinus
1151 5714 1412 5771 censebat
1456 5712 1643 5784 legen-

92 5780 196 5834 δὲ,
224 5780 310 5840 τοῦ
328 5780 681 5838 διδασκάλου.

148 5852 244 5948 ςῖῧ)
274 5860 376 5922 εὶς
406 5853 528 5923 τὴν
556 5852 865 5923 ἀπαρχὴν,
893 5864 997 5912 etc.
1031 5854 1403 5925 Omittendum
1426 5855 1640 5917 videtur

94 5919 181 5993 ea

1824 5360 1936 5431 (29)
1969 5359 2074 5414 Pro
2104 5357 2278 5412 εἰπών
2312 5354 2599 5431 ξτες-νοτίης
2623 5348 3004 5431 Ιςεὶι-σκοπῷν
3024 5389 3038 5410 ,
3071 5361 3171 5416 ego
3201 5360 3333 5431 vero

1745 5417 2029 5499 leg‘endum
2064 5445 2262 5484 censeo
2286 5425 2469 5489 εἰπόν,
2515 5422 2662 5494 quod
2679 5417 2868 5477 refero
2894 5421 2960 5474 ad
3016 5417 3331 5473 oracedens

1743 5501 1806 5555 τὸ
1839 5499 1980 5555 κατὰ
2018 5500 2299 5564 Ἰωάννην.

1818 5603 1955 5677 (301
1973 5598 2369 5677 Τέλος-αρτοιῖ
2393 5596 2554 5677 σξαρᾲ
2577 5594 2659 5661 τῷ
2691 5586 3334 5677 Ἰωάτην-ηανψῆρξαῖοό

1762 5662 1993 5744 Ἰήσοῦς
2021 5662 2215 5725 ποιεῖν
2240 5662 2356 5722 ’καὶ
2398 5662 2731 5746 διδάσκειν.
2751 5735 2762 5746 θ
2791 5663 2922 5746 lltee
2964 5675 3161 5746 omnm.
3184 5662 3334 5746 apud

1751 5737 2005 5800 meum
2036 5742 2438 5804 desiderantur,
2497 5737 2591 5791 sed
2634 5737 2999 5804 restituuntur
3024 5737 3222 5800 partim
3260 5741 3327 5782 ex

1749 5816 1940 5872 codice
1981 5812 2292 5875 Bodleiano,
2321 5803 2519 5880 partim
2556 5820 2624 5860 es
2653 5803 2973 5858 Barberino.

1822 5920 1936 5994 (5|)
1965 5918 2147 5983 Codex
2177 5916 2514 5984 Bodleianus,
2542 5908 2936 5989 τελεωτέρους,
