3922 6526
517 413 580 467 Si
1978 402 2298 461 ORIGENIS
3719 395 3787 450 '52

522 634 705 674 rarum
756 618 998 673 oumium
1051 615 1398 685 Evangelium
1451 631 1625 685 esse;
1684 616 2101 687 Evangeliorum

516 725 653 766 vero
677 710 971 780 primitias,
999 708 1356 780 Evangelium
1389 725 1417 762 a
1447 707 1657 764 Joanne
1690 710 1946 766 traditum
1971 727 1986 777 ;
2016 724 2107 763 cu-

520 805 608 876 ius
652 818 871 858 sensum
922 803 1208 872 percipere
1242 818 1401 857 nemo
1435 811 1634 872 potest,
1676 802 1780 857 nisi
1816 802 1906 871 qui
1941 817 2102 869 supra

520 907 711 966 pectus
730 895 855 951 Jesu
885 896 1217 961 recuhuerit,
1244 896 1327 950 vel
1352 897 1622 965 acceperit
1647 912 1674 949 a
1699 895 1826 951 Jesu
1854 895 2102 959 Mariam,

518 1004 644 1059 quae
668 990 839 1046 etiam
874 988 1042 1057 ipsius
1070 989 1400 1043 materJiat:
1432 989 1567 1043 adeo
1601 988 1758 1043 talem
1785 998 2106 1058 tantumque

523 1093 647 1133 esse
693 1093 913 1133 necesse
946 1088 1059 1141 est,
1092 1080 1185 1148 qui
1227 1077 1462 1134 Joannes
1489 1079 1631 1135 alius
1663 1079 1729 1133 sit
1777 1078 2012 1145 futurus,
2048 1087 2108 1134 ut

518 1170 984 1240 quemadmodum
1009 1168 1271 1237 Joannes,
1303 1170 1491 1225 itidem
1516 1172 1677 1225 etiam
1708 1181 1766 1224 et
1793 1170 1895 1226 iste
1925 1186 1953 1223 a
1978 1169 2104 1226 Jesu

524 1259 684 1315 Jesus
706 1261 974 1316 exsistere
997 1262 1338 1315 ostendatur.
1364 1260 1498 1316 Nam
1522 1260 1568 1315 si
1603 1261 1782 1317 nullus
1808 1271 1892 1316 est
1922 1262 2109 1318 Maria:

528 1353 710 1417 ﬁlius,
754 1354 962 1422 judicio
989 1368 1177 1408 eorum
1214 1356 1308 1423 qui
1352 1355 1419 1407 de
1468 1355 1584 1423 ipsa
1618 1369 1751 1408 sane
1799 1365 2105 1420 senserunt,

528 1455 884 1513 pra-terquam
911 1443 1067 1499 Jesns
1089 1461 1104 1499 :
1129 1446 1367 1514 dicitque
1394 1443 1549 1498 Jesus
1578 1447 1768 1499 matri:
1802 1444 1938 1498 Ecce
1960 1447 2108 1513 ﬁlius

527 1544 648 1589 tuus
682 1535 748 1599 ³³,
783 1544 837 1589 et
865 1551 993 1604 ηοιι,
1026 1553 1156 1592 ecce
1182 1539 1345 1594 etiam
1384 1537 1469 1591 hic
1500 1548 1581 1592 est
1618 1537 1759 1592 ﬁlius
1791 1547 1951 1592 tuus:
1982 1554 2103 1607 pcr-

528 1623 654 1678 inde
694 1635 798 1691 est,
829 1640 892 1679 ac
944 1626 989 1679 si
1044 1627 1309 1680 dixisset:
1344 1626 1482 1681 Ecce
1510 1625 1597 1679 hic
1629 1635 1707 1679 est
1744 1622 1903 1679 Jesus
1943 1640 2108 1693 quem

530 1713 785 1776 genuisti.
834 1712 1046 1767 Etenim
1097 1714 1347 1784 quisquis
1377 1714 1647 1784 perfectus
1675 1726 1796 1779 est,
1847 1730 1950 1768 non
1989 1730 2109 1768 am-

531 1803 671 1870 plius
698 1806 831 1858 vivit
863 1808 999 1874 ipse,
1029 1807 1122 1860 sed
1160 1807 1210 1859 in
1251 1806 1367 1875 ipso
1400 1806 1533 1860 vivit
1564 1806 1814 1860 Christus
1840 1806 1907 1860 ⁸ο.
1937 1805 2103 1860 Cum-

416 576 423 579 .
516 529 783 583 rissimus.
815 527 1129 582 Audeamus
1158 525 1326 597 igitur
1352 524 1535 583 dicere
1560 525 1829 597 primitias
1849 525 2096 595 Scriptu-

2218 522 2322 590 ιὴν
2364 524 2398 576 ό
2430 522 2617 589 καλός
2637 539 2649 553 ·
2694 520 2786 574 καὶ
2821 520 2879 572 ἐν
2926 519 2992 589 τῇ
3040 514 3437 584 Ἀποκαλύψει·
3479 509 3624 584 Ἐγώ
3674 520 3788 580 ειμι

2204 616 2341 670 τὸΑ
2384 616 2483 670 καὶ
2529 616 2595 669 τὸ
2629 618 2696 678 Ω,
2739 614 2778 679 ἡ
2806 611 2963 680 ἀρχὴ
3006 610 3104 663 καί
3139 609 3205 663 τὸ
3245 608 3439 673 τέλος·
3482 608 3515 660 ό
3556 603 3790 673 πρῶτος

2204 709 2304 763 καὶ
2357 711 2390 763 ὀ
2439 707 2719 776 ἔσχατος.
2778 702 3091 776 Τολμητέον
3147 702 3329 754 τοίνυν
3386 702 3562 753 εἰπεῖν
3611 699 3793 769 ἀπαρ-

2204 801 2307 872 χὴν
2357 799 2458 870 μὲν
2498 798 2688 852 πασῶν
2718 795 2951 868 Γραφῶν
3006 791 3145 848 εἶναι
3203 792 3273 846 τά
3295 790 3630 859 Εὑαγγέλια,
3683 788 3793 842 τῶν

2204 892 2261 945 δὲ
2312 889 2656 959 Εὑαγγελίων
2704 888 2957 959 ἀπαρχὴν
2987 886 3050 940 τὸ
3094 884 3236 939 κατά
3278 884 3554 961 Ἰωάννηνξ
3594 875 3655 934 οὗ
3702 880 3793 933 τὸν

2205 984 2330 1040 νοῦν
2385 983 2557 1046 οὐδεὶς
2604 981 2829 1037 δύναται
2882 978 3066 1033 λαϐεῖν
3126 978 3199 1049 μὴ
3256 975 3545 1031 ἀναπεσὼν
3591 975 3687 1026 ἐπὶ
3731 972 3794 1026 τὺ

2208 1076 2403 1147 στῆθος
2451 1076 2647 1147 Ἰησοῦ,
2683 1074 2819 1147 μηδέ
2853 1072 3033 1125 λαϐὼν
3076 1070 3185 1125 ἀπὸ
3230 1068 3404 1141 Ἰησοῦ
3436 1068 3535 1139 τὴν
3565 1064 3792 1136 Μαρίαν

2205 1169 2496 1239 γινομένην
2561 1168 2656 1221 καὶ
2684 1165 2874 1221 ἀὐτοῦ
2935 1163 3166 1236 μητέραο
3217 1161 3313 1215 καὶ
3366 1157 3685 1239 τηλικοῦτον
3735 1155 3792 1207 δὲ

2207 1238 2461 1329 γενέσθαι
2513 1260 2596 1313 δεῖ
2649 1260 2742 1312 τὸν
2795 1256 3051 1327 ἐσόμενον
3102 1253 3260 1308 ἄλλον
3324 1238 3597 1321 Ἰωάννην,
3651 1247 3795 1300 ὥστε

2206 1351 2370 1406 οἱονεὶ
2422 1348 2513 1406 τὸν
2579 1350 2832 1421 Ἰωάννην
2894 1344 3173 1415 δειχθῆναι
3230 1342 3360 1396 ὄντα
3426 1339 3634 1410 Ἰησοῦν
3689 1337 3799 1391 ἀπὸ

2220 1442 2415 1514 Ἰησοῦ.
2453 1444 2516 1496 Ei
2547 1441 2656 1512 γάρ
2684 1429 2860 1503 οὐδεὶς
2892 1438 3004 1501 υίὸς
3034 1435 3273 1506 Μαρίας,
3304 1432 3446 1486 κατά
3471 1431 3599 1494 τοὺς
3624 1427 3800 1497 ὑγιῶς

2208 1537 2336 1606 περὶ
2369 1535 2539 1603 αὐτῆς
2575 1530 2896 1600 δοξάζοντας
2930 1529 3063 1601 (52),
3099 1527 3133 1598 ἦ
3172 1524 3398 1598 Ἰησοῦς,
3427 1524 3561 1595 φησι
3587 1521 3646 1575 δὲ
3688 1522 3801 1590 Ἰη-

2209 1626 2336 1690 σοῦς
2370 1629 2436 1698 τῇ
2469 1624 2667 1697 μητρί·
2714 1623 2827 1678 Ἴδε
2852 1625 2885 1676 ό
2917 1622 3057 1687 υἱός
3082 1636 3218 1682 σου,
3249 1618 3339 1671 καί
3365 1617 3484 1687 ούχί
3504 1633 3518 1647 ο
3559 1615 3667 1668 Ἴδε
3701 1614 3806 1667 καὶ

2206 1712 2363 1782 οὗτος
2412 1717 2526 1780 υἱός
2582 1731 2710 1769 σουο
2755 1714 2868 1770 ἴσον
2914 1712 3104 1786 εἴρηκε
3145 1710 3244 1783 τῷ·
3295 1710 3401 1763 Ἴδε
3444 1703 3599 1771 οὗτός
3645 1709 3803 1759 ἐστιν

2222 1811 2429 1883 Ἰησοῦς
2474 1810 2532 1864 ὃν
2560 1808 2875 1881 ἐγέννησας.
2905 1807 3015 1860 Καὶ
3046 1805 3155 1877 γὰρ
3184 1805 3292 1868 πᾶς
3319 1805 3347 1856 ὁ
3379 1799 3802 1871 τετελειωμένος

528 1909 636 1962 que
676 1897 727 1948 in
779 1897 894 1965 ipso
942 1897 1087 1949 vivat
1120 1897 1393 1962 Christus,
1436 1899 1637 1953 dicitur
1669 1900 1734 1954 dc
1780 1914 1846 1954 eo
1880 1899 2106 1955 Mariae:

2218 1902 2278 1974 ζῇ
2310 1903 2513 1967 οὐκέτιν
2539 1901 2653 1955 ἀλλ’
2686 1900 2743 1953 ἒν
2776 1898 2926 1969 αὐτῷ
2959 1899 3025 1969 ζῇ
3057 1897 3311 1969 Χριστός·
3351 1894 3447 1949 καὶ
3480 1893 3603 1946 ἐπεὶ
3637 1891 3704 1963 ζῇ
3739 1893 3800 1945 ἐν

534 1987 673 2042 Ecce
705 1987 846 2043 lilius
876 1998 1004 2044 tuus
1031 1988 1299 2043 Christus.
1346 1988 1485 2055 Quid
1517 2004 1645 2061 ergo
1684 1992 1879 2046 attinet
1930 1993 2113 2048 dicere

531 2070 743 2146 quanta
768 2081 924 2134 nobis
953 2094 1090 2150 opus
1120 2082 1193 2135 sit
1220 2089 1400 2135 mente
1434 2090 1494 2135 ut
1523 2082 1575 2135 in
1609 2083 1866 2138 testaceis
1890 2084 2115 2153 ahjectte

533 2171 727 2226 litterae
764 2172 1035 2227 thesauris
1072 2172 1409 2227 reconditqu
1445 2173 1667 2228 verbum
1713 2174 1875 2245 digne
1926 2175 2113 2230 valea-

534 2277 656 2317 mus
699 2264 1082 2332 interpretari,
1134 2264 1436 2332 pra-sertim
1467 2280 1590 2319 cum
1622 2264 1803 2321 littera
1845 2269 2047 2337 passim
2082 2284 2114 2325 a

533 2353 816 2422 quibusvis
851 2355 1061 2424 legatur
1084 2395 1100 2419 ,
1133 2356 1471 2423 verbumque
1502 2372 1597 2427 per
1626 2374 1813 2413 vocem
1856 2362 2115 2417 sensibile

533 2443 783 2497 audiatur
824 2444 893 2497 ab
925 2444 1176 2499 omnibus
1210 2446 1300 2514 qui
1353 2446 1403 2515 7
1450 2448 1692 2501 auditum
1720 2450 1966 2518 prtebent
1991 2465 2114 2505 cor-

533 2534 826 2603 poralem?
861 2535 961 2601 Qui
1014 2537 1157 2590 enim
1214 2544 1473 2592 accurate
1510 2539 1951 2608 apprehensurus
2006 2541 2113 2604 sit,

532 2638 662 2681 vere
712 2629 756 2681 is
800 2627 941 2681 dicat
986 2639 1241 2697 oportet:
1294 2629 1411 2685 Nos
1452 2641 1628 2684 autent
1662 2631 1861 2686 Christi
1903 2650 2114 2688 sensum

534 2719 802 2786 habemus,
836 2730 891 2773 ut
919 2722 1148 2775 sciamus
1168 2739 1286 2792 qua:
1314 2740 1345 2776 a
1377 2722 1481 2776 Deo
1510 2725 1706 2777 donata
1736 2734 1857 2779 sunt
1881 2726 2116 2781 nobis".

536 2808 690 2876 Quod
724 2826 853 2865 vero
881 2827 1043 2866 omne
1073 2811 1482 2868 Testamentum
1514 2814 1722 2869 Novum
1757 2819 1829 2872 sit
1868 2810 2120 2888 Evange-

535 2901 689 2962 lium,
746 2904 939 2959 adduci
980 2921 1271 2969 possumus
1301 2906 1368 2959 ad
1415 2910 1743 2962 credendum
1770 2926 1836 2965 ex
1889 2912 1973 2965 his
2000 2928 2120 2980 qua:

534 2992 731 3049 Paulus
762 2996 915 3061 dicit,
946 2997 1165 3064 quando
1217 2999 1413 3053 alicubi
1448 3002 1494 3032 “
1519 3002 1709 3056 scribit
1745 3020 1760 3056 :
1814 3003 2118 3058 Secundum

534 3083 885 3155 Ecangelium
915 3105 1110 3143 meum.
1145 3090 1290 3144 Inter
1328 3093 1528 3162 scripta
1561 3097 1705 3148 enim
1741 3096 1895 3149 Pauli
1936 3098 2119 3151 nullus

2214 1993 2362 2063 αὑτῴ
2390 1991 2644 2063 Χριστὸς,
2678 1990 2894 2060 λέγεται
2921 1988 3049 2061 περὶ
3078 1986 3240 2040 αὐτοῦ
3265 1988 3331 2057 τῇ
3367 1983 3558 2057 Μαρία
3578 2000 3592 2014 °
3634 1984 3743 2036 ’Ίδε
3770 1984 3804 2035 ό

2215 2088 2327 2151 υἱός
2358 2104 2448 2140 σου
2479 2088 2509 2138 ὁ
2536 2083 2790 2157 Χριστός.
2831 2081 3047 2135 Ἠλίκου
3075 2080 3254 2133 τοίνυν
3281 2077 3372 2132 νοῦ
3407 2079 3540 2148 ἡμῖν
3570 2076 3672 2141 δεῖ,
3711 2075 3804 2128 ῖνα

2215 2179 2303 2232 τὸν
2332 2181 2390 2232 ἐν
2427 2179 2540 2240 τοῖς
2568 2174 2912 2246 ὀστρακίνοις
2942 2172 3044 2242 τῆς
3084 2168 3335 2253 εὐτελοῦς
3365 2167 3563 2232 λέξεως
3592 2167 3807 2238 θησαυ-

2217 2273 2331 2345 ροῖς
2374 2268 2798 2338 ἐναποκείμενον
2842 2265 3001 2334 λόγον
3029 2263 3140 2334 (5⁸5)
3168 2262 3262 2316 τοῦ
3300 2260 3407 2313 ὑπὸ
3435 2259 3655 2313 πάντων
3687 2257 3805 2311 τῶν

2216 2363 2654 2433 ἐντυγχανόντων
2717 2356 3231 2429 ἀναγινωσκομένου
3289 2353 3641 2428 γράμματος,
3708 2348 3810 2402 καὶ

2218 2457 2324 2510 ὑπὸ
2362 2457 2580 2510 πάντων
2622 2453 2729 2507 τῶν
2760 2452 3108 2525 παρεχόντων
3138 2450 3239 2507 τὰς
3273 2444 3595 2518 σωματικὰς
3631 2441 3808 2505 ἀκοὰς

2220 2549 2576 2620 ἀκουομένου,
2595 2544 2856 2616 αἰσθητοῦ
2878 2544 2966 2599 διὰ
2990 2543 3173 2613 φωνῆς
3195 2542 3378 2610 λόγου,
3405 2537 3655 2594 ἐκλαϐεῖν
3681 2536 3808 2589 κατ’

2219 2643 2373 2708 ἀξίαν
2401 2639 2737 2711 δυνηθῶμεν,
2758 2637 2810 2690 τί
2832 2637 2913 2689 δεῖ
2934 2637 3029 2690 καὶ
3042 2635 3221 2704 λέγειν
3241 2650 3255 2698 ;
3286 2632 3388 2685 Τὸν
3409 2631 3521 2702 γὰρ
3540 2628 3811 2701 μέλλοντα

2219 2735 2391 2788 ταῦτα
2421 2732 2667 2804 ἀκριϐῶς
2692 2729 3135 2801 καταλαμϐάνειν
3167 2726 3305 2798 μετά
3333 2723 3594 2796 ἀληθείας
3624 2722 3809 2774 εἰπεῖν

2219 2828 2316 2881 δεῖ·
2360 2824 2551 2895 Ἡμεῖς
2579 2823 2648 2878 δὲ
2674 2822 2826 2878 νοῦν
2868 2820 3127 2890 Χριστοῦ
3157 2822 3395 2889 ἔχομεν,
3425 2818 3526 2870 ἵνα
3556 2813 3813 2883 εἰδῶμεν·

2220 2919 2291 2971 τὰ
2310 2918 2426 2971 ὑπὸ
2456 2916 2559 2970 τοῦ
2585 2913 2734 2969 Θεοῦ
2768 2911 3127 2982 χαρισθέντα
3160 2909 3322 2980 ἡμῖν.
3361 2909 3521 2961 Ἔστι
3553 2906 3611 2959 δέ
3640 2920 3814 2976 προσ-

2221 3010 2452 3080 αχθῆναι
2499 3007 2606 3060 ἀπὸ
2647 3005 2755 3060 τῶν
2800 3005 2905 3058 ὑπὸ
2938 3002 3153 3057 Παύλου
3195 3000 3504 3071 λεγομένων
3550 2991 3811 3069 περὶτοῦ

2222 3105 2402 3157 πᾶσαν
2428 3101 2527 3171 τὴν
2552 3099 2761 3169 Καινὴν
2793 3094 2928 3151 εἶναι
2955 3096 3022 3149 τά
3049 3094 3354 3162 [εὐαγγέλια
3382 3091 3517 3163 (54),
3548 3092 3676 3144 ὅταν
3700 3104 3813 3141 που

535 3188 715 3234 exstat
739 3181 878 3234 liber
904 3183 992 3250 qui
1018 3183 1199 3236 vocari
1229 3184 1574 3255 Evangelium
1605 3191 1977 3245 consueverit.
2011 3191 2113 3245 Sed

2222 3193 2441 3265 γράφῃο
2490 3190 2651 3253 Κατὰ
2706 3189 2769 3242 τὸ
2819 3186 3189 3256 Εὐαγγέλιόν
3232 3200 3371 3253 μουο
3410 3186 3468 3236 ἐν
3513 3182 3813 3254 γράμμασι

538 3272 800 3342 quidquid
830 3273 915 3327 vel
967 3275 1288 3342 pra-dicavit
1320 3277 1404 3330 vel
1439 3278 1573 3333 dixit
1604 3289 1686 3334 est
1719 3281 2071 3352 Evangelium
2101 3300 2116 3349 ;

537 3379 656 3434 quae
688 3381 816 3422 vero
851 3369 1169 3436 prmtlicavit
1195 3380 1251 3423 et
1279 3372 1412 3424 dixit
1440 3414 1453 3431 ,
1488 3373 1603 3427 hinc
1637 3376 1804 3428 etiam
1855 3376 2072 3443 scripsit
2101 3393 2116 3442 ;

537 3470 668 3527 ergo
690 3472 756 3512 ex
778 3457 863 3512 his
883 3460 1154 3531 colligitur
1176 3463 1346 3531 ipsius
1368 3466 1571 3534 scripta
1598 3467 1946 3537 Evangelium
1976 3484 2116 3525 esse.

539 3546 694 3613 Quod
748 3551 791 3603 si
843 3549 996 3606 Pauli
1037 3554 1237 3621 scripta
1278 3566 1406 3610 sunt
1441 3557 1798 3629 Evangelium
1827 3602 1840 3622 ,
1877 3563 2121 3629 profecto

538 3639 680 3693 idem
712 3646 1041 3698 censendum
1073 3657 1157 3701 est
1204 3648 1271 3702 de
1305 3647 1450 3703 Petri
1479 3650 1643 3703 etiam
1682 3652 1938 3719 scriptis;
1973 3662 2029 3708 et
2059 3665 2118 3708 ut

539 3733 593 3786 in
650 3735 965 3790 universum
1014 3738 1246 3808 loquar,
1287 3742 1470 3796 omnia
1520 3756 1640 3810 quae
1694 3742 1866 3811 ipsius
1915 3744 2120 3800 Christi

538 3829 865 3884 continuant
894 3833 1213 3898 adventum,
1240 3846 1292 3890 et
1312 3850 1433 3905 qua:
1463 3835 1743 3891 stabiliunt
1774 3840 2118 3907 praesentiam

539 3916 683 3974 illius
707 3960 724 3987 ,
756 3935 984 3993 quaeque
1017 3925 1282 3983 inducunt
1336 3930 1504 3999 ipsam
1543 3931 1596 3984 iu
1646 3929 1863 3985 animos
1896 3931 2121 3999 cupien-

540 4013 674 4065 tium
709 4015 988 4085 suscipere
1014 4019 1108 4073 Dei
1136 4035 1467 4085 sermonem,
1498 4008 1734 4078 stantem
1765 4039 1862 4089 pro
1891 4024 2118 4087 foribus,

539 4112 597 4156 et
626 4103 962 4174 pulsantem,
996 4118 1051 4162 et
1089 4109 1303 4179 ingredi
1331 4110 1603 4165 volentem
1654 4112 1706 4166 in
1735 4114 1967 4177 animas,
1997 4122 2125 4167 sunt

542 4190 920 4264 Evangelium.

617 4285 669 4337 7.
704 4286 810 4341 Sed
848 4296 1058 4357 tempus
1080 4288 1193 4356 jam
1224 4300 1310 4345 est
1339 4292 1656 4347 accuratius
1680 4294 1968 4363 exquirere
1992 4293 2125 4363 quid

2223 3283 2332 3353 γάρ
2356 3281 2570 3335 Παύλου
2593 3282 2693 3334 οὐκ
2723 3280 2919 3350 ἔχομεν
2952 3277 3155 3350 βιϐλίον
3190 3273 3519 3343 Εὐαγγέλιον
3548 3272 3802 3343 συνήθως

2223 3374 2575 3445 καλούμενον.
2637 3371 2796 3425 Ἀλλά
2840 3372 2947 3422 πᾶν
2994 3368 3022 3422 ὃ
3068 3369 3339 3439 ἐκήρυσσε
3387 3365 3482 3418 καὶ
3525 3363 3699 3431 ἔλεγε,
3745 3361 3816 3414 τὸ

2223 3466 2555 3535 Εὑαγγέλιον
2577 3460 2664 3536 ἦν’
2700 3463 2737 3517 ἃ
2763 3463 2857 3516 καὶ
2886 3462 3160 3532 ἐκήρυσσε
3192 3459 3285 3511 καὶ
3304 3457 3478 3526 ἔλεγε,
3513 3455 3687 3509 ταῦτα
3712 3451 3816 3506 καὶ

2223 3558 2462 3630 ἔγραφεν
2494 3557 2589 3610 καὶ
2626 3555 2663 3610 ἀ
2696 3555 2901 3626 ἔγραφε
2932 3554 3040 3625 ἄρα
3071 3550 3400 3620 Εὑαγγέλιον
3429 3544 3523 3619 ἦν.
3559 3548 3624 3601 Εί
3650 3545 3705 3598 δὲ
3740 3544 3815 3598 τὰ

2225 3651 2440 3705 Παύλου
2469 3648 2797 3717 Εὑαγγέλιον
2829 3642 2919 3717 ἦν,
2953 3643 3246 3699 ἀκόλουθον
3274 3643 3475 3711 λέγειν,
3506 3641 3588 3694 ὅτι
3623 3638 3713 3692 καὶ
3739 3637 3816 3691 τὰ

2227 3744 2434 3816 Πέτρου
2456 3741 2787 3810 Εὐαγγέλιον
2809 3734 2900 3810 ἦν,
2923 3738 3017 3791 καὶ
3036 3733 3373 3802 ἁπαξαπλῶς
3396 3732 3466 3786 τά
3487 3730 3816 3784 συνιστάντα

2224 3837 2322 3910 τὴν
2345 3834 2581 3909 Χριστοῦ
2600 3831 2918 3905 ἐπιδημίαν,
2940 3831 3035 3884 καὶ
3053 3824 3529 3890 κατασκευάζοντα
3548 3823 3648 3894 τὴν
3670 3836 3819 3893 παρ-

2224 3932 2411 3985 ουσίαν
2455 3927 2642 3994 αὐτοῦ,
2681 3924 3015 3997 ἐμποιοῦντά
3046 3940 3108 3977 τε
3137 3920 3305 3993 αὐτὴν
3331 3922 3452 3983 ταῖς
3476 3918 3676 3988 ψυχαῖς
3700 3914 3818 3969 τῶν

2229 4022 2565 4094 βουλομένων
2590 4016 2999 4091 παραδέξασθαι
3022 4017 3112 4069 τὸν
3138 4013 3348 4068 ἐστῶτα
3373 4012 3466 4065 ἐπὶ
3488 4011 3588 4081 τὴν
3618 4008 3818 4079 θύραν,

2226 4117 2321 4169 καὶ
2358 4113 2645 4186 κρούοντα,
2688 4111 2783 4164 καὶ
2811 4108 3071 4164 εἰσελθεῖν
3118 4106 3439 4179 βουλόμενον
3472 4105 3554 4168 είς
3581 4101 3680 4166 τάς
3707 4099 3822 4171 ψυ-

2226 4206 2329 4279 χάς
2357 4204 2514 4272 λόγον
2547 4199 2703 4255 Θεοῦ.

2299 4295 2352 4349 7.
2388 4295 2452 4347 Τί
2484 4293 2541 4346 δέ
2576 4291 2823 4362 βούλεται
2862 4288 3057 4362 δηλοῦν
3089 4291 3122 4361 ή
3162 4287 3495 4356 Εὐαγγέλιον
3535 4302 3822 4357 προσηγο-

544 4393 651 4432 vox
676 4379 953 4448 Evangelii
991 4383 1280 4451 signiticet,
1312 4396 1365 4439 et
1392 4400 1559 4454 quare
1588 4387 1639 4440 hi
1670 4385 1791 4439 libri
1823 4386 2113 4454 inscriptio

2232 4388 2342 4460 ρία,
2379 4389 2473 4441 καὶ
2500 4384 2588 4439 διά
2615 4385 2668 4437 τί
2694 4383 2902 4455 ταύτην
2931 4382 3045 4453 ἔχει
3072 4381 3172 4454 τὴν
3196 4379 3508 4452 ἐπιγραφὴν
3540 4378 3714 4432 ταῦτα
3746 4380 3822 4432 τὰ

544 4487 666 4525 nem
715 4471 857 4528 hanc
901 4474 1160 4531 habeant.
1198 4477 1292 4530 Est
1334 4478 1502 4546 igitur
1543 4478 1896 4547 Evangelium
1943 4494 2113 4533 scrmc

2232 4478 2428 4550 βιϐλία,
2467 4477 2565 4550 ἤδη
2598 4477 2790 4550 καιρὸς
2825 4476 3100 4540 ἐξετάσαι.
3139 4477 3294 4529 Ἔστι
3325 4473 3506 4528 τοίνυν
3538 4473 3600 4526 τὸ
3637 4472 3823 4540 Εὐαγ-

543 4561 636 4629 qui
670 4578 851 4618 rerum
872 4568 1133 4618 nuntium
1171 4568 1441 4633 continet,
1476 4584 1596 4638 qua!
1626 4570 1769 4638 quod
1801 4570 1962 4624 utiles
1992 4572 2113 4634 sint,

2231 4567 2410 4636 γελιον
2443 4566 2602 4635 λόγος
2630 4565 2903 4637 περιέχων
2926 4564 3270 4634 ἀπαγγελίαν
3297 4563 3640 4635 πραγμάτων
3673 4562 3823 4616 κατά

542 4652 661 4726 iure
686 4657 884 4712 merito
928 4657 1167 4712 laetitiam
1207 4660 1426 4725 pariunt
1471 4662 1730 4726 auditori,
1767 4661 1929 4716 simul
1957 4672 2113 4731 atque

2231 4661 2292 4715 τὸ
2319 4660 2536 4730 εῦλογον
2557 4658 2641 4713 διὰ
2666 4659 2727 4712 τὸ
2750 4658 2978 4728 ὠφελεῖν
2995 4657 3397 4731 εὐφραινόντων
3412 4657 3504 4710 τὸν
3525 4656 3817 4721 ἀκούοντα,

544 4746 615 4807 ab
651 4746 770 4816 ipso
796 4750 1033 4806 admissa
1067 4750 1271 4807 fuerint
1312 4770 1433 4823 quae
1466 4755 1812 4810 nuntiantur.
1845 4754 1958 4810 Nec
1995 4772 2113 4811 vere

2233 4751 2371 4806 ἐπάν
2402 4749 2774 4823 παραδέξηται
2798 4750 2860 4803 τὸ
2882 4748 3375 4820 ἀπαγγελλόμενον·
3398 4747 3554 4801 οὐδὲν
3585 4748 3631 4801 δ’
3654 4743 3822 4819 ἧττον

543 4840 728 4896 minus
760 4843 881 4898 talis
905 4844 1082 4898 oratio
1112 4856 1194 4899 est
1225 4845 1577 4916 Evangelium
1600 4888 1615 4913 ,
1644 4847 1896 4915 quamvis
1924 4862 1990 4901 ex
2022 4847 2113 4902 ba-

2232 4844 2261 4898 ὁ
2289 4842 2527 4905 τοιοῦτος
2551 4841 2710 4909 λόγος
2746 4840 3080 4909 Εύαγγέλιόν
3108 4841 3276 4903 ἐστιν,
3312 4837 3380 4893 ἂν
3411 4838 3506 4892 καὶ
3530 4838 3642 4909 (55)
3681 4838 3823 4909 πρὸς

544 4927 661 4989 bitu
690 4932 960 4989 audientis
991 4935 1395 5005 perpendatur:
1427 4936 1533 5004 vel,
1565 4935 1916 5006 Evangelium
1945 4937 2113 4993 oratiu

2233 4936 2332 5008 τὴν
2368 4935 2551 5006 σχέσιν
2584 4936 2678 4988 τοῦ
2713 4934 3002 4997 ἀκούοντος
3031 4930 3376 5003 ἐξετάζηται·
3410 4932 3446 5002 ἢ
3483 4928 3821 5000 Εὐαγγέλιόν

614 5043 662 5076 ⁸⁹
681 5043 838 5099 Joan.
874 5061 987 5110 XIX,
1016 5045 1107 5100 26.
1183 5046 1227 5079 ⁸ο
1252 5045 1429 5103 Galat.
1468 5064 1526 5110 ιι,
1557 5048 1648 5101 9.0.
1727 5048 1768 5080 “
1804 5048 1971 5101 lCor.
2001 5063 2064 5110 ιι,
2096 5050 2113 5103 i

2219 5049 2308 5104 16.
2386 5049 2430 5082 “
2454 5049 2614 5106 Rom.
2649 5065 2709 5114 tt,
2746 5051 2826 5102 lli.

616 5137 728 5209 ('52)
756 5140 917 5193 Κατὰ
941 5141 1082 5206 τοὺς
1109 5139 1292 5210 ὑγιῶς
1340 5141 1469 5209 περὶ
1505 5139 1693 5208 αὐτῆς
1744 5139 2113 5210 δοξάζοντας.

2232 5142 2429 5199 haeres.
2454 5154 2686 5203 uxvru,
2725 5138 2932 5210 cap.__l.
2981 5137 3111 5210 Post
3167 5134 3595 5210 A_po_lli‘n_arium_
3621 5133 3821 5210 eadem

545 5202 683 5267 Tum
710 5202 782 5263 'ex
815 5212 917 5264 hoc
945 5202 1084 5273 loco,
1114 5202 1225 5264 tum
1257 5202 1323 5265 ex
1373 5202 1441 5266 iis
1483 5227 1602 5279 qua:
1642 5202 2128 5276 habet’Origemm
2235 5211 2459 5266 vesania
2488 5202 2811 5265 laborarunt
2851 5208 3168 5271 Eunomius,
3202 5202 3506 5279 Helvidius,
3567 5202 3822 5279 Iovinia-

549 5292 681 5335 tom.
713 5295 767 5333 ιιι
798 5283 853 5334 in
887 5280 1203 5334 Matthwum
1233 5291 1289 5335 et
1313 5274 1586 5336 homilia7
1616 5282 1670 5334 iu
1703 5279 1922 5346 Lucam,
1956 5274 2128 5349 liquet
2234 5298 2336 5336 nus
2358 5291 2413 5335 ct
2439 5281 2702 5335 Bonosus.
2733 5279 2841 5332 Sed
2870 5280 3011 5332 hanc
3045 5277 3292 5349 limesim
3322 5274 3602 5331 luculento
3621 5275 3819 5331 adver-

548 5351 725 5422 ipsum
758 5364 856 5422 pro
890 5349 1243 5405 heterodosis
1279 5352 1537 5407 habuisse
1572 5367 1668 5406 eos
1698 5352 1787 5419 qui
1811 5345 2126 5422 perpetuam
2231 5368 2326 5409 sus
2361 5350 2667 5406 Helvidium
2700 5363 2865 5418 opere
2893 5347 3154 5404 contrivit
3178 5345 3568 5417 Hieronymus.

549 5421 1124 5516 )«larimgirginitat'em
1156 5423 1448 5516 negabant.
1492 5422 1547 5477 ln
1595 5436 1661 5475 eo
1715 5431 1866 5516 lcerte
1915 5436 2113 5477 errore

2303 5444 2415 5516 (53)
2444 5444 2662 5514 Λόγον.
2688 5441 2854 5496 Forte
2884 5438 3172 5509 legendum
3203 5436 3354 5495 νοῦν.

548 5462 994 5559 inquiiﬂugtiu's,
1026 5462 1581 5547 fuissev'felr'tiiiliatius
1892 5462 2113 5560 milia":

549 5563 758 5617 duobus
792 5561 922 5615 locis
958 5563 1289 5630 prodidisse,
1314 5564 1455 5618 libro
1481 5561 1559 5616 De
1590 5563 1949 5630 monogamia,
1998 5576 2113 5631 cap.

548 5635 602 5674 ἓξ-
625 5640 678 5674 el
703 5631 794 5674 lih.
838 5631 913 5674 De
943 5649 1098 5674 (nmo,
1137 5633 1334 5674 Chriin
1383 5647 1502 5674 nam,
1535 5632 1593 5674 ’7ο
1620 5634 1713 5674 εριΙ
1741 5634 1990 5674 nitebunt
2028 5647 2113 5674 nus

2303 5462 2415 5516 (οὓ)
2444 5462 2662 5514 Λογον.
2690 5462 2854 5496 rorte
2885 5462 3172 5509 legelluutu
3203 5462 3354 5495 νυυν.

2306 5536 2436 5660 (Si)
2450 5538 2528 5593 Τὰ
2562 5533 2921 5615 Εὐαγγέλια.
2966 5530 3252 5613 Ferrarius
3302 5529 3431 5600 legit
3477 5528 3540 5618 τί)
3576 5527 3827 5598 Εύαγγὲο

2232 5607 2366 5661 λιον.
2441 5607 2566 5661 aulo
2589 5616 2709 5674 post
2732 5614 2902 5674 nostri
2932 5600 3394 5674 codtceshabent
3422 5617 3592 5674 :Aou‘ac
3620 5599 3825 5671 ἔχομεν

548 5635 603 5695 8,
625 5640 678 5683 et
703 5631 797 5685 lib.
834 5631 913 5685 De
943 5649 1098 5687 carne
1137 5633 1356 5701 Christi,
1383 5647 1506 5701 cap.
1535 5632 1594 5699 7;
1619 5634 1713 5688 sed
1741 5634 1994 5695 obscure,
2027 5647 2113 5687 nec

549 5702 684 5750 satis
711 5712 914 5750 anerle.
945 5705 1012 5750 At
1037 5704 1185 5750 clare
1209 5721 1332 5750 eum
1368 5720 1492 5750 cum
1530 5704 1652 5750 aliis
1714 5705 1993 5750 nrnfessus
2037 5713 2113 5750 est

2234 5631 2366 5661 Λιον.
2400 5631 2566 5661 ι’δυιυ
2589 5631 2709 5674 μυδι
2732 5631 2902 5658 Ιιυδιιί
2932 5631 3147 5656 υυυιυῠθ
3184 5631 3390 5655 ιιιιυσιιι
3423 5640 3436 5653 ι
3467 5631 3569 5653 υυᾰ
3620 5631 3676 5671 El

2236 5677 2437 5750 βιϐλίον
2471 5675 2808 5744 εὐαγγέλιον.
2831 5672 3011 5727 Huctii
3035 5671 3207 5726 editio
3237 5671 3426 5726 omisit
3450 5670 3676 5741 βιϐλίον.

549 5702 914 5775 satisaperte.
944 5705 1012 5757 At
1037 5704 1185 5775 clare
1209 5721 1332 5759 eum
1368 5720 1492 5758 cum
1530 5704 1652 5757 aliis
1714 5705 1993 5773 professus
2037 5712 2127 5775 est
2236 5702 2437 5775 Ριέέξῗν
2457 5702 2808 5775 μεξαηηιξκ
2831 5702 3015 5775 "“f':
3035 5702 3207 5775 “‘"f"
3237 5702 3426 5775 “"f'f’“
3450 5702 3562 5775 3’“:

550 5761 942 5841 Apollinarius,
973 5782 1115 5829 teste
1149 5774 1479 5846 Epiphanio,
1515 5775 1609 5842 qui
1658 5761 2125 5828 Antidicomaria-
2306 5769 2417 5841 (55)
2456 5769 2682 5829 Ἔστιν,
2722 5766 2799 5819 ἂν
2824 5764 2942 5819 καί.
2969 5761 3097 5820 Haec
3133 5764 3330 5820 desunt
3356 5762 3410 5818 in
3443 5761 3631 5818 codice
3656 5772 3825 5833 quem

552 5842 696 5899 nitas
728 5858 825 5899 eos
869 5845 1198 5899 aooellabat.
1256 5853 1449 5899 hazres.
1494 5861 1703 5899 uxvn.
1755 5860 1875 5899 cao.
1919 5843 2012 5899 26.
2070 5854 2125 5899 et
2234 5850 2457 5899 secutus
2487 5846 2572 5895 cst
2604 5835 2854 5894 ﬂuetius.

552 5842 696 5902 nitas
728 5858 825 5900 eos
869 5842 1212 5918 appellabat,
1255 5842 1449 5903 incres.
1494 5861 1703 5913 uxvn,
1755 5860 1875 5918 cap.
1919 5843 2012 5912 26,
2070 5854 2125 5899 et
