3922 6568
559 398 636 457 ss
1992 363 2335 457 caminus
3764 405 3833 461 36

560 514 878 587 Evangelio,
903 523 963 571 ut
993 515 1178 572 omnia
1207 524 1395 573 essent
1417 515 1592 573 instar
1618 514 1917 586 Evangelii.
1949 514 2139 588 Neque

2250 512 2423 568 πάντα
2479 513 2614 568 ὡσεὶ
2678 506 3012 583 Εὐαγγέλιον
3062 514 3362 588 πεποίηκεν
3389 530 3402 547 ·
3464 514 3560 572 καὶ
3608 514 3709 571 οὐκ
3765 518 3831 571 ἂν

559 617 760 677 praeter
798 609 1140 680 propositum
1187 610 1441 677 exemplo
1493 616 1678 664 uterer
1707 650 1721 673 ,
1759 607 1847 677 qui
1881 622 2144 678 pauca....

564 701 797 769 Quando
820 703 1061 756 enim....
1095 701 1220 755 ﬁliis
1261 700 1544 756 hominum
1575 700 1862 754 divinitate
1896 715 2016 763 sua,
2053 699 2149 754 ab-

560 793 691 858 lato,
717 794 861 863 quod
881 794 933 846 in
967 794 1083 864 lege
1102 801 1159 846 et
1182 792 1463 862 prophetis
1493 800 1634 857 erat,
1665 792 1952 854 velamine,
1977 791 2146 846 Deum

558 884 724 939 certis
758 885 1070 939 rationibus
1097 885 1357 945 ostendit,
1391 884 1569 954 palam
1601 884 1793 939 oculos
1819 898 2030 954 ponens
2061 884 2148 939 his

557 975 651 1042 qui
683 974 969 1043 sapientiae
1021 973 1142 1043 ejus
1177 972 1434 1043 discipuli
1475 973 1676 1028 vellent
1724 973 1863 1037 ﬁeri,
1898 986 2145 1041 quaenam

560 1074 687 1114 vera
728 1062 812 1115 lex
846 1061 1050 1132 Moysis
1089 1063 1417 1125 contineret,
1466 1078 1694 1131 quorum
1743 1064 2050 1134 exemplum
2091 1076 2147 1118 et

557 1152 805 1207 umbram
839 1153 1097 1208 colebant
1137 1152 1377 1222 antiqui:
1425 1161 1478 1208 et
1523 1169 1773 1223 quaenam
1819 1153 1886 1209 sit
1940 1154 2146 1209 veritas

557 1260 742 1300 rerum
776 1246 830 1300 in
874 1246 1121 1301 historiis
1151 1254 1560 1312 coutentarum,
1584 1262 1705 1316 quae
1733 1247 1785 1300 in
1820 1247 1989 1313 ﬁgura
2014 1260 2147 1302 con-.

560 1338 840 1406 tingebant
857 1338 985 1403 illis,
1001 1347 1224 1409 propter
1239 1353 1337 1394 nos
1350 1337 1573 1406 scripta,
1595 1338 1660 1392 ad
1680 1353 1816 1406 quos
1834 1337 1966 1393 ﬁnes
1984 1352 2149 1393 saecu-

558 1428 737 1483 lorum
765 1428 823 1498 9
843 1428 1057 1484 deducti
1080 1438 1209 1483 sunt
1239 1428 1304 1482 ⁸⁸.
1334 1427 1525 1482 Nullus
1546 1442 1677 1496 ergo
1699 1428 1766 1480 ad
1797 1442 1960 1497 quem
1990 1427 2149 1483 Chri-

557 1530 676 1575 stus
705 1520 1023 1584 accesserit,
1048 1519 1133 1574 vel
1171 1520 1221 1573 iu
1253 1516 1758 1589 Hierosolymorum
1788 1519 1942 1583 urbe,
1975 1519 2061 1573 vel
2091 1519 2145 1573 in

559 1610 962 1666 Samaritarum
995 1620 1179 1666 monte
1208 1612 1376 1666 Deum
1408 1612 1632 1677 adorat;
1671 1612 1765 1667 sed
1788 1624 1913 1665 cum
1943 1611 2149 1668 didice-

560 1704 633 1757 rit
663 1703 833 1757 Deum
885 1703 1137 1772 spiritum
1177 1719 1319 1769 esse,
1352 1702 1712 1773 spiritualiter
1757 1702 1909 1756 illum
1960 1704 2148 1757 colens

560 1795 758 1864 spiritu
783 1805 836 1849 et
873 1795 1125 1857 veritate,
1157 1810 1264 1848 non
1300 1794 1535 1864 amplius
1578 1797 1679 1849 sub
1710 1794 1898 1864 ﬁguris
1925 1793 2141 1850 Patrem

558 1887 940 1941 universorum
997 1885 1296 1954 mundique
1346 1886 1597 1955 opificem
1640 1886 1853 1940 adorat.
1933 1885 2141 1951 Quam-
2174 1863 2217 1918 Β

555 1982 744 2038 obrem
779 1986 905 2034 ante
933 1977 1062 2033 illud
1096 1976 1448 2049 Evangelium
1500 1978 1643 2048 quod
1667 1992 1762 2047 per
1794 1977 1996 2032 Christi
2049 1979 2145 2034 ad—

559 2081 782 2127 ventum
811 2080 896 2124 est
930 2080 1135 2135 ortum,
1172 2067 1310 2123 nihil
1342 2084 1524 2123 rerum
1570 2070 1917 2140 antiquarum
1970 2070 2146 2124 Evan-

556 2161 757 2230 gelium
805 2169 943 2215 erat.
978 2159 1147 2214 Porro
1178 2158 1553 2229 Evangelium,
1603 2162 1746 2231 quod
1800 2169 1884 2216 est
1935 2160 2143 2215 Novum

556 2257 1000 2319 Testamentum,
1026 2271 1148 2310 cum
1180 2269 1280 2308 nos
1304 2270 1332 2307 a
1360 2263 1631 2309 vetustate
1662 2254 1857 2309 littera:
1887 2255 2144 2310 abduxis-

559 2359 665 2413 set,
691 2350 918 2418 spiritus
939 2348 1235 2403 novitatem
1269 2362 1544 2415 nunquam
1573 2357 1973 2415 senescentem,
1999 2359 2055 2420 et
2077 2350 2143 2403 ad

557 2441 770 2496 Novum
800 2441 1206 2495 Testamentum
1248 2438 1468 2506 proprie
1523 2441 1907 2506 pertinentem,
1936 2453 2055 2509 quae
2088 2438 2143 2493 in

557 2533 814 2587 omnibus
841 2542 923 2587 est
951 2530 1274 2599 Scripturis,
1305 2531 1432 2587 luce
1473 2531 1799 2599 cognitionis
1829 2531 2141 2586 illustravit.

559 2626 798 2681 Necesse
832 2633 1013 2679 autem
1041 2631 1180 2691 erat,
1222 2622 1274 2677 id
1312 2624 1457 2692 quod
1483 2608 1748 2677 alliciebat
1781 2633 1837 2676 ut
1871 2624 1922 2677 in
1957 2621 2147 2677 Testa-

562 2727 748 2772 mento
774 2713 961 2771 Veteri
986 2724 1272 2784 putaretur
1303 2713 1656 2785 Evangelittm
1686 2730 1830 2782 esse,
1874 2716 2145 2786 praecipue

557 2806 913 2878 Evangelium
951 2804 1234 2875 appellari.

627 2902 681 2974 9.
727 2919 985 2972 Attamen
1035 2930 1143 2970 non
1193 2914 1553 2985 ignorantium
1615 2914 1769 2969 nobis
1816 2913 2143 2985 estVCbristi

557 3013 879 3075 adventum,
914 3019 1209 3080 antequam
1253 3024 1485 3078 corpore
1513 3013 1581 3063 ad
1614 3017 1792 3063 terras
1835 3008 2142 3063 descende-

558 3111 663 3168 ret,
692 3100 1089 3171 intelligibilem
1139 3099 1311 3152 multo
1365 3106 1495 3153 ante
1530 3096 1731 3151 factum
1766 3096 1935 3152 fuisse
1965 3096 2146 3166 perle-

2249 605 2358 658 άπὺ
2389 603 2595 658 σκοποῦ
2626 605 2939 677 χρησαίμην
2974 602 3052 675 τῷ
3079 605 3484 676 παραδείγματι
3514 606 3610 661 τοῦ
3658 610 3831 678 μικρά

2251 697 2343 749 καὶ
2399 697 2481 750 ὅτι
2538 695 2772 751 ὄλον.....
2830 698 2998 750 ὀταν
3035 696 3166 769 γὰρ.
3199 738 3211 751 .
3238 737 3251 750 .
3280 736 3294 751 .
3330 738 3344 750 .
3376 699 3530 763 υἱοὺς
3564 699 3675 772 (58)
3727 701 3832 753 τῶν

2253 787 2555 860 ἀνθρώπων
2607 791 2673 860 τῇ
2733 788 2971 860 θειότητι
3026 788 3191 842 αὑτοῦ
3244 789 3510 860 περιελὼν
3551 790 3612 844 τὸ
3662 792 3718 845 ἐν
3759 791 3832 863 τῷ

2252 880 2402 950 νόμῳ
2434 881 2528 934 καὶ
2558 881 2867 953 προφήταις
2907 879 3170 951 κάλυμμα
3202 882 3313 951 (59)
3349 883 3568 936 πάντων
3594 881 3656 936 τὸ
3684 882 3831 936 Θεῖον

2249 972 2522 1037 ἀπέδειξε,
2554 971 2806 1044 φανερῶς
2854 975 3214 1044 παραστήσας
3238 976 3351 1037 τοῖς
3402 972 3707 1045 βουληθεῖσι
3737 973 3833 1044 τῆς

2250 1065 2441 1134 σοφίας
2474 1063 2638 1119 αὐτοῦ
2660 1064 2914 1134 γενέσθαι
2951 1064 3222 1136 μαθηταῖς
3244 1065 3367 1119 τίνα
3386 1064 3457 1118 τὰ
3479 1064 3710 1136 ἀληθινὰ
3738 1066 3830 1117 τοῦ

2248 1157 2527 1221 Μωῦσέως
2585 1156 2752 1228 νόμου
2777 1197 2791 1222 ,
2848 1150 2924 1209 ὧν
2977 1155 3337 1226 ὑποδείγματι
3388 1154 3485 1210 καὶ
3539 1158 3666 1227 σκιᾷ
3715 1157 3832 1210 ἐλά-

2253 1246 2446 1322 τρεθον
2474 1251 2523 1302 οἱ
2577 1249 2767 1313 πάλαι,
2824 1249 2916 1302 καὶ
2970 1246 3052 1311 τίς
3102 1250 3135 1319 ὴ
3184 1244 3411 1320 ἀλήθεια
3449 1246 3558 1301 τῶν
3618 1250 3678 1301 ἐν
3717 1252 3831 1311 ταῖς

2258 1340 2524 1412 ἱστορίαις
2587 1340 2952 1411 πραγμάτων,
3000 1339 3158 1393 ἆτινα
3220 1340 3463 1404 τυπικῶς
3525 1339 3832 1393 συνέϐαινεν

2249 1433 2481 1496 ἐκείνοις
2502 1449 2515 1462 ·
2553 1431 2768 1503 ἐγράφη
2800 1431 2856 1484 δὲ
2903 1430 2970 1483 δι’
3001 1430 3148 1502 ἡμᾶς
3170 1470 3185 1494 ,
3235 1432 3312 1493 είς
3346 1429 3438 1493 οὓς
3469 1429 3537 1483 τὰ
3563 1428 3692 1500 τέλη
3730 1428 3833 1484 τῶν

2249 1523 2459 1577 αἰώνων
2518 1526 2845 1595 κατήντησε.
2909 1524 3025 1587 Πᾶς
3069 1517 3162 1577 οῦν
3217 1515 3263 1590 ᾧ
3316 1523 3550 1594 Χριστὸς
3587 1520 3832 1594 ἐπιδεδή-

2253 1633 2448 1688 μηκεν,
2482 1614 2606 1669 οὔτε
2640 1617 2697 1669 ἐν
2737 1615 3132 1687 Ἱεροσολύμοις
3162 1612 3285 1667 οὔτε
3320 1617 3376 1668 ἐν
3404 1613 3482 1684 τῷ
3504 1614 3613 1668 τῶν
3654 1615 3835 1686 Σαμαο

2253 1707 2446 1779 ρειτῶν
2497 1706 2614 1778 ὄρει
2659 1704 2770 1778 (40)
2812 1705 3216 1778 προσκυνεῖτῷ
3245 1705 3363 1777 Θεῷ
3386 1723 3399 1737 ·
3445 1704 3582 1759 ἀλλὰ
3629 1705 3831 1776 μαθὼν,

2249 1798 2331 1850 ὅτι
2386 1797 2603 1868 πνεῦμα
2661 1798 2690 1850 ὁ
2734 1797 2885 1861 Θεὸς,
2946 1796 3331 1867 πνευματικῶς
3360 1795 3641 1867 λατρεύων
3690 1795 3835 1865 αὐτῷ

2245 1890 2514 1960 πνεύματι
2547 1891 2642 1944 καὶ⁸
2669 1879 2916 1961 ἀληθεία,
2950 1890 3133 1943 οὐκέτι
3165 1889 3220 1942 δὲ
3247 1887 3514 1954 τυπικῶς,
3545 1891 3835 1959 προσκυνεί

2244 1983 2335 2035 τὸν
2365 1981 2474 2036 τῶν
2500 1982 2639 2036 ὅλων
2678 1982 2899 2054 Πατέρα
2933 1981 3028 2035 καὶ
3074 1980 3425 2051 δημιουργόν.
3479 1978 3694 2033 Οὐκοῦν
3734 1980 3836 2050 πρὸ

2247 2073 2341 2127 τοῦ
2372 2074 2727 2143 Εὐαγγελίου,
2758 2074 2786 2126 ὃ
2810 2073 3001 2142 γέγονε
3029 2073 3115 2127 διὰ
3139 2073 3237 2144 τήν
3253 2070 3487 2143 Χριστοῦ
3520 2070 3833 2142 ἐπιδημίαν,

2245 2165 2398 2218 οὐδὲν
2427 2163 2536 2217 τῶν
2566 2163 2734 2218 πάλαι
2788 2161 3119 2232 Εὑαγγέλιον
3156 2157 3244 2232 ἦν.
3280 2162 3351 2214 Τὸ
3383 2161 3440 2213 δὲ
3484 2160 3835 2229 Εὑαγγέλιον,

2247 2258 2383 2331 ὅπερ
2418 2258 2536 2311 ἐστὶ
2568 2256 2812 2329 Διαθήκη
2846 2256 3045 2325 Καινὴ,
3075 2256 3388 2325 ἀποστῆσαν
3427 2255 3576 2325 ἡμᾶς
3616 2252 3836 2306 παλαιό-

2245 2367 2405 2421 τητος
2452 2348 2545 2402 τοῦ
2589 2349 2936 2421 γράμματος.
2971 2347 3068 2420 τὴν
3112 2346 3381 2419 μηδέποτε
3428 2346 3837 2417 παλαιουμένην

2247 2442 2544 2512 καινότητα
2561 2440 2655 2494 τοῦ
2685 2439 3018 2510 πνεύματος,
3042 2438 3249 2492 οἰκείαν
3273 2437 3371 2507 τῆς
3402 2438 3615 2507 Καινῆς
3643 2435 3838 2506 Διαθή-

2246 2550 2349 2603 κης
2382 2534 2754 2604 τυγχάνουσαν
2776 2574 2790 2599 ,
2831 2533 2888 2585 ἐν
2930 2531 3132 2594 πάσαις
3168 2529 3532 2600 ἀνακειμένην
3572 2529 3836 2599 Γραφαῖς,

2246 2624 2323 2696 τῷ
2348 2627 2487 2695 φωτὶ
2513 2625 2614 2695 τῆς
2642 2623 2896 2693 γνώσεως
2921 2620 3254 2695 ἀνέλαμψεν.
3296 2622 3492 2692 Ἐχρῆν
3520 2620 3578 2674 δέ
3608 2620 3671 2673 τὸ
3690 2637 3841 2687 ποιη-

2246 2719 2398 2773 τικὸν
2437 2717 2530 2772 τοῦ
2579 2717 2673 2771 καὶ
2706 2719 2762 2770 ἐν
2799 2720 2865 2788 τῇ
2916 2715 3127 2786 Παλαιᾷ
3180 2713 3421 2785 Διαθήκῃ
3464 2711 3839 2786 ,νομιζομένου

2245 2810 2581 2881 Εὑαγγελίου
2620 2809 2917 2882 ἐξαιρέτως
2947 2807 3228 2862 καλεῖσθαι
3261 2804 3616 2874 Εὐαγγέλιον.

2318 2904 2371 2957 9.
2407 2902 2554 2973 Πλὴν
2583 2903 2683 2955 οὐκ
2712 2899 3006 2972 άγνοητέον
3030 2897 3269 2971 Χριστοῦ
3296 2897 3593 2968 ἐπιδημίαν
3620 2895 3719 2950 καὶ
3740 2896 3842 2969 πρὸ

2244 2999 2347 3071 τῆς
2379 2996 2522 3053 κατὰ
2556 2995 2715 3066 σῶμα
2739 2993 3035 3065 ἐπιδημίας
3059 2992 3157 3063 τὴν
3182 2990 3378 3062 νοητὴν
3415 2990 3703 3059 γεγονέναι
3730 2994 3842 3053 τοῖς

2245 3089 2602 3161 τελειοτέροις
2647 3087 2743 3140 καὶ
2780 3085 2841 3138 οὺ
2869 3084 3104 3154 νηπίοις,
3143 3082 3264 3135 οὐδὲ
3306 3081 3411 3135 ὑπὸ
3461 3081 3841 3151 παιδαγωγοὺς

557 3191 840 3254 ctiorilius,
875 3188 1207 3256 minimeque
1262 3187 1523 3255 parvulis,
1557 3187 1755 3254 quippe
1785 3186 1877 3254 qui
1905 3202 1933 3239 a
1967 3186 2142 3255 paeda-

2250 3184 2341 3238 καὶ
2387 3180 2717 3252 ἐπιτρόπους
2766 3177 3254 3246 ἐπιτυγχάνουσιν,
3279 3171 3362 3237 οἷς
3407 3175 3468 3227 τὸ
3515 3175 3708 3247 νοητὸν
3747 3173 3841 3229 τοῦ

554 3297 817 3353 gogorum
852 3288 1278 3347 cnraturumque
1308 3289 1439 3333 cura
1469 3290 1532 3333 ac
1561 3281 1728 3333 tutela
1756 3276 1911 3331 liberi
1936 3286 2139 3343 essent,

555 3375 628 3429 ob
663 3373 856 3428 oculos
886 3372 1152 3426 habentes
1175 3368 1561 3438 plenitudinem
1586 3385 1706 3426 eam
1740 3369 2000 3440 temporis
2024 3383 2144 3438 qua:

557 3475 740 3521 mente
765 3465 1126 3528 cernebatur:
1157 3476 1214 3521 ut
1240 3466 1490 3523 erantilli
1525 3463 1871 3535 patriarcha),
1903 3472 1959 3517 ct
1989 3460 2144 3533 Moy-

556 3575 646 3614 scs
680 3558 769 3614 ille
805 3567 988 3613 lautus
1044 3574 1259 3626 servus,
1309 3573 1374 3615 ac
1428 3557 1623 3626 re‘iqui
1681 3554 1996 3626 prophetas,
2049 3552 2140 3623 qui

555 3654 757 3710 Christi
796 3653 1027 3726 gloriam
1060 3654 1411 3725 contemplati
1437 3660 1585 3710 sunt.
1618 3650 1895 3706 Caeterum
1933 3658 1993 3704 ut
2016 3658 2143 3705 ante

553 3747 895 3817 corporalem
927 3757 984 3803 et
1016 3747 1365 3804 manifestum
1419 3747 1712 3802 adventum
1767 3742 1833 3798 ad
1867 3741 2145 3813 perfectos

555 3839 877 3907 advenerat,
908 3840 988 3896 sic
1016 3840 1182 3895 etiam
1210 3848 1330 3910 post
1352 3837 1687 3907 divulgatam
1710 3833 1884 3905 ipsius
1915 3842 2145 3902 praesen-

556 3935 686 3987 tiam
711 3932 777 3987 ad
814 3947 910 3987 eos
940 3932 1032 4003 qui
1073 3932 1372 3986 etiamnum
1409 3938 1537 3984 sunt
1573 3925 1816 3999 parvuli,
1855 3926 1985 3998 quia
2033 3926 2143 3981 sint

552 4022 656 4078 sub
687 4024 1038 4078 curatoribus
1072 4031 1126 4078 et
1178 4018 1741 4082 administratoribus,
1787 4031 1853 4071 ac
1900 4015 2141 4070 nondum

553 4116 908 4187 pervenerint
944 4116 1012 4170 ad
1065 4113 1328 4183 temporis
1375 4108 1802 4181 plenitudinem,
1858 4124 2142 4165 sermones

472 4265 476 4269 ,
553 4207 775 4276 quidam
838 4220 1208 4276 prxcursores
1261 4203 1467 4258 Christi
1527 4203 1887 4269 advenerunt,
1939 4196 2141 4258 animis
2202 4272 2207 4275 _

558 4295 860 4363 puerilibus
886 4293 1309 4357 accommodati,
1344 4294 1437 4363 qui
1476 4293 1600 4363 jure
1631 4293 1905 4364 paedagogi
1938 4307 2140 4349 vocen-

559 4400 665 4442 tur.
699 4389 768 4442 At
804 4402 934 4442 vero
970 4388 1084 4455 ipse
1113 4387 1305 4453 Filius,
1333 4386 1446 4455 ipse
1474 4386 1810 4457 gloriﬁcatus
1840 4386 1980 4442 Deus
2006 4387 2142 4441 Ver-

558 4479 684 4533 bum
713 4480 952 4534 nondum
992 4477 1246 4544 advenit;
1280 4478 1534 4532 nimirum
1584 4484 1914 4548 eispectans
1959 4488 2018 4533 ut
2045 4476 2140 4535 Dei

2246 3274 2437 3346 χρόνου
2469 3272 2742 3342 πλήρωμα
2775 3265 3419 3338 ἐνέστη,τπατριάρχαις,
3474 3267 3569 3320 καὶ
3616 3268 3842 3321 Mutilus!

2245 3366 2322 3436 τῷ
2357 3364 2682 3436 θεράποντι,
2739 3360 2832 3415 καὶ⁸
2892 3361 3006 3423 τοῖς
3046 3357 3400 3430 τεθεαμένοις
3442 3358 3684 3430 Χριστοῦ
3739 3360 3840 3430 τὴν

2244 3455 2402 3523 ὣξαν
2440 3454 2765 3525 προφήταις.
2811 3450 3022 3521 Ὥσπερ
3051 3449 3109 3502 δὲ
3149 3448 3255 3520 πρὸ
3291 3447 3390 3519 τῆς
3421 3448 3700 3517 ἐμφανοῦς
3747 3448 3842 3502 καὶ

2245 3547 2388 3603 κατὰ
2411 3545 2574 3617 σῶμα
2605 3536 2899 3615 ἐπιδημίας
2935 3540 3251 3613 ἐπεδήμησε
3274 3543 3388 3606 τοῖς
3422 3540 3672 3604 τελείοις,
3695 3540 3843 3596 οὕτω

2245 3641 2339 3696 καὶ
2368 3638 2507 3712 μετὰ
2539 3638 2638 3710 τὴν
2673 3634 3092 3707 κεκηρυγμένην
3118 3633 3422 3703 παρουσίαν
3457 3636 3572 3697 τοῖς
3614 3632 3698 3685 ἐτι
3745 3651 3844 3704 νηά

2246 3730 2414 3796 πίοις,
2450 3729 2547 3784 ἅτε
2596 3727 2705 3782 ὑπὸ
2749 3725 3080 3798 ἐπιτρόπους
3122 3724 3449 3794 τυγχάνουσι
3500 3724 3597 3777 καὶ
3627 3724 3844 3778 οῑιιονό·⁵

2248 3839 2408 3894 μους,
2434 3815 2530 3876 καὶ
2556 3819 2781 3893 μηδέπω
2811 3819 2905 3872 ἐπὶ
2933 3816 2995 3870 τὸ
3016 3816 3291 3888 πλήρωμα
3322 3815 3417 3871 τοῦ
3444 3817 3639 3889 χρόνου
3671 3817 3863 3887 ἐφθαδ,

2244 3916 2418 3982 κόσιν,
2441 3916 2492 3968 οἱ
2523 3915 2623 3985 μὲν
2641 3913 2937 3986 πρόδρομοι
2959 3909 3194 3982 Χριστοῦ
3224 3908 3656 3980 ἐπιδεδημήκασι
3681 3911 3844 3963 παισὶ

2242 4007 2441 4078 ψυχαῖς
2475 4006 2809 4076 ἁρμόζοντες
2839 4002 3009 4072 λόγοι,
3046 4001 3284 4072 εὐλόγως
3308 4000 3373 4057 ἂν
3399 3998 3695 4072 κληθέντες
3714 4017 3844 4055 παι-

2242 4103 2480 4172 δαγωγοί
2498 4119 2512 4132 ·
2548 4101 2709 4164 αὐτὸς
2741 4101 2799 4154 δὲ
2820 4100 2848 4150 ὁ
2880 4098 3010 4162 Υίδς
3030 4099 3059 4151 ὁ
3077 4095 3465 4168 δεδοξασμένος
3507 4094 3641 4158 Θεὸς
3664 4095 3845 4163 Λόγος

2244 4193 2475 4260 οὐδέπω,
2505 4190 2817 4265 περιμένων
2834 4189 2932 4263 τὴν
2959 4190 3185 4244 δέουσαν
3229 4186 3483 4257 γενέσθαι
3534 4203 3843 4260 προπαρα-

2246 4287 2446 4357 σκευὴν
2468 4287 2583 4350 τοῖς
2614 4284 2870 4357 μέλλουσι
2903 4284 3101 4356 χωρεῖν
3143 4278 3309 4336 αὐτοῦ
3342 4280 3440 4351 τήν
3479 4278 3715 4354 θεότητα
3744 4282 3844 4336 άνά

2244 4380 2483 4454 θρώποις
2505 4378 2659 4434 Θεοῦ.
2685 4376 2797 4432 Καὶ
2820 4376 2977 4430 τοῦτο
2998 4376 3056 4429 δὲ
3088 4374 3284 4428 ειδέναι
3301 4373 3488 4444 ἐχρῆν,
3513 4373 3617 4437 ὅτι,
3645 4374 3845 4447 ὥσπερ

2243 4474 2360 4529 ἐστὶ
2380 4472 2542 4544 νόμος
2575 4470 2733 4525 σκιάν
2784 4468 3055 4540 περιέχων
3098 4466 3209 4519 τῶν
3260 4464 3564 4537 μελλόντων
3611 4465 3843 4535 ἀγαθῶν

557 4569 813 4626 homines
842 4570 1183 4627 divinitatem
1213 4568 1359 4624 illius
1383 4570 1688 4638 percepturi
1724 4571 2006 4626 decentem
2038 4587 2135 4642 ap-

2250 4565 2350 4618 ὑπὸ
2376 4563 2468 4617 τοῦ
2507 4561 2651 4617 κατά
2672 4561 2930 4634 ἀλήθειαν
2963 4557 3471 4629 καταγγελλομένω
3522 4557 3693 4628 νόμου
3747 4556 3844 4627 δηε·

557 4672 809 4732 paratum
829 4659 1056 4716 faciant.
1075 4658 1195 4715 Jam
1214 4663 1389 4714 ethoc
1411 4672 1629 4730 quoque
1655 4661 1894 4717 sciamus
1915 4679 2138 4720 necesse

553 4761 639 4809 est
670 4767 686 4805 :
719 4764 779 4807 ιιι
810 4752 893 4807 lex
923 4751 1172 4806 tnnbraru
1210 4754 1452 4807 continet
1482 4752 1793 4806 futurorum
1831 4755 2099 4809 bonorum
2120 4795 2136 4821 ,

555 4860 675 4912 qua
708 4843 1055 4901 declarantur
1096 4846 1164 4897 ab
1195 4858 1257 4898 ea
1301 4842 1417 4913 lege
1471 4858 1591 4911 qua:
1641 4844 1997 4899 annuntiatur
2053 4856 2141 4899 Se-

556 4937 794 4992 cundum
831 4937 1140 5002 veritatem,
1175 4935 1254 4990 sic
1274 4937 1438 4990 etiam
1470 4920 1845 5004 Evangelium,
1876 4938 2021 5007 quod
2056 4938 2140 4993 vel

558 5042 588 5080 a
647 5016 1061 5097 quibuscnnque
1114 5025 1430 5094 vulgaribus
1483 5023 1711 5097 intelligi
1765 5029 2136 5093 existimatur,

556 5118 803 5171 umbram
828 5121 982 5172 docet
1010 5119 1391 5190 mysteriorum
1416 5117 1641 5173 Christi.
1672 5118 1850 5187 Atque
1885 5118 2136 5186 equidem

557 5208 701 5275 quod
747 5206 985 5262 Joannes
1036 5210 1274 5279 appellat
1308 5204 1661 5276 Evangelium
1715 5210 2133 5279 sempiternum,

555 5296 698 5367 quod
731 5298 950 5368 proprie
974 5299 1078 5354 dici
1106 5312 1285 5370 posset
1307 5301 1613 5371 spirituale,
1637 5309 1826 5370 aperte
1851 5301 1987 5355 viris
2011 5316 2138 5355 cor-

557 5390 696 5474 datis
749 5399 805 5444 et
845 5390 1276 5461 intelligentibus
1310 5397 1379 5450 ob
1425 5396 1614 5450 oculos
1648 5393 1800 5458 ponit
1836 5376 2020 5448 omnia
2067 5394 2135 5449 de

624 5488 671 5520 "
705 5487 874 5544 lCor.
912 5505 968 5555 ιι,
1006 5488 1092 5542 Η.

630 5583 741 5654 (58)
772 5584 882 5637 Kal
923 5586 1034 5637 οὐκ
1070 5584 1147 5654 ἂν
1191 5582 1309 5636 ἀπὸ
1355 5585 1590 5639 σκοποῦ
1646 5584 1997 5654 χρησαίμην
2053 5583 2134 5648 τῷ

557 5653 982 5723 παραδείγματι
1021 5653 1129 5707 τοῦ
1173 5654 1357 5722 μικρὰ
1398 5656 1495 5707 καὶ
1540 5656 1630 5708 ὅτι
1688 5653 1928 5723 (ἔλθη...
1959 5654 2135 5706 Ὅταν

787 5722 977 5791 υἱούς,
1001 5734 1109 5780 etc.
1135 5723 1459 5795 Ha’coumia
1474 5725 1832 5795 desuntnpud
1859 5722 2134 5795 Httetium,

558 5791 651 5850 Sed
681 5797 1042 5850 restituuntur
1074 5810 1140 5846 ex
1186 5792 1469 5848 codicibus
1509 5793 1805 5848 Bodleiano
1835 5802 1889 5848 ct
1936 5791 2136 5847 Barbe—

560 5865 703 5931 riuo,
725 5867 777 5920 in
809 5865 1005 5935 quibus
1031 5863 1209 5919 adhuc
1241 5863 1429 5918 lacuna
1456 5864 1619 5919 inest.

2239 4657 2535 4729 λουμένων,
2585 4655 2730 4710 οὕτω
2778 4652 2874 4708 καὶ
2932 4653 3265 4723 Εὐαγγέλιον
3312 4652 3470 4705 σκιάν
3518 4652 3842 4726 μυστηρίων

2240 4747 2477 4819 Χριστοῦ
2510 4746 2752 4800 διδάσκει
2784 4744 2846 4796 τὸ
2898 4742 3253 4814 νομιζόμενον
3296 4739 3402 4793 ὑπὸ
3456 4739 3679 4792 πάντων
3731 4738 3842 4791 τῶν

2242 4840 2680 4912 ἐντυγχανόντων
2713 4829 2971 4890 νοεῖσθαι.
3005 4836 3071 4888 Ὃ
3094 4834 3149 4886 δέ
3175 4849 3340 4906 φησιν
3381 4830 3635 4901 Ἰωάννης
3660 4831 3843 4898 Εὐαγ-

2241 4931 2423 5003 γέλιον
2456 4926 2955 4994 αἰώνιον,οἱκείως
2985 4926 3052 4981 ἂν
3097 4925 3493 4997 λεχθησόμενον
3535 4941 3844 4994 πνευματι-

2241 5026 2356 5091 κὸν,
2382 5024 2569 5094 σαφῶς
2598 5022 2899 5094 παρίστησι
2928 5022 3041 5083 τοῖς
3070 5016 3252 5071 νοοῦσι
3283 5016 3352 5069 τά
3388 5015 3567 5069 πάντα
3603 5015 3844 5069 ἐνώπιον

2244 5117 2373 5187 περὶ
2405 5114 2569 5168 αὑτοῦ
2596 5112 2689 5166 τοῦ
2721 5110 2850 5164 Υίοῦ
2879 5110 2971 5163 τοῦ
3007 5108 3165 5173 Θεοῦ,
3202 5108 3297 5161 καὶ
3338 5106 3408 5160 τὰ
3448 5107 3845 5179 παριστάμενα

2248 5207 2519 5277 μυστήρια
2550 5204 2655 5257 ὑπὸ
2685 5203 2793 5255 τῶν
2826 5202 3000 5270 λόγων
3026 5198 3212 5263 αὑτοῦ,
3244 5197 3314 5251 τά
3337 5214 3397 5251 τε
3427 5198 3738 5269 πράγματα
3766 5192 3843 5250 ὧν

2244 5299 2547 5370 αἰνίγματα
2578 5294 2718 5368 ἦσαν
2755 5297 2808 5348 αἱ
2851 5292 3079 5365 πράξεις
3108 5288 3294 5345 αὑτοῦ.
3345 5289 3568 5354 Τούτοις
3600 5290 3658 5343 δὲ
3714 5291 3847 5344 ἀκό-

2242 5388 2430 5445 λουθόν
2451 5392 2598 5443 ἐστιν
2627 5386 3013 5457 ἐκλαμϐάνειν,
3057 5384 3140 5436 ὅτι
3178 5381 3238 5434 δν
3286 5380 3486 5450 τρόπον
3524 5382 3584 5433 ἐν
3614 5379 3846 5454 φανερῷ

2321 5579 2430 5652 (59)
2464 5579 2650 5652 Codex
2682 5575 3034 5652 Bodleianus,
3064 5572 3124 5652 τὸ
3153 5575 3211 5626 ὲν
3255 5571 3566 5652 προφήταις
3609 5573 3845 5652 καὶ-τοῦ

2242 5620 2718 5723 νόμδῦΙκάλυμμα.
2754 5647 2871 5723 illo}
2894 5661 2993 5723 pro
3021 5620 3239 5696 πάντων
3267 5620 3328 5695 si)
3354 5620 3509 5695 Θεῖον
3541 5620 3841 5719 Ῐυίςθειὰηιιι

2244 5716 2458 5775 videtur
2482 5716 2697 5780 πάντως
2728 5716 2789 5768 τὸ
2820 5716 2994 5767 Θεῖον.

2317 5790 2430 5858 (40)
2470 5791 2652 5856 Ὄρει.
2694 5787 2815 5840 llaec
2848 5800 2950 5841 vox
2981 5782 3290 5838 restituitur
3317 5800 3382 5837 ex
3411 5783 3603 5839 codice
3625 5784 3844 5840 Bai-be-

2245 5862 2386 5916 riuo.
