3856 6526
100 363 160 418 57
1174 373 1532 435 COMMENT.
1568 379 1637 436 IN
1667 380 1859 438 JOAN.
1899 379 2141 438 TOMUS
2175 380 2215 438 Ι.
3303 396 3374 453 38

107 481 359 546 Ἰουδαῖός
384 482 471 548 τίς
520 495 639 536 εστι
686 482 783 537 καὶ
818 485 1327 559 περιτετμημένος,
1370 490 1514 544 οὕτω
1560 492 1668 563 Χρι

1799 493 1914 563 ipso
1945 490 2083 548 Filio
2111 492 2226 561 Dei,
2260 500 2371 550 tum
2413 496 2671 563 mysteria
2702 500 2770 556 ab
2813 500 2984 571 ipsius
3027 508 3376 564 sermonibus

104 573 312 638 στιανδς
346 573 462 645 (41)
492 576 590 629 καὶ
626 575 930 647 βάπτισμα.
959 574 1172 643 Παῦλος
1209 580 1308 650 μὲν
1358 582 1454 635 καὶ
1487 583 1692 656 Πέτρος

103 663 157 714 ὲν
179 656 400 734 φανερῷ
427 664 696 735 πρότερον
733 664 888 731 ὄντες
914 667 962 719 οἱ
1008 668 1288 736 Ἰουδαῖοι,
1341 672 1437 725 καὶ
1472 690 1690 745 περιτε-

102 754 386 825 τμημένοι,
421 755 650 828 ὕστερον
679 759 776 811 καὶ
806 760 864 811 ὲν
893 758 971 829 τῷ
1006 760 1236 831 κρυπτῷ
1286 764 1515 817 τοιοῦτοι
1559 782 1693 835 τυγ-

104 848 277 917 χάνειν
302 846 415 901 ἀπὸ
458 848 637 918 Ἰησοῦ
662 849 938 920 εἰλήφασι,
964 850 1025 903 τὸ
1048 853 1104 904 ἐν
1133 854 1351 925 φανερῷ
1379 850 1521 910 εἶναι
1563 857 1693 910 Ἰου-

104 939 233 993 δαίοι
264 939 355 993 διὰ
394 940 497 1011 τὴν
553 941 665 995 τῶν
710 943 924 1002 πολλῶν
970 945 1242 1018 σωτηρίαν
1266 986 1280 1012 ,
1327 948 1447 1002 κατ’
1489 950 1691 1003 οἰκονο-

106 1032 227 1102 μίαν
254 1032 390 1102 (42),
423 1033 485 1085 οὐ
523 1032 686 1104 μόνον
712 1033 890 1103 λόγοις
935 1036 1322 1106 ὁμολογοῦντες
1347 1079 1362 1102 ,
1411 1040 1550 1095 ἀλλὰ
1595 1042 1691 1096 καὶ

105 1122 186 1175 διὰ
217 1121 324 1176 τῶν
368 1122 549 1195 ἔργων
577 1124 908 1191 δεικνύντες.
946 1128 1021 1181 Τὸ
1049 1129 1094 1181 δ’
1124 1130 1255 1182 αὐτὸ
1292 1131 1385 1184 καὶ
1425 1134 1555 1205 περὶ
1596 1132 1687 1187 τοῦ

105 1215 531 1287 Χριστιανισμοῦ
568 1218 747 1271 αὐτῶν
777 1218 1015 1274 λεκτέον.
1048 1222 1157 1275 Καὶ
1198 1223 1387 1296 ὥσπερ
1414 1226 1513 1280 οὐκ
1544 1226 1689 1281 ἔστιν

108 1306 377 1378 ὠφελῆσαι
440 1309 668 1362 δυνατὸν
723 1311 939 1366 Παῦλον
975 1316 1101 1378 τοὺς
1139 1316 1280 1371 κατὰ
1323 1319 1504 1392 σάρκα
1555 1324 1689 1376 Ἰου-

108 1398 299 1463 δαίους,
331 1401 427 1453 ἐὰν
455 1400 554 1472 μὴ,
589 1402 677 1456 ὅτε
705 1406 735 1457 ὁ
756 1404 914 1474 λόγος
948 1409 1113 1479 αίρεί,
1149 1414 1417 1487 περιτὲμῃ
1463 1414 1554 1468 τὸν
1596 1417 1688 1470 Τι-

113 1492 314 1562 μόθεον,
337 1495 435 1547 καὶ
463 1495 555 1547 ὅτε
589 1494 809 1566 εὔλογόν
846 1499 964 1552 ἐστι
995 1500 1296 1574 ξυράμενον
1322 1547 1335 1571 ,
1381 1507 1476 1560 καὶ
1521 1525 1689 1579 προσ-

110 1585 267 1654 φορὰν
325 1587 653 1656 ποιήσαντα,
708 1590 802 1641 καὶ
858 1591 1199 1657 ἁπαξαπλῶς
1253 1599 1367 1661 τοῖς
1414 1598 1687 1663 Ἰουδαίοις

119 1675 356 1728 ἸοΜον
402 1672 858 1748 γενόμενον,’ἴνα
906 1684 1032 1747 τοὺς
1079 1685 1365 1751 Ἰουδαίους
1409 1690 1682 1761 κερδήσῃ·

1795 583 2054 643 exhibita,
2094 592 2204 637 tmn
2237 599 2326 639 res
2353 600 2581 653 quarum
2606 588 2893 659 aenigmata
2926 592 3098 663 ipsius
3129 597 3375 653 actiones

1793 684 1971 727 erant.
2006 673 2099 729 llis
2128 689 2472 745 consequens
2494 685 2578 732 est
2615 693 2892 747 exponere
2915 692 2975 737 ut
3008 682 3061 737 in
3086 685 3374 741 manifesto

1790 762 2009 819 Judaeus
2059 766 2185 834 quis
2219 776 2324 834 est,
2360 776 2416 823 et
2468 768 2844 834 circumcisus.
2878 772 2957 827 sic
2996 774 3370 831 Christianum

1791 870 1916 911 esse
1945 866 1999 911 et
2023 857 2313 927 baptisma.
2343 858 2484 926 Quin
2517 861 2622 930 ιο
2651 862 2813 916 etiam
2838 861 3036 920 Paulus
3064 868 3284 936 quidem
3316 879 3375 923 et

1791 947 2005 1013 Petrus,
2030 952 2122 1019 qui
2161 950 2215 1004 in
2261 951 2558 1007 manifesto
2589 951 2759 1008 Judaei
2796 965 2955 1011 antea
2985 968 3143 1011 erant
3174 969 3227 1014 et
3258 960 3372 1014 cir—

1792 1039 2037 1101 cumcisi,
2074 1048 2257 1109 postea
2302 1050 2508 1096 tantum
2543 1043 2596 1098 in
2627 1044 2862 1110 occulto,
2909 1047 3045 1103 tales
3076 1057 3133 1102 ut
3168 1063 3372 1116 essent,

1790 1145 1819 1182 a
1850 1129 1977 1185 .Iesu
2011 1139 2359 1201 acceperunt,
2385 1147 2509 1186 cum
2541 1148 2646 1188 non
2675 1132 2779 1188 alia
2817 1135 2883 1190 de
2911 1151 3072 1191 causa
3109 1138 3268 1194 etiam
3308 1155 3370 1195 se

1792 1222 1845 1275 in
1879 1221 2165 1277 manifesto
2190 1222 2409 1279 Judacos
2453 1226 2758 1305 essefquam
2803 1238 3027 1297 propter
3071 1230 3366 1285 multorum

1790 1313 2017 1369 salutem
2043 1326 2094 1368 et
2124 1315 2420 1369 secundum
2452 1321 2837 1382 oeconomiam,
2877 1333 2982 1373 non
3017 1318 3189 1374 solum
3242 1334 3369 1374 ver-

1790 1405 1874 1459 bis
1921 1404 2247 1469 faterentur,
2288 1420 2477 1460 verum
2511 1408 2677 1461 etiam
2710 1405 2870 1464 factis
2903 1408 3264 1465 declararent.
3310 1411 3366 1466 Id

1788 1496 1932 1565 quod
1958 1496 2124 1550 etiam
2157 1498 2223 1549 de
2245 1510 2434 1552 eorum
2461 1496 2878 1554 Christianismo
2904 1502 3226 1556 censendum
3258 1513 3365 1560 esu

1787 1589 1855 1645 Et
1887 1587 2342 1657 quemadmodum
2373 1589 2575 1644 .lutlreis
2604 1593 2899 1646 secundum
2948 1607 3168 1647 carnem
3217 1594 3370 1661 adju-

1788 1689 1969 1734 ntento
1993 1695 2115 1734 esse
2142 1694 2244 1735 non
2278 1688 2453 1750 potest
2497 1679 2717 1746 Paulus,
2746 1681 2850 1737 nisi
2879 1684 3096 1752 quando
3128 1687 3367 1752 postulat

108 1766 264 1828 sine);
294 1767 387 1821 τὸν
419 1768 743 1839 ἐκκείμενον
767 1772 847 1834 είς
877 1772 1085 1828 πολλῶν
1123 1775 1393 1845 ὠφέλειαν
1428 1779 1528 1832 οὐκ
1571 1778 1671 1833 ἔστι

1792 1772 1951 1835 ratio,
1981 1771 2345 1826 circumcidat
2374 1770 2742 1838 Timotheum,
2779 1782 2835 1829 et
2873 1776 3089 1844 quando
3135 1791 3365 1831 consen-

109 1858 189 1912 διὰ
211 1858 298 1912 τοῦ
326 1861 385 1913 ὲν
409 1860 634 1932 Χριστῷ
664 1863 1090 1936 Χριστιανισμοῦ
1113 1844 1222 1938 (43)
1263 1870 1423 1940 μόνον
1459 1871 1671 1927 δυνατὸι

1791 1871 2008 1917 tancnm
2047 1872 2132 1916 est
2159 1863 2471 1928 tondeatur,
2505 1865 2831 1920 oblationem
2860 1865 3072 1932 offerat,
3108 1874 3185 1933 et,
3218 1879 3276 1922 ut
3312 1869 3365 1923 in

109 1952 221 2014 τοὺς
253 1954 726 2023 στοιχειουμένους
770 1958 828 2009 ἐν
874 1957 950 2029 τῷ
1005 1961 1224 2033 φανερῷ
1270 1965 1682 2037 Χριστιανισμῷ

109 2039 379 2109 βελτιῶσαι
400 2043 499 2095 καὶ
522 2047 858 2114 προαγαγεῖν
888 2044 980 2099 ἐπὶ
1014 2047 1082 2101 τὰ
1115 2049 1401 2120 κρείττονα
1424 2051 1519 2105 καὶ
1550 2053 1685 2106 ἀνω-

278 2135 482 2205 Διόπερ
496 2134 792 2204 ἀναγκαῖον
814 2139 1203 2209 πνευματικῶς
1226 2141 1323 2193 καὶ
1353 2144 1682 2212 σωματικῶς

107 2222 526 2293 Χριστιανίζειν,
576 2227 672 2281 καὶ
710 2228 843 2282 ὅπου
885 2229 983 2299 μὲν
1008 2229 1111 2302 χρὴ
1139 2230 1200 2284 τὸ
1232 2233 1543 2303 σωματικὸν
1576 2252 1679 2307 κη·-

109 2314 311 2385 ρὺσσειν
332 2316 689 2387 Εὑαγγέλιον,
725 2321 1003 2388 φάσκοντα
1055 2322 1219 2393 μηδὲν
1254 2318 1391 2377 εἶναι
1426 2325 1538 2397 (44)
1568 2330 1682 2391 τοῖς

108 2407 371 2479 σαρκίνοις
400 2410 436 2481 ἦ
482 2411 691 2481 Ἰησοῦν
714 2412 970 2484 Χριστὸν,
995 2413 1090 2467 καὶ
1113 2414 1301 2469 τοῦτον
1327 2417 1681 2491 ἐσταυρωμέ-

104 2516 202 2564 νον,
230 2501 391 2554 τοῦτο
425 2503 711 2575 ποιητέον
755 2505 895 2560 ἐπὰν
928 2506 985 2559 δὲ
1014 2505 1280 2577 εὐρεθῶσι
1313 2511 1684 2582 κατηρτισμέ-

106 2607 172 2643 νοι
196 2592 272 2663 τῷ
297 2595 577 2666 πνεύματι
605 2596 738 2669 (45),
772 2598 867 2652 καὶ
901 2600 1379 2672 καρποφοροῦντες
1421 2602 1479 2656 ἐν
1510 2602 1681 2674 αὐτῷ,

106 2684 319 2754 ἐρῶντες
343 2704 405 2739 τε
436 2686 540 2757 τῆς
565 2690 817 2760 οὐρανίου
857 2690 1049 2761 σοφίας
1070 2734 1087 2760 ,
1135 2693 1454 2763 μεταδοτέον
1494 2694 1680 2760 αὐτοῖς

104 2776 183 2829 τοῦ
200 2778 360 2847 λόγου
397 2782 790 2847 ἐπανελθόντος
811 2784 920 2838 ἀπὸ
939 2784 1033 2838 τοῦ
1071 2786 1453 2860 σεσαρκῶσθαι
1476 2827 1490 2853 ,
1535 2785 1621 2857 ἐφ’
1650 2784 1680 2839 δ

102 2861 161 2937 ἦν
181 2872 236 2923 ὲν
270 2872 416 2943 ἀρχῇ
454 2873 593 2945 πρὸς
623 2875 715 2928 τὸν
745 2875 899 2932 Θεὸν.

1787 1953 2098 2006 universum
2133 1952 2329 2018 dicam,
2377 1951 2580 2010 Iudaeis
2611 1952 2829 2011 .lttdzeus
2864 1955 3132 2012 efﬁciatur
3172 1968 3228 2012 ut
3260 1954 3363 2013 Ju-

1785 2044 1926 2098 daeos
1956 2043 2257 2100 lucrifaciat
2288 2063 2301 2099 :
2334 2045 2403 2099 ita
2429 2047 2540 2100 fieri
2572 2047 2758 2115 nequit
2780 2057 2837 2100 ut
2872 2047 2918 2101 is
2947 2049 3040 2119 qui
3073 2050 3363 2105 multorum

1785 2137 2000 2191 utilitati
2029 2137 2308 2209 expositus
2337 2147 2440 2205 est.
2468 2138 2665 2192 evehat
2691 2138 2757 2193 ad
2787 2141 3189 2209 praestantiora,
3227 2152 3280 2196 et
3309 2144 3365 2195 in

1783 2227 2035 2290 sublime,
2084 2227 2443 2297 melioresque
2489 2229 2674 2283 reddat
2723 2243 2821 2299 per
2846 2230 3249 2285 Christianismi
3308 2231 3362 2285 in

1785 2320 2000 2375 occulto
2033 2319 2351 2373 cxsistentis
2378 2319 2545 2390 legem
2584 2335 2677 2376 eos
2711 2320 2801 2390 qui
2845 2323 3170 2377 exteriorem
3204 2302 3385 2379 Chri:

1785 2412 2125 2466 stianistnum
2158 2420 2486 2481 sequuntur.
2522 2410 2672 2467 Hanc
2703 2413 2773 2467 ob
2812 2427 3061 2479 causam,
3093 2423 3205 2468 tum
3251 2416 3363 2487 spid

1787 2502 1919 2566 ritu,
1974 2513 2084 2557 tum
2113 2518 2342 2573 corpore
2370 2501 2664 2558 Christiani
2701 2515 2762 2560 ut
2788 2505 2960 2559 simus
2990 2520 3212 2562 necesse
3253 2516 3360 2572 εει,

1787 2603 1843 2650 et
1870 2595 2089 2664 quando
2117 2592 2399 2664 corporale
2439 2593 2796 2665 Evangelium
2820 2596 3218 2665 praedicandum
3251 2606 3357 2660 est,

1787 2685 2017 2740 dicendo
2056 2684 2366 2751 carnalibus
2397 2685 2531 2739 nihil
2562 2700 2656 2741 eos
2677 2688 2819 2743 seire
2854 2687 2956 2742 nisi
2986 2686 3172 2743 Jesum
3195 2688 3356 2744 Chri-

1784 2786 1952 2841 stum,
1985 2784 2039 2830 et
2063 2776 2207 2830 hunc
2238 2777 2579 2843 crucifixum,
2612 2779 2715 2834 hoc
2752 2779 3059 2834 faciendum
3084 2790 3189 2836 est.
3221 2780 3355 2835 Cum

1786 2881 1966 2926 autem
2004 2870 2206 2925 inventi
2236 2868 2439 2925 fuerint
2460 2871 2656 2926 elevati
2680 2871 2902 2942 spiritu,
2926 2881 2979 2927 et
3008 2873 3059 2926 in
3095 2875 3213 2942 ipso
3245 2872 3360 2927 frn-

107 2964 416 3031 ctiﬁcantes,
460 2977 819 3040 amantesque
846 2972 1124 3042 sapientiae
1167 2975 1428 3041 cmlestis,
1474 2974 1527 3029 bi
1573 2970 1865 3043 participes
1897 2965 2164 3023 eﬂiciendi
2206 2966 2504 3021 suntverbi
2543 2965 2624 3039 [et
2651 2965 2775 3022 Filii
2819 2963 2940 3039 Dei]
2966 2968 3197 3038 regressi
3238 2975 3361 3039 post

107 3057 526 3117 incarnationem
573 3065 640 3118 ad
683 3065 736 3120 id
772 3067 915 3137 quod
952 3078 1070 3125 erat
1109 3071 1163 3125 in
1205 3072 1472 3141 principio
1497 3071 1637 3142 apud
1663 3070 1854 3124 Deum.

164 3153 243 3208 ιο.
277 3153 467 3209 Ταῦτα
496 3155 554 3209 δὲ
575 3157 921 3224 ἐξετάζοντες
949 3161 1081 3232 περὶ
1118 3162 1215 3216 τοῦ
1244 3163 1577 3233 Εὑαγγελίου
1604 3166 1667 3218 οὐ

1843 3160 1930 3214 l0.
1964 3156 2234 3212 Caeterum
2283 3156 2400 3213 haec
2445 3155 2591 3211 haud
2638 3153 2844 3211 frustra
2881 3169 2982 3211 nos
3031 3155 3359 3214 disseruisse

104 3246 267 3317 μάτην
292 3247 577 3318 εἰρηκέναι
600 3249 902 3322 ἡγούμεθα,
934 3254 1099 3307 οἱονεὶ
1131 3255 1389 3325 αἰσθητὸν
1435 3255 1677 3325 Εὐαγγέ-

100 3333 202 3389 λιον
234 3336 428 3406 νοητοῦ
459 3339 559 3391 καὶ
597 3340 971 3410 πνευματικοῦ
1015 3345 1080 3414 τῇ
1115 3344 1331 3417 ἐπινοίᾳ
1369 3345 1674 3417 διακρίνον-

102 3442 181 3491 τες
201 3444 215 3457 ο
237 3427 334 3481 καὶ
363 3429 476 3500 γὰρ
506 3429 602 3483 νῦν
626 3430 911 3503 πρόκειται
943 3433 1006 3487 τὸ
1046 3435 1300 3508 αίσθητὸν
1346 3437 1675 3506 Εὑαγγέλιον

103 3517 414 3586 μεταλαϐεῖν
456 3521 535 3584 είς
560 3523 947 3592 πνευματικόν.
973 3524 1069 3589 Τίς
1102 3525 1211 3597 γάρ
1234 3528 1267 3598 ἡ
1307 3526 1550 3599 διήγησις
1579 3525 1674 3581 τοῦ

102 3610 346 3681 αἰσθητοῦ
394 3616 447 3666 εί
503 3613 583 3686 μὴ
635 3614 1103 3687 μεταλαμϐάνοιτο
1147 3619 1227 3682 είς
1274 3620 1672 3691 πνευματικόν;

103 3701 247 3755 Ἤτοι
270 3703 501 3775 οπμία
531 3706 566 3777 ἢ
594 3706 750 3780 ὀλίγη
780 3708 873 3762 καὶ
900 3709 1007 3764 τῶν
1036 3711 1309 3781 τυχόντων
1331 3712 1439 3769 ἀπὸ
1468 3713 1568 3785 τῆς
1587 3713 1675 3767 λέ-

101 3790 223 3858 ξεως
266 3797 468 3861 αὐτοὺς
513 3800 856 3855 πεπεικότων
896 3800 1194 3872 λαμϐάνειν
1231 3804 1301 3860 τὰ
1347 3803 1669 3877 δηλούμενα.

110 3885 258 3940 Ἀλλὰ
279 3889 389 3952 πᾶς
425 3888 580 3958 ἀγὼν
612 3892 744 3962 ἡμῖν
771 3893 1033 3964 ἐνέστηκε
1071 3895 1434 3967 πειρωμένοις
1480 3898 1561 3961 είς
1605 3897 1674 3951 τὰ

102 3976 225 4049 βάθη
248 3978 346 4033 τοῦ
369 3981 733 4050 εὐαγγελικοῦ
766 3982 859 4036 νοῦ
891 3984 1094 4054 φθάσαι
1124 3986 1220 4041 καὶ
1258 3987 1547 4060 ἐρευνῆσαι
1574 3988 1674 4058 τὴν

102 4071 152 4121 ὲν
171 4074 317 4145 αὐτῷ
340 4075 560 4147 γυμνὴν
599 4076 785 4131 τύπων
817 4078 1093 4151 ἀλήθειαν.
1139 4079 1258 4135 Τῶν
1289 4080 1354 4154 δὴ
1392 4079 1673 4150 εὐαγγελι-

100 4160 329 4232 ζομένων
366 4166 428 4219 ἐν
478 4165 703 4235 ἀγαθῶν
735 4168 1047 4241 ἀπαγγελίᾳ
1088 4170 1394 4242 νοουμένων
1421 4212 1436 4236 ,
1490 4171 1540 4223 οἱ
1573 4169 1671 4241 μὲν

100 4258 371 4311 ἀπόστολοι
400 4258 496 4312 τὸν
534 4260 744 4332 Ἰησοῦν
763 4261 1205 4332 εὐαγγελίζονται
1224 4279 1239 4295 ·
1271 4262 1518 4332 λέγονται
1554 4261 1673 4334 μέν·

97 4367 165 4404 τοι
193 4353 269 4417 ὼς
292 4352 506 4423 ἀγαθὸν
532 4354 627 4407 καὶ
648 4354 744 4426 τὴν
764 4355 1059 4410 ἀνάστασιν
1082 4354 1550 4427 εὐαγγελίζεσθαι,
1577 4356 1671 4408 καὶ

97 4445 246 4516 αὑτήν
279 4464 400 4510 πως
434 4443 607 4501 οὖσαν
646 4448 854 4519 Ἰησοῦν
891 4448 1000 4521 (46)
1023 4466 1037 4480 ·
1091 4450 1300 4521 Ἰησοῦς
1319 4450 1428 4520 γάρ
1466 4465 1630 4520 φησιν
1652 4464 1665 4478 ·

260 4538 382 4607 ειμι
409 4538 451 4607 ἠ
485 4534 857 4605 ἀνάστασις’
906 4540 1113 4612 Ἰησοῦς
1139 4539 1195 4593 δὲ
1236 4540 1305 4593 τὰ
1339 4542 1451 4602 τοῖς
1499 4537 1674 4605 ἁγίοις

98 4630 419 4700 ἀποκείμενα
446 4628 854 4698 εὐαγγελίζεται
878 4634 991 4695 τοῖς
1023 4634 1281 4702 πτωχοῖς,
1330 4629 1664 4703 παρακαλῶν

96 4722 275 4785 αὐτοὺς
308 4723 402 4775 ἐπὶ
432 4722 536 4786 τὰς
570 4722 718 4786 θείας
758 4722 1110 4794 ἐπαγγελίας.
1151 4725 1260 4777 Καὶ
1298 4721 1664 4794 μαρτυροῦσιν

97 4814 141 4863 si
166 4813 303 4868 θεῖαι
344 4815 567 4887 Γραφαὶ
602 4817 714 4879 τοῖς
757 4814 863 4869 ὑπὸ
892 4815 999 4869 τῶν
1035 4816 1345 4870 ἀποστόλων
1383 4813 1665 4883 εὐαγγελι-

96 4909 251 4973 ςζ-ιοῖς,
279 4909 379 4961 καὶ
429 4906 510 4978 τῷ
538 4908 645 4961 ὑπὸ
676 4907 771 4962 τοῦ
817 4909 1072 4980 Σωτῆρος
1112 4908 1271 4980 ἡμῶν
1316 4907 1461 4981 (47)’
1506 4909 1535 4961 ὁ
1565 4906 1665 4978 μὲν

149 5027 191 5060 δ’
210 5026 373 5083 Joau.
413 5043 493 5090 ιι,
518 5027 609 5081 ‘25.

151 5144 259 5214 (41)
284 5145 393 5214 Ἐν
406 5142 648 5211 φανερῷ
664 5139 938 5214 Ἰουδαῖός
951 5142 1044 5206 τίς
1057 5140 1188 5194 ἐστι
1206 5139 1305 5192 καὶ
1328 5149 1664 5214 περιτετμη-

92 5208 271 5289 μέῗοξ,
289 5208 452 5289 ρῦτὼ
466 5208 841 5289 Χριστιανζός.
855 5210 988 5289 llaec
1005 5213 1199 5289 desunt
1219 5208 1655 5289 apudHuetium,

94 5282 173 5336 sed
202 5279 575 5338 restituuntur
597 5298 627 5336 e
658 5283 815 5338 codd.
855 5280 1143 5335 Bodleiano
1169 5290 1222 5334 et
1253 5279 1571 5332 Barherino.

150 5353 256 5424 (42)
290 5353 435 5408 Κατ’
469 5353 841 5424 οἰκονομίαν.
891 5351 1184 5424 erraritts
1218 5347 1416 5424 vertit,
1441 5357 1655 5424 propter

94 5417 519 5491 ediﬁéalionem;
550 5417 764 5490 legebat
797 5423 914 5475 κατ’
943 5419 1275 5491 οἰκοδομίαν.
1314 5417 1420 5473 Sed
1454 5419 1506 5473 in
1542 5417 1652 5471 no—

94 5490 511 5570 stris_codici_bus
546 5491 744 5570 legitur
767 5490 1255 5570 ags’__oixovopiav.
1311 5557 1338 5570 α
1429 5556 1462 5570 Α
1566 5556 1577 5567 .

150 5564 256 5638 (45)
299 5562 414 5617 Τοῦ
453 5562 542 5638 ’ἐν
597 5556 831 5638 Χριστῷ
861 5556 1363 5638 ἕριστιὰνισμρῦ.
1424 5556 1655 5611 Omnino

110 5630 367 5708 mendum
383 5631 482 5685 τοῦ
509 5635 572 5708 ἐν
604 5630 1312 5708 κρυπτῷΧριστιανισμοῦ.
1488 5696 1502 5708 _
1580 5696 1614 5708 Δ.

152 5696 254 5773 ιιι)
288 5698 486 5756 Εἶναι.
518 5696 814 5757 Ferrarius
834 5696 1043 5771 legebat
1071 5696 1296 5755 εἰδέναι’
1338 5711 1455 5766 quae
1488 5696 1652 5753 lectio

108 5774 261 5827 mlier
286 5774 525 5828 videtur.
729 5777 735 5781 ’

1776 3252 2174 3316 existimamus,
2225 3248 2503 3320 Evangelii
2558 3262 2777 3303 sensum
2812 3256 3070 3303 accurate
3130 3248 3359 3304 investi-

1775 3353 1988 3414 gantes,
2021 3352 2078 3398 et
2108 3341 2459 3413 Evangelinm
2486 3338 2741 3396 sensibile
2777 3339 2847 3394 ab
2871 3339 3162 3410 Evangelia
3194 3342 3355 3397 intel-

1777 3434 2333 3505 ligibiliseparantes.
2372 3431 2588 3486 Etenim
2639 3445 2784 3485 nunc
2821 3431 2981 3486 nobis
3014 3432 3353 3501 prapositum

1775 3535 1860 3581 est
1895 3534 1955 3579 ut
1983 3523 2331 3594 Evangelium
2356 3521 2615 3577 sensibile
2644 3532 3082 3578 transmutemus
3105 3523 3157 3577 in
3192 3525 3358 3579 intel-

1774 3616 1978 3687 ligibile
2024 3625 2081 3670 et
2127 3613 2445 3684 spirituale;
2500 3613 2701 3683 alioqui
2753 3629 2872 3684 qua:
2920 3615 3195 3669 enarratio
3247 3616 3356 3671 erit

1786 3705 2067 3779 Evangelii
2094 3704 2393 3775 sensibilis,
2425 3704 2530 3759 nisi
2562 3704 3012 3766 accommodetur
3040 3706 3109 3760 ad
3155 3706 3354 3761 intelli-

1773 3799 1941 3872 gihile
1969 3806 2024 3854 et
2074 3796 2395 3869 spirituale?
2424 3793 2569 3850 nulla
2603 3808 2739 3851 sane
2774 3794 2857 3849 vel
2897 3794 3094 3865 exigua
3115 3834 3130 3859 ,
3179 3809 3353 3864 eaque

1784 3889 2090 3960 vulgarium
2141 3888 2234 3957 qui
2270 3902 2339 3943 ex
2364 3886 2546 3942 verbis
2588 3887 2721 3957 ipsis
2747 3887 2853 3941 vim
2891 3902 3078 3942 eorum
3108 3903 3228 3958 qum
3256 3889 3351 3944 de-
3452 3960 3469 3967 -

1775 3979 2054 4037 clarantur
2106 3977 2389 4048 percipere
2435 3975 2536 4030 sibi
2588 3976 2938 4046 persuadent.
2988 3975 3184 4030 Verum
3234 3985 3345 4033 tota

1771 4072 2048 4131 contentio
2077 4078 2262 4126 ndBtra
2292 4083 2359 4124 eo
2391 4067 2546 4123 nobis
2574 4067 2854 4138 dirigenda
2897 4077 2999 4135 est,
3041 4078 3100 4123 ut
3142 4070 3348 4140 pertin-

1771 4179 1901 4237 gere
1958 4176 2221 4219 conemur
2273 4159 2698 4231 profunditatem
2755 4174 2952 4215 sensus
3006 4160 3344 4230 evangelici,

1772 4254 2083 4311 accuratius
2113 4251 2432 4321 indagantes
2468 4250 2749 4306 veritatem
2780 4251 2832 4306 in
2871 4251 2988 4322 ipso
3030 4251 3216 4322 llgnris
3246 4269 3346 4305 nn-

1771 4348 1916 4403 dam.
1960 4347 2137 4414 Atque
2164 4343 2414 4414 equidem
2454 4342 2502 4396 si
2545 4343 2960 4399 considerentur
3001 4358 3063 4398 ea
3093 4358 3215 4413 quae
3243 4359 3347 4397 an-

1768 4440 2090 4495 nuntiantur
2120 4437 2172 4490 in
2202 4434 2468 4490 bonorum
2498 4435 2859 4505 promissiOne
2892 4451 2906 4488 :
2941 4435 3169 4506 apostoli
3219 4436 3344 4505 qui-

1707 4519 1747 4573 Ῑ)
1774 4535 1896 4588 dem
1936 4529 2120 4584 Jesum
2148 4527 2480 4597 praedicant;
2518 4527 2775 4582 dicuntur
2807 4528 3059 4597 quidem,
3105 4541 3204 4582 ceu
3240 4529 3341 4581 ho-

1771 4641 1924 4687 ntnn,
1954 4618 2410 4683 resurrectionem
2461 4617 2624 4672 etiam
2676 4618 3036 4678 annnntiare.
3068 4633 3190 4687 qua:
3226 4618 3339 4685 ipsa

1771 4715 1951 4783 aliquo
1997 4709 2156 4765 modo
2187 4718 2271 4764 est
2311 4705 2491 4770 Iesus,
2525 4705 2739 4761 dicente
2778 4704 2904 4761 Jesu
2938 4704 2984 4737 “
3016 4722 3030 4758 :
3072 4704 3182 4774 Ego
3224 4719 3339 4757 sum

1772 4802 2107 4859 resurrectio.
2151 4797 2312 4855 Jesus
2362 4810 2499 4851 vero
2523 4810 2643 4866 quae
2675 4796 2882 4852 sanctis
2929 4796 3163 4865 reposita
3214 4804 3343 4847 sunt

1772 4890 2473 4968 evangelizatpauperibus,
2497 4890 2789 4948 cobortans
2807 4903 2900 4946 eos
2920 4886 2985 4942 ad
3008 4883 3185 4941 divina
3208 4898 3335 4955 pro-

1842 5130 1954 5204 (45)
2016 5126 2485 5204 Κατηρῖςισμένρι
2546 5121 2625 5204 τῷ
2677 5119 2988 5187 πνεύματι.
3047 5115 3335 5171 Ferrarius

1767 5195 2358 5283 ιθεὲιιίὲιὲαῖηριιέγοὶν
2387 5195 2714 5283 ,δίεπε-μ--
2752 5259 2987 5283 ηψπ--
3054 5255 3110 5283 οε

1838 5255 1950 5344 με)
1988 5269 2099 5344 Καὶ
2129 5255 2476 5344 δὲτινέτως
2515 5255 3338 5344 οὖσαν..’1ησρῦτῖέβίὲε,ῐεεεὲ9

1765 5326 1944 5397 habet,
1959 5342 2132 5395 codex
2160 5326 2501 5401 Bod'leianu's,
2532 5347 2631 5387 nee
2680 5326 2843 5385 aliter
2879 5330 3100 5401 legisse
3120 5326 3337 5401 videtur

1763 5393 2231 5466 adfirmant;
2257 5408 2313 5462 in
2358 5393 2507 5461 textu
2533 5401 2712 5457 lluetii
2743 5393 2966 5471 legitur:
3021 5395 3113 5449 καὶ
3162 5393 3336 5463 αὑτήν

1762 5476 2315 5552 πωςοῦνἸησοῦν..
2433 5542 2533 5552 __
2627 5541 2654 5552 η
2808 5541 2821 5552 υ
2888 5538 2912 5548 _
3029 5535 3082 5552 Ν

1835 5533 2184 5633 (ἰηπαιὶῷ
2204 5545 2323 5603 ὑπὸ
2355 5542 2463 5598 τοῦ
2487 5538 2981 5633 aegrisaegris):
3017 5533 3340 5633 Lstingae}

1762 5604 1943 5679 codex,
1975 5604 2301 5676 Eotllei'antts
2326 5655 2341 5680 ,
2374 5629 2495 5685 nee
2547 5604 2721 5685 alites
2739 5604 2967 5685 legebat
3017 5604 3297 5685 Ferrarius

1764 5644 1933 5679 COUBX
1978 5644 2301 5676 DUlllClalllla
2326 5655 2341 5680 ,
2396 5644 2495 5668 Ilcu
2547 5644 2694 5667 illuc:
2757 5644 2967 5677 ιυευνιιι
3018 5644 3037 5661 ι
3060 5644 3200 5685 vi..."
3219 5644 3297 5656 ...υ

1764 5702 2134 5747 verumtamen
2168 5690 2218 5741 iu
2247 5684 2409 5764 codd:
2435 5685 2598 5764 llfgio
2616 5694 2670 5738 et
2689 5680 2989 5735 Bnrhcrino
3018 5676 3211 5747 legitur
3238 5644 3338 5728 καί

1762 5762 1821 5817 τὸ
1851 5763 1954 5817 ὑπὸ
1979 5761 2071 5815 τοῦ
2108 5758 2356 5825 Σωτῆρος
2386 5757 2565 5823 ἡμῶν.
2594 5760 2597 5761 ⁷
