3856 6526
465 381 534 452 59'
1422 358 1425 361 ’
1929 385 2060 443 cun

2163 382 2253 440 us
3682 394 3740 449 to
3838 374 3839 441 ἐ

468 513 654 566 missa.
686 510 895 579 Quibus
928 512 1028 582 ιι
1065 523 1197 566 sane
1220 507 1382 564 bonis
1404 506 1941 576 annuntiationibus,
1968 509 2050 563 vel

2163 505 2319 563 Δαυῒδ
2357 506 2486 578 περὶ
2516 506 2625 561 τῶν
2653 504 2969 564 ἀποστόλων
2991 546 3007 572 ,
3044 505 3185 578 τάχα
3228 499 3286 559 δὲ
3332 505 3429 561 καὶ
3462 504 3739 575 εὐαγγελι-

468 604 865 676 apostolorum.
898 604 981 659 vel
1024 602 1336 658 Servatoris
1385 600 1557 656 nostri
1605 600 1805 655 divinae
1835 616 2052 671 quoque

468 705 804 752 attestantur
846 697 1143 766 Scriptura:
1174 712 1188 748 :
1222 694 1391 749 David
1447 693 1593 749 enim
1641 694 1709 748 de
1748 694 2049 763 apostolis,

469 785 721 841 fortassis
744 791 905 841 etiam
936 787 1001 840 de
1026 785 1381 855 evangelistis
1414 785 1488 839 ait
1518 786 1565 817 "
1599 801 1613 839 :
1659 785 1917 839 Dominus
1952 787 2054 839 da-

466 876 538 928 bit
573 877 783 929 verbum
829 877 1313 945 euangelizantibus
1344 876 1543 929 virtute
1580 874 1752 929 multa
1783 894 1801 931 :
1834 891 1927 929 rex
1954 875 2055 929 eir-

405 966 423 980 ‘
468 973 638 1019 tutum
671 968 890 1033 dilecti;
920 966 1083 1020 simul
1117 968 1283 1021 etiam
1319 967 1525 1021 docens
1571 981 1675 1019 non
1709 965 2057 1043 compositio-

466 1069 591 1111 nem
629 1057 948 1121 verborum,
978 1071 1083 1109 non
1108 1055 1468 1125 prolationem
1497 1068 1713 1115 vocum,
1739 1067 1843 1105 non
1870 1051 2054 1106 elabo-

470 1155 648 1200 ratam
678 1147 949 1200 orationis
998 1145 1463 1210 pulchritudinem
1498 1145 1565 1197 ad
1618 1143 2051 1213 persuadendum

468 1239 794 1302 conducere,
812 1238 906 1292 sed
923 1238 1141 1292 virtutis
1161 1238 1357 1291 divina:
1375 1235 1885 1306 suppeditationem.
1909 1234 2026 1301 Qua

469 1347 528 1385 re
553 1330 752 1384 Paulus
775 1332 938 1385 etiam
970 1330 1167 1384 alicubi
1198 1330 1243 1361 ⁸¹
1268 1329 1348 1385 sic
1375 1328 1554 1398 inquit
1580 1345 1595 1382 :
1626 1326 1748 1381 Non
1771 1343 2052 1397 agnoscam

466 1438 760 1476 sermonem
791 1423 1012 1477 istorum
1035 1424 1123 1493 qui
1150 1433 1271 1476 sunt
1300 1422 1498 1491 inﬂati,
1527 1422 1616 1475 sed
1645 1422 1914 1475 virtutem.
1945 1418 2057 1473 Nec

467 1516 605 1568 enim
644 1524 720 1568 est
766 1515 821 1568 in
858 1531 1094 1568 sermone
1120 1531 1336 1583 regnum
1384 1514 1499 1574 Dei.
1540 1514 1631 1566 sed
1663 1514 1717 1566 in
1744 1513 1955 1566 virtute.
1993 1513 2059 1567 Et

469 1606 605 1659 alias
625 1607 671 1638 ⁸³
715 1624 728 1656 :
764 1604 949 1659 Sermo
984 1623 1129 1659 mens
1160 1617 1204 1658 et
1231 1605 1546 1675 prwdicatio
1576 1621 1690 1658 mea
1723 1622 1826 1658 non
1856 1607 1908 1657 in
1934 1621 2056 1673 per-

470 1696 818 1749 suasibilibus
865 1696 1140 1763 sapientia:
1186 1697 1377 1761 verbis,
1406 1696 1497 1750 sed
1532 1697 1586 1748 in
1611 1695 2058 1749 demonstraioue

465 1787 688 1854 Spiritus
708 1795 757 1838 et
786 1788 1017 1839 virtutis.
1046 1784 1180 1840 Huic
1206 1787 1393 1841 virtuti
1427 1796 1757 1841 attestantcs
1788 1786 1974 1869 Simon
2001 1796 2056 1842 et

2156 598 2297 652 στῶν
2321 596 2497 666 λέγων
2516 615 2530 627 ·
2564 602 2781 667 Κύριος
2814 597 2995 652 δώσει
3017 597 3187 667 ῥῆμα
3219 596 3346 664 τοῖς
3378 596 3733 667 εὐαγγελιζο-

2148 686 2356 756 μένοις
2374 685 2623 756 δυνάμει
2652 685 2856 757 πολλῇ
2871 704 2884 717 ·
2916 690 2949 741 ό
2968 686 3271 754 βασιλεὺς
3291 686 3412 740 τῶν
3433 685 3735 757 δυνάμεων

2154 777 2261 831 τοῦ
2283 778 2624 847 ἀγαπητοῦ·
2653 778 2769 850 ἅμα
2792 780 2887 834 καὶ
2925 779 3225 843 διδάσκων,
3267 780 3351 833 ὅτι
3398 777 3461 832 οὐ
3500 777 3737 841 σύνθεσις

2154 865 2338 935 λόγου,
2366 869 2462 922 καὶ
2494 869 2745 941 προφορὰ
2765 869 2979 939 φωνῶν,
3006 871 3101 926 καὶ
3123 869 3409 943 ἠσκημένη
3440 870 3739 935 καλλιλεξία

2156 960 2309 1015 ἀνύει
2340 960 2479 1033 πρὸς
2515 961 2578 1014 τὸ
2608 960 2841 1026 πείθειν,
2870 961 3007 1016 ἀλλὰ
3040 960 3326 1035 δυνάμεως
3366 962 3517 1028 θείας
3564 965 3740 1035 ἐπιχο-

2158 1054 2345 1126 ρηγία.
2390 1055 2592 1127 Διόπερ
2631 1055 2727 1109 καὶ
2752 1056 2781 1108 6
2813 1055 3028 1121 Παῦλός
3056 1074 3160 1110 που
3204 1056 3378 1127 φησί’
3428 1055 3740 1126 Γνώσομιιι

2154 1146 2229 1198 οὐ
2261 1144 2369 1199 τὸν
2396 1145 2583 1215 λόγον
2604 1144 2711 1199 τὸν
2732 1144 3215 1215 πεφυσιωμένον,
3247 1146 3408 1200 ἀλλὰ
3431 1146 3548 1215 τὴν
3569 1146 3741 1203 δύνα-

2156 1231 2290 1304 μιν*
2318 1240 2391 1291 οὐ
2432 1239 2545 1308 γὰρ
2587 1237 2659 1291 ἐν
2702 1239 2864 1307 λόγῳ
2888 1238 2927 1306 ἡ
2954 1238 3247 1303 βασιλεία
3270 1239 3379 1293 τοῦ
3405 1239 3579 1299 Θεοῦ,
3608 1240 3740 1294 ἀλλ’

2155 1328 2227 1382 ἐν
2250 1328 2501 1399 δυνάμει
2524 1346 2537 1360 σ
2566 1328 2661 1381 καὶ
2688 1330 2746 1381 ὲν
2772 1327 2953 1392 ἄλλοις
2973 1346 2987 1359 ·
3019 1329 3128 1383 Καὶ
3164 1332 3197 1383 ὀ
3234 1331 3420 1401 λόγος
3458 1346 3610 1399 μου,
3649 1327 3742 1382 καί

2158 1419 2227 1474 τὸ
2258 1420 2535 1492 κήρυγμά
2552 1438 2673 1491 μου
2718 1423 2829 1475 οὐκ
2870 1420 2948 1474 ἓν
2995 1420 3219 1488 πειθοῖς
3254 1423 3477 1491 σοφίας
3518 1422 3740 1493 λόγοις,

2158 1512 2297 1567 ἀλλ’
2312 1513 2381 1566 ἐν
2400 1513 2704 1578 ἀποδείξει
2722 1514 3063 1583 πνεύματος
3089 1514 3185 1567 καὶ
3208 1498 3532 1584 δυνάμεως.
3561 1514 3743 1587 Ταύτῃ

2157 1608 2224 1676 τῇ
2252 1605 2478 1677 δυνάμει
2531 1605 2936 1677 μαρτυροῦντες
2980 1606 3009 1658 6
3056 1606 3242 1677 Σίμων
3291 1606 3388 1659 καὶ
3423 1608 3451 1659 ό
3488 1606 3744 1670 Κλεόπας

2162 1697 2358 1766 φασίνο
2391 1699 2540 1767 Οὐχὶ
2574 1701 2612 1767 ἡ
2656 1698 2871 1765 καρδία
2917 1696 3088 1769 ἡμῶν
3113 1697 3399 1769 καιομένη
3435 1694 3516 1769 ἦν
3561 1698 3634 1752 ἐν
3674 1696 3744 1770 τῇ

2170 1790 2457 1863 ὀδῷμθ),
2499 1792 2580 1858 ὡς
2621 1791 2923 1862 διήνοιγεν
2965 1791 3110 1861 ἡμῖν
3138 1792 3246 1858 τὰς
3276 1791 3556 1862 Γραφάς;
3599 1795 3663 1846 Οἱ
3694 1791 3748 1845 δὲ

469 1880 700 1950 Cleopas
727 1884 915 1937 dicunt
947 1884 1036 1935 3':
1076 1882 1264 1938 Nonne
1308 1901 1401 1938 cor
1438 1894 1678 1939 nostrum
1725 1886 1915 1940 ardens
1943 1896 2056 1940 erat

2163 1862 2468 1947 ἀπόστολοι,
2500 1885 2622 1936 ἐπεὶ
2642 1883 2737 1937 καὶ
2772 1883 3007 1954 ποσότης
3041 1883 3159 1936 ἐστὶ
3186 1882 3468 1954 δυνάμεως
3491 1884 3748 1955 ἐπιχορη-

466 1974 525 2028 in
556 1978 659 2039 via,
688 1991 808 2029 cum
838 1976 1102 2030 reserabat
1131 1978 1280 2030 nobis
1315 1974 1665 2045 Scripturas?
1699 1976 1898 2033 Verum
1927 1994 2059 2048 apo-

472 2066 620 2131 stoli,
663 2068 790 2138 quia
850 2069 1127 2137 quantitas
1174 2069 1397 2123 virtutis
1427 2084 1455 2121 a
1491 2068 1599 2124 Deo
1630 2070 2057 2139 prmdicantibus

468 2161 834 2230 suppeditata:
862 2171 947 2215 est
977 2169 1272 2231 prmstans,
1328 2161 1553 2216 multam
1596 2161 1841 2216 habuere
1884 2163 2056 2216 virtu-

474 2260 583 2305 tem
605 2250 762 2318 juxta
787 2252 916 2307 illud
951 2253 1094 2323 quod
1126 2256 1268 2323 apud
1306 2255 1566 2308 Davidem
1598 2254 1803 2309 dicitur
1830 2254 1880 2285 “
1910 2273 1924 2309 :
1955 2254 2062 2309 Do-

474 2346 647 2397 minus
690 2344 836 2398 dabit
870 2347 1083 2399 verbum
1114 2346 1601 2417 euangelizantibus
1642 2349 1841 2403 uirtute
1866 2349 2055 2405 multa.

472 2434 644 2489 Porro
677 2431 867 2497 Isaias,
914 2452 1037 2490 cum
1088 2437 1366 2493 diceret“
1404 2455 1419 2493 :
1460 2440 1632 2505 Quam
1683 2440 1892 2509 pulchri
1938 2452 2060 2496 sunt

471 2529 627 2594 pedes
658 2527 1134 2597 evangelizantium
1178 2531 1335 2597 bona,
1372 2532 1814 2601 praedicationem
1853 2532 2059 2588 intelli-

472 2632 607 2688 gens
637 2621 1004 2689 apostolorum
1036 2630 1342 2689 maturam,
1362 2625 1489 2679 etin
1515 2632 1753 2696 tempore
1774 2629 1936 2692 atque
1966 2640 2062 2694 op-

471 2723 706 2782 portune
734 2713 954 2780 factam,
995 2716 1122 2769 dum
1156 2717 1207 2770 in
1233 2732 1299 2771 eo
1336 2718 1441 2771 iter
1467 2716 1673 2771 faciunt
1698 2719 1787 2787 qui
1822 2717 2057 2772 dixit":

471 2799 589 2873 Ego
637 2823 751 2860 sum
799 2808 904 2871 via,
956 2808 1141 2864 laudat
1195 2811 1361 2879 pedes
1422 2812 1734 2867 incedentes
1784 2829 1880 2882 per
1916 2811 2060 2865 viam

470 2897 676 2954 Christi
705 2899 854 2968 Jesu,
883 2903 1361 2974 iugredientesque
1386 2922 1484 2975 per
1512 2907 1711 2959 ostium
1750 2909 1815 2958 ad
1863 2906 2056 2960 Deum.

474 2989 665 3061 Itaque
702 2995 842 3049 bona
878 2996 1261 3064 evangelizant
1305 2997 1407 3063 illi,
1454 3013 1690 3067 quorum
1736 3002 1899 3069 pedes
1938 3006 2065 3053 sunt

474 3084 684 3154 pulchri
713 3085 876 3156 [bona
930 3089 1204 3161 inquam],
1236 3089 1446 3143 scilicet
1469 3087 1678 3143 Jesum.

2157 1975 2431 2047 γουμένης
2450 1975 2555 2029 ὐπὸ
2593 1975 2730 2029 Θεοῦ
2760 1974 3096 2046 διαφέρουσα
3125 1978 3238 2039 τοῖς
3277 1975 3525 2044 λέγουσιν
3547 2017 3564 2042 ,
3607 1972 3749 2046 εἶχον

2160 2067 2301 2120 κο.τᾶ
2328 2067 2388 2120 τὸ
2440 2067 2591 2140 παρὰ.
2630 2066 2709 2137 τῷ
2746 2065 2909 2120 Δαυῒδ
2939 2065 3263 2135 λεγόμενον·
3312 2066 3524 2134 Κύριος
3569 2064 3750 2118 δώσει

2152 2159 2321 2231 ῥῆμα
2342 2160 2467 2226 τοῖς
2494 2157 3041 2231 εὐαγγελιζομένοις
3067 2156 3315 2227 δυνάμει
3336 2156 3541 2226 πολλιῖ
3561 2196 3577 2219 ,
3628 2154 3754 2210 πολ-

2158 2247 2255 2321 λὴν
2321 2245 2567 2320 δύναμιν.
2634 2251 2875 2313 Ἡσαΐας
2917 2249 2975 2302 δὲ
3007 2248 3259 2318 φάσκωνο
3321 2249 3415 2315 Ὡς
3451 2247 3655 2317 ὡραῖοι
3702 2249 3757 2302 οἱ

2160 2343 2343 2409 πόδες
2365 2342 2482 2396 τῶν
2495 2340 3036 2413 εὐαγγελιζομένων
3071 2341 3281 2410 ἀγαθὰ,
3322 2341 3383 2394 τὸ
3416 2341 3621 2413 ὡραῖον
3664 2339 3755 2393 καὶ

2161 2434 2219 2487 ὲν
2261 2430 2438 2504 καιρῷ
2483 2433 2767 2503 γινόμενον
2816 2431 2924 2485 τῶν
2966 2431 3281 2485 ἀποστόλων
3326 2430 3623 2485 ὁδευόντων
3665 2429 3755 2483 τὸν

2161 2526 2415 2578 εἰπόντα·
2463 2522 2605 2594 Ἐγώ
2636 2526 2753 2592 εἰμι
2776 2524 2814 2592 ἠ
2852 2523 3012 2590 ὁδὸς,
3047 2524 3312 2595 κήρυγμα
3345 2524 3565 2593 νοήσας,
3596 2524 3758 2576 ἐπαι-

2162 2620 2244 2671 νεῖ
2270 2617 2439 2680 πόδας
2460 2617 2587 2681 τούς
2617 2615 2708 2670 διὰ
2725 2617 2825 2689 τῆς
2868 2616 3069 2688 νοητῆς
3118 2615 3240 2670 ὁδοῦ
3285 2614 3518 2688 Χριστοῦ
3577 2614 3758 2686 Ἰησοῦ

2165 2709 2498 2781 βαδίζοντας,
2530 2708 2620 2762 διά
2642 2726 2700 2761 τε
2722 2709 2823 2779 τῆς
2841 2707 3010 2782 θύρας
3027 2709 3295 2772 εἰσιόντας
3328 2708 3463 2780 πρὸς
3488 2706 3583 2760 τὸν
3599 2706 3755 2761 θεόν’

2162 2802 2344 2872 ἀγαθὰ
2364 2802 2421 2856 δὲ
2454 2801 2900 2872 εὐαγγελίζονται
2923 2798 3070 2855 οῦτοι
3098 2795 3172 2857 ὧν
3194 2800 3384 2874 ὼραῖοί
3413 2802 3551 2854 εἰσιν
3580 2802 3631 2854 οἱ
3661 2800 3762 2856 πύ-

2160 2894 2273 2960 δες,
2316 2894 2409 2948 τὸν
2460 2893 2688 2966 Ἰησοῦν.

546 3198 637 3252 11.
658 3196 770 3254 Νεε
792 3200 1021 3254 miretur
1047 3202 1317 3272 quispiam
1345 3200 1390 3255 si
1418 3202 1639 3255 nomine
1671 3203 1935 3257 bonorum
1962 3218 2060 3257 nn-

2241 3192 2326 3246 11.
2363 3192 2472 3246 Καὶ
2495 3191 2568 3263 μὴ
2590 3189 2845 3263 θαυμάσῃ
2872 3208 2957 3254 τις
2981 3190 3028 3243 εί
3055 3190 3401 3262 πληθυντικῷ
3430 3189 3662 3261 ὀνόματι
3688 3189 3768 3259 τῷ

476 3307 628 3348 mero
658 3293 1020 3347 multitudinis
1041 3294 1396 3363 exposuimus
1429 3295 1743 3348 annuutiari
1775 3294 1964 3349 Jcsum
1996 3299 2064 3351 ab

475 3386 980 3455 evangelizantibus
1027 3403 1042 3440 :
1089 3389 1353 3458 expositis
1408 3387 1555 3441 enim
1620 3388 1779 3440 rebus
1836 3388 2060 3445 nomina

480 3477 826 3543 habentibus,
860 3479 1059 3549 quibus
1082 3479 1177 3534 Dei
1219 3479 1391 3534 Filius
1422 3490 1791 3549 nuncupatur,
1821 3481 2057 3535 sciemus

478 3569 749 3638 quomodo
786 3569 951 3623 multa
981 3571 1121 3624 bona
1158 3570 1229 3625 sit
1255 3569 1437 3635 Jesus,
1472 3586 1633 3640 quem
1662 3572 2000 3626 annuntiant
2026 3572 2062 3626 ii

479 3676 709 3729 quorum
747 3662 978 3727 speciosi
1006 3673 1135 3715 sunt
1168 3663 1355 3733 pedes.
1377 3664 1495 3718 Vita
1535 3665 1734 3719 bonum
1759 3674 1844 3720 est
1874 3679 2062 3729 unum,

476 3763 528 3808 at
554 3752 713 3810 Jesus
736 3764 820 3809 est
852 3755 986 3809 vita.
1009 3755 1216 3810 Bonum
1245 3737 1595 3812 alterumdux
1623 3766 1707 3812 cst
1745 3757 1952 3824 mundi,
1973 3757 2062 3810 lux

483 3861 632 3911 vera,
662 3847 753 3901 lux
784 3849 1083 3902 hominum.
1112 3850 1183 3900 At
1223 3849 1336 3903 lucc
1363 3849 1546 3903 omnia
1574 3850 1781 3902 dicitur
1824 3865 1946 3904 esse
1975 3847 2067 3902 Fi-

487 3939 597 3993 lius
635 3938 752 3994 Dei.
783 3940 864 3993 Ad
902 3940 1038 4005 lucc,
1068 3950 1430 4012 prmterquam
1456 3942 1598 4011 quod
1628 3944 1805 3997 vitaet
1839 3943 1929 3996 lux
1957 3951 2062 4008 est,

482 4030 629 4084 aliud
666 4033 832 4085 etiam
862 4042 947 4086 est
987 4032 1188 4086 bonum
1216 4073 1231 4097 ,
1272 4034 1424 4103 juxta
1466 4034 1935 4089 considerationes
1970 4051 2069 4090 no-

479 4132 649 4185 stras,
673 4122 878 4176 veritas
902 4123 1132 4179 scilicet.
1159 4122 1370 4179 Rursus
1388 4124 1641 4179 estaliud
1676 4127 1900 4187 bonum.
1922 4126 2066 4196 quod

480 4222 568 4266 est
608 4222 864 4280 quartum
893 4215 1121 4280 bonum,
1152 4230 1347 4284 nempe
1376 4216 1483 4281 via,
1518 4230 1639 4285 qum
1663 4216 1728 4270 ad
1761 4218 1875 4271 ltzcc
1924 4217 2063 4272 bona

485 4321 584 4360 nos
606 4306 895 4360 conducat.
932 4307 1056 4361 llzec
1085 4320 1266 4362 autem
1302 4310 1486 4363 omnia
1536 4308 1801 4362 Servatur
1828 4310 2065 4377 seipsqu

481 4413 606 4454 esse
636 4400 814 4466 docet,
847 4401 1034 4454 dicens
1054 4402 1099 4434 ⁸⁷
1132 4419 1145 4455 :
1179 4400 1291 4470 Ego
1327 4418 1444 4454 sum
1470 4402 1577 4467 via,
1608 4403 1804 4455 veritas
1861 4411 1908 4454 et
1934 4405 2062 4460 vita.

2165 3288 2274 3342 τῶν
2306 3286 2524 3357 ἀγαθῶν
2541 3285 2630 3339 τὸν
2663 3285 2870 3357 Ἰησοῦν
2892 3285 3257 3357 ὲξειλήςραμεν
3280 3283 3763 3353 εὐαγγελίζεσθαι·

2167 3378 2489 3440 ὲκλαόόντες
2527 3376 2636 3449 γὰρ
2679 3376 2751 3429 τὰ
2784 3378 3087 3449 πράγματα
3134 3376 3256 3430 καθ’
3288 3369 3363 3430 ὧν
3402 3375 3469 3429 τὰ
3512 3376 3771 3445 ὀνόματα

2167 3474 2341 3543 κεῖται
2366 3469 2402 3525 ἃ
2428 3472 2456 3523 6
2476 3470 2602 3533 Υἱὸς
2633 3468 2725 3522 τοῦ
2757 3468 2892 3523 Θεοῦ
2919 3468 3264 3540 ὀνομάζεται,
3294 3469 3609 3540 συνήσομεν
3642 3465 3767 3529 πῶς

2170 3565 2339 3620 πολλὰ
2367 3562 2549 3634 ἀγαθά
2576 3565 2723 3618 ἐστιν
2765 3561 2994 3634 Ἰησοῦς,
3029 3562 3088 3616 ὃν
3121 3560 3563 3631 εὐαγγελίζονται
3609 3553 3770 3614 οὗτοι

2167 3650 2243 3712 ὧν
2281 3656 2472 3728 ὡραῖοι
2506 3659 2642 3710 εἰσιν
2682 3658 2732 3709 οἱ
2759 3655 2918 3718 πόδες
2941 3672 2953 3685 ·
2983 3653 3041 3709 ἓν
3074 3654 3172 3725 μὲν
3221 3653 3329 3725 γὰρ
3364 3652 3572 3720 ἀγαθὸν
3619 3650 3768 3722 ζωὴ,

2182 3750 2391 3822 Ἰησοῦς
2424 3750 2482 3803 δὲ
2514 3748 2648 3821 ζωή.
2675 3749 2784 3800 Καὶ
2811 3747 2997 3817 ἕτερον
3029 3746 3235 3815 ἀγαθὸν
3262 3743 3376 3814 φῶς
3404 3743 3498 3796 τοῦ
3520 3743 3773 3814 κόσμου,

2170 3844 2286 3914 φῶς
2332 3842 2598 3913 τυγχάνον
2648 3839 2921 3910 ἀληθινὸν,
2966 3837 3062 3892 καὶ
3108 3836 3225 3906 φῶς
3264 3835 3374 3890 τῶν
3414 3833 3771 3907 ἀνθρώπων·

2170 3938 2313 4009 ἅπερ
2341 3935 2520 3990 πάντα
2550 3936 2578 3988 6
2611 3934 2741 3997 Υἱὸς
2773 3928 2912 3985 εἶναι
2937 3930 3154 4000 λέγεται
3181 3930 3273 3983 τοῦ
3296 3929 3452 3985 Θεοῦ.
3480 3930 3597 3983 Καὶ
3630 3928 3777 3983 ἄλλο

2169 4028 2373 4097 ἀγαθὸν
2404 4028 2524 4081 κατ’
2551 4024 2793 4079 ἐπίνοιαν
2828 4023 2981 4095 παρὰ
3007 4023 3104 4095 τὴν
3138 4022 3282 4095 ζωὴν
3308 4024 3401 4077 καὶ
3433 4023 3493 4077 τὸ
3533 4022 3662 4093 φῶς
3681 4064 3699 4088 ,
3739 4025 3776 4092 ἡ

2169 4119 2417 4191 ἀλήθεια.
2472 4119 2582 4171 Καὶ
2630 4117 2889 4188 τέταρτον
2945 4116 3095 4186 παρὰ
3120 4114 3373 4186 ταῦταῆ
3419 4116 3512 4168 ἐπὶ
3548 4114 3782 4186 ταύτην

2171 4212 2411 4285 φέρουσα
2442 4210 2578 4274 ὁδός.
2623 4210 2803 4279 "Amp
2835 4208 3013 4262 πάντα
3035 4211 3063 4261 6
3096 4208 3288 4280 Σωτὴρ
3316 4207 3472 4279 ἡμῶν
3512 4207 3780 4264 διδάσκει

2172 4302 2362 4356 ἑαυτὸν
2391 4298 2531 4354 εἶναι
2555 4300 2730 4368 λέγων
2751 4317 2764 4329 σ
2964 4301 3078 4367 εἶμι
3109 4300 3147 4367 ἡ
3171 4299 3310 4365 ὁδὸς
3328 4339 3342 4364 ,
3383 4299 3479 4352 καί
3519 4300 3559 4367 ὴ
3606 4302 3784 4370 day}-

2172 4399 2323 4458 θεια,
2347 4395 2444 4447 καὶ
2476 4395 2514 4461 ἡ
2547 4391 2676 4459 ζωή.
2706 4390 2830 4455 Πῶς
2856 4391 2912 4444 δὲ
2945 4391 3045 4444 οὐκ
3078 4392 3278 4461 ἀγαθὸν
3328 4392 3388 4446 τὸ
3426 4394 3785 4462 emunga-

484 4492 766 4556 Quomodo
794 4502 973 4547 autern
1001 4509 1105 4547 non
1137 4495 1336 4547 bonum
1361 4502 1444 4547 est
1468 4508 1757 4564 resurgere
1793 4494 2060 4548 hominem

2177 4504 2334 4559 μενον
2364 4486 2454 4539 τὸν
2484 4484 2611 4556 χοῦν
2643 4486 2737 4538 καὶ
2765 4486 2865 4558 τὴν
2890 4486 3193 4557 νεκρότητα
3221 4485 3521 4555 ἀναστῆναι
3563 4488 3785 4542 τούτου
3838 4520 3839 4523 η

482 4596 712 4637 excusso
731 4582 952 4651 pulvere
981 4594 1033 4637 et
1065 4585 1167 4653 12
1186 4585 1535 4648 mortalitate,
1556 4586 1813 4657 ltGCuea
1842 4586 2068 4641 Domino

488 4675 705 4744 assequi
737 4676 1037 4729 secundum
1085 4677 1227 4745 quod
1276 4679 1391 4747 ipse
1430 4675 1591 4732 Jesus
1619 4688 1704 4732 est
1738 4679 2068 4733 resurrectio

486 4768 576 4838 qui
603 4768 772 4823 etiam
818 4768 1000 4838 inquit
1032 4786 1046 4823 :
1080 4768 1193 4839 Ego
1225 4787 1341 4824 sum
1380 4772 1695 4825 resurrectio
1730 4771 1815 4825 “‘2
1843 4771 1981 4839 Quin
2012 4781 2069 4827 et

487 4861 685 4915 ostium
710 4861 901 4926 etiam,
949 4878 1043 4931 per
1081 4864 1225 4933 quod
1257 4863 1325 4916 ad
1354 4877 1627 4916 summam
1677 4864 2065 4919 beatitudinem

490 4950 612 5018 quis
660 4950 986 5020 ingreditur,
1037 4961 1123 5007 est
1158 4954 1383 5007 bonum.
1435 4954 1505 5006 At
1556 4953 1811 5008 Christus
1838 4954 2066 5022 inquit:

491 5037 607 5109 Ego
633 5056 749 5094 sum
780 5045 972 5097 ostium
997 5046 1065 5102 δ’.
1096 5045 1234 5113 Quid
1267 5060 1396 5099 vero
1420 5060 1554 5112 opus
1587 5055 1670 5099 est
1701 5045 1866 5100 verba
1896 5047 2073 5102 facere

492 5129 558 5183 de
588 5133 885 5200 sapientia,
915 5151 1072 5203 quam
1108 5137 1347 5190 condidit
1388 5135 1527 5191 Deus
1576 5137 1630 5191 in
1673 5138 1823 5192 initio
1866 5139 2071 5195 viarum

491 5239 709 5277 suarum
738 5225 792 5278 in
820 5242 977 5294 opera
1007 5246 1102 5281 sua
1117 5230 1304 5299 “,qua
1329 5230 1668 5299 adgaudebat
1689 5231 1848 5284 Pater
1879 5231 2068 5300 ipsius,

493 5316 799 5374 oblectatus
851 5319 904 5373 in
942 5320 1235 5375 multifaria
1273 5323 1443 5393 ipsius
1467 5321 1875 5393 pulchritudine
1908 5323 2069 5378 intel-

498 5408 710 5477 ligibili,
763 5426 883 5481 quae
916 5411 1047 5467 solis
1085 5412 1544 5470 intellectualibus
1587 5413 1762 5470 oculis
1803 5415 2064 5480 cernitur,

567 5563 615 5635 1⁸
649 5564 793 5620 Psal.
822 5582 991 5632 uvtt,
1027 5566 1113 5630 l2,
1146 5568 1235 5623 15.
1315 5568 1361 5601 ⁸⁸
1390 5568 1407 5622 1
1443 5569 1571 5624 Cor.
1607 5585 1682 5631 tv.
1706 5569 1794 5635 19,
1819 5569 1914 5625 ΞΟ.

2012 5572 2057 5604 ⁸¹¹
2092 5570 2260 5626 iCor.
2297 5581 2360 5627 ιι,
2392 5565 2448 5622 Is.
2529 5565 2577 5596 ⁸³
2607 5565 2741 5620 Luc.
2777 5580 2929 5631 XXIV,
2971 5566 3061 5620 3'2.

498 5633 544 5667 ⁸⁵
573 5634 675 5690 lsa.
706 5652 801 5703 ut,
835 5638 910 5705 7;
944 5638 1101 5692 Rom.
1134 5654 1191 5703 ιι,
1224 5638 1310 5693 15.
1396 5640 1441 5671 ⁸⁸
1468 5642 1623 5696 Joan.
1669 5633 1860 5706 x:v,76.
1941 5641 1984 5674 ⁵⁷
2027 5641 2162 5696 ibid.

2172 4578 2514 4648 τυγχάνοντα
2546 4576 2655 4630 ἀπὸ
2683 4575 2778 4629 τοῦ
2813 4577 3044 4647 Κυρίου,
3083 4575 3217 4630 καθὸ
3252 4575 3547 4640 ἀνάστασίς
3586 4578 3784 4643 ἐστιν,

2174 4670 2233 4733 ὃς
2249 4670 2344 4723 καί
2380 4685 2542 4738 φησιν
2561 4684 2574 4698 °
2618 4668 2757 4737 Ἐγώ
2782 4670 2898 4738 είμι
2918 4671 2956 4737 ’ἡ
2984 4666 3355 4734 ἀνάστασις;
3410 4668 3570 4722 Ἀλλᾶ
3600 4671 3715 4724 καὶ
3748 4673 3789 4743 ἡ

2174 4760 2335 4835 θύρα,
2369 4761 2435 4813 δι’
2460 4756 2529 4833 ἦς
2565 4777 2648 4824 τις
2681 4763 2761 4824 είς
2791 4761 2890 4831 τὴν
2917 4760 3093 4831 ἄκραν
3137 4758 3444 4831 εἰσέρχεται
3488 4764 3794 4834 μακαριό-

2173 4870 2331 4923 τητα,
2355 4851 2557 4921 ἀγαθόν
2576 4868 2589 4882 ο
2608 4854 2636 4905 6
2661 4851 2718 4905 δὲ
2739 4851 2972 4923 Χριστός
2998 4867 3188 4923 φησιν’
3222 4850 3363 4921 Ἐγώ
3379 4851 3497 4920 εἰμι
3518 4851 3557 4918 ἡ
3585 4853 3791 4921 θύρα.

2176 4945 2241 4998 Τί
2278 4947 2335 4999 δὲ
2361 4946 2444 4998 δεῖ
2466 4945 2593 5017 περὶ
2626 4946 2816 5014 σοφίας
2843 4945 3042 5015 λέγειν,
3065 4944 3145 5014 ἣν
3168 4945 3412 4999 ἔκτισεν
3431 4949 3463 5000 ό
3487 4946 3636 5013 Θεὸς
3674 4950 3802 5018 ἀρ..

2187 5038 2311 5108 χὴν
2345 5037 2491 5092 ὀδόν
2523 5038 2709 5091 αὑτοῦ
2734 5040 2823 5104 εις
2851 5038 2995 5107 ἔργα
3013 5037 3221 5104 αὐτοῦ,
3329 5037 3714 5110 προσέχαιρεν
3764 5043 3797 5095 6

2179 5129 2371 5200 Πατὴρ
2389 5128 2579 5198 αὐτῆς,
2603 5128 3086 5200 ὲνευφραινόμενος
3099 5127 3178 5200 τῷ
3200 5127 3563 5199 πολυποικίλῳ
3588 5135 3800 5204 νοητῷ

2176 5222 2365 5288 κάλλει
2393 5222 2585 5292 αὐτῆς,
2635 5222 2739 5275 ὐπὸ
2780 5221 2986 5293 νοητῶν
3022 5221 3318 5292 ὀφθαλμῶν
3350 5221 3527 5292 μόνων
3563 5221 3779 5293 βλεπο-

2181 5316 2346 5388 μένῳ,
2372 5317 2467 5370 καὶ
2491 5318 2569 5380 εἰς
2599 5315 2777 5387 ἔρωτα
2806 5320 2898 5369 τὸν
2924 5316 2985 5369 τὸ
3005 5315 3147 5370 θεῖον
3164 5316 3359 5381 κάλλος
3396 5316 3807 5373 κατανοοῦντα

2176 5409 2425 5481 οὐράνιον
2447 5407 2936 5481 προσκαλουμένῳ;
2991 5407 3218 5476 Ἀγαθὸν
3246 5409 3356 5481 γὰρ
3385 5409 3420 5481 ή
3469 5408 3634 5479 σοφία
3683 5412 3805 5465 τοῦ

3160 5565 3208 5597 ⁸⁸
3248 5565 3391 5620 Psal.
3435 5581 3627 5627 vam.
3688 5569 3804 5625 £2.

2253 5636 2301 5669 ⁸⁸
2325 5637 2482 5690 Jom.
2529 5652 2598 5693 λι.
2624 5635 2719 5689 9.5.
2786 5637 2830 5667 ⁸³
2861 5634 3020 5690 Joan.
3051 5648 3106 5701 κ,
3133 5636 3188 5692 9.
3260 5636 3305 5668 ‘°
3334 5638 3494 5692 Prov.
3523 5652 3646 5703 VIII.
3681 5641 3807 5697 29--

572 5791 1108 5884 (ﬁthwMjr
1126 5794 1303 5884 €7.11}.
1321 5794 1666 5884 669,911ch
1706 5796 1908 5868 Regius
1947 5812 2060 5850 και(

2163 5812 2212 5868 ιη
2237 5790 2304 5867 ἦν
2347 5797 2405 5849 ὲν
2449 5797 2578 5866 ἡμῖν
2610 5799 2676 5867 τῇ
2703 5795 2829 5867 ὁδῷ.
2863 5797 3174 5870 Legendum
3207 5802 3440 5867 videtur,
3494 5807 3808 5884 καιομένη
3838 5786 3839 5797 γ

503 5859 569 5930 ἦν
584 5859 589 5864 ’
607 5859 812 5935 ἐν’ήμῖν
836 5859 910 5928 ὠς
930 5859 1106 5919 ἐλάλει
1132 5859 1344 5937 ἡμῖν”ὲν
1449 5865 1575 5935 ὁδῷ.
