3856 6544
101 448 145 501 ιι
1154 445 1292 501 COM
1302 445 1344 499 Μ
1354 444 1507 500 ENT.
1549 443 1614 498 lN

1754 442 1840 498 tN.
1881 441 2120 499 TOMUS
2155 442 2199 497 Ι.
3251 447 3322 503 42

97 569 227 634 θεοῦ,
251 570 390 642 ὅπερ
433 570 571 640 μετά
613 571 722 623 τῶν
764 569 1174 642 προειρημένων
1219 567 1646 638 εὐαγγελίζονται

1755 581 1980 636 quicque
2013 565 2445 620 considerantem
2488 564 2725 620 divinam
2772 565 3224 637 pulchritudinem
3253 571 3321 625 ad

96 658 153 717 ὧν
173 663 359 733 ὡραῖοι
395 663 443 715 οξ
478 663 662 726 πόδες.
719 661 877 715 Ἀλλὰ
927 663 1021 715 καὶ
1059 663 1092 732 ἡ
1126 660 1351 732 δύναμις
1388 660 1478 713 τοῦ
1510 660 1643 714 Θεοῦ

95 757 171 826 ἤδη
201 755 386 823 ὄγδοον
424 756 558 826 ἡμῖν
592 755 793 824 ἀγαθὸν
831 753 1209 821 καταλέγεται,
1253 755 1373 823 ἥτις
1417 754 1564 806 ἐστὶν
1617 755 1645 806 ό

95 847 321 918 Χριστός.
366 847 442 899 Οὐ
493 847 795 916 σιωπητέον
832 847 887 899 δὲ
927 846 1048 899 οὐδὲ
1093 847 1182 899 τὸν
1222 845 1360 916 μετὰ
1403 845 1491 898 τὸν
1533 847 1645 898 Πα-

96 939 203 1011 τέρα
231 937 342 1009 (49)
372 939 482 992 τῶν
509 940 646 992 ὅλων
668 939 798 992 Θεὸν
824 939 994 1007 Λόγον
1015 955 1028 968 ·
1053 937 1266 1002 οὐδενὸς
1290 939 1398 1008 γὰρ
1428 937 1645 990 ἔλαττον

94 1029 268 1098 ἀγαθοῦ
314 1031 608 1084 καὶτοῦτο
644 1031 705 1084 τὸ
748 1030 968 1099 ἀγαθόν.
1014 1029 1289 1102 Μακάριοι
1329 1032 1424 1100 μὲν
1473 1028 1565 1085 οῦν
1599 1033 1645 1084 οἱ

94 1124 418 1193 χωρήσαντες
449 1119 621 1174 ταῦτα
651 1120 719 1173 τὰ
740 1119 938 1189 ἀγαθὰ,
969 1121 1062 1174 καὶ
1094 1121 1646 1193 παραδεξάμενοιάπὸ

95 1214 182 1266 τῶν
202 1212 417 1284 ὡραίων
465 1214 592 1276 τοὺς
616 1213 782 1276 πόδας
821 1213 912 1266 καὶ
955 1212 1454 1284 εὐαγγελιζομένων
1487 1215 1646 1271 αὐτά.

96 1306 216 1375 Πλὴν
233 1305 333 1358 κᾶν
363 1305 653 1376 Κορίνθιός
684 1322 768 1368 τις
805 1303 899 1371 ὣν,
936 1305 1212 1376 κρίνοντος
1247 1306 1460 1360 Παύλου
1499 1307 1647 1360 οὐδὲν

97 1398 261 1451 εἰδέναι
309 1397 445 1469 παρ’
496 1397 644 1467 αὐτῷ
701 1398 732 1468 ἢ
799 1397 1004 1469 Ἰησοῦν
1050 1399 1300 1470 Χριστὸν,
1342 1401 1434 1453 καὶ
1462 1399 1648 1453 τοῦτον

96 1490 488 1561 ἐσταυρωμένον
515 1530 531 1554 ,
556 1491 648 1542 τὸν
670 1491 738 1543 δι’
760 1491 904 1560 ἡμᾶς
927 1489 1210 1561 ἄνθρωπον
1237 1491 1519 1564 μανθάνων
1547 1509 1651 1546 πα-

98 1565 362 1652 ραδέξηται
395 1583 464 1635 τὰ
496 1584 554 1636 ὲν
589 1584 730 1655 ἀρχῇ
763 1581 872 1635 τῶν
894 1581 1114 1651 ἀγαθῶν
1149 1584 1260 1655 (50)
1305 1586 1511 1654 γίνεται
1545 1586 1651 1638 ὐπὸ

94 1674 168 1726 τοῦ
196 1674 488 1745 ἀνθρώπου
529 1675 704 1745 Ἰησοῦ
737 1675 832 1728 ἀνθ
843 1693 1020 1746 ρωπος
1043 1676 1327 1748 γινόμενος
1354 1676 1512 1740 Θεοῦ,
1558 1679 1650 1731 καὶ

97 1767 184 1820 ἀπὸ
201 1766 289 1818 τοῦ
317 1767 559 1820 Θανάτου
592 1768 756 1821 αὐτοῦ
777 1769 1134 1841 ἀποθνήσκων
1155 1773 1218 1841 τῇ
1250 1770 1518 1842 ἁμαρτίᾳ·
1557 1771 1656 1824 καὶ

101 1859 192 1926 γὰρ
221 1859 468 1923 ἐκεῖνος,
489 1859 523 1912 ὃ
565 1861 826 1916 ἀπέθανε
871 1862 945 1931 τῇ
1015 1863 1286 1932 ἁμαρτίᾳ,
1353 1863 1652 1918 ἀπέθανεν

99 1948 336 2017 epam:-
382 1951 497 2005 ἀπὸ
541 1951 720 2023 iss-5,;
748 1951 893 2024 ζωῆς
926 1930 1331 2018 estdata—ste
1375 1953 1580 2023 Ἰησοῦς
1623 1954 1650 2006 δ
1682 1930 1723 1984 Β

94 2040 167 2110 ζῇ,
192 2040 252 2111 ζῇ
280 2041 515 2112 τῷΘεῷ,
540 2045 646 2107 πᾶς
671 2044 700 2096 ό
726 2043 1044 2116 σύμμορφος
1071 2043 1360 2115 γενόμενος
1387 2043 1488 2114 τῆς
1517 2046 1649 2098 ἀνα-

97 2135 310 2198 στάσεως
345 2135 538 2199 αὐτοῦ,
573 2135 839 2207 λαμϐάνει
867 2138 926 2191 τὸ
952 2137 1052 2209 ζῇν
1078 2137 1156 2208 τῷ
1183 2138 1319 2209 Θεῷ.
1357 2139 1453 2202 Τίς
1485 2139 1543 2192 δὲ
1573 2139 1650 2192 δι-

94 2228 252 2294 etiis:
279 2231 326 2281 εἰ
346 2229 797 2301 αὐτοδικαιοσύνη
821 2230 1023 2300 ἀγαθόν
1052 2233 1188 2298 ἐστι,
1232 2234 1326 2286 καὶ
1354 2233 1649 2302 αὐτοαγια-

95 2319 226 2389 σμὸς,
260 2322 356 2373 καὶ
383 2321 928 2393 αὐτοαπολύτρωσιςς
966 2324 1107 2396 ἅπερ
1139 2325 1232 2378 καὶ
1280 2325 1416 2379 αὐτὰ
1455 2329 1503 2378 oi
1545 2327 1649 2396 Ἰη-

93 2411 199 2463 σοῦν
218 2413 697 2484 εὐαγγελιζόμενοι
732 2415 1192 2484 εὐαγγελίζονται,
1220 2416 1468 2484 λέγοντες
1488 2418 1650 2471 αὐτὸν

93 2505 350 2570 γεγονεναι
390 2508 516 2577 ημῖν
548 2507 890 2579 δικαιοσύνην
915 2508 1024 2562 ἀπὸ
1047 2507 1204 2571 Θεοῦ,
1237 2510 1328 2562 καὶ
1361 2508 1648 2580 ἁγιασμὸν,

93 2597 172 2647 καὶ
193 2597 592 2669 ἀπολύτρωσιν.
634 2599 908 2670 Παρέσται
938 2599 999 2654 δὲ
1037 2601 1146 2654 ἀπὸ
1187 2601 1391 2655 τούτων
1432 2602 1543 2672 (51)
1582 2601 1652 2654 τὰ

93 2693 432 2761 γεγραμμένα
457 2693 586 2763 περὶ
616 2693 781 2746 αὐτοῦ
811 2692 1275 2766 δυσεξαρίθμητα,
1317 2694 1650 2765 παριστάντα

95 2783 193 2844 :13;
234 2783 442 2854 πλῆθος
479 2783 701 2852 ἀγαθῶν
732 2785 877 2839 ἐστιν
919 2784 1144 2856 Ἰησοῦς,
1185 2786 1293 2839 ἀπὸ
1323 2787 1430 2840 τῶν
1472 2786 1653 2851 δυσεξ-

90 2874 390 2947 αριθμήτων
438 2877 537 2930 καὶ
572 2879 972 2949 γεγραμμένων
1015 2877 1511 2950 καταστοχάζεσθαι
1542 2879 1649 2932 τῶν

95 2963 424 3036 ὑπαρχόντων
453 2966 553 3036 μὲν
576 2968 636 3019 ὲν
661 2966 830 3038 αὐτῷ,
874 2969 954 3032 είς
987 2967 1045 3020 ὃν
1077 2967 1364 3040 εὐδόκησεν
1407 2967 1553 3022 ἅπαν
1587 2969 1650 3023 τὸ

95 3053 344 3128 πλήρωμα
409 3058 513 3129 τῆς
580 3059 830 3132 θεότητος
888 3059 1212 3129 κατοικῆσαι
1284 3061 1645 3131 σωματικῶς,

87 3145 141 3195 οὐ
189 3147 293 3217 μὴν
341 3148 449 3202 ὐπὸ
493 3149 840 3222 γραμμάτων
892 3150 1292 3222 κεχωρημένων
1348 3151 1490 3222 (52)·
1556 3153 1649 3206 καὶ

79 3237 136 3335 τί.
164 3238 306 3307 λέγω
351 3241 456 3294 ὑπὸ
506 3241 883 3313 γραμμάτων;
933 3243 1023 3296 ὅτε
1077 3243 1168 3296 uati.
1217 3245 1344 3315 napi.
1381 3243 1502 3297 ὅλου
1520 3244 1641 3335 ἑτοῦ
1670 3277 1712 3335 C

81 3329 277 3401 κόσμου
322 3332 484 3400 φησὶν
518 3333 548 3384 ὁ
607 3331 876 3402 ’ῐωάννηςο
920 3332 1022 3396 ὅτι,
1065 3333 1205 3388 οὐδὲ
1253 3333 1440 3387 αὑτὸν
1485 3329 1642 3404 οἶμαι

78 3421 176 3473 τὼ·
202 3423 437 3492 κόσμον
463 3422 730 3492 χωρῆσαι
763 3423 835 3478 τὰ
869 3425 1207 3494 γραφόμενα
1240 3426 1468 3490 βιϐλία.
1502 3426 1644 3480 Ταυ-

82 3515 161 3568 the
192 3512 292 3570 οὖν
335 3517 476 3570 ἐστιν
522 3519 719 3582 εἰπεῖν,
761 3520 843 3572 ὃτι
881 3519 973 3571 τὸν
1005 3519 1231 3592 Σωτῆρα
1274 3521 1322 3572 οἰ
1361 3520 1644 3573 ἀπόστολοι

78 3609 528 3677 ετίεαγγελίςονται,
558 3610 653 3663 καὶ
684 3609 754 3662 τὰ
779 3608 958 3679 ἀγαθὰ
994 3611 1454 3680 εὐαγγελίζονται·
1495 3606 1646 3675 οὗτος

77 3699 180 3769 γάρ
209 3701 361 3754 ἐστιν
382 3702 411 3752 ό
439 3703 546 3754 ἀπὸ
569 3702 665 3754 τοῦ
691 3701 895 3770 ἀγαθοῦ
935 3702 1151 3772 Πατρὸς
1192 3703 1252 3756 τὸ
1281 3703 1462 3771 ἀγαθὰ
1508 3700 1646 3758 εἶναι

79 3800 278 3865 λαϐὼν,
306 3801 394 3854 ἵνα
413 3800 643 3861 ἕκαστος
666 3797 694 3849 ὃ
719 3797 905 3866 χωρεῖ,
930 3795 962 3865 ἢ
987 3794 1022 3848 ἃ
1045 3794 1211 3863 χωρεῖ
1235 3791 1321 3844 διὰ
1351 3790 1525 3860 Ἰησοῦ
1556 3790 1650 3843 λα-

81 3890 208 3952 ϐὼν,
234 3893 294 3944 ἑν
318 3890 543 3958 ἀγαθοῖς
561 3887 826 3958 τυγχάνῃ.
852 3885 964 3954 Οὐχ
991 3878 1092 3937 οἷοί
1127 3899 1185 3934 τε
1209 3881 1262 3934 δὲ
1288 3877 1426 3951 ἦσαν
1447 3883 1493 3933 οἱ
1517 3881 1652 3934 ἀπό-

79 3985 281 4047 στολοι,
309 3976 384 4036 ὧν
424 3982 618 4052 ὡραῖοι
655 3980 704 4032 οἱ
742 3978 926 4040 πόδες,
967 3977 1063 4029 καὶ
1100 3977 1148 4027 oi
1185 3973 1387 4026 τούτων
1418 3972 1654 4042 ζηλωταὶ

81 4074 525 4143 εὐαγγελίζεσθαι
553 4074 621 4126 τὰ
646 4070 846 4140 ἀγαθὰ,
881 4069 957 4142 μὴ
987 4069 1246 4142 πρότερον
1272 4066 1446 4138 Ἰησοῦ
1473 4066 1653 4129 αὐτοῖς

79 4166 213 4218 αὐτὰ
240 4164 740 4234 εὐαγγελισαμένου
758 4179 772 4192 ·
795 4163 869 4226 ὡς
894 4163 923 4214 ό
958 4163 1184 4224 Ἡσαΐας
1210 4160 1342 4232 φησί
1360 4177 1374 4191 ο
1403 4159 1593 4223 Αὐτὸς
1621 4161 1654 4211 ὀ

79 4257 289 4310 λαλῶν
310 4257 572 4327 πάρειμι,
597 4257 678 4321 ὡς
702 4253 822 4324 ὥρα
848 4253 948 4306 ἐπὶ
975 4253 1092 4306 τῶν
1129 4251 1330 4319 ὀρέων,
1359 4252 1438 4316 ὡς
1471 4249 1651 4316 πόδες

71 4345 606 4416 εὐαγγελιζομένου
644 4345 840 4413 ἀκοὴν
869 4345 1136 4416 εἰρήνης,
1169 4347 1250 4414 ὡς
1281 4347 1652 4421 εὐαγγελιζό-

68 4459 251 4508 μενος
292 4444 503 4510 ἀγαθὰ,
550 4442 643 4495 ὅτι
685 4443 996 4509 ἀκουστὴν
1036 4442 1268 4509 ποιήσω
1307 4445 1420 4514 τὴν
1464 4463 1653 4516 σωτηέ

61 4534 200 4597 Ft'ar
232 4550 383 4599 σου,
421 4535 638 4602 λέγων’
695 4533 848 4587 Σιὼν
882 4534 1243 4598 βασιλεύσει
1279 4554 1393 4591 σου
1427 4538 1459 4588 ὁ
1487 4536 1649 4601 Θεός.

1751 675 1992 715 amorem
2016 659 2293 715 caelestem
2331 659 2561 713 invitat?
2584 659 2789 715 Bonum
2817 662 2961 716 enim
2989 671 3073 717 est
3094 661 3321 732 Sapien-

1751 751 1824 804 tia
1860 751 1976 805 Dei.
2023 751 2093 804 At
2146 750 2247 805 hoc
2277 767 2513 822 quoque,
2555 762 2750 820 praeter
2778 767 2840 806 ea
2872 768 2992 821 quae
3027 768 3190 822 Supra
3233 769 3322 808 re-

1748 843 2084 906 censuimus,
2125 843 2159 897 ii
2191 845 2539 910 annuntiant,
2572 859 2804 912 quorum
2851 844 3011 913 pedes
3044 855 3171 899 sunt
3201 845 3320 914 pul-

1751 935 1892 991 chri.
1920 935 2167 991 Potentia
2219 937 2311 990 Dei
2360 947 2621 1006 prteterea
2653 946 2903 992 octavum
2939 937 3095 992 nobis
3122 937 3320 993 bonum

1751 1038 2158 1091 annumeratur.
2211 1029 2301 1097 qui
2363 1039 2446 1083 est
2494 1029 2763 1085 Christus.
2798 1030 2996 1085 Verum
3043 1030 3322 1086 enimvero

1751 1123 1892 1178 haud
1919 1122 2136 1177 silentio
2162 1121 2595 1192 praetereundum
2625 1134 2712 1176 est
2739 1121 2864 1175 illud
2890 1122 3149 1188 Verbum,
3179 1123 3322 1192 quod

1754 1225 1875 1286 post
1909 1216 2121 1270 Patrem
2161 1214 2539 1270 universorum
2569 1225 2656 1268 est
2688 1215 2847 1269 Deus.
2875 1215 3118 1284 Namque
3142 1225 3198 1271 et
3223 1217 3324 1271 hoc

1752 1311 1952 1364 bonum
1977 1309 2126 1362 nullo
2147 1308 2251 1362 alio
2273 1309 2414 1364 bono
2436 1320 2519 1362 est
2549 1307 2798 1362 inferius.
2826 1308 3019 1377 Itaque
3050 1309 3195 1363 beati
3230 1309 3323 1378 qui

1754 1401 2195 1455 admiserintlnec
2211 1400 2374 1465 bona,
2390 1398 2588 1468 quique
2606 1401 2948 1468 perceperint
2963 1416 3050 1464 ea,
3069 1401 3137 1455 ab
3150 1402 3216 1456 iis
3231 1402 3324 1469 qui

1753 1493 1916 1564 pedes
1941 1493 2145 1546 habent
2175 1491 2431 1562 pulchros
2456 1502 2620 1560 atque
2653 1492 2744 1561 qui
2785 1493 3179 1560 evangelizant.
3216 1493 3325 1548 Ve-

1757 1598 2060 1642 rumtamen
2102 1586 2350 1656 quamvis
2387 1583 2706 1640 Corinthius
2772 1584 3039 1654 quispiam
3095 1585 3316 1640 exstite-

1757 1677 1848 1746 rit,
1895 1676 2035 1744 apud
2077 1690 2238 1744 quem
2286 1672 2519 1728 allirmct
2540 1672 2739 1727 Paulus
2764 1688 2824 1728 se
2865 1674 2994 1727 nihil
3028 1675 3191 1740 scire,
3221 1674 3323 1728 nisi

1755 1764 1936 1821 Jesum
1981 1763 2281 1828 Christum,
2330 1772 2382 1817 et
2435 1763 2580 1816 hunc
2623 1761 2842 1830 quidem
2897 1764 3218 1819 cruciﬁxum
3244 1765 3323 1829 ⁶¹,

1756 1861 2084 1927 edoctusque
2106 1857 2249 1910 hunc
2275 1856 2444 1910 nostri
2472 1870 2636 1910 causa
2664 1856 2940 1910 hominem
2976 1855 3177 1912 factum
3207 1861 3328 1913 atti-

1753 1948 1891 2008 tterit
1936 1947 2093 2002 initia
2132 1947 2427 2013 bonorum,
2469 1949 2514 2002 is
2552 1949 2620 2003 ab
2652 1949 2869 2002 homine
2907 1949 3033 2003 Jesu
3069 1948 3128 2004 lit
3161 1949 3326 2005 homo

1752 2043 1870 2107 Dei,
1900 2051 1953 2096 et
1979 2057 2046 2096 ex
2073 2049 2246 2096 morte
2267 2040 2384 2109 ejus
2403 2041 2640 2095 moriens
2670 2050 2913 2108 peccato.
2948 2039 3158 2096 Etenim
3184 2046 3322 2114 quod

1751 2133 1841 2186 ille
1869 2141 2106 2186 mortuus
2135 2131 2236 2199 [uit
2272 2139 2505 2197 peccato,
2555 2140 2795 2186 mortuus
2836 2141 2910 2186 est
2957 2134 3113 2188 semel
3135 2135 3212 2200 6';
3255 2152 3322 2190 εχ

1752 2229 1859 2283 vita
1893 2243 2024 2282 vero
2051 2226 2244 2297 ipsius,
2267 2227 2525 2295 quoniam
2553 2225 2708 2282 Jesus
2737 2235 2822 2281 est
2845 2226 2976 2281 illud
3001 2229 3143 2298 quod
3167 2229 3320 2294 vivit,

1751 2319 1888 2375 vivit
1915 2320 2024 2374 Deo
2041 2319 2432 2387 unusquisque,
2475 2327 2530 2373 et
2559 2317 2864 2372 conformis
2885 2318 3060 2376 factus
3083 2336 3328 2376 resurre-

1751 2411 1914 2468 ctioni
1945 2411 2061 2477 ejus
2085 2410 2187 2463 hoc
2201 2409 2534 2476 assequitur,
2561 2419 2619 2464 ut
2649 2409 2796 2464 vivat
2818 2409 2948 2466 Deo.
2978 2409 3112 2478 Quis
3136 2422 3320 2469 autem

1756 2504 2002 2572 ambigat
2057 2517 2126 2555 an
2165 2501 2282 2570 ipsa
2311 2500 2560 2568 .justitia,
2614 2504 2732 2571 ipsa
2764 2503 3127 2560 sanctiﬁcatio
3165 2515 3328 2576 atquo

1753 2596 1867 2665 ipsa
1907 2596 2208 2666 redemptio
2246 2596 2317 2652 sit
2351 2596 2590 2650 bonum?
2620 2612 2742 2666 quae
2778 2598 2943 2651 etiam
2975 2596 3324 2666 ipsa,Jesum

1752 2688 2228 2757 evangelizantes,
2251 2689 2667 2760 evangelizant:
2699 2689 2940 2745 dicentes
2968 2704 3090 2744 eum
3121 2689 3324 2745 factum

1750 2779 1918 2835 fuisse
1946 2783 2392 2850 nobisjustitiam
2423 2799 2450 2837 a
2485 2784 2618 2848 Deo,
2647 2793 2701 2838 et
2723 2782 3239 2845 sanctificationem,
3273 2793 3327 2837 et

1752 2873 2174 2942 redemptionem
2187 2876 2252 2928 ⁸³.
2269 2876 2347 2930 Ex
2368 2877 2450 2931 his
2465 2890 2598 2944 ergo
2611 2874 2792 2929 licebit
2811 2873 3109 2942 intelligere
3124 2888 3185 2928 ea
3205 2889 3325 2943 qua:

1751 2964 1818 3019 de
1829 2980 1895 3020 eo
1907 2966 2104 3036 scripta
2123 2977 2266 3032 sunt,
2281 2977 2333 3023 et
2350 2969 2436 3022 vix
2456 2966 2765 3022 enumerari
2779 2975 3026 3036 possunt,
3047 2965 3324 3035 probando

1749 3057 1934 3114 Iesum
1953 3060 2219 3115 bonorum
2237 3077 2354 3116 esse
2372 3060 2772 3116 multitudinem
2798 3069 2993 3130 :atquc
3015 3075 3080 3116 ex
3101 3061 3184 3116 his
3205 3076 3324 3131 quae

1750 3166 1892 3224 aegre
1905 3155 2211 3208 enumerari
2231 3165 2458 3222 possunt
2485 3163 2540 3210 et
2558 3155 2760 3224 scripta
2780 3164 2927 3216 sunt,
2952 3153 3322 3222 conjecturam

1751 3258 1944 3313 capere
1964 3245 2028 3298 de
2045 3245 2114 3299 iis
2139 3260 2261 3314 qua:
2280 3246 2330 3299 in
2351 3247 2466 3316 ipso
2486 3247 2704 3316 quidem
2737 3246 2940 3311 insunt,
2970 3243 3022 3325 in
3047 3259 3205 3314 quem
3229 3244 3324 3299 be-

1746 3337 1950 3406 neplaci
1961 3347 2068 3392 tum
2083 3335 2408 3394 fuitomnem
2421 3339 2805 3409 plenitudinem
2818 3337 3113 3393 divinitatis
3128 3352 3320 3409 corpo-

1745 3431 1933 3486 raliter
1949 3432 2050 3503 13
2066 3433 2334 3497 habitare,
2350 3433 2492 3488 haud
2507 3443 2686 3489 tamen
2702 3448 2730 3486 a
2747 3433 2940 3487 litteris
2953 3433 3320 3488 continentur:

1745 3524 1874 3593 quid
1901 3524 2024 3580 dico
2051 3541 2078 3577 a
2108 3525 2326 3594 litteris,
2362 3526 2579 3596 quando
2615 3533 2669 3579 et
2695 3525 2762 3580 de
2793 3535 2904 3580 toto
2935 3526 3132 3580 mundo
3173 3525 3323 3580 dicat

1745 3616 1983 3674 Joannes
2011 3636 2025 3670 :
2066 3617 2178 3671 Nec
2210 3620 2340 3688 ipse,
2368 3619 2574 3688 opinor,
2603 3619 2829 3671 mundus
2869 3627 3079 3687 caperet
3109 3634 3196 3672 eos
3233 3619 3323 3687 qui

1747 3711 2098 3765 scriberentur
2129 3710 2291 3764 libros
2326 3711 2391 3764 “.
2431 3709 2622 3765 Dicere
2659 3725 2788 3780 ergo
2831 3711 3106 3780 apostolus
3152 3724 3321 3764 evan-

1748 3805 1987 3871 gelizare
2037 3803 2410 3864 Servatorem.
2441 3804 2666 3874 perinde
2697 3814 2780 3860 est
2822 3819 2886 3859 ac
2927 3804 2972 3858 si
3018 3804 3322 3858 diceremus

1747 3909 1843 3948 eos
1892 3892 2266 3962 evangelizare
2301 3894 2439 3948 bona
2468 3893 2667 3948 omnia.
2708 3893 3072 3960 Quamobrem
3107 3892 3196 3946 hic
3239 3905 3319 3945 est

1749 3984 1840 4040 ille
1868 3986 1958 4057 qui
1990 4000 2018 4039 a
2041 3986 2181 4040 bono
2212 3985 2370 4041 Patre
2403 3987 2612 4054 accepit
2643 3996 2700 4040 ut
2733 3994 2877 4040 esset
2909 3994 2992 4040 tot
3021 3983 3164 4039 bona
3209 4001 3223 4038 :
3262 3992 3321 4036 ut

1753 4077 2131 4147 unusquisque
2158 4092 2224 4132 eo
2253 4078 2394 4147 quod
2426 4078 2594 4148 capit,
2631 4077 2712 4131 vel
2745 4075 2810 4132 iis
2836 4091 2955 4145 qua:
2986 4076 3152 4145 capit,
3196 4090 3321 4129 cum

1751 4184 1846 4238 per
1873 4167 2058 4224 Jesum
2093 4184 2155 4224 ea
2189 4171 2517 4241 perceperit,
2562 4169 2771 4224 fruatur
2796 4169 2971 4224 bonis.
3022 4168 3174 4223 l-laud
3225 4182 3321 4238 po-

1755 4271 1935 4316 terant
1964 4271 2145 4316 autem
2181 4263 2436 4330 apostoli,
2467 4276 2698 4332 quorum
2730 4259 2942 4330 pulchri
2979 4267 3105 4314 sunt
3137 4259 3321 4327 pedes,

1749 4360 1806 4406 et
1851 4351 2048 4407 borum
2098 4353 2327 4407 studiosi
2384 4352 2688 4406 imitatores
2731 4349 3106 4420 evangelizare
3156 4350 3321 4412 bona,

1753 4445 1857 4500 nisi
1889 4441 2047 4500 .lesus
2083 4452 2242 4498 antea
2298 4444 2428 4512 ipsis
2466 4444 2938 4515 evangelizasset;
2972 4441 3326 4510 quemadmo~

1753 4541 1878 4592 dum
1920 4537 2161 4607 loquitur
2191 4535 2360 4591 lsaias
2386 4537 2431 4568 ⁸⁵
2459 4553 2473 4590 :
2502 4535 2614 4606 Ego
2649 4537 2781 4604 ipse,
2808 4535 2899 4602 qui
2927 4533 3200 4602 loquebar,
3227 4532 3326 4582 adu

68 4625 197 4678 Τξνα
241 4629 362 4698 γὰρ
400 4627 471 4680 τὰ
512 4627 639 4698 ὅρη,
686 4627 773 4695 ἐφ’
817 4619 892 4680 ὧν
936 4625 1096 4691 αὐτὸς
1124 4629 1154 4680 ό
1194 4626 1367 4681 λαλῶν
1399 4633 1646 4701 παρεῖναι

1754 4645 1891 4691 sum,
1943 4631 2080 4683 sicut
2134 4629 2501 4698 opportunitas
2550 4630 2605 4682 in
2657 4628 2946 4690 montibus,
2987 4627 3122 4680 sicut
3168 4627 3322 4696 pedes

129 4767 171 4796 “
209 4767 230 4820 Ι
266 4767 403 4822 Cor.
436 4783 497 4832 ll,
529 4768 588 4820 2.
665 4768 710 4797 "
736 4765 890 4820 Rom.
922 4782 998 4832 vr,
1035 4766 1118 4820 lO.
1189 4767 1236 4799 ⁸³
1267 4765 1284 4820 1
1315 4769 1486 4834 Corn,
1515 4769 1604 4825 50.
1679 4769 1722 4800 “
1755 4768 1912 4823 Joan.
1942 4783 2055 4834 xxi,
2089 4767 2181 4822 25.
2257 4767 2306 4799 ⁸⁸
2332 4766 2431 4822 lsa.
2469 4766 2637 4833 Ltt,6,
2665 4765 2718 4818 7.

135 4884 251 4955 με)
281 4883 449 4938 Μετὰ
481 4883 594 4938 τὸν
630 4884 881 4953 Πατέρα.
939 4883 1251 4955 Ferrarius,
1301 4903 1418 4940 cum
1465 4885 1648 4951 Patre.

65 4954 387 5026 perperam.
419 4955 581 5026 Verte
627 4958 915 5009 secundum
967 4954 1206 5019 Patrem,
1249 4969 1363 5026 post
1412 4955 1647 5011 Patrem.

73 5025 218 5079 [nde
265 5025 635 5095 locumhunc
657 5026 957 5080 conciliare
977 5028 1181 5095 poteris
1205 5025 1324 5080 cum
1355 5027 1447 5080 illo
1479 5028 1650 5082 altero

69 5099 186 5148 hmi
217 5096 417 5151 Octavi
438 5093 641 5148 Contra
678 5095 885 5149 Celsum
927 5112 948 5150 :
979 5093 1173 5150 "Eatur
1197 5097 1254 5151 δέ
1282 5115 1453 5162 τινας,
1483 5098 1559 5160 ὡς
1589 5098 1649 5150 ὲν

67 5165 255 5235 πλήθει
292 5165 689 5238 πιστευόντων,
739 5166 1172 5238 ᾼκαὶμδεχομένων
1205 5167 1520 5238 διαφωνίαν,
1558 5167 1646 5222 διὰ

65 5237 152 5301 τὴν
181 5235 535 5308 προπέτειαν
575 5235 964 5308 λύπατίθεσθαῐ
986 5235 1076 5292 τὸν
1114 5235 1342 5308 Σωτῆρα
1375 5235 1512 5290 εἶναι
1550 5238 1642 5308 τὸν

67 5308 146 5359 ἐπὶ
177 5305 333 5361 πᾶσι
372 5305 532 5378 Θεόν“
561 5305 677 5358 ἀλλ’
707 5305 825 5358 οὐτι
849 5323 912 5374 γε
939 5310 1096 5378 ἡμεῖς
1114 5305 1371 5378 τοιοῦτον,
1387 5309 1436 5360 οἱ
1459 5307 1641 5360 πειθό-

69 5395 208 5442 μενοι
239 5375 436 5446 αὐτῷ-
449 5375 660 5442 λέγοντι
685 5391 702 5408 ο
750 5382 806 5432 Ὁ
842 5375 1044 5446 Παέὴρ
1085 5379 1118 5431 ό
1158 5376 1400 5445 πέμψας
1437 5377 1648 5445 μείζων

59 5467 169 5515 μεν
189 5442 728 5513 ἐστί.’8υρι’θηιιιῐῐι
799 5442 1174 5500 universorum
1225 5442 1390 5501 Deum
1439 5442 1635 5500 Filium

60 5534 152 5570 εειιι
185 5532 330 5570 esse
360 5515 618 5580 atlirmat,
648 5515 740 5570 sed
769 5517 984 5571 Patrem
1010 5533 1024 5580 ;
1052 5515 1244 5570 Filium
1269 5531 1395 5570 vero
1422 5516 1639 5570 univer-

63 5599 233 5640 sorum
267 5585 506 5655 quidem
540 5587 707 5640 Deum
730 5601 849 5641 esse
874 5626 888 5648 ,
918 5587 1013 5640 sed
1056 5596 1173 5654 post
1221 5583 1454 5642 Patrem.
1509 5587 1639 5652 Quae

65 5658 308 5721 suavis
351 5656 495 5710 male
523 5657 1021 5723 sonent,excusari
1062 5667 1243 5711 tamen
1302 5667 1543 5725 possunt,
1591 5658 1635 5712 si

63 5730 233 5781 Iunia
265 5726 482 5782 Filium
520 5740 551 5779 a
583 5727 748 5781 Patre
788 5727 1067 5794 accepisse
1098 5727 1526 5791 meminerimus,
1570 5742 1634 5781 ac

65 5799 290 5859 proinde
310 5811 385 5850 se
405 5811 526 5850 esse
553 5797 929 5852 universorum
962 5797 1126 5851 Deum
1159 5797 1304 5850 Patri
1349 5809 1630 5865 acceptum

65 5868 279 5923 referre-
318 5865 514 5920 Primo
543 5880 674 5935 ergo
701 5876 756 5920 et
803 5881 901 5934 per
950 5883 1007 5920 se
1058 5868 1431 5922 universorum
1495 5868 1632 5920 Deus

65 5939 354 6000 estiam,
389 5937 515 6003 quia
550 5951 656 5990 ase
684 5937 822 5990 Deus
845 5946 926 5991 est
959 5957 970 5990 :
1005 5936 1168 5993 Filius
1185 5940 1417 5993 secundo
1455 5948 1510 5992 et
1539 5953 1634 6007 per

401 6027 676 6089 Parnm.
722 6028 839 6089 Gn.
892 6030 1053 6092 XIV.

1752 4887 1916 4941 alium
1939 4895 2022 4941 est
2053 4887 2436 4941 universorum
2485 4885 2649 4950 Deus,
2676 4884 2800 4955 quia
2843 4882 3005 4955 habet
3061 4895 3090 4955 _a
3138 4877 3318 4955 ‘Patre

1751 4959 1830 5012 sic
1869 4966 2122 5025 tanquam
2154 4958 2222 5011 ab
2259 4957 2471 5026 origine
2519 4967 2575 5012 et
2628 4949 2893 5026 principio
2939 4960 2996 5026 ut
3025 4951 3101 5026 sit
3138 4949 3314 5026 Deus;

1749 5019 1993 5082 estenim
2028 5028 2171 5082 Deus
2199 5028 2266 5080 de
2305 5019 2435 5092 DEo,
2494 5037 2552 5081 ut
2599 5019 2762 5080 habet
2815 5020 3156 5093 Symbolum.
3185 5019 3318 5076 ‘Sed

1750 5097 1868 5152 haec
1893 5098 2044 5151 alibi.
2075 5097 2336 5153 Husrtus.

1819 5167 1930 5239 (⁵ο)
1963 5172 2007 5222 Τ
2001 5167 2075 5221 ὸν
2099 5166 2174 5221 δι’
2206 5167 2363 5239 ἡμᾶς
2380 5167 2698 5239 -ἇνθρωπιζν
2715 5161 3038 5239 μανθοίτςων
3065 5160 3318 5239 παραδέ-

1747 5233 1920 5306 (furat
1948 5239 2020 5292 τὰ
2049 5239 2119 5291 ἐν
2148 5233 2304 5308 ἀρχῇ
2332 5233 2448 5291 τῶν
2481 5233 2735 5305 ἀγαθῶν,
2768 5244 2876 5308 εις.
2905 5233 3084 5308 llunc_
3112 5236 3312 5308 mourn,

1745 5300 2065 5363 in'editione
2095 5300 2567 5372 lluet'i'ﬂuxatuni,
2609 5308 2688 5360 sic
2718 5305 2955 5359 restituit
2983 5303 3154 5356 codex
3180 5300 3314 5354 Bar-

1741 5378 1982 5433 berinus.

1816 5447 1926 5518 (5|)
1956 5448 2253 5517 Παρέσται
2281 5448 2348 5502 δὲ
2369 5446 2486 5502 ἀπὸ
2517 5447 2760 5518 τούτωτί,
2791 5455 2896 5518 etc.
2927 5443 3129 5518 Locum
3170 5445 3315 5518 hunc

1743 5513 2062 5582 satiav'eris,
2091 5521 2134 5572 si
2168 5521 2384 5588 legeris,
2409 5518 2504 5570 καὶ
2535 5518 2643 5571 ἀπὸ
2681 5516 2790 5569 τῶν
2830 5513 3312 5588 δυσεξαριθμήτων

1741 5589 2162 5661 γεγραμμένων,
2205 5584 2659 5661 quemadmodum
2699 5589 2915 5661 videtur
2968 5584 3164 5661 legisse
3193 5584 3313 5661 Ῥε-

1742 5652 1951 5714 rio-nius
1966 5652 2666 5730 'cujus‘inierpretationetn
2699 5652 3043 5712 Ferrariame
3067 5656 3170 5709 hoc
3192 5652 3309 5707 loco

1739 5730 1976 5798 przetuli.

1811 5799 1923 5871 (52)
1957 5801 2414 5870 Κεκωρημένων.
2444 5798 2611 5855 Codd.
2649 5797 2849 5868 Regius
2874 5806 2926 5851 et
2959 5794 3286 5852 Barberinus

1739 5887 1958 5942 κεχωρη
1968 5872 2134 5942 μένῳ.

2951 6024 2996 6081 2
