3922 6546
605 465 674 520 43
2076 467 2399 525 ORIGENIS
3780 466 3851 520 ιι

604 581 1011 653 euangelizantis
1038 598 1241 652 pacem,
1269 584 1401 638 sicut
1428 577 1792 656 evangelisans
1830 586 1990 650 bona,
2034 603 2165 656 quo-

2272 588 2540 673 όμολογεῖ,
2571 588 2673 660 ῆοί
2705 586 2929 660 μηδενὸς
2963 586 3072 641 τῶν
3108 587 3202 668 ἐπὶ
3230 586 3333 659 γῆς
3368 584 3723 658 ὑψηλοτάτων
3756 586 3852 639 καὶ

608 676 748 728 niam
775 675 1016 729 auditam
1052 674 1275 730 salutem
1306 685 1452 730 tuam
1492 676 1707 745 faciam,
1752 677 1930 733 dicens
1964 694 1982 732 :
2020 676 2169 742 Sion,

607 766 848 837 regnabit
876 765 1015 820 Deus
1053 776 1194 821 tuus.
1243 765 1477 832 Quinam
1518 767 1664 822 enim
1706 778 1831 823 sunt
1877 778 2087 825 montes
2119 770 2173 825 in

604 857 807 925 quibus
837 857 952 926 ipse
981 856 1073 925 qui
1109 855 1350 925 loquitur
1380 857 1559 913 inesse
1584 873 1644 913 se
1678 858 1832 924 dicit,
1864 860 1967 915 nisi
2002 860 2055 915 hi
2083 862 2176 930 qui

606 946 749 1000 nulla
781 960 839 1001 re
871 944 1156 1001 inferiores
1204 952 1331 999 sunt
1366 948 1434 1004 iis
1462 948 1556 1017 qui
1610 963 1772 1019 super
1804 958 2001 1004 terram
2049 960 2178 1006 sunt

607 1037 829 1091 maximi
866 1047 919 1091 et
943 1036 1189 1092 altissimi
1213 1038 1236 1090 l
1263 1054 1397 1107 quos
1421 1041 1675 1109 qumsitos
1700 1042 1942 1111 oportuit
1988 1042 2057 1097 ab
2089 1044 2176 1099 bis

606 1133 696 1202 qui
729 1131 859 1186 Novi
892 1130 1223 1186 Testamenti
1261 1133 1496 1188 ministri
1540 1144 1666 1190 sunt
1718 1136 1921 1199 idonei.
1967 1138 2178 1195 scilicet

607 1235 665 1280 ut
706 1235 919 1281 servent
966 1234 1291 1296 praeceptum
1340 1227 1525 1282 dicens
1564 1244 1579 1282 :
1625 1227 1798 1297 Super
1830 1237 2058 1285 montem
2096 1231 2176 1285 al-

607 1328 717 1372 tum
760 1320 982 1373 ascende
1015 1319 1105 1387 qui
1142 1318 1470 1386 evangelizns
1510 1321 1674 1387 Sion;
1705 1323 1882 1377 exulta
1909 1342 2028 1379 cum
2057 1326 2175 1394 for-

608 1413 831 1466 titudine
857 1427 1033 1465 vocem
1066 1424 1211 1463 tuam
1253 1427 1341 1481 qut
1390 1413 1677 1468 annuntias
1721 1414 2056 1471 Hierusalem
2101 1419 2169 1473 “.

608 1498 721 1554 Nec
750 1502 945 1555 mirere
969 1502 1014 1555 si
1035 1504 1486 1573 evangelizaturis
1507 1506 1667 1572 bona,
1681 1506 1823 1561 bona
1840 1523 2054 1579 quoque
2073 1511 2165 1565 Je-

608 1605 703 1645 sus
722 1593 1072 1663 evangelizet,
1087 1610 1207 1664 quae
1230 1611 1341 1650 non
1367 1596 1469 1651 alia
1490 1606 1619 1653 sunt
1636 1613 1665 1652 ε
1682 1614 1741 1653 se
1758 1600 1893 1669 ipso,
1914 1604 2167 1670 quando-

607 1684 823 1753 quidem
848 1685 1083 1755 seipsum
1102 1686 1205 1742 illis
1228 1688 1561 1759 evangelizat
1584 1689 1751 1743 Filius
1769 1691 1862 1744 Dei
1880 1692 1973 1761 qui
1990 1692 2166 1762 ipsum

606 1789 705 1843 per
731 1775 864 1830 alios
886 1776 1067 1831 dicere
1078 1778 1773 1847 nequeunt.Verumtamen
1802 1780 1895 1850 qui
1920 1784 2168 1841 ascendit

606 1877 839 1932 montes,
872 1868 983 1923 illis
1011 1868 1394 1939 evangelizans
1429 1870 1593 1936 bona,
1648 1870 1791 1925 haud
1840 1872 2171 1940 contemptui

2280 679 2550 749 μεγίστων
2580 679 2830 749 ἦττονεςς
2872 677 3122 741 οὕστινας
3163 676 3440 747 ζητεῖσθαι
3475 676 3556 730 δεῖ
3590 674 3696 730 ὐπὸ
3738 677 3849 731 τῶν

2280 774 2477 829 ἱκανῶν
2501 774 2761 828 διακόνων
2789 774 2889 845 τῆς
2909 773 3097 843 καινῆς
3117 771 3409 844 Διαθήκης,
3449 771 3536 824 ἵνα
3565 771 3848 842 τηρήσωσι

2274 865 2374 937 τὴν
2404 865 2666 934 λέγουσαν
2691 864 2929 935 ἐντολήν·
2984 863 3100 916 Ἐπ’
3144 861 3280 930 ὄρος
3322 862 3567 930 ὑψηλὸν
3597 859 3851 928 ἀνάδηθι

2277 962 2310 1012 ό
2348 954 2862 1029 εὐαγγελιζόμενος
2905 954 3077 1017 Σιὼν,
3124 953 3376 1022 ὕψωσον
3411 952 3486 1023 τῇ
3530 955 3704 1023 ἰσχύϊ
3734 950 3848 1020 τὴν

2276 1048 2485 1119 φωνήν
2524 1065 2639 1104 σου
2678 1052 2711 1103 o'
2751 1044 3265 1116 ebamxté'dperoc
3327 1046 3736 1116 Ἰερουσαλήμ.
3767 1047 3845 1103 Οὐ

2276 1141 2585 1212 θαυμαστὸν
2627 1139 2685 1193 δὲ
2725 1139 2776 1191 εί
2817 1140 2929 1199 τοῖς
2973 1136 3252 1207 μέλλουσιν
3298 1135 3747 1206 εὐαγγελίζεσθαι
3775 1138 3845 1191 τὰ

2277 1233 2457 1303 ἀγαθὰ
2512 1231 2720 1305 Ἰησοῦς
2765 1229 3169 1299 εὐαγγελίζεται
3213 1228 3281 1282 τὰ
3310 1228 3512 1297 ἀγαθὰ,
3553 1228 3655 1280 οὐκ
3712 1226 3845 1282 ἄλλα

2274 1326 2607 1397 τυγχάνοντα
2629 1322 2841 1377 ἑαυτοῦ·
2868 1321 3057 1375 ἑαυτὸν
3096 1319 3205 1391 γὰρ
3232 1319 3639 1388 εὐαγγελίζεται
3668 1320 3697 1372 ό
3718 1319 3844 1383 Υἱός

2274 1417 2368 1471 τοῦ
2435 1416 2570 1471 Θεοῦ
2625 1419 2736 1479 τοῖς
2754 1414 3069 1487 δυναμένοις
3120 1414 3182 1466 οὐ
3220 1412 3289 1465 δι’
3327 1411 3499 1466 ἄλλων
3543 1412 3707 1466 αὑτὸν
3750 1430 3844 1484 μα-

2275 1512 2406 1565 θεῖν·
2441 1511 2580 1582 πλὴν
2622 1511 2650 1564 ό
2687 1508 2980 1564 ἐπιϐαίνων
3017 1506 3126 1559 τῶν
3167 1504 3309 1577 ὀρῶν
3360 1505 3454 1558 καὶ
3495 1504 3842 1574 εὐαγγελιζό-

2277 1620 2435 1676 μενος
2494 1604 2676 1666 αὐτοῖς
2732 1601 2799 1654 τὰ
2852 1598 3033 1670 ἀγαθὰ
3051 1640 3066 1664 ,
3122 1597 3477 1670 μαθητευθεὶς
3531 1597 3612 1668 τῷ
3655 1596 3843 1668 ἀγαθῷ

2273 1696 2467 1765 Πατρὶ,
2514 1692 2904 1749 ἀνατέλλοντι
2941 1692 3047 1745 τὸν
3076 1690 3251 1758 ἣλιον
3285 1689 3382 1742 ἐπὶ
3412 1689 3715 1758 πονηροὺς
3742 1687 3841 1742 καὶ

2275 1786 2554 1856 ἀγαθοὺς,
2585 1786 2682 1839 καὶ
2706 1785 2990 1854 ,ϐρέχοντι
3016 1784 3114 1837 ἐπὶ
3148 1783 3416 1849 δικαίους
3445 1782 3543 1836 καὶ
3570 1782 3840 1847 ἀδίκους,

2274 1880 2399 1943 τοὺς
2418 1879 2516 1951 τὴν
2541 1877 2717 1950 ψυχὴν
2745 1878 2991 1949 πτωχοὺς
3026 1878 3128 1948 οὐχ
3173 1877 3536 1948 ὐπερηφανεῖο
3584 1874 3680 1928 καὶ⁵
3718 1873 3844 1926 τού-

604 1961 768 2017 habet
803 1976 1069 2032 pauperes
1104 1964 1318 2033 spiritu,
1360 1979 1389 2019 a
1425 1964 1570 2021 bono
1598 1965 1690 2020 illo
1722 1966 1949 2021 edoctus
1985 1966 2165 2031 Patre,

2271 1990 2384 2038 τοις
2440 1972 2535 2044 τὰρ
2570 1971 2995 2041 εὐαγγελίζεται,
3034 1970 3110 2034 ὡς
3148 1968 3309 2032 αὐτὸς
3353 1970 3620 2040 μαρτυρεῖ
3665 1965 3842 2021 λαϐὼν

600 2056 694 2123 qui
718 2053 882 2109 solem
911 2071 1065 2109 suum
1105 2059 1305 2112 etc-oriri
1335 2057 1463 2127 facit
1507 2073 1665 2126 super
1695 2058 1855 2113 bonos
1887 2068 1935 2113 et
1978 2059 2169 2125 malos,

601 2157 652 2202 et
680 2149 770 2218 qui
791 2147 926 2217 pluit
954 2165 1111 2219 super
1137 2151 1310 2219 iustos
1335 2161 1382 2205 et
1414 2150 1645 2220 injustas
1680 2150 1774 2204 “'.
1806 2150 2053 2221 Namque
2086 2152 2171 2207 bis

601 2254 819 2310 quoque
841 2242 1200 2310 evangelizat,
1242 2245 1388 2300 sicut
1433 2244 1669 2313 ipsemet
1721 2250 1973 2309 testatur,
2012 2259 2079 2299 ex
2107 2260 2173 2300 eo

602 2332 745 2402 quod
778 2342 995 2403 sumpto
1022 2333 1174 2390 Isaiae
1205 2336 1343 2391 libro
1369 2335 1498 2406 legit
1527 2333 1808 2404 :'Spiritus
1844 2334 2058 2389 Domini
2077 2353 2168 2390 su-

600 2446 693 2496 per
726 2446 829 2494 me,
870 2439 1147 2500 propterea
1176 2431 1316 2499 quod
1357 2430 1511 2484 unxit
1551 2445 1653 2494 me,
1690 2430 1760 2483 ad
1793 2429 2168 2499 euangelizan-

604 2528 731 2580 dum
756 2526 1076 2596 pauperibus
1108 2526 1253 2581 misit
1287 2541 1388 2591 me,
1420 2534 1476 2579 ut
1521 2525 1800 2593 prtedicem
1834 2525 2053 2592 captivis
2087 2539 2171 2578 re-

601 2619 922 2697 missionem,
946 2618 1164 2673 et'ctecis
1180 2616 1370 2671 uisum.
1397 2613 1781 2685 Complicatum
1803 2614 1942 2668 enim
1965 2615 2159 2668 librum

2272 2065 2364 2119 τὸν
2407 2065 2632 2119 Ἠσαίαν
2669 2065 2763 2117 καὶ
2794 2062 3059 2131 ἀναγνούς
3076 2078 3090 2091 ·
3129 2060 3197 2115 Τὸ
3221 2061 3452 2130 πνεῦμα
3490 2060 3717 2129 Κυρίου
3749 2061 3843 2113 ἐπ’

2273 2153 2398 2223 ἐμὲ,
2426 2149 2498 2210 οὗ
2525 2154 2734 2207 ἕνεκεν
2764 2154 2970 2223 ἐχρισέ
3003 2169 3100 2222 με,
3142 2152 3644 2220 εὐαγγελίσασθαι
3689 2165 3841 2205 πτω-

2274 2246 2406 2315 χοῖς
2428 2244 2773 2300 ἀπέσταλκά
2788 2262 2885 2314 με,
2915 2243 3166 2313 κηρῦξαι
3198 2243 3592 2314 αἰχμαλώτοις
3622 2242 3844 2311 ἄφεσιν

2277 2338 2375 2392 καὶ
2404 2335 2657 2407 τυφλοῖς
2689 2336 3051 2406 ἀνάϐλεψιν·
3091 2335 3321 2403 πτύξας
3356 2336 3466 2406 γὰρ
3505 2334 3571 2388 τὸ
3596 2334 3843 2398 βιϐλίον

2276 2431 2373 2484 καὶ
2397 2429 2662 2496 ἀποδοὺς
2705 2428 2786 2495 τῷ
2810 2428 3100 2498 ὑπηρέτῃ,
3143 2428 3386 2483 ἐκάθισε
3406 2445 3418 2458 ·
3468 2428 3567 2481 καὶ
3601 2426 3842 2480 πάντων

2278 2522 2728 2584 ὲνατενιζόντων
2755 2520 2914 2588 αὐτῷ
2938 2537 3092 2591 φησι
3112 2540 3125 2551 ·
3162 2521 3431 2591 Σήμερον
3460 2520 3841 2588 πεπλήρωται

2267 2616 2307 2684 ἡ
2342 2614 2552 2684 ι’ραφὴ
2579 2616 2729 2683 αὕτη
2759 2616 2830 2670 ἐν
2852 2615 2967 2682 τοῖς
3004 2616 3153 2671 ὠσὶν
3187 2616 3365 2687 ὑμῶν.

602 2730 723 2767 cum
753 2714 1067 2769 reddidisset
1094 2713 1354 2777 ministro,
1382 2712 1595 2767 resedit.
1638 2709 1871 2782 Cumque
1902 2710 2133 2765 omnium
2163 2711 2219 2764 in
2251 2726 2370 2766 eum
2405 2710 2569 2780 defixi
2607 2719 2776 2766 essent
2810 2710 2952 2765 oculi
3008 2712 3143 2766 dixit
3172 2727 3191 2766 :
3223 2710 3396 2766 Hodie
3425 2710 3707 2783 Scriptura
3733 2714 3840 2767 Ita'c

599 2809 811 2876 impleta
840 2819 914 2863 est
944 2810 1003 2862 in
1036 2808 1257 2861 auribus
1286 2809 1472 2862 uestris
1499 2806 1564 2861 ⁸⁷.

673 2904 761 2958 12.
804 2902 1126 2959 Necessario
1151 2902 1317 2957 etiam
1348 2902 1481 2958 illud
1511 2901 1785 2958 sciendum
1814 2911 1918 2967 est,
1949 2915 2169 2957 omnem

596 2996 790 3051 bonam
822 2995 1091 3051 actionem
1146 3010 1275 3066 erga
1318 2994 1502 3050 Jesum
1540 2994 1737 3049 factam
1780 2992 1883 3049 hoc
1917 2991 2166 3063 Evange-

596 3087 731 3141 lium
765 3087 1069 3154 continere,
1113 3086 1385 3157 quomodo
1430 3085 1599 3140 etiam
1635 3083 1879 3140 continet
1924 3081 2168 3138 mulieris

599 3178 750 3233 illius
803 3176 1123 3247 praeclaram
1170 3178 1317 3234 illam
1350 3177 1620 3232 actionem
1655 3191 1776 3246 quae
1821 3175 1963 3230 mala
2000 3189 2166 3243 opera

597 3283 722 3323 cum
774 3269 1108 3335 admisisset,
1165 3269 1612 3339 resipuissetque,
1661 3267 1787 3323 boni
1832 3267 2016 3322 odoris
2063 3281 2167 3320 un-

600 3369 856 3432 guentum
891 3363 1087 3432 potuit,
1121 3364 1191 3418 ob
1227 3362 1493 3434 insignem
1519 3371 1573 3417 et
1596 3375 1661 3416 ex
1692 3362 1873 3416 animo
1906 3359 2107 3415 factam
2138 3374 2167 3414 a

600 3453 761 3509 malis
794 3454 1173 3520 mutationem,
1206 3469 1371 3525 super
1398 3452 1584 3510 Jesum
1611 3453 1858 3518 fundere,
1883 3468 1993 3523 quo
2022 3452 2167 3509 facto

599 3552 712 3599 tota
737 3544 952 3611 domus,
987 3545 1094 3619 14
1120 3557 1285 3617 atque
1311 3547 1447 3602 adeo
1478 3554 1747 3617 quotquot
1777 3546 1889 3601 illic
1917 3546 2163 3613 aderant,

600 3634 748 3691 illius
796 3639 1060 3707 unguenti
1116 3636 1472 3708 fragrantiam
1534 3652 1698 3693 sensu
1760 3646 2163 3707 perceperunt;

600 3725 855 3798 quocirca
902 3727 1064 3783 etiam
1122 3728 1387 3799 scriptum
1438 3735 1525 3783 est
1572 3741 1588 3781 :
1631 3725 1932 3797 Ubicunque
1966 3729 2164 3797 praedi-

598 3828 777 3872 catum
811 3818 972 3886 fuerit
1004 3820 1099 3873 hoc
1139 3816 1487 3889 anngelium
1524 3820 1579 3873 in
1626 3821 1868 3875 omnibus
1905 3821 2163 3891 gentibus,

598 3912 803 3967 dicetur
849 3913 1010 3967 etiam
1040 3914 1193 3967 istius
1228 3914 1432 3981 factum
1466 3913 1535 3967 ad
1563 3915 1869 3968 memoriam
1905 3930 2055 3968 suam
2090 3914 2166 3970 ⁸⁸.

596 4004 768 4059 Porro
810 4005 1157 4075 perspicuum
1214 4016 1299 4061 est
1331 4006 1608 4062 Christum
1649 4007 1753 4062 sibi
1799 4016 2020 4077 accepta
2073 4021 2164 4063 re-

596 4095 761 4163 ferre,
788 4112 1126 4167 quaecunque
1155 4098 1209 4151 in
1234 4097 1530 4167 discipulos
1555 4112 1682 4153 suos
1708 4097 1899 4155 collata
1936 4097 2159 4153 fuerint.

596 4187 753 4244 Unde
775 4188 1097 4245 beneﬁcium
1119 4190 1452 4259 accipientes
1481 4190 1771 4245 ostendere
1799 4190 2009 4256 volens,
2035 4191 2165 4245 dan-

596 4279 742 4335 tibus
801 4281 1122 4336 benellcium
1178 4281 1316 4336 dixit
1366 4299 1381 4335 :
1449 4280 1602 4347 Quod
1650 4281 1730 4336 his
1771 4280 1991 4351 fecistis,
2030 4281 2161 4335 mihi

592 4371 791 4441 fecistis
821 4371 889 4427 ⁸⁸.
913 4370 1275 4439 Quamobrem
1301 4374 1504 4443 quaevis
1530 4372 1673 4444 actio
1696 4373 1835 4427 bona
1861 4386 1890 4427 a
1921 4371 2075 4426 nobis
2107 4371 2161 4425 in

592 4465 899 4534 proximum
946 4466 1169 4533 collata,
1204 4468 1271 4520 ad
1308 4463 1658 4536 Evangelium
1704 4462 1967 4529 refertur,
2014 4461 2160 4532 quod

592 4558 646 4611 in
675 4556 797 4612 ρωιί
830 4557 1030 4614 tabulis
1065 4558 1414 4622 inscribitur,
1464 4557 1886 4627 agnosciturque
1928 4570 1994 4610 ac
2027 4554 2163 4624 legi-

2349 2900 2435 2955 12.
2480 2901 2796 2972 Ἀναγκαῖον
2837 2902 2895 2956 δὲ
2941 2902 3157 2966 εἰδέναι,
3190 2902 3272 2956 ὅτι
3302 2903 3841 2976 ἐμπεριλαμϐάνεταί

2273 2992 2352 3065 τῷ
2381 2994 2605 3067 τοιούτῳ
2642 2995 2954 3067 Εὐαγγελίῳ
2980 2995 3075 3049 καὶ
3106 2996 3255 3049 πᾶσα
3279 2996 3313 3067 ἡ
3337 2998 3416 3060 εἰς
3455 2997 3664 3069 Ἰησοῦν
3693 3014 3838 3066 γινο-

2277 3084 2412 3156 μένη
2448 3084 2642 3155 πρᾶξις
2679 3084 2876 3157 ἀγαθὴ,
2911 3084 3097 3157 ὥσπερ
3123 3086 3218 3139 καὶ
3243 3086 3341 3157 τῆς
3364 3086 3432 3140 τὰ
3460 3086 3674 3160 πονηρὰ
3707 3087 3839 3161 ἔργα

2274 3177 2634 3247 πεποιηκυίας
2673 3179 2769 3232 καὶ
2799 3177 3248 3249 μετανενοηκυίας
3288 3177 3514 3233 εὐωδίαν
3548 3180 3839 3252 δεδυνημέ-

2272 3287 2369 3342 νης
2401 3270 2511 3341 (55)
2542 3270 2629 3324 διὰ
2650 3271 2746 3343 τὴν
2772 3271 2879 3325 ἀπὸ
2897 3269 3004 3324 τῶν
3040 3269 3226 3324 κακῶν
3255 3272 3484 3343 γνησίαν
3509 3274 3837 3344 μετάστασιν

2271 3360 2531 3430 καταχέαι
2573 3359 2666 3413 τοῦ
2724 3357 2918 3430 Ἰησοῦ,
2966 3358 3060 3411 καὶ
3103 3360 3265 3412 παντὶ
3304 3359 3383 3431 τῷ
3420 3361 3553 3431 οῐκῳ
3601 3362 3707 3433 τὴν
3745 3361 3836 3416 τοῦ

2271 3449 2445 3522 μύρου
2472 3449 2639 3522 πνοὴν
2665 3451 2744 3513 είς
2770 3447 3019 3518 αἴσθησιν
3045 3448 3261 3502 πάντων
3282 3448 3391 3501 τῶν
3415 3451 3473 3502 ὲν
3493 3448 3644 3521 αὐτῷ
3665 3450 3836 3521 ἐμπε-

2268 3546 2558 3617 ποιηκυίας
2577 3561 2591 3575 ·
2628 3543 2709 3598 διὸ
2738 3543 2831 3597 καὶ
2853 3543 3160 3615 γέγραπται
3179 3559 3193 3573 ·
3249 3543 3429 3596 Ὅπου
3458 3541 3537 3597 ἂν
3563 3542 3834 3614 κηρυχθῇ

2264 3639 2331 3691 τὸ
2364 3638 2731 3707 Εὑαγτέλιον
2759 3636 2955 3700 τοῦτο,
2978 3636 3047 3689 ἐν
3072 3635 3221 3691 πᾶσι
3249 3634 3372 3701 τοῖς
3398 3636 3625 3699 ἔθνεσι,
3650 3639 3833 3703 λαλη-

2266 3730 2513 3800 θήσεται
2554 3729 2652 3783 καὶ
2710 3730 2741 3785 ὃ
2778 3730 3067 3800 ἐποίησεν
3122 3729 3270 3797 αὕτη
3310 3731 3398 3795 εἰς
3436 3729 3834 3798 μνημόσυνον·

2265 3820 2473 3889 αὐτῆς.
2516 3820 2689 3891 Σαφὲς
2713 3820 2790 3885 δὲ,
2815 3821 2896 3874 ὃτι
2919 3824 2999 3886 είς
3032 3818 3238 3893 Ἰησοῦν
3268 3820 3473 3889 γίνεται
3506 3817 3574 3871 τὰ
3600 3817 3682 3881 εἰς
3710 3817 3832 3879 τοὺς

2268 3912 2702 3985 μαθητευθέντας
2767 3913 2913 3985 αὐτῷ
2963 3913 3371 3984 ἐπιτελούμενα.
3423 3912 3648 3975 Δεικνὺς
3704 3909 3829 3979 γοῦν

2263 4008 2389 4073 τοὺς
2428 4004 2486 4062 εὖ
2521 4007 2858 4071 πεπονθότας
2896 4009 3030 4078 φησὶ
3064 4010 3175 4070 τοῖς
3214 4005 3554 4076 πεποιηκόσι·
3599 4006 3829 4065 Τούτοις

2265 4103 2297 4157 ὃ
2335 4103 2676 4171 ἐποιήσατε,
2716 4102 2844 4172 ἐμοὶ
2885 4099 3237 4167 ἐποιήσατεο
3283 4098 3422 4151 ὣστε
3458 4097 3608 4150 πᾶσα
3636 4093 3827 4168 πρᾶξις

2264 4192 2440 4265 ἀγαθὴ
2467 4195 2501 4264 ἡ
2535 4193 2615 4258 είς
2642 4191 2733 4246 τὸν
2765 4190 2990 4260 πλησίον
3018 4191 3106 4259 ὑφ’
3137 4188 3292 4260 ήμῶν
3327 4184 3723 4256 ἐπιτελουμένη
3752 4184 3845 4265 εἰς

2262 4282 2323 4335 τὸ
2364 4277 2692 4351 Εὐαγγέλιον
2733 4278 3092 4351 ἀναφέρεται,
3141 4276 3202 4329 τὸ
3241 4276 3301 4328 ὲν
3355 4274 3473 4335 ταῖς
3524 4271 3693 4336 πλαξὶ
3738 4265 3845 4323 τοῦ

2261 4375 2490 4447 οὐρανοῦ
2535 4372 2896 4446 γραφόμενον,
2933 4372 3025 4423 καὶ
3069 4369 3175 4422 ὑπὸ
3207 4366 3423 4419 πάντων
3454 4361 3578 4415 τῶν.
3601 4358 3843 4439 ἠξιωμέῇ

2261 4485 2368 4523 νων
2393 4468 2493 4539 τῆς
2518 4465 2623 4519 τῶν
2650 4465 2787 4519 ὅλων
2826 4461 3078 4533 γνώσεως
3111 4456 3617 4528 ἀναγινωσκόμενον
3637 4471 3650 4485 ’
3696 4450 3839 4539 exul

2262 4561 2354 4615 καὶ
2382 4534 2462 4613 ὲκ*
2483 4556 2579 4612 τοῦ
2616 4555 2855 4612 ἐναντίου
2899 4554 3062 4627 μέρος
3088 4552 3206 4605 ἐστὶ
3235 4548 3327 4603 τοῦ
3374 4545 3711 4653 Εὐαγγελίου
3750 4544 3837 4653 είςῆ

591 4659 681 4704 tur
705 4651 772 4705 ab
809 4651 1066 4708 omnibus
1103 4654 1198 4722 qui
1237 4652 1624 4708 universorum
1656 4649 1967 4719 cognitione
2009 4645 2160 4718 digni

2271 4652 2594 4725 κατηγορίαν
2617 4648 2725 4704 τῶν
2748 4646 3067 4720 πραξάντων
3109 4644 3176 4698 τὰ
3212 4644 3292 4707 εἰς
3340 4639 3548 4712 Ἰησοῦν
3582 4640 3833 4725 ἀμαρταη

588 4740 759 4796 babiti
804 4740 1007 4809 fuerint
1041 4756 1059 4797 :
1087 4758 1211 4799 cum
1256 4758 1325 4799 ex
1373 4742 1603 4797 adverso
1635 4741 1801 4796 etiam
1830 4753 1956 4808 pars
1982 4736 2161 4791 Evan-

582 4832 715 4902 gelii
748 4835 1155 4890 accusationem
1212 4837 1495 4891 contineat
1541 4847 1729 4888 eorum
1778 4830 1869 4901 qui
1914 4828 2160 4899 delique-

582 5105 850 5175 cruciﬁge,
883 5107 1129 5177 cruciﬁge
1151 5124 1270 5161 eum
1296 5107 1365 5172 ⁷⁸,
1386 5104 1739 5161 etirrisiones
1754 5115 1967 5165 eorum,
1989 5113 2017 5152 a
2037 5097 2156 5168 qui-

581 5196 684 5250 bus
720 5208 803 5251 est
829 5198 1000 5268 spinis
1021 5211 1338 5264 coronatus,
1367 5208 1424 5252 et
1453 5197 1536 5250 his
1561 5194 1760 5250 similia
1786 5207 1884 5263 per
1903 5191 2151 5247 ordinem

582 5289 636 5342 in
666 5288 975 5359 Evangeliis
1005 5292 1178 5361 posita
1206 5298 1357 5345 sunt.
1388 5288 1596 5356 Quibus
1621 5298 1961 5353 consequens
1986 5291 2067 5337 est
2094 5290 2154 5335 ut

579 5383 987 5440 consideremus
1010 5383 1156 5454 quod
1185 5383 1436 5454 quisquis
1465 5379 1591 5437 Jesu
1626 5378 1921 5448 discipulos
1961 5375 2150 5447 prodi-

2255 4745 2474 4817 νόμενα.
2514 4743 2578 4796 Ἡ
2605 4740 2734 4811 γοῦν
2774 4737 2942 4793 Ἰούδα
2971 4735 3248 4809 προδοσία,
3284 4732 3377 4787 καὶ
3404 4733 3438 4803 ἡ
3473 4729 3569 4784 τοῦ
3597 4726 3831 4871 ἀσεϐοῦς]

2256 4834 2387 4871 Ἄρηιῗὶ
2412 4832 2741 4871 νη-ηϐόνςηνρ
2798 4830 3115 4871 τοάιτνηντοε·
3150 4822 3284 4871 Αἶρε
3305 4823 3424 4871 ἀπὸ
3445 4821 3559 4871 ’τίῆρ
3587 4821 3703 4871 rﬁr
3725 4820 3819 4871 τὸν

2256 4834 2387 4891 λαοῦ
2412 4832 2761 4903 καταϐόησις,
2798 4830 3115 4899 φάσκοντος·
3146 4822 3284 4894 Αἶρε
3305 4823 3424 4879 ἀπὸ
3445 4821 3559 4891 τῆς
3587 4821 3703 4893 γῆς
3725 4820 3819 4874 τὸν

589 4936 713 4979 runt
766 4927 820 4981 in
875 4924 1084 4983 Jesum.
1146 4924 1337 4996 Itaque
1373 4923 1528 4981 ludas
1579 4921 1819 4994 proditio
1865 4920 2159 4992 populique

2271 4921 2545 4985 remittor,
2590 4920 2690 4974 καί
2740 4918 3026 4987 σταύρου,
3065 4915 3328 4982 σταύρου
3375 4912 3586 4978 αὐτὸν,
3638 4911 3733 4965 καὶ
3775 4906 3827 4996 οἱς

585 5014 736 5083 impii
774 5016 1094 5071 vociferatio
1139 5016 1370 5072 dicentis
1416 5031 1432 5069 :
1476 5013 1620 5068 Tolle
1657 5012 1796 5065 hunc
1835 5027 1867 5063 a
1905 5018 2065 5072 terra,
2108 5017 2158 5062 et

2271 5015 2561 5087 εμπαιγμοὶ
2601 5012 2711 5067 τῶν
2755 5011 2915 5065 αὐτὸν
2967 5011 3031 5080 τῇ
3073 5005 3283 5079 ἀκάνθῃ
3329 5005 3785 5074 στεφανωσάντων
3800 5032 3823 5081 ,γ

2258 5108 2353 5160 καὶ
2410 5105 2479 5159 τὰ
2529 5103 2738 5168 τούτοις
2797 5100 3155 5172 παραπλήσια
3200 5094 3664 5166 ὲγκατατέτακται
3716 5091 3821 5155 τοῖ’ςὶ

2258 5196 2627 5266 Εὐαγγελίοις.
2674 5192 2985 5248 Ἀκόλουθον
3012 5190 3069 5244 δὲ
3092 5189 3300 5250 τούτοις
3329 5185 3448 5239 ἐστὶ
3489 5185 3698 5254 νοῆσαι,
3741 5172 3819 5266 Birt]l

2258 5196 2627 5266 Εὐαγγελίοις.
2674 5194 2985 5248 Ἀκόλουθον
3012 5194 3300 5250 δὲτούτοις
3329 5194 3448 5239 ἐστὶ
3489 5194 3698 5254 νοῆσαι,
3745 5194 3759 5197 “
3814 5208 3817 5211 ·

2258 5289 2367 5352 πᾶς
2403 5289 2432 5340 ὁ
2463 5286 2569 5341 τῶν
2600 5283 2856 5357 μαθητῶν
3036 5278 3132 5334 τοῦ
3169 5276 3340 5350 Ἰησοῦ
3367 5275 3655 5348 προδότης,
3686 5270 3760 5326 εἶν

2258 5380 2560 5449 λελόγισται
2599 5377 2694 5432 τοῦ
2733 5376 2906 5447 Ἰησοῦ
2946 5373 3232 5446 προδότης.
3267 5368 3412 5439 Πρὸς
3440 5367 3571 5436 γοῦν
3611 5367 3703 5420 τὸν
3739 5364 3762 5418 ί

2258 5514 2325 5579 l9,
2373 5514 2464 5568 2|.
2552 5512 2598 5544 ⁸⁸
2633 5510 2983 5571 Mattbaxrt,
3020 5506 3105 5560 15.
3182 5503 3227 5536 ⁸⁸
3259 5501 3453 5557 Matth.
3494 5515 3626 5565 xxv,

2227 5380 2560 5449 λελόγισται
2599 5377 2694 5432 τοῦ
2733 5376 2906 5447 Ἰησοῦ
2946 5373 3232 5446 προδότης.
3267 5368 3412 5439 Πρὸς
3440 5367 3571 5436 γοῦν
3611 5367 3703 5420 τὸν
3739 5364 3762 5418 ί

649 5524 695 5560 ⁸⁸
734 5523 835 5578 lsa.
862 5524 1027 5587 xn,2.
1104 5523 1188 5555 ⁸⁸·
1216 5521 1411 5576 Matth.
1440 5538 1495 5587 ν,
1521 5520 1622 5591 145.
1698 5521 1742 5553 ⁸⁷
1788 5519 1923 5574 Luc.
1964 5531 2038 5581 tv,
2095 5513 2162 5570 18

2271 5514 2325 5583 9,
2373 5514 2464 5568 21.
2552 5512 2598 5544 ⁸⁸
2633 5510 2983 5571 Mattbaxrt,
3020 5506 3105 5560 15.
3182 5503 3227 5536 ⁸⁸
3259 5501 3453 5557 Matth.
3494 5515 3626 5565 xxv,

575 5593 621 5625 ⁷⁸
652 5593 809 5648 iouis.
848 5609 965 5657 xu,
996 5592 1052 5656 6,
1086 5593 1177 5647 15.

651 5707 763 5779 (3'5)
825 5707 1438 5779 Ἐμπεριλαμϐάνεται.
1457 5748 1471 5761 .
1491 5747 1538 5764 ..
1589 5706 1843 5763 εὐωδίαν
1864 5777 1873 5779 μ
1898 5701 2146 5771 δεδυνη-

2330 5696 2442 5768 (54)
2472 5695 2549 5768 f0
2574 5692 2692 5768 ζῶν
2706 5688 3005 5768 μαθητῶν,
3037 5695 3147 5768 etc.
3174 5685 3336 5767 Deest
3374 5674 3806 5768 apudhlluetimq

574 5756 785 5848 pé‘r'ﬂé.
835 5756 1505 5834 meminissesaus'
1523 5756 1616 5834 ἐἰ
1628 5756 1979 5848 fugiamus
2018 5756 2147 5848 ευῤ-

2271 5756 2362 5823 τῶν
2388 5756 2664 5838 μαθητῶν,
2691 5756 2785 5848 sed
2807 5756 3081 5848 εἴπειειίἓά
3110 5756 3409 5848 marginem
3437 5756 3666 5840 codicis.
3685 5757 3752 5810 Ba

580 5843 1002 5930 plentlacunam
1054 5864 1176 5918 quae
1232 5848 1287 5903 in
1333 5850 1573 5906 editione
1629 5846 1895 5904 lluetiana
1928 5843 2147 5929 conspi-

571 5929 738 5974 citur.

2255 5825 2452 5900 beriui,
2485 5825 2936 5905 quemadmodum
2985 5825 3248 5905 Ferrarii'
3267 5835 3321 5881 et
3362 5825 3599 5885 Perionii
3653 5830 3757 5883 inte

2256 5897 2583 5981 pretatio'ct
2614 5906 2727 5976 ipsa
2765 5899 3033 5959 sententia
3061 5897 3352 5969 postulant.
