3856 6520
115 394 184 456 43
1207 394 1569 450 COMMENT.
1609 394 1674 449 IN
1717 392 1907 451 JOAN.
1945 393 2185 451 TOMUS
2223 395 2261 450 I.
3307 395 3376 450 50

110 517 164 569 δὲ
195 517 245 568 οἰ
279 514 386 586 πρὸ
412 515 510 585 τῆς
536 512 850 584 σωματικῆς
879 512 1116 585 Χριστοῦ
1151 513 1444 584 ἐπιδημίας
1471 515 1692 586 Χριστὸν

1805 525 1948 576 zant,
1974 516 2065 584 qui
2095 526 2178 569 est
2207 514 2448 570 omnium
2491 516 2652 584 bona,
2701 524 2760 571 ut
2797 526 2953 572 antea
3001 516 3373 580 ostendimus;

111 604 551 672 εὐαγγελίζονται
581 604 709 656 ὅντα
737 603 804 656 τὰ
836 602 1037 671 ἀγαθὰ,
1063 603 1138 666 ὡς
1160 602 1542 674 ἀπεδείξαμεν,
1572 605 1702 660 πάν-

111 716 215 749 των
248 695 368 760 πῶς
398 698 535 749 εἰσιν
569 696 620 748 οἱ
649 695 795 763 λόγοι
824 693 916 748 τοῦ
939 693 1269 762 Εὐαγγελίου
1308 695 1489 765 μέρος.
1524 697 1700 769 Ὅπερ

87 788 442 857 ⁸ῖιῖὐαγγέλιον
482 787 775 858 λεγόμενον
813 785 1090 840 λαλεῖσθαι
1144 789 1204 840 ἐν
1250 787 1356 857 ὅλῳ
1390 786 1468 856 τῷ
1510 788 1699 860 κόσμῳ

110 885 270 952 ἡμεῖς
329 880 748 952 ἐκλαμϐάνομεν
808 879 1246 949 ἀπαγγέλλεσθαι
1317 881 1377 934 ἐν
1452 881 1558 953 ὅλῳ
1621 883 1698 954 τῷ

111 976 330 1046 κόσμῳ,
386 975 450 1028 οὐ
511 976 672 1046 μόνον
733 975 811 1047 τῷ
872 975 1135 1046 περιγείῳ
1188 975 1372 1044 τόπῳ,
1426 975 1563 1029 ἀλλά
1603 977 1699 1030 καὶ

57 1111 61 1115 λ
113 1066 269 1119 παντὶ
321 1065 404 1137 τῷ
452 1068 758 1138 συστήματι
789 1066 866 1139 τῷ
902 1067 960 1133 ἐξ
1001 1064 1228 1136 οὐρανοῦ
1264 1065 1358 1118 καὶ
1394 1066 1518 1137 γῆς,
1562 1067 1595 1138 ἦ
1640 1065 1697 1133 ἐξ

111 1159 350 1228 οὐρανῶν
401 1159 498 1212 καὶ
541 1159 663 1228 γῆς.
719 1159 830 1213 Καὶ
862 1159 914 1211 τί
954 1157 1035 1210 δεῖ
1067 1158 1158 1210 ἐπὶ
1212 1158 1396 1211 πλεῖον
1437 1158 1698 1229 μηκύνειν

117 1251 206 1303 τὸν
228 1251 353 1321 περὶ
378 1251 477 1304 τοῦ
511 1251 564 1305 τί
594 1251 655 1304 τὸ
684 1250 1014 1319 Εὑαγγέλιόν
1050 1253 1166 1304 ἐστι
1190 1250 1345 1318 λόγον
1365 1268 1378 1314 ;
1402 1251 1698 1323 Αὑτάρκως

115 1341 169 1394 δὲ
199 1342 403 1394 τούτων
432 1343 760 1414 εἰρημένων,
798 1343 891 1395 καὶ
929 1344 992 1395 ἐκ
1031 1343 1236 1396 τούτων
1269 1342 1376 1395 τῶν
1432 1343 1506 1414 μὴ
1544 1344 1697 1396 ἀνεν-

116 1434 316 1504 τρεχῶν
385 1434 701 1504 δυναμένων
787 1436 856 1490 τά
941 1436 1296 1508 παραπλήσια
1368 1439 1698 1504 συναγαγεῖν

116 1526 213 1579 ἀπὸ
249 1527 364 1580 τῶν
408 1527 448 1578 Γ
453 1527 663 1599 ραφῶν,
710 1529 802 1581 καὶ
851 1528 1086 1598 βλέπειν,
1129 1527 1212 1591 τίς
1253 1531 1285 1599 ή
1319 1527 1444 1594 δόξα
1486 1528 1594 1580 τῶν
1641 1529 1698 1580 ἐν

126 1619 295 1689 Ἰησοῦ
326 1620 552 1690 Χριστῷ
599 1620 819 1689 ἀγαθῶν
854 1621 958 1673 ὑπὸ
1015 1619 1108 1674 τοῦ
1180 1620 1534 1689 Εὑαγγελίου,
1580 1619 1697 1674 δια-

117 1712 438 1781 κονουμένου
487 1713 593 1765 ὑπὸ
646 1713 948 1784 ἀνθρώπων
1010 1713 1104 1766 καὶ
1163 1713 1431 1782 ἀγγέλων,
1488 1713 1599 1781 ἐγὼ
1653 1712 1696 1765 δ’

118 1799 279 1873 οἳμαι,
310 1805 398 1856 ὃτι
452 1806 548 1858 καὶ
610 1804 814 1876 ἀρχῶν,
855 1805 950 1859 καὶ
1009 1804 1287 1870 ἐξουσιῶν,
1318 1805 1412 1858 καὶ
1472 1805 1695 1876 θρόνων,

1806 608 2210 678 quodammodo
2236 623 2518 665 sermones
2553 625 2682 680 pars
2713 619 2843 664 sunt
2885 609 3192 680 Evangelii.
3222 608 3374 675 Quod

1808 697 2154 768 Evangelium
2183 712 2304 752 cum
2346 700 2736 770 divulgandum
2765 716 2887 756 esse
2921 702 3130 756 dicatur
3169 699 3223 753 in
3264 707 3376 752 toto

1807 792 2034 858 mundo,
2067 805 2164 845 nos
2198 807 2294 861 per
2324 802 2495 847 totum
2525 794 2782 848 mundum
2816 810 2922 848 nou
2957 802 3168 851 tantum
3214 790 3377 847 intel-

1807 885 2022 957 ligimus
2051 893 2365 940 terrestrem
2400 886 2542 940 hunc
2582 887 2782 951 locum,
2817 886 2910 940 sed
2950 885 3112 939 etiam
3156 898 3373 937 omnem

1805 979 2020 1050 globum
2060 994 2126 1032 ex
2175 978 2316 1034 cmlu
2367 990 2420 1034 et
2466 990 2632 1042 terra,
2680 979 2764 1033 vel
2803 994 2871 1032 ex
2915 978 3068 1033 caelis
3115 985 3168 1031 et
3207 987 3370 1031 terra.

1806 1069 1912 1125 Sed
1971 1070 2100 1140 quid
2181 1087 2318 1141 opus
2389 1081 2472 1126 est
2536 1071 2740 1126 diutius
2796 1070 3110 1140 protrahere
3173 1083 3376 1123 sermo-

1806 1175 1928 1215 nem
1989 1162 2054 1216 de
2097 1177 2161 1216 eo
2209 1161 2339 1230 quid
2393 1164 2465 1217 sit
2513 1163 2860 1233 Evangelium
2896 1161 3080 1216 ?Cum
3124 1161 3237 1214 haec
3281 1174 3376 1213 au-

1807 1262 1912 1307 tem
1961 1251 2073 1321 jam
2125 1253 2259 1306 satis
2307 1255 2446 1307 dicta
2496 1254 2629 1316 sint,
2680 1263 2842 1322 atque
2894 1253 3016 1306 inde
3065 1249 3261 1306 similia
3307 1264 3372 1302 ex

1807 1346 2109 1416 Scripturis
2165 1347 2428 1416 colligere
2492 1345 2702 1415 possint
2755 1343 2850 1414 qui
2907 1343 3129 1396 minime
3193 1339 3371 1394 stolidi

1805 1445 2031 1491 suntet
2078 1439 2262 1501 rudes,
2322 1445 2377 1490 et
2439 1435 2638 1489 intueri
2699 1449 2858 1502 (luam
2924 1432 3153 1502 gloriam
3204 1430 3376 1484 hono-

1806 1543 1924 1581 rum
1989 1528 2090 1598 17
2153 1529 2204 1582 in
2260 1528 2476 1582 Christo
2526 1525 2652 1580 Jesu
2706 1526 2958 1579 exhibeat
3003 1522 3372 1592 Evangelium,

1807 1629 1918 1673 tum
1942 1620 2010 1674 ab
2045 1619 2376 1683 hominibus,
2417 1628 2525 1672 tum
2572 1618 2638 1670 ab
2678 1615 2882 1686 angelis
2912 1615 3371 1676 administratum,

1804 1722 1878 1776 et,
1901 1722 1959 1766 ut
1989 1723 2092 1784 tego
2123 1712 2378 1776 arbitror,
2403 1713 2564 1765 etiam
2595 1726 2623 1764 a
2649 1710 3037 1780 principatibus
3056 1718 3107 1762 et
3134 1715 3373 1777 potesta-

1807 1804 1972 1868 tibus,
2005 1818 2035 1858 a
2077 1802 2287 1858 thronis
2319 1812 2374 1857 et
2408 1803 2870 1857 dominationibus
2896 1841 2911 1865 ,
2962 1816 3024 1854 ac
3069 1801 3262 1854 deinde
3305 1800 3374 1852 ab

124 1894 213 1946 καὶ
241 1897 596 1966 κυριοτήτων,
632 1899 726 1950 καὶ
756 1898 957 1960 παντὸς
989 1897 1249 1968 ὀνόματος
1277 1896 1692 1966 ὀνομαζομένου,

1804 1896 1951 1951 omni
1992 1895 2244 1961 nomine,
2275 1895 2417 1964 quod
2469 1895 2803 1958 nominatur,
2841 1909 2945 1948 non
2989 1892 3158 1946 solum
3191 1892 3242 1945 in
3275 1890 3376 1945 hoc

119 1988 178 2040 οὐ
207 1988 361 2058 μόνον
398 1992 456 2042 ἐν
502 1990 679 2061 τούτῳ
724 1989 800 2059 τῷ
849 1989 1026 2053 αἰῶνι,
1063 1989 1201 2043 ἀλλά
1233 1991 1326 2044 καὶ
1349 1992 1406 2042 ἐν
1457 1989 1536 2059 τῷ
1577 1988 1702 2059 μέλ-

118 2080 270 2144 λοντι,
293 2080 426 2151 εἴγε
456 2083 552 2134 καὶ
583 2082 675 2134 ὑπ’
715 2083 880 2136 αὑτοῦ
927 2081 1020 2136 τοῦ
1083 2082 1345 2154 Χριστοῦ·
1383 2083 1546 2135 αὑτοῦ
1597 2099 1699 2134 που

119 2173 543 2245 καταπαύσομεν
565 2174 634 2228 τά
665 2175 769 2246 πρὸ
802 2175 901 2246 τῆς
946 2174 1405 2244 συναναγνώσεως
1446 2174 1555 2227 τῶν
1611 2190 1702 2242 γε-

117 2266 464 2335 γραμμένων.
515 2267 652 2338 Ἤδη
688 2267 744 2320 δὲ
770 2266 888 2338 Θεῷ
916 2267 1197 2339 αἰτώμεθα
1229 2267 1561 2340 συνεργῆσαι
1611 2268 1699 2322 διὰ

120 2359 343 2426 Χριστοῦ
367 2362 502 2430 ήμῖν
532 2361 588 2413 ἐν
612 2361 753 2430 ἀγίῳ
785 2359 1061 2430 Πνεῦματι
1099 2361 1234 2430 πρὸς
1268 2359 1564 2426 ἀνάπτυξιν
1602 2361 1695 2413 τοῦ

119 2452 173 2501 ἐν
222 2455 335 2516 ταῖς
400 2452 613 2521 λέξεσιν
694 2453 1364 2525 ἐναποτεθησαυρισμένου
1433 2453 1694 2524 μυστικοῦ

119 2561 224 2596 WJ.

1803 1989 2024 2053 saeculo,
2057 2004 2243 2044 verum
2275 1989 2442 2042 etiam
2478 1989 2530 2042 iu
2572 1987 2788 2051 futuro,
2817 1996 2929 2040 tmn
2966 1986 3130 2040 etiam
3165 1982 3234 2038 ab
3261 1983 3376 2052 ipso

1801 2081 2058 2148 Christo,
2109 2082 2209 2138 hoc
2242 2082 2292 2136 in
2324 2081 2443 2136 loco
2491 2082 2739 2136 ﬁniemus
2785 2095 2905 2151 quae
2939 2080 3207 2132 narranda
3254 2091 3374 2131 esse

1801 2174 2038 2230 diximus
2078 2183 2207 2231 ante
2244 2175 2752 2246 interpretationem
2797 2188 2985 2228 eorum
3023 2187 3143 2242 qua:
3187 2167 3375 2240 praele-

1801 2276 1999 2338 guntur
2053 2268 2139 2322 his
2193 2267 2430 2335 scriptis.
2471 2266 2589 2323 Jam
2625 2281 2756 2322 vero
2807 2266 2974 2320 Deum
3024 2278 3264 2326 oremus,
3315 2270 3374 2315 ut

1805 2358 1961 2412 nobis
1994 2359 2065 2414 sit
2093 2360 2408 2428 adjumcuto
2437 2374 2534 2429 per
2557 2357 2832 2415 Christum
2866 2358 2919 2412 in
2953 2365 3146 2412 sancto
3167 2353 3373 2422 Spiritu

1801 2454 1868 2506 ad
1893 2453 2272 2522 erplicandum
2301 2454 2587 2525 mysticum
2619 2468 2838 2509 sensum
2863 2452 2916 2506 in
2937 2453 3134 2516 verbis,
3153 2448 3375 2520 perinde

1803 2562 1866 2600 ac
1895 2547 2206 2600 thesaurum
2242 2546 2600 2603 reconditum.

1472 2642 1701 2711 Explicit
1734 2642 1998 2713 prwfatio.

189 2728 264 2786 l6.
307 2730 414 2784 Ἐν
442 2730 606 2799 ἀρχῇ
639 2728 718 2802 ἦν
762 2736 795 2786 ὁ
835 2735 1046 2803 Λόγος.
1087 2734 1160 2786 Οὐ
1220 2736 1380 2804 μόνον
1435 2735 1694 2805 Ἕλληνες

121 2821 276 2876 πολλά
325 2840 463 2891 φασι
531 2825 910 2896 σημαινόμενα
970 2824 1107 2881 εἶναι
1169 2829 1275 2882 ἀπὸ
1342 2809 1694 2898 τῆς-’ἀρχῆς

123 2917 518 2988 προσηγορίας,
568 2918 702 2973 ἀλλά
748 2920 854 2993 γὰρ
899 2921 953 2973 εἴ
1013 2939 1096 2984 τις
1150 2922 1383 2994 τηρήσαι
1445 2923 1693 2990 συνάγων

130 3005 368 3059 πάντοθεν
415 3006 578 3060 τοῦτο
617 3008 676 3061 τὸ
711 3009 882 3078 ὄνομα
907 3051 920 3074 ,
979 3016 1073 3064 καὶ
1123 3011 1365 3081 ἀκριϐῶς
1427 3011 1695 3078 ἐξετάζων

128 3097 349 3165 βούλοιτο
377 3104 667 3154 κατανοεῖν
699 3102 756 3154 ἐν
791 3103 1005 3170 ἑκάστῳ
1035 3104 1184 3174 τόπῳ
1208 3104 1315 3160 τῶν
1339 3106 1572 3177 Γραφῶν
1603 3105 1694 3160 ἐπὶ

122 3189 250 3253 τίνος
282 3192 570 3254 τέτακται,
605 3193 826 3266 εὑρήσει
856 3197 948 3249 καὶ
978 3195 1119 3250 κατά
1152 3197 1242 3250 τὸν
1268 3200 1411 3251 θεῖον
1441 3197 1598 3267 λόγον
1634 3197 1695 3253 τὸ

122 3281 424 3352 τολὺσημον
459 3283 562 3354 τῆς
595 3285 812 3354 φωνῆς·
858 3289 890 3358 ἡ
942 3288 1039 3358 μὲν
1069 3288 1177 3360 γάρ
1207 3307 1291 3353 τις
1323 3289 1398 3354 ὡς
1458 3289 1694 3362 μεταϐά-

121 3387 270 3436 σεως,
304 3373 442 3445 αὕτη
475 3375 534 3428 δέ
568 3377 717 3430 ἐστιν
750 3380 784 3449 ή
831 3379 906 3441 ὡς
943 3379 1063 3433 όδοῦ
1119 3383 1213 3436 καὶ
1269 3386 1513 3456 μήκους,
1558 3388 1694 3458 ὅπερ

118 3459 359 3531 δηλοῦται
393 3467 458 3518 ἐκ
481 3465 579 3519 τοῦ
599 3484 612 3498 ·
654 3468 827 3538 Ἀρχὴ
855 3469 998 3525 ὀδοῦ
1024 3473 1254 3542 ἀγαθῆς
1279 3476 1347 3530 τό
1383 3477 1575 3531 ποιεῖν
1624 3479 1696 3533 τὰ

120 3553 326 3610 δίκαια.
342 3560 456 3630 Τῆς
486 3560 599 3632 γάρ
625 3562 835 3633 ἀγαθῆς
863 3563 982 3617 ὁδοῦ
1014 3567 1278 3639 μεγίστης
1299 3571 1691 3644 τυγχανούσης,

122 3648 251 3700 κατά
278 3650 377 3720 μὲν
408 3653 480 3704 τά
506 3655 698 3726 πρῶτα
722 3657 936 3724 νοητέον
959 3653 1096 3713 εἶναι
1130 3661 1241 3732 (67)
1278 3663 1338 3715 τὸ
1371 3664 1691 3734 πρακτικὸν,
1729 3666 1732 3668 ’

122 3739 245 3811 ὅπερ
277 3744 615 3815 παρίσταται
638 3747 723 3801 διά
747 3747 863 3812 τοῦ,
896 3752 1088 3806 ποιεῖν
1151 3753 1221 3808 τὰ
1276 3753 1508 3811 δίκαιαο
1554 3755 1694 3809 κατά

121 3830 172 3884 δὲ
201 3834 266 3887 τὰ
312 3836 439 3907 ἑῆς
472 3837 530 3890 τὸ
564 3838 928 3911 θεωρητικὸν,
964 3846 1044 3908 εἰς
1101 3845 1130 3898 ὃ
1174 3847 1500 3918 καταλήγειν
1543 3845 1693 3921 οἶμαι

123 3923 292 3977 καὶτὸ
323 3926 479 3989 τέλος
513 3929 684 4000 αὐτῆς
719 3932 776 3982 ἐν
807 3933 873 4002 τῇ
907 3931 1175 4008 λεγομένῃ
1228 3937 1689 4007 ἀποκαταστάσει,

121 4011 202 4067 διὰ
232 4017 291 4069 τὸ
320 4019 527 4090 μηδένα
560 4021 985 4076 καταλείπεσθαι
1010 4025 1133 4079 τότε
1173 4026 1388 4100 ἐχθρὸν,
1421 4027 1550 4096 εἴγε
1570 4031 1694 4103 ἀλη-

128 4105 208 4168 θές
237 4109 332 4161 τό·
374 4109 479 4162 Δεῖ
509 4110 622 4180 γὰρ
668 4115 856 4167 αὐτόν
911 4117 1271 4181 βασιλεύειν
1321 4120 1432 4186 ἕως
1488 4119 1565 4174 ἂν
1616 4122 1692 4192 θῇ

125 4199 252 4265 τοὺς
273 4200 528 4270 ἐχθροὺς
555 4203 742 4260 αὐτοῦ
775 4205 892 4260 ὑπὸ
911 4207 1050 4274 τοὺς
1075 4209 1263 4276 πόδας
1289 4212 1693 4282 αὐτοῦ,ἕσχα-

125 4307 216 4358 τος
236 4293 302 4346 δὲ
315 4294 532 4363 ἐχθρός
562 4298 932 4366 καταργεῖται
959 4303 994 4353 ό
1025 4300 1438 4368 θάνατος.Τότε
1457 4307 1564 4381 γὰρ
1579 4308 1689 4378 (68)

129 4382 216 4447 μία
241 4383 440 4452 πρᾶξις
470 4384 623 4438 ἔσται
649 4384 758 4438 τῶν
789 4385 926 4456 πρὸς
946 4385 1078 4440 Θεὸν
1100 4387 1187 4440 διὰ
1213 4388 1304 4441 τὸν
1351 4392 1485 4462 πρὸς
1529 4393 1692 4445 αὑτὸν

126 4473 279 4540 Λόγον
313 4475 658 4544 φθασάντων,
695 4477 727 4547 ἡ
776 4477 869 4532 τοῦ
933 4482 1216 4533 κατανοεῖν
1261 4480 1353 4534 τὸν
1382 4482 1514 4536 Θεόν
1532 4501 1545 4512 ·
1603 4485 1690 4538 ἴνα

125 4559 371 4624 γένωνται
399 4563 565 4629 οὕτω,
600 4567 659 4618 ὲν
701 4569 766 4636 τῇ
824 4566 1024 4634 γνώσει
1055 4568 1150 4623 τοῦ
1211 4571 1422 4644 Πατρὸς
1473 4591 1691 4645 μορφω-

1873 2735 1960 2788 16.
2012 2732 2079 2788 In
2108 2728 2365 2798 principio
2395 2736 2509 2781 erat
2568 2725 2794 2782 Verbum
2829 2729 2897 2784 ει.
2961 2731 3110 2790 Hanc
3159 2749 3370 2803 vocem,

1798 2826 2070 2897 principii,
2105 2823 2273 2879 multa
2324 2821 2663 2892 signiﬁcare,
2715 2838 2820 2876 non
2873 2833 3082 2879 tantum
3145 2829 3372 2898 gentiles

1799 2920 2061 2983 fatentur,
2090 2918 2184 2972 sed
2217 2916 2382 2970 etiam
2415 2915 2458 2968 si
2491 2914 2617 2983 quis
2645 2914 2940 2970 observare
2966 2927 3130 2987 atque
3173 2920 3373 2974 intelli-

1799 3027 1926 3082 gere
1940 3009 2192 3074 voluerit,
2219 3007 2455 3076 undique
2475 3005 2736 3075 colligens
2769 3008 2868 3062 hoc
2898 3024 3116 3073 nomen,
3141 3019 3193 3064 et
3217 3027 3371 3066 accu-

1799 3113 1914 3160 rate
1939 3103 2254 3172 exquirens,
2282 3114 2387 3169 qua
2429 3099 2495 3153 de
2523 3114 2580 3154 re
2612 3101 2664 3153 in
2696 3100 2926 3169 singulis
2963 3099 3369 3172 Scripturarum

1799 3198 1934 3252 locis
1957 3197 2187 3266 positum
2216 3192 2311 3256 sit,
2354 3191 2592 3245 inveniet
2637 3191 2988 3262 multiplicem
3028 3195 3178 3249 vocis
3215 3195 3373 3261 lmjus

1799 3289 2247 3362 signiﬁcationem
2292 3285 2344 3338 in
2402 3283 2601 3340 divinis
2656 3285 3004 3342 sermonibus
3073 3302 3214 3342 esse.
3276 3287 3371 3343 Est

1799 3395 2034 3450 namque
2079 3380 2400 3450 principium
2434 3377 2580 3432 aliud
2613 3379 2880 3434 transitus
2915 3381 3058 3450 quod
3112 3383 3177 3435 ad
3226 3382 3366 3435 viain

1798 3475 2033 3546 pertinet
2071 3481 2125 3528 et
2151 3473 2546 3542 longitudinem
2576 3511 2592 3533 .
2621 3480 2678 3526 ut
2705 3471 2820 3526 baro
2848 3473 3008 3526 verba
3041 3473 3320 3528 declarant
3353 3493 3366 3528 :

1805 3565 1915 3622 Via:
1942 3568 2088 3622 bona:
2119 3568 2436 3636 principium
2469 3579 2544 3623 est
2571 3567 2744 3636 facere
2761 3566 2912 3636 juua
2957 3568 3023 3622 ⁸⁸.
3057 3567 3190 3622 Cum
3221 3569 3366 3623 enim

1794 3661 1935 3714 bona
1974 3661 2061 3713 via
2097 3660 2171 3714 sit
2215 3659 2561 3730 longissima,
2611 3659 2678 3714 ad
2712 3673 2830 3713 eam
2875 3660 2927 3713 in
2968 3659 3157 3729 primis
3197 3660 3369 3730 perti-

1794 3763 1925 3804 nere
1954 3762 2071 3802 eam
2100 3748 2450 3822 philosOphize
2475 3757 2682 3818 partem
2717 3751 3053 3803 censendum
3097 3757 3178 3802 est
3199 3789 3212 3813 ,
3249 3763 3368 3816 quae

1795 3840 1848 3895 in
1880 3853 2057 3895 rerum
2105 3840 2321 3894 actione
2353 3849 2635 3906 versatur;
2661 3841 2804 3908 quod
2835 3839 3148 3893 ostenditur
3169 3855 3231 3894 ex
3263 3839 3369 3894 illis

1794 3932 1995 3998 verbis,
2023 3931 2396 4001 facerejuua,
2431 3946 2552 3986 cum
2585 3935 2728 4001 quod
2777 3931 3043 4000 reliquum
3097 3939 3180 3985 est
3242 3931 3362 3994 viae,

1795 4025 1846 4079 id
1877 4034 2048 4080 totum
2087 4025 2154 4079 ad
2185 4039 2306 4080 eam
2335 4025 2440 4079 vim
2470 4033 2678 4094 spectet
2705 4038 2826 4094 qua:
2858 4024 2960 4077 sita
2987 4032 3070 4078 est
3095 4023 3148 4076 in
3184 4038 3365 4077 rerum

1793 4118 2293 4189 contemplatione,
2334 4119 2388 4172 in
2441 4132 2602 4187 quam
2646 4118 2808 4171 ctiam
2842 4116 3010 4186 ipsius
3037 4117 3196 4171 linem
3225 4115 3365 4170 desi-

1795 4221 1974 4265 turum
2029 4211 2245 4282 opinor,
2313 4209 2473 4266 simul
2530 4219 2691 4279 atque
2751 4209 3032 4264 advenerit
3088 4209 3364 4264 restitutio

1792 4319 1953 4374 quam
1994 4314 2193 4360 vocant
2223 4323 2238 4361 :
2280 4320 2346 4360 eo
2375 4304 2517 4374 quod
2546 4313 2656 4357 tum
2687 4303 2944 4371 temporis
2979 4319 3044 4357 ne
3082 4318 3219 4356 unus
3245 4303 3365 4372 qui-

1791 4397 1910 4452 dem
1942 4397 2328 4468 relinquendus
2377 4398 2446 4452 sit
2494 4396 2764 4461 inimicus,
2817 4395 2862 4450 si
2901 4393 3116 4464 quidem
3176 4408 3362 4447 verum

1790 4498 1876 4544 est
1934 4489 2064 4544 illud
2140 4507 2154 4544 :
2227 4489 2444 4558 Oportet
2513 4489 2649 4542 enim
2714 4503 2830 4541 eum
2894 4502 3141 4557 regnare,
3203 4485 3365 4538 donec

1789 4581 2019 4650 posuerit
2048 4597 2227 4635 omnes
2265 4581 2508 4635 inimicos
2540 4579 2636 4633 sub
2667 4579 2821 4648 pedes
2855 4595 3000 4645 suos,
3053 4587 3102 4632 et
3140 4578 3363 4632 novissi-

127 4650 293 4754 ?é*neq
314 4657 513 4722 πάντες
544 4659 786 4731 ἀκριϐῶς
804 4659 952 4726 Υἱὸς,
983 4661 1058 4726 ὡς
1113 4661 1209 4716 νῦν
1265 4665 1424 4735 μόνος
1482 4667 1512 4718 ὁ
1561 4666 1688 4731 Υἱὸς

1799 4690 1905 4728 mus
1934 4675 2096 4728 hostis
2129 4673 2402 4727 abolentur
2417 4689 2556 4726 mora
2582 4673 2650 4727 ⁸⁸.
2689 4671 2824 4726 Tum
2843 4675 2985 4727 enim
3005 4669 3361 4742 cognoscendi

126 4741 315 4810 ἰγνωκε
336 4749 427 4803 τὸν
460 4751 700 4822 Πατέρα.
730 4753 793 4806 Εἰ
842 4753 952 4824 γάρ
991 4754 1264 4826 ἐπιμελῶς
1315 4775 1399 4822 τις
1445 4759 1686 4824 ἐξετάζοι

1799 4761 1962 4817 Deum
2009 4777 2113 4817 una
2141 4763 2247 4818 erit
2276 4764 2422 4818 actio
2455 4777 2646 4818 eorum
2681 4762 2772 4832 qui
2807 4763 2874 4818 ad
2901 4741 3362 4830 Deumpervene-

131 4835 242 4888 τότε
269 4839 586 4908 γνώσονται,
619 4839 701 4907 οἷς
723 4844 1097 4900 ἀποκαλύπτει
1117 4849 1146 4901 ό
1171 4849 1425 4918 ἐγνωκὼς
1467 4852 1558 4905 τὸν
1577 4853 1690 4908 Πα-

126 4926 265 4996 τέρα,
295 4932 389 4984 καὶ
425 4933 611 5003 βλέπει
650 4935 710 4988 τὸ
743 4934 839 4989 νῦν
883 4937 949 4990 δι’
977 4939 1243 5012 ἐσόπτρου
1299 4943 1393 4996 καλ⁸
1442 4945 1499 4998 έν
1547 4947 1688 4999 αἰνί-

126 5031 279 5085 γματι
311 5022 398 5075 τὴν
426 5024 693 5094 βλέποντα
723 5027 962 5098 βλέπειν,
1001 5032 1212 5087 οὐδέπω
1261 5035 1537 5103 ἐγνωκότα
1584 5055 1686 5092 κα-

131 5105 224 5171 θὼς
247 5111 322 5164 δεῖ
343 5114 565 5181 γνῶναι,
592 5117 691 5170 οὐκ
713 5119 778 5173 ἂν
804 5122 1041 5193 ἀμάρτοι
1066 5123 1238 5193 λέγων
1279 5124 1481 5196 μηδένα
1517 5130 1684 5197 ἐγνω-

131 5198 284 5269 κέναι,
318 5205 420 5260 κᾶν
458 5209 778 5276 ἀπόστολος,
811 5212 914 5266 κᾶν
941 5215 1224 5286 προφήτης
1252 5233 1334 5280 τις
1365 5212 1420 5289 ᾖ,
1454 5219 1545 5271 τὸν
1568 5219 1683 5274 Πα-

1791 4852 1922 4920 rint,
1959 4854 2100 4910 duce
2131 4869 2198 4910 eo
2229 4853 2408 4910 Verbo
2453 4855 2598 4925 quod
2642 4863 2724 4909 est
2763 4855 2904 4924 apud
2935 4854 3100 4907 Deum
3138 4870 3152 4906 :
3187 4860 3246 4905 ut
3281 4849 3360 4906 sic

1788 4945 1898 5001 sint
1930 4945 1982 5000 in
2029 4947 2337 5016 cognitione
2379 4945 2559 5002 Patris
2611 4946 2834 5002 formati
2877 4956 3066 4999 omnes
3110 4951 3362 4998 accurate

1788 5032 1979 5104 Filius,
1997 5025 2058 5097 ut
2084 5053 2229 5094 nunc
2272 5037 2422 5094 solus
2465 5039 2634 5094 Filius
2667 5039 2820 5093 novit
2850 5035 3088 5090 Patrem.
3141 5034 3275 5088 Nam
3313 5035 3359 5089 si

1789 5129 2075 5201 diligenter
2099 5131 2220 5202 quis
2250 5131 2546 5197 examinet,
2577 5130 2792 5202 quando
2820 5129 3036 5183 Patrem
3068 5136 3360 5196 agnoscent

1785 5221 1839 5276 hi
1865 5222 2062 5292 quibus
2099 5225 2304 5279 revelat
2347 5225 2442 5295 qui
2487 5224 2703 5278 Patrem
2734 5223 2922 5288 novit,
2957 5229 3013 5276 et
3049 5221 3358 5276 consideret

133 5291 376 5388 ipf-(iiii),
392 5299 508 5352 ἀλλ’
522 5301 653 5355 ὅταν
668 5302 930 5370 γένωνται
956 5305 1034 5370 ἒν,
1052 5307 1129 5371 ὡς
1164 5307 1293 5372 Υἱὸς
1310 5311 1403 5362 καὶ
1417 5310 1604 5384 Πατὴρ
1623 5312 1682 5364 ἓν

1799 5291 2056 5370 videntem
2088 5331 2232 5372 nunc
2258 5291 2660 5388 per—speculum
2683 5324 2737 5370 et
2760 5314 2812 5369 in
2833 5313 3143 5384 aenigmate,
3174 5311 3358 5366 videre

197 5383 234 5416 "
259 5386 410 5444 Joan.
440 5391 559 5454 1,1.
635 5393 682 5425 ⁸²
713 5394 876 5452 Prov.
903 5413 1017 5458 xvi.
1059 5399 1112 5454 5.

178 5499 294 5578 .(67)
323 5498 512 5578 εἶναι.
548 5503 740 5560 Exstat
761 5507 814 5560 in
833 5509 1108 5566 codicibus
1131 5512 1427 5569 Barberino
1453 5523 1506 5567 et
1539 5515 1678 5570 Βυιιο

135 5569 306 5653 lei‘a‘no,
332 5576 732 5653 deest_ve_ro_in
769 5578 1007 5653 mlitione
1040 5581 1240 5653 liuetii.

176 5642 294 5723 J63)
331 5645 462 5723 Τότε
480 5644 730 5723 ,ἐχθρρη
750 5647 810 5723 εζ
822 5667 887 5718 γε
905 5649 1127 5723 agnas;
1159 5654 1261 5706 τόο
1294 5653 1394 5707 Δεῖ
1416 5655 1524 5723 γὰρ
1575 5658 1679 5710 αὑ-

136 5711 234 5800 53
249 5711 607 5800 ξαετμιετξέιίνί
633 5711 743 5800 ἕως
781 5711 858 5796 ei
884 5718 968 5800 ρῇ
1009 5711 1446 5800 'zoiigexopgvﬁé
1483 5711 1679 5781 ἀὐτοῦ

265 5783 600 5868 τοξιςῄπόὸιις
628 5785 838 5868 ηιξ-τοῦ,
875 5783 1456 5868 ἔρλχζι-τοςοὲῖὲέθρὸς
1478 5813 1682 5868 καταρ-

144 5863 294 5912 τειται
316 5857 345 5908 d
371 5857 646 5911 θάνατον.
684 5858 820 5915 Τότε
843 5857 984 5928 γάρ(
1005 5857 1119 5918 διε
1151 5857 1363 5922 codices
1420 5857 1678 5924 Barber'i-

1189 5399 1278 5457 ⁸⁸1
1308 5400 1436 5458 Cor.
1463 5419 1556 5468 xv,
1592 5404 1780 5473 25,26.

1785 5530 1887 5597 nos
1905 5527 1962 5597 et
1990 5514 2318 5572 Bodleianus
2343 5515 2634 5570 restituunt
2659 5530 2782 5586 quae
2808 5515 3008 5570 desunt
3035 5513 3087 5566 in
3117 5511 3356 5566 editione

2017 5655 2143 5710 Κᾶν
2187 5654 2498 5727 προφήτης
2555 5675 2645 5722 τις
2698 5651 2762 5727 ᾖ,
2800 5655 2904 5709 τὸν
2939 5651 3205 5727 Πατέρα.
3221 5649 3358 5727 _Sic

1785 5721 1934 5782 recte
1950 5721 2127 5781 habet
2157 5721 2330 5780 codei
2360 5721 2684 5783 Bodleianus
2703 5721 2729 5792 ξ’
2748 5736 2803 5782 et
2833 5728 2907 5779 ita
2939 5724 3188 5793 legerunt
3221 5721 3350 5793 Fer-

1787 5799 1964 5851 rarius
1984 5806 2037 5851 et
2071 5796 2382 5863 Perionius;
2419 5798 2555 5851 male
2590 5789 2769 5852 autem
2811 5797 2862 5849 in
2895 5789 3049 5848 codd.
3100 5789 3270 5863 Regio
3299 5800 3351 5843 et

1788 5866 2078 5925 Bat‘bcrino
2106 5868 2318 5938 legitur,
2356 5862 2457 5923 κᾶν
2489 5870 2791 5940 προφήτης,
2825 5865 2857 5935 ἢ
2886 5864 2980 5919 τὸν
3016 5862 3252 5932 Πατέρα.
