3856 6520
130 368 193 425 53
1204 380 1555 439 COMMENT.
1592 383 1656 438 IN
1685 384 1878 443 JOAN.
1916 386 2155 445 TOMUS
2185 387 2227 443 l.
3283 394 3347 449 5i

125 508 305 562 γοιμεν
328 492 545 548 Παῦλον
560 494 733 549 θέλειν
760 495 1035 567 ἐπιμένειν
1064 501 1130 571 τῇ
1151 505 1312 572 σαρκὶ
1348 505 1445 574 οὐχ
1472 506 1651 561 ἑκόντα

1757 565 1760 571 .
1788 512 1955 579 poris,
1981 513 2122 582 quod
2153 510 2301 577 facit,
2338 508 2450 579 spei
2475 510 2647 580 gratia
2672 510 2820 576 facit,
2848 521 3104 582 tanquam
3133 530 3179 569 ει
3203 514 3350 571 dice—

124 581 251 636 ἀλλὰ
272 582 483 656 διὰ-τὴν
510 585 719 640 ἐλπίδα.
750 589 1104 659 Προτιμῶντα
1145 591 1253 663 γὰρ
1292 597 1412 647 κατ’
1452 596 1582 649 αὐτὸ
1625 598 1685 651 τὸ

122 675 378 731 ἀναλῦσαι
404 678 507 732 καί
526 680 650 734 σὺν
672 680 904 749 Χριστῷ
927 679 1098 748 εῖναι,
1122 684 1220 737 οὐκ
1242 686 1433 755 ἄλογον
1462 684 1530 759 ἦν
1564 689 1684 759 βού-

123 770 299 825 λεσθαι
322 773 608 843 ἐπιμένειν
629 776 695 845 τῇ
723 776 886 847 σαρκὶ
907 775 992 830 διὰ
1032 775 1129 847 τὴν
1157 778 1356 850 ἑτέρων
1393 780 1678 851 ὠφέλειαν,

121 865 207 915 καὶ
237 864 523 937 προκοπὴν
573 865 671 938 τὴν
720 867 778 921 ὲν
821 871 932 932 τοῖς
979 869 1349 942 ὲλπιζομένοις
1399 875 1459 926 οὐ
1523 876 1680 946 μόνον

120 955 294 1019 αὐτοῦ,
328 955 471 1010 ἀλλὰ
494 957 589 1011 καὶ
617 959 727 1012 τῶν
756 959 1147 1031 ὠφελουμένων
1185 964 1277 1016 ὑπ’
1301 965 1488 1019 αὐτοῦ.
1521 968 1679 1022 Κατὰ

117 1045 262 1099 τοῦτο
284 1046 342 1099 δὲ
370 1048 433 1101 τὸ
454 1049 532 1113 ὡς
555 1051 819 1119 γενέσεως
841 1052 1233 1124 σημαινόμενον
1247 1054 1343 1127 τὴν
1363 1058 1555 1130 ἀρχὴν,
1584 1060 1677 1113 καὶ

116 1139 172 1191 τὸ
206 1140 310 1193 ὑπὸ
340 1141 446 1211 τῆς
477 1144 671 1212 σοφίας
701 1145 759 1200 ὲν
806 1147 1131 1219 Παροιμίαις
1185 1150 1476 1222 λεγόμενον
1522 1154 1674 1209 ἐκδέ-

120 1228 300 1292 ξασθαι
326 1231 673 1305 δυνησόμεθα
703 1237 767 1294 '0
784 1237 927 1307 Θεὸς
944 1240 1052 1313 γὰρ
1074 1282 1089 1307 ,
1130 1243 1313 1313 φησὶν,
1359 1244 1561 1301 ἕκτισέ
1599 1266 1676 1317 με

118 1320 301 1389 ἀρχὴν
321 1322 483 1377 ὁδῶν
502 1327 688 1382 αὑτοῦ
710 1330 798 1395 εἱς
820 1328 964 1399 ἔργα
998 1333 1204 1388 αὑτοῦ.
1254 1335 1484 1390 Δύναται
1544 1338 1673 1408 μέν·

117 1429 249 1479 τοιγε
278 1416 374 1467 καὶ
406 1417 504 1469 ἐπὶ
527 1419 588 1471 τὸ
620 1418 833 1491 πρῶτον
857 1422 1152 1491 ἀνάγεσθαι
1171 1466 1186 1489 ,
1228 1427 1473 1482 τουτέστι
1506 1429 1566 1482 τὸ
1596 1430 1672 1494 ὡς

115 1502 223 1556 ὁδοῦ
248 1505 338 1558 διὰ
388 1508 450 1560 τὸ
497 1508 790 1578 λέγεσθαι·
836 1513 888 1565 '0
928 1514 1071 1582 Θεὸς
1114 1515 1317 1571 ἐκτισέ
1347 1536 1424 1588 με
1475 1520 1672 1589 ἀρχὴν

114 1591 256 1645 ὁδῶν·
278 1595 493 1650 αὐτοῦ.
543 1598 656 1651 Οὐκ
700 1600 913 1664 ἀτόπως
965 1602 1021 1655 δὲ
1073 1604 1167 1657 καὶ
1222 1606 1315 1659 τὸν
1372 1606 1479 1661 τῶν
1533 1608 1670 1663 ὅλων

115 1683 232 1737 Θεὸν
270 1686 392 1756 ἐρεῖ
439 1706 526 1752 τις
556 1690 760 1762 ἀρχὴν,
796 1692 981 1761 σαφῶς
1011 1694 1350 1765 προπίπτων,
1393 1698 1475 1751 ὅτι
1525 1700 1667 1773 ἀρχὴ

116 1774 234 1830 Tia-3
259 1782 288 1830 6
314 1778 534 1851 Πατὴρ,
565 1784 658 1836 καὶ
684 1783 823 1855 ἀρχὴ
852 1784 1343 1858 δημιουργημάτων
1364 1790 1392 1842 6
1408 1789 1666 1862 δημιουρ-

1789 618 1972 657 rcmus
2027 602 2251 658 Paulum
2305 603 2441 657 velle
2491 617 2812 672 permanere
2862 602 2914 656 in
2970 619 3139 660 carne
3171 645 3186 669 ,
3240 622 3347 661 non

1785 702 1998 762 sponte,
2030 692 2123 748 sed
2159 701 2376 761 propter
2412 706 2581 760 spem.
2633 689 3019 747 Praeferentem
3053 697 3197 750 enim
3252 712 3348 766 per

1782 797 1841 839 se
1872 784 2082 849 resolvi,
2118 794 2166 838 et
2192 801 2308 838 cunt
2339 782 2549 837 Christo
2584 798 2694 837 esse
2718 784 2790 847 ’°,
2820 784 2954 838 nihil
2998 794 3084 840 est
3122 789 3346 844 ahsurdi

1784 874 1917 930 velle
1945 889 2262 945 permanere
2308 875 2360 929 in
2401 888 2564 928 carne
2606 885 2830 945 propter
2874 876 3101 933 aliorum
3132 880 3346 935 utilitas

1783 976 1911 1030 tem,
1943 975 1997 1021 et
2033 964 2333 1035 proiectum
2376 964 2430 1018 in
2461 966 2641 1030 rebus,
2677 981 2783 1019 uon
2825 976 3032 1022 tantum
3065 986 3200 1038 quas
3226 973 3342 1043 ipse

1779 1067 1980 1128 sperat,
2006 1059 2099 1114 sed
2129 1058 2293 1113 etiam
2321 1073 2458 1128 quas
2485 1067 2705 1129 sperent
2735 1060 2789 1113 hi
2821 1060 3015 1130 quibus
3061 1074 3144 1119 est
3180 1066 3341 1136 adju‘

1779 1157 1981 1204 mento.
2021 1146 2139 1203 Jam
2175 1146 2329 1216 juxta
2365 1148 2469 1204 hoc
2509 1148 2894 1219 signiﬁcatum,
2944 1168 3053 1222 quo
3108 1156 3341 1211 dicimus

1777 1237 2100 1307 principium
2168 1238 2577 1308 generationis,
2653 1239 2953 1310 intelligere
3033 1246 3335 1313 poterimus

1774 1330 1938 1384 etiam
1972 1328 2102 1384 illud
2134 1330 2548 1387 Proverbiorum
2591 1350 2606 1387 :
2647 1332 2786 1389 Deus
2828 1337 3021 1390 creavit
3060 1352 3139 1390 me
3182 1339 3333 1405 prin-

1773 1418 1965 1487 cipium
1988 1420 2191 1474 viarum
2218 1437 2458 1487 suarum,
2484 1424 2555 1476 ad
2583 1438 2737 1494 opera
2770 1441 2867 1479 sua
2889 1426 2956 1491 ⁹¹,
2986 1428 3126 1497 quod
3155 1436 3335 1483 tamen

1772 1518 1947 1580 potest
1969 1512 2038 1566 ad
2069 1512 2307 1581 primum
2333 1515 2699 1584 signiﬁcatum
2729 1517 2834 1572 vite
2872 1518 3171 1585 referri,eo
3193 1523 3333 1590 quod

1774 1602 2027 1658 dicatur:
2060 1602 2263 1658 Creavit
2306 1621 2389 1658 me
2433 1604 2573 1661 Deus
2610 1609 2929 1676 principium
2966 1611 3166 1663 viarum
3209 1629 3337 1665 sua-

1770 1708 1908 1747 rum.
1948 1692 2059 1748 Nec
2090 1694 2324 1750 absurde
2350 1696 2726 1754 universorum
2758 1700 2923 1754 Deum
2954 1703 3152 1756 dixerit
3179 1704 3333 1771 quis~

1768 1784 1912 1853 piam
1981 1782 2326 1854 principium,
2382 1785 2559 1855 palam
2608 1802 2674 1842 eo
2730 1788 3039 1856 procidens.
3091 1799 3149 1843 ut
3204 1789 3328 1844 Filii

119 1865 224 1931 τὸς,
249 1868 339 1921 καὶ
365 1870 704 1936 ἁπαξαπλῶς
732 1873 873 1946 ἀρχὴ
905 1873 1013 1928 τῶν
1039 1875 1207 1930 ὅντων
1229 1879 1258 1929 6
1288 1877 1439 1941 Θεός.
1474 1859 1651 1952 Παρα-

1765 1873 2087 1945 principium
2142 1875 2215 1930 sit
2269 1876 2453 1942 Pater,
2505 1887 2560 1933 et
2595 1879 2917 1949 principium
2951 1892 3327 1936 creaturarum

116 1957 394 2028 μυθήσεται
426 1960 486 2014 δὲ
515 1962 605 2015 διὰ
632 1963 726 2016 τοῦ
747 1981 761 1995 ’
779 1965 874 2017 Ἐν
904 1965 1060 2036 ἀρχῇ
1083 1963 1161 2037 ἦν
1191 1972 1224 2021 ό
1251 1970 1457 2040 Λόγος,
1492 1972 1662 2039 Λόγον

110 2045 233 2099 νοιῖιν
250 2050 340 2101 τὸν
367 2050 499 2103 Υίὸν
534 2052 687 2124 παρὰ
715 2053 777 2107 τὸ
793 2049 930 2109 εἶναι
966 2058 1024 2110 ὲν
1053 2056 1132 2128 τῷ
1164 2057 1339 2131 Πατρὶ
1370 2059 1661 2131 λεγόμενον

109 2133 233 2192 εἶναι
260 2141 318 2194 ὲν
342 2143 515 2213 ἀρχῇ.

166 2336 246 2391 18.
276 2338 474 2409 Τρίτον
504 2340 561 2394 δὲ
601 2342 664 2396 τὸ
702 2344 760 2412 ἐξ
812 2339 874 2401 οὗ
921 2345 1119 2402 οἴονται
1152 2348 1265 2420 (75)
1321 2348 1380 2415 ἐξ
1434 2351 1656 2406 ὑποκει-

109 2427 255 2498 μένης
277 2429 434 2502 ῦλης,
458 2432 601 2504 ἀρχὴ
628 2436 777 2509 παρὰ
807 2440 917 2502 τοῖς
936 2439 1045 2511 (76)
1067 2440 1325 2510 ἀγένητον
1350 2442 1517 2515 αὐτὴν
1544 2446 1658 2497 ἐπι-

107 2520 396 2589 σταμένοις,
440 2523 557 2577 ἀλλ’
586 2526 646 2578 οὐ
684 2527 813 2598 παρ’
853 2530 983 2600 ἡμῖν
1014 2533 1127 2594 τοῖς
1168 2532 1529 2605 πειθομένοις,
1574 2535 1655 2588 ὅτι

105 2610 154 2675 ἐξ
172 2612 266 2664 οὐκ
297 2613 471 2668 ὄντων
496 2615 566 2669 τὰ
604 2616 732 2671 ὄντα
762 2619 1014 2691 ἐποίησεν
1037 2624 1066 2676 ό
1089 2621 1252 2688 Θεὸς,
1287 2624 1361 2689 ὡς
1404 2626 1437 2696 ἡ
1474 2627 1655 2699 μήτηρ

102 2701 353 2758 τῶνὲπτὰ
388 2707 682 2780 μαρτύρων
708 2710 768 2762 ὲν
781 2711 1320 2781 Μακκαϐαϊκοίς,καὶ
1359 2718 1388 2771 ό
1427 2719 1525 2790 τῆς
1561 2737 1655 2791 με-

104 2798 299 2863 τανοίας
329 2799 567 2869 ἄγγελος
599 2802 658 2854 ἐν
686 2801 766 2874 τῷ
794 2804 1030 2873 Ποιμένι
1051 2805 1276 2875 ἐδίδαξε.

164 3000 239 3054 19.
262 3000 410 3074 Πρὸς
442 3002 653 3066 τούτοις
687 3003 828 3076 ἀρχὴ
855 3003 946 3058 καὶ
1002 3004 1062 3059 τὸ
1104 3005 1224 3059 καθ’
1251 3000 1363 3060 οἷον
1412 3008 1551 3063 κατὰ
1588 3008 1649 3062 τὸ

102 3082 241 3153 εἶδος,
269 3090 469 3157 οὕτως’
513 3094 672 3165 εἴπερ
705 3093 866 3149 είκὼν
896 3093 991 3148 τοῦ
1021 3095 1154 3150 Θεοῦ
1199 3096 1291 3150 τοῦ
1341 3098 1572 3171 ἀοράτου
1616 3100 1647 3153 6

98 3183 425 3250 πρωτότοκος
478 3185 659 3257 πάσης
715 3187 960 3253 κτίσεως,
990 3188 1130 3259 ἀρχὴ
1180 3188 1343 3243 αὐτοῦ
1375 3193 1404 3244 6
1453 3192 1643 3264 Πατήρ
1674 3218 1715 3275 c

95 3272 252 3326 ἐστιν.
278 3275 507 3345 Ὁμοίως
535 3276 594 3330 δὲ
621 3278 714 3331 καὶ
738 3278 968 3349 Χριστὸς
994 3280 1135 3351 ἀρχὴ
1163 3280 1271 3334 τῶν
1302 3282 1423 3335 κατ’
1461 3282 1647 3339 είκόνα

93 3368 387 3437 γενομένων
408 3367 569 3423 Θεοῦ.
602 3369 667 3422 Ei
704 3369 811 3442 γὰρ
842 3370 890 3424 οι
922 3370 1193 3444 ἄνθρωποι
1227 3374 1345 3426 κατ’
1380 3374 1584 3441 εἰκόνα,
1612 3376 1646 3447 ἡ

91 3457 239 3511 εἰκὼν
269 3459 333 3513 δὲ
361 3462 502 3516 κατὰ
532 3463 624 3517 τὸν
663 3465 900 3537 Πατέρα,
952 3465 1014 3519 τὸ
1054 3466 1152 3536 μὲν
1199 3464 1334 3520 καθὸ
1378 3465 1471 3519 τοῦ
1513 3468 1648 3539 Χρι-

92 3549 203 3603 στοῦ
245 3553 277 3605 6
302 3551 494 3627 Πατὴρ
544 3557 688 3630 ἀρχή
709 3576 722 3589 ο
776 3558 836 3612 τὸ
870 3558 927 3612 δὲ
982 3557 1114 3611 καθὸ
1146 3557 1253 3612 τῶν
1288 3557 1589 3629 ἀνθρώπων
1616 3562 1645 3614 6

89 3640 333 3707 Χριστὸς,
366 3648 671 3718 γενομένων
699 3649 759 3702 οὒ
788 3649 927 3704 κατὰ
956 3649 1017 3703 τὸ
1038 3643 1098 3704 οῦ
1132 3649 1278 3703 ἐστιν
1299 3641 1483 3715 εἰκὼν,
1508 3649 1644 3706 ἀλλὰ

89 3730 216 3784 κατὰ
258 3728 361 3799 τὴν
400 3737 605 3790 εἰκόνα.
668 3738 997 3810 ’Δρμόσειδὲ
1028 3740 1123 3805 τὸ,
1170 3741 1272 3795 Ἔν
1294 3738 1453 3811 ἀρχῇ
1483 3733 1562 3810 ἦν
1608 3742 1643 3793 ὁ

88 3823 284 3892 Λόγος,
308 3826 388 3886 είς
414 3825 476 3878 τὸ
507 3827 639 3880 αὐτὸ
668 3828 1031 3901 παράδειγμα.

140 4084 228 4141 ἳθ.
255 4088 448 4144 Ἔστιν
483 4091 628 4163 ἁρχὴ
659 4092 753 4146 καὶ
791 4093 865 4157 ὡς
896 4093 1200 4167 μαθήσεως,
1232 4093 1367 4149 καθὸ
1395 4095 1463 4151 τὰ
1494 4112 1636 4149 στοι-

83 4178 191 4244 153‘i
214 4197 398 4251 trram
424 4183 600 4254 ἀρχὴν
637 4180 775 4239 εἶναι
819 4187 1229 4259 γραμματικῆς.
1268 4187 1425 4242 Κατὰ
1478 4186 1635 4242 τοῦτό

84 4283 231 4337 φησιν
272 4274 305 4323 6
351 4272 690 4339 ’Δπόστολος,
742 4277 845 4341 ότι,
884 4278 1247 4347 Ὀςοείλογτες
1285 4275 1436 4333 εἶναι
1481 4278 1635 4333 διδά-

80 4364 281 4414 σκαλοι
314 4362 413 4416 διὰ
442 4363 551 4418 τόν
572 4368 813 4435 χρόνον,
841 4368 1029 4423 πάλιν
1059 4370 1266 4438 χρείαν
1301 4371 1471 4439 ἔχετε
1526 4369 1633 4425 τοῦ

80 4451 379 4512 διδάσκειν
404 4459 564 4528 ὑμᾶς
584 4462 719 4517 τινα
747 4462 818 4517 τὰ
835 4462 1103 4534 στοιχεῖα
1142 4463 1254 4532 τῆς
1286 4463 1479 4533 ἀρχῆς
1513 4462 1634 4517 τῶν

1762 1966 2008 2033 Creator,
2060 1977 2225 2037 atque
2270 1974 2573 2039 generatim
2615 1971 2820 2026 entium
2875 1973 3199 2042 principium
3258 1975 3331 2029 sit

1764 2058 1953 2111 Deus:
1988 2057 2335 2113 conﬁrmabit
2392 2062 2496 2115 hoc
2529 2078 2541 2113 :
2572 2058 2639 2114 In
2694 2063 2953 2132 principio
3010 2074 3122 2117 erat
3202 2063 3326 2118 Ver-

1760 2149 1885 2203 bum
1910 2148 1979 2203 ⁹³.
2016 2147 2253 2205 Verbum
2285 2150 2595 2221 intelligens
2645 2153 2865 2218 Filium,
2899 2154 2989 2223 qui
3031 2156 3084 2209 in
3116 2158 3322 2227 princi-

1761 2242 1850 2312 pio
1868 2257 1989 2297 esse
2018 2243 2233 2307 dicitur,
2264 2242 2389 2311 quia
2413 2243 2485 2298 sit
2506 2243 2557 2296 in
2591 2243 2774 2301 Patre.

1829 2334 1918 2387 18.
1958 2333 2145 2390 Tertio
2218 2334 2346 2388 illud
2401 2351 2469 2390 ex
2534 2349 2667 2406 quo.
2734 2338 2877 2393 unde
2932 2347 3188 2409 tanquam
3254 2357 3321 2397 ex

1760 2427 2155 2495 pmexsistenti
2223 2427 2450 2482 materia
2502 2429 2752 2484 oriantur
2812 2431 2939 2497 alia,
2996 2434 3319 2503 principium

1757 2519 2074 2578 existimant
2127 2518 2227 2585 illi,
2268 2521 2360 2590 qui
2387 2522 2670 2577 materiam
2714 2521 3009 2595 ingenitam
3044 2536 3314 2582 astruuut.

1757 2608 1928 2665 Secus
1954 2625 2084 2665 vero
2108 2612 2247 2680 apud
2276 2626 2374 2667 nos
2404 2624 2505 2679 est,
2532 2615 2622 2684 qui
2646 2617 2920 2671 credimus
2953 2633 3019 2672 ex
3046 2633 3152 2674 non
3182 2621 3318 2675 enti-

1756 2699 1857 2756 bus
1886 2699 2056 2756 Deum
2093 2703 2241 2757 entia
2267 2704 2482 2772 fecisse,
2516 2716 2575 2760 ut
2601 2718 2773 2763 mater
2805 2708 2891 2763 illa
2931 2720 3137 2780 septem
3164 2728 3313 2767 mar-

1755 2801 1931 2863 tyrum
1992 2793 2047 2849 in
2102 2794 2524 2853 Maccabeos-um
2572 2800 2742 2869 gestis
2773 2800 2839 2868 ”,
2898 2811 2953 2857 et
2981 2804 3314 2873 poenitentiae

1753 2885 1973 2955 angelus
2001 2886 2054 2941 in
2085 2885 2306 2943 Pastore
2335 2889 2537 2946 docuit.

1824 2979 1910 3034 19.
1940 2978 2021 3037 Ad
2047 2983 2161 3039 haec
2197 2985 2520 3057 principium
2562 2990 2726 3045 etiam
2769 3001 2857 3047 est
2903 2994 3069 3049 veluti
3110 3010 3312 3051 secun-

1746 3066 1876 3124 dum
1910 3070 2172 3138 formam,
2228 3077 2332 3132 hoc
2379 3088 2535 3147 pacto
2566 3099 2577 3133 :
2604 3082 2648 3136 si
2689 3083 3087 3157 primogenitus
3136 3089 3312 3145 omnis

1745 3169 2010 3217 creaturae
2079 3174 2164 3220 est
2223 3168 2399 3239 imago
2471 3170 2563 3225 Dei
2617 3173 2932 3240 invisibilis,
2983 3177 3310 3248 principium

1752 3249 1922 3319 ipsius
1957 3258 2041 3308 est
2070 3250 2266 3318 Pater;
2295 3254 2548 3311 similiter
2578 3257 2743 3313 etiam
2770 3258 3020 3316 Christus
3044 3271 3127 3318 est
3157 3264 3311 3333 prin-

1749 3340 1950 3409 cipium
1986 3354 2174 3396 eorum
2221 3343 2314 3411 qui
2350 3343 2477 3401 facti
2507 3355 2634 3401 sunt
2663 3349 2961 3403 secundum
3017 3351 3311 3422 imaginem

1749 3432 1867 3489 Dei.
1929 3431 2064 3488 Nam
2100 3432 2146 3488 si
2180 3434 2429 3493 homines
2467 3445 2595 3492 sunt
2649 3442 2947 3495 secundum
2994 3442 3305 3513 imaginem,

1747 3526 1927 3597 imago
1954 3541 2086 3583 vero
2135 3530 2430 3586 secundum
2472 3529 2709 3598 Patrem,
2741 3533 2897 3602 juxta
2953 3535 3057 3590 hoc
3094 3536 3309 3605 quidem

1740 3616 1910 3673 Pater
1942 3619 2267 3692 principium
2294 3630 2378 3677 est
2398 3620 2527 3676 Filii
2554 3639 2570 3687 ;
2600 3622 2756 3690 juxta
2792 3625 2924 3680 illud
2953 3641 3102 3691 vero,
3131 3627 3308 3682 homi-

1743 3724 1874 3764 uum
1909 3710 2235 3781 principium
2266 3712 2663 3782 estjChristus,
2701 3717 2795 3786 qni
2840 3717 2971 3773 facti
3028 3727 3157 3773 sunt
3200 3734 3305 3773 non

1742 3804 2039 3860 secundum
2062 3805 2117 3860 id
2147 3806 2300 3877 cujus
2327 3815 2411 3863 est
2438 3807 2640 3878 imago,
2671 3811 2768 3865 sed
2796 3812 3094 3867 secundum
3115 3812 3305 3883 imagi-

1740 3911 1863 3953 nem
1903 3898 2089 3970 ipsius.
2130 3899 2409 3970 Congruet
2453 3912 2634 3956 autem
2682 3904 2750 3957 ad
2804 3903 2945 3958 idem
2993 3904 3299 3974 exemplum

1738 3998 2021 4047 contextus
2050 3991 2141 4046 hic
2172 4008 2187 4045 :
2217 3990 2287 4047 In
2313 3993 2568 4062 principio
2594 4004 2704 4048 erat
2735 3993 2980 4053 Verbum.

1807 4082 1897 4138 20.
1926 4083 2024 4140 Est
2047 4084 2209 4140 etiam
2237 4086 2563 4158 principium
2586 4087 2886 4159 disciplinae
2905 4129 2921 4156 ,
2955 4089 3111 4159 juxta
3139 4107 3299 4162 quam

1737 4176 2150 4249 intelligentiam
2201 4177 2432 4234 dicimus
2482 4179 2750 4237 elementa
2801 4182 3123 4254 principium
3179 4200 3300 4241 esse

1734 4266 2134 4337 grammatices.
2170 4266 2250 4325 Ob
2284 4268 2388 4323 hoc
2417 4267 2547 4323 dicit
2571 4269 2860 4338 Apostolus
2887 4288 2901 4325 :
2930 4271 3062 4327 Cum
3091 4274 3301 4329 debere-

1735 4359 1803 4413 tis
1824 4375 1934 4414 esse
1969 4361 2208 4431 magistri
2234 4370 2447 4431 propter
2482 4371 2703 4429 tempus,
2735 4380 2942 4419 rursum
2977 4381 3107 4434 opus
3134 4366 3300 4419 habe-

1734 4452 1801 4505 tis
1854 4461 1914 4505 ut
1958 4452 2250 4506 doceamini
2294 4468 2414 4522 qute
2469 4454 2573 4506 sint
2615 4455 2866 4510 elementa
2913 4455 3161 4525 principii
3183 4473 3296 4511 ser.

78 4549 272 4616 λογίων
303 4551 413 4606 τοῦ
440 4553 612 4607 Θεοῦ.
638 4554 798 4626 Ama,
830 4555 885 4609 δὲ
914 4558 947 4627 ἡ
981 4556 1056 4622 ὡς
1090 4555 1374 4628 μαθήσεως
1402 4555 1564 4629 ἀρχὴ,
1592 4558 1626 4628 ὴ

1757 4560 1946 4599 nonum
1982 4543 2074 4598 Dei
2102 4543 2170 4600 “.
2209 4542 2315 4601 Sed
2350 4546 2559 4615 duplex,
2588 4557 2674 4604 est
2701 4549 3026 4619 principiqu
3054 4549 3297 4619 discipli-

82 4638 161 4705 μὲν
189 4644 255 4713 τῇ
291 4641 483 4714 φύσει,
507 4647 542 4716 ἠ
577 4645 633 4699 δὲ
665 4645 895 4718 ὡςπρὸς
925 4649 1105 4720 ἡμᾶς’
1151 4648 1227 4712 ὡς
1274 4650 1323 4702 εί
1378 4646 1630 4719 λέγοιμεν

79 4732 155 4784 ἐπὶ
183 4734 430 4805 Χριστοῦ
450 4754 465 4767 ο
501 4738 662 4808 φύσει
690 4738 787 4809 μὲν
818 4740 983 4794 αὐτοῦ
1014 4739 1154 4812 ἀρχὴ
1182 4742 1216 4811 ἡ
1241 4739 1429 4812 θεότης
1447 4757 1464 4774 θ
1494 4741 1631 4813 πρὸς

76 4822 200 4890 ἡμᾶς
225 4828 309 4892 δὲ,
349 4828 424 4900 μὴ
458 4831 567 4883 ἀπὸ
592 4830 688 4886 τοῦ
714 4830 826 4901 (77)
883 4832 1145 4903 μεγέθους
1188 4832 1356 4889 αὐτοῦ
1399 4834 1632 4906 δυναμέ-

76 4930 177 4980 rw;
200 4918 480 4991 ἄρξασθαι
524 4921 627 4992 τῆς
665 4924 792 4996 περὶ
824 4923 987 4979 αὐτοῦ
1016 4924 1291 4996 ἀληθείας,
1324 4927 1358 4996 ἡ
1417 4925 1626 4999 ἀνθρω-

79 5009 224 5077 i713;
250 5010 449 5076 αὑτοῦ,
480 5013 613 5067 καθὸ
639 5017 753 5079 τοῖς
803 5016 1015 5086 νηπίοις
1064 5016 1487 5085 καταγγέλλεται
1521 5016 1627 5087 Ἰη-

80 5100 178 5164 me};
208 5104 479 5175 Χριστὸς,
528 5107 624 5161 καὶ
665 5102 818 5171 οὗτος
868 5108 1311 5180 ἐσταυρωμένος·
1354 5108 1431 5172 ὡς
1481 5107 1624 5161 κατὰ

77 5191 411 5249 Meti-reb
466 5196 644 5268 ἀρχὴν
689 5193 826 5252 εἶναι
858 5198 1145 5271 μαθήσεως
1177 5202 1242 5271 τῇ
1303 5199 1403 5270 μὲν
1464 5200 1623 5267 φύσει

77 5276 303 5349 Im,
346 5282 489 5337 καθὸ
537 5284 698 5354 σοφία
743 5288 836 5341 καὶ
865 5287 1091 5360 δύναμις
1133 5288 1267 5343 Θεοῦ
1292 5286 1436 5360 (78),
1486 5286 1623 5358 πρὸς

128 5418 171 5452 ’⁸
192 5421 422 5496 Phillip.
455 5440 498 5489 ι,
525 5425 621 5480 23.
695 5427 740 5488 ’1
773 5426 934 5486 Prov.
968 5444 1089 5498 vm,
1122 5429 1228 5493 ‘22.
1302 5431 1348 5463 ⁸⁸
1374 5429 1529 5486 Joan.
1565 5444 1607 5498 ι,
1646 5428 1694 5484 1.

128 5533 230 5610 (ἒξ)
266 5536 872 5610 οἴονταιηιθεεηριιιη
906 5541 1116 5610 videtur
1144 5534 1256 5596 οἶόν
1286 5558 1366 5598 τε.

129 5604 229 5675 (ξε)
264 5607 442 5675 Παρὰ
471 5607 618 5675 τοῖς,
644 5604 748 5663 ἒιε.
770 5608 1125 5668 Marcionitis.

1166 5691 1276 5738 etc.
1327 5683 1417 5738 Sic
1469 5691 1616 5739 recte

165 5759 193 5793 ε
212 5747 393 5793 locum
420 5757 667 5793 resumit
690 5749 856 5793 codex
881 5750 1230 5793 Rndlmnnne-
1290 5755 1428 5793 mnlp
1476 5756 1613 5793 unnsl

165 5747 393 5825 {locum
420 5750 667 5825 restituit
690 5749 856 5825 cede:
881 5750 1271 5825 ιξοόιοίρηλιιεςᾲ
1290 5755 1429 5811 male
1475 5756 1613 5825 apud

90 5808 315 5872 “uetiam
336 5817 531 5889 legitur
556 5819 693 5892 πρὸς
714 5819 858 5891 ἡμᾶς
884 5819 961 5888 δὲ,
1000 5822 1033 5893 ἡ
1053 5821 1160 5875 ἀπὸ
1183 5808 1301 5879 τοῦ.

1735 4648 1837 4701 ηπ,
1872 4635 2102 4691 aJterum
2127 4636 2341 4706 [natura
2366 4675 2383 4701 ,
2430 4635 2656 4692 alterum
2697 4647 2939 4710 respectu
2985 4638 3157 4693 nostri
3192 4658 3204 4692 :
3238 4646 3299 4691 ut

1734 4726 1779 4782 si
1841 4727 2085 4784 dicamus
2136 4728 2202 4785 de
2248 4729 2468 4787 Christo
2516 4732 2663 4803 quod
2713 4739 2908 4786 natura
2966 4727 3294 4799 principium

1730 4818 1903 4890 ipsius
1928 4819 2003 4874 sit
2023 4820 2313 4890 divinitas;
2356 4823 2533 4893 quoad
2562 4838 2662 4879 nos
2695 4838 2848 4887 vero,
2877 4822 2967 4891 qui
3001 4835 3108 4874 non
3146 4818 3296 4873 vale-

1728 4927 1849 4968 mus
1869 4928 1936 4968 ex
1960 4914 2328 4984 magnitudine
2350 4915 2461 4987 20
2473 4916 2589 4987 eius
2613 4916 2893 4971 veritatem
2913 4914 2979 4966 de
3007 4913 3122 4980 ipso
3146 4925 3297 4967 asse-

1728 5006 1845 5075 qui,
1885 5005 2216 5073 humanitas,
2271 5008 2325 5063 in
2370 5020 2631 5078 quantum
2682 5004 2922 5077 parvulis
2967 5004 3295 5075 praedicatur

1726 5097 1883 5154 Jesus
1905 5097 2173 5166 Christus,
2202 5107 2259 5153 et
2283 5099 2371 5154 hic
2404 5100 2719 5156 cruciﬁxus.
2752 5095 2933 5164 Quare
2958 5097 3058 5152 hac
3083 5096 3295 5150 ratione

1726 5188 2002 5245 Christum
2032 5190 2262 5246 dicimus
2304 5202 2497 5246 natura
2522 5190 2847 5260 principium
2882 5204 3004 5245 esse
3050 5186 3293 5260 discipli-

1728 5297 1828 5350 nae,
1871 5281 2165 5339 secundum
2210 5282 2354 5352 quod
2407 5282 2503 5337 Dei
2543 5282 2810 5352 sapientia
2841 5290 2896 5338 et
2924 5281 3017 5338 Dei
3049 5280 3293 5352 potentia

1772 5426 1825 5463 ⁸³
1848 5425 2027 5482 Mach.
2070 5441 2170 5494 vn,
2218 5425 2308 5481 28.
2395 5422 2445 5457 "
2472 5423 2637 5479 Hebr.
2666 5424 2834 5491 v,12.

1796 5540 1939 5612 ('78)~
1955 5539 2553 5612 ‘Eo’tavapéroc°_tbc_
2580 5539 2729 5612 κατὰ
2759 5540 2934 5612 τοῦτο
2969 5540 3160 5612 εἰπεῖν
3184 5541 3289 5612 ἀρτ

1722 5607 1843 5682 χὴὶι
1859 5607 2033 5689 ἐἶναι
2053 5608 2375 5689 μαθήσεως
2396 5607 2479 5689 τῇ
2491 5608 2603 5689 μετ’
2627 5611 2807 5679 φύσει
2839 5609 3119 5689 Χριστὸν,

1674 5706 1675 5709 η
1721 5678 1909 5750 adyta
1928 5681 2027 5735 καί
2057 5680 2308 5747 δύναμις
2336 5678 2505 5733 Θεοῦ.
2546 5678 2671 5734 Haec
2707 5681 2886 5750 omnia
2925 5681 3118 5734 desunt
3145 5681 3290 5750 apud

1724 5750 1997 5878 Lluetium,
2018 5751 2112 5806 sed
2135 5751 2490 5806 restituuntur
2506 5766 2538 5807 e
2561 5750 2720 5806 codd.
2753 5749 3040 5806 Bodleiano
3064 5757 3120 5804 et
3148 5749 3258 5804 Βαι-
3273 5783 3286 5793 -

1762 5836 1932 5877 ermo.

1762 5836 1932 5877 ιιι-κιο.
