3856 6518
129 365 192 418 57
1208 364 1564 421 COMMENT.
1602 365 1669 421 1N
1698 365 1890 423 JOAN.
1935 367 2174 424 TOMUS
2213 369 2252 424 Ι.
3291 366 3358 420 58

119 475 410 547 ἐπέτρεψεν
441 476 552 531 ἀπὸ
595 477 704 531 τῶν
749 479 806 531 ἐν
850 477 990 547 αὐτῇ
1037 476 1223 533 τύπων
1266 483 1380 544 τοῖς
1428 477 1547 536 οὖσι
1587 486 1662 537 κα¹

1782 495 2094 553 conceptas,
2125 485 2287 540 domo
2310 487 2539 556 navique
2565 485 2892 556 principium
2923 484 3264 540 sumentibus
3290 486 3357 539 ab

227 567 365 638 ὕλη,
409 563 600 639 οἶμαι,
668 571 972 640 παρασχεῖν
1028 569 1126 639 τὴν
1181 567 1416 642 ὓπαρξιν
1456 574 1550 626 καὶ
1581 573 1680 645 τὴν

116 662 304 715 πλάσιν
338 663 434 716 καὶ
461 662 530 716 τὰ
557 661 693 734 εῐδη.
734 659 873 731 Ἐγὼ
902 661 958 716 δέ
1003 661 1267 735 ἐφίστημι
1319 665 1367 717 εί
1410 666 1504 719 καὶ
1532 665 1679 719 ἐστιν

114 758 277 809 εἰπεῖν
323 755 501 828 ἀρχὴν
544 755 653 810 τῶν
699 755 866 810 ὄντων
919 750 1059 810 εἶναι
1101 756 1193 810 τὸν
1233 755 1359 811 Υίὸν
1397 757 1490 810 τοῦ
1543 757 1678 814 Θεοῦ

112 847 326 915 λέγοντα
361 847 494 918 (81)·
529 847 675 916 Ἐγώ
697 849 813 915 ειμι
844 847 883 916 ἡ
914 847 1072 918 ἀρχὴ
1099 846 1198 902 καί
1227 847 1294 901 τὸ
1320 846 1513 915 τέλος,
1547 849 1614 904 τό
1640 867 1682 904 α

113 940 204 993 καί
229 940 294 994 τὸ
324 957 402 1003 ω,
431 943 464 995 ό
494 939 722 1009 πρῶτος
752 940 850 994 καὶ
877 943 911 994 ὁ
942 941 1218 1010 ἔσχατος.
1263 941 1581 1010 Ἀναγκαῖον
1621 941 1679 996 δὲ

112 1034 297 1087 εἰδέναι
318 1074 334 1097 ,
380 1034 464 1086 ὅτι
493 1034 552 1086 οὐ
589 1033 727 1087 κατά
757 1035 865 1087 πᾶν
903 1033 933 1087 6
961 1033 1312 1105 ὀνομάζεται,
1340 1034 1480 1106 ἀρχή
1532 1037 1677 1089 ἐστιν

112 1126 280 1189 αὑτός.
341 1124 469 1189 Πῶς
528 1123 658 1196 γὰρ,
711 1125 846 1179 καθὸ
897 1126 1010 1196 ζωή
1059 1127 1196 1191 ἐστι,
1250 1124 1473 1180 δύναται
1536 1121 1675 1179 εἶναι

110 1219 241 1290 ἀρχὴ
264 1258 278 1282 ,
337 1220 464 1288 ἥτις
511 1218 624 1290 ζωὴ
675 1219 896 1288 γέγονεν
950 1220 1009 1272 ἐν
1067 1217 1145 1288 τῷ
1191 1219 1382 1290 Λόγῳ,
1435 1217 1674 1290 δηλονότι

113 1309 243 1381 ἀρχὴ
285 1311 613 1380 τυγχάνοντι
658 1312 872 1382 αὒτῆςς
929 1312 1048 1365 Ἔτι
1094 1312 1152 1365 δέ
1198 1313 1548 1384 σαφέστερον,
1592 1313 1674 1366 ὅτι

112 1401 234 1455 καθὸ
262 1403 612 1471 πρωτότοκὸς
645 1405 792 1457 ἐστιν
824 1405 889 1457 ἐκ
921 1403 1030 1458 τῶν
1059 1403 1289 1475 νεκρῶν,
1335 1405 1396 1458 οὐ
1452 1404 1674 1459 δύναται

110 1494 232 1551 εἶναι
264 1497 434 1568 ἀρχή.
491 1497 602 1550 Καὶ
645 1496 740 1550 ἐὰν
779 1496 1052 1567 ἐπιμελῶς
1106 1496 1449 1567 ἐξετάζωμεν
1505 1495 1671 1550 αὑτοῦ

99 1590 272 1654 πασας
319 1589 423 1653 τὰς
455 1589 772 1661 ἐπωνυμίας
805 1589 948 1661 (85),
1005 1589 1162 1661 μόνον
1218 1591 1359 1645 κατά
1415 1591 1476 1644 τὸ
1533 1586 1670 1644 εἶναι

111 1684 255 1751 σοφία
294 1683 442 1754 ἀρχή
477 1684 660 1747 ἐστιν,
695 1681 816 1735 οὺδέ
848 1680 991 1735 κατά
1021 1682 1084 1736 τὸ
1129 1679 1265 1736 εἶναι
1317 1681 1477 1751 λόγος
1526 1682 1668 1754 ἀρχὴ

109 1777 395 1847 τυγχάνων,
420 1775 558 1842 εἴγε
585 1775 616 1828 6
647 1775 818 1843 Λόγος
853 1775 912 1827 ἐν
943 1775 1085 1846 ἀρχῇ
1135 1771 1203 1846 ἦν
1227 1790 1242 1804 ο
1295 1775 1372 1840 ὡς
1399 1775 1572 1829 εἰπεῖν
1603 1775 1668 1830 ἄν

1793 578 1877 634 his
1901 579 2084 651 figuris
2108 580 2476 635 etrationibus
2494 596 2615 650 qua:
2631 591 2759 636 sunt
2792 580 2847 634 in
2873 580 3101 646 artifice,
3122 581 3202 635 sic
3231 581 3353 634 uni-

1791 682 1948 722 versa
1989 667 2132 724 facta
2175 668 2346 725 fuisse
2375 671 2531 740 juxta
2553 687 2733 726 rerum
2771 672 3076 727 futurarum
3116 672 3353 727 rationes

1787 760 1894 830 iam
1911 771 2070 818 antea
2085 779 2115 817 a
2127 763 2237 817 Deo
2254 763 2622 818 manifestatas
2639 764 2692 818 in
2713 763 3197 834 sapientia.0mm’a
3217 765 3352 817 enim

1779 853 1834 905 in
1875 850 2136 920 sapientia
2184 849 2304 918 fecit
2326 849 2369 905 ⁸.
2420 849 2824 920 Dicendumque
2879 860 2963 906 est
3002 852 3192 920 Deum,
3231 868 3354 908 cum

1779 945 2076 998 auimatam
2103 942 2450 1012 sapientiam,
2486 952 2544 997 ut
2570 943 2642 996 ita
2677 943 2890 1014 loquar,
2918 953 3181 1013 creasset,
3211 945 3356 1000 illius

1778 1051 1922 1090 cut-ie
1952 1034 2265 1105 permisisse
2293 1044 2350 1090 ut
2375 1051 2439 1092 ex
2473 1035 2660 1108 ﬁguris
2684 1045 2739 1092 et
2767 1038 3047 1106 speciebus
3078 1053 3214 1107 quas
3239 1041 3350 1108 ipsa

1776 1125 2034 1192 habebat,
2064 1127 2280 1196 opinor,
2305 1126 2804 1191 subsistentiam.et
2833 1129 3264 1198 plastnationem,
3300 1140 3356 1185 et

1777 1220 1981 1276 formas
2020 1220 2285 1290 praeberet
2313 1222 2532 1277 entibus
2556 1231 2612 1277 et
2636 1223 2896 1279 materiae.
2932 1224 3043 1293 Ego
3076 1225 3236 1277 etiam
3272 1225 3354 1277 in-

1774 1316 1944 1383 spicio
1983 1331 2051 1370 an
2095 1316 2278 1372 dicere
2325 1314 2594 1386 possimus
2627 1314 2953 1386 principium
2985 1317 3189 1370 entium
3230 1331 3351 1371 esse

1775 1407 1971 1464 Filium
2000 1407 2120 1472 Dei,
2157 1409 2426 1464 dicentem
2474 1421 2488 1460 :
2535 1404 2650 1476 Ego
2698 1424 2812 1461 sum
2843 1409 3155 1479 principium
3191 1417 3238 1460 et
3286 1406 3351 1473 ﬁ-

1773 1503 1874 1566 nis,
1897 1507 1943 1555 Α
1977 1514 2023 1555 et
2051 1503 2120 1566 Ω,
2147 1501 2342 1570 primus
2371 1509 2420 1554 et
2457 1499 2767 1553 novissimus
2794 1501 2849 1566 ’ς
2889 1515 3012 1555 cum
3043 1499 3348 1553 necessario

1770 1593 1935 1647 etiam
1957 1593 2241 1649 sciendum
2267 1593 2338 1647 sit
2367 1593 2521 1646 nobis
2549 1591 2722 1661 ipsum
2746 1608 2852 1646 non
2882 1607 3000 1646 esse
3025 1591 3345 1661 principium

1765 1683 1919 1755 juxta
1945 1683 2128 1738 omnia
2149 1682 2348 1752 quibus
2375 1684 2708 1737 nominatur.
2729 1682 2832 1749 Qui
2855 1683 3001 1736 enim
3031 1682 3145 1736 tieri
3169 1689 3349 1750 potest

1771 1785 1830 1830 ut
1861 1776 1934 1832 sit
1983 1775 2312 1845 principium
2366 1775 2421 1829 in
2467 1785 2733 1844 quantum
2779 1782 2863 1828 est
2915 1773 3048 1838 vita,
3081 1787 3204 1826 cum
3237 1771 3348 1825 vita

111 1887 220 1923 τινα
267 1870 684 1942 τεθαρρηκότως
735 1870 1107 1944 πρεσϐύτερον
1138 1870 1248 1941 (86)
1289 1871 1506 1926 πάντων
1558 1869 1662 1926 τῶν

1770 1867 1913 1924 facta
1948 1865 2114 1921 fuerit
2158 1867 2212 1920 in
2266 1865 2466 1932 Verbo,
2495 1867 2640 1938 quod
2678 1876 2762 1921 est
2806 1865 2974 1935 ipsius
2999 1865 3121 1919 vitae
3147 1863 3348 1935 princi-

110 1960 492 2031 ἐπινοουμένων
525 1963 641 2024 ταῖς
672 1961 990 2032 ὀνομασίαις
1033 1960 1129 2014 τοῦ
1174 1963 1522 2034 πρωτοτόκου
1556 1961 1664 2018 πά-

105 2067 196 2122 σης
223 2053 451 2116 κτίσεώς
495 2056 644 2107 ἐστιν
677 2055 711 2124 ἡ
758 2053 940 2124 σοφία.
983 2053 1041 2108 Ὁ
1072 2052 1205 2118 Θεὸς
1242 2053 1341 2126 μὲν
1366 2050 1460 2108 οὖν
1489 2055 1664 2126 πάντη

104 2141 154 2194 ἐν
180 2145 290 2198 ἐστι
322 2143 438 2214 (87)
472 2144 569 2198 καὶ
595 2143 820 2198 ἀπλοῢνο
852 2145 882 2198 6
926 2143 984 2198 δέ
1029 2145 1219 2218 Σωτὴρ
1262 2145 1420 2218 ήμῶν
1467 2145 1553 2200 διὰ
1598 2147 1668 2200 τὰ

279 2273 295 2295 ,
348 2234 475 2287 ἐπεὶ
521 2233 782 2307 προέθετο
813 2233 978 2288 αὐτὸν
1008 2236 1037 2288 6
1062 2233 1196 2298 Θεὸς
1222 2235 1533 2308 ἱλαστήριον
1570 2237 1666 2290 καὶ

101 2325 333 2397 ἀπαρχὴν
363 2325 550 2397 πάσης
591 2326 692 2397 τῆς
725 2326 989 2392 κτίσεως,
1038 2327 1207 2382 πολλά
1239 2328 1468 2398 γίνεται·
1507 2330 1540 2402 ἢ
1572 2331 1664 2384 καὶ

100 2418 221 2488 τάχα
252 2419 435 2474 πάντα
464 2419 642 2474 ταῦτα
669 2416 955 2494 καθαρίζει
986 2419 1148 2474 αὑτοῦ
1175 2422 1208 2492 ἡ
1249 2421 1664 2494 ἐλευθεροῦσθαι

98 2509 348 2583 δυναμένη
393 2513 549 2566 πᾶσα
578 2514 755 2577 κτίσις
785 2511 918 2584 (88).
949 2515 1061 2568 Καὶ
1110 2514 1200 2568 διὰ
1245 2513 1406 2568 τοῦτο
1454 2516 1663 2584 γίνεται

98 2600 194 2668 ὴ
231 2603 340 2656 τῶν
370 2603 700 2676 ἀνθρώπων,
748 2606 836 2660 ὅτε
875 2607 1149 2680 ἄνθρωποι
1183 2606 1289 2660 ὑπὸ
1323 2607 1420 2678 τῆς
1466 2607 1663 2672 κακίας

98 2695 457 2760 σκοὲισθέντες
485 2696 696 2751 δέονται
740 2699 918 2768 φωτὸς
961 2698 1056 2754 τοῦ
1097 2700 1155 2752 ἐν
1197 2702 1262 2771 τῇ
1302 2700 1492 2772 σκοτίᾳ
1535 2702 1661 2771 φαί-

99 2804 273 2852 νων-ξος,
308 2789 410 2842 καὶ
439 2789 547 2842 ὑπὸ
593 2791 814 2856 σκοτίας
846 2793 920 2864 μὴ
960 2790 1538 2864 καταλαμϐανομένου,
1562 2794 1662 2847 οὐκ

97 2878 177 2940 ἂν,
205 2881 250 2933 εί
285 2881 376 2954 μὴ·
400 2881 722 2950 γεγόνεισαν
753 2886 813 2938 ἐν
851 2884 931 2956 τῷ
963 2885 1138 2956 σκότῳ
1171 2887 1220 2938 οἱ
1248 2887 1542 2958 ἄνθρωποι,
1565 2902 1661 2954 γε-

97 2970 292 3040 νόμενος
347 2971 658 3044 ἀνθρώπιον
713 2975 847 3043 φῶς.
890 2976 963 3029 T6
999 2975 1044 3029 δ’
1075 2976 1259 3048 ὅμοιόν
1305 2979 1422 3030 ἐστι
1468 2977 1658 3046 νοῆσαι

97 3066 174 3118 καὶ
219 3068 308 3120 ἐπὶ
353 3067 452 3120 τοῦ
494 3065 635 3122 εἶναι
679 3069 844 3124 αὐτὸν
885 3069 1226 3141 πρωτότοκον
1270 3068 1381 3124 τῶν
1425 3069 1654 3141 νεκρῶν.

93 3157 145 3209 Ei
171 3160 272 3230 γάρ
302 3159 438 3214 καθ’
471 3161 729 3216 ὑπόθεσιν
779 3164 812 3234 ἡ
868 3163 1005 3234 γυνὴ
1065 3163 1139 3235 μὴ
1178 3163 1460 3235 ἠπάτητο,
1503 3163 1594 3217 καὶ
1628 3165 1658 3217 6

95 3250 257 3322 Ἀὁάμ
287 3252 362 3324 μὴ
423 3254 833 3326 παραπέπτωκε
861 3295 876 3321 ,
916 3255 1156 3319 κτισθεὶς
1187 3255 1244 3310 δέ
1292 3256 1321 3308 6
1368 3254 1657 3326 ἄνθρωπος

86 3341 163 3395 ἐπὶ
198 3344 484 3416 ἀφθαρσίᾳ
532 3348 868 3418 κεκρατήκέι
928 3348 1030 3419 τῆς
1081 3347 1414 3420 ἀφθαρσίας,
1449 3347 1558 3401 οὔτ’
1589 3347 1655 3402 ἂν

84 3436 150 3498 si;
177 3437 310 3506 χοῦν
342 3438 578 3494 θανάτου
607 3439 996 3514 καταϐεϐήκει,
1028 3443 1137 3497 οὔτ’
1164 3443 1230 3498 ἂν
1261 3443 1530 3498 ἀπέθανεν
1556 3444 1656 3498 οὐκ

86 3529 232 3600 οὔσης
286 3533 613 3605 ἁμαρτίας,
664 3535 821 3606 ἥδιά
875 3536 973 3608 τὴν
1036 3537 1442 3610 φιλανθρωπίαν
1492 3539 1654 3593 αὑτὸν

84 3623 235 3692 ἐχρῆν
266 3624 590 3680 ἀποθανεῖν.
627 3626 813 3681 Ταῦτα
839 3628 896 3682 δέ
925 3629 1000 3701 μὴ
1039 3631 1290 3702 ποιήσας,
1327 3631 1427 3684 οὐκ
1448 3632 1654 3700 ἐγίνετο

87 3719 418 3785 πρωτότοκος
447 3721 512 3773 ἐκ
545 3721 654 3774 τῶν
689 3722 916 3794 νεκρῶν.
976 3723 1319 3788 Ἐξεταστέον
1348 3725 1404 3778 δέ
1441 3726 1652 3796 μήποτε

82 3810 160 3861 καὶ
189 3811 400 3883 ποιμὴν
429 3814 533 3867 οὐκ
558 3812 623 3866 ἂν
648 3813 886 3882 ἐγίνετο,
916 3814 1010 3868 τοῦ
1037 3814 1324 3887 ἀνθρώπου
1363 3816 1437 3888 μὴ
1475 3833 1654 3887 παρα-

81 3900 477 3972 συμσληθέντος
529 3907 645 3967 τοῖς
707 3907 924 3975 κτήνεσι
984 3908 1098 3970 τοῖς
1154 3906 1404 3978 ἀνοήτοις
1429 3946 1444 3970 ,
1529 3905 1653 3976 μηδ’

80 3995 425 4061 ὁμοιωθέντος
460 3996 666 4059 αὐτοῖς.
721 3997 784 4051 Ei
833 3997 940 4069 γὰρ
994 3997 1312 4069 ἀνθρώπους
1353 3999 1447 4051 καὶ
1479 3998 1650 4070 κτήνη

81 4085 221 4149 σώζει
258 4089 288 4140 6
315 4087 479 4151 Θεὸς,
513 4088 676 4153 σώζει
712 4089 746 4142 ἀ
772 4089 934 4153 σώζει
963 4089 1157 4160 κτήνη,
1190 4089 1423 4160 ποιμένα
1467 4091 1653 4153 αὐτοῖς

80 4179 436 4252 χαρισάμενος
469 4183 583 4244 τοῖς
619 4181 692 4252 μὴ
744 4181 982 4252 χωροῦσι
1029 4181 1121 4235 τὸν
1171 4180 1414 4252 βασιλέα.
1470 4181 1650 4236 Βασα-

81 4270 263 4325 νιστέον
299 4269 402 4326 οὖν
445 4272 820 4340 συναγαγόντα
849 4272 948 4337 τὰς
978 4271 1273 4344 ὀνομασίας
1310 4271 1405 4327 τοῦ
1454 4271 1649 4343 Ἰησοῦ,

78 4360 233 4414 heia:
269 4363 389 4433 (89)
453 4360 634 4417 αὐτῶν
673 4363 1072 4431 ἐπιγεγὸνασιν,
1122 4362 1221 4415 οὐκ
1265 4360 1330 4416 ἂν
1377 4363 1432 4414 ἐν
1469 4377 1650 4432 μακα-

78 4450 259 4522 ριότητι
291 4452 636 4526 ἀρξαμένων
687 4453 782 4506 κα)⁸
827 4453 1124 4524 μεινάντων
1177 4451 1287 4505 τῶν
1335 4452 1507 4521 ἁγίων
1559 4469 1650 4522 γε·

75 4545 270 4612 νόμεναι
302 4546 380 4600 τὰ
432 4547 649 4600 τοσάδε.
695 4546 849 4616 Τάχα
887 4544 995 4617 γὰρ
1031 4544 1194 4614 σοφία
1233 4543 1394 4615 ἔμενε
1441 4544 1601 4615 μόνον
1627 4585 1643 4609 ,

1770 1964 1918 2032 pium
1957 1962 1980 2016 Υ
2028 1959 2373 2016 Manifestius
2430 1970 2691 2033 prasterea
2739 1969 2822 2016 est
2866 1959 3040 2029 ipsum
3079 1973 3186 2012 non
3228 1972 3348 2012 esse

1769 2054 2095 2125 principium
2125 2093 2142 2120 ,
2191 2062 2466 2124 quatenus
2517 2052 2913 2125 primogenitus
2964 2061 3045 2105 est
3086 2065 3154 2105 ex
3205 2064 3346 2104 mor-

1769 2146 1894 2201 tuis.
1929 2145 2082 2211 Quod
2120 2145 2168 2200 si
2213 2142 2500 2215 diligenter
2530 2145 2912 2198 examinemus
2950 2143 3128 2196 omnia
3178 2139 3347 2210 ipsius

1765 2236 2110 2307 cognomina,
2136 2235 2310 2291 solum
2337 2235 2465 2305 quia
2487 2235 2559 2290 sit
2583 2234 2848 2304 sapientia
2879 2233 3205 2304 principium
3234 2241 3344 2296 est,

1765 2343 1834 2382 ne
1879 2327 2208 2398 principium
2257 2329 2478 2399 quidem
2525 2327 2794 2383 exsistens
2831 2329 2884 2382 in
2943 2337 3204 2396 quantum
3263 2334 3346 2381 est

1764 2421 1959 2490 Λόγος,
1991 2422 2044 2476 id
2098 2431 2185 2476 est
2249 2420 2519 2486 Verbum,
2554 2422 2639 2476 vel
2691 2423 2852 2487 ratio,
2903 2420 3342 2491 quandoquidem

1763 2513 1998 2570 Verbum
2044 2514 2127 2568 vel
2161 2514 2304 2569 ratio
2341 2516 2395 2569 in
2443 2515 2714 2585 principio
2746 2523 2884 2569 erat.
2908 2513 3056 2568 Adeo
3091 2521 3148 2566 ut
3177 2513 3342 2565 auda-

1761 2614 1879 2661 cter
1903 2605 2045 2662 ausit
2072 2607 2195 2676 quis
2229 2606 2412 2662 dicere
2437 2607 2798 2676 antiquiorem
2826 2606 3078 2662 omnibus
3101 2621 3220 2675 quae
3248 2621 3344 2661 ex-

1759 2700 2072 2772 cogitantur
2095 2699 2406 2755 nominibus
2439 2700 2789 2770 primogeniti
2839 2700 3017 2755 omnis
3048 2710 3340 2762 creature,

1759 2793 2084 2864 sapientiam
2134 2809 2276 2850 esse.
2333 2794 2512 2864 Atque
2546 2793 2687 2849 Deus
2730 2795 2951 2863 quidem
2980 2809 3145 2850 unum
3177 2803 3264 2849 est
3287 2801 3344 2846 et

1758 2887 2022 2957 simplex;
2049 2885 2308 2942 Servator
2334 2901 2462 2942 vero
2487 2897 2676 2942 noster
2703 2896 2922 2956 propter
2953 2887 3145 2950 multa,
3167 2899 3341 2953 quan-

1757 2978 2044 3049 doquidem
2097 2979 2384 3050 proposuit
2441 2978 2590 3032 illum
2657 2981 2798 3034 Deus
2847 2973 3337 3046 propitiatiouem'

1757 3080 1812 3125 et
1843 3070 2114 3140 primitias
2144 3071 2324 3126 omnis
2370 3078 2658 3134 creatura,
2681 3069 2914 3125 eﬂlcitur
2940 3069 3106 3123 etiam
3149 3065 3338 3130 multa,

1757 3159 1840 3216 vel
1870 3161 2032 3216 etiam
2082 3160 2318 3217 fortasse
2374 3159 2556 3214 omnia
2607 3160 2722 3214 haac
2764 3168 2955 3229 purgat
2985 3157 3153 3227 ipsius
3186 3170 3342 3212 crea-

1683 3235 1728 3299 C
1763 3263 1908 3320 ιιι-α,
1930 3268 2051 3323 qua:
2085 3254 2336 3309 universa
2377 3252 2610 3308 liberare
2639 3251 2802 3306 valet.
2845 3249 2984 3306 Hinc
3023 3248 3082 3303 lit
3109 3249 3203 3304 lux
3243 3250 3342 3304 ho-

1762 3345 1990 3410 minum,
2008 3346 2227 3415 quando
2255 3347 2505 3400 homines
2531 3361 2559 3399 a
2581 3346 2714 3400 vitio
2737 3344 3009 3399 obscurati
3038 3341 3158 3396 luce
3183 3349 3341 3410 egent

1761 3437 1977 3490 lucente
2009 3437 2062 3490 in
2089 3437 2348 3502 tenebris,
2384 3448 2439 3491 et
2466 3452 2496 3490 a
2525 3436 2762 3492 tenebris
2803 3450 2909 3488 non
2945 3431 3286 3503 apprehensa
3322 3448 3337 3483 :

1760 3522 1853 3577 lux
1901 3538 2007 3578 non
2042 3521 2278 3591 futurus,
2320 3525 2421 3578 nisi
2460 3525 2708 3580 homines
2763 3522 3039 3579 obscurati
3085 3521 3336 3576 fuissent.

1762 3617 1953 3670 Simile
2017 3618 2369 3672 considerare
2413 3633 2702 3688 possumus
2744 3617 2810 3672 de
2850 3631 2916 3671 eo
2945 3616 3090 3686 quod
3142 3614 3340 3668 dicitur

1759 3711 2153 3779 primogenitus
2181 3727 2246 3765 ex
2302 3713 2549 3765 mortuis.
2587 3711 2721 3765 Nam
2761 3709 2806 3765 si
2847 3723 3114 3777 ponamus
3151 3706 3341 3761 mulie-

1759 3815 1872 3856 rem
1903 3801 2010 3870 22
2033 3804 2312 3870 deceptam
2345 3816 2449 3855 non
2479 3800 2665 3866 fuisse,
2695 3815 2792 3855 nec
2815 3799 2988 3854 Adam
3023 3797 3336 3867 deliquisse,

1758 3891 1852 3947 sed
1879 3901 2123 3946 creatum
2167 3892 2440 3946 hominem
2487 3891 2554 3946 ad
2591 3891 3079 3952 immortalitatem,
3113 3889 3339 3941 immor-

1761 3983 2020 4037 talitatem
2056 3982 2396 4049 obtinuisse;
2430 3996 2604 4050 neque
2638 3982 2690 4036 in
2723 3981 2998 4052 pulverem
3029 3978 3218 4042 mortis
3245 3977 3340 4031 de-

1760 4075 2063 4131 scendisset
2116 4075 2401 4140 Christus,
2454 4090 2628 4144 neque
2690 4084 2936 4129 mortuus
2987 4071 3177 4125 fuisset
3230 4083 3336 4123 non

1756 4169 2050 4225 exsistente
2070 4181 2318 4240 peccato,
2351 4180 2590 4238 auterga
2631 4170 2924 4224 humanum
2957 4181 3127 4235 genus
3152 4180 3338 4219 amore

1758 4265 2097 4319 moriendum
2129 4263 2202 4318 illi
2233 4263 2446 4320 fuisset.
2489 4265 2570 4317 Ac
2605 4263 2649 4318 si
2678 4263 2796 4317 haec
2831 4278 2935 4315 non
2964 4261 3205 4322 fecisset,
3231 4259 3335 4312 mi—

1758 4355 1902 4410 nime
1947 4354 2138 4410 fuisset
2197 4356 2588 4425 primogenitus
2613 4370 2680 4410 ex
2730 4361 2980 4410 mortuis.
3028 4353 3338 4423 Disquiren-

1757 4449 1885 4502 dum
1923 4459 1977 4504 et
2001 4449 2151 4512 illud,
2197 4465 2323 4503 num
2356 4450 2497 4504 forte
2532 4450 2696 4504 etiam
2728 4449 2964 4502 hominis
2985 4457 3171 4517 pastor
3193 4445 3338 4499 futu-

1758 4557 1849 4595 rus
1885 4556 1991 4595 non
2041 4551 2180 4605 erat,
2210 4543 2253 4595 si
2300 4553 2652 4611 comparatus
2706 4543 2868 4596 homo
2898 4540 3162 4609 jumentis
3205 4539 3336 4594 insi-

75 4633 100 4698 ἦ
127 4602 218 4688 ’καὶ
255 4638 468 4706 Λόγος,
493 4639 527 4711 ἢ
555 4639 650 4693 καὶ
683 4602 817 4710 ζωή,
849 4602 1066 4703 πάντως
1093 4602 1150 4692 όέ
1178 4602 1278 4692 καὶ.
1298 4602 1524 4709 ἀλήθεια
1541 4655 1554 4668 ·
1583 4602 1642 4692 06

1766 4633 2022 4688 )ientibus
2077 4648 2181 4687 non
2237 4633 2447 4698 fuisset,
2495 4649 2667 4704 neque
2698 4633 2892 4688 similis
2938 4633 3046 4688 illis
3082 4632 3254 4686 factus
3289 4629 3331 4683 ⁸.

76 4721 162 4791 μὴν
206 4725 264 4779 δὲ
312 4728 419 4780 καὶ
469 4727 538 4782 τά
588 4727 721 4782 ἄλλα
747 4729 846 4780 ὅσα
874 4727 942 4782 δι’
971 4728 1118 4799 ἡμᾶς
1150 4726 1500 4800 προσείληφε.
1537 4728 1646 4782 Καὶ⁵

1766 4726 1884 4781 Nam
1929 4728 1972 4782 si
2025 4728 2272 4782 homines
2311 4737 2365 4783 et
2384 4727 2629 4798 jumeuta
2669 4737 2850 4783 servat
2903 4726 3044 4782 Deus
3077 4728 3119 4791 °,
3151 4733 3333 4779 servat

78 4818 314 4888 μακάριοί
343 4837 444 4888 γε,
475 4819 588 4872 ὅσοι
614 4819 856 4890 δεόμενοι
880 4818 976 4874 τοῦ
1009 4817 1137 4872 Υίοῦ
1170 4817 1398 4873 τοιοῦτοι
1415 4820 1644 4889 γεγόνα-

1766 4834 1870 4890 tua:
1891 4818 2356 4888 servatjumenta,
2383 4820 2487 4876 illis
2513 4819 2762 4875 donando
2793 4827 3064 4890 pastorem
3094 4832 3213 4886 qua:
3247 4830 3335 4870 re-

155 4927 346 4984 ‘Psal.
379 4944 509 4994 cm,
539 4928 630 4984 9.6.
713 4929 927 5000 'Apoc.
964 4947 1098 4998 xm,
1132 4933 1218 4988 15.
1296 4932 1316 4964 ⁷
1355 4932 1512 4988 Rom.
1554 4951 1638 5004 tu,

1835 4935 1856 4967 ³
1885 4933 2030 4989 Psal.
2070 4949 2258 5000 xum,
2305 4935 2393 5000 15⁵,
2433 4935 2523 4992 21.
2599 4935 2620 4968 ⁹
2655 4933 2986 4997 Psal.xxxv,
3025 4930 3076 4983 7.

79 5016 262 5102 εῖςῷν
298 5018 709 5102 οὖτωξεῖπερ,
729 5029 838 5102 etc:
878 5020 1012 5102 Vide
1039 5039 1159 5102 qua:
1187 5023 1649 5102 adultuttc‘logum

1766 5026 1950 5102 .ayius,
1983 5025 2138 5102 quasi
2175 5025 2383 5102 divinae
2404 5026 2567 5082 Verbi
2616 5037 2823 5102 natura:
2845 5021 3332 5102 multiplicesprof

79 5098 240 5168 notata
266 5099 412 5168 sunt
455 5089 522 5142 ab
556 5089 930 5168 eruditissimo
955 5089 1201 5168 Pelagio,
1235 5093 1332 5149 lib.
1360 5111 1376 5150 t
1421 5094 1498 5149 De
1530 5093 1651 5150 Tri-
1751 5089 2016 5168 prietates
2039 5095 2260 5166 aliingat
2291 5097 2592 5168 Origenes;
2636 5099 2687 5152 in
2713 5112 2820 5168 quo
2848 5110 2979 5168 sane
3010 5089 3332 5168 magni’Viri

76 5159 321 5236 "13939;
339 5161 412 5236 β.
450 5175 505 5211 ιιι
541 5159 598 5227 4,
629 5171 685 5236 et
717 5161 810 5236 liti.
840 5178 916 5228 Vl,
940 5177 1062 5236 cap_.
1100 5165 1156 5220 5.
1187 5159 1194 5162 ⁷
1260 5235 1266 5236 ί
1631 5235 1652 5236 η
1748 5159 2014 5236 iudicium
2045 5181 2150 5220 non
2169 5159 2419 5236 sequor?
2451 5159 2586 5221 nam
2607 5159 2979 5229 lizcctlltristo,
3007 5174 3064 5217 ut
3088 5159 3230 5236 Deus
3259 5165 3332 5216 si-

129 5226 508 5310 (8!):TI552W
560 5226 684 5310 {pic
727 5226 958 5310 aliqu...
1001 5226 1154 5310 εἶναι
1209 5235 1348 5310 τόν-
1376 5235 1656 5310 Υίὸν-τοῦ

1766 5236 1955 5310 mul_et_
1978 5226 2277 5310 bomqest,
2305 5226 2558 5292 universa
2589 5236 2851 5306 Origenes
2889 5226 3165 5310 attribuit;
3189 5243 3244 5287 ει
3274 5243 3332 5285 ιιι

79 5299 530 5378 Θξοῧλᾴτοντα.
561 5299 687 5355 Haec
707 5306 887 5358 omnia
917 5303 1116 5378 desunt
1138 5307 1190 5361 in
1217 5307 1459 5378 editione
1513 5306 1658 5362 Hue-
1756 5307 2086 5378 addivinam
2121 5299 2282 5363 Verbi
2306 5317 2555 5361 naturam
2593 5299 2870 5377 pertinere
2901 5306 3196 5378 voluisset,
3238 5319 3330 5378 ve:

80 5371 558 5447 gi._res_tituuntur
594 5381 774 5427 autem
837 5387 870 5429 e
922 5376 1206 5433 codicibus
1255 5375 1549 5434 Bodleiano
1601 5388 1658 5435 et
1759 5377 2042 5432 risimilius
2089 5387 2173 5432 est
2197 5378 2310 5433 hazc
2351 5394 2446 5447 pro
2497 5371 2664 5432 variis
2705 5378 2886 5447 potius
2950 5371 3329 5447 considerandi

78 5436 379 5517 Βιφετίηρο
465 5511 478 5517 ,
716 5513 726 5517 _
849 5512 872 5517 _
1755 5447 1922 5502 Verbi
1973 5448 2168 5512 modis,
2201 5436 2364 5517 quani
2392 5461 2490 5517 pro
2523 5436 2721 5504 (Ιίνίηὲ
2766 5447 2871 5516 ipsi
2901 5454 3111 5500 natura:
3149 5442 3330 5498 insitis

102 5512 232 5586 _(85)
277 5515 407 5579 Τὰς
437 5511 817 5592 famulae.
849 5512 929 5569 Ita
962 5517 1132 5592 code;
1160 5517 1507 5592 Bo_dle_ianns,
1550 5517 1650 5574 Re-
1754 5518 2106 5592 qualitatibus
2136 5511 2728 5592 habenda'credidisse.
2765 5511 3044 5592 llqs'rtus._
3218 5582 3242 5592 _

81 5583 396 5664 εἰοξέιι-ιριη
437 5583 606 5664 habet
627 5586 890 5664 ἐπινοίας,
922 5597 1086 5664 atque
1108 5589 1185 5664 _it_a
1217 5587 1616 5664 Barberittus;_

1771 5583 1789 5588 ”
1823 5587 1934 5664 (88)
1964 5588 2163 5664 Adfor?
2210 5589 2250 5656 ἠ
2307 5587 2774 5664 ἑξευθερρρσθαι
2821 5583 3327 5664 δυναμένηλπᾶοξα

128 5651 226 5770 (03;)
253 5653 716 5724 Πρεσϐύτερον.
739 5651 1043 5726 Legenduin
1071 5658 1281 5714 videtur
1307 5660 1389 5713 ὃτι
1411 5658 1649 5732 πρεσϐύ-

1766 5651 1966 5726 ιτΖσιξ.
2025 5651 2246 5726 Legisse
2294 5651 2529 5714 videtur-
2559 5659 2866 5722 Ferrarius,
2922 5651 3326 5727 ὴ⁷ὲλευοεροῦν

1766 5730 2021 5770 iuva-16m
2048 5729 2226 5770 «riu-rm
2255 5729 2433 5770 ντίηιι·
2487 5729 2541 5770 In

1749 5729 2024 5800 δυναμένη
2048 5729 2227 5782 πάντα
2255 5729 2451 5792 κτίσις.
2486 5729 2561 5784 In.

1822 5802 1936 5870 (89)
1979 5799 2220 5853 Ὀποῖαι.
2260 5797 2334 5854 Ita
2372 5801 2540 5855 codex
2590 5799 2934 5860 Barberinus.
2973 5799 3159 5867 sicque
3195 5798 3323 5868 legit

1752 5869 2068 5938 Ferrarius;
2104 5871 2274 5926 codex
2299 5869 2496 5942 llegius
2527 5872 2664 5927 male
2693 5872 2852 5927 habet
2881 5871 2940 5924 οὐ
2975 5871 3145 5922 ποῖαι.

260 5794 529 5882 βεκὸς.
553 5793 680 5882 μὲν.
705 5790 819 5882 (ξῦν
849 5796 1043 5882 πάντῃ
1071 5798 1142 5853 ἓν
1173 5799 1324 5882 ἐστιν
1364 5809 1472 5882 εις·
1522 5800 1647 5882 "se

82 5873 254 5936 suoque
290 5867 399 5922 lib.
439 5865 562 5922 tDe
587 5864 810 5936 Trinit.,
846 5883 967 5939 cap.
996 5864 1050 5936 4,
1087 5887 1140 5926 n.
1182 5871 1238 5940 4,
1272 5864 1514 5929 cent'utat
1550 5873 1646 5930 l’c-
