3856 6528
523 339 591 397 59
2009 347 2099 405 οιι

2202 347 2326 404 ΖΝ18
3683 342 3746 398 ω

525 474 644 527 gem
678 474 874 530 capere
909 473 1205 533 nequeunt.
1251 464 1508 536 Exploret
1557 482 1687 539 ergo
1724 476 1952 538 oportet,
1992 469 2083 539 qui

2202 485 2272 522 rw
2298 507 2314 532 ,
2357 466 2433 530 ὡς
2487 463 2681 536 μηκέτι
2733 464 2895 520 αὐτοῦ
2933 465 3154 536 χρῄζειν
3186 459 3371 533 ἰατροῦ
3397 458 3524 523 τοῦς
3563 456 3746 520 κακῶς

525 552 805 622 -.ullegerit
863 553 982 608 Filii
1022 556 1499 626 uomenclaturas,
1544 574 1791 629 quamam
1855 560 2092 630 ipsarum

2202 559 2416 630 ἔχοντας
2466 556 2894 629 θεραπεύοντος,
2937 557 3072 629 μηδὲ
3106 554 3385 627 ποιμένος,
3445 552 3579 623 μηδὲ
3614 554 3747 606 ἀπο-

525 643 627 710 ipsi
659 646 1017 712 accesserint,
1042 662 1160 717 qua:
1201 647 1334 705 tales
1359 664 1420 705 ac
1451 659 1613 706 tanta:
1636 668 1740 706 non
1770 650 2018 714 fuissent,
2049 654 2095 707 si

2202 647 2532 723 λυτρώσεως,
2588 648 2725 704 ἀλλὰ
2778 649 2967 719 σοφίας
2986 689 3002 711 ,
3053 647 3147 702 καὶ
3176 647 3355 716 λόγου,
3397 647 3491 699 καὶ
3545 645 3750 700 δικαιο-

526 735 581 788 ἰη
625 735 1091 794 ὺεειίιοιεεειηοιί
1144 739 1476 811 incepissent
1528 751 1586 798 et
1634 751 2094 815 perseverassent.

2202 740 2383 813 σύνης,
2414 741 2447 812 ἢ
2486 740 2541 794 εἴ
2572 758 2626 794 τι
2656 740 2781 795 ἄλλο
2809 739 2916 812 (90)
2944 742 3057 804 τοῖς
3090 739 3177 794 διὰ
3220 738 3530 809 τελειότητα
3564 738 3758 808 χωρεῖν

525 823 660 879 Nam
699 826 927 884 fortasse
957 828 1071 884 sola
1101 831 1386 901 sapientia,
1405 832 1490 888 vel
1523 828 1690 888 etiam
1720 831 1981 898 Verbum,
2004 831 2095 887 vel

2202 832 2361 889 αὐτοῦ
2402 833 2472 887 τὰ
2514 831 2774 887 κάλλιστα
2812 831 3144 904 δυναμένοις.
3193 830 3439 884 Τοσαῦτα
3493 829 3623 901 περὶ
3664 828 3756 882 τοῦ

525 918 657 982 vita,
684 929 845 988 atque
870 922 1091 977 omnino
1118 924 1318 979 veritas
1344 935 1725 994 permaneret,
1752 927 1894 981 haud
1924 934 2096 980 tamen
2211 925 2315 979 Ἐν
2340 923 2519 994 ἀρχῇ.
3236 922 3255 929 ”

526 1012 706 1065 omnia
757 1012 861 1067 alia
907 1015 1122 1070 nomina
1176 1030 1296 1085 qua:
1341 1019 1511 1074 nostri
1561 1034 1724 1074 causa
1769 1012 2084 1088 assumpsit.
2137 1017 2336 1074 Verum
2399 1017 2679 1073 enimvero
2731 1015 2875 1072 beati
2926 1016 3026 1079 illi,
3086 1016 3176 1086 qui
3224 1025 3442 1087 egentes
3474 1014 3612 1070 Filio
3661 1013 3751 1070 Dei

527 1102 793 1169 ejusmodi
842 1104 1015 1174 fuere,
1063 1115 1122 1162 ut
1153 1108 1207 1163 in
1240 1118 1517 1178 posterum
1556 1126 1661 1167 non
1695 1112 1942 1181 eguerint
1988 1110 2198 1166 medico
2227 1111 2318 1179 qui
2371 1108 2512 1164 male
2560 1108 2779 1165 allectos
2824 1116 3061 1172 curaret,
3098 1122 3270 1178 neque
3311 1118 3548 1178 pastore,
3585 1120 3758 1175 neque

527 1200 918 1270 redemptione,
943 1202 1035 1256 sed
1067 1202 1351 1272 sapientia,
1390 1212 1446 1259 et
1479 1206 1664 1272 verbo,
1710 1205 2021 1276 acjustitia,
2076 1205 2162 1260 vel
2201 1204 2249 1259 si
2276 1203 2403 1272 quid
2434 1203 2577 1259 aliud
2616 1215 2699 1260 est
2732 1204 2798 1260 iis
2837 1204 2927 1274 qui
2971 1204 3041 1258 ob
3084 1200 3468 1273 perfectionem
3512 1203 3757 1274 pulcher-

527 1291 664 1344 rima
688 1306 914 1361 qumque
958 1292 1127 1379 ipsius
1158 1294 1438 1364 percipere
1466 1296 1664 1352 valent.
1693 1296 1800 1353 Sed
1829 1297 1945 1353 base
1973 1296 2248 1353 sufficiant
2290 1297 2357 1351 de
2397 1311 2464 1350 eo
2486 1297 2629 1366 quod
2664 1297 2922 1365 scriptum
2952 1304 3037 1351 est
3071 1313 3084 1350 :
3126 1294 3191 1348 In
3211 1296 3485 1364 principio.

596 1382 688 1435 2'5.
740 1382 1028 1438 Videamus
1086 1398 1232 1439 nunc
1278 1385 1593 1453 diligentius
1629 1387 1882 1456 quisnam
1912 1386 1983 1442 sit
2012 1387 2099 1443 bic

526 1474 719 1544 Λόγος,
750 1473 828 1546 [id
852 1483 935 1531 est
978 1477 1224 1542 verbum,
1256 1492 1351 1533 seu
1388 1478 1551 1545 ratio,
1579 1493 1699 1548 qua:
1729 1479 1781 1533 in
1806 1479 1921 1548 ipso
1952 1479 2100 1549 prin-

2269 1386 2359 1442 25.
2392 1385 2617 1457 ’ἴδωμεν
2647 1385 2705 1438 δὲ
2736 1385 3153 1457 ἐπιμελέστερον
3184 1384 3268 1448 τις
3314 1387 3343 1438 ὁ
3385 1386 3442 1437 ὲν
3474 1384 3610 1454 αὐτῇ
3661 1380 3760 1438 A6-

2197 1495 2311 1548 γος.
2342 1476 2650 1548 Θαυμάζειν
2678 1494 2766 1548 μοι
2792 1475 3048 1541 πολλάκις
3069 1476 3357 1549 ἐπέρχεται
3374 1476 3482 1546 (91)
3499 1474 3759 1530 σκοποῦν-

526 1565 672 1634 cipio
712 1581 833 1621 esse
860 1567 1078 1622 dicitur.
1104 1568 1280 1634 Atque
1316 1560 1591 1634 equidem]
1645 1571 1918 1639 reputanti
1962 1569 2092 1623 mibi

2202 1586 2246 1621 τι
2282 1568 2349 1622 τὰ
2380 1569 2485 1623 ὑπό
2514 1586 2675 1624 τινων
2699 1567 2975 1623 πιστεύειν
3003 1570 3083 1632 εἰς
3107 1568 3199 1622 τὸν
3237 1568 3471 1641 Χριστὸν
3505 1566 3764 1639 βουλομέ-

527 1673 770 1727 quasnam
805 1658 1117 1728 frequenter
1149 1660 1403 1714 dicuntur
1443 1660 1508 1715 de
1561 1659 1779 1716 Christo
1812 1661 1880 1717 ab
1911 1662 1976 1716 iis
2004 1662 2095 1732 qui

528 1750 583 1805 in
619 1750 790 1819 ipsum
821 1750 1044 1806 credere
1071 1750 1289 1815 volunt,
1323 1752 1508 1806 mirari
1546 1752 1693 1808 subit
1719 1768 1942 1809 curnam
1981 1764 2099 1808 tan-

529 1841 650 1896 dem
676 1840 923 1911 imposita
945 1842 1162 1897 nomina
1194 1842 1470 1897 Servatori
1507 1852 1711 1907 nostro,
1739 1859 1858 1914 qua:
1884 1845 1968 1899 vix
1998 1860 2098 1899 nu-

533 1932 728 1985 merari
762 1939 1005 2000 possunt,
1028 1931 1344 2001 plerumque
1370 1933 1425 1986 bi
1450 1931 1663 1988 silentio
1699 1942 2097 2001 pertranseant,

530 2031 692 2092 atque
745 2023 957 2077 etiamsi
991 2038 1181 2078 eorum
1233 2027 1436 2080 mentio
1465 2025 1608 2081 facta
1653 2025 1848 2091 fuerit,
1877 2026 1967 2081 illa
2000 2029 2099 2081 im-

530 2121 739 2170 mutant
788 2128 893 2168 non
934 2117 1182 2184 proprie,
1223 2118 1317 2173 sed
1355 2117 1585 2188 tropice,
1635 2116 1817 2173 Jesum
1871 2119 1958 2174 his
1997 2134 2099 2174 no-

532 2204 766 2259 minibus
835 2206 1087 2274 appellari
1141 2207 1386 2262 dicentes
1446 2209 1554 2263 :in
1596 2191 1710 2264 sola
1766 2218 1946 2264 autem
2004 2226 2100 2280 ap-

531 2295 818 2362 pellatione
868 2295 1031 2352 Verbi
1066 2297 1411 2367 insistentes,
1453 2300 1617 2356 veluti
1655 2300 1826 2355 solum
1866 2300 2096 2356 Verbum

531 2395 782 2442 astruant
828 2402 949 2443 esse
978 2387 1254 2444 Christum
1293 2390 1426 2457 Dei;
1464 2406 1569 2446 non
1603 2391 1825 2461 perinde
1853 2402 2015 2462 atque
2042 2393 2095 2446 in

532 2479 745 2535 caeteris
803 2480 1101 2545 vocabulis,
1132 2483 1329 2552 quibus
1367 2483 1482 2552 ipse
1535 2493 1907 2555 nuncupatur,
1947 2486 2099 2541 inda-

531 2582 720 2640 gantes
748 2573 853 2628 vim
878 2574 1168 2643 signiﬁcati
1195 2590 1258 2629 ex
1281 2576 1383 2631 hac
1415 2591 1544 2632 voce
1569 2575 1747 2647 λόγος.
1765 2577 1881 2633 Jam
1907 2579 1959 2632 in
1992 2594 2100 2647 quo

531 2679 619 2718 me
677 2647 1100 2721 mirari'dicam
1164 2666 1456 2721 multorum
1515 2668 1826 2735 ruditatem,
1860 2671 2098 2741 apertius

530 2755 671 2809 enim
699 2756 911 2827 loquar,
949 2757 1053 2813 tale
1098 2769 1200 2814 est.
1240 2759 1417 2829 luquit
1461 2760 1660 2815 alicubi
1736 2760 1904 2817 Filius
1932 2762 2027 2817 Dei
2079 2781 2092 2817 :

532 2845 646 2918 Ego
665 2865 778 2904 sum
795 2851 887 2905 tua;
901 2851 1081 2906 mundi
1100 2852 1143 2884 ¹⁹
1162 2871 1176 2921 ;
1193 2861 1247 2907 et
1262 2853 1384 2908 alibi
1404 2871 1417 2905 :
1437 2850 1550 2922 Ego
1568 2870 1681 2907 sum
1700 2856 2009 2911 resurrectio
2030 2844 2105 2925 “

2196 1675 2302 1712 νων
2329 1659 2596 1730 λεγόμενα
2638 1659 2764 1731 περὶ
2797 1658 2994 1723 αὐτοῦ,
3020 1658 3075 1712 τι
3111 1658 3330 1731 δήποτε,
3370 1658 3764 1731 δυσεξαριθμή-

2196 1766 2304 1803 των
2332 1750 2607 1822 ὀνομάτων
2640 1751 2990 1823 τασσομένων
3029 1752 3120 1804 ἐπὶ
3164 1750 3257 1805 τοῦ
3287 1751 3535 1823 Σωτῆρος
3562 1753 3594 1822 ή
3603 1750 3721 1822 μῶν
3745 1792 3760 1815 ,

2195 1841 2265 1896 τὰ
2323 1843 2422 1912 μὲν
2462 1841 2689 1899 πλεῖστα
2731 1843 3193 1915 παρασιωπῶσιν,
3232 1842 3368 1896 ἀλλὰ
3400 1843 3493 1896 καὶ
3537 1842 3593 1905 εἰ
3634 1859 3762 1901 ποτε

2201 1933 2389 2004 μνήμη
2420 1934 2598 1988 αὐτῶν
2638 1934 2876 2003 γένοιτο,
2907 1932 3407 2007 μεταλαμϐάνουσιν
3428 1934 3488 1986 οὐ
3517 1933 3723 2004 κυρίως
3747 1972 3761 1994 ,

2196 2022 2334 2078 ἀλλὰ
2368 2024 2643 2095 τροπικῶς
2683 2024 2855 2078 ταῦτα
2896 2024 3057 2080 αὐτὸν
3115 2022 3506 2094 ὀνομάζεσθαι·
3569 2023 3664 2075 ἐπὶ
3709 2022 3765 2074 δὲ

2201 2112 2369 2184 μόνης
2399 2114 2500 2184 τῆς
2532 2114 2722 2184 Λόγος
2749 2114 3115 2186 προσηγορίας
3156 2113 3449 2184 ἱστάμενοι,
3470 2111 3637 2165 οἱονεὶ
3665 2112 3769 2164 Δό-

2196 2220 2290 2272 γον
2316 2204 2473 2275 μόνον
2497 2206 2659 2275 φασὶν
2696 2200 2833 2258 εἶναι
2861 2204 2951 2259 τὸν
2975 2204 3320 2277 Χριστὸντοῦ
3342 2203 3497 2266 Θεοῦ,
3523 2202 3620 2256 καλ¹
3648 2202 3769 2271 οὐχὶ

2195 2297 2503 2361 ἀκολούθως
2530 2300 2643 2362 τοῖς
2670 2297 2875 2362 λοιποῖς
2905 2296 3014 2352 τῶν
3048 2296 3463 2369 ὀνομαζομένων
3505 2294 3769 2367 ἐρευνῶσι

2194 2387 2289 2442 τοῦ
2325 2386 2722 2460 σημαινομένου
2748 2388 2846 2460 τὴν
2863 2387 3089 2459 δύναμιν
3119 2390 3185 2442 ὲκ
3215 2387 3312 2457 τῆς
3336 2389 3525 2457 Λόγος
3558 2385 3765 2455 φωνῆς’

2195 2481 2225 2535 ὃ
2251 2482 2309 2536 δέ
2336 2499 2478 2553 φημι
2507 2480 2806 2553 Θαυμάζειν
2841 2482 2939 2554 τὴν
2970 2480 3295 2553 ἀϐελτηρίαν
3346 2480 3457 2551 (92)
3492 2480 3603 2534 τῶν
3638 2480 3769 2532 πολ-

2196 2574 2304 2628 λῶν
2333 2574 2703 2645 (σαφέστερον
2732 2574 2839 2646 γὰρ
2867 2572 3021 2646 ἐρῶ),
3055 2572 3290 2627 τοιοῦτόν
3323 2574 3459 2629 ἐστι.
3492 2572 3634 2643 Φησι
3667 2589 3769 2625 που

2195 2669 2225 2721 ὁ
2266 2667 2393 2731 Υἱὸς
2418 2665 2512 2720 τοῦ
2546 2666 2711 2720 Θεοῦ·
2762 2664 2905 2736 Ἐγώ
2932 2668 3049 2735 ειμι
3088 2665 3157 2720 τὸ
3194 2665 3319 2735 φῶς
3358 2665 3464 2719 τοῦ
3508 2665 3769 2733 κόσμου·

2198 2759 2290 2813 καὶ
2328 2761 2385 2812 ὲν
2417 2757 2630 2822 ἄλλοις·
2680 2755 2827 2827 Ἐγώ
2851 2759 2968 2826 ειμι
2991 2758 3031 2826 ἠ
3057 2756 3422 2823 ἀνάστασις·
3455 2757 3551 2810 κα)⁵
3583 2756 3769 2810 πάλιν·

2178 2849 2349 2920 ,Ἐγώ
2391 2851 2506 2919 ειμι
2531 2849 2569 2917 ἠ
2600 2848 2759 2914 ὁδὸς,
2792 2848 2888 2902 καὶ
2916 2850 2955 2917 ἡ
2985 2849 3251 2916 ἀλήθεια,
3277 2849 3375 2902 καὶ
3420 2849 3459 2916 ἡ
3507 2847 3643 2914 ζωή·
3676 2850 3774 2915 γέ-

529 2954 586 2997 ct
623 2958 835 2999 rursum
856 2944 887 3013 ιε
924 2943 1037 3013 Ego
1075 2961 1190 3001 sum
1241 2949 1344 3013 via,
1383 2947 1575 3001 veritas
1630 2956 1679 3001 et
1726 2948 1832 3002 vita
1858 2948 1902 2981 “
1925 2965 1939 3013 ;
1962 2949 2099 3005 scri-

2202 2958 2449 3015 γραπται
2473 2941 2531 2994 δὲ
2564 2941 2658 2994 καὶ
2689 2940 2766 2993 τό·
2808 2938 2947 3010 Ἐγώ
2970 2942 3085 3011 εἰμι
3128 2941 3167 3009 ἠ
3198 2941 3364 3009 θύρα·
3422 2939 3641 3012 εἴρηται
3678 2940 3777 2993 καὶ

532 3043 680 3102 ptum
722 3044 806 3090 est
841 3045 897 3090 et
932 3036 1092 3092 illud:
1121 3036 1231 3107 Ego
1272 3054 1389 3093 sum
1428 3039 1620 3092 ostium
1650 3039 1727 3107 ¹⁸;
1778 3040 1981 3094 dictum
2016 3050 2099 3095 est

531 3126 694 3178 etiam
713 3141 726 3178 :
744 3124 857 3195 Ego
887 3143 1004 3181 sum
1028 3141 1207 3196 pastor
1241 3130 1407 3185 bonus
1429 3131 1473 3163 ιδ
1501 3148 1518 3197 ;
1544 3140 1599 3184 et
1625 3130 1690 3184 ad
1716 3130 2096 3187 Samaritidem

533 3217 639 3287 23
668 3218 935 3274 dicentem
966 3236 981 3273 :
1016 3218 1224 3274 Scimus
1255 3223 1392 3292 quod
1442 3222 1666 3276 Messias
1712 3223 1866 3283 venit,
1889 3224 1977 3292 qui
2019 3223 2102 3276 di-

533 3314 674 3363 citur
697 3309 935 3364 Christus
962 3327 981 3365 :
1010 3327 1129 3366 cum
1163 3324 1336 3367 autem
1360 3316 1555 3368 venerit
1582 3313 1694 3378 ille,
1722 3314 1983 3369 nuutiabit
2006 3330 2100 3366 no-

534 3403 612 3456 bis
635 3404 810 3456 omnia
833 3403 910 3470 ¹⁸;
932 3404 1249 3472 respondet:
1272 3403 1384 3474 Ego
1407 3421 1519 3457 sum
1543 3405 1632 3474 qui
1657 3404 1842 3473 loquor
1864 3403 2100 3457 tecum“.

534 3494 616 3548 Ad
648 3495 763 3548 haec
795 3510 917 3549 cum
945 3495 1163 3550 lavisset
1188 3496 1350 3565 pedes
1382 3496 1789 3566 discipulorum,
1820 3496 2102 3551 Dominum

535 3599 594 3637 se
621 3593 673 3639 et
696 3584 1010 3656 Magistrum
1042 3585 1126 3641 bis
1177 3587 1355 3642 verbis
1385 3587 1586 3643 fatetur
1612 3605 1627 3641 :
1661 3586 1763 3642 Vos
1791 3589 1963 3642 dicitis
1996 3586 2105 3641 Do-

535 3676 733 3728 minum
781 3692 862 3731 me
891 3685 941 3732 et
978 3679 1286 3748 magistrum
1307 3719 1323 3743 ,
1359 3689 1407 3732 et
1439 3680 1563 3733 bene
1610 3679 1787 3733 dicitis
1817 3692 1836 3730 :
1875 3695 1992 3732 sum
2023 3687 2101 3731 et-

533 3770 668 3822 enim
700 3770 763 3827 ".
794 3769 932 3837 Quin
980 3779 1187 3841 aperte,
1217 3780 1275 3825 et
1304 3770 1450 3826 clare
1473 3785 1532 3826 se
1569 3771 1744 3841 ipsum
1774 3769 1969 3825 Filium
2008 3768 2103 3823 Dei

533 3876 654 3916 esse
694 3862 1034 3927 pronuntiat,
1062 3861 1289 3917 dicens:
1330 3860 1495 3927 Quem
1529 3858 1692 3915 Pater
1735 3848 2099 3929 sanctiﬁcavit,

532 3961 581 4005 et
607 3953 834 4021 misitjn
854 3953 1129 4017 mundum,
1156 3969 1241 4007 vos
1265 3954 1437 4007 dicitis
1461 3969 1541 4006 me
1562 3951 1943 4021 blasphemare,
1976 3970 2106 4023 quo—

535 4043 675 4095 niam
713 4041 847 4106 dixi,
884 4040 1056 4096 Filius
1090 4042 1185 4096 Dei
1225 4059 1341 4096 sum
1376 4058 1469 4111 ego
1503 4041 1547 4073 ¹⁸
1571 4040 1680 4097 ?Et
1714 4042 1844 4097 illud
1875 4060 1888 4095 :
1916 4042 2102 4109 Pater,

533 4131 667 4183 venit
691 4132 820 4183 liora
848 4146 870 4195 ;
898 4130 1136 4200 glori/ica
1164 4129 1365 4184 Filium
1410 4142 1582 4195 tuum,
1611 4141 1667 4184 ut
1708 4142 1755 4185 et
1786 4131 1958 4186 Filius
1983 4142 2103 4188 tuus

531 4220 789 4289 gloriﬁcet
818 4231 866 4274 te
885 4220 948 4273 ι’.
974 4221 1279 4277 Invenimus
1299 4221 1463 4277 etiam
1481 4236 1540 4277 se
1557 4222 1732 4291 ipsum
1751 4225 2103 4296 pronuntian-

2198 3033 2279 3088 τό·
2322 3033 2468 3104 Ἐγώ
2492 3035 2607 3102 ειμι
2640 3035 2672 3086 d
2702 3032 2927 3102 ποιμὴν
2956 3035 2990 3087 ό
3014 3035 3219 3099 καλός·
3256 3033 3351 3086 καὶ
3377 3033 3512 3104 πρὸς
3542 3033 3642 3103 τὴν
3664 3034 3777 3085 Σαο

2202 3126 2446 3194 μαρεῖτιν
2471 3123 2804 3193 φάσκουσαν,
2830 3120 3102 3191 Οἴδαμεν,
3132 3121 3220 3176 ὅτι
3237 3122 3507 3187 Μεσσίας
3535 3123 3778 3191 ἔρχεται

2200 3216 2234 3268 ὁ
2247 3214 2571 3283 λεγόμενος
2590 3212 2857 3281 Χριστός·
2876 3211 3020 3267 ὅταν
3030 3214 3175 3282 ἔλθῃ
3187 3213 3433 3279 ἐκεῖνος,
3447 3214 3783 3283 ἀναγγελεῖ

2201 3303 2346 3374 ἡμῖν
2381 3303 2597 3368 πάντα,
2630 3303 3014 3374 ἀποκρίνεται·
3041 3304 3189 3373 Ἐγώ
3213 3306 3330 3373 ειμι
3363 3307 3396 3357 ὁ
3420 3303 3631 3357 λαλῶν
3651 3320 3780 3359 σοι.

2201 3393 2346 3465 Πρὸς
2378 3389 2586 3456 τούτοις
2631 3393 2720 3445 ὅτε
2771 3392 2918 3464 ἔνιψε
2951 3393 3075 3457 τοὺς
3114 3392 3295 3463 δπόδας
3336 3392 3444 3446 τῶν
3480 3392 3780 3464 μαθητῶν,

2201 3485 2405 3556 Κύριος
2439 3485 2532 3537 καὶ
2552 3484 2869 3548 διδάσκαλος
2896 3484 3075 3539 αὐτῶν
3102 3481 3240 3540 εἶναι
3276 3483 3367 3538 διὰ
3402 3485 3608 3537 τούτων
3641 3486 3781 3555 ὁμου

2200 3577 2378 3647 λογεί·
2424 3576 2619 3647 Ὑμεῖς
2647 3577 2893 3646 φωνεῖτέ
2913 3595 2991 3647 με
3017 3580 3049 3632 ό
3070 3576 3434 3643 διδάσκαλος
3457 3576 3557 3630 καὶ
3591 3580 3626 3631 ό
3656 3578 3786 3632 Κύ-

2192 3686 2356 3739 ριος·
2393 3668 2493 3722 καὶ
2520 3668 2718 3735 καλῶς
2745 3668 2980 3740 λέγετε,
3007 3669 3125 3738 εἰμὶ
3162 3668 3292 3739 γάρ.
3332 3668 3490 3722 Ἀλλὰ
3518 3668 3614 3722 καὶ
3645 3669 3785 3723 Υἰδν

2201 3754 2341 3813 εἶναι
2374 3757 2508 3812 Θεοῦ
2543 3758 2730 3828 σαφῶς
2780 3759 2972 3813 ἑαυτὸν
3005 3759 3385 3828 καταγγέλλει,
3413 3758 3587 3828 λέγων
3611 3778 3627 3791 ·
3675 3763 3789 3814 Ὃν

2202 3851 2235 3903 ὀ
2260 3848 2461 3917 Πατὴρ
2498 3849 2736 3918 ἡγίασε,
2767 3850 2867 3903 καὶ
2896 3848 3255 3917 ἀπέστειλεν
3275 3852 3367 3915 εἰς
3388 3848 3493 3901 τὸν
3520 3848 3786 3922 κόσμον,

2202 3939 2371 4009 ὑμεῖς
2406 3938 2632 4006 λέγετε,
2663 3940 2752 3993 ὅτι
2768 3979 2783 4005 ,
2818 3939 3205 4009 Βλασφημεῖς
3221 3955 3234 3968 ·
3266 3938 3355 3993 ὅτι
3391 3935 3564 3993 εἷπον
3582 3953 3596 3966 ·
3650 3941 3795 4004 Υἱὸς

2201 4032 2305 4085 τοῦ
2335 4031 2479 4085 Θεοῦ
2498 4033 2614 4100 ειμι
2630 4047 2649 4094 ;
2666 4029 2776 4084 καί·
2804 4032 2994 4101 Πάτερ
3013 4072 3027 4096 ,
3058 4031 3354 4097 ἐλήλυθεν
3373 4033 3408 4101 ἡ
3431 4029 3573 4100 ὥρα·
3594 4031 3792 4097 δόξα-

2201 4124 2316 4176 σόν
2343 4137 2459 4177 σου
2488 4122 2592 4176 τὸν
2617 4122 2771 4189 Υἱὸν,
2788 4124 2887 4177 ἵνα
2908 4126 2941 4177 ό
2978 4122 3110 4190 Υἱὸς
3132 4121 3361 4192 δοξάσῃ
3389 4138 3482 4177 σε.
3512 4123 3797 4195 Εὑρίσκο-

2206 4232 2304 4286 μεν
2338 4215 2395 4268 δὲ
2424 4216 2855 4286 καταγγέλλοντα
2878 4215 3069 4270 ἑαυτὸν
3097 4216 3190 4270 κα)⁵
3223 4216 3464 4287 βασιλέα·
3492 4215 3569 4280 ὡς
3607 4217 3795 4284 ἐπὰν,

535 4287 642 4364 tem
663 4326 866 4379 regem,
896 4311 1063 4366 veluti
1096 4311 1268 4368 Pilato
1300 4312 1499 4369 dicenti
1531 4330 1544 4366 :
1577 4287 1693 4368 fies:
1717 4287 1771 4369 ei
1799 4324 1857 4368 tu
1883 4316 2099 4370 Judwo-

2204 4304 2631 4375 ἀποκρινόμενος
2657 4304 2734 4376 τῷ
2765 4304 2982 4376 Πιλάτῳ
3012 4303 3150 4377 πρὸς
3186 4304 3248 4357 τὸ
3267 4343 3284 4371 ,
3313 4303 3397 4358 Σὺ
3426 4301 3487 4359 εἴ
3522 4308 3556 4360 ὁ
3585 4305 3800 4369 βασι-

533 4415 651 4451 rum
680 4399 724 4431 '°
753 4399 777 4455 i
827 4402 1156 4468 respondens
1201 4403 1337 4457 dixit
1364 4420 1381 4460 :
1425 4400 1659 4474 Regnum
1690 4419 1863 4458 meum
1885 4420 1997 4459 non
2023 4414 2099 4459 est

531 4503 596 4541 ex
623 4488 720 4542 hoc
748 4490 943 4544 mundo
963 4507 981 4546 :
998 4491 1045 4546 si
1067 4508 1133 4547 ea:
1159 4494 1255 4547 hoc
1281 4494 1476 4548 mundo
1505 4502 1635 4549 esset
1665 4509 1880 4564 regnum
1905 4510 2097 4561 meum,

532 4580 765 4635 ministri
812 4585 910 4636 mei
951 4586 1203 4639 certaturi
1230 4584 1470 4654 fuerant,
1507 4601 1569 4639 ne
1596 4584 1829 4639 traderer
1858 4584 2099 4651 Iudaeis;

533 4689 668 4726 nunc
685 4684 860 4727 autem
883 4690 1095 4745 regnum
1122 4692 1295 4730 meum
1312 4693 1415 4730 non
1436 4685 1510 4730 est
1533 4677 1656 4730 hinc
1682 4677 1749 4730 ³³.
1766 4674 2018 4746 Legimus
2045 4685 2100 4731 et

532 4763 661 4820 illud
691 4782 705 4818 :
733 4764 846 4836 Ego
870 4783 987 4820 sum
1018 4767 1136 4821 uitis
1166 4783 1309 4834 vera,
1332 4777 1379 4822 et
1412 4766 1573 4822 Pater
1591 4785 1737 4823 meus
1765 4767 1994 4839 agricola
2015 4769 2099 4835 ²²;

529 4866 586 4910 et
617 4873 831 4913 rursum
862 4876 876 4913 :
904 4856 1018 4929 Ego
1050 4876 1167 4914 sum
1212 4860 1354 4925 vitis,
1398 4876 1486 4913 vos
1515 4860 1777 4928 palmites.
1814 4861 1860 4893 ”
1889 4859 2101 4916 Connu-

531 4958 808 5003 merentur
838 4950 922 5005 bis
945 4949 1061 5005 baac
1102 4964 1317 5021 quoque
1344 4968 1359 5004 :
1386 4949 1498 5017 Ego
1525 4967 1642 5004 sum
1685 4954 1836 5020 panis
1869 4952 1987 5006 vita:
2013 4952 2099 5017 ";

528 5046 585 5091 et
625 5036 821 5093 iterum
868 5056 883 5093 :
929 5037 1044 5109 Ego
1090 5057 1208 5093 sum
1233 5041 1385 5109 panis
1418 5040 1609 5107 vivens,
1640 5042 1730 5112 qui
1757 5034 1821 5094 de
1855 5043 1980 5097 cwlo
2005 5045 2099 5096 de-

529 5131 728 5197 scendi,
750 5139 797 5184 et
824 5131 980 5184 vitam
1002 5133 1193 5185 mundo
1211 5132 1414 5201 praebeo
1431 5134 1499 5186 ".
1518 5133 1585 5187 Et
1603 5134 1715 5188 biec
1740 5134 1956 5203 quidem
1978 5148 2099 5203 qua:

638 5269 682 5300 “’
726 5268 884 5325 Joan.
934 5283 1049 5331 vm,
1082 5269 1169 5322 12.
1264 5271 1307 5302 ¹¹
1342 5271 1495 5326 Joan.
1534 5288 1619 5335 ιι,
1663 5272 1755 5328 25.

528 5339 571 5371 “
606 5339 734 5392 ibid.
771 5339 862 5395 26.
980 5341 1022 5372 "
1058 5338 1216 5394 Joan.
1257 5357 1376 5404 xm,
1407 5342 1493 5396 15.
1600 5343 1644 5374 ³⁸
1669 5342 1826 5397 Joan.
1879 5359 1933 5397 ι.
1989 5342 2079 5398 56.

1858 5275 1900 5305 “
1922 5270 2210 5335 Joan.x1v,
2245 5268 2297 5323 6.
2408 5268 2452 5299 ¹⁸
2481 5268 2689 5321 Joan.x

1879 5359 1933 5397 ι.
1989 5342 2079 5398 56.
2188 5342 2230 5373 ⁸⁸
2265 5336 2423 5394 Joan.
2464 5352 2598 5404 xm,
2643 5336 2696 5390 1.

2202 4398 2348 4464 λεὺς
2406 4397 2523 4451 τῶν
2566 4397 2905 4463 Ἰουδαίων;
2950 4397 3112 4469 λέγῃ·
3159 4397 3231 4452 Ἦ
3262 4398 3549 4463 ,βασιλεία
3578 4398 3620 4466 ἡ
3662 4399 3799 4469 ἐμὴ

2203 4491 2315 4543 οὐκ
2341 4489 2509 4544 ἐστιν
2530 4489 2598 4543 ἐκ
2630 4488 2735 4543 τοῦ
2769 4496 3003 4558 κόσμου
3036 4491 3248 4543 τούτου
3274 4506 3289 4521 ·
3328 4493 3381 4544 ει
3415 4489 3483 4543 ἐκ
3516 4488 3627 4542 τοῦ
3682 4492 3804 4544 κό-

2206 4596 2363 4649 σμου
2389 4581 2602 4635 τούτου
2622 4576 2701 4650 ἦν
2722 4581 2761 4648 ὴ
2783 4581 3073 4644 ,βασιλεία
3102 4582 3141 4649 ἠ
3170 4581 3304 4652 ἐμὴ,
3326 4584 3381 4635 ot
3404 4580 3705 4649 ὑπηρέται
3732 4585 3805 4637 οἱ

2204 4670 2334 4740 ἐμοὶ
2358 4669 2705 4741 ἠγωνίζοντο
2746 4670 2852 4736 ἂν,
2887 4672 2986 4725 ἵνα
3016 4670 3102 4741 μὴ
3136 4670 3445 4741 παραδοθῶ
3472 4672 3595 4738 τοῖς
3636 4673 3807 4729 Ἰου-

2204 4762 2413 4828 δαίοις·
2443 4763 2559 4817 νῦν
2593 4762 2660 4816 δὲ
2686 4765 2724 4831 ὴ
2775 4763 3059 4828 βασιλεία
3090 4766 3127 4833 ἠ
3165 4762 3277 4833 ἐμὴ
3315 4764 3429 4817 οὐκ
3459 4762 3639 4816 ἐστιν
3679 4765 3808 4819 ἐν.

2204 4854 2433 4909 τεῦθεν.
2481 4854 2816 4927 Ἀνέγνωμεν
2866 4856 2959 4910 καί¹
2984 4857 3062 4910 τό·
3107 4854 3252 4925 Ἐγώ
3298 4858 3413 4926 ειμι
3435 4856 3474 4924 ἡ
3502 4855 3814 4927 ἄμπελος

2206 4948 2245 5015 ἠ
2279 4947 2555 5017 ἀληθινὴ,
2590 4947 2689 5001 καὶ
2733 4950 2765 5001 ό
2815 4946 3014 5015 Πατήρ
3060 4965 3179 5017 μου
3216 4950 3249 5001 ὁ
3300 4947 3551 5016 γεωργός
3595 4947 3745 5002 ἐστι
3788 4969 3810 4984 ο

2176 5040 2300 5094 ,καὶ
2331 5040 2509 5094 πάλιν·
2540 5038 2687 5111 Ἐγώ
2712 5042 2828 5109 εὶμι
2849 5039 3135 5109 ἄμπελος,
3168 5037 3338 5108 ὑμεῖς
3373 5037 3445 5091 τὰ
3469 5035 3808 5107 κλήματα-

2203 5131 2645 5205 Συναριθμείσθω
2677 5130 2887 5195 τούτοις
2924 5131 3018 5185 καὶ
3053 5130 3147 5182 τό·
3203 5127 3343 5199 Ἐγώ
3381 5130 3499 5198 εἰμι
3529 5130 3563 5182 ὁ
3588 5126 3815 5199 ἄρτος

2408 5268 2452 5299 ιι
2481 5266 2711 5332 Joan.x,
2748 5267 2803 5323 9.
2910 5265 3220 5321 “ibid.”
3336 5228 3810 5330 λιιοπηηηεες.

2794 5338 2838 5369 so
2864 5335 3021 5393 Joan.
3075 5350 3231 5402 xvnt,
3261 5334 3351 5391 55.
3460 5334 3502 5365 ⁸⁸
3530 5333 3814 5395 ibid.36.

526 5411 571 5440 ¹²
605 5408 762 5465 Joan.
800 5408 951 5477 ενδ.
1024 5409 1069 5441 ’³
1090 5410 1219 5467 ibid.
1252 5411 1308 5466 5.
1382 5412 1427 5444 ³⁸
1453 5410 1608 5469 Joan.
1634 5428 1709 5478 v1,
1739 5413 1830 5469 55.
1906 5412 1951 5444 ³⁵
1983 5413 2099 5468 ἱὺὶἀη

2202 5414 2223 5477 μ,
2263 5410 2355 5464 41.

604 5556 948 5628 (90)“Ἀλλο.
967 5557 1128 5611 Deest
1165 5559 1305 5625 apud
1340 5556 1615 5628 lluetium,
1660 5567 1840 5616 exstat
1868 5573 1997 5615 vero
2038 5560 2095 5616 in

529 5629 687 5680 codd.
720 5627 1010 5681 Bodleiano
1043 5637 1099 5681 et
1137 5628 1448 5682 Barberino.

589 5695 713 5820 ι(91)
741 5696 983 5785 Ἴδωμεν
1001 5696 1068 5750 δὲ
1106 5697 1565 5786 ἐπιμελέστερον
1612 5702 1703 5768 τίς
1753 5704 1786 5754 ὁ
1825 5701 1897 5755 ἐν
1947 5699 2102 5769 αὐτῇ

534 5770 582 5822 Δ
623 5784 745 5822 νος.
784 5767 1106 5822 Θαυιιαζειν
1133 5785 1227 5822 μοι
1267 5771 1562 5822 πολλακιο
1606 5771 1934 5822 esti-foverat.
1985 5770 2102 5822 llam

2208 5559 2402 5613 desunt
2428 5557 2482 5611 in
2502 5538 2749 5611 editione
2776 5553 2977 5622 Huetii,
3001 5534 3361 5608 restituuntur
3386 5565 3516 5605 vero
3538 5566 3571 5607 e
3604 5555 3819 5615 codd-

2208 5629 2497 5684 Bodleiano
2519 5638 2571 5678 et
2602 5625 2912 5678 Barberino.

2276 5696 2386 5770 (92)
2406 5695 2808 5770 _’A6e.ic_nplar.
2837 5694 2995 5770 Deest
3015 5692 3151 5770 apud
3166 5692 3435 5770 Hltetium,
3468 5693 3563 5748 sed
3590 5703 3829 5755 exstas

623 5784 745 5837 γος.
784 5762 1106 5839 Θαὶνμάζειν
1126 5762 1227 5839 μοί
1267 5762 1562 5837 πολλάκις
1606 5762 1934 5844 ἐπέρχεται.
1984 5762 2099 5827 Bait

2215 5770 2266 5826 in
2284 5762 2486 5824 'co'dicc
2512 5765 2820 5831 Bodleiano,
2849 5774 2903 5819 et
2933 5766 3009 5820 ita
3039 5763 3169 5835 legit
3192 5762 3496 5820 Ferrarius.
