  <div class='ocr_page' id='page_1' title='image "/cluster/home/n/w/nwhite01/storage/ocr_20150623/14/hvd.32044024333478/038.png"; bbox 0 0 3856 6518; ppageno 0'>
   <div class='ocr_carea' id='block_1_1' title="bbox 123 365 3360 426">
    <p class='ocr_par' dir='ltr' id='par_1_1' title="bbox 123 365 3360 426">
     <span class='ocr_line' id='line_1_1' title="bbox 123 365 3360 426; baseline -0.001 -4"><span class='ocrx_word' id='word_1_1' title='bbox 123 367 177 422; x_wconf 76' lang='lat' dir='ltr'><strong>BI</strong></span> <span class='ocrx_word' id='word_1_2' title='bbox 1210 366 1570 426; x_wconf 75' lang='lat' dir='ltr'><strong>COMMENT.</strong></span> <span class='ocrx_word' id='word_1_3' title='bbox 1613 367 1681 423; x_wconf 83' lang='lat' dir='ltr'><strong>IN</strong></span> <span class='ocrx_word' id='word_1_4' title='bbox 1719 365 1911 423; x_wconf 75' lang='lat' dir='ltr'><strong>JOAN.</strong></span> <span class='ocrx_word' id='word_1_5' title='bbox 1949 366 2191 423; x_wconf 62' lang='lat' dir='ltr'><strong>TOMUS</strong></span> <span class='ocrx_word' id='word_1_6' title='bbox 2224 367 2266 425; x_wconf 86' lang='grc' dir='ltr'><strong>ι.</strong></span> <span class='ocrx_word' id='word_1_7' title='bbox 3291 372 3360 419; x_wconf 72' lang='lat'><strong>0‘2.</strong></span> 
     </span>
    </p>
   </div>
   <div class='ocr_carea' id='block_1_2' title="bbox 122 479 1653 557">
    <p class='ocr_par' dir='ltr' id='par_1_2' title="bbox 122 479 1631 555">
     <span class='ocr_line' id='line_1_2' title="bbox 122 479 1631 555; baseline -0.005 -14"><span class='ocrx_word' id='word_1_8' title='bbox 122 484 224 555; x_wconf 81' lang='grc' dir='ltr'>τῆς</span> <span class='ocrx_word' id='word_1_9' title='bbox 243 479 413 553; x_wconf 64' lang='grc' dir='ltr'>ζωῆς</span> <span class='ocrx_word' id='word_1_10' title='bbox 450 483 548 538; x_wconf 77' lang='grc' dir='ltr'>καὶ</span> <span class='ocrx_word' id='word_1_11' title='bbox 579 482 772 538; x_wconf 85' lang='grc' dir='ltr'>πάλιν·</span> <span class='ocrx_word' id='word_1_12' title='bbox 816 482 964 554; x_wconf 64' lang='grc' dir='ltr'><strong>Ἐγώ</strong></span> <span class='ocrx_word' id='word_1_13' title='bbox 997 485 1114 554; x_wconf 79' lang='grc' dir='ltr'>ειμι</span> <span class='ocrx_word' id='word_1_14' title='bbox 1147 487 1180 540; x_wconf 86' lang='grc' dir='ltr'><em>ὀ</em></span> <span class='ocrx_word' id='word_1_15' title='bbox 1217 484 1395 555; x_wconf 78' lang='grc' dir='ltr'>ἄρτος</span> <span class='ocrx_word' id='word_1_16' title='bbox 1427 490 1460 542; x_wconf 83' lang='grc' dir='ltr'><strong><em>ό</em></strong></span> <span class='ocrx_word' id='word_1_17' title='bbox 1484 485 1594 548; x_wconf 75' lang='grc' dir='ltr'>ζῶν</span> <span class='ocrx_word' id='word_1_18' title='bbox 1616 527 1631 553; x_wconf 78' lang='grc'><strong>,</strong></span> 
     </span>
    </p>
   </div>
   <div class='ocr_carea' id='block_1_3' title="bbox 1759 479 3361 557">
    <p class='ocr_par' dir='ltr' id='par_1_3' title="bbox 1759 484 3361 557">
     <span class='ocr_line' id='line_1_3' title="bbox 1759 484 3361 557; baseline -0.002 -17"><span class='ocrx_word' id='word_1_19' title='bbox 1759 484 1989 547; x_wconf 71' lang='lat' dir='ltr'><strong>.Filium</strong></span> <span class='ocrx_word' id='word_1_20' title='bbox 2019 487 2113 542; x_wconf 84' lang='lat' dir='ltr'><strong>Dei</strong></span> <span class='ocrx_word' id='word_1_21' title='bbox 2146 502 2206 543; x_wconf 87' lang='lat' dir='ltr'><strong>se</strong></span> <span class='ocrx_word' id='word_1_22' title='bbox 2239 501 2360 543; x_wconf 88' lang='lat' dir='ltr'><strong>esse</strong></span> <span class='ocrx_word' id='word_1_23' title='bbox 2389 486 2613 552; x_wconf 91' lang='lat' dir='ltr'><strong>asserit,</strong></span> <span class='ocrx_word' id='word_1_24' title='bbox 2654 499 2881 557; x_wconf 66' lang='lat' dir='ltr'><strong>quaeque</strong></span> <span class='ocrx_word' id='word_1_25' title='bbox 2925 485 3080 541; x_wconf 89' lang='lat' dir='ltr'><strong>nobis</strong></span> <span class='ocrx_word' id='word_1_26' title='bbox 3116 485 3183 541; x_wconf 82' lang='lat' dir='ltr'><strong>ad</strong></span> <span class='ocrx_word' id='word_1_27' title='bbox 3216 485 3266 538; x_wconf 78' lang='lat' dir='ltr'><strong>id</strong></span> <span class='ocrx_word' id='word_1_28' title='bbox 3296 486 3361 538; x_wconf 84' lang='lat' dir='ltr'><strong>de</strong></span> 
     </span>
    </p>
   </div>
   <div class='ocr_carea' id='block_1_4' title="bbox 119 575 1686 647">
    <p class='ocr_par' dir='ltr' id='par_1_4' title="bbox 119 575 1686 647">
     <span class='ocr_line' id='line_1_4' title="bbox 119 575 1686 647; baseline 0.003 -16"><span class='ocrx_word' id='word_1_29' title='bbox 119 578 181 631; x_wconf 69' lang='lat' dir='ltr'><strong>ire</strong></span> <span class='ocrx_word' id='word_1_30' title='bbox 232 576 340 632; x_wconf 85' lang='grc' dir='ltr'><strong>τοῦ</strong></span> <span class='ocrx_word' id='word_1_31' title='bbox 388 575 650 646; x_wconf 80' lang='grc' dir='ltr'>οὐρανοῦ</span> <span class='ocrx_word' id='word_1_32' title='bbox 686 577 962 643; x_wconf 76' lang='grc' dir='ltr'>καταϐὰς,</span> <span class='ocrx_word' id='word_1_33' title='bbox 1014 577 1115 631; x_wconf 78' lang='grc' dir='ltr'>καὶ</span> <span class='ocrx_word' id='word_1_34' title='bbox 1157 577 1310 647; x_wconf 81' lang='grc' dir='ltr'>ζωὴν</span> <span class='ocrx_word' id='word_1_35' title='bbox 1356 579 1562 647; x_wconf 83' lang='grc' dir='ltr'>διδοὺς</span> <span class='ocrx_word' id='word_1_36' title='bbox 1605 580 1686 647; x_wconf 85' lang='grc' dir='ltr'>τῷ</span> 
     </span>
    </p>
   </div>
   <div class='ocr_carea' id='block_1_5' title="bbox 1790 576 3358 648">
    <p class='ocr_par' dir='ltr' id='par_1_5' title="bbox 1790 576 3358 648">
     <span class='ocr_line' id='line_1_5' title="bbox 1790 576 3358 648; baseline -0.003 -15"><span class='ocrx_word' id='word_1_37' title='bbox 1790 592 1898 648; x_wconf 92' lang='lat' dir='ltr'><strong>quo</strong></span> <span class='ocrx_word' id='word_1_38' title='bbox 1930 579 2141 648; x_wconf 89' lang='lat' dir='ltr'><strong>agimus</strong></span> <span class='ocrx_word' id='word_1_39' title='bbox 2167 586 2572 643; x_wconf 88' lang='lat' dir='ltr'><strong>succurrerunt,</strong></span> <span class='ocrx_word' id='word_1_40' title='bbox 2605 593 2671 633; x_wconf 84' lang='lat' dir='ltr'><strong>ex</strong></span> <span class='ocrx_word' id='word_1_41' title='bbox 2696 576 3102 647; x_wconf 74' lang='lat' dir='ltr'><strong>Evangeliorum</strong></span> <span class='ocrx_word' id='word_1_42' title='bbox 3132 585 3277 630; x_wconf 82' lang='lat' dir='ltr'><strong>textu</strong></span> <span class='ocrx_word' id='word_1_43' title='bbox 3308 576 3358 629; x_wconf 93' lang='lat' dir='ltr'><strong>in</strong></span> 
     </span>
    </p>
   </div>
   <div class='ocr_carea' id='block_1_6' title="bbox 57 666 1653 752">
    <p class='ocr_par' dir='ltr' id='par_1_6' title="bbox 57 666 1653 752">
     <span class='ocr_line' id='line_1_6' title="bbox 57 666 1653 752; baseline 0 -31"><span class='ocrx_word' id='word_1_44' title='bbox 57 744 70 752; x_wconf 73' lang='lat'><em>_</em></span> <span class='ocrx_word' id='word_1_45' title='bbox 118 669 336 737; x_wconf 76' lang='grc' dir='ltr'>κόσμῳ.</span> <span class='ocrx_word' id='word_1_46' title='bbox 354 666 465 719; x_wconf 77' lang='grc' dir='ltr'><strong>Καὶ</strong></span> <span class='ocrx_word' id='word_1_47' title='bbox 492 666 667 720; x_wconf 79' lang='grc' dir='ltr'>ταῦτα</span> <span class='ocrx_word' id='word_1_48' title='bbox 695 666 792 738; x_wconf 84' lang='grc' dir='ltr'>μὲν</span> <span class='ocrx_word' id='word_1_49' title='bbox 822 667 915 720; x_wconf 71' lang='grc' dir='ltr'><strong>ἐπὶ</strong></span> <span class='ocrx_word' id='word_1_50' title='bbox 935 666 1028 720; x_wconf 78' lang='grc' dir='ltr'><strong>τοῦ</strong></span> <span class='ocrx_word' id='word_1_51' title='bbox 1056 667 1319 739; x_wconf 80' lang='grc' dir='ltr'><strong>παρόντος</strong></span> <span class='ocrx_word' id='word_1_52' title='bbox 1345 670 1653 725; x_wconf 67' lang='grc' dir='ltr'>ὑποπεσόντι</span> 
     </span>
    </p>
   </div>
   <div class='ocr_carea' id='block_1_7' title="bbox 1759 666 3361 752">
    <p class='ocr_par' dir='ltr' id='par_1_7' title="bbox 1790 667 3361 740">
     <span class='ocr_line' id='line_1_7' title="bbox 1790 667 3361 740; baseline -0.003 -15"><span class='ocrx_word' id='word_1_53' title='bbox 1790 670 2027 725; x_wconf 88' lang='lat' dir='ltr'><strong>medium</strong></span> <span class='ocrx_word' id='word_1_54' title='bbox 2065 669 2410 740; x_wconf 89' lang='lat' dir='ltr'><strong>protulimus.</strong></span> <span class='ocrx_word' id='word_1_55' title='bbox 2451 668 2556 725; x_wconf 86' lang='lat' dir='ltr'><strong>Sed</strong></span> <span class='ocrx_word' id='word_1_56' title='bbox 2586 668 2891 722; x_wconf 87' lang='lat' dir='ltr'><strong>addendum</strong></span> <span class='ocrx_word' id='word_1_57' title='bbox 2921 667 3085 722; x_wconf 89' lang='lat' dir='ltr'><strong>etiam</strong></span> <span class='ocrx_word' id='word_1_58' title='bbox 3119 667 3246 720; x_wconf 88' lang='lat' dir='ltr'><strong>illud</strong></span> <span class='ocrx_word' id='word_1_59' title='bbox 3278 678 3361 721; x_wconf 90' lang='lat' dir='ltr'><strong>est</strong></span> 
     </span>
    </p>
   </div>
   <div class='ocr_carea' id='block_1_8' title="bbox 114 759 1681 836">
    <p class='ocr_par' dir='ltr' id='par_1_8' title="bbox 114 759 1681 836">
     <span class='ocr_line' id='line_1_8' title="bbox 114 759 1681 836; baseline 0.004 -24"><span class='ocrx_word' id='word_1_60' title='bbox 114 759 216 813; x_wconf 72' lang='grc' dir='ltr'><strong>ἀπὸ</strong></span> <span class='ocrx_word' id='word_1_61' title='bbox 247 759 359 813; x_wconf 84' lang='grc' dir='ltr'><strong>τῶν</strong></span> <span class='ocrx_word' id='word_1_62' title='bbox 391 761 450 813; x_wconf 81' lang='grc' dir='ltr'>ὲν</span> <span class='ocrx_word' id='word_1_63' title='bbox 487 763 602 824; x_wconf 87' lang='grc' dir='ltr'>τοῖς</span> <span class='ocrx_word' id='word_1_64' title='bbox 630 760 980 829; x_wconf 79' lang='grc' dir='ltr'>Εὐαγγελίοις</span> <span class='ocrx_word' id='word_1_65' title='bbox 1012 762 1279 831; x_wconf 84' lang='grc' dir='ltr'><strong>κειμένων</strong></span> <span class='ocrx_word' id='word_1_66' title='bbox 1314 763 1681 836; x_wconf 80' lang='grc' dir='ltr'><strong>παρεθέμεθα,</strong></span> 
     </span>
    </p>
   </div>
   <div class='ocr_carea' id='block_1_9' title="bbox 112 847 1677 921">
    <p class='ocr_par' dir='ltr' id='par_1_9' title="bbox 112 847 1677 921">
     <span class='ocr_line' id='line_1_9' title="bbox 112 847 1677 921; baseline 0.005 -18"><span class='ocrx_word' id='word_1_67' title='bbox 112 850 346 904; x_wconf 78' lang='grc' dir='ltr'>τοσαῦτα</span> <span class='ocrx_word' id='word_1_68' title='bbox 381 850 544 904; x_wconf 79' lang='grc' dir='ltr'>αὐτὸν</span> <span class='ocrx_word' id='word_1_69' title='bbox 585 851 836 921; x_wconf 86' lang='grc' dir='ltr'>λέγοντος</span> <span class='ocrx_word' id='word_1_70' title='bbox 881 847 1020 906; x_wconf 77' lang='grc' dir='ltr'>εἶναι</span> <span class='ocrx_word' id='word_1_71' title='bbox 1059 851 1151 906; x_wconf 90' lang='grc' dir='ltr'><strong>τοῦ</strong></span> <span class='ocrx_word' id='word_1_72' title='bbox 1200 852 1333 907; x_wconf 80' lang='grc' dir='ltr'>Υἰοῦ</span> <span class='ocrx_word' id='word_1_73' title='bbox 1378 854 1472 908; x_wconf 89' lang='grc' dir='ltr'><strong>τοῦ</strong></span> <span class='ocrx_word' id='word_1_74' title='bbox 1523 855 1677 911; x_wconf 97' lang='grc' dir='ltr'>Θεοῦ.</span> 
     </span>
    </p>
   </div>
   <div class='ocr_carea' id='block_1_10' title="bbox 124 941 1681 1019">
    <p class='ocr_par' dir='ltr' id='par_1_10' title="bbox 124 941 1681 1019">
     <span class='ocr_line' id='line_1_10' title="bbox 124 941 1681 1019; baseline 0.004 -24"><span class='ocrx_word' id='word_1_75' title='bbox 124 941 282 995; x_wconf 69' lang='grc' dir='ltr'>Ἀλλά</span> <span class='ocrx_word' id='word_1_76' title='bbox 313 945 411 996; x_wconf 74' lang='grc' dir='ltr'>καὶ</span> <span class='ocrx_word' id='word_1_77' title='bbox 437 945 496 997; x_wconf 84' lang='grc' dir='ltr'>ὲν</span> <span class='ocrx_word' id='word_1_78' title='bbox 520 947 587 1015; x_wconf 75' lang='grc' dir='ltr'>τῇ</span> <span class='ocrx_word' id='word_1_79' title='bbox 631 945 876 999; x_wconf 82' lang='grc' dir='ltr'><strong>Ἰωάννου</strong></span> <span class='ocrx_word' id='word_1_80' title='bbox 924 944 1303 1015; x_wconf 69' lang='grc' dir='ltr'>’Δποκαλύψειτ</span> <span class='ocrx_word' id='word_1_81' title='bbox 1336 946 1481 1015; x_wconf 82' lang='grc' dir='ltr'><strong>λέγει</strong></span> <span class='ocrx_word' id='word_1_82' title='bbox 1501 960 1517 978; x_wconf 87' lang='grc'>⁶</span> <span class='ocrx_word' id='word_1_83' title='bbox 1536 947 1681 1019; x_wconf 66' lang='grc' dir='ltr'>Ἐγώ</span> 
     </span>
    </p>
   </div>
   <div class='ocr_carea' id='block_1_11' title="bbox 110 1034 1681 1109">
    <p class='ocr_par' dir='ltr' id='par_1_11' title="bbox 110 1034 1681 1109">
     <span class='ocr_line' id='line_1_11' title="bbox 110 1034 1681 1109; baseline 0.005 -24"><span class='ocrx_word' id='word_1_84' title='bbox 110 1036 219 1102; x_wconf 78' lang='grc' dir='ltr'>εἰμι</span> <span class='ocrx_word' id='word_1_85' title='bbox 249 1038 286 1089; x_wconf 86' lang='grc' dir='ltr'><em>ὁ</em></span> <span class='ocrx_word' id='word_1_86' title='bbox 313 1034 551 1103; x_wconf 68' lang='grc' dir='ltr'>πρῶτος</span> <span class='ocrx_word' id='word_1_87' title='bbox 574 1036 671 1089; x_wconf 74' lang='grc' dir='ltr'>καὶ</span> <span class='ocrx_word' id='word_1_88' title='bbox 699 1039 732 1090; x_wconf 89' lang='grc' dir='ltr'><strong>ό</strong></span> <span class='ocrx_word' id='word_1_89' title='bbox 755 1035 1033 1106; x_wconf 77' lang='grc' dir='ltr'>ἔσχατος,</span> <span class='ocrx_word' id='word_1_90' title='bbox 1068 1037 1165 1090; x_wconf 74' lang='grc' dir='ltr'>καὶ</span> <span class='ocrx_word' id='word_1_91' title='bbox 1192 1040 1225 1091; x_wconf 86' lang='grc' dir='ltr'><strong>ό</strong></span> <span class='ocrx_word' id='word_1_92' title='bbox 1247 1036 1379 1102; x_wconf 78' lang='grc' dir='ltr'>ζῶν,</span> <span class='ocrx_word' id='word_1_93' title='bbox 1415 1039 1513 1092; x_wconf 73' lang='grc' dir='ltr'>καὶ</span> <span class='ocrx_word' id='word_1_94' title='bbox 1554 1038 1681 1109; x_wconf 74' lang='grc' dir='ltr'>ἐγε-</span> 
     </span>
    </p>
   </div>
   <div class='ocr_carea' id='block_1_12' title="bbox 110 1127 1679 1198">
    <p class='ocr_par' dir='ltr' id='par_1_12' title="bbox 110 1127 1679 1198">
     <span class='ocr_line' id='line_1_12' title="bbox 110 1127 1679 1198; baseline 0.003 -17"><span class='ocrx_word' id='word_1_95' title='bbox 110 1130 300 1197; x_wconf 82' lang='grc' dir='ltr'>νόμην</span> <span class='ocrx_word' id='word_1_96' title='bbox 322 1130 556 1196; x_wconf 59' lang='grc' dir='ltr'>νεκρός</span> <span class='ocrx_word' id='word_1_97' title='bbox 594 1127 720 1183; x_wconf 78' lang='grc' dir='ltr'><strong>ἰδοὺ</strong></span> <span class='ocrx_word' id='word_1_98' title='bbox 749 1127 860 1190; x_wconf 75' lang='grc' dir='ltr'>ζῶν</span> <span class='ocrx_word' id='word_1_99' title='bbox 878 1131 996 1198; x_wconf 83' lang='grc' dir='ltr'>ειμι</span> <span class='ocrx_word' id='word_1_100' title='bbox 1030 1131 1118 1196; x_wconf 79' lang='grc' dir='ltr'>εὶς</span> <span class='ocrx_word' id='word_1_101' title='bbox 1150 1130 1292 1197; x_wconf 84' lang='grc' dir='ltr'>τοὺς</span> <span class='ocrx_word' id='word_1_102' title='bbox 1321 1129 1538 1198; x_wconf 75' lang='grc' dir='ltr'>αἰῶνας</span> <span class='ocrx_word' id='word_1_103' title='bbox 1561 1131 1679 1186; x_wconf 87' lang='grc' dir='ltr'>τῶν</span> 
     </span>
    </p>
   </div>
   <div class='ocr_carea' id='block_1_13' title="bbox 109 1217 1677 1292">
    <p class='ocr_par' dir='ltr' id='par_1_13' title="bbox 109 1217 1677 1292">
     <span class='ocr_line' id='line_1_13' title="bbox 109 1217 1677 1292; baseline 0.005 -21"><span class='ocrx_word' id='word_1_104' title='bbox 109 1217 365 1272; x_wconf 65' lang='grc' dir='ltr'>αἰώνων·</span> <span class='ocrx_word' id='word_1_105' title='bbox 396 1220 490 1274; x_wconf 83' lang='grc' dir='ltr'><strong>καὶ</strong></span> <span class='ocrx_word' id='word_1_106' title='bbox 524 1221 719 1275; x_wconf 87' lang='grc' dir='ltr'>πάλιν·</span> <span class='ocrx_word' id='word_1_107' title='bbox 748 1220 981 1292; x_wconf 76' lang='grc' dir='ltr'>Γέγονα</span> <span class='ocrx_word' id='word_1_108' title='bbox 1020 1220 1087 1276; x_wconf 83' lang='grc' dir='ltr'>τὸ</span> <span class='ocrx_word' id='word_1_109' title='bbox 1130 1241 1169 1277; x_wconf 91' lang='grc' dir='ltr'><strong>α</strong></span> <span class='ocrx_word' id='word_1_110' title='bbox 1192 1224 1291 1277; x_wconf 78' lang='grc' dir='ltr'>καὶ</span> <span class='ocrx_word' id='word_1_111' title='bbox 1321 1222 1388 1277; x_wconf 83' lang='grc' dir='ltr'>τὸ</span> <span class='ocrx_word' id='word_1_112' title='bbox 1413 1240 1478 1289; x_wconf 86' lang='grc' dir='ltr'><strong>ω,</strong></span> <span class='ocrx_word' id='word_1_113' title='bbox 1508 1224 1605 1279; x_wconf 74' lang='grc' dir='ltr'>καὶ</span> <span class='ocrx_word' id='word_1_114' title='bbox 1644 1227 1677 1279; x_wconf 88' lang='lat' dir='ltr'><strong>d</strong></span> 
     </span>
    </p>
   </div>
   <div class='ocr_carea' id='block_1_14' title="bbox 112 1310 1672 1383">
    <p class='ocr_par' dir='ltr' id='par_1_14' title="bbox 112 1310 1672 1383">
     <span class='ocr_line' id='line_1_14' title="bbox 112 1310 1672 1383; baseline 0.004 -21"><span class='ocrx_word' id='word_1_115' title='bbox 112 1310 334 1378; x_wconf 74' lang='grc' dir='ltr'>πρῶτος</span> <span class='ocrx_word' id='word_1_116' title='bbox 373 1312 476 1367; x_wconf 75' lang='grc' dir='ltr'>καὶ</span> <span class='ocrx_word' id='word_1_117' title='bbox 518 1315 552 1367; x_wconf 87' lang='grc' dir='ltr'><strong>ό</strong></span> <span class='ocrx_word' id='word_1_118' title='bbox 592 1312 852 1381; x_wconf 81' lang='grc' dir='ltr'><strong>ἔσχατος</strong></span> <span class='ocrx_word' id='word_1_119' title='bbox 875 1353 891 1379; x_wconf 93' lang='grc'><strong>,</strong></span> <span class='ocrx_word' id='word_1_120' title='bbox 941 1313 982 1382; x_wconf 79' lang='grc' dir='ltr'><strong><em>ἡ</em></strong></span> <span class='ocrx_word' id='word_1_121' title='bbox 1025 1312 1181 1383; x_wconf 81' lang='grc' dir='ltr'><strong>ἀρχὴ</strong></span> <span class='ocrx_word' id='word_1_122' title='bbox 1233 1313 1333 1369; x_wconf 78' lang='grc' dir='ltr'>καὶ</span> <span class='ocrx_word' id='word_1_123' title='bbox 1377 1313 1443 1368; x_wconf 86' lang='grc' dir='ltr'>τὸ</span> <span class='ocrx_word' id='word_1_124' title='bbox 1482 1314 1672 1383; x_wconf 79' lang='grc' dir='ltr'>τέλος.</span> 
     </span>
    </p>
   </div>
   <div class='ocr_carea' id='block_1_15' title="bbox 114 1403 1675 1479">
    <p class='ocr_par' dir='ltr' id='par_1_15' title="bbox 114 1403 1675 1479">
     <span class='ocr_line' id='line_1_15' title="bbox 114 1403 1675 1479; baseline 0.003 -23"><span class='ocrx_word' id='word_1_125' title='bbox 114 1404 263 1457; x_wconf 81' lang='grc' dir='ltr'>Ἔστι</span> <span class='ocrx_word' id='word_1_126' title='bbox 295 1403 352 1457; x_wconf 81' lang='grc' dir='ltr'><strong>δὲ</strong></span> <span class='ocrx_word' id='word_1_127' title='bbox 384 1405 486 1458; x_wconf 76' lang='grc' dir='ltr'>οὒκ</span> <span class='ocrx_word' id='word_1_128' title='bbox 516 1404 674 1474; x_wconf 81' lang='grc' dir='ltr'><strong>ὀλίγα</strong></span> <span class='ocrx_word' id='word_1_129' title='bbox 712 1405 805 1459; x_wconf 82' lang='grc' dir='ltr'>τὸν</span> <span class='ocrx_word' id='word_1_130' title='bbox 854 1404 992 1476; x_wconf 80' lang='grc' dir='ltr'>μετὰ</span> <span class='ocrx_word' id='word_1_131' title='bbox 1022 1407 1454 1479; x_wconf 75' lang='grc' dir='ltr'><strong>παρατηρήσεως</strong></span> <span class='ocrx_word' id='word_1_132' title='bbox 1482 1408 1675 1477; x_wconf 77' lang='grc' dir='ltr'>ἐντυγ-</span> 
     </span>
    </p>
   </div>
   <div class='ocr_carea' id='block_1_16' title="bbox 109 1494 1675 1573">
    <p class='ocr_par' dir='ltr' id='par_1_16' title="bbox 109 1494 1675 1573">
     <span class='ocr_line' id='line_1_16' title="bbox 109 1494 1675 1573; baseline -0.009 -8"><span class='ocrx_word' id='word_1_133' title='bbox 109 1494 329 1565; x_wconf 77' lang='grc' dir='ltr'>χάνοντα</span> <span class='ocrx_word' id='word_1_134' title='bbox 386 1498 510 1560; x_wconf 76' lang='grc' dir='ltr'>ταῖς</span> <span class='ocrx_word' id='word_1_135' title='bbox 541 1498 725 1566; x_wconf 72' lang='grc' dir='ltr'>ἁγίαις</span> <span class='ocrx_word' id='word_1_136' title='bbox 764 1496 967 1568; x_wconf 76' lang='grc' dir='ltr'>βίσλοις</span> <span class='ocrx_word' id='word_1_137' title='bbox 1024 1497 1119 1551; x_wconf 73' lang='grc' dir='ltr'>καὶ</span> <span class='ocrx_word' id='word_1_138' title='bbox 1171 1498 1278 1552; x_wconf 86' lang='grc' dir='ltr'><strong>ἀπὸ</strong></span> <span class='ocrx_word' id='word_1_139' title='bbox 1318 1499 1427 1553; x_wconf 85' lang='grc' dir='ltr'>τῶν</span> <span class='ocrx_word' id='word_1_140' title='bbox 1465 1517 1675 1573; x_wconf 80' lang='grc' dir='ltr'>προφη-</span> 
     </span>
    </p>
   </div>
   <div class='ocr_carea' id='block_1_17' title="bbox 108 1579 1673 1658">
    <p class='ocr_par' dir='ltr' id='par_1_17' title="bbox 108 1579 1673 1658">
     <span class='ocr_line' id='line_1_17' title="bbox 108 1579 1673 1658; baseline 0.003 -20"><span class='ocrx_word' id='word_1_141' title='bbox 108 1583 206 1638; x_wconf 76' lang='grc' dir='ltr'>τιῖιν</span> <span class='ocrx_word' id='word_1_142' title='bbox 232 1586 599 1657; x_wconf 86' lang='grc' dir='ltr'>παραπλήσια</span> <span class='ocrx_word' id='word_1_143' title='bbox 619 1584 804 1640; x_wconf 79' lang='grc' dir='ltr'>λαϐεῖν</span> <span class='ocrx_word' id='word_1_144' title='bbox 827 1585 961 1657; x_wconf 79' lang='grc'>(95),</span> <span class='ocrx_word' id='word_1_145' title='bbox 986 1579 1118 1651; x_wconf 71' lang='grc' dir='ltr'>οἷον,</span> <span class='ocrx_word' id='word_1_146' title='bbox 1144 1586 1227 1640; x_wconf 76' lang='grc' dir='ltr'>ὅτι</span> <span class='ocrx_word' id='word_1_147' title='bbox 1247 1586 1400 1658; x_wconf 82' lang='grc' dir='ltr'>βέλος</span> <span class='ocrx_word' id='word_1_148' title='bbox 1422 1588 1673 1643; x_wconf 74' lang='grc' dir='ltr'>ἐκλεκτὸν</span> 
     </span>
    </p>
   </div>
   <div class='ocr_carea' id='block_1_18' title="bbox 108 1676 1669 1749">
    <p class='ocr_par' dir='ltr' id='par_1_18' title="bbox 108 1676 1669 1749">
     <span class='ocr_line' id='line_1_18' title="bbox 108 1676 1669 1749; baseline 0.003 -19"><span class='ocrx_word' id='word_1_149' title='bbox 108 1676 289 1731; x_wconf 78' lang='grc' dir='ltr'>ἑαυτὸν</span> <span class='ocrx_word' id='word_1_150' title='bbox 319 1678 499 1742; x_wconf 82' lang='grc' dir='ltr'>καλεῖ,</span> <span class='ocrx_word' id='word_1_151' title='bbox 529 1678 627 1731; x_wconf 72' lang='grc' dir='ltr'>καὶ</span> <span class='ocrx_word' id='word_1_152' title='bbox 653 1677 838 1732; x_wconf 83' lang='grc' dir='ltr'>δοῦλον</span> <span class='ocrx_word' id='word_1_153' title='bbox 874 1677 969 1732; x_wconf 90' lang='grc' dir='ltr'><strong>τοῦ</strong></span> <span class='ocrx_word' id='word_1_154' title='bbox 1005 1677 1161 1744; x_wconf 82' lang='grc' dir='ltr'>Θεοῦ,</span> <span class='ocrx_word' id='word_1_155' title='bbox 1194 1679 1290 1732; x_wconf 74' lang='grc' dir='ltr'>καὶ</span> <span class='ocrx_word' id='word_1_156' title='bbox 1331 1680 1448 1749; x_wconf 82' lang='grc' dir='ltr'><strong>φῶς</strong></span> <span class='ocrx_word' id='word_1_157' title='bbox 1478 1680 1669 1736; x_wconf 80' lang='grc' dir='ltr'>ὲθνῶν.</span> 
     </span>
    </p>
   </div>
   <div class='ocr_carea' id='block_1_19' title="bbox 109 1767 1671 1844">
    <p class='ocr_par' dir='ltr' id='par_1_19' title="bbox 109 1767 1671 1844">
     <span class='ocr_line' id='line_1_19' title="bbox 109 1767 1671 1844; baseline 0.004 -22"><span class='ocrx_word' id='word_1_158' title='bbox 109 1769 264 1837; x_wconf 78' lang='grc' dir='ltr'>Λέγει</span> <span class='ocrx_word' id='word_1_159' title='bbox 287 1771 345 1824; x_wconf 80' lang='grc' dir='ltr'><strong>δὲ</strong></span> <span class='ocrx_word' id='word_1_160' title='bbox 372 1770 519 1824; x_wconf 73' lang='grc' dir='ltr'>οὕτω</span> <span class='ocrx_word' id='word_1_161' title='bbox 567 1767 823 1835; x_wconf 73' lang='grc' dir='ltr'>Ἡσαΐας·</span> <span class='ocrx_word' id='word_1_162' title='bbox 878 1771 979 1825; x_wconf 82' lang='grc' dir='ltr'>Ἐκ</span> <span class='ocrx_word' id='word_1_163' title='bbox 1019 1773 1253 1838; x_wconf 74' lang='grc' dir='ltr'>κοιλίας</span> <span class='ocrx_word' id='word_1_164' title='bbox 1285 1774 1515 1842; x_wconf 82' lang='grc' dir='ltr'>μητρός</span> <span class='ocrx_word' id='word_1_165' title='bbox 1550 1793 1671 1844; x_wconf 85' lang='grc' dir='ltr'>μου</span> 
     </span>
    </p>
   </div>
   <div class='ocr_carea' id='block_1_20' title="bbox 1787 756 3355 831">
    <p class='ocr_par' dir='ltr' id='par_1_20' title="bbox 1787 756 3355 831">
     <span class='ocr_line' id='line_1_20' title="bbox 1787 756 3355 831; baseline -0.005 -14"><span class='ocrx_word' id='word_1_166' title='bbox 1787 777 1853 817; x_wconf 81' lang='lat' dir='ltr'><strong>ex</strong></span> <span class='ocrx_word' id='word_1_167' title='bbox 1881 759 2105 817; x_wconf 79' lang='lat' dir='ltr'><strong>Joannis</strong></span> <span class='ocrx_word' id='word_1_168' title='bbox 2133 759 2452 830; x_wconf 77' lang='lat' dir='ltr'><strong>Apocalypsi</strong></span> <span class='ocrx_word' id='word_1_169' title='bbox 2477 778 2490 813; x_wconf 91' lang='lat'>:</span> <span class='ocrx_word' id='word_1_170' title='bbox 2512 759 2622 831; x_wconf 82' lang='lat' dir='ltr'><strong>Ego</strong></span> <span class='ocrx_word' id='word_1_171' title='bbox 2650 776 2766 813; x_wconf 90' lang='lat' dir='ltr'><strong>sum</strong></span> <span class='ocrx_word' id='word_1_172' title='bbox 2801 760 3024 830; x_wconf 87' lang='lat' dir='ltr'><strong>primus,</strong></span> <span class='ocrx_word' id='word_1_173' title='bbox 3052 768 3097 811; x_wconf 89' lang='lat' dir='ltr'><strong>et</strong></span> <span class='ocrx_word' id='word_1_174' title='bbox 3124 756 3355 821; x_wconf 88' lang='lat' dir='ltr'><strong>ultimus,</strong></span> 
     </span>
    </p>
   </div>
   <div class='ocr_carea' id='block_1_21' title="bbox 1786 849 3356 920">
    <p class='ocr_par' dir='ltr' id='par_1_21' title="bbox 1786 849 3356 920">
     <span class='ocr_line' id='line_1_21' title="bbox 1786 849 3356 920; baseline -0.004 -14"><span class='ocrx_word' id='word_1_175' title='bbox 1786 861 1832 906; x_wconf 86' lang='lat' dir='ltr'><strong>et</strong></span> <span class='ocrx_word' id='word_1_176' title='bbox 1858 853 2052 915; x_wconf 87' lang='lat' dir='ltr'><strong>vivens,</strong></span> <span class='ocrx_word' id='word_1_177' title='bbox 2090 860 2138 904; x_wconf 89' lang='lat' dir='ltr'><strong>et</strong></span> <span class='ocrx_word' id='word_1_178' title='bbox 2174 851 2346 920; x_wconf 80' lang='lat' dir='ltr'><strong>factus</strong></span> <span class='ocrx_word' id='word_1_179' title='bbox 2375 867 2489 905; x_wconf 90' lang='lat' dir='ltr'><strong>sum</strong></span> <span class='ocrx_word' id='word_1_180' title='bbox 2519 860 2777 907; x_wconf 86' lang='lat' dir='ltr'><strong>mortuus.</strong></span> <span class='ocrx_word' id='word_1_181' title='bbox 2807 849 2872 904; x_wconf 83' lang='lat' dir='ltr'><strong>Et</strong></span> <span class='ocrx_word' id='word_1_182' title='bbox 2901 866 3017 904; x_wconf 88' lang='lat' dir='ltr'><strong>ecce</strong></span> <span class='ocrx_word' id='word_1_183' title='bbox 3037 850 3211 903; x_wconf 84' lang='lat' dir='ltr'><strong>vivens</strong></span> <span class='ocrx_word' id='word_1_184' title='bbox 3240 865 3356 902; x_wconf 86' lang='lat' dir='ltr'><strong>sum</strong></span> 
     </span>
    </p>
   </div>
   <div class='ocr_carea' id='block_1_22' title="bbox 1785 938 3356 1006">
    <p class='ocr_par' dir='ltr' id='par_1_22' title="bbox 1785 938 3356 1006">
     <span class='ocr_line' id='line_1_22' title="bbox 1785 938 3356 1006; baseline -0.003 -10"><span class='ocrx_word' id='word_1_185' title='bbox 1785 943 1843 997; x_wconf 90' lang='lat' dir='ltr'><strong>in</strong></span> <span class='ocrx_word' id='word_1_186' title='bbox 1886 942 2084 998; x_wconf 71' lang='lat' dir='ltr'><strong>swcula</strong></span> <span class='ocrx_word' id='word_1_187' title='bbox 2134 940 2448 996; x_wconf 78' lang='lat' dir='ltr'><strong>steculorum</strong></span> <span class='ocrx_word' id='word_1_188' title='bbox 2484 941 2564 1006; x_wconf 83' lang='lat'><strong>“;</strong></span> <span class='ocrx_word' id='word_1_189' title='bbox 2602 949 2658 996; x_wconf 88' lang='lat' dir='ltr'><strong>et</strong></span> <span class='ocrx_word' id='word_1_190' title='bbox 2714 955 2903 995; x_wconf 84' lang='lat' dir='ltr'><strong>rursus</strong></span> <span class='ocrx_word' id='word_1_191' title='bbox 2937 958 2953 995; x_wconf 87' lang='lat'><strong>:</strong></span> <span class='ocrx_word' id='word_1_192' title='bbox 2992 938 3190 993; x_wconf 82' lang='lat' dir='ltr'><strong>Factus</strong></span> <span class='ocrx_word' id='word_1_193' title='bbox 3240 955 3356 992; x_wconf 86' lang='lat' dir='ltr'><strong>sum</strong></span> 
     </span>
    </p>
   </div>
   <div class='ocr_carea' id='block_1_23' title="bbox 1783 1029 3356 1102">
    <p class='ocr_par' dir='ltr' id='par_1_23' title="bbox 1783 1029 3356 1102">
     <span class='ocr_line' id='line_1_23' title="bbox 1783 1029 3356 1102; baseline 0.002 -22"><span class='ocrx_word' id='word_1_194' title='bbox 1783 1036 1877 1097; x_wconf 86' lang='lat' dir='ltr'><strong>ego</strong></span> <span class='ocrx_word' id='word_1_195' title='bbox 1938 1029 1985 1084; x_wconf 83' lang='lat' dir='ltr'><strong>A</strong></span> <span class='ocrx_word' id='word_1_196' title='bbox 2010 1038 2059 1084; x_wconf 86' lang='lat' dir='ltr'><strong>et</strong></span> <span class='ocrx_word' id='word_1_197' title='bbox 2089 1031 2174 1097; x_wconf 85' lang='grc' dir='ltr'>Ω,</span> <span class='ocrx_word' id='word_1_198' title='bbox 2233 1034 2285 1083; x_wconf 81' lang='lat' dir='ltr'><strong>et</strong></span> <span class='ocrx_word' id='word_1_199' title='bbox 2351 1033 2552 1102; x_wconf 85' lang='lat' dir='ltr'><strong>primus</strong></span> <span class='ocrx_word' id='word_1_200' title='bbox 2592 1041 2638 1086; x_wconf 88' lang='lat' dir='ltr'><strong>et</strong></span> <span class='ocrx_word' id='word_1_201' title='bbox 2669 1033 2910 1097; x_wconf 88' lang='lat' dir='ltr'><strong>ultimus,</strong></span> <span class='ocrx_word' id='word_1_202' title='bbox 2952 1030 3267 1099; x_wconf 75' lang='lat' dir='ltr'><strong>principium</strong></span> <span class='ocrx_word' id='word_1_203' title='bbox 3306 1039 3356 1084; x_wconf 88' lang='lat' dir='ltr'><strong>et</strong></span> 
     </span>
    </p>
   </div>
   <div class='ocr_carea' id='block_1_24' title="bbox 1782 1123 3354 1195">
    <p class='ocr_par' dir='ltr' id='par_1_24' title="bbox 1782 1123 3354 1195">
     <span class='ocr_line' id='line_1_24' title="bbox 1782 1123 3354 1195; baseline -0.001 -18"><span class='ocrx_word' id='word_1_204' title='bbox 1782 1124 1902 1193; x_wconf 71' lang='lat' dir='ltr'><strong>finis</strong></span> <span class='ocrx_word' id='word_1_205' title='bbox 1924 1125 1992 1181; x_wconf 84' lang='lat'><strong>&quot;.</strong></span> <span class='ocrx_word' id='word_1_206' title='bbox 2021 1123 2157 1180; x_wconf 88' lang='lat' dir='ltr'><strong>Sunt</strong></span> <span class='ocrx_word' id='word_1_207' title='bbox 2200 1134 2377 1181; x_wconf 89' lang='lat' dir='ltr'><strong>autem</strong></span> <span class='ocrx_word' id='word_1_208' title='bbox 2421 1140 2523 1179; x_wconf 93' lang='lat' dir='ltr'><strong>non</strong></span> <span class='ocrx_word' id='word_1_209' title='bbox 2553 1141 2741 1195; x_wconf 90' lang='lat' dir='ltr'><strong>pauca,</strong></span> <span class='ocrx_word' id='word_1_210' title='bbox 2763 1134 2924 1193; x_wconf 83' lang='lat' dir='ltr'><strong>atque</strong></span> <span class='ocrx_word' id='word_1_211' title='bbox 2954 1124 3039 1179; x_wconf 89' lang='lat' dir='ltr'><strong>his</strong></span> <span class='ocrx_word' id='word_1_212' title='bbox 3063 1139 3183 1193; x_wconf 74' lang='lat' dir='ltr'><strong>qua:</strong></span> <span class='ocrx_word' id='word_1_213' title='bbox 3211 1123 3354 1177; x_wconf 80' lang='lat' dir='ltr'><strong>dixi-</strong></span> 
     </span>
    </p>
   </div>
   <div class='ocr_carea' id='block_1_25' title="bbox 1783 1215 3353 1288">
    <p class='ocr_par' dir='ltr' id='par_1_25' title="bbox 1783 1215 3353 1288">
     <span class='ocr_line' id='line_1_25' title="bbox 1783 1215 3353 1288; baseline 0.001 -19"><span class='ocrx_word' id='word_1_214' title='bbox 1783 1231 1904 1271; x_wconf 88' lang='lat' dir='ltr'><strong>mus</strong></span> <span class='ocrx_word' id='word_1_215' title='bbox 1951 1215 2170 1283; x_wconf 80' lang='lat' dir='ltr'><strong>similia,</strong></span> <span class='ocrx_word' id='word_1_216' title='bbox 2223 1233 2343 1287; x_wconf 70' lang='lat' dir='ltr'><strong>quae</strong></span> <span class='ocrx_word' id='word_1_217' title='bbox 2400 1218 2538 1272; x_wconf 90' lang='lat' dir='ltr'><strong>sumi</strong></span> <span class='ocrx_word' id='word_1_218' title='bbox 2572 1234 2637 1273; x_wconf 79' lang='lat' dir='ltr'><strong>ex</strong></span> <span class='ocrx_word' id='word_1_219' title='bbox 2681 1216 2957 1288; x_wconf 84' lang='lat' dir='ltr'><strong>prophetis</strong></span> <span class='ocrx_word' id='word_1_220' title='bbox 2997 1223 3251 1285; x_wconf 88' lang='lat' dir='ltr'><strong>poterunt</strong></span> <span class='ocrx_word' id='word_1_221' title='bbox 3285 1215 3353 1270; x_wconf 89' lang='lat' dir='ltr'><strong>ab</strong></span> 
     </span>
    </p>
   </div>
   <div class='ocr_carea' id='block_1_26' title="bbox 1781 1308 3349 1379">
    <p class='ocr_par' dir='ltr' id='par_1_26' title="bbox 1781 1308 3349 1379">
     <span class='ocr_line' id='line_1_26' title="bbox 1781 1308 3349 1379; baseline -0.001 -15"><span class='ocrx_word' id='word_1_222' title='bbox 1781 1322 1848 1364; x_wconf 86' lang='lat' dir='ltr'><strong>eo</strong></span> <span class='ocrx_word' id='word_1_223' title='bbox 1869 1309 1959 1379; x_wconf 90' lang='lat' dir='ltr'><strong>qui</strong></span> <span class='ocrx_word' id='word_1_224' title='bbox 1997 1308 2282 1379; x_wconf 80' lang='lat' dir='ltr'><strong>diligenter</strong></span> <span class='ocrx_word' id='word_1_225' title='bbox 2326 1318 2573 1365; x_wconf 88' lang='lat' dir='ltr'><strong>versatus</strong></span> <span class='ocrx_word' id='word_1_226' title='bbox 2617 1309 2779 1364; x_wconf 82' lang='lat' dir='ltr'><strong>fuerit</strong></span> <span class='ocrx_word' id='word_1_227' title='bbox 2818 1311 2872 1363; x_wconf 89' lang='lat' dir='ltr'><strong>in</strong></span> <span class='ocrx_word' id='word_1_228' title='bbox 2916 1308 3121 1363; x_wconf 82' lang='lat' dir='ltr'><strong>sanctis</strong></span> <span class='ocrx_word' id='word_1_229' title='bbox 3153 1308 3349 1373; x_wconf 87' lang='lat' dir='ltr'><strong>libris;</strong></span> 
     </span>
    </p>
   </div>
   <div class='ocr_carea' id='block_1_27' title="bbox 1780 1398 3352 1470">
    <p class='ocr_par' dir='ltr' id='par_1_27' title="bbox 1780 1398 3352 1470">
     <span class='ocr_line' id='line_1_27' title="bbox 1780 1398 3352 1470; baseline -0.001 -17"><span class='ocrx_word' id='word_1_230' title='bbox 1780 1399 1944 1454; x_wconf 85' lang='lat' dir='ltr'><strong>veluti</strong></span> <span class='ocrx_word' id='word_1_231' title='bbox 1972 1400 2112 1470; x_wconf 85' lang='lat' dir='ltr'><strong>quod</strong></span> <span class='ocrx_word' id='word_1_232' title='bbox 2141 1402 2392 1469; x_wconf 79' lang='lat' dir='ltr'><strong>sagittam</strong></span> <span class='ocrx_word' id='word_1_233' title='bbox 2431 1401 2680 1465; x_wconf 75' lang='lat' dir='ltr'><strong>electam,</strong></span> <span class='ocrx_word' id='word_1_234' title='bbox 2712 1412 2767 1456; x_wconf 84' lang='lat' dir='ltr'><strong>et</strong></span> <span class='ocrx_word' id='word_1_235' title='bbox 2799 1416 3014 1457; x_wconf 83' lang='lat' dir='ltr'><strong>servum</strong></span> <span class='ocrx_word' id='word_1_236' title='bbox 3044 1398 3157 1466; x_wconf 89' lang='lat' dir='ltr'><strong>Dei,</strong></span> <span class='ocrx_word' id='word_1_237' title='bbox 3189 1409 3243 1455; x_wconf 90' lang='lat' dir='ltr'><strong>et</strong></span> <span class='ocrx_word' id='word_1_238' title='bbox 3272 1400 3352 1453; x_wconf 84' lang='lat' dir='ltr'><strong>ln-</strong></span> 
     </span>
    </p>
   </div>
   <div class='ocr_carea' id='block_1_28' title="bbox 1780 1490 3349 1563">
    <p class='ocr_par' dir='ltr' id='par_1_28' title="bbox 1780 1490 3349 1563">
     <span class='ocr_line' id='line_1_28' title="bbox 1780 1490 3349 1563; baseline 0 -18"><span class='ocrx_word' id='word_1_239' title='bbox 1780 1503 1897 1545; x_wconf 87' lang='lat' dir='ltr'><strong>cem</strong></span> <span class='ocrx_word' id='word_1_240' title='bbox 1929 1490 2168 1560; x_wconf 81' lang='lat' dir='ltr'><strong>gentium</strong></span> <span class='ocrx_word' id='word_1_241' title='bbox 2211 1492 2448 1561; x_wconf 89' lang='lat' dir='ltr'><strong>seipsum</strong></span> <span class='ocrx_word' id='word_1_242' title='bbox 2499 1492 2750 1563; x_wconf 89' lang='lat' dir='ltr'><strong>appellat,</strong></span> <span class='ocrx_word' id='word_1_243' title='bbox 2788 1491 2921 1548; x_wconf 87' lang='lat' dir='ltr'><strong>lsaia</strong></span> <span class='ocrx_word' id='word_1_244' title='bbox 2940 1490 3349 1548; x_wconf 75' lang='lat' dir='ltr'><strong>dicente&quot;:Ex</strong></span> 
     </span>
    </p>
   </div>
   <div class='ocr_carea' id='block_1_29' title="bbox 1780 1582 3352 1655">
    <p class='ocr_par' dir='ltr' id='par_1_29' title="bbox 1780 1582 3352 1655">
     <span class='ocr_line' id='line_1_29' title="bbox 1780 1582 3352 1655; baseline 0.002 -21"><span class='ocrx_word' id='word_1_245' title='bbox 1780 1590 1926 1635; x_wconf 86' lang='lat' dir='ltr'><strong>utero</strong></span> <span class='ocrx_word' id='word_1_246' title='bbox 1952 1582 2135 1636; x_wconf 89' lang='lat' dir='ltr'><strong>matris</strong></span> <span class='ocrx_word' id='word_1_247' title='bbox 2167 1599 2295 1637; x_wconf 76' lang='lat' dir='ltr'><strong>mea:</strong></span> <span class='ocrx_word' id='word_1_248' title='bbox 2335 1584 2531 1638; x_wconf 87' lang='lat' dir='ltr'><strong>vocavit</strong></span> <span class='ocrx_word' id='word_1_249' title='bbox 2576 1600 2656 1638; x_wconf 89' lang='lat' dir='ltr'><strong>me</strong></span> <span class='ocrx_word' id='word_1_250' title='bbox 2693 1585 2899 1640; x_wconf 83' lang='lat' dir='ltr'><strong>nomine</strong></span> <span class='ocrx_word' id='word_1_251' title='bbox 2929 1601 3063 1651; x_wconf 89' lang='lat' dir='ltr'><strong>meo,</strong></span> <span class='ocrx_word' id='word_1_252' title='bbox 3092 1593 3141 1639; x_wconf 90' lang='lat' dir='ltr'><strong>et</strong></span> <span class='ocrx_word' id='word_1_253' title='bbox 3172 1584 3352 1655; x_wconf 79' lang='lat' dir='ltr'><strong>posuit</strong></span> 
     </span>
    </p>
   </div>
   <div class='ocr_carea' id='block_1_30' title="bbox 1779 1675 3348 1746">
    <p class='ocr_par' dir='ltr' id='par_1_30' title="bbox 1779 1675 3348 1746">
     <span class='ocr_line' id='line_1_30' title="bbox 1779 1675 3348 1746; baseline 0.002 -19"><span class='ocrx_word' id='word_1_254' title='bbox 1779 1690 1836 1727; x_wconf 89' lang='lat' dir='ltr'><strong>os</strong></span> <span class='ocrx_word' id='word_1_255' title='bbox 1875 1690 2042 1728; x_wconf 90' lang='lat' dir='ltr'><strong>meum</strong></span> <span class='ocrx_word' id='word_1_256' title='bbox 2069 1676 2222 1743; x_wconf 91' lang='lat' dir='ltr'><strong>quasi</strong></span> <span class='ocrx_word' id='word_1_257' title='bbox 2254 1675 2488 1746; x_wconf 76' lang='lat' dir='ltr'><strong>gladium</strong></span> <span class='ocrx_word' id='word_1_258' title='bbox 2536 1685 2773 1743; x_wconf 89' lang='lat' dir='ltr'><strong>acutum,</strong></span> <span class='ocrx_word' id='word_1_259' title='bbox 2826 1687 2874 1730; x_wconf 92' lang='lat' dir='ltr'><strong>et</strong></span> <span class='ocrx_word' id='word_1_260' title='bbox 2904 1677 2997 1730; x_wconf 90' lang='lat' dir='ltr'><strong>sub</strong></span> <span class='ocrx_word' id='word_1_261' title='bbox 3025 1677 3348 1746; x_wconf 87' lang='lat' dir='ltr'><strong>protectione</strong></span> 
     </span>
    </p>
   </div>
   <div class='ocr_carea' id='block_1_31' title="bbox 1776 1765 3345 1841">
    <p class='ocr_par' dir='ltr' id='par_1_31' title="bbox 1776 1765 3345 1841">
     <span class='ocr_line' id='line_1_31' title="bbox 1776 1765 3345 1841; baseline -0.001 -22"><span class='ocrx_word' id='word_1_262' title='bbox 1776 1783 1965 1820; x_wconf 88' lang='lat' dir='ltr'><strong>manus</strong></span> <span class='ocrx_word' id='word_1_263' title='bbox 2001 1783 2111 1821; x_wconf 71' lang='lat' dir='ltr'><strong>suta</strong></span> <span class='ocrx_word' id='word_1_264' title='bbox 2151 1768 2420 1822; x_wconf 75' lang='lat' dir='ltr'><strong>abscondit</strong></span> <span class='ocrx_word' id='word_1_265' title='bbox 2456 1783 2556 1823; x_wconf 90' lang='lat' dir='ltr'><strong>me.</strong></span> <span class='ocrx_word' id='word_1_266' title='bbox 2595 1765 2783 1822; x_wconf 84' lang='lat' dir='ltr'><strong>Posuit</strong></span> <span class='ocrx_word' id='word_1_267' title='bbox 2815 1784 2896 1821; x_wconf 88' lang='lat' dir='ltr'><strong>me</strong></span> <span class='ocrx_word' id='word_1_268' title='bbox 2921 1769 3072 1833; x_wconf 85' lang='lat' dir='ltr'><strong>quasi</strong></span> <span class='ocrx_word' id='word_1_269' title='bbox 3097 1769 3345 1841; x_wconf 72' lang='lat' dir='ltr'><strong>sagittam</strong></span> 
     </span>
    </p>
   </div>
   <div class='ocr_carea' id='block_1_32' title="bbox 109 1856 1653 1938">
    <p class='ocr_par' dir='ltr' id='par_1_32' title="bbox 109 1861 1653 1938">
     <span class='ocr_line' id='line_1_32' title="bbox 109 1861 1653 1938; baseline 0.005 -23"><span class='ocrx_word' id='word_1_270' title='bbox 109 1861 353 1916; x_wconf 66' lang='grc' dir='ltr'>ἐκάλεσέ</span> <span class='ocrx_word' id='word_1_271' title='bbox 382 1879 461 1932; x_wconf 80' lang='grc' dir='ltr'><strong>με</strong></span> <span class='ocrx_word' id='word_1_272' title='bbox 488 1862 557 1916; x_wconf 85' lang='grc' dir='ltr'>τὸ</span> <span class='ocrx_word' id='word_1_273' title='bbox 597 1861 785 1931; x_wconf 81' lang='grc' dir='ltr'>ὄνομά</span> <span class='ocrx_word' id='word_1_274' title='bbox 818 1881 961 1932; x_wconf 79' lang='grc' dir='ltr'>μου,</span> <span class='ocrx_word' id='word_1_275' title='bbox 1001 1863 1097 1918; x_wconf 77' lang='grc' dir='ltr'>καὶ</span> <span class='ocrx_word' id='word_1_276' title='bbox 1144 1866 1324 1933; x_wconf 77' lang='grc' dir='ltr'>ἔθηκε</span> <span class='ocrx_word' id='word_1_277' title='bbox 1366 1868 1432 1920; x_wconf 85' lang='grc' dir='ltr'>τὸ</span> <span class='ocrx_word' id='word_1_278' title='bbox 1479 1869 1653 1938; x_wconf 83' lang='grc' dir='ltr'>στόμι</span> 
     </span>
    </p>
   </div>
   <div class='ocr_carea' id='block_1_33' title="bbox 1759 1856 3343 1938">
    <p class='ocr_par' dir='ltr' id='par_1_33' title="bbox 1772 1858 3343 1929">
     <span class='ocr_line' id='line_1_33' title="bbox 1772 1858 3343 1929; baseline -0.001 -17"><span class='ocrx_word' id='word_1_279' title='bbox 1772 1858 2009 1924; x_wconf 83' lang='lat' dir='ltr'><strong>electam,</strong></span> <span class='ocrx_word' id='word_1_280' title='bbox 2037 1867 2085 1912; x_wconf 87' lang='lat' dir='ltr'><strong>et</strong></span> <span class='ocrx_word' id='word_1_281' title='bbox 2138 1860 2193 1913; x_wconf 91' lang='lat' dir='ltr'><strong>in</strong></span> <span class='ocrx_word' id='word_1_282' title='bbox 2228 1860 2481 1929; x_wconf 79' lang='lat' dir='ltr'><strong>pharetra</strong></span> <span class='ocrx_word' id='word_1_283' title='bbox 2526 1875 2625 1913; x_wconf 83' lang='lat' dir='ltr'><strong>sua</strong></span> <span class='ocrx_word' id='word_1_284' title='bbox 2666 1858 2943 1913; x_wconf 83' lang='lat' dir='ltr'><strong>abscondit</strong></span> <span class='ocrx_word' id='word_1_285' title='bbox 2990 1874 3092 1924; x_wconf 88' lang='lat' dir='ltr'><strong>me,</strong></span> <span class='ocrx_word' id='word_1_286' title='bbox 3132 1869 3180 1912; x_wconf 88' lang='lat' dir='ltr'><strong>et</strong></span> <span class='ocrx_word' id='word_1_287' title='bbox 3211 1858 3343 1912; x_wconf 74' lang='lat' dir='ltr'><strong>dixit</strong></span> 
     </span>
    </p>
   </div>
   <div class='ocr_carea' id='block_1_34' title="bbox 101 1953 1671 2030">
    <p class='ocr_par' dir='ltr' id='par_1_34' title="bbox 101 1953 1671 2030">
     <span class='ocr_line' id='line_1_34' title="bbox 101 1953 1671 2030; baseline 0.006 -25"><span class='ocrx_word' id='word_1_288' title='bbox 101 1970 217 2021; x_wconf 78' lang='grc' dir='ltr'><strong>μου</strong></span> <span class='ocrx_word' id='word_1_289' title='bbox 240 1954 320 2019; x_wconf 79' lang='grc' dir='ltr'><strong>ὡς</strong></span> <span class='ocrx_word' id='word_1_290' title='bbox 337 1953 644 2029; x_wconf 78' lang='grc' dir='ltr'>μάχαιραν</span> <span class='ocrx_word' id='word_1_291' title='bbox 674 1954 909 2020; x_wconf 80' lang='grc' dir='ltr'>ὀξεῖαν,</span> <span class='ocrx_word' id='word_1_292' title='bbox 967 1956 1064 2010; x_wconf 75' lang='grc' dir='ltr'>καὶ</span> <span class='ocrx_word' id='word_1_293' title='bbox 1107 1958 1223 2011; x_wconf 79' lang='grc' dir='ltr'><strong>ὑπὸ</strong></span> <span class='ocrx_word' id='word_1_294' title='bbox 1265 1958 1381 2026; x_wconf 83' lang='grc' dir='ltr'>τὴν</span> <span class='ocrx_word' id='word_1_295' title='bbox 1432 1960 1671 2030; x_wconf 81' lang='grc' dir='ltr'><strong>σκέπην</strong></span> 
     </span>
    </p>
   </div>
   <div class='ocr_carea' id='block_1_35' title="bbox 104 2043 1670 2119">
    <p class='ocr_par' dir='ltr' id='par_1_35' title="bbox 104 2043 1670 2119">
     <span class='ocr_line' id='line_1_35' title="bbox 104 2043 1670 2119; baseline 0.005 -22"><span class='ocrx_word' id='word_1_296' title='bbox 104 2043 206 2113; x_wconf 84' lang='grc' dir='ltr'>τῆς</span> <span class='ocrx_word' id='word_1_297' title='bbox 222 2045 424 2113; x_wconf 81' lang='grc' dir='ltr'>χειρὸς</span> <span class='ocrx_word' id='word_1_298' title='bbox 451 2045 642 2100; x_wconf 84' lang='grc' dir='ltr'>αὐτοῦ</span> <span class='ocrx_word' id='word_1_299' title='bbox 663 2046 893 2115; x_wconf 67' lang='grc' dir='ltr'>ἔκρυψέ</span> <span class='ocrx_word' id='word_1_300' title='bbox 907 2063 1002 2115; x_wconf 83' lang='grc' dir='ltr'><strong>με.</strong></span> <span class='ocrx_word' id='word_1_301' title='bbox 1035 2048 1248 2116; x_wconf 80' lang='grc' dir='ltr'>Ἔθηκέ</span> <span class='ocrx_word' id='word_1_302' title='bbox 1273 2066 1350 2119; x_wconf 82' lang='grc' dir='ltr'><strong>με</strong></span> <span class='ocrx_word' id='word_1_303' title='bbox 1369 2051 1450 2117; x_wconf 84' lang='grc' dir='ltr'>ὡς</span> <span class='ocrx_word' id='word_1_304' title='bbox 1480 2050 1670 2119; x_wconf 75' lang='grc' dir='ltr'>βέλος</span> 
     </span>
    </p>
   </div>
   <div class='ocr_carea' id='block_1_36' title="bbox 102 2135 1664 2214">
    <p class='ocr_par' dir='ltr' id='par_1_36' title="bbox 102 2135 1664 2214">
     <span class='ocr_line' id='line_1_36' title="bbox 102 2135 1664 2214; baseline 0.006 -26"><span class='ocrx_word' id='word_1_305' title='bbox 102 2135 399 2202; x_wconf 68' lang='grc' dir='ltr'>ἐκλεκτὸν,</span> <span class='ocrx_word' id='word_1_306' title='bbox 456 2138 557 2192; x_wconf 75' lang='grc' dir='ltr'>καὶ</span> <span class='ocrx_word' id='word_1_307' title='bbox 588 2138 659 2191; x_wconf 79' lang='grc' dir='ltr'>ὲν</span> <span class='ocrx_word' id='word_1_308' title='bbox 696 2136 773 2206; x_wconf 80' lang='grc' dir='ltr'>τῇ</span> <span class='ocrx_word' id='word_1_309' title='bbox 808 2136 1067 2207; x_wconf 69' lang='grc' dir='ltr'>φαρέτρα</span> <span class='ocrx_word' id='word_1_310' title='bbox 1100 2139 1287 2194; x_wconf 86' lang='grc' dir='ltr'>αὑτοῦ</span> <span class='ocrx_word' id='word_1_311' title='bbox 1325 2141 1555 2211; x_wconf 77' lang='grc' dir='ltr'>ἐκρυψέ</span> <span class='ocrx_word' id='word_1_312' title='bbox 1568 2161 1664 2214; x_wconf 82' lang='grc' dir='ltr'><strong>με,</strong></span> 
     </span>
    </p>
   </div>
   <div class='ocr_carea' id='block_1_37' title="bbox 104 2225 1667 2302">
    <p class='ocr_par' dir='ltr' id='par_1_37' title="bbox 104 2225 1667 2302">
     <span class='ocr_line' id='line_1_37' title="bbox 104 2225 1667 2302; baseline 0.005 -20"><span class='ocrx_word' id='word_1_313' title='bbox 104 2228 191 2281; x_wconf 69' lang='grc' dir='ltr'>καὶ</span> <span class='ocrx_word' id='word_1_314' title='bbox 222 2225 356 2283; x_wconf 68' lang='grc' dir='ltr'>εἶπέ</span> <span class='ocrx_word' id='word_1_315' title='bbox 396 2246 523 2298; x_wconf 80' lang='grc' dir='ltr'>μοι’</span> <span class='ocrx_word' id='word_1_316' title='bbox 551 2229 777 2297; x_wconf 82' lang='grc' dir='ltr'><strong>Δοῦλός</strong></span> <span class='ocrx_word' id='word_1_317' title='bbox 798 2247 916 2299; x_wconf 80' lang='grc' dir='ltr'>μου</span> <span class='ocrx_word' id='word_1_318' title='bbox 942 2226 1003 2284; x_wconf 81' lang='grc' dir='ltr'>ετ</span> <span class='ocrx_word' id='word_1_319' title='bbox 1028 2229 1130 2298; x_wconf 82' lang='grc' dir='ltr'><strong>σὺ,</strong></span> <span class='ocrx_word' id='word_1_320' title='bbox 1173 2232 1429 2302; x_wconf 80' lang='grc' dir='ltr'>Ἰσραὴλ,</span> <span class='ocrx_word' id='word_1_321' title='bbox 1461 2234 1561 2288; x_wconf 73' lang='grc' dir='ltr'>καὶ</span> <span class='ocrx_word' id='word_1_322' title='bbox 1596 2236 1667 2290; x_wconf 81' lang='grc' dir='ltr'>ἐν</span> 
     </span>
    </p>
   </div>
   <div class='ocr_carea' id='block_1_38' title="bbox 102 2320 1668 2394">
    <p class='ocr_par' dir='ltr' id='par_1_38' title="bbox 102 2320 1668 2394">
     <span class='ocr_line' id='line_1_38' title="bbox 102 2320 1668 2394; baseline 0.006 -21"><span class='ocrx_word' id='word_1_323' title='bbox 102 2320 190 2373; x_wconf 79' lang='grc' dir='ltr'>σοι</span> <span class='ocrx_word' id='word_1_324' title='bbox 241 2320 726 2391; x_wconf 78' lang='grc' dir='ltr'>δοξασθήσομαι.</span> <span class='ocrx_word' id='word_1_325' title='bbox 775 2323 885 2377; x_wconf 71' lang='grc' dir='ltr'><strong>Καὶ</strong></span> <span class='ocrx_word' id='word_1_326' title='bbox 931 2323 1049 2393; x_wconf 80' lang='grc' dir='ltr'>μετ’</span> <span class='ocrx_word' id='word_1_327' title='bbox 1086 2321 1239 2393; x_wconf 84' lang='grc' dir='ltr'>ὀλίγα</span> <span class='ocrx_word' id='word_1_328' title='bbox 1260 2341 1272 2352; x_wconf 83' lang='grc'><em>’</em></span> <span class='ocrx_word' id='word_1_329' title='bbox 1312 2326 1424 2379; x_wconf 77' lang='grc' dir='ltr'><strong>Καὶ</strong></span> <span class='ocrx_word' id='word_1_330' title='bbox 1456 2330 1490 2381; x_wconf 88' lang='grc' dir='ltr'><strong>ό</strong></span> <span class='ocrx_word' id='word_1_331' title='bbox 1525 2328 1668 2394; x_wconf 81' lang='grc' dir='ltr'>Θεός</span> 
     </span>
    </p>
   </div>
   <div class='ocr_carea' id='block_1_39' title="bbox 98 2412 1665 2488">
    <p class='ocr_par' dir='ltr' id='par_1_39' title="bbox 98 2412 1665 2488">
     <span class='ocr_line' id='line_1_39' title="bbox 98 2412 1665 2488; baseline 0.005 -22"><span class='ocrx_word' id='word_1_332' title='bbox 98 2429 203 2480; x_wconf 83' lang='grc' dir='ltr'>μου</span> <span class='ocrx_word' id='word_1_333' title='bbox 260 2412 436 2468; x_wconf 74' lang='grc' dir='ltr'>ἔσται</span> <span class='ocrx_word' id='word_1_334' title='bbox 477 2432 580 2484; x_wconf 79' lang='grc' dir='ltr'><strong>μοι</strong></span> <span class='ocrx_word' id='word_1_335' title='bbox 634 2417 832 2485; x_wconf 64' lang='grc' dir='ltr'><strong>ἰσχύς⁹</strong></span> <span class='ocrx_word' id='word_1_336' title='bbox 874 2418 974 2471; x_wconf 81' lang='grc' dir='ltr'>καὶ</span> <span class='ocrx_word' id='word_1_337' title='bbox 1016 2414 1146 2472; x_wconf 82' lang='grc' dir='ltr'>εἶπέ</span> <span class='ocrx_word' id='word_1_338' title='bbox 1185 2434 1316 2488; x_wconf 80' lang='grc' dir='ltr'>μοι·</span> <span class='ocrx_word' id='word_1_339' title='bbox 1347 2418 1514 2488; x_wconf 80' lang='grc' dir='ltr'><strong>Μέτα</strong></span> <span class='ocrx_word' id='word_1_340' title='bbox 1562 2420 1665 2474; x_wconf 84' lang='grc' dir='ltr'><strong>σοί</strong></span> 
     </span>
    </p>
   </div>
   <div class='ocr_carea' id='block_1_40' title="bbox 98 2503 1664 2579">
    <p class='ocr_par' dir='ltr' id='par_1_40' title="bbox 98 2503 1664 2579">
     <span class='ocr_line' id='line_1_40' title="bbox 98 2503 1664 2579; baseline 0.004 -22"><span class='ocrx_word' id='word_1_341' title='bbox 98 2504 219 2558; x_wconf 58' lang='lat' dir='ltr'><strong>eum</strong></span> <span class='ocrx_word' id='word_1_342' title='bbox 257 2503 439 2558; x_wconf 86' lang='grc' dir='ltr'>τοῦτο</span> <span class='ocrx_word' id='word_1_343' title='bbox 492 2503 790 2573; x_wconf 74' lang='grc' dir='ltr'>κληθῆναί</span> <span class='ocrx_word' id='word_1_344' title='bbox 834 2520 909 2560; x_wconf 83' lang='grc' dir='ltr'><strong>σε</strong></span> <span class='ocrx_word' id='word_1_345' title='bbox 963 2506 1075 2579; x_wconf 77' lang='grc'><strong>(94)</strong></span> <span class='ocrx_word' id='word_1_346' title='bbox 1124 2507 1306 2562; x_wconf 79' lang='grc' dir='ltr'>παῖδά</span> <span class='ocrx_word' id='word_1_347' title='bbox 1352 2526 1472 2578; x_wconf 84' lang='grc' dir='ltr'><strong>μου</strong></span> <span class='ocrx_word' id='word_1_348' title='bbox 1491 2549 1506 2574; x_wconf 91' lang='grc'><strong>,</strong></span> <span class='ocrx_word' id='word_1_349' title='bbox 1556 2510 1664 2564; x_wconf 85' lang='grc' dir='ltr'><strong>τοῦ</strong></span> 
     </span>
    </p>
   </div>
   <div class='ocr_carea' id='block_1_41' title="bbox 97 2594 1662 2669">
    <p class='ocr_par' dir='ltr' id='par_1_41' title="bbox 97 2594 1662 2669">
     <span class='ocr_line' id='line_1_41' title="bbox 97 2594 1662 2669; baseline 0.004 -20"><span class='ocrx_word' id='word_1_350' title='bbox 97 2594 307 2665; x_wconf 78' lang='grc' dir='ltr'>στῆσαι</span> <span class='ocrx_word' id='word_1_351' title='bbox 344 2596 455 2662; x_wconf 80' lang='grc' dir='ltr'>τὰς</span> <span class='ocrx_word' id='word_1_352' title='bbox 489 2598 691 2666; x_wconf 71' lang='grc' dir='ltr'><em>φυλὰς</em></span> <span class='ocrx_word' id='word_1_353' title='bbox 718 2596 955 2662; x_wconf 79' lang='grc' dir='ltr'>Ἰακὼϐ,</span> <span class='ocrx_word' id='word_1_354' title='bbox 999 2598 1102 2653; x_wconf 79' lang='grc' dir='ltr'>καὶ</span> <span class='ocrx_word' id='word_1_355' title='bbox 1163 2599 1277 2669; x_wconf 83' lang='grc' dir='ltr'>τὴν</span> <span class='ocrx_word' id='word_1_356' title='bbox 1326 2598 1662 2669; x_wconf 80' lang='grc' dir='ltr'>διασπορὰν</span> 
     </span>
    </p>
   </div>
   <div class='ocr_carea' id='block_1_42' title="bbox 97 2688 1660 2761">
    <p class='ocr_par' dir='ltr' id='par_1_42' title="bbox 97 2688 1660 2761">
     <span class='ocr_line' id='line_1_42' title="bbox 97 2688 1660 2761; baseline 0.004 -21"><span class='ocrx_word' id='word_1_357' title='bbox 97 2688 198 2742; x_wconf 84' lang='grc' dir='ltr'><strong>τοῦ</strong></span> <span class='ocrx_word' id='word_1_358' title='bbox 240 2688 497 2757; x_wconf 74' lang='grc' dir='ltr'>Ἰσραὴλ</span> <span class='ocrx_word' id='word_1_359' title='bbox 534 2688 911 2759; x_wconf 78' lang='grc' dir='ltr'><strong>ἐπιστρέψαι.</strong></span> <span class='ocrx_word' id='word_1_360' title='bbox 959 2691 1115 2746; x_wconf 81' lang='grc' dir='ltr'>Ἰδοὺ</span> <span class='ocrx_word' id='word_1_361' title='bbox 1166 2691 1400 2748; x_wconf 82' lang='grc' dir='ltr'>τέθεικά</span> <span class='ocrx_word' id='word_1_362' title='bbox 1448 2709 1522 2749; x_wconf 86' lang='grc' dir='ltr'><strong>σε</strong></span> <span class='ocrx_word' id='word_1_363' title='bbox 1571 2696 1660 2761; x_wconf 78' lang='grc' dir='ltr'>εἰς</span> 
     </span>
    </p>
   </div>
   <div class='ocr_carea' id='block_1_43' title="bbox 96 2777 1661 2856">
    <p class='ocr_par' dir='ltr' id='par_1_43' title="bbox 96 2777 1661 2856">
     <span class='ocr_line' id='line_1_43' title="bbox 96 2777 1661 2856; baseline 0.004 -22"><span class='ocrx_word' id='word_1_364' title='bbox 96 2780 212 2849; x_wconf 61' lang='grc' dir='ltr'>βὼς</span> <span class='ocrx_word' id='word_1_365' title='bbox 234 2780 443 2844; x_wconf 83' lang='grc' dir='ltr'>ἐθνῶν,</span> <span class='ocrx_word' id='word_1_366' title='bbox 476 2782 582 2836; x_wconf 88' lang='grc' dir='ltr'><strong>τοῦ</strong></span> <span class='ocrx_word' id='word_1_367' title='bbox 606 2777 761 2836; x_wconf 76' lang='grc' dir='ltr'>εἶναι</span> <span class='ocrx_word' id='word_1_368' title='bbox 786 2799 860 2837; x_wconf 86' lang='grc' dir='ltr'><strong>σε</strong></span> <span class='ocrx_word' id='word_1_369' title='bbox 884 2785 971 2849; x_wconf 75' lang='grc' dir='ltr'>εἰς</span> <span class='ocrx_word' id='word_1_370' title='bbox 997 2785 1299 2854; x_wconf 86' lang='grc' dir='ltr'>σωτηρίαν</span> <span class='ocrx_word' id='word_1_371' title='bbox 1324 2785 1437 2852; x_wconf 78' lang='grc' dir='ltr'>ἕως</span> <span class='ocrx_word' id='word_1_372' title='bbox 1476 2786 1661 2856; x_wconf 81' lang='grc' dir='ltr'>ἐσχά-</span> 
     </span>
    </p>
   </div>
   <div class='ocr_carea' id='block_1_44' title="bbox 96 2872 1656 2950">
    <p class='ocr_par' dir='ltr' id='par_1_44' title="bbox 96 2872 1656 2950">
     <span class='ocr_line' id='line_1_44' title="bbox 96 2872 1656 2950; baseline 0.005 -25"><span class='ocrx_word' id='word_1_373' title='bbox 96 2890 194 2926; x_wconf 82' lang='grc' dir='ltr'>του</span> <span class='ocrx_word' id='word_1_374' title='bbox 223 2872 323 2942; x_wconf 85' lang='grc' dir='ltr'>τῆς</span> <span class='ocrx_word' id='word_1_375' title='bbox 350 2872 487 2943; x_wconf 74' lang='grc' dir='ltr'>γῆς.</span> <span class='ocrx_word' id='word_1_376' title='bbox 530 2873 688 2927; x_wconf 81' lang='grc' dir='ltr'>Ἀλλά</span> <span class='ocrx_word' id='word_1_377' title='bbox 721 2875 814 2928; x_wconf 59' lang='grc' dir='ltr'><strong>καλ⁵</strong></span> <span class='ocrx_word' id='word_1_378' title='bbox 846 2877 903 2929; x_wconf 82' lang='grc' dir='ltr'><strong>έν</strong></span> <span class='ocrx_word' id='word_1_379' title='bbox 941 2875 1021 2948; x_wconf 81' lang='grc' dir='ltr'>τῷ</span> <span class='ocrx_word' id='word_1_380' title='bbox 1062 2877 1303 2950; x_wconf 71' lang='grc' dir='ltr'>Ἰερεμίᾳ</span> <span class='ocrx_word' id='word_1_381' title='bbox 1340 2877 1512 2943; x_wconf 75' lang='grc' dir='ltr'>οὕτως</span> <span class='ocrx_word' id='word_1_382' title='bbox 1553 2878 1656 2933; x_wconf 83' lang='grc' dir='ltr'><strong>αὑ-</strong></span> 
     </span>
    </p>
   </div>
   <div class='ocr_carea' id='block_1_45' title="bbox 98 2965 1659 3040">
    <p class='ocr_par' dir='ltr' id='par_1_45' title="bbox 98 2965 1659 3040">
     <span class='ocr_line' id='line_1_45' title="bbox 98 2965 1659 3040; baseline 0.006 -22"><span class='ocrx_word' id='word_1_383' title='bbox 98 2965 187 3018; x_wconf 73' lang='grc' dir='ltr'><strong>τὺν</strong></span> <span class='ocrx_word' id='word_1_384' title='bbox 212 2966 367 3038; x_wconf 76' lang='grc' dir='ltr'>ἀρνίῳ</span> <span class='ocrx_word' id='word_1_385' title='bbox 430 2969 636 3038; x_wconf 75' lang='grc' dir='ltr'>ὀμοιοίο</span> <span class='ocrx_word' id='word_1_386' title='bbox 685 2966 832 3037; x_wconf 76' lang='grc' dir='ltr'><strong>Ἐγὼ</strong></span> <span class='ocrx_word' id='word_1_387' title='bbox 868 2969 949 3036; x_wconf 86' lang='grc' dir='ltr'>ὡς</span> <span class='ocrx_word' id='word_1_388' title='bbox 985 2970 1197 3039; x_wconf 77' lang='grc' dir='ltr'>ἀρνίον</span> <span class='ocrx_word' id='word_1_389' title='bbox 1245 2970 1474 3025; x_wconf 77' lang='grc' dir='ltr'>ἄκακον</span> <span class='ocrx_word' id='word_1_390' title='bbox 1519 2971 1659 3040; x_wconf 79' lang='grc' dir='ltr'>ἀγό-</span> 
     </span>
    </p>
   </div>
   <div class='ocr_carea' id='block_1_46' title="bbox 92 3054 1657 3130">
    <p class='ocr_par' dir='ltr' id='par_1_46' title="bbox 92 3054 1657 3130">
     <span class='ocr_line' id='line_1_46' title="bbox 92 3054 1657 3130; baseline 0.004 -22"><span class='ocrx_word' id='word_1_391' title='bbox 92 3071 264 3123; x_wconf 78' lang='grc' dir='ltr'>μενον</span> <span class='ocrx_word' id='word_1_392' title='bbox 305 3056 414 3110; x_wconf 89' lang='grc' dir='ltr'><strong>τοῦ</strong></span> <span class='ocrx_word' id='word_1_393' title='bbox 451 3057 719 3112; x_wconf 80' lang='grc' dir='ltr'><strong>θύεσθαι.</strong></span> <span class='ocrx_word' id='word_1_394' title='bbox 755 3054 940 3111; x_wconf 83' lang='grc' dir='ltr'>Ταῦτα</span> <span class='ocrx_word' id='word_1_395' title='bbox 975 3059 1073 3130; x_wconf 84' lang='grc' dir='ltr'>μὲν</span> <span class='ocrx_word' id='word_1_396' title='bbox 1102 3056 1195 3115; x_wconf 74' lang='grc' dir='ltr'>οὖν</span> <span class='ocrx_word' id='word_1_397' title='bbox 1222 3060 1316 3114; x_wconf 80' lang='grc' dir='ltr'>καὶ</span> <span class='ocrx_word' id='word_1_398' title='bbox 1342 3060 1413 3114; x_wconf 85' lang='grc' dir='ltr'><strong>τά</strong></span> <span class='ocrx_word' id='word_1_399' title='bbox 1446 3060 1657 3126; x_wconf 81' lang='grc' dir='ltr'><strong>τούτοις</strong></span> 
     </span>
    </p>
   </div>
   <div class='ocr_carea' id='block_1_47' title="bbox 92 3148 1655 3226">
    <p class='ocr_par' dir='ltr' id='par_1_47' title="bbox 92 3148 1655 3226">
     <span class='ocr_line' id='line_1_47' title="bbox 92 3148 1655 3226; baseline 0.004 -26"><span class='ocrx_word' id='word_1_400' title='bbox 92 3148 435 3220; x_wconf 77' lang='grc' dir='ltr'>παραπλήσια</span> <span class='ocrx_word' id='word_1_401' title='bbox 463 3148 629 3212; x_wconf 80' lang='grc' dir='ltr'>αὐτὸς</span> <span class='ocrx_word' id='word_1_402' title='bbox 664 3148 854 3202; x_wconf 71' lang='grc' dir='ltr'>ἑαυτόν</span> <span class='ocrx_word' id='word_1_403' title='bbox 888 3166 1074 3222; x_wconf 75' lang='grc' dir='ltr'>φησιν.</span> <span class='ocrx_word' id='word_1_404' title='bbox 1111 3152 1264 3205; x_wconf 88' lang='grc' dir='ltr'>Ἔστι</span> <span class='ocrx_word' id='word_1_405' title='bbox 1292 3153 1349 3206; x_wconf 86' lang='grc' dir='ltr'><strong>δὲ</strong></span> <span class='ocrx_word' id='word_1_406' title='bbox 1380 3153 1473 3206; x_wconf 81' lang='grc' dir='ltr'>καὶ</span> <span class='ocrx_word' id='word_1_407' title='bbox 1504 3151 1655 3226; x_wconf 79' lang='grc' dir='ltr'>παρὰ</span> 
     </span>
    </p>
   </div>
   <div class='ocr_carea' id='block_1_48' title="bbox 1774 1949 3341 2022">
    <p class='ocr_par' dir='ltr' id='par_1_48' title="bbox 1774 1949 3341 2022">
     <span class='ocr_line' id='line_1_48' title="bbox 1774 1949 3341 2022; baseline 0.003 -19"><span class='ocrx_word' id='word_1_408' title='bbox 1774 1951 1902 2003; x_wconf 76' lang='lat' dir='ltr'><strong>mihi</strong></span> <span class='ocrx_word' id='word_1_409' title='bbox 1926 1966 1947 2005; x_wconf 91' lang='lat'><strong><em>:</em></strong></span> <span class='ocrx_word' id='word_1_410' title='bbox 1967 1951 2159 2005; x_wconf 90' lang='lat' dir='ltr'><strong>Servus</strong></span> <span class='ocrx_word' id='word_1_411' title='bbox 2184 1967 2325 2005; x_wconf 85' lang='lat' dir='ltr'><strong>meus</strong></span> <span class='ocrx_word' id='word_1_412' title='bbox 2348 1968 2401 2006; x_wconf 91' lang='lat' dir='ltr'><strong>es</strong></span> <span class='ocrx_word' id='word_1_413' title='bbox 2430 1960 2508 2016; x_wconf 86' lang='lat' dir='ltr'><strong>tu,</strong></span> <span class='ocrx_word' id='word_1_414' title='bbox 2533 1949 2724 2015; x_wconf 85' lang='lat' dir='ltr'><strong>Israel,</strong></span> <span class='ocrx_word' id='word_1_415' title='bbox 2748 1964 2794 2006; x_wconf 92' lang='lat' dir='ltr'><strong>et</strong></span> <span class='ocrx_word' id='word_1_416' title='bbox 2818 1952 2872 2006; x_wconf 90' lang='lat' dir='ltr'><strong>in</strong></span> <span class='ocrx_word' id='word_1_417' title='bbox 2904 1960 2956 2004; x_wconf 89' lang='lat' dir='ltr'><strong>te</strong></span> <span class='ocrx_word' id='word_1_418' title='bbox 2987 1950 3341 2022; x_wconf 86' lang='lat' dir='ltr'><strong>glori/icabor.</strong></span> 
     </span>
    </p>
   </div>
   <div class='ocr_carea' id='block_1_49' title="bbox 1772 2038 3341 2111">
    <p class='ocr_par' dir='ltr' id='par_1_49' title="bbox 1772 2038 3341 2111">
     <span class='ocr_line' id='line_1_49' title="bbox 1772 2038 3341 2111; baseline 0.001 -17"><span class='ocrx_word' id='word_1_419' title='bbox 1772 2039 1835 2094; x_wconf 84' lang='lat' dir='ltr'><strong>Et</strong></span> <span class='ocrx_word' id='word_1_420' title='bbox 1865 2050 1984 2110; x_wconf 86' lang='lat' dir='ltr'><strong>post</strong></span> <span class='ocrx_word' id='word_1_421' title='bbox 2009 2056 2176 2111; x_wconf 80' lang='lat' dir='ltr'><strong>pauca</strong></span> <span class='ocrx_word' id='word_1_422' title='bbox 2201 2057 2214 2093; x_wconf 91' lang='lat'>:</span> <span class='ocrx_word' id='word_1_423' title='bbox 2248 2043 2385 2096; x_wconf 87' lang='lat' dir='ltr'><strong>Deus</strong></span> <span class='ocrx_word' id='word_1_424' title='bbox 2422 2057 2565 2095; x_wconf 88' lang='lat' dir='ltr'><strong>meus</strong></span> <span class='ocrx_word' id='word_1_425' title='bbox 2597 2043 2695 2094; x_wconf 91' lang='lat' dir='ltr'><strong>erit</strong></span> <span class='ocrx_word' id='word_1_426' title='bbox 2717 2041 2973 2110; x_wconf 79' lang='lat' dir='ltr'><strong>fortitudo</strong></span> <span class='ocrx_word' id='word_1_427' title='bbox 3000 2057 3136 2096; x_wconf 82' lang='lat' dir='ltr'><strong>mea.</strong></span> <span class='ocrx_word' id='word_1_428' title='bbox 3160 2038 3228 2094; x_wconf 86' lang='lat' dir='ltr'><strong>Et</strong></span> <span class='ocrx_word' id='word_1_429' title='bbox 3257 2042 3341 2095; x_wconf 83' lang='lat' dir='ltr'><strong>di-</strong></span> 
     </span>
    </p>
   </div>
   <div class='ocr_carea' id='block_1_50' title="bbox 1767 2131 3339 2203">
    <p class='ocr_par' dir='ltr' id='par_1_50' title="bbox 1767 2131 3339 2203">
     <span class='ocr_line' id='line_1_50' title="bbox 1767 2131 3339 2203; baseline 0.001 -18"><span class='ocrx_word' id='word_1_430' title='bbox 1767 2133 1849 2186; x_wconf 73' lang='lat' dir='ltr'><strong>xit</strong></span> <span class='ocrx_word' id='word_1_431' title='bbox 1878 2132 2003 2186; x_wconf 79' lang='lat' dir='ltr'><strong>mihi</strong></span> <span class='ocrx_word' id='word_1_432' title='bbox 2033 2149 2052 2187; x_wconf 92' lang='lat'><strong><em>:</em></strong></span> <span class='ocrx_word' id='word_1_433' title='bbox 2084 2131 2336 2203; x_wconf 75' lang='lat' dir='ltr'><strong>Magnum</strong></span> <span class='ocrx_word' id='word_1_434' title='bbox 2376 2134 2472 2188; x_wconf 86' lang='lat' dir='ltr'><strong>tibi</strong></span> <span class='ocrx_word' id='word_1_435' title='bbox 2490 2145 2585 2201; x_wconf 86' lang='lat' dir='ltr'><strong>est,</strong></span> <span class='ocrx_word' id='word_1_436' title='bbox 2608 2144 2664 2187; x_wconf 88' lang='lat' dir='ltr'><strong>ut</strong></span> <span class='ocrx_word' id='word_1_437' title='bbox 2692 2137 2887 2189; x_wconf 86' lang='lat' dir='ltr'><strong>voceris</strong></span> <span class='ocrx_word' id='word_1_438' title='bbox 2912 2149 3085 2188; x_wconf 87' lang='lat' dir='ltr'><strong>servus</strong></span> <span class='ocrx_word' id='word_1_439' title='bbox 3109 2150 3270 2197; x_wconf 83' lang='lat' dir='ltr'><strong>meus,</strong></span> <span class='ocrx_word' id='word_1_440' title='bbox 3289 2142 3339 2189; x_wconf 84' lang='lat' dir='ltr'><strong>et</strong></span> 
     </span>
    </p>
   </div>
   <div class='ocr_carea' id='block_1_51' title="bbox 1768 2223 3339 2292">
    <p class='ocr_par' dir='ltr' id='par_1_51' title="bbox 1768 2223 3339 2292">
     <span class='ocr_line' id='line_1_51' title="bbox 1768 2223 3339 2292; baseline 0.001 -16"><span class='ocrx_word' id='word_1_441' title='bbox 1768 2225 1990 2278; x_wconf 84' lang='lat' dir='ltr'><strong>suscites</strong></span> <span class='ocrx_word' id='word_1_442' title='bbox 2017 2225 2185 2279; x_wconf 88' lang='lat' dir='ltr'><strong>tribus</strong></span> <span class='ocrx_word' id='word_1_443' title='bbox 2202 2223 2389 2290; x_wconf 73' lang='lat' dir='ltr'><strong>Iacob,</strong></span> <span class='ocrx_word' id='word_1_444' title='bbox 2408 2235 2453 2278; x_wconf 87' lang='lat' dir='ltr'><strong>et</strong></span> <span class='ocrx_word' id='word_1_445' title='bbox 2478 2226 2855 2292; x_wconf 87' lang='lat' dir='ltr'><strong>dispersionem</strong></span> <span class='ocrx_word' id='word_1_446' title='bbox 2879 2224 3097 2279; x_wconf 87' lang='lat' dir='ltr'><strong>Israelis</strong></span> <span class='ocrx_word' id='word_1_447' title='bbox 3128 2241 3339 2280; x_wconf 85' lang='lat' dir='ltr'><strong>conver-</strong></span> 
     </span>
    </p>
   </div>
   <div class='ocr_carea' id='block_1_52' title="bbox 1767 2312 3337 2386">
    <p class='ocr_par' dir='ltr' id='par_1_52' title="bbox 1767 2312 3337 2386">
     <span class='ocr_line' id='line_1_52' title="bbox 1767 2312 3337 2386; baseline 0.003 -20"><span class='ocrx_word' id='word_1_448' title='bbox 1767 2322 1869 2369; x_wconf 89' lang='lat' dir='ltr'><strong>tas.</strong></span> <span class='ocrx_word' id='word_1_449' title='bbox 1902 2312 2038 2371; x_wconf 82' lang='lat' dir='ltr'><strong>Ecce</strong></span> <span class='ocrx_word' id='word_1_450' title='bbox 2064 2316 2216 2385; x_wconf 84' lang='lat' dir='ltr'><strong>posui</strong></span> <span class='ocrx_word' id='word_1_451' title='bbox 2246 2327 2295 2370; x_wconf 90' lang='lat' dir='ltr'><strong>te</strong></span> <span class='ocrx_word' id='word_1_452' title='bbox 2321 2315 2374 2369; x_wconf 92' lang='lat' dir='ltr'><strong>in</strong></span> <span class='ocrx_word' id='word_1_453' title='bbox 2402 2314 2569 2370; x_wconf 83' lang='lat' dir='ltr'><strong>lucem</strong></span> <span class='ocrx_word' id='word_1_454' title='bbox 2594 2317 2845 2386; x_wconf 85' lang='lat' dir='ltr'><strong>gentium,</strong></span> <span class='ocrx_word' id='word_1_455' title='bbox 2876 2325 2929 2368; x_wconf 89' lang='lat' dir='ltr'><strong>ut</strong></span> <span class='ocrx_word' id='word_1_456' title='bbox 2952 2316 3024 2369; x_wconf 75' lang='lat' dir='ltr'><strong>ris</strong></span> <span class='ocrx_word' id='word_1_457' title='bbox 3052 2316 3198 2370; x_wconf 88' lang='lat' dir='ltr'><strong>salus</strong></span> <span class='ocrx_word' id='word_1_458' title='bbox 3222 2332 3337 2370; x_wconf 89' lang='lat' dir='ltr'><strong>mea</strong></span> 
     </span>
    </p>
   </div>
   <div class='ocr_carea' id='block_1_53' title="bbox 1767 2404 3335 2476">
    <p class='ocr_par' dir='ltr' id='par_1_53' title="bbox 1767 2404 3335 2476">
     <span class='ocr_line' id='line_1_53' title="bbox 1767 2404 3335 2476; baseline 0.003 -18"><span class='ocrx_word' id='word_1_459' title='bbox 1767 2421 1928 2476; x_wconf 89' lang='lat' dir='ltr'><strong>usque</strong></span> <span class='ocrx_word' id='word_1_460' title='bbox 1984 2404 2053 2458; x_wconf 90' lang='lat' dir='ltr'><strong>ad</strong></span> <span class='ocrx_word' id='word_1_461' title='bbox 2111 2417 2401 2461; x_wconf 75' lang='lat' dir='ltr'><strong>extremum</strong></span> <span class='ocrx_word' id='word_1_462' title='bbox 2444 2416 2617 2461; x_wconf 64' lang='lat' dir='ltr'><strong>terra.</strong></span> <span class='ocrx_word' id='word_1_463' title='bbox 2655 2406 2761 2462; x_wconf 87' lang='lat' dir='ltr'><strong>Sed</strong></span> <span class='ocrx_word' id='word_1_464' title='bbox 2811 2416 2863 2463; x_wconf 93' lang='lat' dir='ltr'><strong>et</strong></span> <span class='ocrx_word' id='word_1_465' title='bbox 2896 2408 2947 2461; x_wconf 91' lang='lat' dir='ltr'><strong>in</strong></span> <span class='ocrx_word' id='word_1_466' title='bbox 2987 2406 3221 2463; x_wconf 64' lang='lat' dir='ltr'><strong>Ieremia</strong></span> <span class='ocrx_word' id='word_1_467' title='bbox 3263 2409 3335 2463; x_wconf 85' lang='lat' dir='ltr'><strong>ita</strong></span> 
     </span>
    </p>
   </div>
   <div class='ocr_carea' id='block_1_54' title="bbox 1763 2496 3335 2572">
    <p class='ocr_par' dir='ltr' id='par_1_54' title="bbox 1763 2496 3335 2572">
     <span class='ocr_line' id='line_1_54' title="bbox 1763 2496 3335 2572; baseline 0.004 -21"><span class='ocrx_word' id='word_1_468' title='bbox 1763 2499 2000 2568; x_wconf 80' lang='lat' dir='ltr'><strong>seipsum</strong></span> <span class='ocrx_word' id='word_1_469' title='bbox 2027 2516 2163 2572; x_wconf 87' lang='lat' dir='ltr'><strong>agno</strong></span> <span class='ocrx_word' id='word_1_470' title='bbox 2193 2501 2457 2556; x_wconf 83' lang='lat' dir='ltr'><strong>assimilat</strong></span> <span class='ocrx_word' id='word_1_471' title='bbox 2510 2517 2525 2555; x_wconf 91' lang='lat'><strong>:</strong></span> <span class='ocrx_word' id='word_1_472' title='bbox 2571 2496 2685 2569; x_wconf 85' lang='lat' dir='ltr'><strong>Ego</strong></span> <span class='ocrx_word' id='word_1_473' title='bbox 2710 2500 2848 2554; x_wconf 85' lang='lat' dir='ltr'><strong>sicut</strong></span> <span class='ocrx_word' id='word_1_474' title='bbox 2899 2518 3067 2572; x_wconf 84' lang='lat' dir='ltr'><strong>agnus</strong></span> <span class='ocrx_word' id='word_1_475' title='bbox 3087 2502 3335 2558; x_wconf 80' lang='lat' dir='ltr'><strong>innocens</strong></span> 
     </span>
    </p>
   </div>
   <div class='ocr_carea' id='block_1_55' title="bbox 1761 2591 3334 2666">
    <p class='ocr_par' dir='ltr' id='par_1_55' title="bbox 1761 2591 3334 2666">
     <span class='ocr_line' id='line_1_55' title="bbox 1761 2591 3334 2666; baseline 0.008 -25"><span class='ocrx_word' id='word_1_476' title='bbox 1761 2591 1851 2659; x_wconf 86' lang='lat' dir='ltr'><strong>qui</strong></span> <span class='ocrx_word' id='word_1_477' title='bbox 1877 2591 2089 2645; x_wconf 84' lang='lat' dir='ltr'><strong>ducitur</strong></span> <span class='ocrx_word' id='word_1_478' title='bbox 2108 2594 2174 2646; x_wconf 90' lang='lat' dir='ltr'><strong>ad</strong></span> <span class='ocrx_word' id='word_1_479' title='bbox 2198 2593 2605 2660; x_wconf 79' lang='lat' dir='ltr'><strong>sacriﬁcandum</strong></span> <span class='ocrx_word' id='word_1_480' title='bbox 2624 2592 2690 2646; x_wconf 82' lang='lat'><strong>”.</strong></span> <span class='ocrx_word' id='word_1_481' title='bbox 2719 2592 2843 2651; x_wconf 71' lang='lat' dir='ltr'><strong>Hmc</strong></span> <span class='ocrx_word' id='word_1_482' title='bbox 2870 2597 3050 2666; x_wconf 87' lang='lat' dir='ltr'><strong>itaque</strong></span> <span class='ocrx_word' id='word_1_483' title='bbox 3072 2608 3126 2652; x_wconf 90' lang='lat' dir='ltr'><strong>et</strong></span> <span class='ocrx_word' id='word_1_484' title='bbox 3148 2599 3234 2654; x_wconf 86' lang='lat' dir='ltr'><strong>his</strong></span> <span class='ocrx_word' id='word_1_485' title='bbox 3259 2598 3334 2654; x_wconf 86' lang='lat' dir='ltr'><strong>si-</strong></span> 
     </span>
    </p>
   </div>
   <div class='ocr_carea' id='block_1_56' title="bbox 1764 2682 3336 2758">
    <p class='ocr_par' dir='ltr' id='par_1_56' title="bbox 1764 2682 3336 2758">
     <span class='ocr_line' id='line_1_56' title="bbox 1764 2682 3336 2758; baseline 0.006 -24"><span class='ocrx_word' id='word_1_486' title='bbox 1764 2682 1907 2737; x_wconf 87' lang='lat' dir='ltr'><strong>milia</strong></span> <span class='ocrx_word' id='word_1_487' title='bbox 1937 2684 2175 2754; x_wconf 84' lang='lat' dir='ltr'><strong>seipsum</strong></span> <span class='ocrx_word' id='word_1_488' title='bbox 2214 2684 2323 2758; x_wconf 65' lang='grc'><strong>24</strong></span> <span class='ocrx_word' id='word_1_489' title='bbox 2351 2685 2607 2756; x_wconf 88' lang='lat' dir='ltr'><strong>appellat.</strong></span> <span class='ocrx_word' id='word_1_490' title='bbox 2654 2686 2824 2742; x_wconf 85' lang='lat' dir='ltr'><strong>Porro</strong></span> <span class='ocrx_word' id='word_1_491' title='bbox 2861 2688 3140 2745; x_wconf 88' lang='lat' dir='ltr'><strong>innumera</strong></span> <span class='ocrx_word' id='word_1_492' title='bbox 3181 2706 3336 2746; x_wconf 85' lang='lat' dir='ltr'><strong>voca-</strong></span> 
     </span>
    </p>
   </div>
   <div class='ocr_carea' id='block_1_57' title="bbox 1760 2774 3331 2852">
    <p class='ocr_par' dir='ltr' id='par_1_57' title="bbox 1760 2774 3331 2852">
     <span class='ocr_line' id='line_1_57' title="bbox 1760 2774 3331 2852; baseline 0.005 -23"><span class='ocrx_word' id='word_1_493' title='bbox 1760 2774 1906 2841; x_wconf 84' lang='lat' dir='ltr'><strong>bula,</strong></span> <span class='ocrx_word' id='word_1_494' title='bbox 1941 2785 2051 2831; x_wconf 91' lang='lat' dir='ltr'><strong>tum</strong></span> <span class='ocrx_word' id='word_1_495' title='bbox 2082 2777 2223 2846; x_wconf 89' lang='lat' dir='ltr'><strong>apud</strong></span> <span class='ocrx_word' id='word_1_496' title='bbox 2262 2778 2575 2847; x_wconf 75' lang='lat' dir='ltr'><strong>Evangelia,</strong></span> <span class='ocrx_word' id='word_1_497' title='bbox 2610 2790 2719 2833; x_wconf 92' lang='lat' dir='ltr'><strong>tum</strong></span> <span class='ocrx_word' id='word_1_498' title='bbox 2746 2781 2885 2851; x_wconf 89' lang='lat' dir='ltr'><strong>apud</strong></span> <span class='ocrx_word' id='word_1_499' title='bbox 2910 2782 3200 2852; x_wconf 88' lang='lat' dir='ltr'><strong>apostolos,</strong></span> <span class='ocrx_word' id='word_1_500' title='bbox 3219 2794 3331 2837; x_wconf 88' lang='lat' dir='ltr'><strong>tum</strong></span> 
     </span>
    </p>
   </div>
   <div class='ocr_carea' id='block_1_58' title="bbox 1760 2868 3331 2942">
    <p class='ocr_par' dir='ltr' id='par_1_58' title="bbox 1760 2868 3331 2942">
     <span class='ocr_line' id='line_1_58' title="bbox 1760 2868 3331 2942; baseline 0.007 -23"><span class='ocrx_word' id='word_1_501' title='bbox 1760 2868 1900 2931; x_wconf 83' lang='lat' dir='ltr'><strong>apud</strong></span> <span class='ocrx_word' id='word_1_502' title='bbox 1949 2868 2239 2937; x_wconf 83' lang='lat' dir='ltr'><strong>prophetas</strong></span> <span class='ocrx_word' id='word_1_503' title='bbox 2274 2868 2498 2939; x_wconf 83' lang='lat' dir='ltr'><strong>colligas</strong></span> <span class='ocrx_word' id='word_1_504' title='bbox 2549 2870 2755 2936; x_wconf 84' lang='lat' dir='ltr'><strong>licebit,</strong></span> <span class='ocrx_word' id='word_1_505' title='bbox 2795 2874 2994 2942; x_wconf 89' lang='lat' dir='ltr'><strong>quibus</strong></span> <span class='ocrx_word' id='word_1_506' title='bbox 3020 2873 3191 2930; x_wconf 86' lang='lat' dir='ltr'><strong>Filius</strong></span> <span class='ocrx_word' id='word_1_507' title='bbox 3236 2875 3331 2930; x_wconf 82' lang='lat' dir='ltr'><strong>Dei</strong></span> 
     </span>
    </p>
   </div>
   <div class='ocr_carea' id='block_1_59' title="bbox 1757 2960 3331 3035">
    <p class='ocr_par' dir='ltr' id='par_1_59' title="bbox 1757 2960 3331 3035">
     <span class='ocr_line' id='line_1_59' title="bbox 1757 2960 3331 3035; baseline 0.004 -21"><span class='ocrx_word' id='word_1_508' title='bbox 1757 2960 2014 3030; x_wconf 85' lang='lat' dir='ltr'><strong>appellari</strong></span> <span class='ocrx_word' id='word_1_509' title='bbox 2046 2964 2273 3031; x_wconf 86' lang='lat' dir='ltr'><strong>gaudet;</strong></span> <span class='ocrx_word' id='word_1_510' title='bbox 2299 2962 2551 3019; x_wconf 79' lang='lat' dir='ltr'><strong>videlicet</strong></span> <span class='ocrx_word' id='word_1_511' title='bbox 2580 2963 2664 3017; x_wconf 87' lang='lat' dir='ltr'><strong>vel</strong></span> <span class='ocrx_word' id='word_1_512' title='bbox 2686 2964 2751 3019; x_wconf 90' lang='lat' dir='ltr'><strong>iis</strong></span> <span class='ocrx_word' id='word_1_513' title='bbox 2776 2964 2866 3035; x_wconf 90' lang='lat' dir='ltr'><strong>qui</strong></span> <span class='ocrx_word' id='word_1_514' title='bbox 2896 2965 3181 3034; x_wconf 82' lang='lat' dir='ltr'><strong>Evangelia</strong></span> <span class='ocrx_word' id='word_1_515' title='bbox 3201 2969 3331 3021; x_wconf 89' lang='lat' dir='ltr'><strong>scri-</strong></span> 
     </span>
    </p>
   </div>
   <div class='ocr_carea' id='block_1_60' title="bbox 1756 3052 3328 3125">
    <p class='ocr_par' dir='ltr' id='par_1_60' title="bbox 1756 3052 3328 3125">
     <span class='ocr_line' id='line_1_60' title="bbox 1756 3052 3328 3125; baseline 0.006 -19"><span class='ocrx_word' id='word_1_516' title='bbox 1756 3060 1985 3120; x_wconf 87' lang='lat' dir='ltr'><strong>pserunt</strong></span> <span class='ocrx_word' id='word_1_517' title='bbox 2021 3052 2149 3121; x_wconf 88' lang='lat' dir='ltr'><strong>quid</strong></span> <span class='ocrx_word' id='word_1_518' title='bbox 2182 3052 2248 3107; x_wconf 92' lang='lat' dir='ltr'><strong>de</strong></span> <span class='ocrx_word' id='word_1_519' title='bbox 2298 3053 2415 3124; x_wconf 89' lang='lat' dir='ltr'><strong>ipso</strong></span> <span class='ocrx_word' id='word_1_520' title='bbox 2464 3054 2733 3109; x_wconf 88' lang='lat' dir='ltr'><strong>sentirent</strong></span> <span class='ocrx_word' id='word_1_521' title='bbox 2778 3058 3195 3125; x_wconf 82' lang='lat' dir='ltr'><strong>exponentihus,</strong></span> <span class='ocrx_word' id='word_1_522' title='bbox 3245 3059 3328 3115; x_wconf 82' lang='lat' dir='ltr'><strong>vel</strong></span> 
     </span>
    </p>
   </div>
   <div class='ocr_carea' id='block_1_61' title="bbox 1758 3142 3328 3217">
    <p class='ocr_par' dir='ltr' id='par_1_61' title="bbox 1758 3142 3328 3217">
     <span class='ocr_line' id='line_1_61' title="bbox 1758 3142 3328 3217; baseline 0.006 -21"><span class='ocrx_word' id='word_1_523' title='bbox 1758 3142 2017 3211; x_wconf 84' lang='lat' dir='ltr'><strong>apostolis</strong></span> <span class='ocrx_word' id='word_1_524' title='bbox 2040 3158 2104 3198; x_wconf 78' lang='lat' dir='ltr'><strong>ex</strong></span> <span class='ocrx_word' id='word_1_525' title='bbox 2125 3143 2210 3199; x_wconf 86' lang='lat' dir='ltr'><strong>his</strong></span> <span class='ocrx_word' id='word_1_526' title='bbox 2226 3160 2345 3213; x_wconf 58' lang='lat' dir='ltr'><strong>quae</strong></span> <span class='ocrx_word' id='word_1_527' title='bbox 2363 3146 2663 3201; x_wconf 75' lang='lat' dir='ltr'><strong>didicerant</strong></span> <span class='ocrx_word' id='word_1_528' title='bbox 2686 3147 2856 3215; x_wconf 87' lang='lat' dir='ltr'><strong>ipsum</strong></span> <span class='ocrx_word' id='word_1_529' title='bbox 2876 3147 3328 3217; x_wconf 76' lang='lat' dir='ltr'><strong>gloriﬁcantihus,</strong></span> 
     </span>
    </p>
   </div>
   <div class='ocr_carea' id='block_1_62' title="bbox 89 3213 1653 3313">
    <p class='ocr_par' dir='ltr' id='par_1_62' title="bbox 89 3213 1653 3312">
     <span class='ocr_line' id='line_1_62' title="bbox 89 3213 1653 3312; baseline 0.007 -21"><span class='ocrx_word' id='word_1_530' title='bbox 89 3213 198 3303; x_wconf 75' lang='grc' dir='ltr'>τοῖς</span> <span class='ocrx_word' id='word_1_531' title='bbox 245 3213 624 3307; x_wconf 69' lang='grc' dir='ltr'>Εὐάγγελίοις,</span> <span class='ocrx_word' id='word_1_532' title='bbox 674 3239 768 3292; x_wconf 73' lang='grc' dir='ltr'>καὶ</span> <span class='ocrx_word' id='word_1_533' title='bbox 821 3213 973 3312; x_wconf 82' lang='grc' dir='ltr'>παρά</span> <span class='ocrx_word' id='word_1_534' title='bbox 1008 3244 1119 3306; x_wconf 82' lang='grc' dir='ltr'>τοῖς</span> <span class='ocrx_word' id='word_1_535' title='bbox 1158 3243 1478 3308; x_wconf 81' lang='grc' dir='ltr'>ἀποστόλοις</span> <span class='ocrx_word' id='word_1_536' title='bbox 1496 3286 1511 3311; x_wconf 87' lang='lat'><strong>,</strong></span> <span class='ocrx_word' id='word_1_537' title='bbox 1558 3213 1653 3302; x_wconf 48' lang='grc' dir='ltr'>καὶ</span> 
     </span>
    </p>
   </div>
   <div class='ocr_carea' id='block_1_63' title="bbox 1759 3213 3329 3313">
    <p class='ocr_par' dir='ltr' id='par_1_63' title="bbox 1759 3213 3329 3313">
     <span class='ocr_line' id='line_1_63' title="bbox 1759 3213 3329 3313; baseline 0.006 -26"><span class='ocrx_word' id='word_1_538' title='bbox 1759 3234 1843 3289; x_wconf 86' lang='lat' dir='ltr'><strong>vel</strong></span> <span class='ocrx_word' id='word_1_539' title='bbox 1874 3235 2152 3305; x_wconf 83' lang='lat' dir='ltr'><strong>prophetis</strong></span> <span class='ocrx_word' id='word_1_540' title='bbox 2190 3237 2356 3308; x_wconf 83' lang='lat' dir='ltr'><strong>ipsius</strong></span> <span class='ocrx_word' id='word_1_541' title='bbox 2386 3239 2626 3293; x_wconf 80' lang='lat' dir='ltr'><strong>futurum</strong></span> <span class='ocrx_word' id='word_1_542' title='bbox 2665 3213 2956 3295; x_wconf 72' lang='lat' dir='ltr'><strong>adventum</strong></span> <span class='ocrx_word' id='word_1_543' title='bbox 2985 3213 3329 3313; x_wconf 50' lang='lat' dir='ltr'><strong>prominenti;</strong></span> 
     </span>
    </p>
   </div>
   <div class='ocr_carea' id='block_1_64' title="bbox 87 3329 1653 3407">
    <p class='ocr_par' dir='ltr' id='par_1_64' title="bbox 87 3329 1653 3407">
     <span class='ocr_line' id='line_1_64' title="bbox 87 3329 1653 3407; baseline 0.006 -25"><span class='ocrx_word' id='word_1_544' title='bbox 87 3329 174 3382; x_wconf 70' lang='grc' dir='ltr'><strong>διὰ</strong></span> <span class='ocrx_word' id='word_1_545' title='bbox 219 3330 326 3383; x_wconf 81' lang='grc' dir='ltr'><strong>τῶν</strong></span> <span class='ocrx_word' id='word_1_546' title='bbox 361 3329 660 3401; x_wconf 75' lang='grc' dir='ltr'>προφητῶν</span> <span class='ocrx_word' id='word_1_547' title='bbox 714 3331 910 3403; x_wconf 87' lang='grc' dir='ltr'>μυρίας</span> <span class='ocrx_word' id='word_1_548' title='bbox 951 3332 1083 3397; x_wconf 86' lang='grc' dir='ltr'>ὃσας</span> <span class='ocrx_word' id='word_1_549' title='bbox 1120 3336 1491 3407; x_wconf 78' lang='grc' dir='ltr'>προσηγορίας</span> <span class='ocrx_word' id='word_1_550' title='bbox 1528 3354 1653 3392; x_wconf 83' lang='grc' dir='ltr'>συν-</span> 
     </span>
    </p>
   </div>
   <div class='ocr_carea' id='block_1_65' title="bbox 88 3422 1652 3498">
    <p class='ocr_par' dir='ltr' id='par_1_65' title="bbox 88 3422 1652 3498">
     <span class='ocr_line' id='line_1_65' title="bbox 88 3422 1652 3498; baseline 0.008 -25"><span class='ocrx_word' id='word_1_551' title='bbox 88 3425 326 3491; x_wconf 77' lang='grc' dir='ltr'>αγαγεῖν,</span> <span class='ocrx_word' id='word_1_552' title='bbox 359 3422 428 3486; x_wconf 70' lang='grc' dir='ltr'>ἃς</span> <span class='ocrx_word' id='word_1_553' title='bbox 468 3422 716 3476; x_wconf 84' lang='grc' dir='ltr'>καλεῖται</span> <span class='ocrx_word' id='word_1_554' title='bbox 746 3424 776 3476; x_wconf 97' lang='lat'><strong>6</strong></span> <span class='ocrx_word' id='word_1_555' title='bbox 811 3423 941 3487; x_wconf 78' lang='grc' dir='ltr'>Υἱὸς</span> <span class='ocrx_word' id='word_1_556' title='bbox 981 3423 1076 3478; x_wconf 90' lang='grc' dir='ltr'><strong>τοῦ</strong></span> <span class='ocrx_word' id='word_1_557' title='bbox 1104 3424 1266 3494; x_wconf 84' lang='grc' dir='ltr'>Θεοῦ,</span> <span class='ocrx_word' id='word_1_558' title='bbox 1292 3428 1411 3498; x_wconf 69' lang='grc' dir='ltr'>ἦτοι</span> <span class='ocrx_word' id='word_1_559' title='bbox 1442 3426 1551 3481; x_wconf 84' lang='grc' dir='ltr'><strong>τῶν</strong></span> <span class='ocrx_word' id='word_1_560' title='bbox 1582 3429 1652 3485; x_wconf 80' lang='grc' dir='ltr'><strong>τά</strong></span> 
     </span>
    </p>
   </div>
   <div class='ocr_carea' id='block_1_66' title="bbox 86 3514 1650 3593">
    <p class='ocr_par' dir='ltr' id='par_1_66' title="bbox 86 3514 1650 3593">
     <span class='ocr_line' id='line_1_66' title="bbox 86 3514 1650 3593; baseline 0.007 -28"><span class='ocrx_word' id='word_1_561' title='bbox 86 3514 377 3583; x_wconf 67' lang='grc' dir='ltr'>Εὑαγγέλια</span> <span class='ocrx_word' id='word_1_562' title='bbox 418 3515 750 3587; x_wconf 76' lang='grc' dir='ltr'>γραψάντων</span> <span class='ocrx_word' id='word_1_563' title='bbox 790 3516 892 3587; x_wconf 80' lang='grc' dir='ltr'>τὴν</span> <span class='ocrx_word' id='word_1_564' title='bbox 939 3516 1076 3571; x_wconf 78' lang='grc' dir='ltr'>ἰδίαν</span> <span class='ocrx_word' id='word_1_565' title='bbox 1107 3518 1343 3573; x_wconf 83' lang='grc' dir='ltr'>διάνοιαν</span> <span class='ocrx_word' id='word_1_566' title='bbox 1374 3520 1487 3575; x_wconf 86' lang='grc' dir='ltr'><strong>τῶν</strong></span> <span class='ocrx_word' id='word_1_567' title='bbox 1521 3522 1650 3593; x_wconf 81' lang='grc' dir='ltr'>περὶ</span> 
     </span>
    </p>
   </div>
   <div class='ocr_carea' id='block_1_67' title="bbox 84 3606 1644 3683">
    <p class='ocr_par' dir='ltr' id='par_1_67' title="bbox 84 3606 1644 3683">
     <span class='ocr_line' id='line_1_67' title="bbox 84 3606 1644 3683; baseline 0.006 -24"><span class='ocrx_word' id='word_1_568' title='bbox 84 3606 171 3659; x_wconf 81' lang='grc' dir='ltr'><strong>τοῦ</strong></span> <span class='ocrx_word' id='word_1_569' title='bbox 208 3608 236 3660; x_wconf 79' lang='grc' dir='ltr'><strong>ὃ</strong></span> <span class='ocrx_word' id='word_1_570' title='bbox 280 3607 332 3660; x_wconf 81' lang='grc' dir='ltr'><strong>τί</strong></span> <span class='ocrx_word' id='word_1_571' title='bbox 360 3608 493 3661; x_wconf 85' lang='grc' dir='ltr'>ποτέ</span> <span class='ocrx_word' id='word_1_572' title='bbox 531 3609 681 3663; x_wconf 74' lang='grc' dir='ltr'>ἐστιν</span> <span class='ocrx_word' id='word_1_573' title='bbox 711 3607 1098 3680; x_wconf 75' lang='grc' dir='ltr'>ἐκτιθεμένων,</span> <span class='ocrx_word' id='word_1_574' title='bbox 1135 3613 1168 3683; x_wconf 83' lang='grc' dir='ltr'>ἢ</span> <span class='ocrx_word' id='word_1_575' title='bbox 1196 3612 1305 3665; x_wconf 85' lang='grc' dir='ltr'>τῶν</span> <span class='ocrx_word' id='word_1_576' title='bbox 1333 3613 1644 3668; x_wconf 82' lang='grc' dir='ltr'>ἀποστόλων</span> 
     </span>
    </p>
   </div>
   <div class='ocr_carea' id='block_1_68' title="bbox 84 3693 1646 3773">
    <p class='ocr_par' dir='ltr' id='par_1_68' title="bbox 84 3693 1646 3773">
     <span class='ocr_line' id='line_1_68' title="bbox 84 3693 1646 3773; baseline 0.004 -19"><span class='ocrx_word' id='word_1_577' title='bbox 84 3696 141 3764; x_wconf 75' lang='grc' dir='ltr'><strong>ἐξ</strong></span> <span class='ocrx_word' id='word_1_578' title='bbox 172 3693 242 3755; x_wconf 75' lang='grc' dir='ltr'>ὧν</span> <span class='ocrx_word' id='word_1_579' title='bbox 288 3700 642 3773; x_wconf 78' lang='grc' dir='ltr'>μεμαθήκασι</span> <span class='ocrx_word' id='word_1_580' title='bbox 690 3702 1109 3772; x_wconf 81' lang='grc' dir='ltr'>δοξολογούντων</span> <span class='ocrx_word' id='word_1_581' title='bbox 1160 3706 1343 3770; x_wconf 80' lang='grc' dir='ltr'>αὑτὸν,</span> <span class='ocrx_word' id='word_1_582' title='bbox 1393 3707 1488 3767; x_wconf 78' lang='grc' dir='ltr'>καὶ</span> <span class='ocrx_word' id='word_1_583' title='bbox 1537 3708 1646 3761; x_wconf 83' lang='grc' dir='ltr'><strong>τῶν</strong></span> 
     </span>
    </p>
   </div>
   <div class='ocr_carea' id='block_1_69' title="bbox 84 3792 1643 3870">
    <p class='ocr_par' dir='ltr' id='par_1_69' title="bbox 84 3792 1643 3870">
     <span class='ocr_line' id='line_1_69' title="bbox 84 3792 1643 3870; baseline 0.006 -27"><span class='ocrx_word' id='word_1_584' title='bbox 84 3792 363 3862; x_wconf 72' lang='grc' dir='ltr'>προφητῶν</span> <span class='ocrx_word' id='word_1_585' title='bbox 428 3794 925 3867; x_wconf 82' lang='grc' dir='ltr'>προκηρυσσόντων</span> <span class='ocrx_word' id='word_1_586' title='bbox 988 3796 1153 3849; x_wconf 79' lang='grc' dir='ltr'>αὑτοῦ</span> <span class='ocrx_word' id='word_1_587' title='bbox 1211 3797 1311 3869; x_wconf 83' lang='grc' dir='ltr'>τὴν</span> <span class='ocrx_word' id='word_1_588' title='bbox 1376 3798 1643 3870; x_wconf 77' lang='grc' dir='ltr'>ἐσομένην</span> 
     </span>
    </p>
   </div>
   <div class='ocr_carea' id='block_1_70' title="bbox 81 3872 1644 3960">
    <p class='ocr_par' dir='ltr' id='par_1_70' title="bbox 81 3872 1644 3960">
     <span class='ocr_line' id='line_1_70' title="bbox 81 3872 1644 3960; baseline 0.006 -26"><span class='ocrx_word' id='word_1_589' title='bbox 81 3872 378 3956; x_wconf 62' lang='grc' dir='ltr'>ἒπιδημίαπῖ,</span> <span class='ocrx_word' id='word_1_590' title='bbox 415 3887 512 3940; x_wconf 78' lang='grc' dir='ltr'>καὶ</span> <span class='ocrx_word' id='word_1_591' title='bbox 536 3887 605 3941; x_wconf 83' lang='grc' dir='ltr'><strong>τά</strong></span> <span class='ocrx_word' id='word_1_592' title='bbox 634 3887 764 3959; x_wconf 80' lang='grc' dir='ltr'>περὶ</span> <span class='ocrx_word' id='word_1_593' title='bbox 796 3885 960 3941; x_wconf 77' lang='grc' dir='ltr'>αὑτοῦ</span> <span class='ocrx_word' id='word_1_594' title='bbox 987 3887 1437 3957; x_wconf 82' lang='grc' dir='ltr'>ἀπαγγελλόντων</span> <span class='ocrx_word' id='word_1_595' title='bbox 1459 3890 1644 3960; x_wconf 79' lang='grc' dir='ltr'>διαφό-</span> 
     </span>
    </p>
   </div>
   <div class='ocr_carea' id='block_1_71' title="bbox 84 3974 1640 4054">
    <p class='ocr_par' dir='ltr' id='par_1_71' title="bbox 84 3974 1640 4054">
     <span class='ocr_line' id='line_1_71' title="bbox 84 3974 1640 4054; baseline 0.007 -27"><span class='ocrx_word' id='word_1_596' title='bbox 84 3991 185 4043; x_wconf 78' lang='grc' dir='ltr'>ροις</span> <span class='ocrx_word' id='word_1_597' title='bbox 219 3978 510 4048; x_wconf 61' lang='grc' dir='ltr'>ὀνόμασιν</span> <span class='ocrx_word' id='word_1_598' title='bbox 564 3974 676 4032; x_wconf 79' lang='grc' dir='ltr'>οἷον</span> <span class='ocrx_word' id='word_1_599' title='bbox 723 3980 752 4031; x_wconf 88' lang='lat'><strong>6</strong></span> <span class='ocrx_word' id='word_1_600' title='bbox 806 3980 1057 4051; x_wconf 80' lang='grc' dir='ltr'>Ἰωάννης</span> <span class='ocrx_word' id='word_1_601' title='bbox 1086 3981 1251 4040; x_wconf 80' lang='grc' dir='ltr'>αὐτὸν</span> <span class='ocrx_word' id='word_1_602' title='bbox 1279 3980 1485 4054; x_wconf 79' lang='grc' dir='ltr'>Ἀμνον</span> <span class='ocrx_word' id='word_1_603' title='bbox 1504 3983 1640 4037; x_wconf 86' lang='grc' dir='ltr'>Θεοῦ</span> 
     </span>
    </p>
   </div>
   <div class='ocr_carea' id='block_1_72' title="bbox 82 4067 1640 4140">
    <p class='ocr_par' dir='ltr' id='par_1_72' title="bbox 82 4067 1640 4140">
     <span class='ocr_line' id='line_1_72' title="bbox 82 4067 1640 4140; baseline 0.007 -24"><span class='ocrx_word' id='word_1_604' title='bbox 82 4067 405 4138; x_wconf 73' lang='grc' dir='ltr'>ἀναγορεύει,</span> <span class='ocrx_word' id='word_1_605' title='bbox 439 4068 647 4136; x_wconf 85' lang='grc' dir='ltr'>λέγων·</span> <span class='ocrx_word' id='word_1_606' title='bbox 677 4067 797 4123; x_wconf 84' lang='grc' dir='ltr'><strong>Ἴδε</strong></span> <span class='ocrx_word' id='word_1_607' title='bbox 823 4072 856 4124; x_wconf 86' lang='grc' dir='ltr'><strong>ό</strong></span> <span class='ocrx_word' id='word_1_608' title='bbox 884 4067 1099 4140; x_wconf 82' lang='grc' dir='ltr'>Ἀμνός</span> <span class='ocrx_word' id='word_1_609' title='bbox 1131 4071 1238 4124; x_wconf 88' lang='grc' dir='ltr'><strong>τοῦ</strong></span> <span class='ocrx_word' id='word_1_610' title='bbox 1279 4072 1447 4138; x_wconf 86' lang='grc' dir='ltr'>Θεοῦ,</span> <span class='ocrx_word' id='word_1_611' title='bbox 1484 4076 1517 4127; x_wconf 83' lang='grc' dir='ltr'><em>ὁ</em></span> <span class='ocrx_word' id='word_1_612' title='bbox 1546 4073 1640 4126; x_wconf 82' lang='lat' dir='ltr'><strong>al-</strong></span> 
     </span>
    </p>
   </div>
   <div class='ocr_carea' id='block_1_73' title="bbox 73 4159 1639 4236">
    <p class='ocr_par' dir='ltr' id='par_1_73' title="bbox 73 4159 1639 4236">
     <span class='ocr_line' id='line_1_73' title="bbox 73 4159 1639 4236; baseline 0.005 -25"><span class='ocrx_word' id='word_1_613' title='bbox 73 4174 186 4221; x_wconf 71' lang='grc' dir='ltr'><strong>ρων</strong></span> <span class='ocrx_word' id='word_1_614' title='bbox 208 4159 322 4226; x_wconf 75' lang='grc' dir='ltr'>τὴν</span> <span class='ocrx_word' id='word_1_615' title='bbox 344 4159 646 4230; x_wconf 77' lang='grc' dir='ltr'>ἁμαρτίαν</span> <span class='ocrx_word' id='word_1_616' title='bbox 681 4160 786 4215; x_wconf 86' lang='grc' dir='ltr'><strong>τοῦ</strong></span> <span class='ocrx_word' id='word_1_617' title='bbox 812 4161 1066 4230; x_wconf 81' lang='grc' dir='ltr'>κόσμου·</span> <span class='ocrx_word' id='word_1_618' title='bbox 1099 4162 1194 4216; x_wconf 72' lang='grc' dir='ltr'>καὶ</span> <span class='ocrx_word' id='word_1_619' title='bbox 1223 4163 1391 4236; x_wconf 83' lang='grc' dir='ltr'>ἄνδρα</span> <span class='ocrx_word' id='word_1_620' title='bbox 1416 4163 1504 4217; x_wconf 80' lang='grc' dir='ltr'><strong>διά</strong></span> <span class='ocrx_word' id='word_1_621' title='bbox 1518 4165 1639 4219; x_wconf 80' lang='grc' dir='ltr'>τού-</span> 
     </span>
    </p>
   </div>
   <div class='ocr_carea' id='block_1_74' title="bbox 78 4248 1638 4324">
    <p class='ocr_par' dir='ltr' id='par_1_74' title="bbox 78 4248 1638 4324">
     <span class='ocr_line' id='line_1_74' title="bbox 78 4248 1638 4324; baseline 0.005 -22"><span class='ocrx_word' id='word_1_622' title='bbox 78 4265 203 4302; x_wconf 74' lang='grc' dir='ltr'>των·</span> <span class='ocrx_word' id='word_1_623' title='bbox 235 4251 423 4318; x_wconf 78' lang='grc' dir='ltr'>οὗτός</span> <span class='ocrx_word' id='word_1_624' title='bbox 453 4254 630 4307; x_wconf 84' lang='grc' dir='ltr'>ἐστιν</span> <span class='ocrx_word' id='word_1_625' title='bbox 652 4252 803 4319; x_wconf 81' lang='grc' dir='ltr'><strong>ὑπὲρ</strong></span> <span class='ocrx_word' id='word_1_626' title='bbox 832 4248 904 4308; x_wconf 82' lang='grc' dir='ltr'>οὗ</span> <span class='ocrx_word' id='word_1_627' title='bbox 935 4252 1049 4324; x_wconf 73' lang='grc' dir='ltr'><strong>ἐγὼ</strong></span> <span class='ocrx_word' id='word_1_628' title='bbox 1074 4250 1638 4320; x_wconf 80' lang='grc' dir='ltr'>εἷπον,ὅτι,’οπίσω</span> 
     </span>
    </p>
   </div>
   <div class='ocr_carea' id='block_1_75' title="bbox 72 4343 1633 4416">
    <p class='ocr_par' dir='ltr' id='par_1_75' title="bbox 72 4343 1633 4416">
     <span class='ocr_line' id='line_1_75' title="bbox 72 4343 1633 4416; baseline 0.003 -20"><span class='ocrx_word' id='word_1_629' title='bbox 72 4359 177 4406; x_wconf 78' lang='grc' dir='ltr'><strong>μου</strong></span> <span class='ocrx_word' id='word_1_630' title='bbox 203 4343 438 4413; x_wconf 75' lang='grc' dir='ltr'>ἔρχεται</span> <span class='ocrx_word' id='word_1_631' title='bbox 468 4344 648 4414; x_wconf 83' lang='grc' dir='ltr'>ἀνὴρ,</span> <span class='ocrx_word' id='word_1_632' title='bbox 707 4343 775 4410; x_wconf 82' lang='grc' dir='ltr'>ὃς</span> <span class='ocrx_word' id='word_1_633' title='bbox 814 4344 1154 4414; x_wconf 78' lang='grc' dir='ltr'>ἔμπροσθέν</span> <span class='ocrx_word' id='word_1_634' title='bbox 1189 4364 1308 4415; x_wconf 84' lang='grc' dir='ltr'>μου</span> <span class='ocrx_word' id='word_1_635' title='bbox 1341 4346 1585 4416; x_wconf 67' lang='grc' dir='ltr'>γέγονεν</span> <span class='ocrx_word' id='word_1_636' title='bbox 1616 4366 1633 4379; x_wconf 76' lang='grc'><em>’</em></span> 
     </span>
    </p>
   </div>
   <div class='ocr_carea' id='block_1_76' title="bbox 75 4431 1634 4506">
    <p class='ocr_par' dir='ltr' id='par_1_76' title="bbox 75 4431 1634 4506">
     <span class='ocr_line' id='line_1_76' title="bbox 75 4431 1634 4506; baseline 0.006 -23"><span class='ocrx_word' id='word_1_637' title='bbox 75 4431 153 4485; x_wconf 77' lang='grc' dir='ltr'>ὅτι</span> <span class='ocrx_word' id='word_1_638' title='bbox 195 4434 427 4502; x_wconf 72' lang='grc' dir='ltr'>πρῶτός</span> <span class='ocrx_word' id='word_1_639' title='bbox 449 4453 572 4505; x_wconf 85' lang='grc' dir='ltr'>μου</span> <span class='ocrx_word' id='word_1_640' title='bbox 599 4436 709 4506; x_wconf 84' lang='grc' dir='ltr'><strong>ἦν·</strong></span> <span class='ocrx_word' id='word_1_641' title='bbox 746 4438 908 4506; x_wconf 59' lang='grc' dir='ltr'><strong>κάγὼ</strong></span> <span class='ocrx_word' id='word_1_642' title='bbox 938 4440 1049 4491; x_wconf 83' lang='grc' dir='ltr'>οὐκ</span> <span class='ocrx_word' id='word_1_643' title='bbox 1101 4436 1270 4506; x_wconf 72' lang='grc' dir='ltr'>ᾔδειν</span> <span class='ocrx_word' id='word_1_644' title='bbox 1301 4438 1505 4491; x_wconf 84' lang='grc' dir='ltr'>αὐτόν.</span> <span class='ocrx_word' id='word_1_645' title='bbox 1548 4438 1634 4492; x_wconf 84' lang='grc' dir='ltr'><strong>Ἐν</strong></span> 
     </span>
    </p>
   </div>
   <div class='ocr_carea' id='block_1_77' title="bbox 70 4522 1708 4627">
    <p class='ocr_par' dir='ltr' id='par_1_77' title="bbox 70 4522 1708 4627">
     <span class='ocr_line' id='line_1_77' title="bbox 70 4522 1708 4627; baseline 0.007 -54"><span class='ocrx_word' id='word_1_646' title='bbox 70 4522 126 4573; x_wconf 72' lang='grc' dir='ltr'><em>δὲ</em></span> <span class='ocrx_word' id='word_1_647' title='bbox 171 4529 234 4597; x_wconf 69' lang='grc' dir='ltr'>τῇ</span> <span class='ocrx_word' id='word_1_648' title='bbox 276 4526 543 4600; x_wconf 80' lang='grc' dir='ltr'>καθολικῇ</span> <span class='ocrx_word' id='word_1_649' title='bbox 608 4526 896 4601; x_wconf 84' lang='grc' dir='ltr'>Ἐπιστολῇ</span> <span class='ocrx_word' id='word_1_650' title='bbox 917 4530 946 4583; x_wconf 88' lang='lat'><strong>6</strong></span> <span class='ocrx_word' id='word_1_651' title='bbox 993 4529 1245 4599; x_wconf 80' lang='grc' dir='ltr'>Ἰωάννης</span> <span class='ocrx_word' id='word_1_652' title='bbox 1284 4529 1632 4601; x_wconf 82' lang='grc' dir='ltr'>παράκλητον</span> <span class='ocrx_word' id='word_1_653' title='bbox 1664 4571 1708 4627; x_wconf 76' lang='lat' dir='ltr'><strong>D</strong></span> 
     </span>
    </p>
   </div>
   <div class='ocr_carea' id='block_1_78' title="bbox 72 4617 1631 4691">
    <p class='ocr_par' dir='ltr' id='par_1_78' title="bbox 72 4617 1631 4691">
     <span class='ocr_line' id='line_1_78' title="bbox 72 4617 1631 4691; baseline 0.005 -25"><span class='ocrx_word' id='word_1_654' title='bbox 72 4618 182 4685; x_wconf 74' lang='grc' dir='ltr'>περὶ</span> <span class='ocrx_word' id='word_1_655' title='bbox 206 4617 317 4669; x_wconf 83' lang='grc' dir='ltr'><strong>τῶν</strong></span> <span class='ocrx_word' id='word_1_656' title='bbox 338 4617 529 4688; x_wconf 71' lang='grc' dir='ltr'>ψυχῶν</span> <span class='ocrx_word' id='word_1_657' title='bbox 571 4618 727 4689; x_wconf 72' lang='grc' dir='ltr'>ἡμῶν</span> <span class='ocrx_word' id='word_1_658' title='bbox 758 4620 894 4691; x_wconf 82' lang='grc' dir='ltr'>πρὸς</span> <span class='ocrx_word' id='word_1_659' title='bbox 916 4620 1008 4673; x_wconf 81' lang='grc' dir='ltr'>τὸν</span> <span class='ocrx_word' id='word_1_660' title='bbox 1036 4620 1254 4691; x_wconf 81' lang='grc' dir='ltr'>Πατέρα</span> <span class='ocrx_word' id='word_1_661' title='bbox 1302 4622 1436 4690; x_wconf 72' lang='grc' dir='ltr'>φησὶ</span> <span class='ocrx_word' id='word_1_662' title='bbox 1468 4621 1631 4675; x_wconf 79' lang='grc' dir='ltr'>αὐτὸν</span> 
     </span>
    </p>
   </div>
   <div class='ocr_carea' id='block_1_79' title="bbox 70 4701 1632 4781">
    <p class='ocr_par' dir='ltr' id='par_1_79' title="bbox 70 4701 1632 4781">
     <span class='ocr_line' id='line_1_79' title="bbox 70 4701 1632 4781; baseline 0.005 -23"><span class='ocrx_word' id='word_1_663' title='bbox 70 4701 209 4769; x_wconf 67' lang='grc' dir='ltr'>εἶναι,</span> <span class='ocrx_word' id='word_1_664' title='bbox 251 4708 459 4776; x_wconf 82' lang='grc' dir='ltr'>λέγων·</span> <span class='ocrx_word' id='word_1_665' title='bbox 520 4709 632 4764; x_wconf 77' lang='grc' dir='ltr'><strong>Καὶ</strong></span> <span class='ocrx_word' id='word_1_666' title='bbox 678 4708 789 4763; x_wconf 83' lang='grc' dir='ltr'>ἐάν</span> <span class='ocrx_word' id='word_1_667' title='bbox 824 4728 915 4777; x_wconf 86' lang='grc' dir='ltr'><strong>τις</strong></span> <span class='ocrx_word' id='word_1_668' title='bbox 963 4710 1213 4781; x_wconf 79' lang='grc' dir='ltr'>ἁμάρτῃ,</span> <span class='ocrx_word' id='word_1_669' title='bbox 1244 4710 1632 4780; x_wconf 70' lang='grc' dir='ltr'>παράκλητον</span> 
     </span>
    </p>
   </div>
   <div class='ocr_carea' id='block_1_80' title="bbox 70 4798 1632 4872">
    <p class='ocr_par' dir='ltr' id='par_1_80' title="bbox 70 4798 1632 4872">
     <span class='ocr_line' id='line_1_80' title="bbox 70 4798 1632 4872; baseline 0.004 -22"><span class='ocrx_word' id='word_1_670' title='bbox 70 4798 264 4868; x_wconf 70' lang='grc' dir='ltr'>ἓχῳεν</span> <span class='ocrx_word' id='word_1_671' title='bbox 308 4801 461 4869; x_wconf 79' lang='grc' dir='ltr'>πρὸς</span> <span class='ocrx_word' id='word_1_672' title='bbox 508 4800 617 4855; x_wconf 78' lang='grc' dir='ltr'>τὸν</span> <span class='ocrx_word' id='word_1_673' title='bbox 659 4803 891 4870; x_wconf 80' lang='grc' dir='ltr'>Πατέρα</span> <span class='ocrx_word' id='word_1_674' title='bbox 934 4801 1184 4871; x_wconf 77' lang='grc' dir='ltr'>Ἰησοῦν</span> <span class='ocrx_word' id='word_1_675' title='bbox 1240 4803 1499 4872; x_wconf 80' lang='grc' dir='ltr'>Χριστὸν</span> <span class='ocrx_word' id='word_1_676' title='bbox 1551 4804 1632 4857; x_wconf 84' lang='grc' dir='ltr'>δί-</span> 
     </span>
    </p>
   </div>
   <div class='ocr_carea' id='block_1_81' title="bbox 70 4892 1626 4967">
    <p class='ocr_par' dir='ltr' id='par_1_81' title="bbox 70 4892 1626 4967">
     <span class='ocr_line' id='line_1_81' title="bbox 70 4892 1626 4967; baseline 0.003 -23"><span class='ocrx_word' id='word_1_677' title='bbox 70 4905 235 4945; x_wconf 80' lang='grc' dir='ltr'>καιον.</span> <span class='ocrx_word' id='word_1_678' title='bbox 278 4892 562 4964; x_wconf 72' lang='grc' dir='ltr'>Ἑπιιρέρει</span> <span class='ocrx_word' id='word_1_679' title='bbox 590 4892 672 4955; x_wconf 84' lang='grc' dir='ltr'><strong>δὲ,</strong></span> <span class='ocrx_word' id='word_1_680' title='bbox 700 4893 782 4947; x_wconf 85' lang='grc' dir='ltr'>ὅτι</span> <span class='ocrx_word' id='word_1_681' title='bbox 813 4894 908 4948; x_wconf 70' lang='grc' dir='ltr'>καὶ</span> <span class='ocrx_word' id='word_1_682' title='bbox 946 4892 1170 4965; x_wconf 86' lang='grc' dir='ltr'>ἱλασμός</span> <span class='ocrx_word' id='word_1_683' title='bbox 1198 4895 1315 4947; x_wconf 75' lang='grc' dir='ltr'>ἐστι</span> <span class='ocrx_word' id='word_1_684' title='bbox 1360 4896 1490 4967; x_wconf 80' lang='grc' dir='ltr'>περὶ</span> <span class='ocrx_word' id='word_1_685' title='bbox 1516 4894 1626 4950; x_wconf 81' lang='grc' dir='ltr'><strong>τῶν</strong></span> 
     </span>
    </p>
   </div>
   <div class='ocr_carea' id='block_1_82' title="bbox 70 4979 1625 5058">
    <p class='ocr_par' dir='ltr' id='par_1_82' title="bbox 70 4979 1625 5058">
     <span class='ocr_line' id='line_1_82' title="bbox 70 4979 1625 5058; baseline 0.008 -29"><span class='ocrx_word' id='word_1_686' title='bbox 70 4982 326 5054; x_wconf 65' lang='grc' dir='ltr'>αμαρτιῶν</span> <span class='ocrx_word' id='word_1_687' title='bbox 382 4986 542 5057; x_wconf 62' lang='grc' dir='ltr'><strong>⁴ἡμῶν</strong></span> <span class='ocrx_word' id='word_1_688' title='bbox 565 5004 578 5016; x_wconf 71' lang='grc'><strong><em>⁸</em></strong></span> <span class='ocrx_word' id='word_1_689' title='bbox 622 4979 667 5054; x_wconf 80' lang='grc' dir='ltr'><strong>ᾧ</strong></span> <span class='ocrx_word' id='word_1_690' title='bbox 724 4986 1118 5058; x_wconf 81' lang='grc' dir='ltr'>παραπλησίως</span> <span class='ocrx_word' id='word_1_691' title='bbox 1161 4987 1190 5038; x_wconf 92' lang='lat'><strong>6</strong></span> <span class='ocrx_word' id='word_1_692' title='bbox 1233 4986 1444 5051; x_wconf 87' lang='grc' dir='ltr'>Παῦλος</span> <span class='ocrx_word' id='word_1_693' title='bbox 1478 4985 1625 5057; x_wconf 79' lang='grc' dir='ltr'>λέγει</span> 
     </span>
    </p>
   </div>
   <div class='ocr_carea' id='block_1_83' title="bbox 74 5071 1625 5151">
    <p class='ocr_par' dir='ltr' id='par_1_83' title="bbox 74 5071 1625 5151">
     <span class='ocr_line' id='line_1_83' title="bbox 74 5071 1625 5151; baseline 0.005 -25"><span class='ocrx_word' id='word_1_694' title='bbox 74 5074 206 5128; x_wconf 62' lang='grc' dir='ltr'>αὑτὸν</span> <span class='ocrx_word' id='word_1_695' title='bbox 243 5071 386 5129; x_wconf 78' lang='grc' dir='ltr'>εἶναι</span> <span class='ocrx_word' id='word_1_696' title='bbox 443 5078 757 5151; x_wconf 81' lang='grc' dir='ltr'>ἱλαστήριον</span> <span class='ocrx_word' id='word_1_697' title='bbox 780 5118 795 5143; x_wconf 95' lang='grc'><strong>,</strong></span> <span class='ocrx_word' id='word_1_698' title='bbox 842 5080 1085 5149; x_wconf 58' lang='grc' dir='ltr'>φάσκων</span> <span class='ocrx_word' id='word_1_699' title='bbox 1131 5080 1240 5130; x_wconf 88' lang='grc' dir='ltr'>Ὃν</span> <span class='ocrx_word' id='word_1_700' title='bbox 1268 5079 1548 5147; x_wconf 83' lang='grc' dir='ltr'>προέθετο</span> <span class='ocrx_word' id='word_1_701' title='bbox 1590 5083 1625 5135; x_wconf 88' lang='grc' dir='ltr'><em>ὀ</em></span> 
     </span>
    </p>
   </div>
   <div class='ocr_carea' id='block_1_84' title="bbox 72 5168 1621 5240">
    <p class='ocr_par' dir='ltr' id='par_1_84' title="bbox 72 5168 1621 5240">
     <span class='ocr_line' id='line_1_84' title="bbox 72 5168 1621 5240; baseline 0.006 -21"><span class='ocrx_word' id='word_1_702' title='bbox 72 5168 189 5233; x_wconf 59' lang='lat' dir='ltr'><strong>licet;</strong></span> <span class='ocrx_word' id='word_1_703' title='bbox 210 5169 567 5239; x_wconf 68' lang='grc' dir='ltr'>ἱλαστήριον</span> <span class='ocrx_word' id='word_1_704' title='bbox 593 5170 690 5225; x_wconf 81' lang='grc' dir='ltr'><strong>διὰ</strong></span> <span class='ocrx_word' id='word_1_705' title='bbox 728 5172 985 5237; x_wconf 80' lang='grc' dir='ltr'>πίστεως</span> <span class='ocrx_word' id='word_1_706' title='bbox 1013 5171 1084 5225; x_wconf 76' lang='grc' dir='ltr'>ἐν</span> <span class='ocrx_word' id='word_1_707' title='bbox 1107 5171 1187 5236; x_wconf 88' lang='grc' dir='ltr'>τῷ</span> <span class='ocrx_word' id='word_1_708' title='bbox 1212 5172 1410 5240; x_wconf 75' lang='grc' dir='ltr'>αἵματι</span> <span class='ocrx_word' id='word_1_709' title='bbox 1434 5171 1621 5227; x_wconf 86' lang='grc' dir='ltr'>αὑτοῦ</span> 
     </span>
    </p>
   </div>
   <div class='ocr_carea' id='block_1_85' title="bbox 70 5253 1621 5332">
    <p class='ocr_par' dir='ltr' id='par_1_85' title="bbox 70 5253 1621 5332">
     <span class='ocr_line' id='line_1_85' title="bbox 70 5253 1621 5332; baseline 0.018 -25"><span class='ocrx_word' id='word_1_710' title='bbox 70 5253 151 5307; x_wconf 58' lang='lat' dir='ltr'><strong>tua</strong></span> <span class='ocrx_word' id='word_1_711' title='bbox 182 5259 288 5325; x_wconf 76' lang='grc' dir='ltr'>τὴν</span> <span class='ocrx_word' id='word_1_712' title='bbox 333 5259 588 5328; x_wconf 76' lang='grc' dir='ltr'>πάρεσιν</span> <span class='ocrx_word' id='word_1_713' title='bbox 615 5261 736 5315; x_wconf 85' lang='grc' dir='ltr'>τῶν</span> <span class='ocrx_word' id='word_1_714' title='bbox 778 5261 1225 5331; x_wconf 59' lang='grc' dir='ltr'>προγεγονότων</span> <span class='ocrx_word' id='word_1_715' title='bbox 1280 5262 1621 5332; x_wconf 74' lang='grc' dir='ltr'>ἁμαρτημά-</span> 
     </span>
    </p>
   </div>
   <div class='ocr_carea' id='block_1_86' title="bbox 70 5342 1643 5422">
    <p class='ocr_par' dir='ltr' id='par_1_86' title="bbox 70 5342 1643 5422">
     <span class='ocr_line' id='line_1_86' title="bbox 70 5342 1643 5422; baseline 0.006 -25"><span class='ocrx_word' id='word_1_716' title='bbox 70 5358 164 5393; x_wconf 70' lang='grc' dir='ltr'>τιιιν</span> <span class='ocrx_word' id='word_1_717' title='bbox 188 5348 256 5398; x_wconf 81' lang='grc' dir='ltr'>ἐν</span> <span class='ocrx_word' id='word_1_718' title='bbox 281 5346 358 5416; x_wconf 74' lang='grc' dir='ltr'>τῇ</span> <span class='ocrx_word' id='word_1_719' title='bbox 389 5347 589 5417; x_wconf 79' lang='grc' dir='ltr'>ἀνοχῇ</span> <span class='ocrx_word' id='word_1_720' title='bbox 642 5349 748 5403; x_wconf 86' lang='grc' dir='ltr'><strong>τοῦ</strong></span> <span class='ocrx_word' id='word_1_721' title='bbox 800 5348 969 5404; x_wconf 85' lang='grc' dir='ltr'>Θεοῦ.</span> <span class='ocrx_word' id='word_1_722' title='bbox 1006 5350 1354 5422; x_wconf 81' lang='grc' dir='ltr'>Κεκήρυκται</span> <span class='ocrx_word' id='word_1_723' title='bbox 1392 5352 1448 5405; x_wconf 87' lang='grc' dir='ltr'><strong>δὲ</strong></span> <span class='ocrx_word' id='word_1_724' title='bbox 1477 5342 1643 5408; x_wconf 64' lang='grc' dir='ltr'>κατά</span> 
     </span>
    </p>
   </div>
   <div class='ocr_carea' id='block_1_87' title="bbox 1758 3330 3335 3400">
    <p class='ocr_par' dir='ltr' id='par_1_87' title="bbox 1758 3330 3335 3400">
     <span class='ocr_line' id='line_1_87' title="bbox 1758 3330 3335 3400; baseline 0.011 -17"><span class='ocrx_word' id='word_1_725' title='bbox 1758 3330 1883 3393; x_wconf 89' lang='lat' dir='ltr'><strong>bus,</strong></span> <span class='ocrx_word' id='word_1_726' title='bbox 1918 3339 1973 3383; x_wconf 87' lang='lat' dir='ltr'><strong>et</strong></span> <span class='ocrx_word' id='word_1_727' title='bbox 2008 3344 2093 3384; x_wconf 87' lang='lat' dir='ltr'><strong>res</strong></span> <span class='ocrx_word' id='word_1_728' title='bbox 2118 3330 2263 3387; x_wconf 89' lang='lat' dir='ltr'><strong>illius</strong></span> <span class='ocrx_word' id='word_1_729' title='bbox 2290 3332 2461 3388; x_wconf 88' lang='lat' dir='ltr'><strong>variis</strong></span> <span class='ocrx_word' id='word_1_730' title='bbox 2496 3335 2804 3391; x_wconf 89' lang='lat' dir='ltr'><strong>nominibus</strong></span> <span class='ocrx_word' id='word_1_731' title='bbox 2829 3335 3335 3400; x_wconf 68' lang='lat' dir='ltr'><strong>oﬂ&#39;erentibusVel—</strong></span> 
     </span>
    </p>
   </div>
   <div class='ocr_carea' id='block_1_88' title="bbox 1762 3418 3324 3500">
    <p class='ocr_par' dir='ltr' id='par_1_88' title="bbox 1762 3418 3324 3500">
     <span class='ocr_line' id='line_1_88' title="bbox 1762 3418 3324 3500; baseline 0.004 -23"><span class='ocrx_word' id='word_1_732' title='bbox 1762 3419 1840 3477; x_wconf 90' lang='lat' dir='ltr'><strong>uti</strong></span> <span class='ocrx_word' id='word_1_733' title='bbox 1873 3418 2111 3477; x_wconf 83' lang='lat' dir='ltr'><strong>Joannes</strong></span> <span class='ocrx_word' id='word_1_734' title='bbox 2144 3425 2356 3493; x_wconf 80' lang='lat' dir='ltr'><strong>Agnum</strong></span> <span class='ocrx_word' id='word_1_735' title='bbox 2394 3424 2485 3481; x_wconf 89' lang='lat' dir='ltr'><strong>Dei</strong></span> <span class='ocrx_word' id='word_1_736' title='bbox 2530 3429 2702 3498; x_wconf 88' lang='lat' dir='ltr'><strong>ipsum</strong></span> <span class='ocrx_word' id='word_1_737' title='bbox 2744 3429 3035 3500; x_wconf 75' lang='lat' dir='ltr'><strong>prmdicat,</strong></span> <span class='ocrx_word' id='word_1_738' title='bbox 3094 3430 3324 3486; x_wconf 88' lang='lat' dir='ltr'><strong>dicens:</strong></span> 
     </span>
    </p>
   </div>
   <div class='ocr_carea' id='block_1_89' title="bbox 1755 3506 3325 3588">
    <p class='ocr_par' dir='ltr' id='par_1_89' title="bbox 1755 3506 3325 3588">
     <span class='ocr_line' id='line_1_89' title="bbox 1755 3506 3325 3588; baseline 0.01 -26"><span class='ocrx_word' id='word_1_739' title='bbox 1755 3506 1890 3563; x_wconf 85' lang='lat' dir='ltr'><strong>Ecce</strong></span> <span class='ocrx_word' id='word_1_740' title='bbox 1914 3515 2093 3581; x_wconf 77' lang='lat' dir='ltr'><strong>Agnus</strong></span> <span class='ocrx_word' id='word_1_741' title='bbox 2123 3512 2239 3579; x_wconf 90' lang='lat' dir='ltr'><strong>Dei,</strong></span> <span class='ocrx_word' id='word_1_742' title='bbox 2258 3531 2371 3570; x_wconf 88' lang='lat' dir='ltr'><strong>ecce</strong></span> <span class='ocrx_word' id='word_1_743' title='bbox 2392 3519 2480 3586; x_wconf 85' lang='lat' dir='ltr'><strong>qui</strong></span> <span class='ocrx_word' id='word_1_744' title='bbox 2500 3518 2633 3573; x_wconf 88' lang='lat' dir='ltr'><strong>tollit</strong></span> <span class='ocrx_word' id='word_1_745' title='bbox 2660 3531 2929 3588; x_wconf 85' lang='lat' dir='ltr'><strong>peccatum</strong></span> <span class='ocrx_word' id='word_1_746' title='bbox 2946 3522 3127 3575; x_wconf 86' lang='lat' dir='ltr'><strong>mundi</strong></span> <span class='ocrx_word' id='word_1_747' title='bbox 3147 3521 3224 3588; x_wconf 82' lang='grc'><strong>³⁰;</strong></span> <span class='ocrx_word' id='word_1_748' title='bbox 3242 3521 3325 3576; x_wconf 86' lang='lat' dir='ltr'><strong>vi-</strong></span> 
     </span>
    </p>
   </div>
   <div class='ocr_carea' id='block_1_90' title="bbox 1754 3602 3324 3684">
    <p class='ocr_par' dir='ltr' id='par_1_90' title="bbox 1754 3602 3324 3684">
     <span class='ocr_line' id='line_1_90' title="bbox 1754 3602 3324 3684; baseline 0.008 -29"><span class='ocrx_word' id='word_1_749' title='bbox 1754 3616 1875 3655; x_wconf 87' lang='lat' dir='ltr'><strong>rum</strong></span> <span class='ocrx_word' id='word_1_750' title='bbox 1907 3602 2045 3659; x_wconf 75' lang='lat' dir='ltr'><strong>&#39;vero</strong></span> <span class='ocrx_word' id='word_1_751' title='bbox 2097 3604 2181 3659; x_wconf 89' lang='lat' dir='ltr'><strong>his</strong></span> <span class='ocrx_word' id='word_1_752' title='bbox 2222 3621 2341 3676; x_wconf 63' lang='lat' dir='ltr'><strong>quae</strong></span> <span class='ocrx_word' id='word_1_753' title='bbox 2386 3621 2687 3679; x_wconf 87' lang='lat' dir='ltr'><strong>sequuntur</strong></span> <span class='ocrx_word' id='word_1_754' title='bbox 2744 3632 2757 3667; x_wconf 88' lang='lat'><strong>:</strong></span> <span class='ocrx_word' id='word_1_755' title='bbox 2806 3610 2909 3666; x_wconf 80' lang='lat' dir='ltr'><strong>Hic</strong></span> <span class='ocrx_word' id='word_1_756' title='bbox 2961 3623 3063 3678; x_wconf 88' lang='lat' dir='ltr'><strong>est,</strong></span> <span class='ocrx_word' id='word_1_757' title='bbox 3105 3614 3171 3667; x_wconf 89' lang='lat' dir='ltr'><strong>de</strong></span> <span class='ocrx_word' id='word_1_758' title='bbox 3224 3630 3324 3684; x_wconf 81' lang='lat' dir='ltr'><strong>quo</strong></span> 
     </span>
    </p>
   </div>
   <div class='ocr_carea' id='block_1_91' title="bbox 1751 3696 3325 3775">
    <p class='ocr_par' dir='ltr' id='par_1_91' title="bbox 1751 3696 3325 3775">
     <span class='ocr_line' id='line_1_91' title="bbox 1751 3696 3325 3775; baseline 0.006 -26"><span class='ocrx_word' id='word_1_759' title='bbox 1751 3696 1985 3751; x_wconf 88' lang='lat' dir='ltr'><strong>dicebam</strong></span> <span class='ocrx_word' id='word_1_760' title='bbox 2008 3714 2028 3753; x_wconf 92' lang='lat'><strong><em>:</em></strong></span> <span class='ocrx_word' id='word_1_761' title='bbox 2056 3697 2186 3753; x_wconf 84' lang='lat' dir='ltr'><strong>Post</strong></span> <span class='ocrx_word' id='word_1_762' title='bbox 2226 3718 2307 3755; x_wconf 87' lang='lat' dir='ltr'><strong>me</strong></span> <span class='ocrx_word' id='word_1_763' title='bbox 2351 3703 2430 3756; x_wconf 86' lang='lat' dir='ltr'><strong>vir</strong></span> <span class='ocrx_word' id='word_1_764' title='bbox 2460 3705 2593 3757; x_wconf 82' lang='lat' dir='ltr'><strong>venit</strong></span> <span class='ocrx_word' id='word_1_765' title='bbox 2623 3705 2711 3774; x_wconf 82' lang='lat' dir='ltr'><strong>qui</strong></span> <span class='ocrx_word' id='word_1_766' title='bbox 2748 3715 2869 3759; x_wconf 87' lang='lat' dir='ltr'><strong>ante</strong></span> <span class='ocrx_word' id='word_1_767' title='bbox 2900 3723 2980 3761; x_wconf 82' lang='lat' dir='ltr'><strong>me</strong></span> <span class='ocrx_word' id='word_1_768' title='bbox 3007 3707 3180 3775; x_wconf 82' lang='lat' dir='ltr'><strong>factus</strong></span> <span class='ocrx_word' id='word_1_769' title='bbox 3205 3716 3325 3775; x_wconf 85' lang='lat' dir='ltr'><strong>est;</strong></span> 
     </span>
    </p>
   </div>
   <div class='ocr_carea' id='block_1_92' title="bbox 1749 3789 3326 3864">
    <p class='ocr_par' dir='ltr' id='par_1_92' title="bbox 1749 3789 3326 3864">
     <span class='ocr_line' id='line_1_92' title="bbox 1749 3789 3326 3864; baseline 0.009 -24"><span class='ocrx_word' id='word_1_770' title='bbox 1749 3789 1993 3858; x_wconf 88' lang='lat' dir='ltr'><strong>quoniam</strong></span> <span class='ocrx_word' id='word_1_771' title='bbox 2017 3791 2160 3859; x_wconf 85' lang='lat' dir='ltr'><strong>prior</strong></span> <span class='ocrx_word' id='word_1_772' title='bbox 2182 3809 2262 3846; x_wconf 92' lang='lat' dir='ltr'><strong>me</strong></span> <span class='ocrx_word' id='word_1_773' title='bbox 2275 3804 2386 3846; x_wconf 88' lang='lat' dir='ltr'><strong>erat</strong></span> <span class='ocrx_word' id='word_1_774' title='bbox 2405 3804 2484 3847; x_wconf 87' lang='lat' dir='ltr'><strong>:et</strong></span> <span class='ocrx_word' id='word_1_775' title='bbox 2503 3810 2595 3864; x_wconf 85' lang='lat' dir='ltr'><strong>ego</strong></span> <span class='ocrx_word' id='word_1_776' title='bbox 2621 3796 2912 3850; x_wconf 83' lang='lat' dir='ltr'><strong>nesciebam</strong></span> <span class='ocrx_word' id='word_1_777' title='bbox 2937 3813 3055 3851; x_wconf 89' lang='lat' dir='ltr'><strong>eum</strong></span> <span class='ocrx_word' id='word_1_778' title='bbox 3080 3798 3146 3852; x_wconf 82' lang='lat'><strong>&quot;.</strong></span> <span class='ocrx_word' id='word_1_779' title='bbox 3182 3796 3326 3854; x_wconf 86' lang='lat' dir='ltr'><strong>Sane</strong></span> 
     </span>
    </p>
   </div>
   <div class='ocr_carea' id='block_1_93' title="bbox 1748 3878 3327 3957">
    <p class='ocr_par' dir='ltr' id='par_1_93' title="bbox 1748 3878 3327 3957">
     <span class='ocr_line' id='line_1_93' title="bbox 1748 3878 3327 3957; baseline 0.008 -24"><span class='ocrx_word' id='word_1_780' title='bbox 1748 3878 1803 3933; x_wconf 90' lang='lat' dir='ltr'><strong>in</strong></span> <span class='ocrx_word' id='word_1_781' title='bbox 1839 3882 2103 3938; x_wconf 89' lang='lat' dir='ltr'><strong>catholica</strong></span> <span class='ocrx_word' id='word_1_782' title='bbox 2144 3882 2382 3952; x_wconf 89' lang='lat' dir='ltr'><strong>Epistola</strong></span> <span class='ocrx_word' id='word_1_783' title='bbox 2424 3882 2661 3941; x_wconf 84' lang='lat' dir='ltr'><strong>Joannes</strong></span> <span class='ocrx_word' id='word_1_784' title='bbox 2713 3886 2862 3941; x_wconf 91' lang='lat' dir='ltr'><strong>illum</strong></span> <span class='ocrx_word' id='word_1_785' title='bbox 2905 3889 3134 3957; x_wconf 84' lang='lat' dir='ltr'><strong>appellat</strong></span> <span class='ocrx_word' id='word_1_786' title='bbox 3159 3892 3327 3945; x_wconf 84' lang='lat' dir='ltr'><strong>advo-</strong></span> 
     </span>
    </p>
   </div>
   <div class='ocr_carea' id='block_1_94' title="bbox 1748 3974 3325 4052">
    <p class='ocr_par' dir='ltr' id='par_1_94' title="bbox 1748 3974 3325 4052">
     <span class='ocr_line' id='line_1_94' title="bbox 1748 3974 3325 4052; baseline 0.008 -27"><span class='ocrx_word' id='word_1_787' title='bbox 1748 3981 1930 4026; x_wconf 89' lang='lat' dir='ltr'><strong>catum</strong></span> <span class='ocrx_word' id='word_1_788' title='bbox 1952 3974 2256 4029; x_wconf 88' lang='lat' dir='ltr'><strong>animarum</strong></span> <span class='ocrx_word' id='word_1_789' title='bbox 2282 3977 2347 4030; x_wconf 91' lang='lat' dir='ltr'><strong>ad</strong></span> <span class='ocrx_word' id='word_1_790' title='bbox 2372 3975 2612 4042; x_wconf 83' lang='lat' dir='ltr'><strong>Patrem,</strong></span> <span class='ocrx_word' id='word_1_791' title='bbox 2646 3977 2831 4033; x_wconf 86' lang='lat' dir='ltr'><strong>dicens</strong></span> <span class='ocrx_word' id='word_1_792' title='bbox 2857 4000 2871 4035; x_wconf 87' lang='lat'><strong>:</strong></span> <span class='ocrx_word' id='word_1_793' title='bbox 2904 3980 2964 4037; x_wconf 86' lang='lat' dir='ltr'><strong>Si</strong></span> <span class='ocrx_word' id='word_1_794' title='bbox 2998 3984 3119 4051; x_wconf 89' lang='lat' dir='ltr'><strong>quis</strong></span> <span class='ocrx_word' id='word_1_795' title='bbox 3139 3999 3325 4052; x_wconf 88' lang='lat' dir='ltr'><strong>pecca-</strong></span> 
     </span>
    </p>
   </div>
   <div class='ocr_carea' id='block_1_95' title="bbox 1746 4066 3324 4138">
    <p class='ocr_par' dir='ltr' id='par_1_95' title="bbox 1746 4066 3324 4138">
     <span class='ocr_line' id='line_1_95' title="bbox 1746 4066 3324 4138; baseline 0.006 -20"><span class='ocrx_word' id='word_1_796' title='bbox 1746 4066 1892 4128; x_wconf 84' lang='lat' dir='ltr'><strong>verit,</strong></span> <span class='ocrx_word' id='word_1_797' title='bbox 1925 4067 2233 4121; x_wconf 86' lang='lat' dir='ltr'><strong>advocatum</strong></span> <span class='ocrx_word' id='word_1_798' title='bbox 2264 4071 2404 4138; x_wconf 89' lang='lat' dir='ltr'><strong>apud</strong></span> <span class='ocrx_word' id='word_1_799' title='bbox 2432 4069 2645 4126; x_wconf 88' lang='lat' dir='ltr'><strong>Patrem</strong></span> <span class='ocrx_word' id='word_1_800' title='bbox 2675 4074 2925 4129; x_wconf 82' lang='lat' dir='ltr'><strong>habemus</strong></span> <span class='ocrx_word' id='word_1_801' title='bbox 2958 4074 3139 4129; x_wconf 84' lang='lat' dir='ltr'><strong>Jesum</strong></span> <span class='ocrx_word' id='word_1_802' title='bbox 3170 4074 3324 4129; x_wconf 86' lang='lat' dir='ltr'><strong>Chri-</strong></span> 
     </span>
    </p>
   </div>
   <div class='ocr_carea' id='block_1_96' title="bbox 1743 4156 3323 4237">
    <p class='ocr_par' dir='ltr' id='par_1_96' title="bbox 1743 4156 3323 4237">
     <span class='ocr_line' id='line_1_96' title="bbox 1743 4156 3323 4237; baseline 0.011 -30"><span class='ocrx_word' id='word_1_803' title='bbox 1743 4164 1881 4209; x_wconf 89' lang='lat' dir='ltr'><strong>stum</strong></span> <span class='ocrx_word' id='word_1_804' title='bbox 1902 4156 2111 4227; x_wconf 86' lang='lat' dir='ltr'><strong>justum</strong></span> <span class='ocrx_word' id='word_1_805' title='bbox 2134 4160 2199 4213; x_wconf 78' lang='grc'><strong>³⁸.</strong></span> <span class='ocrx_word' id='word_1_806' title='bbox 2231 4160 2520 4233; x_wconf 75' lang='lat' dir='ltr'><strong>Subiungit</strong></span> <span class='ocrx_word' id='word_1_807' title='bbox 2542 4166 2707 4220; x_wconf 89' lang='lat' dir='ltr'><strong>etiam</strong></span> <span class='ocrx_word' id='word_1_808' title='bbox 2739 4170 2881 4237; x_wconf 90' lang='lat' dir='ltr'><strong>quod</strong></span> <span class='ocrx_word' id='word_1_809' title='bbox 2906 4168 2975 4223; x_wconf 86' lang='lat' dir='ltr'><strong>sit</strong></span> <span class='ocrx_word' id='word_1_810' title='bbox 3003 4169 3323 4223; x_wconf 85' lang='lat' dir='ltr'><strong>reconcilia-</strong></span> 
     </span>
    </p>
   </div>
   <div class='ocr_carea' id='block_1_97' title="bbox 1744 4245 3318 4329">
    <p class='ocr_par' dir='ltr' id='par_1_97' title="bbox 1744 4245 3318 4329">
     <span class='ocr_line' id='line_1_97' title="bbox 1744 4245 3318 4329; baseline 0.008 -28"><span class='ocrx_word' id='word_1_811' title='bbox 1744 4245 1818 4301; x_wconf 90' lang='lat' dir='ltr'><strong>tio</strong></span> <span class='ocrx_word' id='word_1_812' title='bbox 1869 4264 1964 4317; x_wconf 89' lang='lat' dir='ltr'><strong>pro</strong></span> <span class='ocrx_word' id='word_1_813' title='bbox 2012 4254 2247 4319; x_wconf 87' lang='lat' dir='ltr'><strong>peccatis</strong></span> <span class='ocrx_word' id='word_1_814' title='bbox 2294 4257 2536 4323; x_wconf 80' lang='lat' dir='ltr'><strong>nostris;</strong></span> <span class='ocrx_word' id='word_1_815' title='bbox 2591 4258 2657 4312; x_wconf 90' lang='lat' dir='ltr'><strong>ad</strong></span> <span class='ocrx_word' id='word_1_816' title='bbox 2703 4259 2859 4329; x_wconf 90' lang='lat' dir='ltr'><strong>cujus</strong></span> <span class='ocrx_word' id='word_1_817' title='bbox 2907 4260 3318 4314; x_wconf 88' lang='lat' dir='ltr'><strong>similitudinem</strong></span> 
     </span>
    </p>
   </div>
   <div class='ocr_carea' id='block_1_98' title="bbox 1740 4335 3316 4419">
    <p class='ocr_par' dir='ltr' id='par_1_98' title="bbox 1740 4335 3316 4419">
     <span class='ocr_line' id='line_1_98' title="bbox 1740 4335 3316 4419; baseline 0.009 -28"><span class='ocrx_word' id='word_1_818' title='bbox 1740 4335 1940 4394; x_wconf 86' lang='lat' dir='ltr'><strong>Paulus</strong></span> <span class='ocrx_word' id='word_1_819' title='bbox 1972 4342 2205 4411; x_wconf 85' lang='lat' dir='ltr'><strong>appellat</strong></span> <span class='ocrx_word' id='word_1_820' title='bbox 2235 4360 2357 4399; x_wconf 91' lang='lat' dir='ltr'><strong>eum</strong></span> <span class='ocrx_word' id='word_1_821' title='bbox 2396 4350 2883 4419; x_wconf 88' lang='lat' dir='ltr'><strong>reconciliatorem,</strong></span> <span class='ocrx_word' id='word_1_822' title='bbox 2903 4352 3087 4407; x_wconf 76' lang='lat' dir='ltr'><strong>dicens</strong></span> <span class='ocrx_word' id='word_1_823' title='bbox 3112 4370 3124 4405; x_wconf 92' lang='lat'><strong>:</strong></span> <span class='ocrx_word' id='word_1_824' title='bbox 3151 4350 3316 4417; x_wconf 84' lang='lat' dir='ltr'><strong>Quem</strong></span> 
     </span>
    </p>
   </div>
   <div class='ocr_carea' id='block_1_99' title="bbox 1738 4433 3316 4513">
    <p class='ocr_par' dir='ltr' id='par_1_99' title="bbox 1738 4433 3316 4513">
     <span class='ocr_line' id='line_1_99' title="bbox 1738 4433 3316 4513; baseline 0.011 -32"><span class='ocrx_word' id='word_1_825' title='bbox 1738 4434 2008 4498; x_wconf 86' lang='lat' dir='ltr'><strong>proposuit</strong></span> <span class='ocrx_word' id='word_1_826' title='bbox 2037 4433 2176 4489; x_wconf 90' lang='lat' dir='ltr'><strong>Deus</strong></span> <span class='ocrx_word' id='word_1_827' title='bbox 2213 4438 2660 4495; x_wconf 85' lang='lat' dir='ltr'><strong>reconciliatorem</strong></span> <span class='ocrx_word' id='word_1_828' title='bbox 2690 4459 2783 4510; x_wconf 91' lang='lat' dir='ltr'><strong>per</strong></span> <span class='ocrx_word' id='word_1_829' title='bbox 2801 4444 2958 4512; x_wconf 77' lang='lat' dir='ltr'><strong>ﬁdem</strong></span> <span class='ocrx_word' id='word_1_830' title='bbox 2980 4445 3035 4497; x_wconf 88' lang='lat' dir='ltr'><strong>in</strong></span> <span class='ocrx_word' id='word_1_831' title='bbox 3061 4444 3316 4513; x_wconf 87' lang='lat' dir='ltr'><strong>sanguine</strong></span> 
     </span>
    </p>
   </div>
   <div class='ocr_carea' id='block_1_100' title="bbox 1739 4519 3312 4604">
    <p class='ocr_par' dir='ltr' id='par_1_100' title="bbox 1739 4519 3312 4604">
     <span class='ocr_line' id='line_1_100' title="bbox 1739 4519 3312 4604; baseline 0.009 -33"><span class='ocrx_word' id='word_1_832' title='bbox 1739 4519 1927 4588; x_wconf 86' lang='lat' dir='ltr'><strong>ipsius,</strong></span> <span class='ocrx_word' id='word_1_833' title='bbox 1945 4536 2154 4593; x_wconf 84' lang='lat' dir='ltr'><strong>propter</strong></span> <span class='ocrx_word' id='word_1_834' title='bbox 2173 4529 2523 4584; x_wconf 81' lang='lat' dir='ltr'><strong>remissionem</strong></span> <span class='ocrx_word' id='word_1_835' title='bbox 2550 4534 2933 4600; x_wconf 66' lang='lat' dir='ltr'><strong>prateritorum</strong></span> <span class='ocrx_word' id='word_1_836' title='bbox 2957 4545 3312 4604; x_wconf 86' lang='lat' dir='ltr'><strong>peccatorum,</strong></span> 
     </span>
    </p>
   </div>
   <div class='ocr_carea' id='block_1_101' title="bbox 1738 4614 3311 4693">
    <p class='ocr_par' dir='ltr' id='par_1_101' title="bbox 1738 4614 3311 4693">
     <span class='ocr_line' id='line_1_101' title="bbox 1738 4614 3311 4693; baseline 0.009 -28"><span class='ocrx_word' id='word_1_837' title='bbox 1738 4628 1854 4679; x_wconf 75' lang='lat' dir='ltr'><strong>qute</strong></span> <span class='ocrx_word' id='word_1_838' title='bbox 1879 4614 2017 4669; x_wconf 88' lang='lat' dir='ltr'><strong>Deus</strong></span> <span class='ocrx_word' id='word_1_839' title='bbox 2040 4616 2278 4672; x_wconf 81' lang='lat' dir='ltr'><strong>toleravit</strong></span> <span class='ocrx_word' id='word_1_840' title='bbox 2295 4619 2359 4674; x_wconf 83' lang='grc'><strong>³³.</strong></span> <span class='ocrx_word' id='word_1_841' title='bbox 2382 4623 2461 4677; x_wconf 85' lang='lat' dir='ltr'><strong>Ad</strong></span> <span class='ocrx_word' id='word_1_842' title='bbox 2492 4624 2602 4678; x_wconf 72' lang='lat' dir='ltr'><strong>haec</strong></span> <span class='ocrx_word' id='word_1_843' title='bbox 2622 4625 2945 4693; x_wconf 64' lang='lat' dir='ltr'><strong>praedicatus</strong></span> <span class='ocrx_word' id='word_1_844' title='bbox 2971 4637 3056 4680; x_wconf 90' lang='lat' dir='ltr'><strong>est</strong></span> <span class='ocrx_word' id='word_1_845' title='bbox 3086 4626 3249 4680; x_wconf 84' lang='lat' dir='ltr'><strong>etiam</strong></span> <span class='ocrx_word' id='word_1_846' title='bbox 3278 4641 3311 4679; x_wconf 88' lang='lat' dir='ltr'><strong>a</strong></span> 
     </span>
    </p>
   </div>
   <div class='ocr_carea' id='block_1_102' title="bbox 1738 4706 3311 4783">
    <p class='ocr_par' dir='ltr' id='par_1_102' title="bbox 1738 4706 3311 4783">
     <span class='ocr_line' id='line_1_102' title="bbox 1738 4706 3311 4783; baseline 0.008 -22"><span class='ocrx_word' id='word_1_847' title='bbox 1738 4706 1925 4771; x_wconf 82' lang='lat' dir='ltr'><strong>Paulo,</strong></span> <span class='ocrx_word' id='word_1_848' title='bbox 1963 4710 2228 4778; x_wconf 87' lang='lat' dir='ltr'><strong>sapientia</strong></span> <span class='ocrx_word' id='word_1_849' title='bbox 2262 4721 2317 4765; x_wconf 86' lang='lat' dir='ltr'><strong>et</strong></span> <span class='ocrx_word' id='word_1_850' title='bbox 2353 4716 2588 4783; x_wconf 90' lang='lat' dir='ltr'><strong>potentia</strong></span> <span class='ocrx_word' id='word_1_851' title='bbox 2624 4717 2714 4771; x_wconf 91' lang='lat' dir='ltr'><strong>Dei</strong></span> <span class='ocrx_word' id='word_1_852' title='bbox 2748 4733 2897 4781; x_wconf 88' lang='lat' dir='ltr'><strong>esse,</strong></span> <span class='ocrx_word' id='word_1_853' title='bbox 2938 4728 2996 4774; x_wconf 94' lang='lat' dir='ltr'><strong>ut</strong></span> <span class='ocrx_word' id='word_1_854' title='bbox 3038 4723 3090 4773; x_wconf 90' lang='lat' dir='ltr'><strong>in</strong></span> <span class='ocrx_word' id='word_1_855' title='bbox 3123 4719 3311 4774; x_wconf 86' lang='lat' dir='ltr'><strong>Corin-</strong></span> 
     </span>
    </p>
   </div>
   <div class='ocr_carea' id='block_1_103' title="bbox 1739 4799 3307 4875">
    <p class='ocr_par' dir='ltr' id='par_1_103' title="bbox 1739 4799 3307 4875">
     <span class='ocr_line' id='line_1_103' title="bbox 1739 4799 3307 4875; baseline 0.007 -22"><span class='ocrx_word' id='word_1_856' title='bbox 1739 4799 1975 4853; x_wconf 78' lang='lat' dir='ltr'><strong>tliiorum</strong></span> <span class='ocrx_word' id='word_1_857' title='bbox 2016 4800 2292 4871; x_wconf 82' lang='lat' dir='ltr'><strong>Epistola,</strong></span> <span class='ocrx_word' id='word_1_858' title='bbox 2337 4809 2555 4875; x_wconf 90' lang='lat' dir='ltr'><strong>quando</strong></span> <span class='ocrx_word' id='word_1_859' title='bbox 2588 4807 2765 4864; x_wconf 90' lang='lat' dir='ltr'><strong>dicit:</strong></span> <span class='ocrx_word' id='word_1_860' title='bbox 2802 4809 3041 4864; x_wconf 82' lang='lat' dir='ltr'><strong>Christus</strong></span> <span class='ocrx_word' id='word_1_861' title='bbox 3082 4821 3155 4864; x_wconf 85' lang='lat' dir='ltr'><strong>est</strong></span> <span class='ocrx_word' id='word_1_862' title='bbox 3214 4811 3307 4865; x_wconf 88' lang='lat' dir='ltr'><strong>Dei</strong></span> 
     </span>
    </p>
   </div>
   <div class='ocr_carea' id='block_1_104' title="bbox 1734 4895 3308 4965">
    <p class='ocr_par' dir='ltr' id='par_1_104' title="bbox 1734 4895 3308 4965">
     <span class='ocr_line' id='line_1_104' title="bbox 1734 4895 3308 4965; baseline 0.007 -21"><span class='ocrx_word' id='word_1_863' title='bbox 1734 4896 1963 4962; x_wconf 81' lang='lat' dir='ltr'><strong>potentia</strong></span> <span class='ocrx_word' id='word_1_864' title='bbox 1993 4904 2040 4947; x_wconf 89' lang='lat' dir='ltr'><strong>et</strong></span> <span class='ocrx_word' id='word_1_865' title='bbox 2071 4895 2331 4963; x_wconf 87' lang='lat' dir='ltr'><strong>sapientia</strong></span> <span class='ocrx_word' id='word_1_866' title='bbox 2357 4897 2423 4954; x_wconf 77' lang='lat'><strong>“.</strong></span> <span class='ocrx_word' id='word_1_867' title='bbox 2455 4899 2606 4965; x_wconf 81' lang='lat' dir='ltr'><strong>Quod</strong></span> <span class='ocrx_word' id='word_1_868' title='bbox 2651 4901 2812 4955; x_wconf 89' lang='lat' dir='ltr'><strong>etiam</strong></span> <span class='ocrx_word' id='word_1_869' title='bbox 2847 4901 3208 4955; x_wconf 83' lang='lat' dir='ltr'><strong>sanctiﬁcatio</strong></span> <span class='ocrx_word' id='word_1_870' title='bbox 3239 4900 3308 4955; x_wconf 90' lang='lat' dir='ltr'><strong>sit</strong></span> 
     </span>
    </p>
   </div>
   <div class='ocr_carea' id='block_1_105' title="bbox 1732 4985 3307 5061">
    <p class='ocr_par' dir='ltr' id='par_1_105' title="bbox 1732 4985 3307 5061">
     <span class='ocr_line' id='line_1_105' title="bbox 1732 4985 3307 5061; baseline 0.005 -23"><span class='ocrx_word' id='word_1_871' title='bbox 1732 4991 1785 5038; x_wconf 89' lang='lat' dir='ltr'><strong>et</strong></span> <span class='ocrx_word' id='word_1_872' title='bbox 1806 4987 2141 5055; x_wconf 89' lang='lat' dir='ltr'><strong>redemptio:</strong></span> <span class='ocrx_word' id='word_1_873' title='bbox 2174 4985 2376 5044; x_wconf 85' lang='lat' dir='ltr'><strong>Factus</strong></span> <span class='ocrx_word' id='word_1_874' title='bbox 2408 5002 2504 5056; x_wconf 87' lang='lat' dir='ltr'><strong>est,</strong></span> <span class='ocrx_word' id='word_1_875' title='bbox 2551 4993 2744 5061; x_wconf 88' lang='lat' dir='ltr'><strong>inquit,</strong></span> <span class='ocrx_word' id='word_1_876' title='bbox 2792 4993 3049 5060; x_wconf 86' lang='lat' dir='ltr'><strong>sapientia</strong></span> <span class='ocrx_word' id='word_1_877' title='bbox 3087 4992 3233 5045; x_wconf 90' lang='lat' dir='ltr'><strong>nobis</strong></span> <span class='ocrx_word' id='word_1_878' title='bbox 3272 5009 3307 5046; x_wconf 88' lang='lat' dir='ltr'><strong>a</strong></span> 
     </span>
    </p>
   </div>
   <div class='ocr_carea' id='block_1_106' title="bbox 1731 5074 3304 5153">
    <p class='ocr_par' dir='ltr' id='par_1_106' title="bbox 1731 5074 3304 5153">
     <span class='ocr_line' id='line_1_106' title="bbox 1731 5074 3304 5153; baseline 0.008 -25"><span class='ocrx_word' id='word_1_879' title='bbox 1731 5074 1863 5141; x_wconf 89' lang='lat' dir='ltr'><strong>Deo,</strong></span> <span class='ocrx_word' id='word_1_880' title='bbox 1891 5088 1937 5130; x_wconf 89' lang='lat' dir='ltr'><strong>et</strong></span> <span class='ocrx_word' id='word_1_881' title='bbox 1953 5077 2189 5146; x_wconf 87' lang='lat' dir='ltr'><strong>justitia,</strong></span> <span class='ocrx_word' id='word_1_882' title='bbox 2217 5090 2266 5135; x_wconf 89' lang='lat' dir='ltr'><strong>et</strong></span> <span class='ocrx_word' id='word_1_883' title='bbox 2288 5083 2660 5153; x_wconf 75' lang='lat' dir='ltr'><strong>sanctiﬁcatio,</strong></span> <span class='ocrx_word' id='word_1_884' title='bbox 2684 5094 2731 5136; x_wconf 89' lang='lat' dir='ltr'><strong>et</strong></span> <span class='ocrx_word' id='word_1_885' title='bbox 2761 5084 3042 5153; x_wconf 88' lang='lat' dir='ltr'><strong>redemptio</strong></span> <span class='ocrx_word' id='word_1_886' title='bbox 3065 5085 3131 5139; x_wconf 87' lang='grc'><strong>³⁸.</strong></span> <span class='ocrx_word' id='word_1_887' title='bbox 3161 5083 3304 5151; x_wconf 76' lang='lat' dir='ltr'><strong>Quin</strong></span> 
     </span>
    </p>
   </div>
   <div class='ocr_carea' id='block_1_107' title="bbox 1727 5170 3305 5248">
    <p class='ocr_par' dir='ltr' id='par_1_107' title="bbox 1727 5170 3305 5248">
     <span class='ocr_line' id='line_1_107' title="bbox 1727 5170 3305 5248; baseline 0.008 -25"><span class='ocrx_word' id='word_1_888' title='bbox 1727 5170 1889 5224; x_wconf 88' lang='lat' dir='ltr'><strong>etiam</strong></span> <span class='ocrx_word' id='word_1_889' title='bbox 1913 5174 2255 5229; x_wconf 90' lang='lat' dir='ltr'><strong>sacerdotem</strong></span> <span class='ocrx_word' id='word_1_890' title='bbox 2292 5192 2545 5248; x_wconf 86' lang='lat' dir='ltr'><strong>magnum</strong></span> <span class='ocrx_word' id='word_1_891' title='bbox 2577 5178 2825 5232; x_wconf 88' lang='lat' dir='ltr'><strong>eumdem</strong></span> <span class='ocrx_word' id='word_1_892' title='bbox 2863 5193 2984 5234; x_wconf 90' lang='lat' dir='ltr'><strong>esse</strong></span> <span class='ocrx_word' id='word_1_893' title='bbox 3019 5180 3174 5235; x_wconf 87' lang='lat' dir='ltr'><strong>docet</strong></span> <span class='ocrx_word' id='word_1_894' title='bbox 3206 5195 3305 5235; x_wconf 90' lang='lat' dir='ltr'><strong>nos</strong></span> 
     </span>
    </p>
   </div>
   <div class='ocr_carea' id='block_1_108' title="bbox 1729 5264 3301 5342">
    <p class='ocr_par' dir='ltr' id='par_1_108' title="bbox 1729 5264 3301 5342">
     <span class='ocr_line' id='line_1_108' title="bbox 1729 5264 3301 5342; baseline 0.005 -24"><span class='ocrx_word' id='word_1_895' title='bbox 1729 5264 1797 5318; x_wconf 86' lang='lat' dir='ltr'><strong>ad</strong></span> <span class='ocrx_word' id='word_1_896' title='bbox 1863 5264 2118 5321; x_wconf 72' lang='lat' dir='ltr'><strong>Hebraeos</strong></span> <span class='ocrx_word' id='word_1_897' title='bbox 2171 5267 2460 5323; x_wconf 85' lang='lat' dir='ltr'><strong>scribens:</strong></span> <span class='ocrx_word' id='word_1_898' title='bbox 2493 5267 2757 5323; x_wconf 83' lang='lat' dir='ltr'><strong>Habentes</strong></span> <span class='ocrx_word' id='word_1_899' title='bbox 2801 5288 2921 5342; x_wconf 85' lang='lat' dir='ltr'><strong>ergo</strong></span> <span class='ocrx_word' id='word_1_900' title='bbox 2977 5272 3301 5326; x_wconf 87' lang='lat' dir='ltr'><strong>sacerdotem</strong></span> 
     </span>
    </p>
   </div>
   <div class='ocr_carea' id='block_1_109' title="bbox 1726 5361 3298 5431">
    <p class='ocr_par' dir='ltr' id='par_1_109' title="bbox 1726 5361 3298 5431">
     <span class='ocr_line' id='line_1_109' title="bbox 1726 5361 3298 5431; baseline 0.004 -22"><span class='ocrx_word' id='word_1_901' title='bbox 1726 5374 1993 5428; x_wconf 81' lang='lat' dir='ltr'><strong>maguum,</strong></span> <span class='ocrx_word' id='word_1_902' title='bbox 2027 5361 2117 5431; x_wconf 82' lang='lat' dir='ltr'><strong>qui</strong></span> <span class='ocrx_word' id='word_1_903' title='bbox 2143 5363 2473 5430; x_wconf 87' lang='lat' dir='ltr'><strong>pertransivit</strong></span> <span class='ocrx_word' id='word_1_904' title='bbox 2502 5363 2676 5428; x_wconf 73' lang='lat' dir='ltr'><strong>ctelos,</strong></span> <span class='ocrx_word' id='word_1_905' title='bbox 2714 5361 2897 5418; x_wconf 73' lang='lat' dir='ltr'><strong>Iesum</strong></span> <span class='ocrx_word' id='word_1_906' title='bbox 2939 5362 2987 5417; x_wconf 63' lang='grc' dir='ltr'>θ’</span> <span class='ocrx_word' id='word_1_907' title='bbox 2990 5364 3138 5418; x_wconf 87' lang='lat' dir='ltr'><strong>ilium</strong></span> <span class='ocrx_word' id='word_1_908' title='bbox 3179 5363 3298 5430; x_wconf 88' lang='lat' dir='ltr'><strong>Dei,</strong></span> 
     </span>
    </p>
   </div>
   <div class='ocr_carea' id='block_1_110' title="bbox 69 5430 1653 5528">
    <p class='ocr_par' dir='ltr' id='par_1_110' title="bbox 69 5430 1612 5518">
     <span class='ocr_line' id='line_1_110' title="bbox 69 5430 1612 5518; baseline 0.011 -36"><span class='ocrx_word' id='word_1_909' title='bbox 69 5430 142 5480; x_wconf 60' lang='grc' dir='ltr'>τὸν</span> <span class='ocrx_word' id='word_1_910' title='bbox 165 5433 364 5487; x_wconf 74' lang='grc' dir='ltr'>Παῦλον</span> <span class='ocrx_word' id='word_1_911' title='bbox 395 5438 560 5505; x_wconf 80' lang='grc' dir='ltr'>σοφία</span> <span class='ocrx_word' id='word_1_912' title='bbox 592 5433 735 5491; x_wconf 70' lang='grc' dir='ltr'>εἶναι</span> <span class='ocrx_word' id='word_1_913' title='bbox 768 5440 862 5493; x_wconf 81' lang='grc' dir='ltr'>καὶ</span> <span class='ocrx_word' id='word_1_914' title='bbox 903 5439 1132 5509; x_wconf 81' lang='grc' dir='ltr'>δύναμις</span> <span class='ocrx_word' id='word_1_915' title='bbox 1164 5439 1324 5507; x_wconf 84' lang='grc' dir='ltr'>Θεοῦ,</span> <span class='ocrx_word' id='word_1_916' title='bbox 1351 5442 1425 5506; x_wconf 82' lang='grc' dir='ltr'>ὡς</span> <span class='ocrx_word' id='word_1_917' title='bbox 1459 5445 1517 5497; x_wconf 81' lang='grc' dir='ltr'>ἐν</span> <span class='ocrx_word' id='word_1_918' title='bbox 1544 5448 1612 5518; x_wconf 77' lang='grc' dir='ltr'>τῇ</span> 
     </span>
    </p>
   </div>
   <div class='ocr_carea' id='block_1_111' title="bbox 1759 5430 3299 5528">
    <p class='ocr_par' dir='ltr' id='par_1_111' title="bbox 1759 5456 3299 5528">
     <span class='ocr_line' id='line_1_111' title="bbox 1759 5456 3299 5528; baseline 0.006 -25"><span class='ocrx_word' id='word_1_919' title='bbox 1759 5465 1989 5508; x_wconf 70' lang='lat' dir='ltr'><strong>ineamus</strong></span> <span class='ocrx_word' id='word_1_920' title='bbox 2042 5456 2423 5526; x_wconf 78' lang='lat' dir='ltr'><strong>confessionem</strong></span> <span class='ocrx_word' id='word_1_921' title='bbox 2448 5457 2514 5511; x_wconf 83' lang='grc'><strong>³⁸.</strong></span> <span class='ocrx_word' id='word_1_922' title='bbox 2540 5457 2826 5527; x_wconf 63' lang='lat' dir='ltr'><strong>Prophetas</strong></span> <span class='ocrx_word' id='word_1_923' title='bbox 2879 5463 3041 5514; x_wconf 81' lang='lat' dir='ltr'><strong>etiam</strong></span> <span class='ocrx_word' id='word_1_924' title='bbox 3096 5468 3299 5528; x_wconf 69' lang='lat' dir='ltr'><strong>praeter</strong></span> 
     </span>
    </p>
   </div>
   <div class='ocr_carea' id='block_1_112' title="bbox 73 5586 1653 5684">
    <p class='ocr_par' dir='ltr' id='par_1_112' title="bbox 73 5586 1653 5684">
     <span class='ocr_line' id='line_1_112' title="bbox 73 5586 1653 5684; baseline -0.004 1"><span class='ocrx_word' id='word_1_925' title='bbox 73 5648 109 5677; x_wconf 81' lang='grc' dir='ltr'><strong>ιι</strong></span> <span class='ocrx_word' id='word_1_926' title='bbox 147 5586 375 5684; x_wconf 54' lang='grc' dir='ltr'><strong>ἐξέθνζῖ</strong></span> <span class='ocrx_word' id='word_1_927' title='bbox 408 5606 450 5655; x_wconf 82' lang='grc'><strong>¹’</strong></span> <span class='ocrx_word' id='word_1_928' title='bbox 473 5591 574 5684; x_wconf 82' lang='grc'>.¹.⁷;</span> <span class='ocrx_word' id='word_1_929' title='bbox 622 5595 707 5684; x_wconf 65' lang='grc' dir='ltr'>.ἶῖ</span> <span class='ocrx_word' id='word_1_930' title='bbox 726 5596 900 5684; x_wconf 43' lang='lat'><strong>59‘?“-</strong></span> <span class='ocrx_word' id='word_1_931' title='bbox 923 5614 1091 5684; x_wconf 69' lang='lat'><strong>.“&quot;:.</strong></span> <span class='ocrx_word' id='word_1_932' title='bbox 1108 5603 1193 5684; x_wconf 61' lang='grc' dir='ltr'><strong>Ἐβ-</strong></span> <span class='ocrx_word' id='word_1_933' title='bbox 1273 5606 1319 5637; x_wconf 86' lang='grc'><strong>¹⁸</strong></span> <span class='ocrx_word' id='word_1_934' title='bbox 1344 5606 1653 5684; x_wconf 48' lang='lat' dir='ltr'><strong>Caesus.</strong></span> 
     </span>
    </p>
   </div>
   <div class='ocr_carea' id='block_1_113' title="bbox 1759 5586 2213 5684">
    <p class='ocr_par' dir='ltr' id='par_1_113' title="bbox 1759 5612 2213 5684">
     <span class='ocr_line' id='line_1_113' title="bbox 1759 5612 2213 5684; baseline 0.009 -20"><span class='ocrx_word' id='word_1_935' title='bbox 1759 5627 1828 5666; x_wconf 90' lang='lat' dir='ltr'><strong>rs.</strong></span> <span class='ocrx_word' id='word_1_936' title='bbox 1865 5612 1973 5679; x_wconf 73' lang='lat'><strong>1,2</strong></span> <span class='ocrx_word' id='word_1_937' title='bbox 2007 5622 2061 5667; x_wconf 89' lang='lat' dir='ltr'><strong>et</strong></span> <span class='ocrx_word' id='word_1_938' title='bbox 2098 5628 2213 5684; x_wconf 88' lang='lat' dir='ltr'><strong>seq.</strong></span> 
     </span>
    </p>
   </div>
   <div class='ocr_carea' id='block_1_114' title="bbox 2319 5616 3289 5693">
    <p class='ocr_par' dir='ltr' id='par_1_114' title="bbox 2319 5616 3289 5693">
     <span class='ocr_line' id='line_1_114' title="bbox 2319 5616 3289 5693; baseline 0.012 -22"><span class='ocrx_word' id='word_1_939' title='bbox 2319 5616 2618 5693; x_wconf 60' lang='lat' dir='ltr'><strong>’f_.ler._xr,</strong></span> <span class='ocrx_word' id='word_1_940' title='bbox 2652 5621 2741 5693; x_wconf 76' lang='lat' dir='ltr'><strong>l9.</strong></span> <span class='ocrx_word' id='word_1_941' title='bbox 2847 5625 2892 5656; x_wconf 85' lang='grc'>³⁰</span> <span class='ocrx_word' id='word_1_942' title='bbox 2917 5624 3078 5679; x_wconf 86' lang='lat' dir='ltr'><strong>Joan.</strong></span> <span class='ocrx_word' id='word_1_943' title='bbox 3112 5642 3153 5693; x_wconf 82' lang='grc' dir='ltr'><strong>ι,</strong></span> <span class='ocrx_word' id='word_1_944' title='bbox 3200 5626 3289 5684; x_wconf 69' lang='lat'><strong>29.</strong></span> 
     </span>
    </p>
   </div>
   <div class='ocr_carea' id='block_1_115' title="bbox 147 5656 1653 5760">
    <p class='ocr_par' dir='ltr' id='par_1_115' title="bbox 147 5656 1653 5746">
     <span class='ocr_line' id='line_1_115' title="bbox 147 5656 1653 5746; baseline 0.023 -41"><span class='ocrx_word' id='word_1_945' title='bbox 147 5656 255 5711; x_wconf 70' lang='lat' dir='ltr'><strong>ibid.</strong></span> <span class='ocrx_word' id='word_1_946' title='bbox 303 5660 392 5715; x_wconf 75' lang='lat'><strong>50.</strong></span> <span class='ocrx_word' id='word_1_947' title='bbox 472 5662 518 5694; x_wconf 79' lang='grc'>³³</span> <span class='ocrx_word' id='word_1_948' title='bbox 557 5663 574 5716; x_wconf 97' lang='grc'><strong>1</strong></span> <span class='ocrx_word' id='word_1_949' title='bbox 616 5656 793 5723; x_wconf 55' lang='grc' dir='ltr'>Ιοοηξ</span> <span class='ocrx_word' id='word_1_950' title='bbox 821 5683 881 5733; x_wconf 83' lang='grc' dir='ltr'><strong>ιι,</strong></span> <span class='ocrx_word' id='word_1_951' title='bbox 920 5671 968 5722; x_wconf 87' lang='lat' dir='ltr'><strong>l.</strong></span> <span class='ocrx_word' id='word_1_952' title='bbox 1047 5656 1092 5704; x_wconf 66' lang='grc' dir='ltr'><strong>ί³</strong></span> <span class='ocrx_word' id='word_1_953' title='bbox 1118 5656 1275 5730; x_wconf 75' lang='lat' dir='ltr'><strong>Rom.</strong></span> 
     </span>
    </p>
   </div>
   <div class='ocr_carea' id='block_1_116' title="bbox 1759 5656 3097 5760">
    <p class='ocr_par' dir='ltr' id='par_1_116' title="bbox 1759 5656 3097 5760">
     <span class='ocr_line' id='line_1_116' title="bbox 1759 5656 3097 5760; baseline 0.01 -23"><span class='ocrx_word' id='word_1_954' title='bbox 1759 5656 1828 5737; x_wconf 69' lang='grc' dir='ltr'>ἱῖ</span> <span class='ocrx_word' id='word_1_955' title='bbox 1869 5656 2078 5747; x_wconf 54' lang='lat'><strong>&quot;($017,</strong></span> <span class='ocrx_word' id='word_1_956' title='bbox 2098 5656 2213 5739; x_wconf 56' lang='lat'><strong>31&#39;</strong></span> <span class='ocrx_word' id='word_1_957' title='bbox 2275 5685 2319 5718; x_wconf 71' lang='grc'><em>³³</em></span> <span class='ocrx_word' id='word_1_958' title='bbox 2345 5656 2854 5749; x_wconf 58' lang='grc' dir='ltr'><strong>ίυῖἇῖὲῦ”ιόἷίειπ.</strong></span> <span class='ocrx_word' id='word_1_959' title='bbox 2894 5656 3097 5760; x_wconf 64' lang='grc' dir='ltr'><strong>ιῖΪἺῖ.</strong></span> 
     </span>
    </p>
   </div>
   <div class='ocr_carea' id='block_1_117' title="bbox 108 5748 1605 5834">
    <p class='ocr_par' dir='ltr' id='par_1_117' title="bbox 108 5748 1605 5834">
     <span class='ocr_line' id='line_1_117' title="bbox 108 5748 1605 5834; baseline 0.025 -36"><span class='ocrx_word' id='word_1_960' title='bbox 108 5748 218 5834; x_wconf 59' lang='grc' dir='ltr'><strong>Ῐίθὸ)</strong></span> <span class='ocrx_word' id='word_1_961' title='bbox 245 5752 412 5808; x_wconf 84' lang='lat' dir='ltr'><strong>Codd.</strong></span> <span class='ocrx_word' id='word_1_962' title='bbox 442 5756 849 5834; x_wconf 82' lang='lat' dir='ltr'><strong>Bodleianus__et</strong></span> <span class='ocrx_word' id='word_1_963' title='bbox 877 5763 1225 5834; x_wconf 79' lang='lat' dir='ltr'><strong>Barbarinus,</strong></span> <span class='ocrx_word' id='word_1_964' title='bbox 1255 5770 1460 5829; x_wconf 74' lang='grc' dir='ltr'>λαϐεῖν.</span> <span class='ocrx_word' id='word_1_965' title='bbox 1504 5777 1605 5834; x_wconf 81' lang='lat' dir='ltr'><strong>Re-</strong></span> 
     </span>
    </p>
   </div>
   <div class='ocr_carea' id='block_1_118' title="bbox 76 5829 1237 5909">
    <p class='ocr_par' dir='ltr' id='par_1_118' title="bbox 76 5829 1237 5909">
     <span class='ocr_line' id='line_1_118' title="bbox 76 5829 1237 5909; baseline 0.016 -34"><span class='ocrx_word' id='word_1_966' title='bbox 76 5829 182 5880; x_wconf 61' lang='lat' dir='ltr'><strong>Sm‘,</strong></span> <span class='ocrx_word' id='word_1_967' title='bbox 205 5837 358 5891; x_wconf 83' lang='lat' dir='ltr'><strong>quem</strong></span> <span class='ocrx_word' id='word_1_968' title='bbox 393 5838 622 5885; x_wconf 83' lang='lat' dir='ltr'><strong>secutus</strong></span> <span class='ocrx_word' id='word_1_969' title='bbox 650 5840 735 5886; x_wconf 85' lang='lat' dir='ltr'><strong>est</strong></span> <span class='ocrx_word' id='word_1_970' title='bbox 761 5831 1005 5903; x_wconf 80' lang='lat' dir='ltr'><strong>lluctius,</strong></span> <span class='ocrx_word' id='word_1_971' title='bbox 1038 5829 1237 5909; x_wconf 77' lang='grc' dir='ltr'>λέγειν.</span> 
     </span>
    </p>
   </div>
   <div class='ocr_carea' id='block_1_119' title="bbox 1792 5779 3291 5858">
    <p class='ocr_par' dir='ltr' id='par_1_119' title="bbox 1792 5779 3291 5858">
     <span class='ocr_line' id='line_1_119' title="bbox 1792 5779 3291 5858; baseline 0.012 -25"><span class='ocrx_word' id='word_1_972' title='bbox 1792 5780 1901 5851; x_wconf 76' lang='lat' dir='ltr'><strong>(9i)</strong></span> <span class='ocrx_word' id='word_1_973' title='bbox 1933 5783 2050 5858; x_wconf 34' lang='grc' dir='ltr'>ξε..</span> <span class='ocrx_word' id='word_1_974' title='bbox 2070 5779 2146 5834; x_wconf 88' lang='lat' dir='ltr'><strong>Ita</strong></span> <span class='ocrx_word' id='word_1_975' title='bbox 2172 5782 2345 5858; x_wconf 59' lang='lat' dir='ltr'><strong>codd.</strong></span> <span class='ocrx_word' id='word_1_976' title='bbox 2368 5785 2645 5842; x_wconf 80' lang='lat' dir='ltr'><strong>Bodleian.</strong></span> <span class='ocrx_word' id='word_1_977' title='bbox 2698 5801 2751 5845; x_wconf 78' lang='lat' dir='ltr'><strong>et</strong></span> <span class='ocrx_word' id='word_1_978' title='bbox 2805 5792 3152 5858; x_wconf 86' lang='lat' dir='ltr'><strong>Barbcrinus,</strong></span> <span class='ocrx_word' id='word_1_979' title='bbox 3182 5811 3291 5851; x_wconf 82' lang='lat' dir='ltr'><strong>non</strong></span> 
     </span>
    </p>
   </div>
   <div class='ocr_carea' id='block_1_120' title="bbox 1722 5852 2735 5934">
    <p class='ocr_par' dir='ltr' id='par_1_120' title="bbox 1722 5852 2735 5934">
     <span class='ocr_line' id='line_1_120' title="bbox 1722 5852 2735 5934; baseline 0.01 -29"><span class='ocrx_word' id='word_1_980' title='bbox 1722 5868 1832 5921; x_wconf 81' lang='grc' dir='ltr'>μοι,</span> <span class='ocrx_word' id='word_1_981' title='bbox 1866 5861 1922 5906; x_wconf 92' lang='lat' dir='ltr'><strong>ut</strong></span> <span class='ocrx_word' id='word_1_982' title='bbox 1950 5852 2147 5934; x_wconf 79' lang='lat' dir='ltr'><strong>legitur</strong></span> <span class='ocrx_word' id='word_1_983' title='bbox 2170 5854 2220 5909; x_wconf 92' lang='lat' dir='ltr'><strong>in</strong></span> <span class='ocrx_word' id='word_1_984' title='bbox 2261 5855 2501 5914; x_wconf 83' lang='lat' dir='ltr'><strong>editione</strong></span> <span class='ocrx_word' id='word_1_985' title='bbox 2536 5858 2735 5915; x_wconf 83' lang='lat' dir='ltr'><strong>lluctii.</strong></span> 
     </span>
    </p>
   </div>
  </div>
