3856 6552
588 379 660 437 (-3
2043 374 2364 438 ORIGENIS
3750 376 3800 431 6i

589 492 705 549 hmo
733 491 962 549 diversis
1009 509 1129 549 eum
1166 493 1472 550 nominibus
1501 495 1771 566 appellant
1803 511 1819 552 :
1858 493 2021 553 Jacob
2044 512 2112 568 qu

2280 490 2401 563 πρὸς
2428 487 2772 561 Κορινθίους,
2807 490 2922 555 ὅτι,
2965 487 3217 558 Χριστὸς
3266 486 3518 557 δι’ναμίς
3562 488 3692 544 ἐστι
3728 496 3803 547 καὶ

588 586 709 637 dem
768 582 824 637 in
878 597 941 637 ea
988 584 1368 640 benedictione
1412 601 1515 656 qua
1555 587 1611 641 in
1655 588 1853 644 liberos
1888 603 2017 644 usus
2057 603 2111 644 es

2279 580 2414 635 θεοῦ
2441 581 2646 650 σοφία.
2683 581 2829 653 Πρὸς
2850 581 3061 645 τούτοις
3086 581 3168 635 ὅτι
3194 584 3288 637 καὶ
3311 583 3580 655 ἁγιασμός
3599 584 3712 636 ἐστι
3728 584 3802 639 καὶ

583 673 778 729 Jndam
806 676 1086 730 nominat:
1120 673 1288 741 Juda,
1325 678 1519 747 inquit,
1564 678 1857 734 laudabunt
1899 692 1948 735 te
1970 683 2106 749 fratr

2279 671 2636 744 ιπολύτρωσις
2655 689 2670 705 ·
2707 673 2811 739 Ὃς
2833 672 3085 745 ἐγενήθη
3116 673 3247 746 γὰρ,
3283 676 3435 746 φησὶ,
3469 675 3656 745 σοφία
3682 676 3802 745 ἡμῖν

588 766 664 818 tui
693 780 712 819 :
740 780 927 820 manus
950 775 1057 819 tua:
1105 782 1263 836 super
1296 767 1511 821 dorsum
1569 769 1898 823 inimicorum
1928 778 2111 825 tuorun

2278 763 2380 819 ὶπὸ
2440 763 2588 817 Θεοῦ
2613 802 2629 828 ,
2672 762 3026 833 δικαιοσύνη
3081 781 3146 818 τε
3198 765 3298 819 καὶ
3355 766 3673 837 ἁγιασμὸς,
3725 768 3801 820 καὶ

587 854 805 911 Catulus
829 856 991 911 leonis
1017 856 1163 912 Juda
1195 876 1217 914 :
1243 875 1308 912 ea:
1332 861 1587 929 germine,
1612 861 1693 930 ﬁli
1721 862 1816 925 mi,
1840 863 2110 917 ascendisti

2279 854 2697 923 ὶπολύτρωσις.
2741 855 2899 908 Ἀλλά
2945 855 3038 909 καὶ
3081 855 3342 928 ἀρχιερέα
3380 857 3550 928 μέγαν
3588 857 3802 912 διδάσκει

584 948 882 1003 recumbens
906 949 1148 1005 dormisti
1183 962 1237 1005 ut
1264 954 1366 1020 leo,
1402 964 1451 1008 et
1489 965 1545 1007 ut
1567 954 1732 1009 leonis
1769 956 1997 1011 catulus.
2027 957 2107 1024 Qu

2276 947 2409 1019 ἡμᾶς
2457 946 2620 1000 αὑτὸν
2684 946 2974 1020 τυγχάνειν
3025 946 3165 1019 πρὸς
3224 948 3507 1020 Ἐϐραίους
3569 949 3799 1020 γράφων·

586 1042 838 1096 excitabit
864 1042 1015 1097 illum
1033 1041 1076 1075 ⁸⁷
1095 1044 1122 1097 ?
1144 1041 1408 1100 Caeterum
1426 1046 1707 1115 prazsentis
1725 1063 1827 1103 non
1847 1059 1931 1105 est
1953 1061 2109 1122 templ

2277 1038 2546 1108 Ἔχοντες
2578 1033 2691 1094 οὖν
2715 1037 2992 1109 ἀρχιερέα
3018 1039 3231 1109 μέγαν,
3255 1039 3652 1109 διεληλυθότα
3687 1040 3800 1106 τοὺς

583 1137 660 1192 ris
697 1136 929 1209 singulis
961 1138 1262 1205 immorari,
1290 1140 1629 1197 ostendendo
1656 1134 1926 1211 quomodo
1951 1159 2106 1215 quaet

2280 1128 2573 1197 ›ὐρανοὺς,
2603 1129 2851 1197 Ἰησοῦν
2878 1128 2986 1183 τὸν
3025 1129 3165 1183 Υίὸν
3184 1129 3291 1185 τοῦ
3323 1130 3491 1194 Θεοῦ,
3523 1128 3803 1198 κρατῶμεν

576 1225 713 1284 Juda
761 1228 867 1284 dici
924 1230 1208 1297 videntur,
1272 1229 1494 1287 Christo
1555 1234 1934 1301 conveniam;
1992 1246 2099 1305 atqu

2280 1225 2367 1295 ’ἧς
2407 1226 2748 1297 ὁμολογίας.
2786 1226 2851 1279 Οἱ
2885 1225 2943 1279 δὲ
2992 1225 3268 1298 προφῆται
3315 1225 3468 1299 παρὰ
3516 1224 3690 1279 ταῦτα
3730 1226 3803 1277 καὶ

577 1320 743 1375 etiam
781 1322 1017 1391 obiectio
1042 1339 1160 1393 quae
1179 1323 1304 1391 jure
1332 1323 1521 1379 inferri
1544 1335 1753 1395 posset,
1770 1327 1979 1382 scilicet
1998 1344 2013 1383 :
2032 1327 2100 1383 Νι

2280 1318 2462 1390 ητέροις
2497 1318 2755 1389 ὀνόμασιν
2799 1317 2961 1372 αὐτὸν
3012 1317 3295 1372 καλοῦσιν·
3326 1320 3355 1372 6
3389 1317 3488 1389 μὲν
3535 1315 3726 1371 Ἰακὼὸ
3759 1320 3803 1371 ὲν

576 1410 781 1479 deﬁciet
806 1412 1045 1482 princeps
1073 1415 1137 1468 de
1174 1412 1339 1480 Iuda,
1368 1425 1416 1469 et
1446 1416 1558 1471 dua:
1604 1418 1668 1472 de
1706 1418 1991 1487 femoribus
2014 1421 2099 1491 eju

2281 1413 2320 1483 ’ῇ
2348 1410 2484 1482 πρὸς
2506 1410 2632 1474 τοὺς
2655 1411 2805 1474 υἱοὺς
2836 1410 3055 1481 εὐλογίᾳ
3104 1409 3324 1464 Ἰούδαν
3364 1410 3426 1464 τὸ
3452 1409 3580 1482 γάρ·
3608 1410 3804 1475 Ἰούδα,

574 1502 740 1557 donec
767 1506 958 1560 venerit
993 1507 1078 1561 cui
1112 1508 1395 1575 repositum
1445 1519 1521 1564 est
1540 1509 1610 1574 ³³,
1634 1510 1769 1567 alias
1814 1516 2097 1569 commodi!

2280 1505 2329 1559 πὲ
2359 1504 2718 1559 αὶνέσαισαν
2747 1506 2803 1558 oi
2831 1503 3084 1574 ἀδελφοί
3105 1517 3244 1565 σου.
3277 1505 3337 1557 αἱ
3364 1502 3563 1572 χεῖρές
3583 1519 3702 1558 σου
3723 1502 3803 1555 ἐπὶ

574 1593 832 1651 solvetur.
850 1596 1014 1654 Isaias
1033 1600 1198 1655 etiam
1230 1602 1379 1656 novit
1404 1602 1573 1673 ipsum
1592 1603 1866 1661 Christum
1894 1609 2097 1678 appella

2280 1595 2442 1650 ’ώτου
2473 1594 2592 1649 τῶν
2621 1594 2849 1666 ἐχθρῶν
2873 1611 3008 1651 σου.
3044 1595 3316 1665 Σκύμνος
3333 1594 3582 1662 λέοντος
3606 1594 3803 1651 Ἰούδο-

571 1688 740 1745 Jacob
769 1700 824 1745 et
848 1690 1032 1758 Israel,
1063 1693 1463 1750 dicenszlacob
1491 1697 1716 1753 dilectus
1745 1716 1888 1754 meus
1920 1703 2094 1755 auxili

2281 1708 2320 1744 κ
2369 1691 2672 1757 βλαστοῦ,
2706 1690 2798 1746 υἱέ
2819 1708 2941 1761 μου
2958 1731 2973 1758 ,
3007 1689 3227 1758 ἀνέϐης
3244 1706 3258 1720 ·
3308 1688 3634 1745 ἀναπεσὼν
3671 1689 3804 1742 ἐκοι-

573 1784 667 1835 bor
685 1784 769 1836 ei:
786 1781 957 1839 Israel
987 1785 1176 1841 electus
1209 1805 1375 1855 meus,
1397 1790 1620 1859 suscepit
1651 1790 1800 1845 illum
1817 1794 1996 1848 anima
2012 1811 2096 1849 me.

2282 1782 2444 1854 ιήθης
2467 1784 2548 1851 ὡς
2574 1782 2752 1850 λέων,
2783 1783 2879 1837 καὶ
2900 1782 2981 1849 ὡς
2995 1782 3282 1853 σκύμνος.
3310 1782 3404 1848 Τίς
3416 1780 3605 1851 ἐγερεῖ
3616 1783 3805 1843 αὑτόν;

569 1871 841 1929 Iudicium
880 1876 987 1946 25
1016 1878 1257 1948 gentibus
1287 1882 1548 1936 nuntiabit
1567 1898 1586 1937 :
1610 1899 1712 1938 non
1738 1889 2032 1955 contendet,
2061 1904 2092 1941 n

2283 1879 2324 1931 »ὑ
2360 1877 2502 1932 κατὰ
2531 1879 2623 1933 τὸν
2657 1876 2985 1948 ἐνεστηκότα
3015 1876 3074 1929 δὲ
3112 1875 3301 1948 καιρὸν
3341 1876 3457 1930 ἐστι
3497 1877 3635 1948 πρὸς
3681 1875 3806 1941 λέξιν

568 1980 669 2033 que
698 1965 964 2031 clamabit,
995 1986 1159 2041 neque
1205 1973 1386 2028 audiet
1416 1973 1611 2045 aliquis
1652 1976 1707 2032 in
1744 1977 1934 2047 plateis
1974 1997 2091 2036 voce

2284 1971 2624 2043 παραστῆσαι,
2677 1969 2796 2035 πῶς
2824 1971 2892 2025 τὰ
2920 1971 2999 2044 τῷ
3040 1972 3209 2045 Ἰούδᾳ
3238 1971 3500 2042 λεγόμενα
3532 1969 3664 2041 περὶ
3696 1966 3807 2039 Χρι-

566 2054 705 2122 ejus.
760 2055 1035 2113 Calamam
1075 2063 1357 2117 contritum
1396 2081 1500 2119 non
1546 2067 1862 2138 confringet,
1902 2080 1950 2126 et
1979 2070 2089 2125 linu

2285 2062 2376 2115 τοῦ
2417 2063 2585 2117 ἐστιν.
2604 2061 2765 2117 Ἀλλὰ
2788 2062 2881 2117 καὶ
2901 2062 3253 2136 ἁνθυποφορὰ
3266 2062 3502 2131 εὐλόγως
3526 2058 3808 2130 ἐπενεχθῆ-

567 2146 834 2221 fumigans
866 2168 970 2208 non
1002 2156 1315 2227 exstinguet,
1348 2158 1512 2214 donec
1535 2162 1813 2231 projecerit
1836 2181 1902 2219 ea:
1935 2176 2090 2221 conte;

2283 2170 2334 2207 αι
2362 2153 2635 2227 δυναμένη
2653 2196 2668 2220 ,
2696 2156 2817 2210 Οὐκ
2849 2155 3123 2225 ἐκλείψει
3147 2154 3348 2224 ἅρχων
3374 2153 3445 2219 ἐξ
3484 2150 3699 2217 Ἰούδα,
3722 2149 3806 2203 καὶ

565 2241 704 2298 tione
712 2246 1003 2314 judicium,
1029 2257 1079 2302 et
1111 2249 1165 2302 in
1198 2251 1404 2306 nomine
1426 2252 1539 2322 ejus
1565 2264 1739 2325 gentes
1765 2259 2047 2328 sperabunt
2076 2260 2088 2292 ³

2290 2246 2576 2315 γούμενος
2598 2246 2666 2300 ἐκ
2713 2244 2833 2301 τῶν
2876 2245 3086 2317 μηρῶν
3131 2244 3339 2311 αὐτοῦ,
3384 2244 3497 2310 ἕως
3542 2241 3623 2296 ἂν
3676 2241 3808 2331 ἔλθῃ

564 2335 719 2403 Quod
741 2337 883 2393 enim
904 2340 1018 2394 haec
1039 2339 1105 2395 de
1132 2339 1348 2397 Christo
1368 2344 1647 2415 propheta:
1677 2349 1946 2419 nuntient,
1962 2351 2083 2421 pata

2282 2354 2290 2386 ι
2320 2337 2627 2392 ἀπόκειται
2650 2337 2782 2411 (95),
2808 2339 2867 2393 ὲν
2904 2338 3084 2402 ἄλλοις
3097 2336 3478 2410 εὐκαιρότερον
3501 2328 3805 2405 λυθήσεται.

564 2426 849 2486 Mattbteus
896 2432 1135 2487 ostendit
1173 2433 1227 2488 in
1273 2434 1602 2506 Evangelia,
1645 2452 1715 2494 ex
1755 2448 1910 2510 parte
1955 2444 2085 2498 muti

2286 2425 2365 2483 ἴδε
2402 2428 2459 2483 δὲ
2496 2430 2586 2485 τὸν
2619 2429 2852 2503 Χριστὸν
2908 2430 3101 2484 Ἰακὼϐ
3150 2430 3247 2484 καλ¹
3289 2426 3500 2499 Ἰσραὴλ
3551 2422 3808 2495 ὀνομαζό-

561 2522 737 2579 citans
767 2534 823 2580 et
843 2525 1063 2582 dicens:
1095 2527 1163 2582 Ut
1202 2529 1510 2601 impleretur
1552 2537 1692 2605 quod
1721 2536 1919 2592 dictum
1941 2551 2017 2594 est
2049 2558 2082 2610 p

2283 2538 2402 2577 ενον
2442 2523 2687 2590 Ἡσαΐας,
2713 2522 2886 2593 λέγων
2901 2541 2914 2554 ·
2959 2522 3167 2579 Ἰακὼϐ
3187 2525 3221 2577 ό
3243 2520 3384 2588 παῖς
3402 2537 3544 2590 μου,
3568 2514 3806 2581 ἀντιλή-

495 2620 500 2625 ”
558 2613 865 2683 prophetam
881 2634 901 2672 :
930 2617 1055 2674 Non
1071 2624 1368 2688 contendet,
1392 2635 1439 2679 et
1462 2643 1563 2683 non
1582 2630 1826 2686 clamabit
1844 2631 1909 2697 ⁸⁸,
1939 2641 1994 2688 et

2288 2630 2426 2684 Ὸμαι
2478 2615 2685 2671 αὑτοῦ·
2742 2615 2991 2684 Ἰσραὴλ
3036 2618 3070 2669 ὁ
3106 2614 3397 2681 ἐκλεκτός
3631 2624 3811 2678 προσ-

560 2718 865 2775 sequuntur
889 2750 904 2767 .
970 2712 1209 2769 Vocatur
1245 2717 1411 2772 etiam
1450 2718 1614 2776 David
1640 2720 1914 2791 Christus,
1972 2702 2083 2783 velu

2288 2703 2483 2771 ἳέξατο
2509 2705 2696 2761 αὐτὸν
2722 2708 2759 2776 ἠ
2784 2706 2956 2778 ψυχή
2995 2724 3138 2778 μου.
3165 2706 3381 2775 Κρίσιν
3414 2703 3541 2770 τοῖς
3567 2702 3811 2758 ἔθνεσιν

556 2799 774 2864 quando
804 2799 1055 2859 Ezechiel
1088 2808 1422 2876 prophetans
1453 2811 1521 2866 ad
1571 2810 2079 2890 pastoressubjung

2289 2798 2593 2868 πατγελεῖο
2627 2801 2740 2853 οἰκ
2760 2798 2969 2869 ἐρίσει,
2996 2797 3139 2853 οὐδὲ
3182 2795 3408 2867 κράξει,
3448 2794 3594 2850 οὐδὲ
3616 2793 3812 2890 fit—od“

554 2900 626 2942 ex
654 2903 882 2958 persona
916 2892 1051 2951 Dei:
1099 2890 1553 2957 ExcitaboDauid
1581 2921 1785 2978 seruum
1820 2882 2012 2979 meum,

2287 2904 2330 2941 ει
2357 2905 2446 2955 τις
2474 2888 2693 2956 ἐνταις
2719 2890 3032 2956 πλατείαις
3070 2888 3186 2958 τὴν
3208 2886 3419 2958 φωνὴν
3454 2885 3667 2941 αὑτοῦ.
3699 2882 3810 2938 Κό-

555 2992 692 3051 reget
722 3000 810 3039 eos
838 2984 907 3045 “.
934 2985 1049 3042 Non
1074 2990 1219 3045 enim
1241 2992 1408 3049 David
1433 2997 1738 3065 patriarcha
1766 3014 2023 3074 exsurget
2050 3022 2078 3058 τι

2291 3002 2429 3054 ιμον
2473 2984 2982 3056 συντετριμμένον
3017 2986 3090 3040 οὐ
3142 2982 3437 3048 κατεάξει,
3478 2982 3577 3036 καὶ
3636 2983 3814 3035 λίνον

550 3082 743 3129 cturus
762 3089 1006 3145 sanctos,
1039 3081 1134 3137 sed
1171 3083 1441 3142 Christus.
1473 3088 1553 3142 Ad
1579 3091 1694 3146 haec
1723 3091 1927 3163 virgam
1941 3073 2009 3149 iet
2034 3094 2073 3147 tl

2291 3078 2572 3145 θφόμενον
2617 3078 2689 3131 οὐ
2730 3074 2958 3141 σϐέσει,
2989 3075 3101 3144 ἕως
3133 3074 3211 3130 ἂν
3236 3073 3461 3143 ἐκϐάλῃ
3493 3073 3563 3128 ἐκ
3601 3075 3814 3137 νίκους

553 3180 668 3220 rem
705 3170 945 3239 appellat
973 3172 1248 3231 Christum
1289 3177 1454 3234 Isaias
1481 3181 1566 3235 his
1597 3183 1819 3242 verbis:
1878 3184 2073 3258 Egredi

2293 3184 2345 3238 ιν
2370 3171 2592 3238 κρίσιν,
2631 3170 2729 3224 καὶ
2766 3168 2846 3239 τῷ
2877 3171 3121 3241 ὀνόματι
3155 3169 3353 3258 αὐτοῦ
3386 3168 3530 3236 ἔθνη
3569 3167 3816 3222 ἐλπιοῦ-

549 3267 640 3312 tur
662 3261 807 3333 uirga
833 3263 899 3319 de
921 3266 1097 3321 radice
1118 3267 1288 3335 Iesse,
1312 3280 1358 3324 et
1379 3272 1481 3341 [ias
1508 3273 1573 3327 de
1600 3275 1779 3330 radice
1799 3278 1913 3347 ejus
1924 3254 2072 3335 vascel

2295 3277 2353 3314 ν.
2383 3260 2606 3334 δτιλγάρ
2638 3264 2666 3316 ὁ
2699 3261 2933 3335 Χριστός
2978 3263 3094 3315 ἐστι
3139 3261 3267 3333 περὶ
3298 3254 3360 3315 οὗ
3395 3258 3568 3313 ταῦτα
3596 3277 3816 3330 προφη-

549 3351 658 3413 det,
685 3362 733 3405 et
756 3356 1038 3425 requiescet
1068 3374 1225 3427 super
1246 3377 1362 3416 eum
1388 3361 1623 3431 Spiritus
1651 3365 1885 3433 Domini,
1907 3372 2072 3440 spirit:

2294 3348 2461 3413 ὕεται,
2492 3350 2680 3421 σαφῶς
2711 3353 2740 3406 6
2769 3350 3049 3415 Ματθαίος
3079 3350 3230 3422 δηλοῖ
3262 3351 3321 3405 ὲν
3360 3349 3438 3421 τῷ
3490 3350 3817 3419 Εὑαγγελίῳ

544 3441 822 3511 sapientia:
854 3456 902 3499 et
933 3445 1252 3515 intellectus,
1284 3430 1501 3522 spiritus
1537 3456 1749 3512 consilii
1774 3470 1821 3513 et
1845 3430 2066 3530 foriitud

2298 3430 2486 3514 ησθεὶς
2531 3443 2639 3497 ἀπὺ
2683 3442 2883 3516 μέρους
2925 3444 3025 3516 τῆς
3063 3443 3388 3515 περικοπῆς,
3440 3440 3649 3495 εἰπών’
3683 3444 3818 3497 Ἵνα

545 3532 650 3598 nis,
707 3536 929 3605 spiritus
974 3543 1288 3611 cognitionis
1340 3557 1389 3601 et
1416 3548 1650 3617 pietatis,
1682 3562 1731 3605 et
1757 3554 1970 3622 replebit
2001 3571 2061 3609 en

2295 3534 2508 3603 ῐηρωθῇ
2544 3534 2607 3588 τὸ
2644 3534 2991 3605 εἰρημένονο
3020 3537 3143 3590 Οὐκ
3166 3533 3374 3603 ἐρίσει,
3402 3534 3547 3589 οὐδὲ
3577 3532 3818 3603 πράξει,

543 3623 764 3690 spiritus
789 3628 996 3686 timoris
1028 3631 1128 3688 Dei
1158 3635 1224 3691 δ’.
1259 3635 1378 3692 Jam
1409 3638 1546 3710 lapis
1579 3642 1743 3698 etiam
1769 3644 1968 3700 dicitur
2010 3647 2066 3703 οι

2294 3625 2314 3677 ὶ
2346 3623 2416 3679 τὰ
2462 3624 2609 3696 ἑξῆς.
2661 3626 2920 3681 Καλεϊται
2952 3626 3008 3680 δὲ
3047 3626 3143 3681 καὶ
3191 3626 3354 3681 Δαυῒδ
3380 3628 3409 3681 6
3443 3627 3691 3700 Χριστὸς
3739 3629 3817 3690 ὡς

544 3711 727 3769 minus
753 3728 971 3786 noster;
1005 3720 1078 3776 ita
1126 3722 1180 3777 in
1226 3724 1454 3783 Psalmis
1496 3745 1511 3783 :
1558 3728 1806 3800 Lapidem
1851 3750 2003 3804 quem
2035 3752 2067 3789 η

2299 3716 2357 3771 ἄν
2408 3715 2666 3791 Ἰεζεκιὴλ
2684 3719 3069 3791 προφητεύσας
3094 3720 3230 3793 πρὸς
3253 3719 3379 3786 τοὺς
3402 3720 3673 3792 ποιμένας
3696 3722 3822 3774 ὲπι-

537 3804 887 3870 probauerunt
929 3811 1275 3882 edi/icantes,
1322 3816 1411 3871 hic
1451 3818 1626 3888 [actus
1655 3832 1729 3876 est
1754 3822 1807 3877 in
1831 3836 1985 3896 caput
2015 3844 2060 3881 at

2291 3824 2358 3881 ρῃ
2414 3811 2477 3863 ὲκ
2531 3808 2825 3883 προσώπου
2865 3811 2999 3866 Θεοῦ
3020 3829 3034 3843 ·
3084 3811 3437 3880 Ἀναστήσω
3457 3812 3667 3896 ⁸Δαυῖδ
3710 3813 3814 3867 τὸν

537 3896 650 3962 gnli
668 3912 687 3952 :
713 3918 746 3955 α
778 3901 1004 3961 Domino
1027 3907 1202 3975 {actus
1223 3922 1298 3964 est
1319 3911 1427 3977 hic,
1449 3881 1499 3966 et
1528 3925 1605 3969 est
1628 3881 1966 3973 mirabilis'in
1996 3937 2057 3976 oc

2298 3900 2398 3954 ῖδά
2447 3881 2588 3971 μου,
2644 3901 2713 3971 ὃς
2755 3905 3040 3974 ποιμανεῖ
3077 3906 3318 3972 αὐτούς·
3370 3905 3429 3958 οὐ
3455 3881 3565 3976 ἓάρ
3590 3906 3821 3961 Δαυῖδό

536 3989 605 4045 lis
640 3996 835 4050 nostris
862 3996 928 4054 ⁸³.
968 3998 1214 4057 Declarat
1240 4014 1416 4060 autem
1445 4005 1815 4076 Evangelium,
1845 4021 1899 4066 et
1934 4010 2059 4069 an:

2299 3994 2561 4066 τριάρχης
2624 3995 2987 4069 ἀναστήσεται
3042 3997 3349 4069 ποιμαίνειν
3409 3996 3624 4069 μέλλων
3684 4000 3822 4063 τοὺς

535 4080 593 4135 in
626 4081 916 4143 Actis-non
955 4090 1121 4146 alium
1157 4108 1280 4149 esse
1308 4095 1567 4166 lapidem,
1598 4114 1762 4169 quam
1794 4101 2058 4159 Christun:

2297 4089 2420 4155 ἷους,
2451 4089 2585 4143 ἀλλὰ
2623 4092 2880 4164 Χριστός.
2920 4093 3041 4147 Ἔτι
3068 4092 3127 4146 δὲ
3157 4094 3186 4147 6
3226 4093 3457 4157 Ἡσαΐας
3489 4091 3701 4165 ῥάϐδον
3726 4095 3820 4147 καὶ⁵

534 4171 884 4246 Evangelium
934 4182 1155 4250 quidem
1199 4185 1279 4239 sic
1317 4201 1333 4239 :
1376 4185 1665 4254 Nunquam
1715 4190 1915 4261 legistis
1947 4210 1968 4251 :
1998 4193 2057 4248 ιι

2299 4184 2369 4246 Ιος
2397 4181 2654 4255 ὀνομάζει
2692 4184 2784 4239 τὸν
2828 4185 3064 4257 Χριστὸν
3112 4188 3170 4239 ὲν
3221 4185 3334 4257 τῷο
3387 4186 3822 4251 Ἐξελεύσεται

531 4266 706 4335 ινὶάειιι
750 4286 902 4338 quem
957 4275 1363 4344 reprobauerunt
1400 4280 1726 4349 aediﬁcantes
1754 4322 1770 4347 ,
1806 4284 1890 4338 hic
1932 4285 2054 4356 facta

2299 4271 2424 4339 5’60c
2447 4274 2517 4328 ἐκ
2561 4272 2672 4343 τῆς
2703 4275 2873 4344 ῥίζης
2910 4277 3145 4343 Ἰεσσαὶ,
3190 4276 3290 4332 καὶ
3318 4276 3501 4344 ἄνθος
3557 4277 3632 4332 ἐκ
3703 4279 3822 4345 τῆς

531 4368 604 4413 est
637 4361 692 4415 in
723 4372 878 4433 caput
904 4366 1127 4435 anguli?
1155 4367 1358 4433 Omnis,
1393 4373 1483 4442 qui
1512 4374 1760 4429 ceciderit
1789 4393 1947 4447 super
1969 4380 2054 4450 lap

2301 4361 2367 4431 ης
2404 4364 2789 4432 ἀναϐήσεται,
2834 4368 2932 4421 καὶ
2962 4367 3454 4423 ἐπαναπαύσεται
3482 4367 3579 4421 ἐπ’
3607 4369 3824 4423 αὑτὸν

530 4451 649 4506 dem
691 4457 863 4522 hunc,
899 4465 1232 4526 conteretur;
1273 4478 1431 4532 super
1467 4479 1620 4532 quem
1668 4484 1785 4522 vero
1826 4471 2053 4525 ceciderim

2300 4454 2444 4525 εῦμα
2469 4456 2576 4511 τοῦ
2603 4457 2771 4525 Θεοῦ,
2808 4459 3045 4530 πνεῦμα
3072 4460 3295 4530 σοφίας
3323 4460 3422 4515 καὶ
3457 4459 3823 4527 συνέσεως,

527 4552 761 4597 conteret
791 4562 907 4600 eum
949 4546 1019 4601 “.
1049 4547 1106 4603 ln
1137 4551 1287 4607 Actis
1323 4567 1451 4608 vero
1480 4554 1655 4613 Lucas
1689 4559 2006 4617 scribitzﬂic
2028 4580 2050 4619 e

2306 4547 2445 4615 ενῦιια
2470 4549 2714 4619 βουλῆς
2731 4552 2828 4606 καὶ
2861 4553 3094 4622 ίσχύος,
3121 4552 3357 4622 πνεῦμα
3384 4551 3678 4622 γνώσεως
3719 4554 3829 4607 καὶ

524 4634 661 4703 lapis
699 4635 788 4691 ille
814 4639 905 4709 qui
947 4641 1165 4709 rejectus
1196 4656 1277 4699 est
1320 4663 1352 4698 a
1380 4646 1523 4702 nobis
1559 4650 1976 4720 wdiﬁcantibus,
2014 4673 2047 4728 q

2307 4641 2538 4707 νεϐείας,
2582 4642 2680 4697 καὶ
2726 4643 3026 4713 ἐμπλήσει
3079 4645 3267 4700 αὐτὸν
3316 4644 3553 4714 πνεῦμα
3602 4647 3830 4714 φόϐον

522 4727 697 4798 factus
730 4740 805 4785 est
843 4742 1001 4800 caput
1030 4735 1211 4804 anguli
1238 4738 1306 4793 ⁸⁵.
1342 4738 1476 4795 Cum
1506 4741 1673 4813 igitur
1704 4742 1938 4801 Verbum
1969 4727 2045 4804 illi

2311 4734 2378 4790 νῦ.
2407 4735 2519 4788 Καὶ
2547 4734 2695 4799 λίθος
2727 4735 2784 4791 δὲ
2821 4738 2880 4792 ὲν
2915 4738 3028 4801 τοῖς
3061 4736 3312 4807 Ψαλμοῖς
3336 4737 3365 4789 6
3394 4735 3601 4806 Κύριος
3636 4738 3834 4809 ἡμῶν

520 4821 666 4890 quod
712 4828 833 4877 erat
862 4821 919 4879 in
971 4825 1276 4905 principio,
1333 4828 1612 4901 Verbum,
1664 4834 1920 4905 inquam,
1955 4838 2043 4894 De:

2310 4843 2344 4880 ιι
2384 4825 2604 4897 λέγεται
2637 4827 2843 4893 οὓτωςο
2880 4829 3064 4884 Λίθον
3110 4828 3184 4882 ὃν
3227 4827 3711 4898 ἀπεδοκίμασαν
3773 4836 3833 4885 οι

517 4915 659 4983 apud
700 4914 867 4971 Deum
890 4955 908 4983 ,
937 4933 1103 4973 unum
1141 4922 1212 4976 sit
1255 4937 1320 4977 ex
1358 4925 1670 4982 nominibus
1704 4927 1979 4985 Servatori
2012 4948 2040 4989 a

2310 4917 2673 4988 νδομοῦντες,
2706 4916 2886 4987 οὗτος
2918 4922 3173 4992 ἐγενήθη
3223 4924 3312 4989 εἰς
3361 4920 3651 4992 κεφαλὴν
3693 4944 3833 4994 γω-

519 5004 757 5069 tributis,
791 5023 891 5064 nec
944 5019 1126 5068 tamen
1157 5013 1226 5069 ab
1271 5013 1391 5085 ipso
1426 5016 1651 5084 dictum,
1681 5022 1777 5074 sed
1823 5036 1853 5076 ιι
1884 5021 2042 5079 Joanr

2313 5032 2357 5077 ς.
2388 5011 2555 5080 Παρὰ
2590 5013 2814 5082 Κυρίου
2844 5013 3078 5084 ἐγένετο
3129 5014 3306 5084 αὐτὴ,
3338 5014 3439 5071 καὶ
3480 5014 3619 5068 ἐστι
3657 5021 3836 5073 θαυ-

515 5093 801 5165 scriptum,
849 5114 1031 5169 operae
1062 5103 1298 5171 pretium
1339 5106 1503 5162 fuerit
1533 5108 1740 5165 instare
1772 5110 1838 5166 iis
1868 5114 1981 5182 qui,
2015 5124 2038 5169 to

2315 5102 2399 5173 ’τὴ
2444 5104 2515 5158 ἐν
2561 5105 2891 5175 ὀφθαλμοῖς
2920 5108 3107 5176 ἡμῶν.
3143 5106 3303 5179 Δηλοί
3332 5107 3389 5160 δὲ
3426 5105 3488 5159 τὸ
3532 5107 3838 5181 Εὐαγγέ-

514 5200 547 5240 a
581 5188 740 5243 nobis
791 5204 1111 5249 enumerata
1159 5198 1380 5253 nomina
1429 5203 1909 5271 praetermittentes
1938 5247 1954 5272 ,
1989 5209 2037 5264 In

2308 5214 2332 5262 ν,
2374 5198 2468 5252 καὶ
2512 5198 2570 5253 ὲν
2605 5201 2725 5264 ταῖς
2772 5198 3043 5272 Πράξεσιν
3081 5202 3110 5253 6
3141 5201 3375 5265 Λουκᾶς,
3409 5200 3509 5253 οὐκ
3551 5200 3751 5259 ἄλλον
3794 5207 3831 5276 ἦ

511 5276 627 5334 solo
663 5277 823 5336 Verbi
859 5285 1123 5344 vocabulo
1153 5303 1254 5345 ceu
1286 5292 1564 5363 praecipuo
1589 5304 1852 5353 utuntur:
1898 5315 2034 5357 τοι-ει

2321 5288 2547 5359 Χριστὸν
2584 5283 2720 5342 εἶναι
2749 5288 2844 5344 τὸν
2872 5289 3015 5345 λίθον
3037 5307 3052 5321 °
3084 5290 3145 5344 τὸ
3187 5290 3288 5361 μὲν
3324 5289 3682 5359 ΕὐαΠέλιον
3725 5295 3844 5351 οὖ-

508 5386 697 5427 eorum
727 5375 1254 5451 interpretationem,
1289 5384 1334 5440 si
1360 5400 1465 5457 qua
1495 5387 1618 5459 quis
1646 5389 1965 5459 protulerit,
2000 5409 2031 5447 τι

2316 5404 2331 5419 ·
2372 5386 2668 5444 Οὐδέποτε
2698 5388 2997 5461 ἀνέγνωτε
3014 5407 3028 5417 ·
3086 5393 3267 5460 Λίθος
3307 5392 3381 5447 δν
3417 5391 3838 5467 ἀπεδοκίμα-

507 5462 787 5530 quireutes
810 5506 827 5535 ,
864 5478 920 5527 et
957 5470 1061 5529 hoc
1107 5490 1275 5531 unum
1310 5475 1469 5535 verbi
1507 5480 1829 5538 vocabulum
1882 5485 2029 5540 admi

2321 5492 2392 5556 ,οί
2417 5491 2893 5562 οἰκοδομοῦντες,
2918 5489 3097 5563 οὗτος
3115 5494 3368 5565 ἐγενήθη
3392 5496 3478 5562 εὶς
3498 5462 3844 5570 κεφαλὴν

609 5628 654 5662 ⁸⁷
679 5631 815 5690 Gen.
860 5652 1008 5705 ms,
1048 5640 1106 5705 8,
1161 5642 1214 5698 9.
1320 5645 1364 5677 ⁸⁸
1393 5644 1633 5705 ibid.i0.
1747 5648 1791 5682 ³⁸
1820 5648 1925 5705 lsa.
1978 5653 2021 5708 Cl

498 5693 544 5730 ⁸⁸
587 5699 787 5755 Ezech.
821 5722 1000 5755 nunc-
1033 5710 1125 5755 ἐκ-
1202 5714 1246 5747 ιι
1285 5714 1363 5755 Ian
1431 5732 1484 5755 η
1543 5720 1637 5755 L6)
1692 5720 1725 5755 κ
1822 5722 1870 5753 ιι
1901 5721 2021 5755 Dant

2315 5655 2651 5755 γεὸτι-ι...
2685 5655 2972 5755 11ςοιθιίιιιιιιι.
2998 5657 3312 5755 ¹ξιι,
3346 5672 3516 5755 fleas;

635 5705 787 5760 zech.
820 5722 1002 5775 χχχιι,
1033 5710 1125 5769 25.
1202 5714 1246 5747 δ’
1285 5714 1386 5773 lsa.
1430 5732 1506 5785 χι,
1543 5720 1658 5787 1-2,
1691 5720 1746 5776 5.
1822 5722 1870 5753 “
1900 5705 2158 5782 Psall'cxi

2314 5705 2527 5792 etas.
2555 5705 2651 5758 Ἧι
2682 5705 3312 5795 ΜαῦιῖξῖὶιξῐὲἰὺΪ¹
3346 5705 3679 5796 “131.1%:
3723 5705 3837 5789 ἱῖξ

572 5838 683 5915 (95)
718 5844 869 5901 "Eur
897 5847 974 5904 ἂν
1001 5850 1148 5921 ἔλθῃ
1173 5845 1221 5921 ᾧ
1246 5852 1574 5912 ἀπόκειται.
1608 5855 1737 5916 Haec
1784 5857 1978 5918 desunt
2010 5863 2061 5919 in
2094 5892 2095 5905 ι

2226 5877 2329 5920 one
2360 5858 2562 5931 Huctii,
2588 5863 2679 5921 scd
2708 5866 3066 5923 restituuntur
3097 5881 3126 5921 c
3169 5864 3353 5921 codice
3376 5862 3745 5929 Bodleiano.
