3856 6542
114 448 183 501 65
1201 441 1566 501 COMMENT.
1607 440 1672 501 ΙΝ

1786 443 1901 499 AN.
1940 443 2180 503 TOMUS
2207 445 2248 502 l.
3295 454 3366 513 66

112 562 354 630 γωνιάςς
385 558 512 625 Πᾶς
547 562 581 614 ό
609 558 815 614 πεσὼν
837 558 937 613 ἐπὶ
968 558 1074 613 τὸν
1095 559 1271 614 ,λίθον
1303 558 1517 614 τοῦτον
1541 575 1672 613 συν·

1792 567 2005 615 tentes:
2040 570 2296 633 tanquam
2342 562 2550 634 liqueat
2595 564 2723 635 quid
2757 565 2829 623 sit
2864 565 3034 625 Filius
3067 567 3196 635 Dei,
3225 567 3363 624 Ver-

112 652 517 719 θλασθήσεται
544 668 557 683 ⁸
605 652 699 721 ἐφ’
729 652 801 706 ὃν
828 651 882 705 δ’
908 650 986 705 ἂν
1023 649 1208 720 πέσῃ,
1250 650 1537 722 λικμήσει
1591 653 1692 707 αὐ-

1794 650 1922 706 bum
1948 663 2305 724 nuncupatus,
2336 653 2497 726 idque
2525 666 2637 713 tum
2664 659 2898 717 maxime
2924 661 3069 729 quod
3099 660 3357 719 continue

109 744 229 796 τόν.
259 744 346 795 Ἑν
376 742 437 795 δὲ
467 747 591 806 ταῖς
623 742 894 813 Πράξεσιν
916 746 945 798 ὁ
979 745 1193 808 Λουκᾶς
1230 744 1463 816 γράφει’
1503 739 1672 812 Οὗτός

1792 751 2015 797 utantur
2042 744 2144 800 hoc
2178 745 2352 802 dicto:
2392 744 2670 803 Eructavit
2709 766 2801 804 cor
2829 766 3000 805 meum
3029 752 3242 806 verbum
3275 751 3367 806 bo-

109 834 273 886 ἐστιν
294 836 328 887 ὀ
345 835 522 901 ,λίθος
554 837 587 888 ό
615 835 1037 902 ἐξουδενωθεὶς
1070 838 1171 906 ὑφ’
1199 836 1367 907 ὑμῶν
1392 836 1509 891 τῶν
1528 839 1688 893 οἱκο-

108 924 317 991 ὃὸμων,
357 927 392 978 ὁ
418 926 744 994 γενόμενος
786 928 874 992 εἰς
906 927 1182 997 κεφαλὴν
1213 927 1450 998 γωνίας.
1483 928 1579 982 Ἓν
1630 927 1689 982 δὲ

110 1014 214 1068 τῶν
254 1017 349 1068 ἐπὶ
406 1016 502 1070 τοῦ
551 1017 802 1090 Σωτῆρος
844 1018 1194 1090 τεταγμένων
1236 1019 1535 1092 ὀνομάτων,
1570 1019 1688 1076 ἀλλ’

109 1106 205 1175 οὑχ
242 1107 333 1158 ὑπ’
365 1107 539 1161 αὑτοῦ
571 1108 883 1179 λεγόμενον,
914 1110 1020 1163 ὑπὸ
1046 1110 1105 1164 δὲ
1132 1111 1226 1164 τοῦ
1272 1112 1518 1166 Ἰωάννου
1557 1113 1689 1169 ἀνα-

110 1199 511 1268 γεγραμμένον,
548 1198 664 1252 ἒστι
700 1199 795 1253 καὶ
826 1200 855 1252 ὀ
895 1201 953 1252 ἐν
1006 1200 1150 1272 ἀρχῇ
1196 1201 1367 1271 Λόγος
1416 1204 1550 1274 πρὸς
1595 1204 1687 1257 τὸν

110 1286 238 1340 Θεὸν
252 1287 380 1349 Θεὸς
408 1287 603 1355 Λόγος.
642 1289 752 1342 Καὶ
777 1289 923 1344 ἔστιν
954 1289 1103 1356 ἄξιον
1120 1292 1413 1362 ἐπιστῆσαι
1428 1295 1540 1359 τοῖς
1574 1294 1682 1365 (96)

114 1378 178 1431 τὰ
229 1379 467 1433 τοσαῦτα
506 1379 617 1432 τῶν
665 1381 1081 1453 ὀνομαζομένων
1134 1386 1682 1459 παραπεμπομένοις,

113 1471 201 1523 καὶ
229 1470 403 1543 τούτῳ
429 1471 506 1535 ὡς
536 1472 800 1545 ἐξαιρέτῳ
830 1475 1154 1546 χρωμένοις,
1180 1478 1275 1531 καὶ
1303 1478 1462 1534 πάλιν
1486 1481 1687 1535 ἐπικεί-

116 1580 262 1631 μενον
285 1565 387 1633 μὲν
412 1563 524 1634 (97)
548 1564 796 1637 διήγησιν
824 1567 1095 1638 ζητοῦσιν,
1118 1568 1172 1621 εί
1190 1586 1273 1633 τις
1302 1570 1488 1634 αὑτοῖς
1512 1588 1685 1644 προσ-

109 1658 223 1724 ἀγοι
250 1655 413 1715 αὑτά.
453 1657 548 1709 ἐπὶ
593 1657 651 1711 δὲ
693 1658 868 1730 τούτῳ
901 1659 1032 1731 (98),
1068 1661 1143 1726 ὼς
1185 1663 1353 1732 σαφὲς
1387 1666 1684 1737 προσιεμέ-

111 1764 213 1811 νοις
241 1747 301 1800 τδ
320 1748 374 1801 τί
404 1749 541 1801 ποτέ
572 1750 721 1803 ἐστιν
752 1753 780 1804 ό
810 1751 937 1816 Υἱὸς
958 1752 1052 1807 τοῦ
1083 1754 1220 1808 Θεοῦ
1254 1756 1429 1825 Λόγος
1482 1758 1684 1830 ὀνομα-

116 1838 345 1909 ζόμενος,
390 1841 488 1893 καὶ
538 1841 772 1912 μάλιστα
820 1844 942 1898 ἐπεὶ
988 1847 1225 1918 συνεχῶς
1280 1848 1521 1921 χρῶνται
1567 1851 1677 1923 τῷ,

1792 849 1917 889 num
1945 832 2012 900 “,
2046 835 2425 894 existimantes
2473 839 2667 894 Filium
2718 841 2812 896 Dei
2862 852 3144 911 patet-nam
3184 844 3365 913 prola-

1793 924 1994 981 tionem
2014 941 2135 983 esse
2166 937 2418 998 tauquam
2452 931 2505 985 in
2534 930 2758 1002 syllabis
2785 934 3048 1004 positam;
3082 944 3134 990 et
3161 936 3365 992 idcirco

1789 1017 2103 1089 hypostasiu
2132 1058 2150 1085 ,
2194 1020 2303 1093 26
2337 1022 2828 1094 et_subsistentiam
2863 1025 2939 1080 illi
2969 1066 2987 1094 ,
3034 1027 3078 1083 si
3112 1039 3366 1084 accurate

1790 1108 1934 1178 ipsos
1951 1110 2365 1182 interrogemus,
2388 1092 2495 1168 non
2524 1115 2847 1182 tribuentes,
2873 1133 3045 1187 neque
3072 1120 3362 1176 essentiam

1788 1199 1905 1270 ejus
1927 1202 2306 1272 explanantes,
2339 1206 2573 1260 nondum
2604 1206 2836 1263 dicimus
2864 1209 3023 1265 talem
3050 1212 3130 1266 vel
3163 1212 3322 1267 talem
3346 1254 3363 1281 ,

1787 1295 1883 1350 sed
1917 1298 2409 1369 quomodocunque
2438 1299 2757 1355 essentiam.
2790 1300 3025 1357 Verbum
3060 1305 3205 1359 enim
3230 1322 3359 1376 pro-

1786 1387 2091 1445 nuntiatum
2124 1389 2428 1460 intelligere
2456 1392 2541 1447 vel
2568 1394 2810 1465 vulgaris
2842 1396 3021 1466 quivis
3053 1406 3263 1467 potest;
3303 1407 3358 1453 at

1785 1480 2098 1536 renuntient
2142 1481 2298 1538 nobis
2330 1493 2382 1539 et
2428 1484 2710 1553 proferant
2760 1486 2997 1543 Verbum
3033 1489 3135 1543 tale
3173 1504 3270 1557 per
3303 1505 3362 1545 se

1785 1571 1991 1639 vivere,
2018 1574 2161 1643 quod
2195 1573 2278 1630 vel
2308 1590 2413 1630 non
2453 1576 2523 1631 sit
2550 1589 2861 1648 separatum
2890 1596 2918 1633 a
2959 1579 3144 1647 Patre,
3172 1589 3227 1637 et
3256 1584 3360 1637 hac

1783 1661 1947 1717 etiam
1999 1664 2211 1719 ratione
2262 1680 2440 1735 neque
2480 1669 2785 1734 subsistat,
2838 1686 3012 1740 neque
3046 1672 3121 1727 sit
3150 1672 3356 1739 Filius;

1785 1754 1869 1808 vel
1894 1756 2037 1825 quod
2064 1756 2135 1810 sit
2160 1770 2492 1825 separatum,
2523 1768 2577 1814 et
2606 1760 2964 1816 substantiam
2997 1763 3193 1819 habeat
3220 1765 3361 1819 Deus

1787 1845 2048 1901 Verbum.
2097 1845 2284 1917 Itaque
2318 1849 2605 1905 dicendum
2654 1861 2738 1907 est
2788 1869 2893 1907 non
2948 1868 3104 1910 secus
3135 1869 3164 1909 a
3205 1856 3359 1911 nobis

129 1931 501 2000 Ἐξηρεύξατο
598 1935 811 2003 καρδία
826 1955 947 2007 μου
1176 1910 1422 2011 ἀγκέῦὸν,
1440 1910 1672 2016 οἰόμενοι

1785 1937 1898 1994 ﬁeri
1933 1938 2153 2004 debere,
2187 1954 2311 1995 cum
2346 1943 2607 2000 vocabqu
2637 1941 2802 1999 Verbi
2854 1945 2946 2000 ille
2992 1956 3354 2018 nuncupatur,

112 2026 379 2098 προφορὰν
417 2029 693 2101 πατρικὴν
739 2031 901 2084 οἱονεὶ
946 2033 1005 2086 ἐν
1060 2033 1350 2102 συλλαϐαῖς
1416 2039 1676 2111 κειμένην

111 2114 235 2171 εἶναι
264 2119 357 2171 τὸν
387 2120 520 2172 Υἱὸν
552 2121 645 2173 τοῦ
690 2121 849 2188 Θεοῦ,
885 2123 980 2177 καὶ
1023 2126 1164 2180 κατά
1188 2126 1347 2182 τοῦτο
1381 2129 1676 2185 ὑπόστασιν

111 2210 266 2281 αὑτῷ,
296 2211 345 2262 εξ
375 2212 628 2282 ἀκριϐῶς
663 2214 843 2269 αὐτῶν
870 2215 1293 2290 πυνθανοίμεθα,
1320 2221 1381 2274 οὑ
1420 2222 1673 2289 διδόασιν,

110 2300 218 2354 οὑδέ
276 2303 469 2357 οὑσὶαν
526 2304 693 2358 αὑτοῦ
752 2306 1169 2377 σαφηνίζουσιν,
1226 2311 1435 2368 οὐδέπω
1495 2316 1675 2386 φαμὲν

109 2391 310 2455 τοιόνδε,
338 2392 371 2463 ἧ
398 2393 631 2459 τοιάνδε,
663 2394 776 2447 ἀλλ’
810 2396 957 2460 ὅπως
979 2398 1108 2451 ποτέ
1135 2399 1345 2456 οὐσίαν.
1366 2402 1540 2472 Λόγον
1565 2405 1673 2477 γὰρ

110 2482 572 2555 ἀπαγγελλόμενον
620 2487 734 2540 υἱὸν
768 2482 907 2541 εἶναι
947 2489 1137 2560 νοῆσαι
1182 2491 1275 2545 καὶ
1326 2492 1405 2565 τῷ
1452 2496 1672 2567 τυχόντι

111 2573 241 2627 ἐστὶν
264 2576 549 2646 ἀμήχανον
569 2593 583 2607 ’
623 2577 719 2630 καὶ
750 2577 920 2647 Λόγον
936 2578 1178 2636 τοιοῦτον
1210 2579 1390 2647 ζῶντα
1423 2586 1517 2639 καὶ
1556 2588 1673 2658 ἤτοι

109 2663 161 2714 ὠ
203 2667 609 2737 κεχωρισμένον
650 2667 747 2721 τοῦ
807 2669 1039 2741 Πατρὸς,
1085 2672 1183 2726 καὶ
1221 2675 1361 2730 κατά
1409 2677 1568 2732 τοῦτο
1595 2678 1675 2750 τῷ

114 2755 179 2825 μὴ
200 2756 497 2824 ὑφεστάναι
523 2759 646 2813 οὑδὲ
678 2760 805 2816 Υἰὸν
841 2765 1196 2833 τυγχάνοντα,
1232 2766 1266 2838 ἢ
1304 2768 1399 2822 καὶ
1440 2787 1672 2843 κεχωρι-

114 2845 289 2914 σμένον
318 2848 417 2900 καὶ
441 2848 800 2920 οὐσιωμένον,
834 2853 1323 2923 ἀπαγγελλέτωσαν
1362 2860 1491 2931 ἡμῖν
1540 2860 1674 2917 Θεὸν

116 2935 284 3004 Λόγον.
329 2940 575 2993 Λεκτέον
607 2936 722 3007 οὖν,
759 2943 861 3007 ὅτι,
890 2944 1082 3019 ὥσπερ
1133 2949 1257 3003 καθ’
1294 2951 1522 3006 ἕκαστον
1563 2954 1672 3009 τῶν

117 3028 509 3098 προειρημένων
536 3030 812 3104 ὀνομάτων
840 3036 947 3091 ἀπὸ
978 3039 1075 3111 τῆς
1109 3040 1403 3113 ὀνομασίας
1427 3045 1670 3101 ἀναπτυ-

112 3117 248 3171 κτέον
266 3120 363 3190 τὴν
384 3120 597 3176 ἔννοιαν
621 3125 715 3178 τοῦ
739 3128 1161 3202 ὀνομαζομένου,
1190 3133 1284 3188 καὶ
1299 3136 1673 3209 ἐφαρμοστέον

1778 2038 1943 2098 atque
1972 2028 2200 2086 facimus
2232 2032 2550 2103 singillatim
2596 2033 2651 2088 in
2691 2035 3005 2092 nominibus
3040 2040 3311 2108 praedictis
3339 2080 3354 2102 ,

1777 2135 1899 2175 cum
1932 2135 1997 2176 ex
2028 2124 2369 2194 proprietate
2416 2125 2654 2181 nominis
2686 2126 3021 2195 explicatuus
3056 2130 3355 2203 intelligen-

1778 2220 1908 2272 tiam
1936 2218 2013 2270 rei
2041 2218 2349 2281 nominatre,
2378 2232 2609 2287 cumque
2647 2228 2826 2274 certas
2857 2221 3093 2277 rationes
3133 2223 3356 2293 adapta—

1776 2320 1896 2362 mus
1933 2305 2001 2360 ad
2035 2306 2413 2375 explicandum
2448 2307 2720 2376 quomodo
2773 2307 2946 2365 Filius
2996 2308 3092 2365 Dei
3134 2311 3234 2367 hoc
3269 2315 3354 2367 vel

1777 2396 1871 2452 illo
1906 2397 2126 2453 nomine
2152 2407 2514 2468 nuncupetur.
2546 2398 2676 2465 Quae
2702 2400 2847 2454 enim
2879 2415 2963 2456 est
2996 2403 3108 2458 haec
3141 2406 3349 2473 privata

1776 2489 2002 2544 istorum
2037 2490 2258 2555 electio,
2289 2505 2393 2544 non
2426 2488 2681 2545 insistere
2705 2491 2757 2547 in
2785 2492 3013 2563 singulis
3044 2496 3350 2567 quibusque

1774 2578 2070 2651 spectando
2118 2580 2225 2634 vim
2258 2580 2507 2636 vocabuli
2535 2620 2549 2645 ,
2606 2582 2699 2638 sed
2728 2623 2744 2648 ,
2777 2593 2834 2638 ut
2863 2586 2933 2640 ita
2966 2587 3140 2642 dicam
3163 2630 3178 2655 ,
3226 2604 3349 2643 cum

1774 2671 2091 2740 quaesierint
2124 2673 2398 2746 quomodo
2429 2676 2650 2741 ostium,
2691 2680 2961 2746 quomodo
2994 2681 3180 2748 vitem,
3218 2697 3353 2753 qua-

1776 2776 1901 2817 nam
1937 2763 2099 2818 etiam
2129 2765 2195 2819 de
2223 2780 2387 2822 causa
2422 2769 2723 2842 intelligere
2752 2774 3048 2829 debeamus
3077 2790 3204 2831 eum
3233 2790 3352 2835 esse

1772 2850 1937 2916 viam,
1971 2852 2114 2909 idem
2146 2857 2319 2913 solum
2352 2876 2458 2914 non
2496 2861 2675 2918 facere
2699 2903 2715 2930 ,
2745 2880 2868 2919 cum
2899 2865 3054 2920 audis
3093 2880 3216 2921 eum
3246 2868 3349 2923 dici

1774 2941 1827 2996 in
1861 2941 2163 3014 Scripturis
2191 2947 2473 3006 Verbum?
2510 2952 2577 3008 Ut
2605 2968 2736 3025 ergo
2762 2955 3072 3027 diligentius
3096 2972 3163 3016 ac
3193 2975 3349 3017 reve-

1772 3036 1984 3093 rentius
2036 3053 2395 3111 assequamur
2443 3058 2506 3099 ea
2556 3060 2677 3115 quae
2716 3046 2916 3103 dicturi
2953 3064 3140 3106 sumus
3192 3051 3244 3107 in
3280 3067 3345 3110 ea

1773 3142 1878 3196 qua
1902 3129 1967 3184 de
2000 3130 2199 3201 agitur,
2229 3134 2621 3205 disputatione,
2644 3138 2857 3195 scilicet
2886 3143 3156 3211 quomodo
3179 3143 3350 3200 Filius

108 3209 235 3275 μετά
266 3212 613 3279 ἀποδείξεως,
642 3216 759 3280 πῶς
778 3220 805 3271 ό
828 3218 963 3293 Υἱὸς
988 3220 1083 3274 τοῦ
1118 3221 1253 3278 Θεοῦ
1281 3225 1439 3281 τοῦτο
1461 3228 1521 3281 τὺ
1552 3229 1668 3284 δνο-

1785 3218 1873 3276 Dei
1913 3222 2125 3277 dicatur
2148 3238 2270 3280 esse
2299 3225 2531 3283 Verbum
2560 3245 2590 3284 a
2627 3209 2935 3309 nominibus
2967 3235 3160 3305 ipsius,
3188 3239 3348 3294 nobis

107 3317 174 3369 μα
226 3298 360 3357 εἶναι
412 3306 653 3375 λέγεται,
698 3309 871 3377 οὑτως
898 3314 990 3367 καὶ
1026 3314 1118 3369 ἐπὶ
1152 3316 1246 3370 τοῦ
1290 3319 1463 3389 Λόγον
1506 3323 1669 3377 αὑτὸν

1785 3326 1804 3363 a
1839 3312 2108 3383 principio
2137 3318 2458 3386 propositis,
2499 3304 2823 3393 incipiamus
2853 3298 3074 3385 necesse
3106 3298 3210 3387 est.
3239 3331 3350 3387 Nec

103 3392 448 3485 ὀνομάζεσθαι
485 3401 761 3471 ποιητέον.
800 3404 899 3469 Τίς
928 3405 1036 3480 γὰρ
1078 3409 1111 3481 ἡ
1155 3410 1540 3484 ἀποκλήρωσις
1580 3418 1667 3485 ἐφ’

104 3484 208 3550 ἑνὸς
238 3489 338 3557 μὲν
368 3491 600 3545 ἑκάστου
631 3493 704 3565 μὴ
737 3494 985 3550 ἵστασθαι
1018 3499 1110 3552 ἐπὶ
1141 3501 1241 3573 τῆς
1278 3501 1497 3569 λέξεως,
1531 3484 1667 3561 ἀλλά

105 3574 224 3647 φέρε
249 3580 425 3633 εἰπεῖν
457 3581 663 3652 ζητεῖν,
699 3584 816 3646 πῶς
848 3586 1009 3641 αὑτὸν
1034 3589 1316 3645 ἐκδεκτέον
1342 3594 1531 3667 θύραν,
1567 3599 1664 3652 καὶ

102 3669 212 3723 τίνα
240 3671 442 3742 τρόπον
462 3673 729 3744 ἄμπελον,
760 3677 881 3731 τίνα
910 3695 970 3731 τε
996 3680 1175 3737 αἰτίαν
1201 3682 1309 3756 (99)
1333 3685 1473 3751 ὁδὸν,
1499 3688 1593 3743 ἐπὶ
1613 3691 1672 3745 δὲ

104 3760 252 3829 μόνου
278 3763 371 3817 τοῦ
386 3766 561 3834 Λόγον
582 3767 744 3821 αὑτὸν
767 3770 1179 3844 ἀναγεγράφθαι
1205 3776 1267 3829 τὸ
1292 3777 1673 3852 παραπλήσιον

100 3852 153 3902 οὑ
184 3856 472 3924 ποιητέον;
512 3858 633 3913 Ἵνα
674 3860 853 3915 τοίνυν
908 3863 1108 3933 μᾶλλον
1151 3865 1671 3943 δυσωπητικώτερον

102 3945 522 4017 παραδεξὼμεθα
550 3949 618 4003 τὰ
644 3950 1016 4024 λεχθησόμενα
1048 3959 1129 4022 είς
1170 3958 1240 4012 τά
1267 3961 1393 4031 περὶ
1416 3961 1511 4015 τοῦ
1554 3963 1671 4029 πῶς

104 4033 263 4102 Λόγος
308 4038 457 4091 ἐστὶν
495 4041 525 4093 ὀ
572 4040 700 4105 Υἱὸς
728 4043 822 4097 τοῦ
853 4044 1009 4109 Θεοῦ,
1042 4048 1274 4120 ἀρκτέον
1309 4050 1417 4105 ἀπὸ
1457 4052 1566 4107 τῶν
1607 4055 1666 4121 ἐξ

104 4123 263 4195 ἀρχῆς
308 4128 441 4197 ἡμῖν
473 4130 843 4207 προτεθέντων
882 4137 1162 4208 ὀνομάτων
1204 4141 1390 4196 αὑτοῦ.
1433 4145 1541 4198 Καὶ
1583 4146 1664 4200 ὅτι

105 4216 189 4283 μὲν
212 4217 358 4283 δόξει
384 4223 494 4274 τισὶ
529 4222 734 4295 σφόδρα
770 4228 1173 4299 παρεκϐατικὸν
1203 4229 1342 4288 εἶναι
1388 4236 1449 4290 τὸ
1487 4237 1663 4291 τοιοῦ-

99 4318 197 4369 τον,
219 4308 321 4361 οὑκ
343 4311 677 4384 ἀγνοοῦμεν·
726 4315 865 4389 πλὴν
911 4321 1267 4393 ὲπιστήσαντι
1312 4326 1407 4381 καὶ
1434 4328 1569 4401 πρὸς
1602 4330 1663 4385 τὸ

1775 3401 2091 3474 ignoramus
2121 3406 2239 3464 fore
2286 3409 2497 3480 aliquos
2531 3414 2729 3482 quibus
2761 3414 3025 3483 ejusmodi
3076 3419 3343 3492 digressio

1775 3493 1947 3563 major
1976 3510 2139 3564 quam
2172 3513 2269 3568 pro
2304 3502 2382 3556 rei
2419 3504 2745 3560 necessitate
2785 3520 2907 3563 esse
2938 3509 3223 3567 videatur:
3262 3525 3346 3568 at-

1774 3593 1954 3642 tamen
1988 3588 2226 3644 animum
2276 3592 2557 3650 adhibenti
2607 3598 2685 3654 rei
2720 3599 2786 3653 de
2833 3614 2938 3670 qua
2989 3604 3186 3670 agitur,
3238 3620 3345 3661 non

1770 3694 1962 3749 parum
1994 3681 2126 3737 utile
2164 3681 2331 3740 fuerit
2366 3687 2655 3758 explorare
2686 3706 2881 3760 sensa,
2912 3693 2979 3748 de
3006 3696 3204 3766 quibus
3247 3715 3346 3752 no-

1768 3771 1912 3826 mina
1953 3783 2259 3842 ponuntur,
2311 3792 2540 3847 quorum
2583 3783 2749 3838 etiam
2791 3784 3162 3842 consideratio
3198 3789 3344 3843 utilis

1766 3863 1871 3917 erit
1898 3865 1967 3918 ad
2006 3879 2092 3919 res
2133 3882 2253 3936 qua:
2288 3870 2711 3941 subsequuntur.
2746 3876 2984 3938 Proinde
3025 3896 3146 3935 cum
3180 3882 3343 3935 semel

1768 3957 1820 4011 in
1852 3957 2174 4028 theologiam
2207 3961 2274 4029 de
2307 3959 2599 4018 Servatore
2634 3965 3009 4031 inciderimus.
3057 3971 3340 4026 invenien-

1775 4060 1854 4105 tes
1879 4089 1896 4117 ,
1924 4049 2201 4121 diligentia
2239 4052 2501 4120 adhibita,
2549 4071 2668 4125 (ιιιεε
2699 4059 2764 4112 de
2803 4059 2894 4115 illo
2921 4061 3175 4118 feruntur
3201 4100 3219 4124 ,
3253 4077 3341 4117 nc-

1771 4143 2014 4198 ccssario
2044 4159 2148 4197 non
2181 4153 2390 4201 tantum
2423 4163 2546 4203 eum
2576 4167 2636 4207 ea
2664 4168 2821 4223 parte
2848 4157 3344 4216 considerabimus,

1769 4250 1873 4307 qua
1914 4234 2087 4304 Λόγος
2135 4235 2213 4308 [id
2255 4248 2339 4293 est
2387 4236 2621 4296 Verbum
2674 4253 2729 4300 et
2769 4246 2930 4319 ratio]
2968 4246 3201 4311 dicitur;
3249 4246 3345 4300 sed

1768 4329 1930 4384 etiam
1961 4329 2196 4398 plenius,
2231 4337 2286 4385 et
2317 4331 2537 4390 uberius
2568 4352 2664 4407 pro
2713 4339 2856 4393 virili
2892 4350 3102 4405 nostra,
3134 4340 3342 4408 reliqua

100 4401 445 4470 ipozzittsvov
483 4406 753 4477 χρήσιμον
804 4408 955 4465 ἔσται
1002 4412 1066 4465 τὸ
1100 4413 1390 4484 βασανίσαι
1430 4420 1528 4485 τὰς
1574 4424 1661 4476 ἐν-

1785 4422 2029 4478 vocabula
2066 4422 2264 4492 quibus
2296 4401 2617 4494 appellatur,
2646 4431 3024 4487 tractabimus.

99 4491 250 4558 νοίας,
280 4498 407 4551 καθ’
446 4494 522 4554 ὧν
564 4500 634 4555 τὰ
680 4504 919 4576 ὀνόματα
965 4512 1161 4574 κεῖται,
1215 4514 1310 4568 καὶ
1344 4517 1571 4588 προόδου
1608 4518 1715 4573 τῶν
1765 4519 2179 4591 ἐπιφερομένων
2216 4491 2447 4592 ὑπάρξει
2490 4523 2522 4597 ἧ
2568 4491 2895 4601 κατανόησις
2928 4527 3037 4584 τῶν
3087 4527 3346 4602 πραγμά-

97 4600 210 4639 των.
242 4588 425 4656 ’Δπαξ
465 4592 522 4646 δὲ
570 4596 652 4660 εἰς
693 4595 791 4668 τὴν
842 4600 969 4671 περὶ
996 4600 1091 4655 τοῦ
1140 4604 1392 4676 Σωτῆρος
1432 4606 1709 4676 θεολογίαν
1774 4588 2108 4679 ἐμπεσόντες
2137 4648 2153 4673 ,
2201 4588 2522 4678 ἀναγκαίως
2562 4615 2663 4687 ὅση
2716 4588 2945 4689 δύναμις
2988 4619 3064 4690 (1)
3111 4588 3177 4673 τά
3213 4588 3345 4690 περὶ

100 4680 250 4736 αὑτοῦ
289 4684 433 4754 μετά
481 4687 712 4762 ἐρεύνης
746 4693 1133 4764 εὑρίσκοντες,
1182 4697 1549 4771 πληρέστερον
1592 4703 1757 4757 αὑτὸν
1801 4702 1861 4754 οὑ
1918 4701 2077 4772 μόνον
2122 4695 2156 4776 ᾖ
2202 4701 2371 4773 Λόγος
2415 4705 2533 4760 ἐστὶ
2588 4680 2885 4781 νοησομεν,
2926 4680 3077 4764 ἀλλά
3134 4711 3228 4765 καὶ
3274 4680 3344 4765 τὰ

154 4869 241 4925 ει.
280 4870 508 4940 Ἔλεγεν
530 4868 622 4927 οὖν
649 4875 842 4932 ἐαυτδν
869 4873 1010 4935 εἶναι
1033 4880 1151 4952 φῶς
1194 4881 1289 4936 τοῦ
1318 4885 1545 4957 κόσμου,
1584 4890 1678 4944 καὶ

152 4988 199 5021 ⁸⁸
230 4988 375 5043 Psal.
408 5006 555 5056 mv,
583 4993 636 5048 l.

156 5110 269 5186 (961
293 5112 405 5166 Kal
448 5110 626 5186 «ξᾳτιν
655 5113 829 5179 ἄξιον
862 5115 1185 5186 ἐπιστῆσαι
1217 5117 1372 5185 τοῖς,
1413 5129 1517 5176 etc.
1551 5121 1660 5178 Va-

103 5178 759 5259 lentiniianos_.__Marcosios
777 5197 831 5259 et
857 5178 1203 5259 golarbasios
1225 5178 1499 5259 sug'gillat.
1528 5191 1660 5249 Vide

100 5247 495 5328 lrenatim,_lib.
525 5269 578 5328 t,_
592 5270 711 5324 cap.
739 5256 824 5321 10;
855 5256 1234 5328 Epiphanium,
1265 5247 1653 5328 hié'restXIv,

104 5321 760 5396 quia‘atblarcosiorum,
791 5321 914 5396 cap.
937 5321 993 5391 ι,
1017 5338 1072 5383 et
1099 5328 1359 5384 Hilarium
1388 5331 1481 5387 lib.
1505 5348 1536 5386 ι
1576 5321 1653 5387 οὲ

1858 4891 1950 4947 24.
2000 4892 2133 4949 Cum
2185 4907 2316 4965 ergo
2362 4893 2565 4950 dixerit
2608 4894 2846 4965 seipsum
2897 4896 3072 4951 lucem
3128 4898 3337 4964 mundi,

1768 5127 2299 5220 gostrmitheologtts,
2323 5132 2510 5220 eadem
2538 5133 2591 5220 in
2624 5132 2715 5187 illo
2744 5133 3095 5216 reprehendit
3128 5137 3336 5220 quae-in

1768 5193 2161 5274 Valentinianis
2180 5193 2301 5268 ipse
2321 5206 2597 5273 carpebat,
2629 5204 2786 5274 quasi
2806 5193 2981 5260 'suam
3001 5246 3018 5274 ,
3053 5193 3161 5262 ιιοιῖ
3214 5207 3336 5264 illu-

1764 5270 2239 5340 run]_sententiain
2270 5270 2610 5340 protulisset.
2639 5273 2902 5329 HUETIUS.

1832 5334 2390 5413 (Q7)_’E:rtxslpéror
2428 5343 2559 5406 μέν,
2586 5353 2691 5397 etc.
2751 5342 3063 5413 Legendum
3101 5346 3336 5403 fortasse

106 5387 277 5484 frixit.
340 5393 515 5460 Quam
569 5387 870 5484 ti‘mpiortuu'
934 5387 1310 5454 haereticorum
1368 5402 1650 5484 .nel'ariam

1995 5387 2370 5411 _-------,._.-,
2428 5387 2559 5406 μω,
2589 5387 2691 5397 -.υ

1785 5405 1851 5484 rel
1878 5407 1964 5460 ἐπ’
1991 5409 2220 5484 ἐκείνοις
2251 5412 2367 5484 μέν,
2406 5413 2557 5484 quod
2602 5426 2906 5484 opponetur
2953 5416 3078 5472 huic
3129 5417 3224 5471 imi
3278 5418 3334 5475 δὲ

104 5459 383 5552 goctrinam
416 5473 537 5532 post
548 5459 819 5552 'Qrigenis
858 5474 1097 5552 tempora
1131 5470 1428 5552 renovavit.
1456 5470 1654 5526 Paulus
1759 5459 1941 5552 radi:qu
1962 5459 2383 5552 qijb'ri'ﬁisbﬁitié
2409 5459 2674 5552 ξέᾷιῖἰιιῖπῗ.

103 5525 500 5601 §amosatenus.
548 5525 900 5601 Philvastrius,
939 5525 1133 5593 h'aares.
1164 5554 1314 5594 μιν.
1366 5539 1466 5596 Hic
1518 5525 1651 5599 vero

1828 5546 1942 5617 (98)
1985 5548 2110 5602 Ἐπὶ
2138 5546 2210 5603 δὲ
2241 5552 2449 5617 τούτῳ.
2482 5546 2573 5607 Sic
2599 5561 2751 5609 recte
2781 5553 2946 5609 habet
2977 5555 3147 5611 codex
3196 5556 3304 5614 Bod
3323 5580 3339 5592 -

105 5597 333 5683 Qrigepis
370 5603 544 5683 locus
572 5604 644 5683 iis
691 5597 1062 5683 adjungendus
1110 5619 1194 5663 est
1217 5624 1377 5683 Δ(ιιιοε
1434 5597 1651 5682 collegit
1754 5597 2850 5679 usus{sauiaannuntiabat
2878 5626 2935 5679 δὲ
2964 5597 3189 5683 τούτῖυν.

106 5664 396 5745 Pamphilus
417 5673 469 5728 in
507 5664 785 5745 Apologia:
809 5664 885 5729 ut“
893 5692 1079 5732 eorum
1105 5664 1409 5736 confutaret
1442 5664 1650 5737 ἒεὲιιίἓίίέ

106 5739 1100 5823 niam‘quiperversoﬁuicValentini
1162 5749 1400 5823 dogmati
1453 5751 1648 5823 Orige-

1958 5690 2096 5772 ξένα
2107 5707 2172 5772 ξε
2184 5691 2599 5772 αίτίανηϐοιίβξ
2611 5694 2958 5772 Bodleiapus,
2974 5696 3145 5772 τίνι
3162 5698 3331 5772 αἰτίᾳ.

1847 5760 1899 5829 1)
1916 5757 2368 5840 "gon-durante.
2387 5764 2536 5840 Apud
2559 5764 2807 5840 liuetium
2832 5757 3065 5840 legituri)
3084 5757 3331 5840 δύναμις.

109 5821 207 5863 nem
228 5812 449 5871 haesisse
477 5812 789 5907 jactahanlt.
810 5815 889 5907 Ad
918 5816 1031 5872 haec
1087 5812 1295 5903 autem.
1317 5821 1443 5891 ejus,
1477 5812 1643 5907 verba
1748 5826 1802 5907 in
1825 5812 2368 5907 ‘eodicelBodl‘ei'auo
2387 5812 3065 5907 ’,ἛξῘῆ“’ἐόνᾶμιξῗ“ἒὲᾶ

109 5891 207 5934 cum
237 5899 339 5940 non
383 5886 525 5942 satis
573 5889 893 5942 attendisset
941 5886 1441 5957 praestantissimus
1468 5895 1644 5951 aetatis
1746 5898 2033 5969 legendum
2061 5900 2161 5972 ὅση
2192 5886 2439 5975 δύναμις,
2468 5886 2536 5961 iii
2551 5886 2612 5962 in.
2641 5886 3027 5962 nasua‘t’éxdn'.
