3922 6548
575 452 639 503 67
2031 452 2351 513 ORIGENIS
3753 462 3825 517 68

571 575 734 629 etiam
763 576 1036 649 proxima,
1059 584 1116 632 et
1140 574 1338 633 similia
1369 575 1499 632 huic
1520 577 1659 641 voci,
1685 588 1805 646 quae
1826 574 2124 645 quibusdan

2244 575 2314 628 τὰ
2343 574 2721 648 παρακείμενα
2766 576 2937 649 ταύτῃ
2974 580 3041 649 τῇ
3076 578 3341 651 ὀνομασίᾳ
3380 575 3821 647 συνεξεταστέον.

572 665 813 726 fortasse
839 686 944 726 non
993 677 1204 726 tantum
1234 670 1480 739 proxima
1518 678 1575 725 et
1605 669 1826 734 similia,
1854 668 1949 723 sed
1979 668 2142 723 etiam

573 765 769 820 eadem
798 762 1125 818 videbuntur
1152 774 1275 816 esse
1298 802 1313 826 ,
1352 761 1807 817 examinabimus.
1840 758 2030 831 Itaque
2053 760 2143 815 lux

580 868 663 914 est
686 857 986 922 hominum,
1016 857 1109 911 lux
1132 865 1215 910 cst
1235 870 1386 920 vera,
1414 855 1505 909 lux
1525 864 1607 911 cst
1626 854 1854 924 denique
1879 854 2141 925 gentium.

581 949 733 1016 Quod
762 951 833 1006 sit
858 937 951 1004 lui
980 948 1283 1012 hominum,
1319 947 1632 1020 Evangelii,
1661 948 1816 1018 cujus
1842 947 2145 1002 instituitur

576 1057 721 1098 nunc
769 1056 800 1096 a
846 1041 1002 1096 nobis
1045 1041 1462 1113 interpretatio,
1495 1041 1710 1094 initium
1755 1049 2025 1105 testatur,
2062 1040 2145 1094 di-

578 1148 748 1189 cens:
788 1133 942 1199 Quod
980 1132 1178 1202 factum
1209 1144 1306 1198 est,
1354 1138 1409 1187 in
1462 1133 1573 1200 ipso
1610 1134 1715 1186 vita
1753 1142 1867 1187 erat
1907 1147 1926 1186 :
1956 1141 2003 1186 et
2034 1138 2143 1187 vita

576 1237 686 1278 erat
712 1224 805 1278 lux
834 1225 1124 1289 hominum,
1163 1236 1209 1278 et
1252 1224 1345 1278 lux
1387 1227 1440 1278 in
1480 1224 1701 1278 tenebris
1738 1223 1895 1288 lucet,
1924 1235 1973 1278 et
2003 1234 2144 1279 tene-

576 1319 685 1371 brat
716 1334 829 1372 eam
859 1333 964 1371 non
996 1317 1446 1386 apprehenderunt
1473 1317 1542 1371 ".
1577 1318 1732 1384 Quod
1768 1318 1934 1372 etiam
1954 1317 2027 1372 sit
2046 1316 2139 1374 lux

572 1424 723 1475 vera,
765 1408 1002 1476 ejusdem
1032 1406 1311 1478 Evangelii
1339 1409 1444 1479 27
1475 1409 1644 1463 verba
1673 1408 1987 1472 declarant,
2020 1423 2141 1478 quas

573 1516 697 1554 mox
750 1500 1142 1555 subnectuntur
1172 1518 1187 1555 :
1220 1496 1356 1553 Erat
1408 1499 1502 1552 lux
1547 1515 1667 1553 tera
1711 1515 1830 1570 qum
1873 1498 2137 1553 illuminat

570 1609 773 1647 omnem
797 1592 1059 1647 hominem
1086 1592 1370 1647 venientem
1397 1592 1453 1645 in
1479 1591 1732 1646 mundum
1756 1592 1822 1648 ⁸⁸.
1858 1591 1972 1647 Lux
2006 1606 2137 1647 vero

569 1687 805 1756 gentium
842 1688 909 1742 ab
952 1686 1087 1742 Isaia
1118 1684 1440 1756 appellatur,
1462 1682 1979 1754 sicutprmdiximus,
2005 1684 2135 1739 illud

570 1777 715 1831 illius
743 1778 1109 1832 testimonium
1137 1774 1511 1843 prolerentes:
1548 1775 1687 1830 Ecce
1716 1776 1868 1844 posui
1897 1784 1947 1830 te
1974 1776 2030 1831 in
2059 1776 2136 1830 lu-

570 1883 679 1920 cem
708 1866 960 1937 gentium,
984 1876 1040 1920 ut
1070 1865 1143 1919 sis
1170 1863 1315 1919 salus
1345 1881 1460 1919 mea
1491 1865 1556 1919 ab
1591 1863 1837 1920 extremis
1875 1874 2032 1920 terra:
2065 1865 2132 1921 ".

2245 666 2472 734 δόξαντα
2494 668 2559 722 ἀν
2585 684 2728 721 τισιν
2761 670 2882 739 οὐχ).
2917 670 3295 741 παρακείμενα
3342 671 3524 741 μόνον,
3557 669 3697 724 ἀλλὰ
3724 668 3824 722 καὶ

2245 761 2314 814 τὰ
2344 758 2482 814 αὐτὰ
2501 761 2805 831 τυγχάνειν.
2826 762 2983 815 Ἔστι
3016 761 3073 814 δὲ
3107 761 3169 815 τὸ
3201 762 3317 831 φῶς
3345 762 3406 816 τὸ
3422 762 3694 833 ἀληθινὸν,
3723 760 3822 814 καὶ

2246 852 2362 924 φῶς
2383 850 2580 905 ἐθνῶν·
2617 852 2731 921 φῶς
2760 852 2860 923 μὲν
2896 851 3198 925 ἀνθρώπων
3219 855 3278 907 ἐν
3300 856 3367 925 τῇ
3394 853 3489 907 τοῦ
3523 852 3822 926 προκειμ-

2244 961 2336 998 νου
2382 944 2712 1013 Εὑαγγελίου
2762 945 2942 1016 ἀρχῇ·
2988 946 3049 997 Ὃ
3084 944 3295 1015 γέγονε
3340 945 3469 1017 γὰρ,
3514 945 3702 1016 φησιν,
3746 943 3822 996 ἐν

2242 1033 2402 1101 αὑτῷ
2436 1034 2547 1102 ζωὴ
2572 1030 2683 1104 ἦν’
2722 1034 2821 1089 καὶ
2850 1036 2890 1103 ἡ
2937 1031 3049 1104 ζωὴ
3075 1032 3145 1105 ἦν
3177 1038 3241 1090 τὸ
3271 1035 3396 1105 φῶς
3425 1035 3545 1090 τῶν
3588 1034 3811 1102 ἀνθρώ-

2243 1143 2392 1191 πων,
2407 1125 2520 1180 καὶ
2541 1126 2608 1180 τὸ
2636 1124 2763 1195 φῶς
2792 1126 2863 1179 ἐν
2888 1122 2965 1193 τῇ
2989 1127 3203 1194 σκοτίᾳ
3225 1127 3444 1196 φαίνει,
3472 1127 3571 1180 καὶ
3602 1127 3642 1194 ἡ
3673 1140 3821 1179 σκο-

2241 1219 2339 1273 τία
2356 1218 2501 1272 αὐτὸ
2530 1220 2601 1272 οὐ
2626 1218 2914 1273 κατέλαϐε
2939 1235 2953 1249 ⁸
2982 1217 3097 1289 φῶς
3118 1217 3177 1272 δὲ
3201 1218 3452 1290 ἀληθινὸν
3478 1220 3536 1272 ἐν
3559 1220 3674 1282 τοῖς
3691 1217 3819 1289 ἑξῆς

2239 1312 2339 1383 τῆς
2363 1311 2534 1381 αὐτῆς
2556 1311 2771 1382 γραφῆς
2802 1310 3236 1381 ἐπιγέγραπταιο
3268 1306 3379 1367 Ἦν
3402 1310 3469 1366 τὸ
3499 1310 3627 1381 φῶς
3662 1311 3817 1378 ἀλη-

2241 1405 2431 1470 θινὸν,
2460 1404 2492 1459 ὃ
2525 1403 2753 1474 φωτίζει
2786 1403 2985 1457 πάντα
3012 1404 3324 1472 ἄνθρωπον
3362 1404 3692 1474 ἐρχόμενον
3726 1406 3817 1469 εις

2238 1497 2347 1551 τόν
2374 1500 2634 1567 κόσμον·
2666 1496 2781 1565 φῶς
2800 1496 2858 1549 δὲ
2879 1494 3047 1549 ἐθνῶν
3071 1497 3129 1550 ἐν
3156 1496 3236 1567 τῷ
3271 1496 3490 1567 Ἡσαΐᾳ,
3528 1495 3607 1559 ὡς
3627 1494 3816 1567 προεί-

2240 1606 2434 1660 πομεν,
2465 1587 2887 1659 παρατιθέμενοι
2914 1587 2975 1641 τό
2992 1604 3005 1617 ·
3046 1586 3190 1642 Ἰδοὺ
3219 1585 3453 1641 τέθεικά
3478 1600 3553 1640 σε
3576 1589 3667 1652 είς
3688 1582 3816 1655 φῶς

2237 1681 2447 1745 ἐθνῶν,
2464 1680 2573 1735 τοῦ
2597 1677 2751 1735 εἷναί
2772 1696 2845 1735 σε
2868 1682 2956 1747 εὶς
2976 1679 3396 1749 σωηρίανέως
3417 1678 3684 1747 ἐσχάτου
3701 1673 3817 1747 τῆς

2238 1769 2371 1841 τῆς.
2400 1770 2519 1835 Φῶς
2543 1770 2600 1823 δὲ
2632 1771 2837 1841 κόσμου
2868 1768 3125 1841 αἰσθητὸν
3150 1772 3178 1823 ὁ
3198 1769 3346 1840 ἥλιός
3372 1771 3508 1833 ἐστι,
3551 1768 3646 1822 καὶ
3674 1768 3817 1839 μετὰ

2236 1863 2426 1916 τοῦτον
2466 1863 2567 1915 οὐκ
2606 1860 2921 1933 ἀπᾳδόντως
2954 1860 2988 1931 ἡ
3023 1859 3220 1931 σελήνη
3248 1859 3323 1930 (2)
3354 1861 3451 1913 καὶ
3493 1860 3544 1912 oi.
3585 1858 3813 1929 ἀστέρες

568 1956 832 2012 Czeterum
858 1955 950 2012 lux
977 1956 1159 2011 mundi
1182 1957 1282 2011 sub
1310 1971 1528 2012 sensum
1554 1956 1757 2012 cadens
1779 1956 1859 2012 sol
1887 1967 1990 2012 est.
2008 1956 2124 2013 Post

2236 1954 2315 2026 τῷ
2354 1952 2502 2025 αὐτῷ
2549 1953 2775 2024 ὀνόματι
2808 1950 3415 2025 προσαγορευθήσονται
3436 1967 3451 1982 ⁸
3504 1949 3644 2004 ἀλλὰ
3694 1950 3813 2020 φῶς

567 2050 710 2104 hunc
756 2065 859 2104 non
900 2050 1227 2106 inconcinne
1273 2051 1436 2106 etiam
1469 2049 1597 2104 luna
1628 2063 1694 2104 ac
1740 2050 1973 2119 denique
2008 2048 2136 2104 reli-

566 2156 685 2211 quae
711 2141 880 2197 stella:
909 2142 1099 2197 eodem
1128 2143 1350 2197 nomine
1375 2143 1853 2213 nuncupabuntur.
1889 2141 2003 2197 Lux
2035 2141 2135 2198 sub

564 2245 780 2288 sensum
808 2231 1030 2297 cadens,
1059 2247 1182 2288 cum
1204 2233 1318 2288 lnec
1343 2232 1474 2296 sint,
1503 2246 1571 2287 eo
1599 2231 1745 2302 quod
1768 2232 2044 2287 terrestria
2073 2230 2133 2285 ξι-

562 2324 852 2390 luminant,
875 2325 1017 2380 dicta
1049 2325 1189 2394 apud
1212 2323 1414 2380 Mosem
1438 2332 1636 2395 quarto
1660 2324 1748 2378 die
1769 2323 1916 2378 facta
1941 2323 2132 2388 fuisse,

563 2415 709 2471 haud
734 2426 910 2471 tamen
939 2416 1031 2471 lux
1058 2426 1186 2473 sunt
1214 2431 1367 2471 vera.
1402 2415 1474 2469 At
1493 2430 1627 2471 vero
1659 2414 1917 2471 Servator
1946 2427 2135 2472 noster

561 2507 883 2563 illucescens
912 2508 997 2563 his
1041 2508 1134 2578 qui
1168 2506 1395 2563 rationis
1420 2516 1548 2562 sunt
1586 2522 1833 2577 capaces,
1862 2518 2130 2577 praestan-

563 2599 791 2655 tissimis
848 2600 1151 2655 animarum
1198 2614 1386 2655 eorum
1433 2599 1727 2669 partibus,
1781 2608 1840 2653 ut
1892 2600 2129 2667 ipsorum

560 2709 716 2748 mens
741 2694 957 2763 propria
986 2692 1335 2760 aspectabilia
1366 2700 1577 2757 cernat,
1604 2690 1961 2762 intelligibilis
1981 2707 2132 2745 mun-

559 2785 614 2839 di
640 2784 735 2839 lux
774 2793 892 2840 est:
942 2784 1200 2839 nimirum
1234 2784 1541 2838 animarum
1591 2782 1819 2837 rationis
1848 2782 2126 2852 capacium

560 2876 615 2930 in
667 2878 770 2932 hoc
817 2875 1017 2930 mundo
1070 2874 1310 2931 sensibili
1343 2874 1761 2940 essistentium;
1797 2883 1852 2929 et
1900 2873 1945 2929 si
1997 2873 2125 2944 quid

555 2976 754 3034 printer
781 2967 896 3021 haec
922 2964 1182 3021 mundum
1210 2964 1474 3036 complet:
1512 2980 1579 3020 ex
1604 2981 1713 3036 quo
1741 2965 2002 3020 Servatur
2025 2980 2125 3019 no-

557 3067 671 3111 stet'
700 3073 820 3113 esse
847 3073 946 3112 nos
984 3058 1158 3113 docet.
1190 3057 1445 3113 Fortasse
1476 3058 1592 3128 ipse
1631 3057 1778 3113 illius
1809 3056 2124 3128 praecellens

555 3149 1108 3218 pra-.stantissimaque
1133 3163 1261 3218 pars
1290 3149 1586 3217 exsistens,
1614 3158 1677 3203 ut
1700 3149 1773 3202 ita
1797 3149 1996 3217 dicam,
2023 3147 2122 3213 sol,

556 3241 646 3308 qui
676 3239 839 3295 faciat
879 3244 1019 3298 diem
1055 3242 1269 3295 Domini
1313 3256 1567 3311 magnum
1588 3281 1604 3305 ,
1632 3241 1785 3309 cujus
1814 3240 1920 3294 diei
1962 3254 2123 3295 causa

551 3332 622 3387 ad
649 3347 745 3387 eos
774 3333 903 3389 dicit
932 3334 1023 3409 qni
1057 3333 1192 3387 lucis
1218 3348 1330 3388 sum
1361 3332 1659 3403 participes
1698 3343 1893 3387 erant:
1922 3332 2123 3401 Opera-

555 3425 686 3479 tnini
726 3425 852 3478 dum
880 3425 990 3479 dies
1035 3433 1146 3490 est;
1185 3426 1352 3479 veniet
1384 3441 1510 3491 nox,
1561 3426 1771 3495 quando
1824 3424 1998 3478 nullus
2032 3441 2125 3493 po-

554 3529 666 3572 stea
695 3526 861 3584 potest
894 3518 1138 3585 operari;
1160 3520 1395 3586 quandiu
1427 3535 1545 3572 sum
1574 3518 1628 3572 in
1652 3518 1869 3585 mundo,
1892 3518 1984 3572 lux
2008 3534 2122 3571 sum

551 3609 739 3662 mundi
768 3608 837 3662 '°.
873 3606 1138 3673 Quoniam
1177 3624 1308 3664 vero
1362 3609 1643 3679 discipulis
1694 3610 1859 3664 etiam
1908 3609 2041 3664 dicit
2105 3624 2121 3662 :

563 3699 665 3755 Vos
700 3702 824 3755 estis
858 3701 952 3756 tua:
990 3703 1209 3756 mundi:
1241 3714 1326 3757 et:
1368 3701 1562 3756 Luceal
1612 3702 1709 3757 lux
1740 3713 1910 3756 vestra
1941 3718 2120 3755 coram

550 3791 847 3847 hominibus
872 3793 913 3827 "
939 3810 955 3847 :
979 3808 1085 3848 non
1114 3809 1272 3849 secus
1294 3794 1655 3861 atquelunam
1686 3802 1741 3848 et
1774 3805 1917 3849 astra
1942 3794 2122 3850 lucere

557 3886 937 3940 existimamus
972 3902 1225 3955 sponsam
1266 3885 1583 3953 Ecclesiam,
1614 3896 1669 3940 et
1697 3885 1989 3955 discipulos
2027 3886 2119 3956 qui

551 3978 830 4047 propriam
863 3978 1039 4033 lucem
1075 3980 1274 4033 habent
1299 3991 1353 4032 et
1380 3978 1448 4032 ab
1484 3978 1576 4033 illo
1608 3992 1739 4033 vero
1764 3978 1877 4034 sole
1906 3988 2121 4033 mutua-

553 4083 686 4135 tam,
721 4081 780 4124 ut
818 4070 1037 4126 luceant
1068 4071 1174 4125 illis
1206 4072 1296 4137 qui
1333 4071 1469 4125 lucis
1512 4071 1715 4125 fontem
1751 4071 1801 4124 in
1830 4085 1888 4125 se
1918 4084 2122 4139 praepa-

549 4176 678 4214 rare
705 4177 811 4215 non
850 4171 1095 4230 possunt.
1130 4161 1289 4216 Verbi
1325 4164 1524 4231 gratia,
1559 4161 1786 4216 Paulum
1821 4162 2038 4230 quidem
2066 4168 2121 4214 et

547 4251 773 4305 Petrum
808 4251 1044 4306 dicimus
1073 4253 1250 4306 lucem
1300 4254 1482 4306 mundi
1513 4270 1527 4318 ;
1560 4253 1807 4321 vulgares
1839 4266 1989 4315 vero,
2036 4251 2120 4306 vel

548 4345 791 4414 ipsorum
819 4343 1138 4411 discipulos,
1167 4344 1256 4413 qui
1295 4343 1667 4398 illuminentur
1703 4344 1943 4411 quidem,
1978 4343 2119 4396 haud

546 4447 731 4490 tamen
782 4435 1086 4490 illuminare
1134 4435 1271 4491 alios
1318 4436 1566 4505 possint,
1618 4435 1916 4489 mundum:
1964 4435 2119 4504 cujus

546 4528 730 4582 mundi
764 4527 852 4580 lux
887 4527 1039 4582 fuere
1068 4528 1319 4597 apostoli.
1358 4530 1425 4581 At
1461 4542 1585 4580 vero
1615 4526 1871 4581 Servatur
1906 4525 1995 4580 lux
2030 4540 2119 4579 ex-

2239 2048 2337 2119 μὲν
2359 2045 2616 2118 αίσθητδν
2640 2045 2997 2117 τυγχάνοντες
3034 2046 3083 2099 οἱ
3122 2045 3399 2114 γεγονέναι
3438 2043 3590 2116 παρὰ
3622 2045 3815 2098 Musei

2235 2139 2517 2210 λεγόμενοι
2548 2140 2615 2209 τῇ
2647 2138 2883 2210 τετάρτῃ
2914 2136 3122 2209 ἡμέρᾳ,
3151 2136 3285 2190 καθὸ
3304 2135 3599 2207 φωτίζουσι
3629 2136 3697 2189 τά
3718 2136 3814 2187 ἐπὶ

2232 2228 2358 2298 γῆς,
2374 2225 2476 2281 οῦκ
2500 2228 2607 2280 είσι
2622 2226 2737 2297 φῶς
2751 2226 3021 2297 ἀληθινόν·
3046 2228 3074 2278 ὁ
3098 2226 3155 2279 δὲ
3176 2226 3384 2299 Σωτὴρ,
3410 2228 3705 2298 ἐλλάμπων
3731 2225 3809 2297 (3)

2231 2324 2343 2384 τοῖς
2400 2320 2635 2389 λογικοῖς
2689 2318 2785 2372 κα)¹
2826 2319 3176 2390 ἡγεμονικοῖς
3204 2357 3219 2382 ,
3268 2319 3357 2373 ἴνα
3399 2318 3581 2373 αὐτῶν
3618 2323 3649 2374 ό
3684 2325 3814 2388 νοῦς

2230 2413 2299 2467 τὰ
2328 2413 2435 2468 [δια
2458 2412 2628 2484 ὁρατὰ
2667 2411 2859 2483 βλέπῃ,
2893 2410 2988 2465 τοῦ
3015 2410 3203 2482 νοητοῦ
3251 2413 3457 2484 κόσμου
3500 2414 3619 2468 ἐστὶ
3664 2416 3810 2486 φῶςο

2230 2507 2374 2576 λέγω
2410 2507 2468 2560 δὲ
2515 2506 2625 2559 τῶν
2653 2505 2886 2574 λογικῶν
2915 2504 3102 2575 ψυχῶν
3137 2503 3253 2558 τῶν
3289 2506 3348 2559 ἐν
3398 2505 3476 2578 τῷ
3507 2508 3814 2581 αίσθητικῷ

2229 2582 2439 2668 κόσμῳ,
2472 2598 2567 2651 καὶ
2593 2596 2648 2650 εί
2675 2614 2729 2649 τι
2760 2597 2907 2669 παρά
2937 2596 3111 2650 ταῦτα
3136 2596 3442 2672 συμπληροῖ
3467 2599 3559 2652 τὸν
3581 2601 3808 2672 κόσμον,

2229 2691 2323 2758 ἀφ’
2371 2684 2432 2743 οῦ
2471 2691 2499 2743 ὁ
2537 2689 2728 2761 Σωτὴρ
2782 2685 2919 2743 εἶναι
2957 2691 3105 2761 ἡμᾶς
3141 2690 3410 2745 διδάσκειο
3446 2692 3590 2763 τάχα
3644 2695 3812 2767 μέρος

2229 2781 2393 2835 αὑτοῦ
2448 2782 2511 2835 τὸ
2550 2780 2889 2852 κυριώτατον
2927 2784 3022 2836 καὶ
3049 2783 3303 2856 διαφέρον
3341 2785 3648 2856 τυγχάνων,
3690 2788 3807 2853 καὶ,

2226 2875 2303 2940 ὡς
2330 2874 2477 2927 ἔστιν
2508 2875 2703 2938 εἰπεῖν,
2736 2873 2888 2945 ἥλιος
2940 2875 3155 2947 ἡμέρας
3187 2875 3430 2947 μεγάλης
3474 2879 3681 2950 Κυρίου
3728 2879 3807 2951 (4)
3862 2942 3865 2943 ν

2227 2969 2490 3040 ποιητήςο
2532 2967 2599 3021 δι’
2624 2967 2691 3039 ἡν
2717 2967 2930 3041 ἡμέραν
2969 2968 3104 3040 φησὶ
3128 2970 3242 3033 τοῖς
3286 2968 3381 3022 τοῦ
3415 2971 3593 3040 φωτὸς
3635 2972 3805 3026 αὐτοῦ

2230 3060 2748 3133 μεταλαμσάνουσινο
2786 3058 3129 3130 Ἐρτάζεσθε
3158 3060 3268 3128 ἕως
3285 3061 3361 3132 (5)
3378 3061 3570 3131 ἡμέρα
3594 3063 3772 3118 ἐστίν
3791 3083 3807 3097 ο

2224 3153 2457 3223 ἔρχεται
2476 3153 2613 3218 νὺξ,
2627 3153 2725 3208 ὅτε
2743 3154 2944 3208 οὐκέτι
2963 3154 3163 3221 οὐδεὶς
3180 3154 3423 3209 δύναται
3434 3155 3805 3225 ἐργάζεσθαν

2227 3246 2374 3300 ὅταν
2404 3246 2473 3299 ἐν
2498 3245 2579 3311 τῷ
2598 3246 2804 3315 κόσμῳ
2823 3242 2890 3310 ὦ,
2914 3247 3042 3317 φῶς
3068 3250 3185 3318 ειμι
3214 3246 3319 3301 τοῦ
3352 3248 3608 3318 κόσμου.
3652 3250 3806 3305 Ἐπεὶ

2227 3338 2284 3391 δέ
2315 3338 2410 3390 καὶ
2433 3338 2546 3401 τοῖς
2578 3336 2844 3409 μαθηταῖς
2864 3356 3027 3409 φησιν
3045 3355 3059 3369 ·
3104 3339 3288 3409 Ὑμεῖς
3311 3340 3449 3393 ἐστε
3470 3341 3535 3395 τὸ
3551 3340 3681 3411 φῶς
3696 3344 3807 3399 τοῦ

2227 3430 2482 3498 κόσμου·
2515 3427 2639 3482 καίο
2674 3430 2977 3499 Λαμψάτω
3014 3429 3081 3484 τὸ
3107 3430 3234 3500 φῶς
3266 3430 3432 3500 ὑμῶν
3459 3433 3807 3503 ἔμπροσθεν

2224 3519 2347 3572 τῶν
2384 3517 2710 3588 ἀνθρώπων
2728 3536 2742 3549 ο
2774 3520 2835 3573 τὸ
2865 3520 2913 3573 δ’
2938 3521 3203 3590 ἀνάλογον
3233 3522 3428 3597 σελήνῃ
3452 3526 3548 3578 καί
3576 3525 3804 3598 ἄστροις

2226 3611 2683 3682 ὑπολαμβάνομεν
2714 3607 2853 3665 εἶναι
2898 3614 3025 3683 περὶ
3068 3613 3167 3685 τὴν
3196 3614 3412 3687 νύμφην
3453 3617 3803 3689 Ἐκκλησίαν,

2224 3703 2472 3766 καὶτοὺς
2515 3702 2761 3773 μαθητὰς
2808 3702 3033 3773 ἔχοντας
3074 3705 3269 3757 οἰκεῖον
3310 3704 3444 3773 φῶς,
3482 3706 3516 3777 ἢ
3564 3707 3672 3759 ἀπὸ
3701 3707 3802 3761 τοῦ

2224 3793 2478 3865 ἀληθινοῦ
2507 3794 2657 3865 ἡλίου
2691 3794 3004 3867 ἐπίκτητον,
3034 3795 3121 3848 ἴνα
3146 3796 3422 3864 φωτίσωσι
3474 3798 3548 3869 μὴ
3585 3799 3807 3870 δεδυνη-

2227 3886 2422 3955 μένους
2456 3886 2639 3959 πηγὴν
2665 3888 2724 3940 ἐν
2767 3887 2952 3950 αὐτοῖς
2992 3889 3396 3942 κατασκευάσαι
3432 3890 3632 3959 φωτός.
3674 3886 3802 3944 οἷον

2222 3973 2433 4027 Παῦλον
2471 3976 2569 4046 μὲν
2610 3976 2707 4030 καὶ
2756 3975 2964 4047 Πέτρον
3000 3976 3115 4047 φῶς
3158 3977 3389 4051 ἐροῦμεν
3425 3980 3517 4033 τοῦ
3557 3980 3795 4052 κόσμου·

2220 4067 2347 4131 τοὺς
2374 4067 2431 4120 δέ
2468 4068 2731 4138 τυχόντας
2773 4068 2882 4122 τῶν
2918 4072 3049 4140 παρ’
3093 4071 3277 4134 αὐτοῖς
3317 4070 3796 4145 μαθητευομένων,

2223 4158 2624 4230 φωτιζομένους
2655 4162 2776 4232 μὲν,
2810 4161 2871 4214 οὔ
2907 4162 3013 4233 μὴν
3040 4160 3291 4231 φωτίζειν
3321 4162 3540 4236 ἑτέρους
3561 4166 3797 4236 δυναμέ-

2221 4268 2365 4315 νους,
2394 4252 2483 4305 τὸν
2511 4252 2735 4324 κόσμον,
2764 4248 2825 4308 οὗ
2853 4254 3057 4325 κόσμου
3083 4255 3197 4325 φῶς
3218 4258 3265 4309 oi
3300 4257 3590 4311 ἀπόστολοι
3633 4254 3795 4330 ἦσαν.

2232 4343 2290 4396 ’0
2315 4343 2371 4396 δὲ
2390 4344 2580 4417 Σωτὴρ
2600 4344 2716 4414 φῶς
2731 4344 2806 4400 ῶν
2836 4345 2930 4400 τοῦ
2960 4348 3165 4419 κόσμου
3196 4349 3419 4418 φωτίζει
3449 4351 3510 4403 οὐ
3541 4350 3792 4420 σώματα,

2219 4433 2355 4489 ἀλλὰ
2378 4437 2654 4508 ἀσωμάτῳ
2691 4437 2917 4509 δυνάμει
2949 4440 3040 4492 τὸν
3091 4439 3379 4510 ἀσώματον
3413 4441 3560 4505 νοῦν,
3604 4444 3689 4496 ἵνα
3718 4444 3797 4506 ὠς

2220 4528 2326 4581 ὑπὸ
2356 4528 2509 4598 ἡλίου
2561 4528 2791 4593 ἕκαστος
2825 4530 2981 4601 ἡμῶν
3026 4531 3395 4603 φωτιζόμενος
3423 4536 3517 4588 καὶ
3551 4536 3620 4588 τὰ
3661 4535 3796 4588 ἄλλα

543 4619 745 4673 sistens
770 4618 980 4682 mundi,
1012 4634 1117 4673 non
1150 4634 1399 4689 corpora,
1434 4619 1526 4672 sed
1559 4618 1930 4686 incorpoream
1958 4632 2111 4671 men-

2228 4620 2412 4691 Ξυνηθῇ
2449 4621 2662 4691 βλέπειν
2712 4623 2898 4691 νοητά.
2943 4624 3153 4696 Ὠσπερ
3193 4626 3250 4679 δὲ
3285 4626 3436 4697 ἡλίου
3468 4630 3796 4697 φωτίζοντος

542 4720 653 4765 tem
696 4711 1013 4780 incorporea
1055 4711 1295 4780 potentia
1343 4710 1643 4775 illuminat,
1680 4719 1739 4765 ut
1789 4721 2042 4781 tanquam
2080 4724 2110 4763 a

541 4805 657 4860 sole
705 4804 1042 4859 illnininatus
1074 4804 1449 4873 unusquisque
1488 4813 1731 4858 nostrum
1775 4803 1957 4856 videre
2007 4802 2108 4857 alia

540 4897 704 4950 etiam
744 4897 1098 4968 intelligibilia
1134 4893 1600 4967 possitlitautem
1626 4892 1739 4947 sole
1768 4893 2112 4949 illucescente

541 4988 625 5044 vis
657 4988 743 5043 illa
774 4991 915 5046 lnnm
962 5000 1017 5046 et
1049 4989 1331 5045 stellarum
1381 4986 1717 5040 illuminandi
1761 4984 2109 5050 obscuratur,

539 5079 621 5132 sic
650 5079 702 5133 lii
727 5080 819 5149 qui
850 5094 881 5134 a
909 5080 1129 5135 Christo
1161 5078 1525 5143 illustrantur,
1555 5078 1764 5146 quique
1793 5076 2108 5145 splendores

538 5170 683 5225 illius
718 5182 1102 5242 perceperunt,
1150 5172 1352 5227 nullam
1395 5185 1617 5240 operam
1651 5169 1961 5225 desiderant
2004 5168 2106 5222 ali-

605 5338 649 5371 "
673 5337 831 5393 Joan.
866 5354 907 5404 ι,
941 5340 998 5401 5,
1036 5339 1092 5393 4.
1164 5339 1210 5371 ’⁸⁸
1239 5340 1395 5400 Joan.
1424 5356 1464 5409 ι,
1485 5342 1541 5398 9.
1617 5343 1660 5376 ⁸⁹
1695 5342 1795 5398 lsa.
1827 5357 1975 5409 XLIX,
2002 5345 2058 5400 6.

607 5499 685 5572 (2)
719 5501 792 5574 -Ἡ
829 5503 1084 5574 σελήνη.
1121 5503 1279 5574 Deest
1310 5508 1449 5574 apud
1482 5506 1772 5572 liuetium,
1801 5507 1897 5563 sed
1926 5517 2106 5564 exstat

535 5572 591 5626 in
632 5572 792 5627 codd.
826 5573 1116 5628 Bodleiano
1141 5584 1197 5628 et
1228 5572 1548 5633 Barberino.

607 5642 681 5713 (3)
723 5641 786 5695 Ὀ
801 5642 869 5696 δὲ
893 5643 1119 5713 Σωτὴρ,
1149 5644 1490 5714 ἐλλάμπων,
1514 5658 1622 5706 etc.
1636 5647 1960 5703 Persuasum
2008 5649 2109 5703 fuit

538 5711 752 5783 Origeni
784 5713 961 5768 Patris
994 5711 1099 5768 vim
1131 5716 1199 5769 ad
1226 5711 1312 5769 res
1334 5732 1524 5772 omnes
1566 5730 1805 5783 creatas,
1857 5718 1978 5773 Filii
2035 5721 2103 5773 ad

537 5799 622 5838 res
659 5786 883 5839 rationis
914 5793 1215 5854 compotes,
1264 5784 1501 5853 Spiritus
1533 5790 1709 5843 sancti
1752 5792 1820 5845 ad
1880 5799 2103 5844 sanctos

537 5855 813 5931 .iitntaxat
828 5853 1121 5931 pertinere.
1155 5853 1330 5931 Verba
1358 5858 1524 5931 ipsius
1550 5874 1581 5913 e
1606 5861 1700 5915 lib.
1738 5876 1753 5914 ι
1813 5861 1951 5929 Περὶ
1999 5861 2105 5925 ἀρε-

536 5926 658 5993 ‘6»-
686 5926 890 5996 prol‘ert
912 5926 1256 5983 Justinianus
1293 5928 1344 5983 in
1380 5926 1551 5985 ’calce
1586 5930 1826 6000 epistola:
1860 5926 1943 6003 an
1995 5931 2107 5985 Me-

2218 4711 2560 4782 ἀμαυροῦται
2588 4713 2650 4766 τὸ
2670 4711 2930 4766 δύνασθαι
2964 4715 3217 4783 φωτίζειν
3261 4716 3488 4788 σελήνην
3510 4720 3604 4772 καὶ
3634 4720 3795 4774 ἀστέ-

2221 4819 2337 4875 ρας,
2370 4803 2541 4867 οὕτως
2560 4805 2608 4858 οἱ
2634 4804 3030 4877 ἐλλαμπόμενοι
3051 4806 3156 4859 ὑπὸ
3179 4808 3413 4878 Χριστοῦ
3447 4811 3543 4864 καὶ
3570 4811 3669 4874 τὰς
3695 4812 3795 4863 a23-

2216 4898 2319 4965 γάς
2351 4896 2514 4951 αὑτοῦ
2552 4898 2951 4969 κεχωρηκότες,
2986 4898 3139 4953 οὐδέν
3171 4918 3333 4953 τινων
3358 4902 3793 4975 διακονουμένων

2214 4989 2525 5063 ἀποστόλων
2572 4991 2665 5044 καὶ⁵
2707 4990 3000 5063 προφητῶν
3054 4991 3282 5056 δέονται,
3330 4992 3626 5065 τολμητέον
3661 4980 3792 5065 γὰρ

2213 5079 2393 5149 λέγειν
2434 5079 2532 5151 τὴν
2581 5080 2858 5152 ἀλήθειαν,
2902 5081 3021 5134 οὐδὲ
3068 5083 3335 5152 ἀγγέλων,
3370 5085 3664 5158 προσθήσω
3706 5086 3787 5151 δὲ,

2211 5172 2294 5226 ὅτι
2321 5173 2443 5227 οὐδὲ
2467 5174 2575 5229 τῶν
2609 5174 2934 5247 κρειττόνων
2969 5174 3249 5246 δυνάμεων
3274 5177 3423 5247 αὑτῷ
3453 5177 3532 5249 τῷ
3570 5195 3787 5248 πρωτο-

2131 5346 2178 5379 ⁸⁰
2205 5343 2362 5402 Joan.
2402 5362 2479 5409 is,
2516 5347 2571 5412 4,
2603 5346 2657 5404 5.
2732 5347 2777 5378 ⁸⁸
2808 5345 2997 5402 Matth.
3026 5363 3080 5411 ν,
3112 5348 3199 5403 14.

2214 5524 2361 5592 nam.
2385 5509 2750 5594 QInampli'rem
2768 5508 3005 5594 “acriter
3051 5525 3086 5593 a_
3112 5510 3438 5594 _'l.‘heo\pl.iilo
3460 5515 3781 5594 _castigatus

2214 5590 2300 5635 est
2327 5581 2378 5633 in
2412 5579 2660 5633 Paschali
2695 5595 2734 5636 ι.
2767 5579 2877 5633 Nos
2918 5595 3045 5635 vero
3075 5582 3126 5636 id
3156 5583 3208 5636 in
3253 5581 3594 5653 Origenianis
3622 5579 3782 5639 accu-

2214 5662 2330 5704 rate
2359 5653 2762 5704 perpendimus.
2793 5648 3057 5704 Hunnus.
3301 5691 3305 5695 .

2211 5662 2330 5706 rate
2359 5656 2762 5720 perpendimus.
2793 5656 3057 5704 Hunnus.
3301 5691 3305 5695 .

2284 5721 2363 5843 (42
2412 5721 2658 5802 Kvplou.
2693 5720 2876 5802 Codd...
2913 5720 3234 5803 Bo’dleianjls
3283 5734 3341 5779 et
3398 5723 3774 5788 Barberinus,

2208 5793 2332 5845 Kua
2357 5807 2447 5842 ου’
2497 5794 2664 5845 editio
2703 5789 2900 5845 lluetn.
2950 5791 3205 5845 λοιστου.

2224 5806 2447 5860 λυριοψ
2497 5806 2664 5845 euuto
2703 5806 2900 5848 nuetn.
2950 5806 3205 5862 Αριστου.

2224 5931 2238 5948 υ
2282 5863 2357 5933 (5)
2383 5862 2547 5928 Ἕως.
2585 5861 2747 5915 Iidem
2788 5859 2974 5928 codd.,
3013 5874 3179 5930 recte,
3203 5863 3343 5931 ἓως;
3378 5867 3546 5923 editio
3571 5865 3769 5931 Huetii,

2209 5949 2304 5996 ως.
