3856 6528
47 6508 111 6522 ...μ

132 454 174 509 59
1159 450 1512 510 COMMENT.
1554 449 1620 504 IN
1657 447 1848 506 JOAN.
1885 447 2124 507 TOMUS
2157 447 2201 504 Ι.
3255 437 3321 491 7t)

127 570 314 641 γεννήτῳ
352 569 785 642 μαθητευόμενοι
835 570 993 641 φωτί.
1050 571 1252 635 Τοῖςδὲ
1291 570 1367 642 μὴ
1408 568 1646 641 χωροῦσι

1752 581 1980 637 quorum
2011 562 2507 620 administrantium
2554 562 2918 635 apostolorum
2951 561 3036 618 vel
3087 561 3320 630 prophe—

124 661 189 724 τὰς
221 659 446 731 ἡλιακὰς
478 660 717 733 Χριστοῦ
756 661 982 725 ἀκτῖνας
1013 662 1062 714 οί
1094 660 1240 730 ἅγιοι
1275 658 1647 723 διακονοῦντες

126 753 375 824 παρέχουσι
408 756 692 826 φωτισμὸν
720 753 903 824 πολλῷ
930 752 1026 807 τοῦ
1057 754 1463 827 προειρημένου
1492 751 1647 807 ἐλάτ-

124 864 223 909 τονα,
263 847 420 917 μόγις
457 849 552 901 καὶ
599 845 787 900 τοῦτον
818 848 1017 919 χωρεῖν
1052 846 1389 918 δυναμένοις,
1426 846 1521 900 καὶ
1552 846 1645 899 ὑπ’

123 939 240 994 αὑτοῦ
263 940 369 1014 πλη
378 958 470 1013 ρου
479 941 677 1011 μένοις.
688 941 842 994 Ἐστι
860 940 917 994 δὲ
932 943 961 995 ό
983 940 1214 1013 Χριστὸς
1236 939 1352 1011 φῶς
1364 939 1645 1009 τυγχάνων

122 1032 298 1100 κόσμου,
318 1032 433 1100 φῶς
444 1031 697 1102 ἀληθινὸν
713 1032 848 1104 πρὸς
858 1031 1259 1104 ἀντιδιαστολὴν
1275 1030 1554 1102 αἰσθητοῦ,
1567 1031 1645 1084 οὒ-

120 1124 224 1185 δενὸς
240 1123 499 1193 αἰσθητοῦ
527 1123 679 1189 ὄντος
698 1124 952 1196 ἀληθινοῦ
972 1124 1202 1195 (6),άλλ’
1218 1126 1361 1195 οὐχὶ,
1393 1127 1516 1179 ἐπεὶ
1546 1126 1647 1179 οὐκ

120 1213 323 1282 ἀληθινὸν
349 1213 412 1267 τὸ
440 1214 695 1285 αἰσθητὸν
711 1215 1019 1287 (7),ψεῦδος
1043 1216 1399 1288 τὺαίσθητόνο
1424 1216 1646 1272 δύναται

120 1302 187 1373 γὰρ
198 1302 487 1372 ἀναλογίαν
500 1303 588 1375 ἔχε
596 1322 642 1357 ιν
657 1306 717 1358 τὸ
728 1305 983 1377 αἰσθητὸν
1000 1306 1135 1379 πρὸς
1148 1308 1210 1361 τὸ
1221 1308 1430 1379 νοητὸν,
1458 1310 1520 1362 οὐ
1537 1310 1645 1380 μὴν

120 1394 157 1446 τὸ
173 1394 347 1463 ψεῦδος
384 1396 555 1464 ὑγιῶς
582 1397 781 1462 παντὸς
806 1400 1226 1471 κατηγορεῖσθαι
1255 1400 1348 1453 τοῦ
1381 1402 1482 1455 οὐκ
1512 1402 1646 1472 ἀλη-

119 1485 239 1541 θινοῦ.
265 1486 425 1557 Ζητῶ
455 1487 515 1540 δὲ
547 1491 597 1542 εί
618 1490 812 1543 ταυτόν
838 1493 955 1544 ἐστι
979 1491 1041 1544 τὸ
1067 1491 1182 1560 φῶς
1206 1492 1298 1546 τοῦ
1330 1494 1535 1565 κόσμου
1569 1494 1647 1565 τῷ

119 1578 211 1645 φωτὶ
238 1577 345 1631 τῶν
373 1579 472 1633 ἀνθ
483 1579 701 1652 ρώπων,
733 1583 826 1636 καὶ¹
874 1583 1114 1655 ἡγοῦμαι
1150 1584 1372 1640 πλείονα
1416 1586 1646 1659 δύναμιν

119 1671 443 1741 παρίστασθαι
465 1674 557 1727 τοῦ
580 1678 780 1744 φωτὸς,
817 1678 907 1731 ὅτε
936 1678 1051 1748 φῶς
1082 1678 1176 1733 τοῦ
1225 1682 1430 1751 κόσμου
1475 1699 1645 1753 προσ-

118 1762 416 1831 αγορεύεται,
451 1766 601 1838 ἥπερ
627 1766 743 1836 φῶς
774 1768 882 1821 τῶν
909 1768 1231 1841 ἀνθρώπων⁸
1254 1773 1283 1825 ό
1310 1770 1418 1842 γὰρ
1444 1770 1646 1842 κόσμος

119 1853 225 1906 κατὰ
246 1855 367 1925 μίαν
397 1856 651 1930 ἐκδοχὴν.
683 1859 744 1912 οὐ
778 1859 937 1929 μόνον
973 1861 1271 1933 ἄνθρωποι.
1303 1863 1414 1917 Καὶ
1463 1879 1643 1935 παρα-

122 1921 268 2014 στήσει
291 1944 345 1995 τὸ
374 1921 613 2016 πλεῖον
644 1921 829 2017 ἕτερον
852 1945 990 2002 εἶναι
1015 1921 1107 2003 τὸν
1123 1950 1325 2022 κόσμον
1348 1951 1497 2023 παρὰ
1518 1921 1643 2016 τοὺς
1677 1921 1720 1977 Β

115 2035 386 2107 ἀνθρώπους
403 2039 432 2091 ό
446 2037 660 2103 Παῦλος
687 2040 823 2111 πρὸς
843 2041 1163 2115 Κορινθίους
1183 2046 1431 2118 προτέρᾳ
1447 2035 1640 2115 λέγων’

115 2127 326 2196 θέατρον
348 2128 721 2199 ἐγενήθημεν
743 2131 824 2198 τῷ
856 2134 1062 2203 κόσμῳ
1103 2136 1200 2189 καὶ
1238 2137 1517 2207 ἀγγέλοις
1548 2139 1647 2193 καὶ

113 2217 421 2287 ἀνθρώποις.
460 2221 781 2294 Ἐπίστησον
809 2223 865 2277 δὲ
884 2225 934 2277 εί
957 2225 1099 2279 κατά
1131 2227 1261 2297 μίαν
1294 2229 1518 2301 ἐκδοχὴν
1550 2229 1646 2284 κό-

114 2325 209 2378 σμος
233 2312 381 2365 ἐστὶν
408 2315 441 2385 ή
474 2312 898 2389 ὲλευθερουμένη
929 2317 1106 2382 κτίσις
1133 2319 1240 2373 ἀπὸ
1265 2319 1367 2391 τῆς
1402 2320 1646 2387 δουλείας

111 2401 174 2469 τῆς
200 2402 406 2473 φθορᾶς
426 2406 509 2468 είς
538 2405 638 2476 τὴν
659 2407 969 2479 ἐλευθερίαν
993 2410 1093 2481 τῆς
1119 2410 1277 2483 δόξης
1304 2411 1412 2466 τῶν
1440 2414 1646 2478 τέκνων

110 2492 166 2545 τώ
210 2494 367 2559 Θεοῦ,
406 2492 475 2569 ἧς
508 2500 540 2569 ή
569 2499 981 2571 ἀποκαραδοκία
1020 2502 1117 2574 τὴν
1152 2504 1492 2575 ἀποκάλυψιν
1537 2507 1647 2561 τῶν

110 2584 203 2638 υἱῶν
223 2586 315 2639 τοῦ
339 2586 479 2640 Θεοῦ
506 2590 882 2661 ἀπεκδέχεται.
918 2593 1237 2665 Ἑπίστησον
1256 2595 1336 2663 δὲ,
1372 2598 1645 2670 προσεθή-

110 2691 268 2746 κιμεν,
298 2678 390 2732 διὰ
424 2680 485 2733 τὸ
518 2684 881 2754 παρακεῖσθαι
914 2686 976 2739 τὸ
1021 2687 1319 2758 δυνάμενον
1356 2689 1417 2742 τό
1438 2704 1453 2719 ·
1498 2689 1645 2761 Ἐγὼ

222 2773 337 2840 εἰμι
369 2771 481 2826 τοῦ
506 2774 758 2844 κόσμου,
790 2775 1236 2843 συνεξετάζεσθαι
1268 2779 1496 2834 ἐπὶτῶν
1538 2798 1642 2852 μα-

110 2859 246 2932 θητῶν
280 2864 387 2918 ὑπὸ
433 2865 611 2936 Ἰησοῦ
655 2867 977 2941 λεγόμενοντ
1023 2870 1207 2940 Ὑμεῖς
1235 2872 1377 2927 ἐστε
1410 2874 1478 2927 τὸ
1518 2874 1645 2943 φῶς

110 2953 182 3006 τοῦ
230 2957 489 3026 κόσμου.
535 2959 660 3012 Elei
698 2960 809 3033 γὰρ
853 2961 1328 3034 ὑπολαμϐάνοντες
1392 2965 1645 3037 μείζονας

109 3044 215 3103 εἶναι
239 3052 364 3116 τοὺς
392 3052 720 3126 ἀνθρώπους
742 3058 869 3122 τοὺς
891 3060 970 3133 τῷ
992 3060 1166 3131 Ἰησοῦ
1197 3062 1435 3132 γνησίως
1465 3079 1643 3133 μεμα’

106 3139 438 3213 θητευμένους
485 3146 596 3200 τῶν
646 3148 819 3204 ἄλλων
860 3154 1194 3224 κτισμάτων,
1242 3157 1290 3209 oi
1332 3157 1430 3228 μὲν
1485 3155 1643 3227 φύσει

101 3234 342 3339 comatos;
373 3241 779 3339 γεγενημένους
812 3242 911 3339 (8ὶ,
947 3247 997 3299 οί
1114 3338 1119 3339 ν
1142 3248 1235 3301 καὶ
1285 3248 1345 3302 ὲν
1385 3247 1530 3321 λόγῳ
1568 3246 1644 3320 τῷ
1672 3280 1715 3339 C

102 3327 221 3380 ma.
244 3330 332 3383 τὸν
376 3332 759 3406 χαλεπώτερον
786 3335 1006 3405 ἀγῶνα.
1059 3338 1290 3404 Πλείους
1328 3340 1439 3413 γάρ
1472 3344 1521 3395 oi.
1550 3341 1648 3395 πό-

100 3433 183 3483 νοι,
217 3424 309 3475 καὶ
338 3425 645 3498 ἐπισφαλὴς
672 3430 707 3499 ἡ
737 3426 849 3500 ζωὴ
891 3428 1001 3483 τῶν
1031 3430 1094 3485 ὲν
1134 3434 1298 3504 σαρκὶ
1331 3433 1425 3487 καὶ
1457 3434 1648 3506 αἵματι

101 3514 226 3584 παρὰ
247 3517 374 3581 τοὺς
392 3518 452 3570 ἐν
479 3518 706 3590 αἰθερίῳ
733 3518 973 3591 σώματι·
1003 3521 1102 3576 οὐκ
1126 3522 1193 3577 ἂν
1225 3522 1334 3577 τῶν
1357 3523 1416 3577 ἐν
1437 3524 1650 3596 οὐρανῷ

101 3611 373 3681 ςωπήρων
402 3610 461 3663 ὲν
495 3610 574 3682 τῷ
597 3612 884 3665 ἀναλαϐεῖν
927 3612 996 3667 τά
1028 3615 1197 3686 γήϊνα
1246 3612 1474 3686 σώματα
1498 3617 1650 3670 ἀκιν-

99 3699 243 3767 δύνως
267 3705 363 3757 καὶ
382 3705 602 3770 πάντως
628 3707 1025 3779 ἀναμαρτήτως
1047 3707 1411 3763 διανυσάντων
1437 3709 1536 3781 τὴν
1563 3710 1650 3763 ἐν-

98 3792 249 3848 ταῦθα
275 3794 442 3867 ζωήν.
474 3799 537 3851 Οἱ
569 3797 625 3850 δὲ
659 3797 737 3870 τῷ
775 3799 919 3870 λόγῳ
954 3800 1127 3869 τούτῳ
1153 3801 1547 3872 παριστάμενοι
1580 3801 1651 3856 τὰ

99 3884 309 3952 μέγιστα
338 3888 470 3960 περὶ
508 3888 831 3961 ἀνθρώπων,
867 3892 1332 3962 ἀποφαινομέναις
1355 3894 1648 3965 χρήσονται

97 3973 250 4042 λέξεσι
270 3977 378 4030 τῶν
390 3978 649 4050 Γραφῶν,
664 3982 724 4034 τὸ
738 3983 836 4036 ἀνυ
844 3983 1100 4054 πέρθετον
1111 3984 1213 4056 τῆς
1228 3985 1559 4055 ἐπαγγελίας
1572 3985 1648 4057 (9)

98 4067 164 4119 ὃτι
189 4069 278 4123 τὸν
319 4070 608 4143 ἄνθρωπον
642 4072 832 4141 φθάνει
867 4076 1231 4145 φασκούσαις,
1280 4079 1341 4132 οὐ
1391 4078 1498 4151 μὴν
1519 4097 1652 4133 ταυιέ

99 4160 171 4212 τόν
206 4163 363 4217 τοῦτο
392 4166 489 4219 καὶ⁸
524 4166 653 4237 περὶ
678 4167 776 4238 τῆς
820 4168 1071 4233 κτίσεως,
1122 4170 1178 4242 ἢ,
1218 4170 1294 4235 ὡς
1328 4171 1647 4243 ἐδεξάμεθα,

97 4254 278 4324 κόσμου
309 4256 934 4332 ἀπαγγελλοῦσαις(10)·
957 4261 1019 4315 τὸ
1039 4260 1149 4333 γὰρ
1172 4261 1231 4315 δέ
1247 4278 1261 4293 ⁸
1297 4262 1393 4330 Ὠς
1419 4264 1533 4335 ἐγὼ
1552 4266 1648 4320 καί

96 4346 162 4397 σὺ
173 4346 457 4418 ἒνέσμεν,
475 4350 579 4403 ἵνα
589 4352 686 4404 καὶ
698 4352 866 4417 αὐτοὶ
879 4354 951 4406 ἐν
960 4352 1104 4423 ’ἡμῖν
1116 4350 1324 4420 ἐνῶσι,
1343 4356 1438 4411 καί
1448 4356 1650 4411 ’Ὅπου

96 4440 191 4507 εἰμὶ
220 4440 357 4511 ἐγὼ,
383 4442 516 4496 ἐκεῖ
534 4444 634 4497 καὶ
661 4446 694 4498 ὁ
714 4443 992 4512 διάκονος
1017 4450 1050 4500 ό
1079 4446 1221 4516 ἐμὸς
1241 4448 1432 4514 ἔσται,
1463 4448 1651 4519 σαφῶς

98 4534 205 4606 ne!
222 4536 528 4606 ἀνθρώπων
556 4538 965 4610 ἀναγέγραπται
985 4559 1000 4572 ο
1035 4544 1161 4614 περὶ
1183 4543 1241 4596 δὲ
1267 4542 1368 4613 τῆς
1399 4543 1649 4608 κτίσεως,

1752 670 1951 724 tarmn,
1985 674 2050 714 ae
2079 675 2148 714 ne
2179 658 2494 730 angelorum
2529 657 2749 726 quidem
2775 673 2793 710 :
2840 655 3143 711 audendum
3174 655 3319 707 enim

1749 760 1831 806 est
1873 751 2157 806 veritatem
2186 751 2401 806 dicere:
2438 749 2668 820 proinde
2700 749 2914 813 addam,
2965 762 3140 818 neque
3180 761 3321 815 pra:-

1747 843 2203 897 stantissimarum
2252 843 2513 897 virtutum
2556 855 2652 896 eos
2698 839 2940 907 indigere
2966 878 2982 903 ,
3013 852 3150 908 quos
3206 838 3320 906 ipsa

1747 934 2071 1005 primigenia
2099 935 2210 1004 28
2235 935 2329 989 lux
2352 934 2650 990 edocuerit.
2680 932 2851 987 Porro
2879 927 2944 987 iis
2973 933 3065 1001 qui
3096 929 3321 984 minime

1749 1028 1955 1082 solares
2010 1026 2217 1081 Christi
2270 1028 2452 1083 radios
2507 1041 2702 1096 capere
2736 1026 2957 1089 valent,
2998 1025 3175 1079 sancti
3214 1019 3317 1089 ipsi

1748 1120 2119 1175 ministrantes
2156 1120 2332 1174 lucem
2369 1120 2631 1189 praebent,
2661 1122 2758 1177 sed
2777 1133 2840 1172 ea
2872 1133 3033 1188 quam
3069 1115 3319 1187 praedixi-

1728 1229 1869 1267 .mus
1894 1212 2049 1281 longe
2074 1212 2409 1273 inferiorem,
2434 1226 2557 1267 cum
2586 1211 2674 1267 vix
2700 1210 2903 1280 alioqui
2930 1209 3072 1264 hanc
3096 1222 3317 1278 parvam

1749 1307 1850 1377 ipsi
1904 1321 2101 1376 capere
2131 1306 2492 1361 valeautmox
2536 1306 2603 1361 ab
2648 1306 2765 1374 ipsa
2816 1302 2980 1373 pleni.
3009 1302 3104 1356 Est
3136 1310 3317 1355 autem

1747 1398 1997 1455 Christus
2027 1400 2117 1453 lux
2150 1399 2372 1454 mundi:
2409 1408 2492 1455 est
2521 1406 2576 1455 et
2606 1398 2696 1452 lux
2726 1412 2880 1461 vera,
2926 1394 2994 1450 ad
3036 1392 3153 1462 ejus
3184 1392 3319 1447 lucis

1747 1490 2105 1547 diﬂerentiam
2136 1506 2258 1562 qua:
2303 1506 2466 1546 sensu
2501 1488 2827 1560 percipitur;
2858 1503 2979 1543 cum
3016 1485 3148 1541 nihil
3175 1483 3318 1554 quod

1748 1597 1910 1638 sensu
1941 1582 2275 1653 percipiatur
2308 1581 2381 1637 sit
2415 1597 2641 1649 verum;
2673 1594 2772 1635 nec
2806 1589 2982 1634 tamen
3019 1579 3141 1644 quia
3173 1578 3318 1645 quod

1749 1688 1910 1728 sensu
1943 1673 2241 1743 percipitur
2269 1688 2375 1729 non
2400 1681 2483 1728 est
2511 1688 2724 1735 verum,
2758 1671 2962 1726 idcirco
2989 1668 3182 1723 falsum
3209 1678 3318 1732 est,

1748 1782 1872 1821 nam
1896 1774 2077 1836 potest
2096 1766 2556 1837 comparationem
2585 1766 3096 1835 proportionemque
3118 1760 3320 1816 habere

1748 1860 1892 1930 quod
1924 1873 2086 1914 sensu
2120 1859 2412 1929 percipitur
2437 1859 2504 1913 ad
2532 1857 2662 1911 illud
2689 1858 2833 1928 quod
2863 1856 3047 1910 animo
3074 1853 3320 1910 cernitur

1753 1954 2070 2024 rationeque
2119 1952 2599 2023 comprehenditur
2629 1992 2645 2017 ,
2676 1966 2799 2006 cum
2831 1950 3046 2005 interim
3077 1964 3207 2004 sane
3235 1962 3321 2002 reo

1751 2055 1942 2117 cleque
1971 2047 2039 2102 de
2068 2048 2215 2103 omni
2253 2062 2360 2101 non
2415 2060 2544 2100 vero
2582 2061 2689 2099 non
2737 2045 3058 2115 praedicetur
3100 2042 3318 2098 falsum.

1751 2140 1946 2209 Quaero
1977 2149 2156 2195 autem
2190 2156 2257 2194 an
2295 2139 2434 2194 idem
2463 2138 2534 2193 sit
2575 2137 2662 2191 lux
2712 2137 2897 2191 mundi
2941 2147 2997 2192 et
3024 2136 3111 2190 lux
3145 2135 3323 2190 homi-

1753 2249 1903 2289 num.
1939 2233 2018 2287 Ac
2047 2234 2224 2286 meum
2251 2232 2467 2301 quidem
2496 2231 2757 2301 judicium
2788 2238 2871 2285 est
2894 2229 3153 2298 majorem
3192 2239 3323 2285 tunc

1752 2327 1893 2383 lucis
1924 2327 2028 2381 vim
2058 2326 2309 2381 exhiberi
2345 2340 2467 2381 cum
2496 2324 2798 2395 appellatur
2825 2324 2914 2377 lux
2944 2323 3130 2378 mundi
3159 2338 3320 2389 quam

1753 2419 1971 2489 quando
2015 2418 2105 2471 lux
2147 2416 2468 2472 hominum:
2519 2431 2642 2471 nam
2679 2416 2915 2471 mundus
2960 2414 3112 2484 juxta
3156 2430 3320 2468 unum

1753 2525 1968 2566 sensum
1989 2551 2005 2575 ,
2038 2524 2143 2564 non
2174 2518 2380 2563 tantum
2419 2509 2687 2564 homines.
2723 2508 2791 2562 Et
2820 2507 3018 2563 Paulus
3046 2509 3098 2562 in
3143 2507 3325 2578 priore

1754 2603 1820 2658 ad
1868 2600 2184 2657 Corinthios
2226 2599 2470 2669 Epistula
2523 2598 2698 2668 majus
2732 2600 2989 2669 quiddam
3030 2614 3151 2655 esse
3179 2640 3196 2666 ,
3238 2600 3324 2655 vel

1751 2696 1914 2750 etiam
1940 2694 2211 2748 diversum
2239 2693 2308 2747 ab
2330 2692 2641 2748 hominibus
2660 2694 2915 2748 mundum
2942 2695 3084 2748 hunc
3103 2694 3323 2758 astruit,

1751 2788 1969 2843 dicens:
2014 2785 2294 2840 Theatrum
2321 2785 2451 2856 facti
2484 2801 2665 2839 sumus
2698 2786 2913 2851 mundo,
2941 2796 2990 2839 et
3020 2787 3239 2857 angelis,
3273 2798 3324 2842 et

1750 2879 2046 2933 hominibus
2072 2878 2141 2933 ⁸⁸.
2176 2877 2415 2932 Proinde
2457 2878 2686 2932 observa
2717 2892 2784 2930 an
2811 2878 2964 2944 juxta
3003 2894 3167 2931 unum
3198 2894 3323 2933 sen-

1750 2985 1869 3026 sum
1897 2969 2127 3024 mundus
2161 2969 2234 3024 sit
2260 2980 2511 3023 creatura
2542 2968 2630 3022 illa
2659 2984 2778 3039 qua:
2806 2970 3089 3024 liberanda
3123 2969 3325 3025 dicitur

1752 3068 1819 3119 ab
1846 3064 2097 3119 interitus
2131 3064 2399 3119 servitute
2446 3063 2500 3117 in
2539 3063 2840 3119 libertatem
2873 3065 3061 3136 glorim
3088 3064 3323 3120 ﬁliorum

1752 3158 1847 3212 Dei
1878 3157 1945 3224 ⁵³,
1972 3156 2127 3225 cujus
2164 3156 2455 3211 vehemens
2478 3155 2812 3210 desiderium
2848 3157 3229 3213 revelationem
3263 3158 3325 3212 tl-

1751 3248 1945 3304 liorum
1971 3247 2065 3304 Dei
2093 3257 2373 3317 exspectat
2393 3248 2463 3302 “.
2493 3248 2732 3303 Observa
2765 3258 2965 3315 autem,
2993 3251 3321 3315 addidimus,

1750 3343 1892 3412 quod
1927 3342 1981 3396 in
2017 3338 2252 3396 medium
2305 3342 2561 3411 producta
2601 3340 2803 3396 fuerint
2848 3354 2912 3396 ea
2954 3342 3153 3397 verba:
3210 3340 3324 3412 Ego

1749 3450 1864 3488 sum
1899 3432 1993 3487 tua:
2022 3435 2204 3488 mundi
2234 3434 2303 3501 ⁸³,
2335 3449 2453 3503 quae
2484 3442 2717 3503 possunt
2746 3434 2911 3488 etiam
2944 3436 3011 3489 de
3042 3434 3325 3503 discipulis

1750 3525 2005 3597 intelligi,
2045 3540 2170 3580 cum
2200 3526 2279 3580 eis
2309 3540 2525 3595 quoque
2564 3523 2724 3581 Jesus
2768 3526 3009 3581 dixerit:
3068 3525 3167 3581 Vos
3196 3528 3322 3581 estis

1750 3618 1843 3674 lux
1868 3619 2051 3673 mundi
2073 3620 2143 3673 ⁵⁸.
2187 3618 2468 3688 Siquidem
2505 3629 2631 3674 sunt
2669 3619 2760 3689 qui
2807 3620 3159 3688 suspicantur
3186 3635 3325 3689 pra:-

1752 3711 2051 3766 stantiores
2089 3710 2211 3766 aliis
2248 3712 2516 3766 creaturis
2544 3726 2638 3766 cos
2670 3726 2790 3767 esse
2839 3711 3092 3767 homines
3119 3711 3211 3783 qui
3256 3713 3325 3767 ab

1750 3803 1869 3871 ipso
1919 3801 2048 3857 Jesu
2079 3803 2292 3858 sincere
2340 3804 2515 3859 edocti
2549 3802 2772 3857 fuerint.
2812 3802 3054 3870 Quorum
3080 3803 3169 3857 alii
3198 3804 3325 3873 qui—

1752 3892 1872 3947 dem
1902 3893 2001 3948 hos
2027 3894 2276 3949 homines
2302 3905 2519 3954 natura.
2562 3893 2653 3946 alii
2707 3908 2835 3949 vero
2869 3893 3078 3949 ratione
3120 3908 3241 3962 qum
3269 3894 3325 3948 in

1751 3986 1966 4043 actione
1983 3985 2267 4043 dit'ﬁciliorr
2296 3998 2564 4053 versatur,
2585 3986 2721 4042 tales
2744 3988 3009 4042 exsistere
3033 3986 3321 4051 afﬁrmant;

1752 4080 1984 4149 majores
2012 4080 2156 4135 enim
2185 4079 2403 4135 labores
2438 4079 2755 4151 majoraque
2786 4081 2907 4134 vita:
2936 4078 3202 4150 pericula,
3228 4079 3323 4149 qui

1751 4187 1919 4228 carne
1962 4187 2027 4228 ac
2079 4172 2339 4243 sanguine
2393 4180 2687 4237 constant,
2741 4171 2984 4237 habere,
3035 4187 3196 4242 quam
3234 4172 3327 4241 qui

1751 4267 1992 4322 aethereo
2021 4280 2271 4335 corpore.
2326 4265 2458 4320 Nam
2491 4280 2667 4335 neque
2708 4264 2913 4320 lumina
2943 4265 3189 4321 coelestia
3242 4265 3326 4320 di-

1753 4368 1883 4413 cunt
1923 4372 2151 4428 corpora
2202 4368 2418 4413 terrena
2465 4359 2510 4414 si
2559 4357 2969 4427 suscepissent,
3005 4372 3034 4411 a
3067 4356 3327 4428 periculis

1752 4451 1976 4506 omnino
2012 4459 2067 4506 et
2111 4465 2140 4505 a
2189 4451 2462 4521 peccando
2498 4451 2760 4506 immania
2806 4457 3131 4522 prmsentem
3162 4449 3326 4504 vitam

1756 4550 2121 4597 transactura.
2154 4540 2255 4597 Cui
2294 4542 2456 4596 etiam
2489 4545 2687 4599 rationi
2730 4545 2821 4614 qui
2857 4544 3044 4597 favent
3073 4541 3326 4610 Scriptu-

97 4626 160 4679 ἔτι
198 4627 577 4701 ἐλευθεροῦται
617 4630 726 4682 ἀπὸ
770 4631 869 4702 τῆς
911 4631 1152 4698 δουλείας
1194 4634 1292 4705 τῆς
1335 4633 1539 4704 φθορᾶς
1571 4635 1647 4699 εἰς

1756 4647 1939 4686 rarum
1983 4635 2345 4702 quarumdam
2393 4635 2724 4691 testimoniis
2760 4633 3171 4689 enuntiantihus
3210 4649 3326 4686 ma-

97 4718 176 4787 τὴν
208 4718 524 4792 ἐλευθερίαν
548 4720 648 4790 τῆς
677 4720 835 4792 δόξης
870 4723 979 4776 τῶν
1008 4724 1213 4777 τέκνων
1244 4724 1339 4777 τοῦ
1363 4725 1519 4790 Θεοῦ,
1554 4726 1649 4778 καὶ

100 4811 501 4883 προσθήσουσιν,
546 4813 629 4865 ὅτι
674 4814 814 4885 οὐχὶ,
862 4817 909 4868 εἰ
958 4814 1355 4888 ἐλευθεροῦται,
1408 4816 1506 4889 ήδη
1554 4817 1648 4870 καὶ

101 4907 325 4957 tam?
356 4906 457 4976 τῆς
486 4905 645 4978 δόξης
671 4908 780 4960 τῶν
821 4908 1024 4963 τέκνων
1056 4908 1156 4963 ’τοῦ
1189 4909 1345 4963 Θεοῦ.
1375 4910 1490 4964 Οὐκ
1516 4912 1654 4964 ἀπο-

48 5034 49 5045 .
105 4997 415 5067 ειωπήσουσι
456 4997 514 5051 δὲ
547 4991 691 5051 οὗτοι
729 4999 825 5051 καὶ
866 4999 925 5053 τὸ
965 4999 1057 5053 τὸν
1088 5000 1430 5071 πρωτότοκον
1473 4999 1654 5071 πάσης

104 5087 303 5153 κτίσεως
347 5088 435 5143 διὰ
460 5091 563 5162 τὴν
594 5091 730 5162 πρὸς
760 5090 852 5144 τὸν
879 5089 1163 5163 ἄνθρωπον
1190 5091 1330 5164 ὑπὲρ
1372 5090 1549 5145 πάντα
1575 5109 1655 5145 τι-

1754 4724 1898 4777 xima
1923 4726 1990 4779 de
2019 4725 2351 4791 hominibus,
2377 4726 2982 4796 snpervenientiamque
3010 4724 3329 4795 promissio-

1756 4817 1839 4871 nis
1874 4817 1941 4872 ad
1977 4819 2253 4874 hominem
2297 4820 2570 4891 perlinere
2610 4819 2933 4881 dicentibus,
2973 4816 3122 4871 usuri
3176 4826 3323 4877 sunt,

1758 4923 1879 4962 cum
1911 4918 2088 4964 tamen
2126 4910 2227 4967 hoc
2272 4912 2449 4980 ipsum
2485 4911 2551 4966 de
2577 4921 2850 4976 creatura,
2879 4906 2985 4971 vel,
3019 4916 3078 4960 ut
3118 4905 3328 4960 intelle-

1758 5000 1960 5063 ximus,
1990 5000 2057 5054 de
2085 5002 2289 5055 mundo
2350 4998 2665 5055 testimonia
2702 4999 2817 5053 haec
2845 5011 2953 5052 non
2983 4996 3324 5066 promittant.

1760 5089 1895 5143 Illud
1959 5090 2105 5145 enim
2151 5090 2242 5145 ’τι
2317 5089 2383 5144 ω
2433 5105 2575 5159 ego,
2639 5096 2694 5145 οι
2758 5100 2812 5141 ιιι
2876 5103 3042 5142 unum
3102 5102 3326 5153 sumus,

186 5224 226 5256 "
253 5225 272 5279 l
295 5223 427 5279 Cor.
458 5239 534 5289 iv,
562 5223 618 5279 9.
696 5223 743 5255 ⁸³
779 5222 938 5280 Rom.
972 5237 1072 5290 vn,
1101 5220 1189 5278 {9.
1264 5221 1312 5254 ”
1342 5204 1591 5278 ibidaﬁl.
1669 5223 1713 5254 "
1741 5222 1898 5278 Joan.
1922 5238 2041 5291 Vill,
2070 5221 2159 5280 12.
2260 5220 2311 5255 “
2335 5223 2532 5284 Matth.
2552 5237 2613 5292 ν,
2639 5221 2728 5280 14.
2811 5224 2856 5255 ⁸⁷
2880 5220 3039 5278 Joan.
3071 5238 3203 5289 xvn,
3233 5222 3299 5277 ει

48 5359 49 5429 Ῐ
158 5366 223 5437 (θ)
252 5365 518 5432 οὐδενός
547 5361 836 5437 αἰσθητοῦ
855 5361 1028 5437 ὄντος
1057 5360 1367 5429 ἀληθινοῦ.
1405 5359 1547 5437 _l_la_2c
1566 5375 1647 5437 ex

110 5429 508 5493 ιίιὸιὲεοειιιὶοινῖ
541 5429 837 5488 Academia
869 5435 1185 5503 deprompta
1207 5441 1354 5489 sunt.
1405 5429 1527 5486 Vid.
1559 5430 1651 5486 Ci-

111 5509 577 5578 trnAcadeva.
603 5504 865 5578 ῌυετιυε.
939 5575 993 5578 _7
1062 5577 1070 5578 ί
1151 5573 1162 5578 _
1235 5563 1245 5578 ,

48 5632 51 5647 λ
149 5580 213 5642 ﬁt
247 5576 589 5647 Ἀλλόὐχὶ,
615 5574 745 5647 ἐπεὶ
776 5577 888 5628 οὐκ
921 5573 1212 5647 ἀληθινόν
1236 5570 1307 5647 ’τό
1342 5570 1649 5639 αισθητὸν,

112 5658 191 5701 εις.
229 5644 772 5721 ’Δληθινόνῳιῑρρῆ
830 5654 883 5721 et
929 5645 1028 5698 οὐκ
1073 5644 1652 5721 ἀληθινόνὲορροιιιιη-

116 5730 176 5768 ιιι·
191 5714 583 5788 άπιφατικῶς.
616 5715 890 5788 Ἀληθινόν
923 5725 1104 5788 autem
1133 5714 1189 5771 et
1225 5714 1415 5784 ψεῦδος
1435 5754 1450 5778 ,
1499 5714 1653 5788 ἐναν-

114 5790 228 5853 τέος.
256 5783 461 5845 Eorum
487 5801 620 5843 vero
635 5783 756 5854 qum
784 5784 1146 5854 ἀντιφατικῶς
1176 5783 1519 5854 opponuntur
1574 5783 1653 5836 aio

116 5867 346 5913 εττιιιηιηι
368 5874 560 5916 verum
591 5853 704 5922 est;
728 5872 847 5925 quae
872 5853 1145 5919 ἐναντίως,
1174 5853 1281 5911 non
1312 5856 1460 5909 item.
1503 5853 1575 5908 In.

48 5912 51 5999 ξ
165 5912 315 5987 ista
490 5912 702 6001 φύσεί
727 5912 1030 5995 έοιούτους
1058 5912 1509 5998 ramea-auc.
1574 5922 1649 5979 Ea

1754 5372 1872 5416 erat
1902 5360 2406 5419 Valentinianorum
2451 5359 2696 5417 doctrina
2722 5397 2738 5424 ,
2788 5365 2878 5428 qui
2921 5366 3031 5411 tres
3081 5355 3296 5409 diversa

1758 5434 2037 5486 hominum
2068 5445 2291 5489 naturas
2321 5431 2616 5501 ﬁngebant.
2645 5428 2724 5483 ιι).
2874 5497 2883 5501 _
3018 5495 3064 5501 __
3105 5488 3123 5501 _,

1827 5503 1901 5577 (9)
1934 5503 2003 5558 Τὸ
2026 5494 2428 5577 ἀνυπέρθετοὶο
2455 5498 2564 5569 τῆς
2589 5497 2976 5577 ἐπαγγελίας.
3017 5494 3157 5577 Male,
3194 5494 3325 5547 Fer-

1757 5570 1970 5646 rarius,
2022 5570 2936 5646 supervenientiantpromissionis;
2993 5570 3079 5620 vix
3147 5575 3323 5646 tamen

1758 5642 1947 5700 Latine
1981 5645 2207 5699 reddere
2238 5643 2416 5713 possis
2445 5660 2460 5696 :
2493 5642 2622 5695 illud
2640 5641 2787 5713 enim
2819 5651 3032 5713 estque
3056 5641 3324 5705 promissa

1759 5716 1958 5769 habent
1981 5728 2040 5769 ut
2069 5709 2289 5768 minime
2318 5712 2523 5768 differri
2552 5712 2795 5783 possint.
2819 5709 2897 5783 In.

1755 5857 1786 5910 λ
1828 5786 1942 5873 ςιο)
1981 5775 2868 5858 Ἀπαγ-γελλούσαις.’ἳει“ι“ιιι’ἱιιε
2893 5779 3019 5851 legit
3057 5775 3291 5846 ὲπαγγε)
3318 5810 3338 5824 .

1788 5875 1991 5910 ουσακ.

1788 5875 1991 5921 ουσαις.
