3856 6524
89 382 141 436 π)
1132 370 1488 429 COMMENT.
1527 369 1595 426 IN
1632 408 1634 419 ι

1746 369 1826 427 tN.
1862 371 2099 429 TOMUS
2127 374 2168 428 l.
3225 378 3294 437 ἠ

85 499 220 570 αὐτῷ·
245 497 373 552 ἀλλὰ
406 497 587 570 πολλῷ
615 496 814 569 μᾶλλον
837 497 924 551 ὅτε
956 495 1139 564 ἄκρως
1171 494 1351 548 πᾶσάν
1379 511 1465 557 τις
1486 493 1623 547 άπον

1746 494 1899 550 nullo
1935 496 2109 565 magis
2147 509 2268 550 cum
2296 509 2540 565 prorsus,
2580 498 2729 553 omni
2759 499 3006 569 deposita
3040 504 3294 560 mortall-

85 591 272 661 θέμενος
303 589 627 662 νεκρότητα,
662 592 722 642 ὲν
756 590 823 660 τῇ
853 585 1019 640 αὐτοῦ
1056 585 1149 640 τοῦ
1184 584 1315 640 Υίοῦ
1345 585 1623 656 καινότητι

1751 592 1860 650 ate,
1901 584 2099 655 aliquis
2141 588 2195 641 in
2231 587 2471 642 novitate
2495 588 2620 644 vita:
2654 590 2827 657 ipsius
2854 590 2978 647 Filii
3012 594 3296 654 ambulat:

85 679 204 749 ζωῆς
232 682 537 750 περιπατεῖ*
574 678 694 747 Τὴν
723 679 1018 747 νέκρωσιν
1051 675 1156 731 τοῦ
1215 676 1418 744 Ἰησοῦ
1448 677 1518 731 ὲν
1545 676 1626 744 τῷ

1746 674 2108 750 llortalitutem
2148 690 2278 749 vero
2300 676 2428 733 Jesu
2470 695 2670 746 semper
2688 679 2746 743 in
2770 697 3013 752 corpore,
3047 684 3177 739 dum
3211 686 3302 743 hic

84 772 271 841 σώματι
294 771 553 825 πάντοτε
578 770 812 826 ἐνταῦθα
839 767 1251 841 περιφέρομεν,
1280 769 1370 822 ὅτε
1420 769 1626 837 ἀξιολό-

1746 767 1993 836 legimus,
2032 769 2481 840 circumferimus,
2523 772 2740 840 quando
2770 788 3027 845 maguum
3062 775 3300 835 fructum

82 881 172 931 γως
205 864 549 937 ὼφελήμεθα,
590 866 691 920 ἵνα
734 866 773 933 ἠ
820 862 933 932 ζωὴ
983 861 1090 927 τοῦ
1138 860 1333 930 Ἰησοῦ
1383 862 1454 915 ἐν
1502 862 1626 927 τοῖς

1746 859 1992 928 :epimus,
2028 872 2083 915 ut
2116 862 2222 916 vita
2264 860 2391 917 Jesa
2424 864 2476 916 in
2519 865 2824 934 corporibus
2849 866 3045 923 nostris
3072 868 3301 940 manife-

83 956 321 1025 σώμασιν
353 956 525 1026 ἡμῶν
551 953 884 1027 φανερωθῇ.
1726 959 1892 1009 stetur
1912 952 1977 1005 ⁸⁸.

136 1046 212 1102 Ξϐ.
254 1047 415 1103 Ἀλλά
444 1048 539 1103 καὶ
581 1049 614 1117 ὴ
662 1048 720 1101 ὲν
762 1047 927 1117 σοφίᾳ
957 1045 1173 1119 πορεία,
1208 1043 1304 1099 καὶ
1347 1042 1625 1115 πρακτικὴ

1797 1042 1888 1098 26.
1934 1042 2239 1112 Quinetiam
2283 1047 2370 1102 via
2403 1064 2524 1119 qua:
2551 1058 2635 1104 est
2681 1049 2735 1104 in
2768 1050 3055 1119 sapientia,
3098 1061 3155 1110 et
3179 1068 3305 1123 qute

83 1138 169 1192 τῶν
205 1136 522 1210 σωζομένων
559 1140 616 1192 ὲν
669 1137 819 1209 αὑτῷ
862 1137 1120 1209 γινομένη
1170 1135 1310 1191 κατὰ
1354 1135 1452 1200 τὰς
1497 1135 1627 1206 περὶ

1746 1137 1840 1192 vim
1871 1139 2035 1195 habet
2067 1137 2334 1196 eﬂiciendi
2358 1155 2454 1197 eos
2484 1141 2576 1212 qui
2600 1156 2696 1211 per
2723 1156 2846 1198 eam
2878 1142 3107 1200 salutem
3133 1146 3303 1215 adipi-

83 1230 302 1303 ἁληθεεας
346 1234 406 1284 ὲν
457 1232 601 1302 λόγῳ
633 1231 762 1302 θείῳ
805 1228 1092 1294 διεξόδους,
1127 1228 1222 1284 καὶ
1256 1226 1484 1300 πράξεις
1527 1227 1627 1290 τὰς

1746 1234 1959 1281 ιουηιιιι·
1982 1229 2278 1286 secundum
2298 1230 2684 1300 explicationes
2704 1231 2770 1288 de
2794 1234 3019 1291 veritate
3042 1234 3095 1289 in
3118 1234 3303 1291 divino

1732 1317 1901 1374 verbo
1930 1328 1987 1375 et
2017 1320 2259 1377 actiones
2286 1322 2613 1377 exsistentes
2635 1322 2688 1377 in
2718 1338 2846 1377 vera
2877 1323 3113 1393 jnstitia,
3146 1326 3302 1383 nobis

1734 1410 2137 1481 intelligendum
2163 1413 2365 1483 praebet
2387 1415 2659 1483 quomodo
2687 1414 2937 1471 Christus
2960 1419 3041 1472 via
3067 1420 3299 1485 dicatur,

1731 1502 1785 1556 in
1816 1517 1977 1572 quam
2004 1502 2145 1558 viam
2175 1503 2307 1559 nihil
2346 1515 2560 1574 gestare
2592 1506 2751 1562 debet
2779 1522 2951 1577 neque
2970 1524 3179 1579 peram,
3208 1526 3303 1566 ne-

1730 1606 1836 1663 que
1855 1592 2072 1665 pallium
2090 1608 2155 1650 ac
2173 1609 2241 1650 ne
2260 1595 2511 1652 baculum
2534 1600 2747 1667 quidem
2767 1602 2856 1657 vel
2870 1604 3083 1659 calceos
3104 1604 3170 1671 “,
3189 1604 3305 1674 qui-

1730 1686 1829 1741 bus
1853 1687 2043 1742 induat
2065 1688 2231 1758 pedes
2260 1688 2364 1744 iter
2417 1688 2682 1748 facturus.
2715 1693 2997 1751 Sniliciens
3023 1696 3167 1751 enim
3204 1711 3305 1766 per

1731 1791 1790 1832 se
1820 1788 1903 1833 est
1928 1778 2044 1834 haec
2078 1778 2163 1833 via
2193 1780 2259 1834 ad
2286 1781 2465 1836 omnia
2491 1784 2882 1853 suppeditanda
2906 1786 3087 1842 itineri
3111 1803 3305 1855 neces-

1731 1874 1900 1937 saria,
1933 1869 2188 1941 nullaque
2222 1886 2282 1927 re
2305 1874 2529 1929 omnino
2553 1874 2758 1944 indiget
2778 1877 3025 1948 quisquis
3055 1879 3198 1935 hanc
3222 1878 3306 1935 in-

1730 1961 1994 2031 greditur,
2024 1971 2253 2017 ornatus
2284 1978 2350 2018 eo
2378 1967 2706 2024 vestimento
2736 1984 2842 2037 quo
2892 1980 3150 2026 ornatum
3182 1986 3308 2028 esse

1729 2069 1852 2108 eum
1879 2054 2036 2110 decet
2073 2056 2161 2122 qui
2194 2054 2453 2113 invitatus
2476 2058 2624 2113 vadit
2648 2060 2715 2114 ad
2744 2060 2982 2128 nuptias,
3008 2075 3129 2116 cum
3154 2062 3306 2117 nulla

1731 2160 1820 2201 res
1839 2145 2061 2201 tnolcsta
2086 2144 2258 2213 possit
2288 2147 2341 2200 in
2370 2148 2470 2203 hac
2498 2150 2587 2206 via
2620 2164 2930 2207 occurrere.
2955 2151 3135 2207 Facile
3158 2154 3307 2208 enim

1731 2236 1876 2295 factu
1904 2254 2011 2293 non
2037 2245 2145 2303 est,
2174 2246 2317 2293 teste
2337 2238 2628 2299 Salomone
2653 2241 2723 2307 ",
2751 2252 2808 2297 ut
2834 2244 3125 2312 serpentis,
3151 2252 3225 2312 et,
3247 2253 3308 2298 ut

1731 2346 1830 2399 ego
1861 2332 2119 2399 arbitror,
2141 2332 2381 2402 cujusvis
2413 2333 2577 2389 etiam
2605 2333 2732 2390 ferte
2780 2336 2900 2392 vias
2918 2335 3162 2392 inveniat
3184 2337 3310 2406 quis

1730 2437 1892 2494 supra
1950 2433 2178 2494 petram.
2240 2427 2422 2494 Quare
2484 2424 2616 2481 nihil
2661 2440 2799 2496 opus
2847 2435 2934 2483 est
2994 2428 3190 2483 baculo
3253 2429 3308 2483 in

1734 2516 1821 2571 vin
1864 2516 1991 2582 hac,
2026 2531 2147 2586 quae
2185 2527 2392 2574 tantum
2426 2518 2584 2575 abest
2610 2525 2671 2574 ut
2709 2518 3110 2577 contrariorum
3143 2522 3313 2577 vesti-

1731 2609 1819 2679 gia
1851 2609 2074 2676 habeat,
2112 2623 2173 2666 ut
2218 2626 2288 2666 ne
2318 2612 2533 2671 illorum
2565 2612 2782 2681 quidem
2826 2625 2945 2680 qua:
2973 2610 3113 2666 mala
3147 2619 3297 2675 sunt,

1731 2704 1801 2759 ob
1825 2703 2179 2771 soliditatem,
2210 2707 2353 2760 unde
2383 2706 2548 2760 etiam
2575 2713 2730 2773 petra
2752 2703 2972 2771 dicitur,
3000 2704 3074 2759 sit
3112 2719 3306 2774 capax.

135 2790 211 2845 27.
254 2792 508 2865 Ἀλήθεια
548 2792 607 2846 δὲ
650 2794 679 2846 ὁ
724 2792 1031 2866 Μονογενής
1074 2796 1188 2849 ἐστι
1240 2794 1414 2849 πάντα
1462 2795 1631 2864 ἐμπε-

1800 2796 1892 2852 27.
1927 2797 2092 2854 Porro
2116 2797 2434 2872 Unigenitus
2463 2796 2668 2853 veritas
2689 2804 2793 2862 est,
2822 2809 3038 2850 omnem
3063 2797 3307 2852 omnium

84 2884 346 2957 ριειληφὼς
378 2886 470 2941 τὸν
511 2887 640 2958 περ)⁵
672 2887 779 2940 τῶν
808 2887 943 2943 ὅλων
976 2889 1114 2943 κατὰ
1157 2887 1219 2941 τὸ
1256 2888 1505 2960 βούλημα
1537 2887 1629 2941 τοῦ

1746 2902 1910 2943 rerum
1922 2887 2075 2956 juxta
2096 2886 2275 2945 Patris
2291 2887 2626 2943 voluntatem
2648 2900 2768 2941 cum
2784 2886 3196 2942 omniclaritate
3218 2903 3307 2940 ra-

80 2977 267 3049 Πατρὸς
302 2979 439 3049 μετὰ
485 2980 670 3051 πάσης
699 2979 1024 3052 τρανότητος
1052 2980 1231 3050 λόγον,
1280 2980 1373 3035 καὶ
1416 2982 1631 3051 ἑκάστῳ

1746 2979 1933 3035 tionem
1953 2979 2005 3033 in
2023 2994 2083 3035 se
2097 2978 2483 3049 complectens,
2499 2987 2660 3049 atque
2677 2977 2968 3047 unicuique
2982 2977 3308 3049 inquantnnt

82 3068 197 3123 κατὰ
238 3070 336 3141 τὴν
384 3070 545 3137 ἀξίαν
586 3070 750 3126 αὑτοῦ
860 3072 1087 3145 ἀλήθειά
1128 3075 1244 3127 ἐστι
1296 3072 1625 3144 μεταδιδούς.

1746 3085 1814 3126 est
1832 3071 2033 3126 veritas
2048 3084 2147 3142 pro
2177 3069 2320 3127 illius
2364 3069 2625 3141 dignitate
2650 3077 2705 3123 et
2727 3067 2922 3122 merito
2953 3067 3310 3123 distribuens.

95 3159 200 3216 Ὲὲν
220 3162 279 3215 δέ
303 3180 386 3227 τις
413 3163 551 3235 ζητῇ
582 3162 694 3235 (15)
721 3166 768 3217 εί
793 3166 899 3218 πᾶν
917 3164 1026 3235 (16)
1057 3165 1086 3218 ὅ
1118 3164 1171 3218 τί
1202 3181 1329 3219 ποτε
1356 3165 1619 3236 ἐγνωσμέ-

1746 3164 1883 3231 Quod
1896 3164 1939 3218 si
1952 3163 2077 3232 quis
2089 3162 2329 3232 inquirat
2340 3176 2468 3219 num
2480 3162 2641 3217 omne
2651 3161 2793 3232 quod
2803 3158 3022 3216 tandem
3037 3158 3310 3229 cognitum

86 3268 158 3303 νον
182 3253 287 3306 ὑπὸ
320 3254 412 3308 τοῦ
457 3254 675 3326 Πατρὺς
708 3253 847 3308 κατὰ
874 3256 936 3308 τὸ
963 3255 1124 3326 βάθος
1152 3255 1247 3311 τοῦ
1278 3256 1506 3310 πλούτου
1537 3259 1631 3311 καὶ

1746 3254 2139 3330 estPatrijuxta
2155 3253 2606 3326 profunditatem,
2621 3262 2677 3309 et
2693 3252 3084 3319 divitiarum,et
3097 3254 3306 3322 sapienv

82 3342 160 3411 τῆς
203 3347 393 3413 σοφίας
437 3346 533 3400 καὶ
583 3347 685 3418 τῆς
728 3347 984 3418 γνώσεως
1032 3348 1218 3413 αὐτοῦ,
1267 3350 1553 3404 ἐπίσταται
1602 3353 1631 3403 6

1746 3347 1844 3413 tiae,
1877 3357 1933 3403 et
1954 3346 2284 3419 cognitionis
2311 3347 2428 3416 ejus
2450 3346 2521 3412 “,
2556 3345 2818 3403 Servator
2838 3347 2941 3417 31
2971 3354 3154 3402 noster
3177 3346 3316 3401 sciat

79 3433 242 3507 Σωτὴρ
273 3436 452 3508 ἡμῶν,
483 3437 579 3491 καὶ
604 3439 875 3512 φαντασίᾳ.
898 3440 991 3496 τοῦ
1016 3437 1257 3505 δοξάζειν
1287 3440 1382 3494 τὸν
1413 3441 1631 3513 Πατέρα

1746 3450 1791 3495 et
1811 3454 1977 3497 causa
1993 3440 2331 3512 gloriﬁcandi
2348 3438 2564 3497 Patrem
2590 3440 2837 3508 quadam
2863 3453 2895 3495 a
2918 3437 3081 3494 Patre
3100 3437 3315 3511 cognita

81 3526 423 3599 ἀπο-ξαίνηταί
479 3546 603 3582 τινα
664 3531 1043 3603 γινωσκόμενα
1109 3532 1214 3586 ὑπὸ
1266 3532 1361 3587 τοῦ
1423 3533 1633 3606 Πατρὸς

1746 3548 1857 3590 esse
1883 3533 2030 3589 dicat
2054 3547 2177 3603 qua:
2201 3531 2372 3590 Filius
2399 3531 2630 3603 ignoret,
2666 3546 2791 3587 cum
2817 3530 3019 3603 alioqui
3053 3529 3223 3601 possit
3246 3543 3313 3584 ex

78 3618 367 3682 ἀγνοεῖσθαι
414 3620 521 3674 ὑπὸ
569 3620 664 3675 τοῦ
704 3620 859 3686 Υίοῦ,
910 3620 1259 3695 διαρκοῦντος
1309 3622 1631 3694 ἐξισωθῆναι

1746 3639 1889 3694 equo
1915 3625 2143 3695 perinde
2178 3634 2340 3694 atque
2373 3623 2647 3695 ingenitus
2678 3623 2816 3678 Deus
2846 3620 3311 3693 apprehensiones

82 3708 179 3767 ταῖς
221 3708 561 3780 καταλήψεσι
622 3708 719 3763 τοῦ
773 3711 1038 3784 ἅγενήτου
1090 3711 1225 3766 Θεοῦ
1243 3728 1258 3744 ο
1314 3712 1632 3767 ἐπιστατέον

1746 3714 2111 3785 prehendere;
2141 3713 2420 3770 sciendum
2446 3723 2533 3767 est
2560 3712 2906 3767 Servatoretn
2938 3711 3134 3781 ipsum,
3182 3710 3309 3780 quia

86 1323 201 1377 κατὰ
227 1323 321 1394 τὴν
357 1323 534 1395 ἀληθῆ
561 1321 929 1394 δικαιοσύνην,
964 1320 1294 1392 παρίστησιν
1326 1321 1457 1390 ἡμῖν
1486 1321 1625 1374 νοεῖν

87 1414 180 1477 πῶς
205 1414 536 1477 αὑτόςοὲστιν
567 1416 601 1485 ἡ
624 1414 762 1479 ὁδὸς,
791 1412 876 1482 ἐφ’
907 1413 976 1485 ἢν
1000 1412 1115 1467 ὁδὸν
1141 1410 1292 1466 οὐδὲν
1319 1410 1495 1483 αἴρειν
1516 1410 1625 1483 (l5)

84 1506 164 1569 δεῖ,
196 1505 671 1578 οὖτεπήραν,οὖτε
692 1506 928 1578 ἱμάτιον,
945 1505 1058 1559 ἀλλ’
1075 1505 1197 1559 οὐδὲ
1221 1503 1416 1575 ῥάϐδον
1437 1503 1628 1575 ἔχοντα

82 1594 251 1648 ὁδεύειν
277 1596 409 1668 χρὴ,
438 1596 561 1649 οὐδὲ
595 1596 913 1667 ὑποδήματα
944 1594 1291 1648 ὑποδεδὲσθαι
1326 1593 1465 1649 κατὰ
1502 1594 1629 1658 τοὺς

263 1689 561 1759 Αὐτάρκης
598 1688 707 1760 γάρ
737 1688 852 1741 ἐστι
871 1687 980 1758 (Li)
1016 1687 1219 1750 παντὸς
1251 1686 1462 1757 ἑφοδίου
1488 1686 1627 1759 αὐτὴ

86 1781 111 1851 ἡ
135 1779 254 1846 ὁδὸς,
282 1781 385 1833 καὶ
421 1780 674 1851 ἀνενδεὴς
700 1778 960 1850 τυγχάνει
992 1780 1100 1843 πᾶς
1129 1782 1158 1833 6
1181 1778 1387 1851 ταύτης
1412 1778 1631 1832 ἐπιϐαί-

84 1888 185 1933 νων,
214 1870 626 1941 κεκοσμημὺος
653 1869 909 1941 ένδύματι
939 1862 984 1938 ᾧ
1016 1869 1217 1942 πρέπει
1254 1869 1629 1941 κεκοσμῆσθαι

83 1964 157 2017 τὸν
179 1965 259 2017 ἐπὶ
294 1964 395 2034 τὴν
438 1963 633 2034 κλῆσιν
680 1962 770 2017 τοῦ
814 1963 996 2034 γάμου
1036 1963 1287 2031 ἀπιόντα,
1324 1963 1537 2028 οὐδενός
1567 1982 1628 2018 τε

83 2056 280 2127 χαλεποῦ
300 2056 608 2127 δυναμένου
637 2056 943 2128 ἀπαντῆσαι
971 2056 1112 2110 κατά
1138 2055 1341 2127 ταύτην
1367 2056 1465 2129 τὴν
1490 2056 1627 2111 ὁδόν.

92 2151 364 2221 Ἀμήχανον
386 2148 496 2222 γὰρ
520 2149 674 2214 ὀδοὺς
695 2149 869 2219 ὖιρεως
894 2149 988 2202 ἐπὶ
1024 2148 1228 2219 πέτρας
1260 2148 1460 2221 εὑρεῖν.
1488 2148 1629 2203 κατὰ

81 2237 152 2290 τὸν
201 2239 550 2311 Σολομῶντα,
604 2238 748 2311 φημὶ
798 2238 842 2291 δ’
893 2237 1025 2307 ἐγὼ,
1085 2240 1168 2294 ὅτι
1222 2238 1316 2293 καὶ
1344 2233 1406 2295 οὗ
1428 2239 1629 2311 δήποτε

82 2330 260 2401 θηρίον’
290 2331 372 2385 διὸ
404 2331 529 2386 οὐδὲ
552 2331 713 2404 χρεία
741 2330 940 2403 ῥάϐδου
973 2333 1032 2386 ὲν
1061 2330 1188 2403 ὁδῷ,
1221 2332 1340 2386 οὐδὲ
1376 2331 1497 2403 ἴχνη
1522 2332 1629 2386 τῶν

80 2422 309 2478 ἐναντίων
353 2423 578 2498 ἐχούσῃ,
631 2424 728 2478 καὶ
765 2424 1101 2497 ἀνεπιδέκτῳ
1145 2424 1235 2479 διὰ
1276 2426 1338 2479 τὸ
1386 2426 1630 2498 στερρὸν,

80 2513 236 2588 διόπερ
268 2518 361 2570 καὶ
387 2517 565 2589 πέτρα
588 2517 826 2588 λέγεται,
853 2518 960 2572 τῶν
987 2518 1246 2589 χειρόνων
1268 2518 1627 2592 τυγχανούσῃ.

1660 1844 1703 1900 Β

80 3797 217 3852 αὑτὸν
247 3801 313 3853 ὲκ
342 3800 437 3854 τοῦ
476 3800 736 3873 ἀλήθειαν
779 3799 919 3858 εἶναι
949 3804 1041 3857 τὸν
1070 3804 1322 3877 Σωτῆρα,
1353 3803 1447 3859 καὶ
1476 3821 1638 3876 προσ-

80 3892 270 3955 ακτέον,
317 3893 420 3956 ὅτι,
474 3894 523 3946 εί
576 3893 866 3966 ὁλόκληρος
909 3896 1058 3949 ἐστιν
1111 3896 1421 3969 ἡάλήθεια,
1482 3897 1635 3952 οὐδὲν

79 3980 252 4050 ἀληθὲς
280 3982 481 4051 ἀγνοεῖ,
515 3984 603 4038 ἵνα
634 3984 710 4057 μὴ
753 3984 926 4058 σκάζῃ
954 3986 1272 4060 λείπουσαὴ
1302 3989 1530 4061 ἀλήθεια
1553 3986 1633 4054 οἷς

81 4072 130 4123 οὐ
158 4075 428 4159 γινιξισκει,
458 4078 581 4131 κατ’
612 4078 873 4144 ἐκείνους,
911 4080 1268 4152 τυγχάνουσιν
1297 4083 1355 4137 ὲν
1390 4082 1534 4156 μόνῳ
1557 4083 1635 4157 τῷ

81 4157 269 4237 Πατρίέ
301 4170 334 4239 ἢ
360 4157 629 4224 δεικνύτω
652 4188 757 4235 τις,
788 4172 870 4225 ὅτι
898 4171 1044 4227 ἐστιν
1063 4173 1100 4228 ἃ
1117 4176 1500 4246 γινωσκόμενα
1522 4176 1635 4247 (17)

80 4253 165 4323 τῆς
188 4257 441 4328 ἀληθείας
471 4260 846 4333 προσηγορίας
865 4262 928 4315 οὐ
954 4263 1308 4336 τυγχάνοντα,
1338 4264 1475 4319 ἀλλὰ
1497 4265 1636 4336 ὑπὲρ

79 4347 231 4421 αὐτὴν
261 4350 411 4405 ὄντα.

137 4440 220 4495 28.
262 4445 443 4514 Σαφὲς
497 4445 583 4512 δὲ,
628 4446 712 4500 ὅτι
758 4448 963 4520 κυρίως
1014 4448 1117 4519 τῆς
1167 4448 1492 4522 εἰλικρινοῦς
1546 4450 1638 4505 καὶ

1737 3805 1811 3861 sit
1842 3805 2065 3871 veritas,
2098 3804 2235 3860 nihil
2268 3805 2384 3860 veri
2439 3805 2713 3874 ignorare,
2751 3804 2911 3872 idque
2937 3810 3048 3856 tum
3075 3802 3315 3856 maxime
3352 3846 3359 3855 κ

1739 3895 2139 3967 adjungendum
2161 3904 2265 3959 est,
2302 3895 2472 3951 solida
2503 3896 2546 3950 si
2580 3904 2664 3949 est
2684 3896 2910 3959 veritas,
2948 3910 3015 3950 ne
3045 3894 3316 3950 claudicet

1739 3989 1944 4046 veritas
1970 3990 2239 4044 diminuta
2268 3988 2578 4058 cognitione
2601 4001 2788 4043 eorum
2811 4000 2931 4056 quae
2959 3994 3088 4040 sunt
3112 3986 3166 4039 in
3197 3984 3315 4041 solo

1740 4079 1928 4146 Patre,
1953 4090 2013 4137 ut
2043 4080 2133 4136 isti
2169 4080 2428 4135 tradunt:
2459 4078 2542 4134 vel
2572 4080 2824 4135 ostendat
2843 4077 3042 4148 aliquis
3065 4075 3313 4147 quaedam

1741 4184 1865 4227 esse
1905 4185 2028 4239 quae
2063 4180 2490 4241 cognoscuntur,
2523 4184 2643 4239 qua:
2672 4168 2923 4224 veritatis
2953 4165 3318 4236 appellatione

1741 4261 2045 4332 nuncupari
2071 4277 2176 4317 non
2205 4273 2457 4333 possunt,
2507 4263 2604 4317 sed
2630 4276 2793 4332 supra
2828 4264 3000 4331 ipsam
3033 4248 3314 4313 veritatem

1741 4354 1843 4409 sita
1867 4365 2017 4411 sunt.

1811 4447 1905 4503 28.
1935 4448 2201 4504 Caeterum
2232 4446 2578 4518 perspicuum
2607 4455 2691 4502 est
2720 4446 3048 4516 principium
3085 4443 3319 4499 fontem-

79 4530 290 4602 ἀμιγοῦς
321 4537 462 4608 πρός
488 4555 544 4591 τι
579 4536 767 4610 ἕτερον
795 4537 941 4610 ζωῆς
970 4540 1004 4613 ἠ
1035 4538 1178 4613 ἀρχὴ
1219 4541 1278 4593 ἐν
1319 4540 1397 4612 τῷ
1424 4541 1634 4613 Πρωτο-

1746 4552 1854 4609 que
1879 4537 2004 4593 vitae
2025 4538 2344 4596 sincerioris
2379 4552 2446 4591 ac
2472 4538 2733 4608 purioris,
2771 4546 2939 4607 atque
2983 4552 3013 4589 a
3062 4533 3319 4590 mistione

81 4625 207 4695 τόκῳ
242 4627 422 4699 πάσης
450 4628 685 4694 κτίσεως
710 4632 984 4703 τυγχάνει,
1017 4633 1111 4701 ἀφ’
1136 4628 1205 4706 ἧς
1226 4634 1275 4686 οἱ
1309 4632 1526 4704 μέτοχοι
1546 4633 1637 4688 τοῦ

83 4717 295 4787 Χριστοῦ
337 4720 711 4794 λαμϐάνοντες
754 4724 856 4795 τὴν
888 4723 1104 4795 άληθῶς
1137 4723 1273 4789 ζῶσι
1320 4722 1485 4797 ζωὴν,
1530 4724 1640 4779 τῶν

84 4812 197 4881 παρ’
222 4812 388 4886 αὐτὴν
417 4813 789 4888 νομιζομένων
816 4814 916 4888 ζῇν
958 4815 1148 4889 ὥσπερ
1176 4816 1278 4872 οὐκ
1317 4817 1549 4890 ἐχόντων
1579 4818 1642 4871 τὸ

82 4901 308 4974 ἀληθινὸν
332 4906 474 4976 φῶς,
509 4910 682 4973 οὕτως
707 4907 829 4962 οὐδὲ
854 4908 915 4962 τὸ
939 4906 1190 4980 ἀληθινὸν
1215 4908 1333 4980 ζῇν.

144 5179 230 5236 29.
268 5184 379 5238 Καὶ
424 5183 549 5237 ἐπεὶ
577 5184 637 5238 ἐν
670 5181 749 5253 τῷ
801 5183 974 5256 [largi
1025 5182 1125 5237 οὐκ
1165 5183 1281 5237 ἐστι
1327 5182 1642 5255 γενέσθαιῆ

1747 4628 2118 4699 cujuscunque
2172 4631 2251 4686 rei
2309 4630 2521 4696 alienae,
2561 4630 2782 4702 proprie
2836 4629 2892 4683 in
2947 4624 3318 4698 Primogeuito

1748 4720 1928 4777 omnis
1959 4730 2231 4777 creatura:
2272 4722 2573 4789 exsistere,
2604 4736 2636 4775 a
2684 4736 2791 4790 qua
2829 4719 2919 4789 qui
2959 4717 3163 4774 Christi
3193 4724 3318 4771 sunt

1747 4812 2043 4885 participes
2089 4822 2393 4880 sumentes,
2430 4828 2615 4869 veram
2643 4816 2838 4871 vivunt
2871 4814 3059 4877 vitam,
3092 4822 3213 4863 cum
3258 4806 3318 4861 hi

1749 4905 1842 4976 qui
1878 4915 2079 4975 praeter
2112 4905 2292 4977 ipsum
2348 4905 2532 4963 vivere
2580 4906 3000 4964 existimantur,
3036 4909 3097 4955 ut
3132 4913 3317 4954 veram

1747 4998 1922 5054 lucem
1965 5015 2072 5054 non
2115 5000 2348 5067 habent,
2390 5001 2465 5055 ita
2520 5015 2589 5057 ne
2633 5013 2818 5055 veram
2866 4995 3084 5066 quidem
3129 4991 3322 5047 vivant-

1752 5090 1942 5145 vitam.

1821 5181 1914 5235 29.
1948 5178 2217 5248 Quoniam
2247 5195 2378 5237 vero
2408 5197 2459 5235 m
2490 5182 2653 5235 Patre
2679 5178 2759 5234 vel
2787 5179 2928 5250 apud
2965 5177 3182 5235 Patrem
3210 5188 3318 5229 non

146 5325 248 5380 “ll
273 5326 398 5382 Cor.
433 5341 510 5390 tv,
546 5326 630 5380 10.
703 5324 751 5357 ⁸⁸
777 5325 966 5379 Matth.
991 5340 1047 5392 tt,
1083 5325 1172 5383 10.
1239 5324 1284 5357 ⁸⁸
1316 5324 1476 5381 Prov.
1512 5341 1634 5391 xxx,

1746 5363 1758 5381 .
1837 5321 1883 5353 “
1909 5320 1930 5375 Ι
1955 5320 2080 5376 Cor.
2106 5336 2168 5387 ll,
2196 5319 2283 5375 lO.

152 5434 252 5502 (l3)
270 5433 415 5505 ,Ἐφ’
439 5432 525 5501 ἦν
545 5432 694 5488 ὁδὸν
713 5433 1132 5505 οὐδὲνίαῖρειν.
1163 5434 1237 5491 Ita
1282 5446 1435 5493 recte
1483 5435 1644 5505 habet

91 5502 626 5629 ἓέξέβοᾶιθίειιιιος
679 5506 822 5573 apud
877 5502 1128 5562 Huétium
1178 5507 1377 5577 legitur
1422 5506 1507 5574 ἐφ’
1574 5502 1643 5576 ἦς

253 5592 403 5629 ιοειν.

253 5592 403 5648 ιρειν.

96 5645 255 5767 hiat)
276 5645 417 5704 Idem
444 5646 623 5704 codex
660 5645 1005 5712 Bodleianus,
1030 5647 1146 5701 ἐστί
1168 5666 1182 5679 ·
1226 5647 1394 5704 editio
1441 5645 1643 5710 Huetii,

159 5785 261 5855 (15)
291 5787 429 5859 Ἐὰν
464 5787 535 5841 δέ
569 5804 663 5854 τις
692 5783 995 5859 (stricte.
1027 5786 1225 5845 Valere
1264 5789 1382 5844 haec
1421 5795 1649 5859 possunt

106 5856 331 5914 adversus
352 5858 591 5928 Origean
612 5857 871 5911 intentari
920 5858 1134 5914 solitam
1188 5856 1644 5925 criminationem,

355 5952 653 6013 Panos:
680 5947 803 6009 Gtt.
849 5948 1020 6010 XIV.

1788 5432 1894 5490 uod
1921 5431 2101 5490 Patris
2125 5431 2489 5503 cognitionem
2530 5429 2789 5503 majorem
2813 5442 2970 5503 _esse
3000 5424 3323 5503 cognitione

1750 5498 1874 5558 Filii
1898 5505 2171 5558 statuerit.
2195 5498 2666 5572 Quamquoniatn
2702 5502 2756 5556 in
2797 5498 3129 5572 Origsnianis
3155 5512 3323 5552 excu-

1753 5576 1944 5636 timus,
1978 5574 2134 5640 plura
2166 5588 2271 5625 non
2298 5570 2511 5625 addam.
2546 5570 2807 5627 HUETIUS.

1822 5642 1934 5727 (lii)
1966 5635 2144 5727 (ἕσσει
2178 5640 2502 5697 Bodleianus
2541 5653 2597 5697 et
2619 5640 2950 5698 Barberinus
2977 5637 3117 5692 πᾶν
3152 5635 3324 5693 editio

1751 5712 1956 5777 llu‘eti’i,
1984 5712 2141 5767 ἐπάν.

1751 5783 1934 5907 Ἴ
1994 5785 2052 5838 Ἀ
2100 5784 2533 5852 γινωσκόμενα.
2591 5782 2756 5840 Forte
2802 5781 3086 5855 legendum
3133 5776 3204 5833 τά
3236 5774 3323 5833 vel

1749 5872 1893 5907 τινα.

2960 5942 2999 6000 3
