3922 6578
584 386 661 446 ΐό
2020 381 2344 445 ὈΩΙΟΕΝδ
3762 395 3821 447 ςϐ

586 510 715 568 iicet
742 524 863 567 esse
892 511 940 566 ei
980 510 1070 582 qui
1130 511 1365 581 primum
1414 512 1482 568 ab
1535 512 1644 568 imo
1673 512 2018 568 ascendendo
2048 527 2138 567 uo:

2262 510 2411 582 παρὰ
2444 510 2522 581 τῷ
2545 510 2655 583 (l8)
2686 510 2881 581 Πατρὶ,
2907 513 2985 584 μὴ
3010 513 3314 582 φθάσαντα,
3348 512 3563 585 πρῶτον
3599 512 3825 569 κάτωθεν

586 603 894 676 pervenerit
916 602 985 659 ad
1005 602 1129 659 Filii
1158 603 1521 668 divinitatem,
1552 619 1652 676 per
1676 620 1837 676 quam
1854 605 1975 675 quis
1995 620 2160 659 manu

589 697 714 753 duci
765 704 944 767 potest
997 697 1162 755 etiam
1211 697 1279 752 ad
1314 706 1618 768 paternam,
1658 697 1857 754 ostium
1908 694 2161 752 Salvator

584 787 884 861 inscriptus
901 797 1019 848 est:
1040 788 1256 860 generis
1272 796 1450 845 autem
1472 789 1693 845 humani
1712 803 1901 844 amans
1922 804 2043 844 cum
2066 789 2158 856 sit,

582 891 638 937 et
669 880 1106 952 qualemcunque
1141 880 1448 937 animorum
1481 881 1549 936 ad
1600 880 1884 936 meliorem
1945 879 2156 950 frugem

583 972 991 1029 inclinationem
1034 972 1309 1039 admittat,
1355 986 1546 1029 eorum
1599 972 1695 1044 qui
1742 972 1810 1027 ad
1854 969 2071 1044 [Λόγον,
2104 971 2157 1026 id

580 1062 686 1137 est]
719 1064 786 1119 ad
809 1063 1074 1119 rationem
1109 1078 1215 1119 non
1246 1063 1516 1132 festinant,
1546 1064 1838 1132 oviumque
1858 1062 2031 1117 instar
2049 1076 2156 1117 non

578 1157 932 1226 exquisitam,
990 1156 1089 1212 sed
1148 1156 1520 1211 irrationalem
1578 1154 2048 1211 mansuetudinem
2104 1166 2159 1208 et

580 1252 861 1309 lenitatem
897 1252 1119 1318 habent,
1154 1261 1343 1323 pastor
1372 1250 1604 1307 eﬂicitur
1636 1267 1652 1305 :
1689 1248 1946 1305 Homines
1985 1249 2153 1314 enim,

575 1354 624 1399 et
637 1345 881 1415 jumenta
909 1354 1080 1400 servat
1122 1343 1383 1399 Dominus
1408 1343 1475 1396 ".
1502 1341 1644 1410 Quin
1683 1351 1738 1397 et
1766 1341 1941 1396 israel
1972 1351 2027 1397 et
2055 1338 2153 1394 Ju-

573 1437 673 1492 das
701 1438 899 1492 nedum
935 1434 1348 1501 hominum,sed
1377 1436 1541 1489 etiam
1567 1435 1938 1506 iumentorum
1969 1448 2153 1488 semen

572 1528 809 1583 seminat
832 1526 901 1583 ⁸⁸.

642 1619 733 1675 ⁸50.
757 1618 838 1675 Ad
870 1621 983 1676 haec
1013 1635 1042 1674 a
1075 1620 1343 1690 principio
1365 1619 1831 1676 considerandum
1862 1629 1945 1675 est
1992 1619 2153 1676 Chri-

572 1709 641 1764 Sti
670 1708 1016 1777 vocabulum,
1065 1710 1322 1778 adjuncto
1353 1709 1518 1764 etiam
1555 1708 1821 1764 vocabulo
1869 1710 2038 1779 regis,
2094 1717 2154 1763 ut

2262 602 2641 668 ἀναϐαίνοντα,
2689 603 2781 656 ἐπὶ
2811 602 2915 675 τὴν
2944 604 3039 658 τοῦ
3081 604 3212 658 Υἱοῦ
3251 605 3503 677 θεότητα,
3548 604 3612 658 δι’
3644 600 3708 677 ἦς
3747 623 3825 671 τις

2260 695 2740 769 χειραγωγηθῆναι
2767 695 2992 750 δύναται
3013 697 3108 750 καὶ
3129 699 3222 750 ἐπὶ
3243 696 3343 768 τὴν
3369 695 3639 769 πατρικὴν
3665 714 3824 768 μακα-

2265 788 2506 858 ριότητα,
2541 786 2681 858 θύρα
2703 790 2733 842 ὁ
2761 786 2952 859 Σωτὴρ
2995 788 3429 860 ἀναγέγραπταν
3460 789 3823 861 φιλάνθρωπος

2258 877 2315 931 δὲ
2344 876 2441 942 ὢν,
2472 878 2567 931 καί
2595 877 2694 949 τὴν
2719 879 2867 940 ὅπως
2889 878 3020 932 ποτὲ
3046 878 3140 932 ἐπὶ
3188 878 3251 931 τὺ
3285 878 3491 948 βέλτιον
3517 879 3825 950 ἀποδεχόμε-

2260 987 2350 1035 νος
2375 970 2485 1025 τῶν
2521 969 2708 1041 ψυχῶν
2738 971 2931 1043 ῥοπὴν,
2963 971 3071 1026 τῶν
3105 970 3200 1025 ἐπὶ
3230 971 3323 1025 τὸν
3356 971 3527 1041 Λόγον
3560 972 3635 1045 μὴ
3678 989 3824 1026 σπευ-

2257 1060 2477 1125 δόντων,
2512 1060 2648 1116 ἀλλά
2672 1060 2827 1134 δίκην
2854 1061 3141 1134 προϐάτων
3166 1062 3266 1115 οὐκ
3292 1060 3676 1133 ἐξητασμένον,
3698 1062 3824 1117 ἀλλὰ

2258 1151 2450 1221 ἄλογον
2469 1152 2529 1206 τὸ
2548 1153 2754 1224 ἥμερον
2784 1151 2880 1205 καὶ
2902 1152 3074 1222 πρᾶον
3098 1150 3354 1221 ἐχόντων,
3380 1150 3585 1220 ποιμὴν
3606 1148 3821 1218 γίνεται·

2271 1245 2636 1315 Ἆνθρώπους
2664 1244 2773 1317 γὰρ
2806 1244 2904 1299 καὶ
2947 1244 3139 1314 κτήνη
3172 1240 3341 1303 σώζει
3388 1246 3422 1297 ὁ
3466 1244 3695 1312 Κύριος·
3736 1242 3823 1297 καὶ

2256 1340 2286 1393 ὁ
2323 1338 2536 1411 Ἰσραὴλ
2560 1339 2618 1393 δὲ
2645 1339 2738 1392 καὶ
2756 1340 2785 1392 ὁ
2818 1337 3020 1402 Ἰούδας
3043 1335 3323 1408 σπείρεται
3348 1338 3569 1409 σπέρμα
3588 1337 3647 1389 οὐ
3673 1336 3822 1407 μόνον

2257 1429 2579 1503 ἀνθρώπων,
2611 1429 2746 1485 ἀλλά
2776 1431 2870 1485 καὶ
2907 1428 3144 1502 κτηνῶν.

2324 1617 2412 1673 50.
2470 1618 2615 1691 Πρὸς
2680 1618 2894 1682 τούτοις
2950 1610 3345 1686 ὲπισκοπητέον
3399 1615 3459 1681 ἐξ
3508 1614 3682 1687 ἀρχῆς
3731 1612 3824 1687 rip
3873 1660 3875 1671 ι

2253 1713 2486 1787 Χριστὸς
2515 1712 2910 1785 προσηγορίαν,
2934 1710 3030 1765 καὶ
3052 1709 3424 1783 προσληπτέον
3440 1709 3539 1780 τὴν
3562 1708 3822 1779 βασιλεὺς,

571 1798 985 1868 comparatione
1014 1797 1149 1868 quid
1194 1796 1451 1853 diﬂ‘erant
1484 1797 1836 1868 intelligatur.
1869 1796 2003 1852 Cum
2048 1796 2141 1851 ita-

2254 1807 2341 1860 ἵνα
2367 1808 2435 1877 τῇ
2461 1804 2760 1877 παραθέσει
2790 1807 2824 1875 ἡ
2852 1803 3085 1875 διαφορὰ
3107 1802 3291 1875 ωηθῇ.
3328 1802 3560 1870 Λέγεται
3592 1802 3647 1854 δὲ
3674 1802 3731 1854 ὲν
3750 1801 3825 1871 τῷ

569 1908 677 1963 que
700 1866 765 1947 in
789 1902 985 1963 quarto
1019 1866 1106 1947 hic
1124 1902 1180 1947 et
1204 1890 1628 1961 quadragesimo
1651 1866 1860 1961 psalmo
1873 1890 1918 1923 "
1940 1890 2141 1946 dicatur

2256 1866 2571 1970 μδνψαλμῷ·
2635 1900 2663 1951 ὁ
2729 1866 3038 1967 ἠγαπηκὼς
3072 1893 3170 1966 τὴν
3189 1866 3564 1964 ¹δικαιοσύνην,
3597 1892 3689 1945 καὶ
3717 1866 3826 1945 ave-

571 1999 762 2039 amans
778 1983 1000 2055 justitize
1021 1992 1074 2038 et
1093 1998 1220 2038 osor
1236 1981 1538 2052 iniquitatis
1558 1996 1667 2051 prae
1684 1979 2062 2049 participibus,
2082 1979 2152 2033 ob

568 2078 732 2135 talem
762 2092 892 2149 erga
919 2076 1184 2144 justitiam
1235 2088 1495 2139 amorem,
1547 2087 1784 2143 ergaque
1813 2072 2150 2141 iniquitatem

566 2171 770 2235 odium,
831 2168 1203 2240 promeruisse
1261 2175 1322 2222 ut
1384 2176 1701 2237 ungeretur,
1739 2173 1996 2234 tanquam
2041 2176 2148 2217 non

566 2263 729 2320 simul
755 2276 877 2318 cum
900 2273 1024 2316 esse
1052 2257 1368 2313 unctionem
1386 2257 1742 2312 exsistentem
1771 2261 2151 2311 concreatam-

565 2365 671 2421 que
693 2348 1001 2420 acceperit;
1023 2362 1144 2418 qua:
1169 2346 1354 2401 unctio
1380 2347 1532 2418 regni
1568 2344 1950 2416 interdumque
1973 2344 2146 2401 etiam

563 2443 853 2500 sacerdotii
879 2440 1207 2496 mortalibus
1233 2449 1317 2494 est
1349 2445 1567 2509 signum
1594 2438 1885 2493 :eensebis
1914 2447 1968 2492 tu
1997 2451 2146 2491 mor-

564 2533 672 2590 tale
701 2533 820 2589 Filii
854 2533 950 2587 Dei
979 2545 1206 2601 regnum
1231 2542 1354 2585 esse
1373 2543 1474 2585 nec
1489 2527 1653 2583 simul
1670 2543 1792 2583 cum
1826 2542 1893 2583 eo
1926 2526 2148 2582 natum?

562 2627 724 2696 Atqui
761 2626 853 2696 qui
893 2625 1011 2680 lieri
1046 2630 1220 2693 potest
1248 2629 1308 2676 ut
1343 2619 1745 2691 Primogenitus
1777 2619 1958 2675 omnis
1994 2634 2148 2674 crea-

564 2730 701 2774 turae
742 2732 837 2772 rex
884 2715 1212 2779 eliiceretur,
1257 2727 1381 2768 cum
1431 2712 1483 2767 id
1515 2721 1674 2767 antea
1724 2728 1829 2766 non
1874 2710 2148 2766 haberet?

558 2824 615 2869 et
650 2813 856 2867 idcirco
882 2810 1010 2880 quia
1039 2808 1307 2880 justitiam
1338 2804 1613 2873 dilexerit,
1644 2820 1768 2861 cum
1791 2805 1864 2860 sit
1894 2803 2001 2874 32
2025 2803 2142 2875 ipsa

552 2904 765 2976 justitia
779 2905 803 2960 Ἰ
819 2903 1018 2959 Verum
1042 2900 1472 2969 haudquaquam
1504 2912 1601 2954 nos
1620 2896 1794 2952 latere
1813 2891 1973 2951 debet
1987 2909 2146 2949 voca-

555 2996 739 3053 bulum
752 2995 952 3052 Christi
976 2994 1041 3048 ad
1058 3007 1179 3048 eam
1204 3001 1456 3045 naturam
1478 3004 1581 3060 qua
1599 2998 1683 3047 est
1699 2989 1862 3044 homo
1878 2987 2147 3057 praecipue

524 3077 853 3160 'pertinere,
890 3088 1045 3158 juxta
1081 3100 1248 3155 quam
1284 3084 1446 3138 etiam
1484 3082 1664 3136 anima
1716 3080 1887 3150 ipsius
1947 3080 2146 3135 dicitur

2255 1993 2381 2062 μίαν
2433 1989 2753 2063 μεμισηκὼς
2812 1987 2963 2058 παρὰ
3003 1988 3129 2051 τοὺς
3176 1987 3455 2058 μετόχους,
3508 1984 3686 2038 αἰτίαν
3727 1983 3818 2036 τοῦ

2249 2083 2535 2155 κεχρίσθαι
2563 2082 2624 2135 τὸ
2649 2081 2792 2135 οὕτω
2821 2079 2931 2152 (l9)
2959 2080 3303 2152 δικαιοσύνην
3351 2077 3822 2151 προσεληλυθέναι,

2248 2175 2563 2248 ἐσχηκέναι,
2611 2174 2706 2228 καὶ
2754 2174 2851 2246 τὴν
2895 2174 3126 2244 ἀνομίαν
3176 2171 3562 2244 μεμισηκέναι,
3613 2171 3687 2234 ὡς
3731 2170 3827 2241 οὐχ

2248 2270 2365 2342 ἅμα
2404 2267 2483 2340 τῷ
2534 2263 2675 2322 εἶναι
2718 2266 2815 2339 τὴν
2861 2267 3043 2339 χρίσιν
3090 2265 3538 2338 συνυπάρχουσαν
3583 2263 3692 2334 (‘20)
3736 2262 3827 2318 καὶ

2249 2360 2650 2433 συγκτηθείσαν
2678 2359 2881 2425 λαϐὼν,
2903 2361 3026 2430 ἥτις
3045 2359 3227 2433 χρίσις
3255 2358 3532 2430 βασιλείας
3557 2357 3649 2410 ἐπὶ
3672 2372 3825 2426 γενηι-

2244 2462 2359 2525 τοῖς
2396 2462 2513 2513 ἐστι
2550 2455 2837 2529 σύμϐολον,
2886 2455 2997 2509 ἔσθ’
3036 2457 3125 2510 ὅτε
3164 2455 3221 2510 δὲ
3264 2454 3357 2508 καὶ
3394 2453 3711 2526 ἱερωσύνης
3741 2449 3827 2526 ἆρ’

2244 2546 2339 2606 οὖν
2364 2551 2661 2622 ὲπιγενητή
2703 2550 2850 2603 ἐστιν
2879 2551 2913 2620 ή
2950 2547 3042 2601 τοῦ
3082 2547 3213 2602 Υίοῦ
3250 2546 3344 2601 τοῦ
3385 2546 3523 2600 Θεοῦ
3566 2546 3823 2618 βασιλεία,

2246 2646 2339 2700 καὶ
2376 2644 2437 2698 οὐ
2470 2643 2726 2715 συμφυὴς
2768 2639 2946 2712 αὐτῷ;
2984 2641 3095 2694 Καὶ
3134 2638 3250 2703 πῶς
3275 2639 3477 2694 οἴονται
3503 2638 3597 2693 τὸν
3619 2638 3830 2711 Πρωτόο

2244 2751 2404 2788 τοκον
2447 2733 2629 2805 πάσης
2675 2731 2926 2795 κτίσεως,
2972 2730 3071 2783 οὐκ
3114 2728 3246 2783 ὄντα
3291 2727 3553 2800 βασιλέα,
3605 2727 3829 2801 ὕστερον

2247 2827 2471 2899 βασιλέα
2511 2826 2816 2897 γεγονέναι,
2853 2823 2940 2878 διὰ
2978 2823 3038 2877 τὸ
3080 2822 3426 2894 ἠγαπηκέναι
3457 2822 3827 2895 δικαιοσύνην,

2246 2920 2341 2974 καὶ
2367 2917 2543 2973 ταῦτα
2570 2918 2909 2989 τυγχάνοντα
2940 2916 3317 2987 δικαιοσύνηνς
3349 2917 3578 2987 Μήποτε
3619 2916 3676 2970 δὲ
3713 2916 3830 2969 λαν-

2246 3009 2397 3065 θάνει
2426 3010 2575 3081 ἡμᾶς
2598 3012 2627 3063 ὀ
2656 3008 2753 3081 μὲν
2785 3007 3070 3078 ἄνθρωπος
3098 3006 3262 3060 αὑτοῦ
3289 3006 3525 3078 Χριστος
3549 3005 3645 3069 ὢν,
3688 3004 3831 3059 κατά

2244 3102 2341 3174 τὴν
2368 3100 2545 3173 ψυχὴν
2576 3100 2664 3153 διὰ
2694 3099 2754 3152 τὸ
2789 3098 3127 3171 ἀνθρώπινον
3154 3099 3246 3153 καὶ
3268 3097 3701 3170 τεταραγμένην,
3735 3098 3828 3153 καὶ

516 3176 519 3181 ”
556 3182 778 3239 turbata
819 3189 875 3236 et
908 3178 1182 3250 pertristis
1217 3175 1422 3240 fuisse;
1467 3171 1793 3228 vocabulum
1839 3184 1968 3225 vero
2001 3171 2141 3240 regis

2251 3171 2545 3267 περίλυπον
2572 3192 2945 3264 γεγενημένην
2979 3191 3212 3263 μάλιστα
3246 3190 3557 3261 νοούμενος,
3590 3193 3619 3245 ὁ
3657 3191 3711 3244 δὲ
3740 3191 3809 3263 βα

542 3272 751 3331 referri
769 3272 837 3327 ad
856 3270 1219 3335 divinitatem;
1238 3268 1289 3322 id
1307 3266 1448 3336 quod
1461 3278 1529 3320 ex
1549 3263 1723 3334 primo
1734 3272 1789 3317 et
1805 3262 2145 3333 septuagesi-

550 3382 646 3423 mo
659 3364 869 3437 psalmo
879 3363 926 3396 τ’
938 3358 1421 3424 contirmarelicet,
1438 3357 1652 3412 dicente
1672 3373 1686 3409 :
1706 3354 1867 3419 Deus,
1873 3354 2143 3425 judicium

554 3471 706 3514 tuum
733 3456 842 3527 regi
871 3455 1028 3522 da,et
1048 3453 1319 3525 justitiam
1356 3459 1503 3504 tuam
1535 3448 1647 3519 ﬁlio
1666 3448 1829 3518 regis,
1856 3456 1914 3501 ut
1935 3446 2143 3517 judieet

550 3543 967 3621 populumtuum
994 3547 1051 3601 in
1062 3545 1302 3617 justitia,
1320 3553 1367 3599 et
1399 3558 1656 3614 pauperes
1680 3550 1798 3595 tuos
1819 3541 1874 3594 in
1893 3539 2141 3610 judicio;

552 3649 742 3713 aperte
757 3640 900 3695 enim
916 3637 1194 3695 Salomoni
1221 3635 1516 3706 inscriptus
1528 3634 1617 3689 hic
1633 3633 1877 3704 psalmus
1896 3632 1962 3688 de
1983 3632 2144 3688 Chri-

553 3743 641 3792 sto
660 3735 949 3808 prophetat
974 3749 989 3787 :
1021 3744 1312 3802 opera'que
1334 3729 1565 3800 pretium
1594 3736 1675 3781 est
1702 3725 1889 3781 videre
1907 3725 1994 3781 cui
2028 3723 2140 3796 regi

552 3836 705 3899 aptet
722 3842 751 3882 a
773 3827 880 3882 Deo
903 3824 1175 3895 Propheta
1194 3821 1459 3894 judicium
1485 3819 1624 3887 dari,
1642 3829 1697 3874 et
1714 3820 1798 3874 eui
1832 3819 1944 3874 ﬁlio
1971 3820 2136 3888 regis,

549 3931 605 3977 et
650 3919 806 3992 cujus
866 3918 1011 3989 regis
1057 3916 1347 3988 justitiam.
1403 3912 1579 3968 Meum
1639 3914 1825 3982 itaque
1878 3921 1962 3967 est
1986 3910 2135 3982 judi-

550 4015 733 4076 eium,
805 4011 1131 4082 pmcipuam
1196 4006 1551 4077 Primogeniti
1632 4006 1798 4060 totius
1874 4012 2138 4059 creaturae

550 4115 829 4168 naturam,
861 4102 948 4158 cui
982 4101 1052 4157 ob
1086 4098 1456 4171 praestantiam
1505 4096 1689 4151 datum
1738 4094 1810 4150 sit
1847 4095 2133 4166 judicium,

547 4211 732 4268 regem
758 4194 899 4260 dici;
930 4192 1100 4248 lilittm
1136 4204 1265 4245 vero
1288 4187 1454 4260 regis,
1485 4203 1606 4243 eum
1642 4202 1803 4257 quem
1842 4186 2136 4258 assumpsit

549 4288 850 4353 hominem,
876 4283 1053 4340 altilia
1081 4283 1399 4347 formatum,
1428 4291 1484 4335 et
1506 4278 1806 4352 efﬁgiatum
1839 4279 2134 4335 secundum

539 4380 831 4453 justitiam.
874 4378 1047 4445 Quam
1081 4389 1192 4431 rem
1224 4373 1305 4429 sic
1336 4385 1395 4427 se
1438 4371 1641 4428 habere
1678 4382 1735 4426 ut
1765 4372 2008 4437 credam,
2037 4372 2134 4426 ad-

545 4473 719 4531 ducor
754 4486 821 4528 ex
853 4487 919 4528 eo
957 4471 1100 4541 quod
1133 4470 1237 4526 sub
1268 4483 1427 4523 unam
1479 4476 1535 4521 et
1568 4466 1814 4522 eamdem
1856 4467 2128 4522 rationem

2252 3278 2431 3348 σιλεὺς
2480 3283 2621 3338 κατά
2650 3283 2711 3337 τὸ
2756 3282 2935 3349 θεῖον;
2983 3282 3420 3355 Παραμυθοῦμαι
3466 3281 3525 3336 δὲ
3570 3283 3727 3337 τοῦτο
3770 3285 3832 3352 ἐξ

2249 3375 2648 3448 έϐδομηκοστοῦ
2684 3373 2903 3447 πρώτου
2942 3373 3157 3446 ψαλμοῦ
3183 3373 3451 3443 λέγοντος·
3498 3374 3561 3427 Ὀ
3590 3374 3734 3441 Θεὸς
3762 3375 3832 3429 τὸ

2249 3468 2429 3537 κρίμα
2457 3483 2573 3521 σου
2606 3464 2686 3532 τῷ
2710 3465 2968 3532 ,βασιλεῖ
3002 3465 3127 3532 δὸς,
3163 3465 3259 3519 καὶ
3293 3464 3408 3533 τὴν
3432 3463 3834 3533 δικαιοσύνην

2249 3574 2365 3614 σου
2397 3556 2476 3624 τῷ
2500 3557 2610 3625 υἱῷ
2649 3558 2755 3613 τοῦ
2784 3556 3113 3625 βασιλέως,
3146 3554 3371 3627 κρινεῖν
3398 3556 3506 3610 τὸν
3527 3560 3684 3611 λαόν
3710 3573 3832 3610 σου

2247 3651 2318 3704 ἐν
2341 3650 2716 3719 δικαιοσύνῃ,
2749 3648 2850 3704 καὶ
2882 3648 3027 3716 τοὺς
3055 3648 3329 3719 πτωχούς
3354 3664 3471 3702 σου
3496 3648 3568 3701 ἐν
3609 3648 3829 3715 κρίσει·

2249 3741 2433 3811 σαφῶς
2458 3740 2567 3813 γὰρ
2588 3742 2668 3806 εἰς
2692 3738 3021 3812 Σολομῶντα
3046 3736 3524 3809 ἐπιγεγραμμένος
3553 3737 3583 3790 ὁ
3614 3736 3832 3809 ψαλμδς

2246 3832 2374 3905 περὶ
2426 3832 2666 3905 Χριστοῦ
2718 3830 3142 3904 προφητεὸεταιο
3198 3830 3293 3884 καὶ
3338 3828 3489 3897 ἄξιον
3544 3829 3671 3883 ἰδεῖν
3718 3829 3835 3884 τίνι

2247 3924 2456 3996 βασιλεῖ
2483 3924 2541 3977 τὸ
2568 3925 2741 3997 κρίμα
2777 3922 2993 3996 εὔχεται
3017 3923 3236 3994 δοθῆναι
3271 3921 3377 3976 ὑπὸ
3401 3921 3537 3975 Θεοῦ
3563 3925 3596 3994 ἡ
3622 3938 3837 3994 προφη-

2242 4019 2381 4084 τεία,
2412 4017 2505 4070 καὶ
2536 4017 2640 4070 τίνι
2672 4015 2770 4087 υἱῷ
2803 4015 3086 4087 βασιλέως,
3125 4016 3219 4069 καὶ
3247 4015 3400 4067 ποίου
3427 4014 3693 4085 βασιλέως
3728 4015 3834 4086 τὴν

2241 4109 2610 4181 δικαιοσύνην.
2682 4107 2956 4179 Ἥγοῢμαι
3006 4103 3100 4162 οὖν
3152 4107 3375 4179 βασιλέα
3426 4107 3526 4178 μὲν
3571 4106 3837 4175 λέγεσθαι

2240 4202 2339 4276 τὴν
2377 4199 2797 4274 προηγουμένην
2835 4199 2930 4253 τοῦ
2972 4199 3328 4270 Πρωτοτόκου
3374 4198 3559 4270 πάσης
3595 4197 3838 4261 κτίσεως

2241 4293 2424 4363 φύσιν,
2459 4287 2493 4368 ᾖ
2533 4292 2733 4346 δίδοται
2765 4288 2855 4344 sta:
2886 4289 2947 4343 τὸ
2984 4289 3273 4362 ὑπερέχειν
3298 4287 3361 4341 τὸ
3391 4286 3621 4359 κρίνειν·
3641 4286 3750 4368 τὸν
3775 4286 3841 4340 δὲ

2239 4364 2523 4457 ἄνθρωπον
2562 4382 2621 4437 ὃν
2673 4381 2983 4454 ἀνείληφεν,
3030 4380 3122 4433 ὑπ’
3174 4378 3390 4450 ἐκείνης
3447 4364 3841 4451 μορφοῦμενον

2239 4476 2382 4530 κατά
2421 4473 2769 4545 δικαιοσύνην
2818 4474 2914 4526 καὶ
2956 4470 3363 4541 ὲκτυπούμενον
3394 4469 3532 4541 (21),
3575 4472 3690 4524 υἱὸν
3734 4471 3839 4525 τοῦ

545 4574 886 4622 contractum
937 4562 1010 4618 sit
1049 4569 1369 4632 utrumque;
1406 4558 1635 4628 etquod
1680 4570 1801 4627 quae
1854 4556 2130 4624 dicuntur,

2251 4568 2525 4638 βασιλέως.
2550 4568 2659 4621 Καὶ
2686 4566 3031 4639 προσάγομαι
3068 4566 3148 4627 εἰς
3174 4564 3235 4616 τὸ
3264 4562 3414 4617 τοῦθ’
3469 4562 3647 4628 οὕτως
3681 4565 3840 4637 ἔχειν

544 4673 654 4713 non
683 4667 938 4727 tanquam
960 4654 1027 4709 de
1042 4653 1253 4709 duobus
1289 4651 1639 4723 quibusdam,
1658 4650 1754 4705 sed
1778 4657 2035 4719 tanquam
2061 4650 2128 4706 de

2251 4660 2642 4734 παραδέξασθαι
2677 4659 2788 4715 ἀπὸ
2809 4658 2904 4711 τοῦ
2931 4659 3013 4721 είς
3043 4656 3141 4710 ἕνα
3181 4656 3337 4727 λόγον
3366 4656 3632 4728 συνῆχθαι
3653 4657 3843 4729 ἀμφό·

544 4764 654 4806 uno
669 4749 1040 4805 enuntientur.
1057 4743 1189 4800 Nam
1210 4743 1329 4814 fecit
1351 4741 1610 4798 Servatur
1632 4752 1853 4813 utraque
1874 4743 2122 4811 unum“,

540 4860 666 4900 cum
693 4858 882 4899 eorum
909 4855 1031 4912 qua:
1077 4837 1214 4893 llunt
1263 4844 1497 4906 utraque
1542 4851 1732 4900 unum,
1767 4836 2034 4906 primitias
2068 4835 2123 4890 in

540 4937 724 5006 seipso
756 4946 880 4993 ante
921 4934 1105 4991 omnia
1152 4931 1391 4988 fecisset.
1439 4928 1635 4984 Vocem
1674 4940 1856 4984 autem
1900 4940 2123 5000 utraque

542 5028 722 5084 refero
753 5029 819 5085 ad
845 5027 1095 5084 homines
1133 5025 1300 5082 etiam
1332 5024 1456 5080 illos
1488 5023 1600 5094 qui,
1633 5022 1950 5093 perinistam
1998 5021 2122 5092 Spi-

539 5119 650 5177 ritu
697 5130 886 5176 sancto
922 5119 1189 5176 habentes
1241 5117 1511 5179 animam,
1567 5112 1889 5185 Spirituales
1935 5110 2114 5169 eﬂ‘ecti

2233 4769 2387 4824 τερα,
2426 4752 2520 4806 καὶ
2544 4750 2613 4804 τὰ
2650 4749 3046 4821 ἐπιφερόμενα,
3081 4749 3265 4803 οὐκέτι
3287 4749 3363 4814 ὡς
3387 4751 3519 4822 περὶ
3545 4749 3642 4805 δύο
3663 4752 3845 4806 τινῶν

2232 4843 2694 4914 ἀπαγγέλλεσθαι,
2730 4842 2844 4896 ἀλλ’
2869 4842 2942 4906 ὼς
2974 4842 3103 4913 περὶ
3143 4842 3281 4908 ἑνός.
3316 4845 3622 4913 Πεποιήκε
3650 4845 3769 4917 γὰρ
3808 4849 3846 4899 ὁ

2229 4935 2423 5007 Σωτὴρ
2450 4936 2521 4990 τὰ
2547 4935 2849 5005 ἀμφότερα
2877 4933 2966 4999 ἓν,
3002 4934 3144 4988 κατά
3168 4934 3266 5006 τὴν
3294 4935 3552 5009 ἀπαρχὴν
3577 4935 3693 5009 (22)
3720 4938 3847 4992 τῶν

2229 5027 2529 5099 γινομένων
2548 5028 2873 5101 ἀμφοτέρων
2899 5029 2957 5081 ὲν
2981 5027 3164 5098 ἑαυτῷ
3194 5028 3300 5100 πρὸ
3323 5032 3542 5084 πάντων
3564 5032 3842 5102 ποιήσας.

2238 5119 2611 5189 Ἀμςροτέρων
2632 5121 2689 5174 δὲ
2717 5120 2861 5191 λέγω
2885 5123 2980 5177 καὶ
3008 5123 3102 5176 ἐπὶ
3128 5120 3237 5174 τῶν
3264 5121 3361 5175 ἀνθ
3370 5120 3599 5193 ρώπων,
3634 5124 3727 5193 ἐφ’
3753 5117 3847 5178 ὧν

609 5260 654 5294 ⁸⁷
674 5259 819 5317 Psal.
844 5276 1008 5330 xxxv,
1047 5262 1102 5316 7.
1163 5262 1209 5296 ⁸⁸
1234 5260 1342 5319 Jer.
1370 5275 1525 5326 xxxi,
1546 5258 1638 5313 2'1.
1716 5257 1763 5289 ”
1800 5254 1955 5313 Vers.
1986 5257 2041 5315 8.
2113 5260 2141 5291 "

2251 5278 2333 5318 trs
2362 5264 2417 5318 2.
2479 5266 2521 5296 ⁷¹
2548 5265 2744 5336 Ephes.
2777 5281 2840 5331 ιι,
2871 5265 2957 5320 li.

610 5377 722 5453 (18)
746 5380 869 5435 Οὐκ
889 5379 1021 5435 ἔστι
1042 5382 1319 5453 γενέσθαι
1348 5381 1387 5451 ἣ
1409 5380 1571 5450 παρά
1587 5377 1691 5445 τῷ,
1721 5389 1837 5453 (εις).⁵
1857 5376 1913 5431 Si
1920 5392 1959 5453 ς)-
1975 5388 2125 5453 recte

538 5446 895 5520 haheteodex
924 5446 1280 5520 Bodleianus,
1308 5446 1452 5508 male
1486 5446 1672 5505 autem
1708 5447 1880 5503 editio
1916 5446 2122 5517 lluetii,

537 5518 720 5595 οὐκέτι
750 5521 1004 5595 γενέσθαι
1028 5525 1081 5595 ἡ,
1094 5523 1251 5595 ,παρά
1266 5518 1373 5593 τῷ.

610 5590 720 5675 ςίθ)
740 5587 923 5647 Codex
976 5587 1338 5659 Βοὶιιείεἱηιιεζ
1373 5591 1436 5645 τὸ
1474 5589 1650 5644 οὕτω·
1689 5588 1860 5644 editio
1916 5587 2117 5653 lluetii,

533 5675 728 5713 τουτω.

745 5730 883 5787 Male
911 5734 1080 5790 editio
1119 5732 1301 5789 Huetii
1334 5732 1386 5785 in
1419 5742 1567 5786 textu
1604 5729 1766 5785 habet
1790 5722 1883 5799 οιῖν
1942 5726 2118 5798 ὑπάρ-

531 5797 754 5871 χουσαν.
784 5800 988 5858 Ibidem
1032 5819 1132 5875 pro
1185 5801 1585 5872 συγκτηθεῖσαν
1645 5801 1777 5871 legit
1824 5797 2120 5856 Ferrarius

536 5870 971 5925 συγκτισθεῖσαν.

536 5887 971 5927 consumatque.

2300 5382 2412 5453 (2|)
2441 5385 2553 5438 Καὶ
2596 5386 3070 5455 ἐκτυπούμενον.
3120 5382 3198 5438 lta
3247 5381 3413 5438 habet
3450 5384 3630 5455 codex
3682 5382 3853 5439 Bod-

2227 5454 2439 5509 leianns
2464 5473 2477 5510 :
2513 5459 2566 5508 in
2600 5456 2840 5511 editione
2864 5454 3048 5510 lluetii
3073 5455 3418 5511 desideratur
3440 5454 3536 5509 καί

2296 5525 2412 5609 (2?)
2441 5527 2604 5609 Κατὰ
2621 5525 2737 5609 tina
2756 5525 3061 5609 ἀπαρχὴν,
3093 5532 3203 5609 etc.
3238 5525 3400 5609 Deleo
3432 5522 3581 5609 κατά
3615 5532 3673 5609 et
3703 5524 3849 5609 leg?

2296 5545 2412 5595 (zz;
2441 5545 2604 5580 ιιατα
2621 5545 2737 5609 την
2756 5545 2917 5595 απαρ
2960 5545 3061 5595 ην,
3093 5545 3203 5580 ese.
3238 5545 3400 5580 ueteo
3432 5545 3581 5580 κατα
3615 5545 3673 5581 et
3703 5545 3849 5596 tego

2222 5596 2320 5669 τὴν
2354 5597 2609 5669 ἀπαρχὴν
2626 5613 2735 5650 των
2764 5545 3072 5669 γινομένων
3092 5596 3417 5668 ἀμφοτέρων
3449 5595 3511 5649 ἓν
3537 5598 3600 5651 ὲν
3639 5597 3853 5669 ἑαυτῷ

2222 5666 2329 5739 πρὸ
2349 5666 2574 5721 πάντων
2598 5668 2855 5739 ποιήσας,
2879 5666 3000 5739 quae
3031 5667 3112 5739 sic
3134 5677 3286 5739 verto
3310 5666 3323 5721 Ξ
3348 5682 3469 5720 cum
3487 5683 3681 5739 eorum
3706 5666 3850 5738 qud:

2219 5736 2357 5809 ﬂant
2406 5746 2627 5808 utraque
2676 5736 2864 5805 unum,
2889 5736 3160 5808 primitias
3194 5737 3251 5792 in
3277 5753 3333 5792 se
3359 5746 3486 5793 ante
3532 5736 3730 5794 omnia
3753 5740 3851 5809 [ob

2222 5808 2398 5864 cisset.
