3856 6536
70 462 136 518 ’Π
1164 457 1522 518 COMMENT.
1565 458 1631 513 IN
1673 457 1864 514 JOAN.
1905 455 2141 513 TOMUS
2176 457 2216 513 1.
3267 461 3333 519 78

65 576 435 650 ἀνακέκραται
478 578 560 649 τῷ
602 576 742 648 ἁγίῳ
788 576 1069 648 Πνεῦματι
1118 580 1153 649 ἡ
1203 578 1436 631 ὲκάστου
1487 577 1651 649 ψυχὴ,

1768 587 2078 633 servantur.
2119 575 2191 633 Ut
2239 576 2404 648 igitur
2454 576 2667 649 aliquos
2721 591 2946 634 cernere
3000 589 3085 635 est
3141 582 3336 650 quibus

65 674 156 727 zz".
191 675 412 742 γέγονεν
463 672 696 735 ἕκαστος
732 669 842 725 τῶν
891 670 1215 743 σωζομένων
1258 672 1647 743 πνευματικός.

70 768 274 836 Ὠσπερ
292 760 384 819 οὖν
412 765 522 818 εἰσί
545 784 693 832 τινες
726 767 1137 837 ποιμαινόμενοι
1172 765 1278 820 ὑπὸ
1302 764 1539 837 Χριστοῦ
1564 764 1653 818 διὰ

66 858 122 911 τὸ
148 858 300 927 σφῶν
341 859 549 923 αὐτῶν,
598 859 675 923 ὡς
713 861 1141 932 προειρήκαμεν,
1201 858 1375 929 πρᾶον
1419 856 1516 929 μὲν
1557 857 1653 910 καὶ

66 951 340 1015 εὐσταθὲς,
365 951 710 1022 ἀλογώτερον
733 952 809 1005 δέ·
840 951 983 1005 οὕτω
1026 952 1119 1006 καὶ
1162 950 1572 1022 βασιλευόμενοι
1601 952 1651 1003 οἱ

66 1043 197 1097 κατὰ
222 1041 593 1115 λογικώτερον
626 1043 911 1115 προσιέναι
950 1045 1018 1116 τῇ
1067 1042 1347 1116 θεοσεϐείᾳ
1370 1042 1503 1115 (⁸15)*
1556 1043 1653 1095 καὶ

68 1136 498 1208 βασιλευομένων
557 1136 853 1209 διαφοραὶ,
907 1137 1028 1208 ἦτοι
1095 1134 1501 1208 μυστικώτερον
1559 1136 1653 1189 καὶ

67 1231 500 1303 ἀπορρητότερον
542 1230 638 1283 καὶ
682 1229 1149 1303 Θεοπρεπέστερον
1195 1228 1649 1302 βασιλευομένων,

66 1325 95 1395 ἢ
123 1324 532 1397 ὑποδεέστερον.
556 1325 668 1380 Καὶ
696 1324 904 1396 εἴποιμ’
937 1324 1003 1378 ἂν
1032 1324 1160 1387 τοὺς
1198 1324 1297 1396 μὲν
1318 1322 1655 1395 τεθεωρηκό-

66 1435 154 1481 τας
187 1417 256 1470 τὰ
292 1417 403 1482 ἔξω
445 1417 737 1487 σωμάτων,
782 1417 1095 1488 καλούμενα
1138 1416 1287 1489 παρὰ
1328 1416 1405 1488 τῷ
1452 1417 1651 1487 Παύλῳ

67 1513 99 1563 ὁ
125 1513 277 1579 ζρτιτα
317 1514 413 1564 καὶ
435 1512 512 1584 μὴ
534 1512 860 1584 βλεπόμενα,
880 1511 984 1577 ἔξω
1004 1512 1204 1576 παντὸς
1227 1511 1484 1582 αἰσθητοῦ
1509 1510 1651 1581 λόγῳ

67 1603 476 1674 γεγενημένους,
505 1603 954 1675 βασιλευομένους
978 1603 1085 1657 ὑπὸ
1108 1604 1208 1674 τῆς
1232 1603 1651 1675 προηγουμένης

69 1697 129 1763 ’.ξ-3
141 1714 266 1759 me;
292 1695 391 1749 τοῦ
413 1696 775 1765 Μονογενοῦς’
801 1697 929 1760 τοὺς
955 1696 1011 1749 δὲ
1039 1696 1200 1768 μέχρι
1236 1697 1329 1750 τοῦ
1376 1698 1502 1768 περ).
1543 1696 1650 1749 τῶν

69 1788 326 1859 αἰσθητῶν
343 1788 509 1857 λόγου
525 1788 856 1859 ἐφθακότας,
874 1789 970 1842 καὶ
990 1787 1079 1841 διά
1100 1788 1306 1842 τούτων
1330 1788 1652 1854 δοξάζοντας

69 1883 147 1934 τὶν
169 1882 511 1948 πεποιηκότα
534 1882 631 1935 καὶ
652 1882 849 1945 αὐτοὺς
870 1881 978 1935 ὑπὸ
992 1881 1151 1951 λόγου
1173 1880 1646 1952 βασιλευομένους,

1756 668 2010 725 Christus
2030 678 2113 725 cst
2143 679 2347 739 pastor,
2367 670 2525 726 sicuti
2554 671 2927 742 prmdiximus,
2945 682 3166 743 prepter
3186 692 3276 729 sua
3287 693 3337 731 ιιι

1759 762 1994 833 ipsorum
2030 764 2501 820 mansuetudinem
2526 773 2581 819 et
2605 763 2920 819 firmitatem
2956 780 3078 837 qua:
3112 765 3252 821 inest
3282 767 3339 823 iu

1757 856 2060 912 irrationali
2113 866 2267 928 parte
2319 858 2550 925 animae,
2597 857 2679 914 sic
2722 860 2884 915 etiam
2915 860 3127 931 aliquos
3157 860 3343 916 videas

1756 951 1955 1019 quibus
1986 966 2081 1006 rex
2109 951 2178 1005 sit
2220 950 2335 1020 ipse
2367 949 2617 1006 Christus
2647 950 2720 1007 ob
2753 966 2872 1007 eam
2906 953 3101 1009 anima:
3128 964 3341 1025 partem

1757 1059 1875 1114 qua:
1906 1043 2136 1099 rationis
2176 1043 2346 1113 magis
2378 1051 2465 1099 est
2506 1058 2701 1115 capax,
2749 1059 2848 1116 per
2878 1061 3040 1115 quam
3076 1048 3343 1106 accedunt

1756 1136 1822 1191 ad
1855 1136 1948 1191 Dei
1983 1137 2210 1192 cultum.
2258 1136 2495 1204 Quorum
2542 1137 2762 1206 quidem
2800 1152 2980 1206 regem
3022 1138 3340 1195 habentium

1756 1236 1881 1284 sunt
1911 1227 2249 1291 differentiae,
2282 1237 2543 1301 regnante
2582 1229 2635 1283 in
2690 1228 2800 1285 illis
2832 1245 2983 1302 rege,
3029 1230 3114 1287 vel
3170 1232 3343 1302 magis

1754 1322 2051 1377 secundum
2072 1322 2360 1394 mysticam
2393 1333 2448 1376 et
2479 1337 2736 1377 arcanam
2766 1323 3054 1390 rationem,
3086 1324 3343 1379 arcanius

1755 1429 1816 1469 ac
1851 1413 2110 1481 divinius,
2148 1414 2235 1468 vel
2262 1413 2660 1484 imperfectius.
2692 1413 2771 1470 Ex
2812 1430 2923 1486 quo
2965 1415 3194 1471 dixerim
3241 1434 3341 1486 ego

1755 1507 1808 1562 in
1839 1508 1943 1563 illis
1972 1509 2062 1577 qui
2106 1522 2347 1577 eousque
2395 1509 2607 1563 ratione
2655 1520 3061 1579 pervenerunt,
3097 1521 3156 1567 ut
3201 1527 3338 1567 con-

1755 1600 1996 1670 templati
2052 1601 2257 1655 fuerint
2307 1614 2368 1654 ea
2422 1614 2543 1667 qua:
2571 1613 2835 1665 corporea
2868 1616 2972 1656 non
3024 1614 3172 1667 sunt,
3222 1613 3276 1658 et
3307 1618 3339 1657 a

1753 1690 1920 1746 Paulo
1939 1691 1988 1722 "
2011 1700 2273 1744 vocantur
2301 1688 2610 1755 invisibilia,
2634 1699 2691 1747 et
2721 1706 2841 1761 qua:
2872 1692 3046 1748 oculis
3073 1708 3176 1747 non
3209 1708 3338 1748 cer—

1755 1795 1979 1845 nuntur,
2012 1782 2357 1852 prmripnam
2391 1781 2665 1854 Unigcniti
2697 1798 2928 1856 regnare
2957 1797 3247 1849 naturain;
3284 1785 3339 1839 in

1755 1873 1822 1930 iis
1850 1888 1983 1930 vero
2005 1873 2097 1944 qui
2127 1875 2394 1929 rationem
2419 1878 2585 1929 etiam
2615 1875 2917 1948 attigerunt
2946 1892 3128 1932 rerum
3152 1891 3342 1933 earum

73 1975 163 2027 ὖπὸ
202 1973 296 2027 τοῦ
352 1943 603 2046 ἀριστοῦ
660 1943 1075 2045 βασιλεύεσθαι..
1105 1943 1310 2046 Μήδεὶς
1369 1943 1443 2027 δὲ.
1485 1989 1651 2046 προσ-

1763 1981 1880 2037 qua:
1915 1981 2080 2022 sensu
2118 1968 2323 2037 percipi
2373 1978 2621 2039 possunt,
2652 1978 2708 2025 et
2748 1984 2813 2024 ex
2849 1970 2999 2025 hisce
3037 1972 3198 2026 rebus
3227 1970 3343 2043 glo-

73 2065 298 2117 κοπτέτω
341 2063 734 2135 διακρινόντων
757 2063 918 2135 ἡμῶν
946 2063 1060 2135 (21)
1084 2064 1187 2128 τὰς
1220 2066 1278 2119 ἐν
1314 2063 1393 2135 τῷ
1434 2064 1650 2136 Σωτῆρι

74 2159 313 2222 ἐπινοίας,
344 2157 597 2229 οἰόμενος
638 2157 732 2210 καὶ
756 2160 822 2229 τῇ
848 2157 1008 2229 οὐσίᾳ
1044 2158 1240 2212 ταυτὸν
1277 2159 1424 2230 ἡμᾶς
1449 2160 1643 2211 ποιεῖν.

1762 2061 1979 2117 rilicant
2006 2076 2131 2115 eum
2160 2062 2253 2131 qui
2290 2061 2419 2116 fecit
2448 2071 2505 2117 ut
2524 2063 2688 2118 etiam
2723 2064 2822 2132 ipsi
2851 2064 2953 2118 sub
2982 2080 3152 2135 regno
3176 2066 3345 2121 ratio-

1760 2155 1843 2209 nis
1870 2153 2002 2219 sint,
2026 2152 2501 2225 ipsuutChristum
2530 2170 2782 2226 regnare.
2811 2154 2997 2225 Neque
3024 2173 3156 2213 vero
3172 2156 3343 2214 offen-

74 2261 213 2309 datur
241 2256 411 2317 ullus,
442 2254 831 2325 separantibus
866 2255 1043 2319 nobis,
1074 2270 1195 2325 qua:
1221 2265 1346 2311 sunt
1379 2256 1429 2310 in
1456 2257 1767 2317 Servatore,
1794 2252 2243 2325 signiﬁcationes,
2281 2254 2422 2309 idem
2450 2255 2771 2313 existimans
2808 2255 2973 2314 etiam
3007 2256 3067 2313 in
3087 2257 3344 2318 substan-

76 2351 134 2403 tia
168 2350 336 2418 ipsius
370 2364 473 2405 nos
497 2347 696 2404 facere.

130 2445 210 2497 5|.
240 2444 398 2497 Πάνυ
443 2443 503 2497 δὲ
547 2443 643 2497 καὶ
691 2446 803 2508 τοῖς
846 2442 1101 2515 τυχοῦσιν
1132 2443 1245 2516 (25)
1288 2446 1480 2516 σαφὲς,
1537 2443 1653 2507 πῶς

73 2537 173 2589 ἐστι
201 2536 527 2601 διδάσκαλος
559 2539 654 2591 καὶ
700 2537 1037 2609 σαφηνιστὴς
1081 2537 1189 2592 τῶν
1240 2539 1322 2602 εἰς
1370 2537 1651 2592 εὐσέϐειαν

78 2629 172 2700 (‘33)
201 2632 590 2684 συντεινόντων
622 2633 651 2685 ό
697 2630 903 2701 Κύριος
954 2629 1130 2702 ἡμῶν,
1164 2631 1258 2685 καὶ
1289 2627 1489 2701 Κύριος
1528 2628 1650 2681 δοῦ-

76 2721 167 2774 λων
204 2722 309 2775 τῶν
362 2722 638 2793 ἐχόντων
680 2723 918 2793 πνεῦμα
973 2723 1257 2789 δουλείας
1313 2723 1400 2788 εἷς
1441 2723 1649 2791 φόϐον,

77 2815 500 2886 προκοπτόντων,
545 2815 642 2870 καὶ
672 2816 766 2870 ἐπὶ
796 2816 894 2887 τὴν
929 2817 1122 2885 σοφίαν
1158 2814 1518 2879 σπευδόντων,
1553 2817 1648 2870 καὶ

78 2907 256 2978 ταύτης
288 2908 632 2980 ἀξιουμένων
655 2924 669 2938 ·
730 2908 892 2963 Ἐπεὶ
944 2912 976 2962 ὁ
1018 2907 1242 2976 δοῦλος
1291 2910 1403 2962 οὐκ
1430 2903 1554 2962 οἵδε
1589 2910 1649 2963 τί

79 2999 215 3055 θέλει
244 3006 276 3056 d
308 3003 523 3070 κύριος
546 3001 754 3065 αὑτοῦ,
801 3001 862 3055 οὐ
911 3000 1061 3073 μένει
1110 3000 1298 3074 κύριος
1318 3045 1332 3069 ,
1366 3003 1649 3073 γινόμενος

82 3095 233 3147 αὐτῶν
258 3095 437 3165 φίλος,
477 3095 575 3148 κα).
601 3094 763 3159 αὐτὸς
791 3093 948 3147 τοῦτο
978 3093 1235 3161 διδάσκει,
1280 3094 1414 3147 ὅπου
1446 3094 1543 3164 μὲν
1570 3092 1651 3146 ἔτι

1832 2441 1938 2514 33
1970 2441 2061 2497 51.
2104 2439 2206 2496 ιιι-ι
2254 2441 2570 2513 vulgaribus
2617 2459 2747 2499 vero
2793 2445 3098 2518 quibusque
3146 2451 3339 2507 admo-

1761 2533 1889 2589 dum
1927 2532 2090 2588 etiam
2130 2533 2337 2602 patebit
2371 2536 2648 2603 quomodo
2704 2534 2965 2591 Dominus
3014 2549 3201 2596 noster
3231 2556 3342 2597 ma-

1760 2624 1930 2694 gister
1954 2623 2025 2678 sit
2056 2634 2112 2678 et
2155 2623 2478 2692 explanator
2509 2624 2596 2682 his
2623 2625 2713 2695 qui
2747 2631 3092 2686 contendunt
3125 2634 3192 2688 ad
3222 2634 3341 2703 pie-

1757 2726 1948 2783 tatem,
1984 2729 2049 2770 ac
2078 2714 2342 2771 Dominus
2389 2731 2673 2772 servorum
2716 2718 2931 2775 illorum
2974 2723 3064 2792 qui
3089 2725 3340 2794 spiritum

1756 2807 2024 2860 servitutis
2052 2805 2238 2859 habent
2274 2806 2343 2858 ad
2366 2807 2606 2860 timorem
2625 2806 2709 2871 ";
2743 2807 2836 2878 qui
2869 2807 2914 2862 si
2943 2809 3251 2879 proficiant,
3283 2823 3342 2869 et

1759 2897 1827 2953 ad
1855 2897 2179 2968 sapientiam
2213 2912 2426 2953 smnmo
2452 2899 2635 2952 studio
2654 2901 3009 2965 contendant,
3041 2904 3204 2958 etiam
3237 2905 3339 2960 hac

1757 2988 1904 3061 digni
1950 2988 2241 3051 habentur,
2298 2989 2549 3057 quoniam
2600 3005 2778 3044 servus
2822 2992 3007 3054 nescit,
3036 2993 3165 3062 quid
3214 2998 3337 3048 velit

1757 3081 2003 3135 dominus
2058 3080 2311 3150 ipsius",
2364 3095 2466 3135 nec
2515 3080 2750 3150 amplius
2809 3090 2994 3137 autem
3052 3098 3352 3154 permanet-

79 3186 230 3241 δοῦλοι
261 3188 514 3260 ὑπῆρχον
545 3187 596 3241 οἱ
638 3185 997 3259 ἀκροώμενοι,
1026 3185 1250 3258 φάσκων
1273 3202 1286 3217 ⁸
1327 3185 1513 3256 Ὑμεῖς
1540 3203 1651 3256 φω-

1763 3172 2039 3237 Dominus,
2066 3172 2242 3229 factus
2267 3173 2482 3228 illorum
2501 3174 2732 3237 amicus,
2757 3174 2810 3229 id
2835 3174 2980 3245 quod
3006 3176 3121 3247 ipse.
3152 3176 3335 3239 docet.

80 3280 213 3334 νεῖτέ
243 3298 318 3349 με
345 3285 380 3335 ὁ
405 3278 801 3346 διδάσκαλος,
826 3279 944 3334 -καὶ
976 3281 1010 3335 ό
1042 3280 1271 3348 Κύριος,
1316 3279 1411 3333 καὶ
1453 3277 1652 3346 καλῶς

82 3371 297 3441 λέγετε,
344 3372 470 3443 ειμι
503 3370 654 3442 γάρ·
713 3372 844 3425 ὅπου
896 3369 987 3424 δέ·
1038 3370 1252 3425 Οὐκέτι
1296 3370 1451 3440 ὑμᾶς
1498 3370 1653 3440 λέγω

85 3462 340 3531 δούλους,
393 3464 487 3519 ὅτι
538 3465 571 3517 ό
617 3446 841 3529 δοῦλος
885 3463 995 3516 οὐκ
1041 3458 1167 3517 οἶδε
1210 3462 1270 3517 τί
1311 3462 1377 3515 τι)
1426 3460 1654 3532 θέλημα

88 3553 176 3607 τοῦ
197 3555 403 3623 κυρίου
432 3552 655 3609 αὐτοῦ’
685 3555 823 3610 ἀλλ’
853 3554 968 3625 ἐγὼ
1011 3552 1169 3624 ὑμᾶς
1213 3555 1432 3623 φίλους
1474 3554 1650 3623 λέγω,

86 3641 153 3694 ὅτι
170 3643 639 3715 διαμεμενήκατε
655 3647 785 3718 μετ’
810 3646 957 3716 ἐμοῦ
1006 3645 1077 3699 ἐν
1098 3644 1251 3701 πᾶσι
1300 3645 1427 3713 τοῖς
1455 3659 1655 3712 πειρα-

84 3735 237 3803 σμοῖς
255 3756 392 3807 μου.
446 3739 514 3792 υἱ
546 3733 640 3791 οὖν
673 3737 815 3791 κατὰ
842 3736 1004 3807 φόϐον
1039 3734 1300 3807 βιοῦντες,
1334 3737 1394 3790 ὃν
1432 3737 1654 3791 ἀπαιτεῖ

88 3826 174 3879 ἀπὸ
201 3828 302 3881 τῶν
333 3830 394 3883 οὐ
427 3828 615 3883 καλῶν
650 3827 853 3883 δούλων
884 3830 913 3882 ὁ
952 3827 1104 3892 Θεὸς,
1138 3827 1215 3891 ὡς
1252 3829 1566 3899 ἀνέγνωμεν
1595 3830 1653 3881 ὲν

86 3916 147 3984 τῷ
172 3918 421 3990 Μαλαχίᾳ
438 3936 455 3950 υ
489 3921 564 3973 El
601 3919 815 3986 Κύριός
837 3920 955 3988 εἰμι
978 3916 1114 3988 ἐγὼ,
1156 3918 1276 3972 ,ποῦ
1302 3917 1473 3972 ἔστιν
1497 3921 1529 3972 ὀ
1554 3919 1655 3988 ρό-

89 4012 171 4076 Γῡς
190 4030 335 4080 μου;
364 4013 547 4068 δοῦλοι
570 4012 899 4085 τυγχάνουσι
925 4012 1131 4084 Κυρίου
1156 4011 1250 4067 τοῦ
1277 4012 1528 4084 Σωτῆρος
1556 4014 1653 4067 αὐ-

89 4102 176 4153 τῶν
198 4105 553 4176 καλουμένω.

145 4195 220 4250 3‘2.
269 4197 430 4251 Ἀλλὰ
473 4197 566 4252 δια
613 4196 819 4251 τούτων
868 4196 1084 4251 πάντων
1113 4197 1173 4251 οὐ
1212 4196 1401 4266 capi-3;
1431 4197 1464 4267 ἡ
1494 4196 1652 4264 εὐγέ-

91 4304 184 4341 νεια
226 4294 557 4363 παρίσταται
600 4289 695 4344 τοῦ
728 4288 861 4344 Υἰοῦ
886 4307 900 4321 ·
932 4290 1021 4344 ὅτε
1067 4289 1126 4345 δὲ
1153 4290 1246 4344 τό’
1279 4291 1410 4356 Υἱός
1441 4307 1561 4358 μου
1604 4283 1662 4342 εἴ

91 4383 174 4443 σὺ,
197 4383 304 4452 ἐγὼ
346 4384 624 4454 σήμερον
647 4383 982 4453 γεγέννηκά
1020 4399 1116 4447 σε,
1145 4383 1365 4452 λέγεται
1394 4382 1528 4455 πρὸς
1556 4381 1655 4434 αὺ-

92 4475 164 4527 τὸν
195 4477 290 4531 ὑπὸ
315 4478 409 4532 τοῦ
445 4475 610 4541 Θεοῦ,
662 4469 707 4544 ᾧ
736 4476 823 4530 ἀεί
847 4477 963 4530 ἐστι
990 4475 1050 4530 τδ
1100 4477 1340 4549 σήμερον
1360 4491 1374 4505 ·
1427 4474 1529 4527 οὐκ
1573 4472 1650 4526 ἔνι

1756 3277 1879 3320 eum
1911 3265 2091 3320 adhuc
2127 3265 2267 3321 servi
2298 3274 2458 3322 erant
2482 3263 2656 3334 ipsius
2688 3263 2966 3321 auditores
2987 3304 3004 3332 ,
3037 3266 3226 3322 dicens
3246 3266 3295 3301 "
3316 3284 3337 3323 :

1764 3355 1870 3412 Vos
1907 3358 2102 3411 vocatis
2127 3374 2209 3412 me
2233 3356 2549 3427 Magistrum
2592 3374 2654 3411 ac
2681 3356 2988 3426 Dominum,
3021 3367 3071 3413 et
3097 3359 3221 3413 bene
3250 3362 3339 3413 di-

1755 3447 1893 3508 citis,
1935 3462 2051 3499 sum
2097 3448 2325 3509 etenim;
2370 3445 2499 3500 alibi
2547 3460 2679 3501 vero
2717 3463 2734 3502 :
2767 3444 3033 3514 Post/mc,
3081 3465 3185 3502 non
3219 3450 3339 3503 dico

1755 3555 1841 3592 eos
1874 3554 2074 3603 servos,
2105 3539 2229 3607 quin
2267 3555 2446 3595 servus
2490 3541 2653 3594 nescit
2692 3557 2810 3611 qua:
2855 3541 2922 3596 sit
2954 3540 3200 3596 voiuntns
3241 3542 3339 3595 do-

1754 3633 1887 3685 mini
1920 3633 2005 3686 sui
2036 3633 2168 3687 :sed
2206 3633 2325 3686 dico
2364 3648 2452 3686 vos
2475 3632 2677 3687 auticos
2699 3632 2767 3699 "',
2801 3636 3059 3704 quoniam
3088 3650 3339 3704 perman-

1755 3725 1897 3778 sistis
1965 3741 2165 3779 mecum
2221 3726 2273 3778 in
2330 3724 2577 3779 erunibus
2628 3725 3069 3779 tribulationibus
3125 3724 3335 3780 meis".

1756 3816 1855 3882 Qui
1886 3831 2016 3887 ergo
2048 3817 2100 3870 in
2130 3816 2331 3870 tiuzore
2356 3817 2565 3879 vivunt,
2600 3831 2761 3883 quem
2788 3816 2961 3885 exigit
2987 3816 3129 3870 Deus
3162 3831 3192 3870 a
3221 3831 3341 3871 ser--

1759 3907 1841 3960 vis
1872 3922 1978 3960 non
2018 3907 2193 3968 bonis,
2229 3917 2289 3962 ut
2324 3907 2556 3976 legimus
2607 3907 2660 3961 in
2714 3906 2983 3964 Malachia
3005 3908 3053 3941 "
3083 3925 3096 3961 :
3124 3906 3183 3961 Si
3231 3910 3343 3961 Do-

1756 3999 1930 4052 minus
1964 4014 2056 4067 ego
2100 4015 2237 4062 sum,
2266 3998 2354 4052 ubi
2384 4008 2459 4053 est
2494 3999 2649 4051 timor
2686 3998 2874 4052 meus?
2906 3997 3049 4053 servi
3079 4007 3206 4054 sunt
3237 3998 3341 4053 Do-

1758 4090 1890 4144 mini
1922 4093 2012 4161 qui
2051 4090 2267 4145 illorum
2294 4099 2525 4145 vocatur
2547 4090 2837 4146 Servatur.

1825 4183 1916 4239 52.
1958 4186 2213 4238 Attamen
2249 4199 2349 4239 nec
2375 4184 2458 4238 bis
2487 4183 2739 4240 omnibus
2768 4183 3056 4239 manifeste
3095 4182 3217 4238 Filii
3244 4197 3342 4237 uo-

1757 4274 1942 4329 bilitas
1986 4274 2321 4341 declaratur,
2369 4277 2464 4330 scd
2509 4285 2621 4329 tum
2676 4291 2801 4331 cum
2838 4273 2932 4330 :F
2940 4276 3064 4330 ilius
3107 4292 3252 4330 meus
3284 4291 3339 4330 es

1758 4374 1838 4433 tu,
1880 4383 1975 4438 ego
2018 4368 2175 4422 hodie
2218 4369 2375 4439 genui
2408 4379 2458 4422 te
2481 4367 2550 4432 ",
2587 4367 2789 4423 dicitur
2840 4369 2907 4423 ad
2952 4367 3106 4424 illum
3142 4381 3173 4421 ιι
3204 4365 3338 4432 Deo,

1758 4459 1846 4514 cui
1878 4475 2098 4529 semper
2129 4470 2214 4515 est
2245 4459 2428 4524 hodie,
2459 4474 2637 4530 neque
2668 4461 2812 4515 enim
2844 4468 2928 4516 est
2957 4474 3183 4529 vespera
3219 4457 3338 4524 Dei,

93 4568 181 4639 ’ίὲρ
202 4570 403 4644 ἑσπέρα
434 4534 608 4634 Θεοῦ,
636 4534 746 4637 ἐγὼ
777 4569 833 4622 δὲ
862 4567 1123 4640 ἡγοῦμαι,
1156 4534 1261 4622 ’δτιι
1287 4567 1406 4621 οὐδὲ
1451 4566 1651 4638 πρωΐα,

1764 4566 1940 4621 neque
1975 4567 2160 4617 mane,
2198 4567 2319 4606 meo
2356 4553 2575 4621 quidem
2615 4551 2845 4623 judicio,
2878 4552 2972 4608 sed
3002 4562 3237 4620 tempus,
3279 4559 3342 4605 ut

206 4662 232 4714 ὁ
260 4660 755 4736 συμπαρεκτείνων
778 4663 864 4732 τῇ
894 4662 1144 4733 ἀγενήτῳ
1172 4659 1269 4715 καὶ
1298 4660 1453 4731 ἁῖδιῳ
1485 4657 1650 4712 αὑτοῦ

96 4748 205 4823 ζωῇ.
236 4754 299 4807 ἵν’
342 4754 526 4818 οὕτως
553 4754 714 4817 εἴπω,
762 4753 953 4825 χρόνος
986 4752 1170 4824 ἡμέρα
1200 4751 1349 4805 ἐστὶν
1380 4750 1529 4822 αὑτῷ
1559 4750 1654 4822 σή-

99 4860 251 4915 μερον,
301 4849 359 4900 ἐν
494 4847 821 4917 γεγέννηται
873 4846 903 4898 ό
951 4844 1111 4908 Υἱός·
1162 4842 1338 4915 ἀρχῆς
1387 4841 1656 4911 γενέσεως

99 4933 229 4990 αὐτοῦ
262 4936 433 5002 οὕτως
466 4938 569 5008 οὐχ
594 4935 1010 5009 εὑρισκομένης,
1040 4934 1115 4999 ὡς
1146 4935 1265 4988 οὐδὲ
1296 4932 1398 5003 τῆς
1420 4931 1653 5004 ἡμέρας.

153 5027 231 5082 33.
267 5030 609 5101 Προσθετέον
636 5032 748 5093 τοῖς
779 5028 1088 5101 εἰρημένοις
1130 5026 1246 5090 πῶς
1294 5029 1441 5080 ἐστιν
1466 5028 1494 5077 ὁ
1526 5024 1651 5088 Υἱὸς

102 5116 287 5191 ἀληθινὴ
328 5119 598 5190 ἄμπελος.
642 5116 813 5172 Τοῦτο
842 5117 899 5171 δὲ
928 5117 1085 5187 δῆλον
1126 5115 1278 5169 ἔσται
1311 5115 1423 5177 τοῖς
1459 5114 1654 5166 συνιεῖ-

107 5225 167 5260 ειν
197 5212 345 5277 ἀξίως
371 5214 601 5286 χάριτος
633 5211 979 5283 προφητικῇιῖ
1006 5209 1095 5263 τό⁹
1137 5204 1311 5275 Οἷνος
1351 5204 1655 5275 εὐφραίνει

106 5302 312 5370 ναρδίαγ
331 5302 676 5374 ἀνθρώ-του.
726 5303 790 5356 Et
814 5301 923 5374 γὰρ
947 5302 981 5373 ἡ
1010 5299 1203 5372 καρδία
1229 5298 1291 5353 τὸ
1322 5295 1657 5369 διανοητικόν

70 5460 71 5479 η
108 5394 213 5459 ἐπι,
244 5397 301 5451 τὸ
327 5399 386 5452 δὲ
436 5396 736 5469 εὐφραῖνον
767 5394 900 5448 αὐτὸ
945 5396 974 5447 ὁ
1003 5391 1384 5463 ποτιμώτατός
1429 5392 1545 5443 ἐστι
1572 5386 1657 5440 λό-

72 5540 73 5594 ;
161 5528 409 5586 "Coloss.
447 5530 599 5594 ι,16.
677 5530 725 5561 ⁷³
751 5530 906 5582 Itoni.
930 5544 1049 5590 vm,
1082 5528 1172 5582 15.

1754 4644 1824 4699 ita
1865 4644 2067 4705 dicam,
2116 4644 2279 4698 simul
2331 4658 2391 4697 se
2433 4648 2734 4699 extendens
2763 4660 2887 4700 cum
2916 4644 3005 4699 illa
3040 4646 3212 4713 ipsius
3245 4644 3331 4697 in-

1753 4735 1932 4804 genita
1966 4746 2020 4788 et
2052 4738 2382 4804 sempiterna
2413 4736 2520 4789 vita
2557 4735 2658 4807 ipsi
2689 4737 2806 4791 dies
2831 4750 2916 4792 est
2940 4737 3124 4800 hodie,
3150 4735 3200 4788 in
3230 4749 3336 4803 qua

1754 4827 1974 4896 genitus
1995 4834 2078 4881 est
2114 4825 2325 4894 Filius;
2365 4828 2444 4883 sic
2489 4843 2595 4883 non
2630 4828 2854 4884 invento
2899 4827 3131 4897 originis
3167 4826 3341 4896 ipsius

1754 4917 2046 4987 principio,
2081 4919 2222 4972 sicut
2259 4933 2437 4989 neque
2464 4919 2595 4978 diei.

1832 5013 1922 5067 33.
1966 5012 2192 5081 Insuper
2255 5011 2569 5067 addendqu
2629 5022 2711 5068 est
2768 5013 2854 5067 his
2904 5028 3024 5082 qum
3078 5012 3339 5077 diximus,

1762 5105 2034 5174 quomodo
2073 5105 2245 5159 Filius
2295 5106 2371 5161 sit
2401 5107 2529 5161 vitis
2582 5121 2710 5162 vera
2737 5106 2801 5160 “.
2833 5107 2910 5160 Ac
2942 5105 3186 5175 profecto
3236 5105 3339 5160 hoc

1761 5199 2108 5269 perspicuum
2157 5198 2267 5253 erit
2294 5198 2364 5254 iis
2397 5200 2514 5269 qui,
2551 5206 2609 5250 ut
2640 5197 2861 5267 dignum
2900 5206 2984 5253 est
3012 5198 3335 5267 pr0pbetica

1762 5291 1964 5363 gratia,
1992 5289 2304 5362 intelligunt
2333 5290 2462 5345 illud
2486 5290 2530 5322 ⁸¹
2563 5303 2579 5342 ι
2619 5287 2817 5343 Vinum
2866 5289 3107 5359 lwtiﬁcat
3127 5305 3220 5342 cor
3248 5288 3343 5341 ho-

1768 5383 1953 5438 minis.
1985 5382 2121 5437 Nam
2150 5383 2194 5438 si
2222 5398 2317 5439 eor
2344 5391 2429 5437 est
2480 5380 2819 5453 intelligendi
2853 5381 3103 5448 facultas,
3141 5382 3342 5450 ipsam-

1248 5527 1295 5559 “
1314 5524 1472 5580 Juan.
1497 5543 1583 5589 xv,
1618 5527 1640 5579 1

1780 5525 1827 5557 ’⁸
1847 5523 2002 5579 Joan.
2024 5541 2139 5587 xm,
2165 5525 2251 5579 15.
2327 5524 2374 5556 ⁷⁸
2400 5522 2556 5579 Joan.
2583 5540 2672 5590 xv,
2695 5524 2785 5580 15.
2862 5525 2905 5555 ⁷⁷
2934 5522 3069 5580 Luc.
3090 5539 3228 5591 χιιι,
3247 5522 3339 5579 28.

113 5594 320 5667 "rapa,
362 5618 514 5656 vers.
543 5604 600 5655 ti.
679 5601 726 5632 "
754 5601 893 5654 l’sal.
937 5615 998 5665 ιι,
1029 5599 1083 5653 7.
1161 5598 1207 5630 ⁸ο
1241 5596 1399 5652 Joan.
1439 5613 1530 5661 xv,
1562 5601 1609 5650 1.

1764 5595 1907 5649 l‘sal.
1953 5611 2072 5659 cm,
2109 5596 2196 5648 15.

116 5736 463 5866 ἓεξξὲίίῖἕοι
504 5741 563 5794 οἳ
589 5739 737 5794 κατὰ
778 5738 1141 5811 λογικώτερον
1199 5739 1513 5810 προσίενται
1583 5741 1649 5810 τῇ

170 5876 256 5950 (9.1)
279 5867 718 5950 Δὶακρινάντων
738 5879 923 5949 ἡμῶν.
961 5879 1037 5934 Ita
1072 5889 1222 5935 recte
1266 5880 1428 5936 habet
1477 5880 1649 5936 codex

122 5943 429 6018 Bodleianusi
485 5953 628 6008 male
676 5943 807 6007 vero
843 5953 981 6021 apud
1038 5950 1292 6006 liuetium
1348 5951 1545 6023 legitur
1595 5950 1649 6005 in

1762 5747 1919 5809 textu
1943 5736 2235 5809 διακρίνων
2261 5736 2437 5807 ἡμῶν.

1832 5808 1946 5881 (25)
1975 5805 2408 5881 Τυκοῦονιιξῖξιο
2427 5817 2578 5881 recte
2602 5808 2770 5863 habet
2787 5806 2958 5862 codex
2981 5805 3339 5881 Bodleianus,

1761 5877 1901 5937 male
1929 5877 2116 5933 autem
2144 5877 2311 5933 editio
2340 5878 2520 5935 lluetii
2548 5881 2601 5933 in
2642 5878 3130 5947 ιθχιιιυτυγχάνων.

1830 5948 1941 6022 (26)
1974 5948 2326 6005 Εὐσέϐειαν.
2356 5949 2589 6007 Deestin
2620 5958 2769 6004 textu
2795 5944 3000 6007 Huetii.
