3922 6560
530 413 605 473 79
2009 415 2168 474 ORIG
2177 415 2330 471 ENIS
2648 458 2653 463 .
3732 414 3804 471 80

529 544 635 601 que
685 529 929 587 laetiﬁcat
956 545 1159 599 sermo,
1199 532 1436 589 maxime
1467 534 1746 605 potabilis,
1772 536 2048 591 abducens
2075 550 2105 589 a

2212 552 2324 603 γος,
2360 532 2584 601 ἐξιστῶν
2617 533 2724 587 ἀπὸ
2774 534 2882 586 τῶν
2933 532 3317 605 ἀνθρωπικῶν,
3370 533 3464 586 καὶ
3513 531 3800 604 ὲνθουσιᾷν

528 625 696 679 rebus
732 623 1004 692 humanis,
1040 635 1097 680 et
1138 625 1317 690 furere
1369 627 1597 692 faciens,
1629 637 1684 682 et
1722 628 1930 683 ebrium
1989 641 2110 681 esse

530 716 817 784 ebrietate,
853 732 958 772 non
991 732 1053 772 ea
1085 718 1303 787 quidem
1333 735 1452 788 qua
1479 728 1563 775 est
1592 719 1769 774 aliena
1815 733 1844 773 a
1878 718 2105 780 ratione,

530 814 626 867 sed
694 811 898 877 divina,
964 826 1073 882 qua
1118 812 1282 867 etiam
1330 811 1533 882 Jnseph
1591 811 1808 877 fratres,
1839 821 1899 866 ut
1954 820 2105 881 puto,

530 903 713 959 ebrios
743 902 933 957 facit“
953 918 968 968 ;
990 902 1184 957 merito
1214 902 1261 956 is
1288 902 1379 972 qui
1408 902 1590 956 riuum
1625 916 1724 956 cor
1752 898 1993 956 hominis
2022 898 2111 952 la?-

534 997 750 1053 tilleans
786 994 964 1062 all‘ert,
997 1005 1079 1051 est
1108 994 1236 1050 vitis
1263 1011 1389 1049 vera
1424 1011 1438 1048 :
1466 995 1537 1050 ob
1574 995 1717 1050 hanc
1751 1007 1973 1050 causam
2015 1006 2110 1045 ve-

533 1105 614 1154 ra,
656 1089 798 1158 quod
828 1103 1078 1144 racemos
1108 1087 1303 1142 habeat
1328 1088 1636 1155 veritatem,
1664 1096 1720 1142 et
1750 1085 2000 1155 palmites
2028 1083 2111 1137 di-

532 1180 771 1252 scipulos
804 1180 871 1244 ⁸³,
914 1180 996 1234 sui
1051 1179 1379 1245 imitatores,
1415 1189 1469 1234 et
1522 1180 1669 1249 ipsos
1718 1177 2109 1233 fructiiicantes

531 1273 842 1328 veritatem.
872 1270 1095 1327 Diﬁicile
1112 1280 1286 1326 autem
1305 1281 1389 1328 est
1409 1270 1771 1326 dili'erentiam
1804 1281 2109 1341 proponere

533 1367 693 1436 panis
732 1377 785 1420 et
834 1366 984 1431 vitis,
1031 1364 1474 1436 quandoquidem
1523 1378 1630 1418 non
1664 1362 1829 1418 vitem
1874 1370 2106 1426 tantum,

533 1460 629 1515 sed
669 1460 833 1515 etiam
884 1472 1078 1529 panem
1129 1456 1253 1511 vita)
1290 1458 1526 1527 seipsum
1565 1455 1828 1527 appellat.
1873 1453 2109 1507 Proinde

528 1554 653 1608 vide
687 1567 764 1608 ne
802 1551 943 1607 forte
982 1550 1443 1622 quemadmodum
1486 1549 1643 1620 panis
1699 1548 1870 1604 nutrit
1909 1554 1965 1604 et
2011 1562 2110 1601 cor

528 1647 773 1712 roborat,
805 1644 1131 1700 conﬁrmare
1178 1658 1275 1699 cor
1326 1642 1564 1698 hominis
1597 1642 1797 1708 dictus,
1839 1650 1894 1697 et
1924 1639 2107 1695 vinum

528 1739 775 1794 lzetilicat
805 1735 1115 1792 dili'nndens
1160 1736 1402 1789 animum
1432 1732 1543 1805 3E.
1580 1743 1743 1804 atque
1772 1732 2107 1795 exhilaratus,

529 1832 612 1886 sic
660 1828 959 1900 disciplina:
1008 1827 1263 1895 morales,
1300 1842 1423 1897 quae
1472 1828 1634 1881 vitam
1672 1826 1964 1897 acquirunt
2014 1839 2110 1879 eas

530 1922 833 1980 addiscenti
872 1932 1036 1991 atque
1075 1921 1343 1991 operanti,
1371 1919 1527 1989 panis
1563 1918 1780 1988 quidem
1811 1917 1918 1973 sint
1960 1914 2106 1979 vitae.

531 2033 639 2073 non
683 2028 865 2071 tamen
891 2015 1102 2069 fructus
1141 2005 1266 2068 vitis
1300 2013 1591 2078 dicantur;
1619 2012 1951 2067 theoremata
1980 2023 2108 2063 vero

529 2127 730 2167 arcana
747 2120 802 2166 et
819 2112 1071 2183 mystica,
1094 2106 1423 2163 laetiﬁcantia
1449 2114 1611 2176 atque
1627 2092 1851 2158 numine
1866 2101 2106 2156 animum

530 2201 794 2266 amantia,
816 2216 938 2271 quae
969 2202 1357 2273 ingenerantur
1384 2196 1436 2251 in
1466 2197 1534 2251 iis
1561 2196 1653 2266 qui
1685 2194 2031 2250 obiectantur
2051 2192 2105 2246 in

530 2293 781 2358 Domino,
804 2308 908 2347 non
927 2291 1099 2347 solum
1121 2289 1339 2351 nutriri,
1353 2302 1540 2342 verum
1555 2287 1718 2342 etiam
1736 2284 2109 2354 oblectaride-

530 2385 858 2449 siderantes,
874 2383 1055 2437 vinum
1078 2392 1338 2439 vocentur
1361 2396 1391 2434 a
1424 2396 1551 2435 vera
1572 2380 1683 2436 vite
1714 2379 2105 2450 pervenientia.

603 2474 693 2528 54.
735 2474 814 2528 Ad
846 2475 960 2529 hare
991 2471 1408 2547 [elaborandum
1429 2472 1586 2527 nobis
1616 2470 1724 2544 est]
1742 2486 1979 2541 quonam
2010 2484 2107 2540 pa-

528 2575 620 2622 cto
648 2567 858 2637 primus
885 2578 939 2623 et
960 2566 1184 2621 ultimus
1217 2566 1271 2619 in
1300 2564 1622 2635 Apocalypsi
1656 2564 1951 2633 inscriptus
1982 2574 2066 2619 est
2090 2580 2104 2619 :

531 2659 585 2714 in
626 2669 891 2730 quantum
928 2660 1137 2731 primus
1164 2666 1272 2725 est,
1304 2658 1554 2713 diversus
1580 2659 1649 2713 ab
1675 2658 1742 2723 A,
1769 2657 1822 2713 id
1850 2666 1932 2712 est
1957 2660 2109 2727 prin-

530 2754 788 2823 cipio;et
835 2752 891 2807 in
941 2761 1205 2822 quantum
1253 2761 1337 2808 est
1382 2752 1629 2816 ultimus,
1670 2766 1774 2806 non
1809 2750 1953 2805 idem
1984 2766 2106 2805 eum

528 2845 591 2912 Ω,
633 2845 686 2900 id
721 2854 806 2901 est
848 2843 978 2898 line.
1019 2843 1224 2914 Opinor
1266 2844 1473 2914 itaque,
1504 2858 1629 2898 cum
1682 2841 1938 2897 animalia
1985 2856 2108 2912 qua:

529 2937 795 2992 rationem
841 2936 1193 3006 participant,
1229 2936 1573 2991 diversarum
1613 2935 1724 2992 sint
1773 2934 2103 3005 specierum,

528 3029 674 3085 aliud
740 3030 887 3085 inter
936 3030 1047 3100 ipsa
1111 3042 1238 3083 esse
1293 3029 1548 3098 primum,
1578 3028 1727 3084 aliud
1784 3027 2104 3092 secundum,

531 3121 681 3179 aliud
713 3122 957 3187 tertium,
985 3132 1041 3177 et
1081 3121 1162 3177 sic
1204 3119 1463 3191 deinceps
1496 3135 1672 3185 usque
1702 3120 1770 3175 ad
1811 3120 2059 3175 ultimum
2089 3136 2103 3185 ;

2213 629 2401 690 ποιῶν,
2430 628 2523 682 καὶ
2555 627 2774 700 μεθύειν
2797 627 2965 699 μέθην
2991 627 3093 679 οὐκ
3121 624 3422 695 ἀλόγιστον,
3450 624 3587 680 ἀλλὰ
3623 624 3800 689 θείαν,

2211 724 2295 793 ἢν,
2328 718 2498 793 οἶμαι,
2537 721 2631 773 καὶ
2672 720 2869 791 Ἰωσὴφ
2920 721 3047 785 τοὺς
3074 719 3336 788 ἀδελφοὺς
3381 717 3601 791 μεθύειν
3632 718 3801 782 ποιεῖ,

2211 817 2445 886 εὐλόγως
2474 817 2502 868 ό
2528 815 2617 869 τὸν
2643 815 3000 886 εὐφραίνοντα
3046 812 3271 885 καρδίαν
3318 810 3608 884 ἀνθρώπου
3655 806 3802 865 οἶνον

2210 909 2395 983 φέρων
2422 906 2664 979 ἂμπελός
2714 909 2859 960 ἐστιν
2906 905 3131 977 ἀληθινή
3155 922 3170 936 ·
3220 904 3309 959 διὰ
3349 904 3508 957 τοῦτο
3539 901 3798 974 ἀληθινὴ,

2210 1004 2330 1058 ἐπεὶ
2380 1001 2575 1073 βότρυς
2620 999 2734 1070 ἔχει
2788 998 2885 1069 τὴν
2937 998 3212 1070 ἀλήθειαν,
3246 997 3339 1050 καὶ
3372 995 3628 1069 κλήματα
3671 996 3801 1058 τοὺς

2213 1094 2481 1168 μαθητὰς,
2516 1091 2759 1165 μιμητὰς
2791 1089 2978 1157 αὐτοῦ,
3029 1090 3122 1145 καὶ
3150 1089 3348 1153 αὐτοὺς
3379 1086 3798 1160 καρποφοροῦν-

2208 1206 2307 1254 τας
2338 1189 2438 1260 τὴν
2467 1183 2743 1258 ἀλήθειαν.
2792 1183 2991 1255 Ἔργον
3041 1181 3097 1235 δὲ
3127 1179 3391 1253 διαφορὰν
3440 1177 3796 1249 παραστῆσαι

2208 1282 2374 1353 ἄρτου
2418 1282 2511 1335 καὶ
2556 1278 2826 1349 ἀμπέλου,
2874 1275 2996 1328 ἐπεὶ
3024 1275 3085 1327 οὐ
3143 1274 3302 1345 μόνον
3350 1272 3617 1343 ἄμπελος,
3659 1271 3798 1324 ἀλλὰ

2209 1374 2302 1428 καὶ
2330 1372 2494 1444 ἄρτος
2524 1369 2669 1439 ζωῆς
2694 1363 2833 1421 εἷναί
2864 1383 3048 1438 φησιν.
3092 1366 3248 1437 Ὅρα
3271 1364 3328 1417 δὲ
3364 1365 3575 1435 μήποτε
3605 1361 3799 1434 ὧσπερ

2208 1468 2237 1519 ὁ
2259 1466 2421 1537 ἄρτος
2450 1463 2660 1536 τρέφει,
2697 1460 2790 1514 καὶ
2820 1459 3172 1531 ἰσχυροποιεῖ,
3209 1457 3304 1510 καὶ
3335 1452 3613 1527 στηρίζειν
3643 1452 3799 1523 λέγε-

2208 1577 2297 1613 ται
2325 1557 2551 1629 καρδίαν
2584 1551 2893 1626 ἀνθρώπου,
2938 1554 2967 1605 ό
2994 1550 3051 1604 δὲ
3079 1546 3219 1613 οἶνος
3243 1548 3356 1619 ἤδει
3389 1548 3483 1601 καὶ
3511 1545 3797 1621 εὐφραίνει

2209 1653 2304 1707 καὶ
2343 1651 2551 1720 διαχεῖ*
2601 1646 2774 1710 οὓτως
2827 1643 2897 1698 τὰ
2930 1644 3029 1715 μὲν
3062 1641 3229 1713 ἠθικὰ
3277 1639 3600 1712 μαθήματα,
3650 1638 3800 1707 ζωὴν

2209 1742 2597 1818 περιποιοῦντα
2641 1740 2720 1812 τῷ
2753 1737 3094 1812 μανθάνοντι,
3139 1735 3233 1791 καὶ
3267 1734 3583 1805 πράττοντι,
3631 1732 3799 1803 ἄρτος

2212 1844 2329 1896 ἐστὶ
2359 1840 2459 1911 τῆς
2492 1837 2658 1907 ζωῆς,
2687 1835 2786 1889 οὐκ
2816 1834 2881 1888 ἂν
2910 1832 3083 1886 ταῦτα
3107 1832 3419 1902 γεννήματα
3446 1828 3664 1897 λέγοιτο
3692 1825 3797 1896 τῆς

2210 1933 2454 2008 ἀμπέλου
2475 1950 2488 1962 ”
2519 1933 2612 1985 καὶ
2642 1927 3021 2000 εὐφραίνοντα,
3052 1926 3144 1979 κα)⁵
3178 1923 3459 1994 ὲνθουσιᾷν
3512 1920 3797 1982 ποιοῦντα,

2209 2028 2499 2100 ἀπόρρητα
2533 2024 2627 2080 καὶ
2657 2022 2891 2095 μυστικὰ
2916 2020 3247 2092 θεωρήματα
3276 2014 3668 2088 κατατρυφῶσι
3697 2012 3801 2068 τοῦ

2210 2120 2417 2192 Κυρίου
2451 2107 2772 2188 ὲγγινόμενὸι
2803 2114 2936 2184 (27),
2964 2112 3059 2167 καὶ
3085 2111 3146 2164 ού
3173 2110 3330 2182 μόνον
3355 2106 3673 2180 τρέφεσθαι,
3704 2105 3803 2158 ἀλ-

2209 2213 2273 2266 λὰ
2317 2212 2411 2266 καὶ
2443 2210 2651 2283 τρυφᾷν
2680 2206 2935 2261 ποθοῦσιν
2965 2204 3097 2278 (28),
3132 2203 3277 2257 ἐστιν
3328 2201 3435 2255 ἀπὸ
3465 2201 3567 2272 τῆς
3608 2199 3803 2271 ἀληθι-

2209 2308 2305 2379 νῆς
2336 2305 2582 2377 ἀμπέλου
2611 2302 2880 2374 ἐρχόμενα
2904 2296 3043 2363 οἶνος
3077 2295 3404 2367 καλούμενα.

2279 2493 2369 2551 54.
2409 2490 2554 2562 Πρὸς
2584 2487 2790 2552 τούτοις
2828 2485 2906 2557 τῷ
2940 2484 3050 2557 (29)
3099 2482 3217 2546 πῶς
3265 2480 3481 2551 πρῶτος
3513 2479 3611 2533 καὶ
3638 2477 3804 2552 ἔσχα-

2208 2603 2300 2651 τος
2331 2588 2391 2639 ὲν
2416 2586 2482 2655 τῇ
2523 2580 2922 2647 Ἀποκαλύψει
2968 2574 3401 2646 ἀναγέγραπται,
3431 2570 3622 2640 ἔτερος
3656 2568 3807 2623 κατὰ

2208 2679 2269 2733 τὸ
2302 2676 2516 2749 πρῶτος
2539 2670 2677 2727 εἶναι
2708 2670 2989 2741 τυγχάνων
3021 2667 3116 2721 τοῦ
3147 2667 3310 2736 ἄλφα,
3345 2664 3440 2721 καὶ
3468 2663 3570 2733 τῆς
3598 2662 3801 2735 ἀρχῆς,

2210 2758 2303 2825 καὶ
2336 2766 2475 2823 κατὰ
2498 2766 2561 2819 τὸ
2589 2764 2814 2834 ἔσχατος
2841 2761 2940 2833 ούχ
2964 2762 2991 2815 ό
3025 2758 3185 2823 αὐτὸς
3210 2756 3289 2829 τῷ
3315 2774 3360 2809 ω
3396 2755 3493 2811 καὶ
3524 2754 3606 2826 τῷ
3628 2753 3797 2807 τέλει.

2222 2860 2490 2933 Ἧγοῦμαι
2521 2857 2720 2920 τοίνυν,
2774 2854 2881 2907 τῶν
2913 2850 3145 2921 λογικῶν
3180 2847 3335 2914 ζώων
3366 2849 3424 2901 ὲν
3457 2845 3676 2909 πολλοῖς
3718 2845 3804 2898 eli-

2208 2959 2320 3013 δεσι
2350 2949 2924 3028 χαρακτηριζομένων,
2958 2943 3094 3000 εἶναί
3121 2963 3175 2999 τι
3208 2942 3422 3014 πρῶτον
3466 2940 3671 3005 αὐτῶν,
3702 2938 3803 2992 καὶ

2208 3051 2481 3121 δεύτερον,
2515 3045 2610 3100 καὶ
2640 3043 2841 3114 τρίτον,
2874 3039 2969 3093 καὶ
2990 3036 3058 3091 τά
3086 3032 3345 3104 καθεξῆς,
3371 3033 3478 3095 ἓως
3524 3031 3757 3101 ἐσχάτου
3783 3046 3805 3060 ν

2209 3145 2302 3199 καὶ
2330 3141 2392 3196 τὸ
2426 3141 2524 3213 μὲν
2555 3136 2780 3210 ἀκριϐὲς
2826 3134 2999 3187 εἰπεῖν
3044 3131 3098 3185 τί
3131 3128 3365 3204 πρῶτον,
3413 3127 3508 3181 καὶ
3555 3128 3707 3179 ποῖον
3742 3124 3810 3180 τὸ

530 3229 762 3287 quorum
805 3228 938 3270 sane
974 3213 1248 3283 quodnam
1287 3213 1358 3266 sit
1387 3211 1646 3283 primum,
1695 3220 1751 3268 et
1786 3213 2106 3276 secundum,

2212 3211 2483 3308 δεύτερον,
2525 3232 2618 3285 καὶ
2651 3230 2744 3282 ἐπὶ
2786 3227 2930 3289 τίνος
2961 3221 3245 3308 ἀλῃθὲςτὸ
3270 3219 3473 3292 τρίτον,
3506 3216 3605 3271 καὶ
3629 3215 3811 3280 οὕτως

530 3318 585 3363 et
630 3307 870 3370 tertium,
904 3314 961 3360 et
993 3304 1074 3359 sic
1123 3318 1296 3373 usque
1333 3304 1399 3357 ad
1444 3302 1692 3357 ultimum
1739 3312 1994 3358 accurate
2021 3304 2106 3357 di-

528 3417 660 3456 cere
694 3398 920 3455 humani
977 3413 1086 3453 non
1129 3396 1420 3452 admodum
1460 3395 1664 3466 ingenii
1708 3405 1812 3462 est,
1860 3395 1955 3451 sed
1993 3396 2108 3465 ejus

522 3495 676 3564 quod
723 3502 977 3548 naturam
1019 3498 1239 3559 superet
1278 3488 1901 3545 nostram.Conabimnr
1927 3497 2107 3543 tamen

528 3605 653 3661 qua:
692 3590 761 3644 ad
814 3588 973 3657 huius
1014 3584 1470 3642 considerationis
1494 3581 1915 3638 declarationem
1945 3583 2110 3652 perti-

529 3696 663 3738 nere
710 3680 1061 3747 videhuntur,
1096 3692 1195 3748 pro
1237 3675 1381 3732 virili
1425 3684 1611 3732 nostra
1659 3672 1857 3730 all‘erre
1899 3675 1951 3730 in
1999 3691 2110 3729 me-

530 3774 680 3828 dium
704 3781 869 3842 atque
898 3771 1107 3841 eloqui.
1150 3770 1291 3826 Sunt
1330 3771 1550 3838 quidam
1576 3767 1674 3836 dii,
1706 3782 1939 3838 quorum
1971 3766 2110 3822 Deus

534 3864 680 3919 Deus
730 3873 849 3929 est,
894 3871 953 3917 ut
1014 3862 1313 3933 prophetia:
1358 3860 1659 3930 loquuntur
1708 3879 1722 3916 :
1769 3860 2111 3928 Conﬁtemiui

2217 3298 2382 3402 μέχρι
2413 3326 2507 3393 τοῦ
2541 3322 2849 3378 τελευταίου
2880 3298 3106 3391 φθάσαι,
3159 3316 3220 3369 ού
3251 3313 3392 3367 πάνυ
3436 3329 3489 3365 τι
3522 3310 3815 3386 ἀνθρώπι-

2210 3438 2322 3487 νον,
2350 3417 2487 3473 ἀλλὰ
2528 3415 2668 3487 ὑπὲρ
2713 3413 2809 3485 τὴν
2843 3410 3116 3484 ἡμετέραν
3148 3406 3263 3461 ἐστὶ
3291 3404 3482 3476 φύσιν·
3526 3404 3718 3477 στῆναι
3743 3403 3812 3458 δὲ

2212 3512 2306 3567 καὶ
2332 3507 2689 3581 περιλαλῆσαι
2718 3503 2788 3557 τὰ
2818 3504 2897 3566 είς
2925 3501 3017 3554 τὸν
3041 3499 3223 3564 τόπον,
3273 3496 3348 3561 ὼς
3380 3489 3482 3549 οἷοί
3513 3494 3574 3548 τέ
3610 3496 3811 3566 ἐσμεν,

2212 3599 2606 3677 πειρασόμεθα.
2646 3596 2769 3651 Εἰσί
2814 3611 2959 3658 τινες
2991 3593 3104 3646 θεοὶ
3125 3585 3202 3646 ὧν
3238 3589 3268 3642 ὁ
3294 3588 3427 3651 Θεὸς
3459 3586 3596 3651 Θεός
3629 3589 3811 3647 ἐστιν,

2211 3696 2287 3759 ὡς
2315 3676 2373 3748 αἱ
2408 3687 2733 3764 προφητεῖαί
2778 3701 2942 3756 φασιν
2962 3699 2974 3712 ·
3030 3677 3518 3751 Ἐξομολογεῖσθε
3565 3676 3649 3743 τῷ
3678 3676 3813 3744 Θεῷ

2210 3786 2331 3840 τῶν
2357 3783 2539 3838 θεῶν’
2577 3782 2691 3844 καὶ,
2731 3779 2874 3845 Θεὸς
2921 3774 3070 3831 θεῶν
3097 3771 3364 3839 ἐλάληοέ
3408 3769 3651 3838 Κύριος,
3698 3770 3810 3825 καὶ

2209 3877 2468 3933 ἐκάλεσε
2496 3874 2612 3944 τὴν
2642 3873 2759 3944 γῆν
2779 3889 2791 3903 ·
2830 3869 2963 3933 Θεὸς
2992 3867 3049 3921 δὲ
3079 3863 3221 3919 κατὰ
3257 3862 3318 3916 τὸ
3343 3860 3811 3935 Εὐαγγέλιονοὺπ

528 3957 642 4012 Deo
683 3954 1000 4022 deorum“;
1033 3966 1088 4010 et
1121 3969 1135 4006 :
1168 3953 1310 4009 Deus
1350 3955 1566 4009 deorum
1613 3953 1872 4008 Dominus
1904 3955 2107 4011 locutus

2212 3965 2337 4021 ἔστι
2358 3960 2607 4034 νεκρῶν,
2622 3964 2784 4021 ἀλλὰ
2811 3960 3060 4022 ζώντων.
3082 3956 3290 4017 Ζῶντες
3322 3952 3429 4024 ἄρα
3460 3952 3558 4004 καὶ
3607 3952 3655 4005 oi
3687 3947 3813 4001 (ise!

529 4058 629 4112 eu,
666 4056 712 4099 et
754 4046 953 4100 vocavit
991 4044 1247 4099 terram”
1279 4064 1293 4099 :
1325 4046 1468 4101 Deus
1522 4054 1725 4110 autem,
1779 4052 1838 4098 ut
1871 4045 2107 4119 Evange-

2212 4069 2369 4126 εἰσιν,
2398 4053 2473 4115 ὧν
2496 4059 2526 4111 ό
2550 4056 2683 4119 Θεὸς
2711 4053 2842 4117 Θεός
2873 4053 3008 4104 ἔστι.
3045 4048 3155 4102 Καὶ
3180 4048 3209 4099 ὁ
3239 4042 3560 4106 ’Δπόστολος
3581 4041 3639 4095 δὲ
3666 4041 3813 4113 γρά-

530 4140 664 4194 lium
700 4137 955 4203 tradit",
989 4152 1093 4190 non
1128 4146 1462 4190 mortuorum
1500 4137 1639 4192 Deus
1687 4146 1785 4202 est,
1817 4137 1909 4192 sed
1937 4138 2107 4193 viven-

2213 4174 2326 4228 φων
2357 4155 2414 4208 ὲν
2440 4154 2506 4225 τῇ
2540 4148 2678 4220 πρὸς
2706 4141 3041 4218 Κορινθίους,
3076 4140 3304 4204 “Ωσπερ
3344 4134 3463 4189 εισι
3497 4133 3623 4188 θεοὶ
3652 4135 3817 4187 πολ-ι

530 4232 683 4287 tium.
732 4228 884 4285 Unde
923 4228 1165 4283 viventes
1210 4227 1378 4283 etiam
1422 4227 1496 4283 dii
1539 4238 1692 4294 sunt,
1715 4243 1944 4297 quorum
1974 4228 2107 4287 Deus

2212 4223 2333 4318 ⁵ίοι,
2383 4223 2503 4300 καί
2536 4242 2726 4309 κύριοι
2775 4233 3013 4297 πολλοὶ,
3064 4230 3203 4285 κατὰ
3234 4228 3302 4281 τὰ
3352 4225 3689 4299 προφητικὰ,
3741 4223 3815 4278 τὸ

530 4323 678 4377 Deus
704 4330 807 4377 est.
854 4320 1168 4388 Quinetiam
1202 4322 1477 4378 scribente
1510 4323 1575 4376 ad
1606 4320 1920 4377 Corinthios
1964 4326 2107 4394 Apo-

2212 4339 2318 4394 τῶν
2343 4337 2480 4392 θεῶν
2526 4333 2890 4403 ὲξειλὴφαμεν
2919 4326 3089 4396 ὄνομα
3120 4323 3196 4386 ὡς
3223 4320 3619 4392 τυγχανόντων.
3676 4318 3817 4371 Εἰσὶ

528 4413 671 4470 stolo
702 4413 859 4485 juxta
892 4415 1243 4485 propheticas
1274 4427 1473 4469 voces:
1501 4411 1958 4492 Quemadmodum
1988 4426 2107 4468 sum

2212 4442 2268 4496 δὲ
2300 4439 2449 4513 παρὰ
2479 4439 2605 4501 τοὺς
2633 4436 2788 4499 θεοὺς
2814 4427 2888 4488 ὧν
2920 4434 2948 4485 ὁ
2973 4430 3105 4493 Θεὸς
3135 4428 3265 4491 Θεός
3300 4428 3469 4489 ἐστιν,
3503 4424 3682 4497 ἕτεροί
3715 4442 3813 4478 τι-

529 4505 610 4559 dii
640 4504 815 4571 multi,
847 4515 894 4560 et
926 4506 1129 4561 domini
1154 4505 1390 4574 multi",
1423 4520 1624 4561 nomen
1675 4508 1901 4562 deorum
1945 4508 2107 4563 inter-

2214 4563 2303 4609 νες
2331 4504 2396 4597 οἳ.
2411 4540 2700 4596 καλοῦνται
2744 4536 2949 4607 θρόνοι,
2991 4532 3085 4588 καὶ
3117 4530 3266 4586 ἄλλοι
3290 4530 3573 4601 λεγόμενοι
3610 4529 3819 4602 ἀρχαὶ,

531 4599 729 4669 pretati
760 4613 951 4654 sumus
982 4609 1236 4670 tanquam
1293 4598 1583 4655 exsistant.
1616 4598 1754 4655 Sunt
1784 4615 1914 4655 vero
1940 4600 2104 4654 etiam

2221 4578 2302 4609 ηε»
2331 4578 2381 4597 Vb
2413 4578 2700 4596 κυιηννν-νη
2747 4578 2949 4607 νισνν--τ
2993 4578 3085 4588 ----
3118 4578 3265 4586 ν--π-ν-
3291 4578 3511 4601 --νι-τη-
3530 4578 3572 4583 ν-
3612 4578 3819 4602 qm“-

2216 4635 2537 4710 κυριότητες
2561 4650 2645 4697 τε,
2678 4632 2772 4685 καί
2796 4628 3036 4696 ἐξουσίαι
3063 4625 3214 4698 παρὰ
3241 4622 3463 4687 τούτους
3489 4622 3665 4676 ἄλλοι,
3701 4623 3822 4677 Διά

509 4699 730 4763 {praeter
756 4692 888 4747 deos
915 4706 1144 4759 quorum
1178 4691 1322 4747 Deus
1346 4700 1435 4747 est
1462 4691 1627 4757 Deus,
1660 4692 1752 4748 alii
1780 4693 1872 4763 qui
1907 4707 2107 4750 vocan-

502 4782 620 4865 {tur
671 4783 876 4849 throni,
925 4792 979 4838 ct
1025 4783 1117 4839 alii
1167 4783 1263 4856 qui
1301 4783 1558 4839 dicuntur
1590 4784 1949 4853 principatus,
1983 4800 2107 4840 rur-

2213 4744 2271 4798 δὲ
2290 4691 2382 4806 ⁸τὸ,
2424 4691 2592 4808 ’.Υπὲρ
2623 4735 2745 4792 πᾶν
2774 4736 2961 4805 ὄνομα
3004 4728 3459 4803 ὀνομαζόμενον,
3503 4732 3578 4785 οὐ
3610 4729 3824 4800 μόνον

2226 4853 2239 4865 .
2388 4850 2401 4865 ,
2542 4845 2589 4865 Α-
2639 4844 2791 4865 _.,~__-_
2857 4841 3008 4865 μη
3044 4840 3136 4865 ---ι
3176 4839 3243 4865 λ..
3263 4839 3341 4865 -.-.
3375 4837 3652 4865 “1.11....”
3709 4840 3817 4865 ---ι

2848 4841 3009 4898 ἀλλὰ
3040 4840 3137 4895 καί
3172 4839 3243 4892 ἐν
3262 4839 3343 4904 τῷ
3361 4837 3673 4908 μέλλοντι,
3709 4840 3825 4893 καὶ

530 4892 625 4932 sus
660 4886 859 4946 printer
915 4877 1015 4932 hos
1053 4877 1144 4932 alii
1178 4844 1272 4947 qui
1306 4876 1564 4933 dicuntur
1592 4844 2001 4932 dominationes
2056 4884 2112 4931 et
2213 4853 2283 4906 έν
2301 4850 2490 4916 τούτῳ
2515 4845 2595 4912 τῷ
2625 4844 2814 4909 “tam:

532 4978 850 5038 potestates.
891 4968 1115 5024 Dicente
1136 4942 1318 5025 autem
1339 4968 1568 5024 Paulo”
1596 4985 1611 5023 :
1636 4967 1807 5037 Super
1836 4984 1986 5022 omne
2016 4984 2107 5022 no-

2213 4958 2349 5013 ἄλλα
2381 4955 2532 5026 παρὰ
2556 4952 2725 5006 ταῦτα
2750 4952 2811 5004 οὺ
2838 4949 2977 5004 πάνυ
3014 4946 3127 5017 ('50)
3158 4942 3404 5015 συνήθως
3435 4944 3571 5015 ἡμῖν
3602 4943 3825 5014 ὀνομα.

533 5077 651 5116 men
673 5063 811 5129 quod
844 5064 1147 5118 nominatur
1172 5079 1275 5117 non
1302 5063 1470 5118 solum
1499 5062 1554 5115 in
1574 5061 1769 5125 sa’cula
1797 5064 1914 5129 hoc,
1932 5080 2107 5118 verum

2219 5064 2421 5135 ζόμενα
2465 5061 2546 5114 δεῖ
2591 5059 2866 5112 πιστεύειν
2915 5053 3053 5111 εἶναι
3084 5051 3309 5122 λογικά·
3359 5043 3434 5104 ὧν
3461 5050 3520 5103 ἐν
3550 5068 3603 5105 τι
3638 5050 3826 5120 γένος

603 5152 650 5185 δ’
667 5150 804 5209 Gen.
829 5155 1089 5218 unum.
1149 5156 1195 5188 ⁸³
1213 5156 1371 5211 Joan.
1401 5173 1492 5223 xv,
1528 5157 1583 5214 5.
1646 5155 1695 5187 ⁸⁸
1710 5156 1852 5212 Psal.
1882 5173 2083 5213 cxxxv.

533 5221 582 5255 ⁸⁸
605 5220 803 5290 Ephes.
832 5239 870 5289 ι,
901 5225 991 5279 21.

2212 5156 2353 5213 Psal.
2383 5172 2537 5222 seu,
2564 5156 2615 5209 1.
2694 5153 2740 5185 ⁸⁸
2769 5151 2958 5207 Matth.
2991 5165 3126 5216 χχιι,
3150 5149 3244 5205 52.
3316 5145 3363 5178 ⁸⁷
3394 5143 3571 5201 lCor.
3596 5160 3719 5212 rm,
3750 5146 3825 5202 5.

606 5312 719 5387 (27)
754 5316 1158 5387 Ὲγγινόμενα.
1180 5317 1272 5372 Sic
1299 5317 1469 5372 codex
1496 5312 1856 5378 Bodleianus;
1889 5312 2116 5369 Huctius
2225 5306 2892 5387 nominantur_quidem_iu
2913 5305 3009 5359 hoc
3032 5302 3249 5387 seculo.
3277 5320 3379 5387 non
3403 5312 3581 5387 tamen
3600 5304 3664 5387 ᾳρ
3686 5305 3831 5387 ipso

537 5386 592 5439 in
614 5374 774 5458 ‘te_x'_tu
804 5374 1159 5458 ἔχ’πινόμενα.
1298 5457 1304 5458 γ
1405 5456 1431 5458 _
1501 5456 1529 5458 Δ
1570 5454 1581 5458 Α
1803 5374 1853 5458 ,ς
1945 5453 1956 5458 _
2062 5453 2075 5458 _
2222 5374 2927 5458 euumerata_[ueriut,_forte
2944 5392 3041 5430 nec
3058 5374 3267 5458 (15.0150
3289 5375 3468 5458 ᾳζίᾳιιο
3494 5375 3829 5458 intellecta;

610 5455 724 5527 (28)
754 5445 1071 5512 Ποθοῦσὶν.
1099 5458 1175 5512 Ita
1207 5457 1377 5512 codex
1402 5454 1758 5519 Bodleianus;
1801 5451 2028 5508 Huetius
2060 5453 2114 5509 in
2222 5470 2333 5509 esse
2352 5468 2474 5505 vero
2497 5445 2606 5504 alia
2622 5464 2738 5519 quae
2774 5451 2830 5527 in
2848 5448 2947 5527 hoc
2984 5446 3178 5527 ut:ch
3218 5445 3439 5527 quidem.
3465 5449 3834 5527 βαρβιοαὶ-

538 5515 1018 5581 ιειέιιι’ποτιοῦσιν.
1745 5515 1753 5519 ⁷
2224 5534 2432 5582 nentur.
2467 5515 2644 5574 tamen
2662 5516 3095 5573 nominabuntur.
3118 5515 3229 5569 Nec
3260 5530 3401 5570 unus
3426 5515 3479 5571 id
3523 5515 3627 5570 sibi
3679 5529 3841 5584 per-

630 5595 720 5666 29)
762 5596 867 5662 Τῷ,
897 5604 1003 5650 etc.
1022 5596 1165 5663 Lego
1198 5594 1526 5666 προσεκτέον
1551 5592 1654 5666 τῷἱ
1942 5661 1966 5666 _
2009 5662 2020 5666 _

2224 5593 2394 5666 suasit
2419 5592 2683 5666 Origenes
2702 5596 2923 5666 “praeter
2956 5600 3052 5640 eos
3078 5585 3403 5666 angelorum
3444 5585 3690 5666 ordines_
3712 5590 3835 5666 qui

633 5654 723 5732 50}
751 5654 866 5720 Κὰί
895 5666 1056 5719 ἄλλα
1082 5654 1445 5732 ἇαρᾶταῦτα
1472 5666 1543 5718 οὐ
1570 5654 1754 5722 σίάνυυ.
1773 5671 1879 5717 etc.
1932 5661 2107 5732 Orige-

2225 5654 2580 5732 nominantur
2612 5660 2665 5732 in
2701 5654 3011 5732 Scriptura,
3043 5654 3181 5710 alios
3208 5670 3342 5732 esse
3393 5671 3623 5732 numero
3658 5654 3837 5732 inii-

538 5725 635 5791 nes
670 5725 1211 5803 libraepldpzé},
1240 5750 1358 5801 cap.
1382 5733 1436 5795 5,
1463 5734 1710 5787 eumdem
1758 5731 1902 5788 hunc
1951 5725 2103 5786 Pauli
2221 5734 2364 5803 nitos
2410 5740 2466 5786 et
2521 5725 2859 5803 homi_nibus'_
2887 5726 3102 5803 ignotos
3153 5742 3169 5777 :
3235 5728 3479 5803 sc_r_ip_sit_
3530 5725 3837 5803 siquidem}

541 5811 716 5859 locum
741 5794 1177 5870 exponens'f'b'x
1199 5794 1321 5868 ἀνθ’
1351 5794 1604 5869 videlicet,
1633 5803 1830 5868 inquit,
1879 5804 2104 5856 Ostendit
2212 5802 2634 5870 Chrysostomns
2662 5800 2806 5870 Imm.
2833 5798 2886 5856 4,
2906 5795 2984 5870 De
3003 5795 3257 5870 incomp;
3279 5797 3402 5850 Εἰσὶ
3420 5796 3552 5870 γὰρ,
3578 5794 3839 5870 εἰσὶ-καὶ

537 5893 648 5930 esse
672 5864 914 5946 qua‘dam
938 5881 1130 5942 prailer
1190 5864 1298 5926 lucc
1328 5888 1445 5941 qua:
1495 5864 1938 5936 comnteuwrnvil,
1986 5888 2104 5943 quae

2212 5864 2395 5940 ἕτεραι
2426 5869 2704 5937 δυνάμεις,
2736 5864 2811 5925 ὧν
2866 5865 2990 5919 οὐδὲ
3033 5864 3102 5921 τὰ
3152 5865 3396 5923 όνόαατα
3426 5864 3606 5923 ίσιὶεν.
3664 5864 3843 5923 Sunt
