3856 6532
493 403 565 461 83
1948 396 2270 456 ORIGENIS
3675 396 3745 453 ει

489 518 613 584 bus,
640 515 764 587 quia
801 523 959 571 natus
997 515 1068 571 sit
1110 532 1176 572 ex
1214 513 1458 587 Virgine,
1489 523 1541 571 et
1571 516 1642 571 ob
1689 514 1951 586 reliquam
1986 517 2062 570 vi-

2174 514 2262 569 τοῦ
2291 512 2543 586 οὐρανοῦ,
2596 513 2666 566 τὰ
2717 515 2955 584 στοιχεῖα
2990 513 3193 577 ἐκεῖνα,
3246 512 3335 566 ἵνα
3378 509 3445 566 δι’
3477 510 3654 566 αὐτῶν
3677 515 3745 566 τὰ

491 617 598 662 tam
651 607 1056 662 admirabiliter
1089 616 1441 675 tsansactam,
1490 607 1563 661 ita
1616 607 1761 662 inter
1816 619 2062 663 mortuos

488 717 595 756 non
626 702 883 757 derelicta
916 711 998 756 est
1043 701 1221 755 anima
1269 699 1389 769 ejus
1412 701 1463 755 in
1499 697 1793 764 infernum,
1823 715 1890 755 eo
1919 701 2062 771 quod

487 793 598 848 illic
628 794 777 849 solus
805 795 970 850 fuerit
1006 794 1167 852 liber.
1211 792 1387 864 Atque
1417 795 1563 849 hunc
1608 793 1826 865 quidem
1858 792 1912 848 in
1954 810 2062 847 mo-

394 904 400 913 ι
483 886 612 939 dum
664 888 876 955 primus
927 897 1011 942 est
1050 896 1105 943 et
1146 886 1388 943 ultimus.
1428 888 1584 955 Quod
1631 888 1674 943 si
1712 894 1839 943 sunt
1868 885 2063 940 littera:
2109 902 2113 907 ’

485 972 600 1044 Dei,
627 987 686 1033 ut
714 989 867 1035 certe
902 989 1046 1042 sunt,
1072 996 1210 1051 quas
1236 980 1407 1037 sancti
1439 981 1678 1050 legentes
1709 995 1772 1035 ea
1796 994 1854 1035 se
1874 978 2063 1034 dicunt

480 1081 682 1137 .egere,
720 1086 841 1140 quae
870 1072 982 1128 sint
1013 1074 1066 1128 in
1097 1072 1299 1129 tabulis
1333 1074 1482 1137 celi,
1511 1072 1779 1128 elementa
1829 1072 1942 1135 illa,
1968 1086 2064 1142 per

483 1175 605 1230 qua:
663 1162 889 1234 legenda
927 1176 1050 1221 sunt
1099 1167 1366 1234 ecelestia,
1398 1167 1648 1221 notiones
1672 1175 1819 1231 sunt,
1856 1165 1909 1220 in
1955 1166 2065 1237 36

484 1252 726 1311 minutas
776 1265 962 1327 partes
1013 1257 1233 1325 divisae,
1287 1274 1479 1329 nempe
1530 1260 1581 1313 in
1632 1259 1676 1312 Α
1724 1265 1778 1312 et
1818 1272 1938 1328 quae
1973 1272 2064 1312 se-

484 1354 750 1414 quuntur,
806 1364 978 1420 usque
1021 1351 1085 1405 ad
1127 1351 1189 1415 0,
1224 1351 1365 1421 quod
1424 1360 1508 1405 est
1545 1349 1715 1405 Filius
1756 1349 1872 1405 Dei.
1921 1348 2063 1402 Bur-

482 1454 580 1494 sus
630 1439 773 1495 idem
826 1443 1150 1513 principium
1199 1452 1283 1498 est
1330 1453 1386 1498 et
1422 1444 1576 1507 ﬁnis;
1626 1443 1719 1497 sed
1763 1443 2060 1497 secundum

478 1532 916 1604 signiﬁcationes
962 1552 1068 1590 non
1105 1547 1190 1592 est
1220 1537 1384 1591 idem.
1421 1535 1554 1589 Nam
1590 1535 1921 1607 principium
1952 1543 2061 1601 est,

480 1635 751 1693 quatenus
778 1627 1047 1695 sapientia
1081 1637 1186 1691 est,
1216 1638 1277 1681 ut
1306 1628 1364 1682 in
1400 1627 1713 1683 Proverbiis
1748 1626 2062 1682 didicimus.

482 1716 759 1788 Scriptum
792 1729 879 1774 est
913 1734 1043 1789 ergo
1072 1719 1118 1753 ⁸³
1149 1743 1161 1776 :
1195 1719 1336 1775 Deus
1373 1721 1568 1774 creavit
1616 1735 1699 1774 me
1743 1718 2062 1789 principium

479 1810 684 1864 viarum
713 1826 934 1865 suarum
964 1812 1034 1866 ad
1059 1826 1218 1882 opera
1248 1811 1383 1879 ejus.
1405 1808 1687 1878 Quatenus
1717 1817 1897 1865 autem
1930 1809 2063 1865 Ver-

482 1900 609 1955 bum
663 1912 767 1971 est,
826 1918 932 1957 non
987 1909 1075 1958 est
1122 1901 1475 1971 principium,
1509 1901 1636 1971 quia
1702 1905 1757 1956 in
1802 1900 2067 1969 principio

488 2004 605 2049 erat
662 1994 906 2050 Verbum.
951 1992 1122 2064 Igitur
1165 1992 1593 2065 signiﬁcationes
1622 1990 1738 2058 eius
1784 1991 2062 2045 continent

481 2088 835 2160 principium,
860 2099 915 2144 et
946 2091 1246 2146 secundmn
1277 2089 1556 2160 quiddam,
1581 2096 1635 2143 et
1666 2088 1906 2151 tertium,
1931 2101 2063 2156 prte-

2160 606 2387 676 οὐράνια
2437 603 2778 675 ἀναγνωσθῇ,
2814 605 2871 657 αἱ
2918 603 3116 658 ἔννοιαι
3147 603 3530 675 τυγχάνουσιν,
3584 620 3745 656 ratae

2162 698 2625 772 κερματιζόμεναι
2652 701 2734 763 είς
2776 698 2940 769 ἄλφα,
2970 699 3063 752 καὶ
3095 697 3165 752 τὰ
3192 697 3338 770 ἑξῆς,
3372 698 3536 769 μέχρι
3560 697 3651 750 τοῦ
3679 716 3744 757 ω,

2160 792 2253 846 τοῦ
2289 790 2420 845 Υίοῦ
2447 792 2543 844 τοῦ
2588 791 2742 845 Θεοῦ.
2800 790 2968 846 Πάλιν
2999 791 3056 845 δὲ
3097 790 3242 862 ἁρχὴ
3287 790 3380 843 καὶ
3411 789 3565 853 τέλος
3595 790 3622 842 ὁ
3650 790 3772 843 αὖε-ι

2170 885 2277 949 τὸς.
2313 884 2426 940 ἀλλ’
2457 884 2517 939 οὐ
2547 883 2689 938 κατὰ
2715 883 2814 948 τὰς
2858 884 3102 948 ἐπινοίας
3142 886 3171 937 ὁ
3198 883 3378 947 αὐτὸς.
3423 882 3590 955 Ἀρχὴ
3621 882 3749 952 γὰρ,

2169 977 2244 1039 ὡς
2278 977 2335 1029 ὲν
2381 979 2502 1040 ταῖς
2541 976 2885 1044 Παροιμίαις
2938 975 3361 1047 μεμαθήκαμεν,
3417 975 3556 1030 καθὸ
3598 975 3752 1042 σοφία

2169 1068 2444 1139 τυγχάνει,
2504 1068 2620 1121 ἐστί
2640 1085 2652 1097 ·
2701 1067 3007 1138 γέγραπται
3059 1067 3223 1137 γοῦν
3265 1068 3321 1121 '0
3371 1066 3518 1134 Θεὸς
3552 1067 3755 1122 ἐκτισὲ

2165 1179 2242 1232 με
2286 1160 2485 1231 ἀρχὴν
2535 1158 2690 1214 ὁδῶν
2716 1159 2902 1214 αὑτοῦ
2950 1162 3040 1228 εἰς
3075 1160 3221 1231 ἔργα
3248 1160 3456 1215 αὑτοῦ.
3519 1160 3668 1214 Καθὸ
3693 1160 3749 1213 δὲ

2170 1254 2324 1323 λόγος
2350 1253 2519 1317 ἐστὶν,
2551 1253 2652 1306 οὐκ
2667 1251 2811 1306 ἔστιν
2830 1252 2969 1324 ἀρχή
2990 1268 3003 1282 ο
3017 1248 3253 1323 ὲνάρχῇ
3271 1252 3379 1324 γὰρ
3399 1244 3480 1321 ἦν
3493 1249 3528 1301 ὀ
3540 1252 3747 1320 Λόγος.

2172 1346 2382 1401 Οὐκοῦν
2409 1348 2464 1400 αἱ
2513 1346 2748 1399 ἐπίνοιαι
2782 1343 2948 1398 αὑτοῦ
2976 1343 3191 1414 ἔχουσιν
3220 1343 3415 1414 ἀρχὴν,
3451 1342 3546 1395 καὶ
3572 1340 3752 1395 δεύτε-

2173 1440 2267 1512 ρόν
2291 1457 2343 1492 τι
2379 1438 2529 1510 παρὰ
2561 1438 2658 1510 τὴν
2688 1437 2884 1509 ἀρχὴν,
2916 1437 3011 1489 καὶ
3043 1435 3245 1507 τρίτον,
3275 1436 3369 1489 καὶ
3396 1432 3566 1498 οὔτως
3589 1433 3751 1505 μέχρι

2169 1531 2355 1596 τέλους
2376 1548 2390 1561 ·
2432 1531 2564 1584 ὡσεὶ
2596 1530 2811 1599 ἔλεγεν·
2869 1529 3035 1601 Ἀρχή
3073 1530 3212 1600 εἰμι,
3246 1528 3381 1581 καθὸ
3411 1526 3571 1597 σοφία
3598 1527 3748 1599 εἰμί’

2168 1624 2416 1696 δεύτερον
2449 1623 2527 1688 δὲ,
2578 1625 2627 1677 εί
2655 1622 2798 1677 οὕτω
2840 1621 3013 1693 τύχοι,
3058 1620 3196 1676 καθὸ
3228 1620 3456 1692 ἀόρατός
3487 1620 3625 1692 εἰμι,
3658 1620 3755 1673 καὶ

2168 1717 2350 1790 τρίτον
2376 1714 2512 1769 καθὸ
2541 1712 2654 1786 ζωή
2678 1732 2692 1746 ·
2722 1715 2845 1768 ἐπεὶ
2872 1714 2903 1769 ὅ
2931 1714 3201 1785 γέγονεν,
3234 1714 3305 1767 ἐν
3323 1712 3484 1779 αὐτῷ
3512 1712 3622 1782 ζωὴ
3650 1709 3752 1784 ἦν.

2169 1810 2278 1863 Καὶ
2313 1807 2367 1861 εί
2390 1826 2476 1872 τις
2509 1807 2693 1872 ἱκανὸς
2745 1807 3050 1879 βασανίζων
3082 1806 3174 1860 τδν
3201 1805 3325 1861 νοῦν
3369 1806 3477 1860 τῶν
3522 1806 3755 1879 Γραφῶν

2168 1904 2320 1975 ὁρᾷν,
2356 1902 2497 1974 τάχα
2530 1902 2753 1973 εὑρήσει
2785 1899 2956 1954 πολλὰ
2981 1901 3081 1972 τῆς
3112 1900 3319 1968 τάξεως
3345 1901 3439 1954 καὶ
3478 1900 3542 1953 τὸ
3572 1899 3757 1963 τέλοςο

2166 1995 2267 2047 οὐκ
2299 1988 2454 2065 οἶμαι
2498 1992 2607 2065 ’γάρ
2641 1993 2690 2044 εἰ
2726 1990 2924 2047 πάντα.
2956 1990 3297 2062 Σαφέστερον
3344 1991 3389 2044 δ’
3417 1991 3450 2062 ἡ
3483 1990 3626 2062 ἀρχῆ
3659 1990 3755 2043 καὶ

2166 2086 2321 2150 τέλος
2368 2085 2517 2139 δοκεῖ
2560 2084 2701 2139 κατὰ
2732 2084 2830 2156 τὴν
2882 2083 3174 2156 συνήθειαν
3226 2082 3303 2146 ὼς
3342 2082 3436 2136 ἐπὶ
3476 2082 3756 2154 ἡνωμένου

481 2189 568 2233 ter
597 2180 946 2250 principium,
972 2189 1028 2237 et
1071 2182 1154 2236 sic
1183 2196 1356 2252 usque
1386 2182 1451 2235 ait
1483 2180 1644 2235 ﬁnem
1679 2197 1694 2234 :
1737 2188 1992 2248 tanquam
2017 2178 2061 2233 si

2174 2179 2450 2249 λέγεσθαι·
2496 2174 2608 2233 οἷον
2658 2179 2801 2251 ἀρχὴ
2834 2178 3012 2243 οίκίας
3060 2177 3381 2249 ὁθεμέλιος,
3413 2177 3506 2232 καὶ
3528 2176 3679 2240 τέλος
3717 2179 3752 2247 ἡ

480 2269 689 2327 diceret
718 2291 733 2327 :
762 2272 1096 2342 Principium
1127 2289 1271 2338 sum,
1295 2280 1567 2344 quatenus
1597 2271 1866 2342 sapientia
1903 2286 2060 2338 sum;

481 2364 782 2419 secundum
839 2376 1046 2431 autem,
1071 2366 1117 2421 si
1170 2364 1315 2422 torte
1362 2364 1443 2420 sic
1474 2364 1818 2433 contingeret
1844 2362 1975 2425 dici,
2010 2363 2062 2416 in

479 2467 743 2527 quantum
772 2473 892 2513 sum
919 2459 1233 2521 invisibilis,
1264 2457 1506 2525 tertium,
1546 2456 1596 2511 in
1631 2466 1891 2525 quantum
1917 2455 2060 2520 vita;

478 2549 737 2618 quoniam
763 2552 905 2620 quod
926 2551 1132 2619 factum
1154 2561 1250 2616 est,
1276 2550 1331 2604 in
1356 2552 1465 2620 ipso
1490 2550 1594 2603 vita
1622 2560 1734 2604 erat
1756 2549 1820 2603 “.
1846 2549 2000 2617 Quod
2022 2549 2066 2604 si

477 2640 603 2710 quis
627 2642 1035 2713 Scripturarum
1069 2658 1289 2700 sensum
1323 2644 1684 2713 invesugans,
1722 2642 1952 2699 idoneus
1987 2653 2071 2698 est

479 2736 864 2805 eumassequi,
880 2736 927 2793 is
941 2736 1158 2808 quidem
1182 2738 1413 2792 fortasse
1430 2734 1660 2790 inveniet
1680 2735 1935 2806 pleraque
1952 2750 2071 2805 qua:

481 2825 553 2883 ad
577 2824 824 2883 ordinem
844 2829 1149 2899 pertineant
1174 2838 1341 2900 atque
1364 2830 1525 2885 ﬁnem
1551 2830 1749 2900 ipsum,
1773 2828 1957 2885 nescio
1982 2845 2074 2882 an-

479 2929 592 2975 tem
639 2935 708 2975 an
749 2922 951 2976 omnia.
986 2922 1242 2993 Apertius
1267 2932 1448 2977 autem
1473 2923 1799 2992 principium
1831 2937 1894 2976 ac
1926 2921 2070 2988 linis,

476 3013 778 3069 secundum
796 3029 1139 3071 communem
1163 3016 1418 3086 loquendi
1437 3016 1905 3079 consuetudinem,
1924 3015 1988 3069 de
2015 3030 2072 3069 re

477 3106 738 3159 continua
760 3116 813 3160 et
831 3107 981 3161 unita
1003 3107 1107 3164 dici
1127 3108 1415 3163 videntur:
1438 3119 1495 3161 nt
1523 3108 1719 3163 domus
1740 3108 2066 3175 principium

479 3209 567 3253 cett
596 3198 1004 3253 fundamentum
1039 3210 1095 3254 et
1122 3199 1249 3255 ﬁnis
1280 3199 1578 3269 fastigium.
1619 3199 1683 3253 Et
1711 3213 1843 3253 sane
1867 3215 2073 3253 summo

2170 2271 2428 2341 στεφάνη.
2463 2272 2574 2325 Καὶ
2604 2269 2975 2342 ἐφαρμοστέον
3006 2286 3093 2339 γε,
3125 2269 3213 2323 διὰ
3243 2268 3304 2323 τὸ
3330 2267 3758 2339 ἀκρογωνιαῖογ

2167 2364 2305 2421 εἶναι
2337 2367 2512 2420 λίθον·
2555 2365 2665 2418 τὸν
2696 2363 2977 2433 Χριστὸν,
3010 2363 3088 2435 τῷ
3125 2362 3390 2435 ήνωμένῳ
3444 2361 3606 2416 παντὶ
3646 2359 3754 2413 σώ-

2174 2479 2302 2533 ματι
2332 2459 2442 2513 τῶν
2478 2457 2801 2531 σωζομένων
2828 2458 2889 2511 τὺ
2939 2458 3286 2530 παράδειγμα
3317 2456 3409 2509 τό·
3445 2455 3624 2509 πάντα
3649 2454 3759 2528 γὰρ

2171 2551 2266 2606 καὶ
2297 2553 2354 2604 ὲν
2381 2552 2514 2604 πᾶσι
2560 2550 2794 2621 Χριστὸς
2823 2551 2850 2603 ὁ
2879 2548 3192 2621 μονογενὴς,
3222 2547 3297 2609 ὡς
3328 2548 3424 2618 μὲν
3450 2546 3593 2618 ἁρχὴ
3629 2548 3687 2598 ὲν
3713 2538 3762 2613 ᾧ

2173 2643 2461 2715 ἀνείληφεν
2508 2642 2799 2714 ἀνθρώπῳ,
2845 2641 2921 2706 ὼς
2963 2641 3019 2695 δὲ
3060 2640 3212 2704 τέλος
3242 2641 3301 2693 ὲν
3346 2639 3424 2710 τῷ
3465 2639 3762 2710 τελευταίῳ

2170 2734 2280 2789 τῶν
2307 2735 2481 2804 ἁγίων
2535 2733 2775 2804 δηλονότι
2804 2732 3108 2803 τυγχάνων,
3153 2732 3246 2786 καὶ
3274 2733 3331 2784 ἐν
3377 2729 3759 2801 τοῖςμεταξὺο

2172 2832 2206 2903 ἢ
2236 2831 2312 2895 ὡς
2344 2831 2439 2901 μὲν
2469 2828 2614 2901 ἀρχὴ
2657 2829 2714 2881 ὲν
2755 2827 2955 2899 Ἀδάμ’
3005 2827 3080 2890 ὡς
3104 2826 3160 2880 δὲ
3200 2824 3352 2889 τέλος
3383 2826 3441 2878 ὲν
3471 2826 3539 2896 τῇ
3573 2823 3763 2894 ἐπιδη-

2180 2924 2297 2995 μίᾳ,
2357 2923 2499 2977 κατὰ
2553 2922 2617 2975 τὸ
2669 2921 2993 2993 εἰρημένον*
3051 2920 3115 2973 ’0
3161 2920 3423 2988 ἔσχατος
3463 2916 3635 2986 Ἀδὰμ
3674 2918 3762 2984 εἰς

2176 3019 2412 3087 πνεῦμα
2439 3016 2779 3078 ζωοποιοῦν.
2839 3014 2986 3085 Πλὴν
3032 3013 3191 3066 τοῦτο
3233 3012 3294 3065 τὸ
3329 3011 3489 3084 ῥητὸν
3518 3010 3765 3081 ὲφαρμόυ

2177 3126 2258 3162 σει
2290 3110 2384 3163 καὶ
2409 3111 2477 3181 τῇ
2510 3108 2761 3162 ἀποδόσει
2791 3105 2885 3160 τοῦ
2919 3107 3149 3176 πρῶτος
3182 3106 3274 3159 καὶ
3300 3106 3578 3174 ἔσχατος.

476 3290 725 3358 αηθηιιιανί
749 3289 923 3355 lapide
955 3284 1252 3345 exsistente
1278 3290 1489 3345 Christo
1512 3291 1580 3357 ’⁸,
1600 3292 1695 3346 ιοιί
1729 3291 1940 3359 corpori
1969 3293 2120 3346 ιιιιίιο
2142 3309 2327 3349 eorum
2345 3293 2438 3363 qni
2463 3302 2771 3359 servantur,
2796 3292 3161 3363 adoptandum
3186 3301 3269 3346 est
3290 3289 3593 3359 exemplum
3620 3289 3759 3343 hoc:

478 3386 662 3440 omnia
715 3386 860 3439 enim
902 3396 955 3440 et
997 3385 1049 3439 in
1081 3385 1406 3440 omnibus"
1434 3396 1518 3440 est
1568 3384 1825 3440 Christus
1881 3386 2214 3455 unigenitus,
2262 3389 2354 3458 qni
2410 3398 2468 3442 ut
2524 3387 2846 3458 principium
2887 3387 2940 3441 in
2973 3401 3039 3441 eo
3071 3396 3155 3441 est
3192 3385 3409 3439 homine
3468 3398 3630 3452 quem
3672 3400 3762 3436 uso

479 3480 756 3549 sumpsit:
788 3490 845 3534 nt
894 3480 1019 3537 linis
1074 3492 1252 3536 autem
1292 3481 1344 3535 in
1394 3482 1606 3548 ultimo,
1661 3491 1977 3537 sanctorum
2041 3484 2273 3548 scilicet,
2314 3484 2477 3540 etiam
2531 3485 2583 3539 in
2625 3485 2712 3540 his
2768 3485 2863 3554 qui
2888 3493 3013 3539 sunt
3048 3483 3099 3537 in
3128 3481 3328 3539 medio.
3362 3480 3668 3543 Estrtiam,
3701 3490 3760 3534 ut

479 3576 806 3648 principium
840 3578 1081 3646 quidem,
1111 3578 1162 3632 in
1203 3578 1410 3646 Adam;
1461 3586 1520 3631 ιιι
1559 3578 1683 3632 linis
1716 3586 1918 3643 autem,
1958 3580 2010 3633 in
2045 3579 2281 3635 adventu
2332 3595 2455 3644 suo,
2487 3581 2639 3652 juxta
2677 3580 2871 3634 illud"
2899 3596 2912 3634 :
2944 3577 3176 3634 Ultimus
3220 3578 3387 3630 Adam
3432 3576 3490 3629 in
3518 3576 3766 3645 spiritum

479 3671 853 3742 viviﬁcantem.
884 3670 1273 3728 Verumtamen
1299 3673 1403 3728 hoc
1431 3673 1632 3728 dictum
1672 3686 1937 3746 congruet
1976 3674 2140 3731 etiam
2184 3675 2538 3745 explicationi
2579 3674 2773 3729 harum
2822 3689 3034 3739 vocum,
3067 3675 3267 3743 primus
3295 3672 3605 3725 etultfmus.

550 3764 640 3820 35.
680 3763 950 3838 Caeterum
996 3767 1041 3822 si
1093 3766 1572 3823 observaverimns
1595 3783 1718 3839 qua
1752 3771 2007 3839 superius
2040 3786 2068 3823 a
2099 3779 2141 3837 ο

480 3858 638 3915 nobis
670 3859 816 3915 dicta
850 3857 1001 3915 luere
1035 3862 1101 3915 de
1147 3861 1441 3935 vocabulis.
1465 3861 1626 3930 primi
1654 3871 1709 3918 et
1742 3863 1938 3932 ultimi,
1975 3866 2065 3922 ubi

477 3962 593 4006 tum
617 3952 686 4007 ad
715 3952 927 4021 species
963 3953 1335 4023 rationalium,
1369 3964 1481 4009 tum
1515 3958 1584 4011 ad
1612 3954 1735 4011 Filii
1756 3957 1850 4011 Dei
1882 3959 2061 4014 diver-

480 4058 575 4100 sas
613 4046 1009 4115 appellationes
1028 4056 1085 4101 et
1125 4047 1558 4116 signiﬁcationes
1579 4050 1885 4106 orationem
1915 4061 2066 4105 retu-

480 4134 663 4198 limus,
700 4136 964 4191 habemus
1003 4138 1167 4191 etiam
1195 4137 1563 4191 diﬁ'ercntiam
1598 4140 1784 4210 primi,
1820 4153 1875 4195 et
1919 4145 2067 4209 priu-

482 4227 632 4297 cipii,
665 4237 723 4284 et
753 4228 953 4294 ultimi,
981 4240 1036 4285 et
1070 4229 1214 4296 ﬁnis,
1247 4229 1377 4300 quin
1405 4229 1567 4284 etiam
1593 4231 1731 4301 ejus,
1768 4234 1913 4302 quod
1947 4249 2068 4288 esse

482 4321 687 4375 dicitur
721 4322 766 4374 A
787 4331 842 4377 et
863 4323 905 4374 Ω
934 4339 949 4374 :
983 4323 1079 4379 sed
1116 4338 1293 4392 neque
1325 4325 1621 4379 obscurum
1651 4336 1756 4394 est,
1791 4324 2066 4397 quomodo

482 4412 737 4468 Christus
769 4414 984 4469 dicatur
1012 4414 1208 4479 vivens,
1236 4426 1291 4471 et
1322 4429 1585 4487 mortuus,
1618 4419 1729 4474 imo
1762 4429 1886 4489 post
1927 4422 2068 4477 hanc

482 4518 673 4558 vocem
722 4513 980 4567 mortuus,
1032 4506 1208 4560 vivens
1259 4509 1316 4563 iu
1372 4509 1573 4564 srrcula
1658 4510 2065 4564 sa'culorum’“.

484 4597 754 4664 Quoniam
786 4598 931 4652 enim
962 4612 1067 4652 non
1094 4598 1424 4669 juvabamnr
1470 4619 1499 4656 a
1536 4604 1860 4671 praecedenti
1896 4603 2066 4674 ipsius

452 4700 455 4701 '
483 4689 618 4758 vita,
652 4700 878 4760 peccato
907 4690 1153 4755 obnoxii,
1186 4691 1473 4747 descendit
1504 4693 1618 4762 ipse
1653 4694 1718 4747 ad
1756 4695 2066 4748 mortalita-

484 4791 594 4839 tem
649 4792 928 4851 nostram;
968 4793 1028 4838 ut
1073 4799 1173 4839 nos
1216 4784 1388 4854 ipsius
1426 4786 1553 4841 Jesn
1601 4798 1831 4858 peccato
1865 4789 2065 4843 mortui

486 4878 968 4932 mortilicationem
1040 4877 1582 4943 circumferentes”,
1630 4881 1820 4936 ordine
1874 4896 2069 4950 capere

488 4969 764 5038 possimus
806 4984 952 5037 eam,
1012 4985 1132 5038 qua:
1191 4980 1317 5038 post
1364 4964 1844 5026 mortiﬁcationem
1902 4975 2070 5041 ipsius

484 5061 714 5127 exstitit,
750 5062 916 5115 vitam
952 5062 1004 5116 in
1035 5062 1234 5118 saecula
1257 5063 1605 5117 smeulurnm.
1640 5063 1773 5117 Nam
1798 5065 1889 5133 qui
1922 5080 2067 5119 sem-

2248 3770 2342 3825 55.
2372 3770 2725 3841 Τηρήσαντες
2757 3769 2939 3840 μέντοι
2963 3766 3032 3822 τὰ
3061 3768 3327 3840 εἰρημένα
3361 3765 3490 3837 περὶ
3526 3763 3772 3832 πρώτου

2171 3866 2266 3919 καὶ
2287 3862 2574 3934 ἐσχάτου,
2623 3863 2715 3931 καὶ
2746 3863 2874 3935 περὶ
2903 3862 3075 3934 ἀρχῆς
3123 3861 3218 3915 καὶ
3244 3860 3450 3924 τέλους,
3494 3860 3632 3913 ὅπου
3664 3857 3768 3929 μὲν

2170 3959 2250 4020 εἰς
2280 3957 2395 4028 εἴδη
2422 3956 2654 4025 λογικῶν
2701 3956 3104 4027 ἀνηνέγκαμεν,
3127 3955 3261 4008 ὅπου
3294 3954 3351 4007 δὲ
3374 3956 3452 4017 είς
3472 3952 3766 4024 διαφόρους

2170 4050 2413 4113 ἐπινοίας
2447 4047 2542 4102 τοῦ
2574 4047 2705 4101 Υἱοῦ
2738 4047 2833 4101 τοῦ
2875 4047 3032 4111 Θεοῦ,
3068 4047 3158 4101 τὸν
3198 4047 3376 4116 λόγον,
3429 4046 3523 4099 καὶ
3565 4044 3767 4116 ἔχομεν

2169 4140 2266 4211 τὴν
2312 4140 2575 4211 διαφορὰν
2609 4138 2830 4211 πρώτου
2870 4139 2961 4193 καὶ
3013 4139 3209 4210 ἀρχῆς,
3253 4140 3349 4192 καὶ
3396 4138 3627 4209 ἐσχάτου
3670 4138 3768 4190 καὶ

2170 4231 2376 4296 τέλους,
2414 4231 2494 4283 ἔτι
2523 4232 2580 4285 δὲ
2616 4231 2710 4284 καὶ
2738 4229 2832 4283 τοῦ
2872 4247 2907 4283 α
2941 4230 3037 4284 καὶ
3062 4229 3155 4283 τοῦ
3186 4247 3249 4282 ω.
3292 4228 3405 4283 Οὐκ
3438 4227 3635 4299 ἄδηλον
3671 4228 3767 4280 οὑ-

2169 4321 2225 4375 δὲ
2258 4321 2318 4375 τὸ
2348 4320 2458 4383 ζῶν
2499 4323 2592 4375 καὶ
2627 4321 2859 4390 νεκρός,
2898 4322 2991 4374 ιιιαλ⁵
3020 4319 3158 4391 μετὰ
3186 4320 3248 4374 τὸ
3284 4318 3649 4388 νεκρός,ζῶκν
3681 4321 3771 4383 εἰς

2171 4415 2311 4482 τσὺς
2348 4415 2569 4482 αἰῶνας
2593 4415 2712 4470 τῶν
2736 4414 2985 4470 αἰώνων.
3041 4415 3193 4470 Ἐπεὶ
3217 4414 3325 4487 γὰρ
3351 4413 3450 4467 οὐκ
3476 4412 3771 4483 ὠφελήμε-

2171 4508 2239 4562 θα
2273 4507 2380 4563 ἀπὸ
2407 4509 2505 4579 τῆς
2537 4509 2955 4581 προηγουμένης
2992 4508 3138 4579 ζωῆς
3166 4506 3354 4574 αὐτοῦ,
3385 4506 3671 4578 γενόμενοι
3710 4508 3768 4559 ἐν

2171 4602 2438 4673 ἁμαρτίᾳ,
2464 4601 2669 4673 κατέϐη
2700 4603 2792 4654 ἐπὶ
2816 4600 2917 4673 τὴν
2952 4600 3252 4673 νεκρότητα
3277 4601 3459 4671 ἡμῶν,
3491 4602 3601 4661 ἵνα,
3631 4601 3771 4653 ἁπο-

2176 4693 2428 4759 θανόντος
2455 4695 2617 4748 αὑτοῦ
2644 4698 2710 4765 τῇ
2738 4693 3002 4766 ἁμαρτίᾳ,
3037 4693 3136 4765 τὴν
3158 4693 3423 4765 νέκρωσιν
3457 4691 3551 4745 τοῦ
3584 4692 3768 4764 Ἰησοῦ

2175 4766 2234 4851 ἐν
2264 4787 2342 4858 τῷ
2377 4787 2590 4858 σώματι
2621 4787 2730 4856 (56)
2764 4788 3174 4859 περιφέροντες,
3221 4784 3321 4857 τὴν
3350 4785 3486 4856 μετὰ
3531 4784 3634 4856 τὴν
3678 4802 3771 4838 νε-

2175 4879 2412 4950 κρὸτητα
2446 4878 2590 4950 ζωὴν
2615 4879 2777 4932 αὑτοῦ
2809 4882 2887 4943 εἰς
2911 4881 3036 4944 τοὺς
3063 4878 3264 4943 αἰῶνας
3293 4878 3401 4932 τῶν
3428 4875 3642 4930 αἰώνων
3672 4876 3775 4930 τά·

2173 4972 2255 5038 ξει
2299 4972 2545 5043 χωρῆσαι
2592 4971 2942 5042 δυνηθῶμεν·
2997 4973 3045 5025 oi
3079 4972 3188 5044 γάρ
3238 4971 3337 5042 τὴν
3367 4970 3637 5040 νέκρωσιν
3671 4969 3773 5022 τοῦ

2158 5042 2362 5134 ’Ἰησοῦ
2394 5066 2451 5117 ὲν
2496 5063 2577 5135 τῷ
2610 5064 2823 5135 σώματι
2861 5064 3093 5118 πάντοτε
3122 5063 3507 5136 περιφέροντες
3537 5065 3636 5116 καὶ
3668 5062 3776 5134 τὴν

485 5165 584 5219 per
623 5148 750 5204 Jesu
797 5151 1277 5207 mortiﬁcationem
1324 5154 1376 5207 in
1424 5168 1523 5207 suo
1561 5168 1791 5222 corpore
1822 5157 2062 5210 circnm-

2174 5153 2314 5226 ζωὴν
2335 5155 2429 5208 τοῦ
2477 5155 2651 5226 Ἰησοῦ
2687 5156 2898 5223 ἕξουσιν
2931 5159 2990 5210 ὲν
3017 5159 3129 5220 τοῖς
3172 5157 3417 5228 σώμασιν
3439 5157 3621 5210 αὐτῶν
3656 5175 3769 5226 qa-

484 5243 689 5306 ferunt,
738 5247 900 5299 etiam
961 5247 1132 5317 ipsam
1156 5246 1284 5301 Jesn
1317 5247 1483 5299 vitam
1529 5246 1764 5300 habituri
1804 5247 1911 5318 37
1942 5258 2069 5302 sunt

485 5337 536 5388 in
571 5334 889 5404 corporibus
918 5336 1155 5405 ipsorum
1186 5336 1333 5391 clare
1370 5348 1742 5406 apparentem.

553 5428 643 5481 δύ.
680 5427 744 5480 Et
766 5428 879 5481 haec
899 5427 1119 5495 quidem
1151 5428 1267 5498 ipse
1292 5428 1360 5483 dc
1402 5429 1580 5496 seipso
1610 5430 1662 5482 in
1687 5430 1838 5485 libris
1867 5432 2059 5486 Testa-

486 5520 658 5572 menti
688 5516 821 5573 Novi
856 5520 1181 5575 enuntiavit.
1223 5521 1379 5591 Apud
1415 5520 1611 5576 Isaiam
1640 5532 1823 5585 autem
1854 5524 1871 5554 ¹
1907 5539 2065 5577 suum

573 5663 622 5696 "
652 5662 809 5719 Prov.
843 5680 963 5728 vm,
989 5666 1077 5720 Ὦ.
1192 5666 1237 5697 9‘
1263 5666 1416 5722 Joan.
1448 5686 1496 5733 ι,
1527 5671 1579 5728 5.
1604 5672 1655 5725 4.

508 5735 595 5798 l7,
626 5734 709 5788 18.
787 5736 832 5766 θ’
861 5736 907 5792 li
929 5736 1052 5791 Cor.
1087 5754 1158 5803 tv,
1195 5739 1277 5791 l0.
1358 5740 1372 5769 ¹
1402 5754 1521 5809 cap.
1556 5757 1696 5803 xm,
1726 5734 1952 5801 versf2,
1986 5743 2037 5796 5.

1772 5669 1816 5701 ’⁵
1841 5670 2040 5738 Ephes.
2070 5686 2130 5733 ιι,
2156 5672 2244 5727 20.

2178 5266 2335 5320 νερου
2345 5250 2537 5321 μένην.

2248 5432 2337 5488 56.
2378 5433 2488 5486 Καὶ
2518 5433 2688 5487 ταῦτα
2722 5434 2819 5505 μὲν
2847 5434 2955 5488 ἀπὸ
2987 5433 3092 5487 τῶν
3119 5433 3218 5505 τῆς
3240 5434 3448 5505 Καινῆς
3483 5435 3771 5507 Διαθήκης

2177 5524 2394 5593 βιϐλίων
2440 5524 2658 5595 ἐλέγετο
2689 5527 2780 5579 ὑπ’
2818 5526 2981 5581 αὐτοῦ
3034 5526 3162 5597 περὶ
3212 5525 3438 5580 ἑαυτοῦ⁹
3474 5528 3532 5580 ἐν
3580 5526 3643 5581 δὲ
3692 5528 3774 5599 τῷ

2356 5672 2402 5703 ’⁸
2428 5671 2447 5724 1
2477 5671 2601 5726 Cor.
2635 5689 2721 5737 xv,
2752 5674 2842 5729 28.
2956 5673 2999 5704 "
3032 5672 3162 5728 ibid.
3219 5673 3307 5731 45.

3397 5674 3443 5707 ’⁸
3472 5670 3653 5745 Apoc.
3707 5684 3755 5742 ι.

580 5891 689 5955 (56)
723 5891 824 5947 Ἐν
851 5890 926 5958 τῷ
955 5891 1194 5962 σώματί.
1236 5894 1396 5951 Deest
1422 5894 1475 5949 in
1507 5897 1689 5953 codice
1716 5896 2026 5963 Bodleiano,
2062 5914 2066 5950 :

2174 5914 2237 5953 ue
2267 5900 2535 5956 redditum
2562 5910 2640 5957 est
2668 5900 2733 5953 ab
2760 5900 3053 5971 interprete
3087 5903 3126 5958 F
3130 5896 3351 5960 errario.
