3856 6528
116 384 176 439 85
1174 381 1533 439 COMMENT.
1572 380 1643 439 IN
1679 381 1877 443 JOAN.
1917 383 2153 443 TOMUS
2189 387 2232 441 l.
3277 394 3365 449 86»

122 503 299 575 Ἡσαΐᾳ
331 502 569 573 ἔφασκεν
594 503 701 559 ύπὺ
733 504 827 559 τοῦ
856 504 1071 577 Πατρὺς
1102 504 1378 560 τεθεῖσθαι
1410 506 1577 561 αὑτοῦ
1610 506 1657 561 τὶ

1772 503 1946 577 ipsius
1972 522 2034 562 os
2059 520 2091 561 a
2112 506 2275 562 Patre
2295 504 2529 576 positum
2556 519 2679 562 esse
2710 504 2882 572 dixit,
2907 504 3070 562 veluti
3105 504 3358 578 gladium

113 597 267 669 στόμα
293 597 368 661 ὡς
400 598 677 670 μάχαιραν
712 599 913 667 ὀξεῖαν,
949 599 1043 653 καὶ
1076 586 1381 673 κεκρύφθαι
1414 600 1520 654 ὑπὸ
1568 601 1657 673 τὴν

1775 607 2019 664 acutum,
2049 604 2104 652 et
2134 613 2193 653 se
2217 598 2598 655 absconditum
2628 596 2793 653 fuisse
2808 596 2908 654 sub
2932 597 3121 653 uunbra
3152 612 3347 653 manus

91 685 295 766 ίσκέπην
324 692 423 762 τῆς
448 693 631 765 χειρὸς
680 692 869 758 αὐτοῦ,
904 693 1048 764 βέλει
1090 692 1333 765 ἐκλεκτῷ
1372 693 1657 766 ὡμοιωμέ-

1776 690 1966 760 ipsius,
1997 691 2359 748 assimilatum
2390 691 2611 748 interim
2661 691 2873 763 sagittae
2913 690 3122 758 electae,
3182 699 3238 747 et
3288 690 3346 746 in

109 802 202 848 νος,
234 784 324 838 καὶ
366 786 425 838 ὲν
465 788 535 857 τῇ
570 785 822 859 φαρέτρα
857 785 953 841 τοῦ
999 786 1215 859 Πατρὸς
1265 787 1657 860 κεκρυμμένος,

1771 781 1952 840 Patris
1987 784 2244 854 pharetra
2266 785 2643 843 absconditum
2677 800 2933 859 :servum
2982 782 3075 840 Dei
3119 784 3345 840 univer-

107 874 266 941 δοῦλος
288 875 383 931 τοῦ
424 876 562 931 Θεοῦ
611 878 725 932 τῶν
768 878 906 934 ὅλων
945 878 1037 932 ὑπ’
1073 878 1239 933 αὐτοῦ
1298 878 1657 950 καλούμενος,

1771 888 1954 929 surum
1986 875 2054 930 ab
2085 876 2200 947 ipso
2227 884 2501 946 vocatum,
2537 885 2593 934 et
2619 877 2895 942 lsraelem,
2924 886 2980 933 et
3003 878 3182 932 lucem
3213 889 3346 946 gen-

107 967 187 1019 καὶ
236 968 476 1040 Ἰσραὴλ,
528 969 626 1023 καὶ
679 969 799 1040 φῶς
854 969 1045 1025 ἐθνῶν.
1098 969 1359 1043 Μάχαιρα
1420 972 1519 1043 μὲν
1570 966 1657 1026 οὖν

1772 966 1928 1025 tium.
1959 967 2184 1024 Gladius
2214 968 2396 1040 itaque
2425 981 2619 1026 acutus
2642 979 2727 1027 est
2771 986 2834 1027 os
2882 970 3002 1026 Filii
3051 971 3164 1037 Dei,
3206 984 3344 1041 quo-

106 1056 233 1123 ὀξείά
259 1057 374 1113 ἐστι
422 1061 486 1114 τὸ
527 1061 704 1134 στόμα
734 1059 829 1115 τοῦ
870 1060 1002 1116 Υἱοῦ
1040 1060 1135 1115 τοῦ
1172 1060 1331 1128 Θεοῦ,
1376 1064 1498 1117 ἐπεὶ
1533 1062 1663 1118 Ζῶν

104 1150 355 1221 τυγχάνει
396 1156 431 1207 ὁ
465 1154 648 1223 λόγος
695 1152 803 1208 τοῦ
852 1155 1038 1220 Θεοῦ,
1088 1154 1185 1209 καὶ
1233 1154 1517 1226 ἐνεργὴς,
1560 1157 1662 1210 καὶ

106 1241 400 1312 τομώτερος
433 1242 587 1312 ὑπὲρ
624 1242 835 1301 πᾶσαν
857 1245 1159 1318 μάχαιραν
1207 1247 1515 1318 δίστομον,
1557 1250 1657 1303 καὶ

107 1333 490 1405 διικνούμενος
520 1336 661 1408 ἄχρι
686 1339 983 1411 μερισμοῦ
1019 1339 1229 1411 ψυχῆς
1267 1341 1365 1396 καὶ
1396 1342 1658 1411 πνεύμω-

106 1440 218 1493 τος,
254 1428 455 1497 ἁρμῶν
501 1446 566 1484 τε
604 1430 704 1485 καὶ
745 1430 1010 1501 μυελῶν,
1052 1430 1153 1487 καὶ
1193 1432 1450 1502 κριτικὸς
1484 1434 1654 1489 ἐνθύ-

1766 1153 1948 1221 quovis
1970 1151 2147 1224 gladio
2179 1155 2423 1225 utrinque
2456 1155 2739 1220 incidente,
2764 1165 2813 1210 et
2835 1155 3136 1225 pertingens
3172 1169 3337 1223 usque

1766 1246 1833 1297 ad
1857 1244 2168 1298 divisionem
2199 1246 2394 1301 animo:
2423 1247 2584 1301 simul
2626 1264 2690 1301 ac
2715 1248 2953 1316 spiritus.
2994 1261 3329 1317 compagum-

1763 1350 1862 1404 que
1885 1344 1934 1389 et
1967 1334 2342 1402 medullarum,
2368 1345 2416 1391 et
2446 1337 2707 1392 discretor
2734 1338 3135 1408 cogitationum,
3164 1345 3211 1391 et
3237 1352 3333 1390 no-

1764 1426 1968 1480 tionum
2015 1427 2188 1483 cordis
2220 1430 2262 1495 ²;
2310 1429 2613 1500 praesertim
2677 1444 2799 1485 eum
2855 1430 3083 1493 venerit,
3119 1444 3226 1485 nou
3279 1437 3338 1483 ut

1771 1058 1915 1113 uiam
1945 1061 2089 1115 vivus
2119 1072 2191 1116 est
2227 1079 2396 1117 sermo
2433 1062 2549 1129 Dei,
2595 1074 2644 1117 et
2674 1065 2877 1134 elicita,
2909 1072 2956 1118 et
2985 1063 3345 1133 penetrantior
3456 1078 3460 1082 ‘

102 1517 313 1586 μήσεων
346 1519 446 1574 καὶ
475 1519 729 1576 ἐννοιῶν
755 1523 1035 1593 καρδίας·
1070 1523 1246 1589 άλλως
1272 1541 1332 1578 τε
1365 1524 1457 1579 καὶ
1486 1525 1655 1580 ἐλθὼν

106 1609 185 1662 οὐκ
211 1611 421 1683 εἰρήνην
468 1613 564 1666 ἐπὶ
593 1615 694 1687 τὴν
736 1615 862 1687 γῆν,
906 1617 1182 1670 τουτέστιν
1228 1616 1320 1671 ἐπὶ
1352 1617 1418 1672 τά
1468 1635 1655 1689 σωμα-

103 1700 205 1754 τικὰ
242 1703 330 1756 καὶ
357 1702 599 1776 αἰσθητὰ
646 1705 849 1777 βαλεῖν,
888 1705 1026 1763 ἀλλὰ
1074 1707 1367 1782 μάχαιραν,
1401 1710 1495 1764 καὶ
1534 1711 1652 1764 δια-

1763 1520 1939 1574 mittat
1966 1534 2153 1590 pacem
2187 1537 2352 1594 super
2380 1532 2583 1578 terram
2607 1524 2651 1588 ³,
2680 1523 2781 1578 hoc
2811 1531 2895 1577 est
2936 1522 2989 1576 in
3030 1536 3118 1577 res
3146 1535 3335 1590 corpo-

1761 1626 1883 1667 reas
1922 1621 1979 1666 et
2025 1613 2351 1681 sensibiles,
2403 1614 2499 1671 sed
2533 1614 2796 1686 gladium,
2845 1622 2901 1668 et
2939 1622 3001 1669 ut
3057 1612 3333 1669 discindat

1758 1708 2144 1778 perniciosam,
2210 1720 2271 1766 ut
2318 1713 2392 1768 ita
2421 1711 2632 1783 loquar,
2668 1712 2912 1782 corporis
2951 1711 3247 1767 amicitiam
3279 1718 3329 1765 et

104 1789 286 1847 κόπτων
311 1793 431 1866 τὴν,
468 1796 540 1849 ἵν’
564 1797 737 1862 οὕτως
770 1801 929 1866 εἴπω,
961 1799 1229 1872 ὲπιὸλαόῆ
1259 1802 1439 1872 φιλίαν
1473 1802 1651 1874 ψυχῆς

1763 1801 1974 1867 animm,
2002 1817 2112 1875 quo
2141 1805 2321 1860 anima
2350 1805 2678 1876 permittens
2702 1805 2941 1876 seipsam
2967 1802 3206 1876 spiritui,
3234 1802 3331 1874 qui

105 1883 180 1936 καὶ
228 1882 501 1956 σώματος,
559 1887 625 1942 ἶν’
670 1890 703 1959 ἠ
754 1887 921 1961 ψυχὴ,
983 1888 1295 1945 ὲπιδιδοῦσα
1353 1892 1523 1963 αὐτὴν
1575 1892 1653 1964 τῷ

1763 1895 1955 1951 militat
1975 1896 2236 1952 adversus
2263 1911 2512 1975 carnem,
2538 1896 2840 1953 amicitiam
2866 1911 2990 1951 cum
3020 1894 3130 1951 Deo
3160 1893 3347 1961 ineat;

104 1977 482 2050 στρατευομένῳ
528 1980 672 2034 κατὰ
718 1981 816 2054 τῆς
850 1983 1052 2056 σαρκὸς
1084 1984 1374 2056 πνεύματι,
1419 1986 1651 2059 φιλιωθῇ

1763 1987 2011 2059 gladium,
2042 1988 2125 2044 vel
2164 1997 2420 2060 tanquam
2475 1990 2714 2060 gladium
2763 2000 2981 2045 acutum
3028 1987 3219 2044 habuit
3264 2002 3332 2044 os

102 2066 162 2137 τῷ
184 2068 315 2137 Θεῷ·
353 2069 659 2145 μάχαιραν,
692 2072 725 2144 ἢ
757 2074 834 2138 ὡς
860 2074 1137 2147 μάχαιραν
1173 2075 1350 2142 ὀξεῖαν
1383 2077 1525 2132 κατὰ
1562 2079 1652 2133 τὸν

1763 2080 1899 2142 iuxta
1925 2080 2305 2150 propheticum
2321 2094 2654 2137 sermonem.
2680 2080 2821 2149 Quin
2844 2081 3007 2137 etiam
3031 2080 3330 2152 inspiciens

102 2161 392 2232 προφητικὸν
425 2164 588 2234 λόγον
629 2164 755 2237 ἔσχε
792 2165 852 2219 τὸ
885 2166 1076 2238 στόμα.
1120 2168 1280 2222 Ἀλλά
1312 2170 1406 2223 καὶ
1437 2169 1651 2241 βλέπων

1763 2173 1948 2243 rliquis
1983 2182 2063 2230 tot
2096 2173 2282 2229 divino
2306 2188 2496 2231 amore
2525 2175 2820 2239 sauciatos,
2857 2189 2961 2229 non
2986 2188 3147 2230 secus
3166 2181 3343 2243 atque.

99 2251 344 2318 τοσούτους
390 2254 773 2328 τετρωμένους
802 2259 867 2328 τῇ
924 2257 1045 2330 θείᾳ
1095 2260 1306 2332 ἀγάπῃ,
1335 2260 1536 2332 ὁμοίως
1579 2265 1646 2334 τῇ

1763 2273 1869 2320 erat
1891 2264 2003 2331 illa,
2031 2280 2150 2335 qua:
2181 2266 2233 2321 in
2266 2265 2493 2323 Cantico
2519 2265 2858 2323 canticorum
2883 2279 2940 2322 se
2968 2266 3075 2322 hoc
3108 2276 3347 2334 passam.

98 2341 391 2416 ὁμολογούσῃ
439 2340 603 2398 τοῦτο
654 2344 980 2401 πεπονθέναι
1024 2348 1082 2399 ὲν
1138 2347 1217 2417 τῷ
1252 2346 1490 2417 ’ᾼσματι
1537 2348 1646 2402 τῶν

1763 2351 2037 2420 'atcbatur,
2066 2354 2360 2425 inquiens:
2392 2356 2585 2410 Amore
2608 2354 2888 2412 vulnerata
2927 2371 3020 2427 ego
3051 2372 3167 2410 sum
3189 2353 3245 2421 l’;
3280 2353 3329 2409 is

98 2432 318 2502 ᾀσμάτων
342 2433 432 2488 διὰ
482 2432 661 2500 τοῦτο,
700 2436 812 2500 ὅτι,
870 2436 1200 2506 τετρωμένη
1250 2437 1487 2508 ἀγάπης
1535 2440 1644 2507 (37)

1763 2442 2120 2499 irotectouon
2159 2444 2323 2499 aliam
2376 2445 2699 2502 inventurus
2756 2455 2844 2502 est
2895 2447 3155 2518 sagittam
3214 2454 3322 2502 tam

98 2522 206 2591 ἐγὼ,
231 2524 286 2578 τὸ
313 2525 536 2596 τρῶσαν
570 2525 722 2596 βέλος
751 2526 849 2591 τὰς
882 2528 989 2581 τῶν
1016 2526 1284 2582 τοσούτων
1314 2531 1394 2593 είς
1425 2529 1644 2603 ἀγάπην

1763 2532 2037 2590 nullorum
2086 2525 2298 2591 animas
2335 2551 2521 2592 amore
2573 2536 2668 2592 Dei
2722 2537 3123 2605 vulnerantem,
3157 2552 3339 2609 quam,

97 2614 207 2667 θεοῦ
246 2615 415 2688 ﬁnxit;
463 2617 572 2671 οὐκ
619 2618 746 2672 άλλο
793 2635 845 2672 τι
892 2620 1114 2692 εὑρήσει
1165 2620 1198 2691 ἢ
1236 2620 1327 2676 τὸν
1383 2621 1641 2677 είπόντα’

1763 2644 1865 2684 ιοιη
1902 2629 1997 2700 qui
2021 2629 2155 2686 dicit
2191 2631 2213 2663 ⁸
2243 2648 2256 2683 :
2301 2628 2491 2686 Posuit
2520 2648 2599 2687 me
2630 2632 2764 2687 sicut
2791 2635 3039 2705 sagittam
3081 2633 3321 2689 electam.

101 2706 280 2774 Ἔθηκέ
298 2726 373 2777 με
404 2710 490 2785 ᾡς
513 2708 709 2776 ,ϐέλος
734 2710 1039 2767 ἐθαιεκτόν.

150 2794 222 2850 37.
263 2797 377 2850 Ἔτι
410 2797 469 2852 δὲ
502 2800 613 2862 πᾶς
653 2800 682 2852 6
716 2800 917 2865 συνιεὶς
966 2799 1084 2865 πῶς
1126 2803 1239 2867 τοῖς
1270 2803 1644 2877 μαθητευομέ-

1811 2809 1901 2865 57.
1966 2810 2047 2867 Ad
2083 2810 2201 2867 hate
2233 2812 2485 2882 quisquis
2518 2811 2847 2869 intellexerit
2888 2827 3122 2883 quonam
3163 2820 3322 2883 pacto

100 2901 183 2975 νοις
202 2889 227 2940 6
269 2888 472 2961 Ἰησοῦς
500 2892 799 2964 γεγένηται
826 2894 924 2965 οὐχ
950 2894 1025 2959 ὼς
1058 2897 1087 2949 6
1116 2898 1305 2951 ἁνακεί
1312 2916 1492 2969 μενος,
1525 2899 1639 2953 ἀλλ’

1763 2902 1898 2960 [esus
1929 2903 2105 2960 factus
2131 2904 2201 2959 sit
2228 2905 2510 2973 discipulis
2553 2919 2660 2960 non
2690 2914 2947 2975 tanquam
2974 2906 3321 2967 recumbens,

99 2972 158 3038 ὡς
185 2976 498 3046 ὀδιακονῶν,
532 2984 749 3056 μορφὴν
783 2984 968 3039 δούλου
993 2987 1021 3039 ὁ
1045 2986 1173 3051 Υἱὸς
1206 2988 1299 3042 τοῦ
1332 2989 1466 3044 Θεοῦ
1501 2991 1640 3063 ὑπὲρ

1763 2996 1837 3050 sed
1902 3004 2162 3065 tanquam
2200 2972 2543 3059 ministrans,
2598 2972 2819 3066 quippe
2847 2997 2938 3065 qui
2972 3011 3095 3050 cum
3149 2993 3320 3049 Filius

100 3065 367 3143 ἐλευθερίας
422 3075 536 3127 τῶν
586 3076 988 3133 δουλευσάντων
1038 3082 1104 3151 τῇ
1148 3082 1392 3155 ἁμαρτίᾳ
1435 3084 1636 3150 λαϐὼν,

1763 3089 1836 3143 )ei
1866 3097 2034 3154 esset,
2071 3103 2170 3158 pro
2200 3087 2499 3144 liherandis
2533 3088 2600 3143 iis
2618 3065 2711 3158 qui
2734 3065 2958 3159 peccato
2981 3086 3315 3146 serviebant.

95 3160 174 3215 οὐκ
198 3164 437 3237 ἀγνοήσει
477 3169 604 3223 τίνα
634 3169 834 3241 τρόπον
860 3172 889 3223 6
914 3172 1107 3245 Πατήρ
1138 3192 1271 3244 φησι
1310 3177 1444 3248 πρὸς
1475 3178 1637 3233 αὐτὸν

1763 3180 1971 3232 'ormnm
2025 3177 2169 3233 servi
2213 3177 2541 3247 sumpserit,
2588 3192 2694 3232 non
2737 3177 3010 3249 ignorabit
3048 3174 3332 3247 quomodo

95 3255 163 3308 τόο
198 3259 404 3328 Δοῦλος
428 3280 556 3332 μου
598 3260 658 3318 εἷ
688 3264 802 3319 σύο
838 3265 932 3320 καὶ
966 3268 1083 3338 μετ’
1111 3266 1297 3337 ὀλίγα·
1333 3269 1498 3340 Μέγα
1535 3273 1636 3325 σοί

1763 3269 1808 3323 nd
1859 3267 2034 3337 ipsum
2086 3268 2249 3325 Pater
2300 3270 2495 3325 dicat:
2531 3268 2724 3325 Servus
2769 3285 2915 3324 meus
2965 3285 3019 3322 es
3073 3279 3129 3322 tu
3167 3266 3210 3332 ‘,
3251 3280 3318 3320 ac

94 3347 196 3403 ἐστι
246 3352 411 3408 τοῦτο
459 3355 767 3425 κληθῆναί
799 3372 872 3412 σε
913 3358 1097 3413 παῖδά
1139 3379 1279 3430 μου.
1325 3361 1636 3435 Τολμητέον

1763 3375 1864 3416 uox
1901 3379 1914 3415 :
1945 3359 2197 3432 Magnum
2240 3361 2335 3414 tibi
2364 3368 2466 3422 est,
2517 3371 2572 3414 ut
2628 3360 2822 3417 voceris
2876 3376 3052 3415 servus
3094 3375 3239 3413 meus
3271 3358 3311 3411 '.

96 3440 177 3511 γὰρ
211 3444 368 3499 εἰπῖν
402 3446 650 3513 πλείονα,
681 3449 774 3502 καὶ
805 3448 1104 3522 θειοτέραν,
1134 3452 1234 3507 καὶ
1264 3452 1480 3525 άληθῶς
1514 3456 1637 3508 κατ’

1763 3451 1881 3505 ηοω
1920 3452 2077 3506 nobis
2107 3452 2410 3508 audendum
2442 3464 2527 3508 est
2560 3452 2768 3520 dicere,
2795 3452 3054 3522 majorem
3081 3449 3315 3507 divinio-

95 3534 238 3590 εἰκόνα
278 3537 368 3593 τοῦ
414 3540 634 3614 Πατρὺς
684 3541 785 3614 τὴν
838 3543 1153 3616 ἁγαθότητα
1200 3546 1486 3617 φαίνεσθαι
1538 3548 1632 3603 τοῦ

1764 3558 1992 3612 emque,
2044 3551 2205 3613 atque
2261 3556 2389 3597 vere
2423 3542 2721 3598 secundum
2771 3539 3062 3612 imaginem
3110 3537 3313 3603 Patris,

95 3625 284 3695 Χριστοῦ
301 3671 316 3694 ,
366 3632 455 3685 ὅτε
531 3633 783 3688 Ἑαυτὸν
846 3635 1216 3693 ἐταπείνωσε
1236 3678 1251 3703 ,
1314 3641 1633 3711 γενόμενος

1763 3633 1936 3689 Ihristi
1969 3633 2269 3690 bonitatem
2307 3649 2580 3705 apparere
2604 3673 2620 3700 ,
2648 3633 2867 3704 quando
2887 3632 3135 3688 humilem
3176 3648 3315 3702 prte-

92 3714 313 3786 ῠπήκοος
330 3721 511 3793 μέχρι
544 3723 829 3790 θανάτου,
870 3726 1128 3782 θανάτου
1163 3727 1232 3782 δὲ
1267 3731 1553 3799 σταυροῦ,
1596 3732 1631 3805 ἢ

1771 3726 1846 3780 uit
1879 3728 2233 3796 semetipsum,
2274 3726 2447 3795 factus
2487 3725 2730 3780 obediens
2771 3741 2933 3795 usque
2968 3723 3037 3777 ad
3066 3733 3329 3789 mortem,

92 3808 128 3857 εἰ
156 3809 419 3884 ἁρπαγμὸν
450 3817 701 3889 ἡγήσατο
726 3817 787 3871 τὸ
821 3814 960 3873 εἶναι
990 3820 1081 3874 ῐσα
1116 3821 1254 3893 Θεῷ,
1282 3822 1376 3876 καὶ
1405 3823 1479 3895 μὴ
1511 3823 1634 3894 βου-

1763 3828 1949 3873 wrtem
1972 3828 2147 3872 autem
2179 3819 2351 3871 crucis
2381 3817 2423 3881 ⁸,
2450 3832 2637 3886 quam,
2664 3813 2721 3872 si'
2740 3816 2983 3887 rapinam
3011 3815 3310 3870 arbitratus

91 3897 238 3971 irﬁs‘t;
270 3905 357 3959 ἐπὶ
380 3910 446 3980 τῇ
478 3907 579 3961 τοῦ
611 3909 819 3980 κόσμου
856 3911 1100 3984 σωτηρίᾳ
1133 3912 1385 3981 γενέσθαι
1421 3913 1627 3981 δοῦλος.

1764 3927 1851 3966 sse
1880 3924 1939 3965 se
1967 3910 2230 3978 aequalem
2267 3910 2376 3966 Deo
2408 3911 2449 3975 ’,
2488 3910 2750 3965 noluisset
2787 3924 2882 3978 pro
2915 3908 3099 3963 mundi
3136 3906 3325 3963 salute.

93 3994 168 4047 Διὶ
204 3996 364 4061 τοῦτο,
405 4000 624 4066 διδάξαι
678 4004 825 4074 ἡμᾶς
892 4003 1211 4076 βουλόμενος
1259 4006 1401 4077 μέγα
1456 4007 1630 4079 δῶρον

1763 4003 1848 4059 eri
1898 4016 2107 4058 servus.
2162 4000 2245 4057 0b
2291 4015 2411 4058 eam
2451 4015 2690 4063 causam
2726 3999 2915 4055 volens
2960 4012 3061 4053 nos
3110 3998 3311 4053 docere

94 4088 329 4161 εἰληφέναι
358 4095 468 4150 ἀπὸ
500 4095 600 4150 τοῦ
632 4097 844 4169 Πατρὸς
884 4096 962 4168 τῷ
1005 4096 1177 4164 οὕτως
1198 4092 1319 4171 ’(58)
1352 4100 1629 4155 δεδουλευ-

1763 4109 1983 4166 magnum
2038 4094 2238 4149 donum
2286 4107 2345 4149 se
2395 4091 2617 4148 aPatre
2673 4091 2976 4162 accepisse,
3026 4089 3172 4160 quod
3225 4087 3307 4144 sic

92 4180 236 4245 κέναι,
268 4186 423 4257 φησί·
474 4188 594 4242 Kal
634 4190 668 4242 ὁ
710 4189 855 4255 Θεός
894 4206 1015 4259 μου
1060 4189 1232 4244 ἔσται
1271 4209 1374 4261 μοι
1407 4193 1623 4261 ἰσχύς’

1763 4187 2000 4250 crvierit,
2049 4184 2292 4254 inquit‘o
2328 4201 2342 4239 :
2384 4182 2451 4265 Et
2502 4182 2643 4238 Deus
2683 4198 2829 4237 meus
2883 4181 2996 4254 38
3044 4180 3143 4235 erit
3178 4179 3314 4234 mihi

92 4274 163 4325 ml
193 4270 307 4331 εἷ.τέ
329 4297 429 4348 μοι
449 4296 466 4310 ο
506 4281 680 4350 Μέγα
712 4280 814 4334 σοί
843 4280 975 4335 ἐστι
1005 4280 1181 4336 τοῦτο
1214 4284 1518 4353 κληθῆναί
1551 4299 1626 4340 σε

1763 4280 1984 4335 οτιὶιιιάο
2010 4295 2126 4333 mea
2151 4294 2169 4332 :
2192 4276 2265 4332 Et
2307 4278 2441 4334 dixit
2476 4278 2604 4331 mihi
2630 4274 2925 4346 :M‘aguum
2958 4274 3052 4328 tibi
3085 4283 3203 4339 est,
3247 4282 3307 4326 ut

90 4364 234 4419 παῖδά
281 4387 416 4438 μου.
468 4370 570 4443 Μὴ
629 4371 920 4442 γενόμενος
967 4370 1079 4443 γὰρ
1130 4371 1348 4437 δοῦλος,
1407 4375 1507 4429 οὐκ
1558 4376 1626 4431 ἂν

1763 4373 1920 4425 oreris
1963 4387 2144 4426 servus
2174 4386 2356 4426 meus:
2381 4386 2505 4424 nam
2543 4382 2733 4425 servus
2787 4382 2892 4422 non
2943 4366 3123 4422 lactus
3146 4406 3162 4431 ,
3196 4379 3305 4420 nou

89 4453 242 4526 ἔστησε
266 4460 359 4525 τὰς
390 4462 572 4531 φυλὰς
602 4461 698 4516 τοῦ
739 4461 931 4516 Ἰακὼὸ
964 4461 1096 4534 ('59),
1126 4463 1247 4517 οὐδὲ
1276 4462 1373 4536 τὴν
1403 4466 1625 4522 διασποο

1763 4464 2021 4519 xcitassct
2051 4462 2241 4528 Jacob,
2271 4478 2448 4533 neque
2471 4461 2869 4533 dispersiouem
2892 4459 3061 4515 lsrael
3083 4471 3308 4514 conver-

92 4550 165 4644 μὲν
195 4553 274 4606 τοῦ
308 4555 524 4628 Ἰσραὴλ
577 4555 933 4627 ἐπέστρεψεν,
972 4555 1085 4609 ἀλλ’
1115 4555 1235 4610 οὐδὲ
1271 4558 1514 4627 ἐγεγόνει
1556 4561 1621 4617 ἂν
1654 4588 1657 4643 j

1771 4569 1885 4615 sset
1917 4576 1930 4614 :
1967 4559 2061 4614 sed
2098 4571 2276 4629 neque
2306 4556 2518 4612 futurus
2546 4563 2663 4611 erat
2712 4554 2764 4609 in
2818 4554 2994 4608 lucem
3039 4552 3301 4623 gentium.

88 4642 147 4705 εἰς
177 4646 274 4713 φῶς
308 4647 477 4702 ἐθνῶν
506 4648 609 4702 τοῦ
636 4644 773 4702 εἶναι
802 4649 883 4712 εἰς
927 4649 1204 4721 σωτηρίαν
1245 4649 1349 4713 ἓως
1388 4653 1616 4724 ἐσχάτου

1768 4662 1784 4707 t
1834 4666 2008 4721 usque
2058 4651 2124 4704 ad
2174 4658 2480 4704 extremum
2521 4657 2680 4702 terra:
2709 4643 2857 4701 salus
2888 4653 3054 4700 esset.
3115 4642 3182 4697 Et
3217 4657 3307 4696 res

88 4733 160 4803 τῆς
173 4735 276 4806 γῆς.
308 4740 412 4793 Καὶ
438 4739 666 4813 μέτριόν
688 4757 751 4809 γε
783 4740 845 4794 τὸ
872 4741 1055 4797 δοῦλον
1083 4742 1244 4798 αὐτὸν
1266 4745 1538 4813 γενέσθαι,
1570 4748 1619 4801 εἰ

1766 4744 1945 4798 uidem
1992 4758 2101 4798 non
2135 4757 2307 4812 usque
2346 4740 2481 4794 adeo
2525 4753 2715 4807 magna
2765 4745 2866 4804 est,
2922 4736 3065 4808 quod
3110 4748 3311 4789 servus

90 4825 157 4876 καὶ
177 4829 301 4897 μέγα
328 4830 430 4883 ὑπὸ
464 4830 563 4884 τοῦ
596 4829 811 4907 Πατρδς
853 4827 990 4888 εἶναι
1021 4832 1180 4886 τοῦτο
1207 4832 1447 4903 λέγεται,
1490 4852 1619 4906 συγ-

1763 4848 1842 4886 ιεθ
1872 4833 2031 4887 fuerit
2052 4832 2513 4900 tactus,quamvis
2536 4846 2564 4883 a
2595 4829 2756 4884 Patre
2783 4829 2885 4883 hoc
2908 4839 3159 4896 magnum
3179 4836 3317 4879 esse

88 4916 224 4985 κρίσει
261 4921 441 4994 ἀρνίου
491 4921 706 4975 ἀκάκου
752 4922 846 4976 ναὶ
893 4921 1099 4993 ἀμνοῦ·
1151 4923 1226 4987 ὡς
1270 4922 1379 4996 γὰρ
1431 4926 1617 4997 ἀρνίον

1765 4928 1960 4990 icatur,
1993 4925 2036 4979 si
2082 4924 2402 4980 conferatur
2440 4938 2565 4978 cum
2600 4919 2835 4992 agnello,
2879 4926 2935 4972 et
2966 4930 3108 4986 agno
3136 4915 3298 4970 inno-

88 5006 244 5064 ἄκακον
286 5013 582 5085 γεγένηται
629 5012 897 5084 ἀγόμενον
933 5013 1030 5068 τοῦ
1082 5013 1305 5069 θύεσθαι
1344 5019 1374 5070 6
1422 5018 1653 5093 Ἀμνὺς,

1763 5029 1884 5075 ante
1913 5036 1928 5074 :
1961 5028 2022 5073 ut
2046 5019 2190 5074 enim
2221 5015 2466 5087 agnellus
2514 5014 2814 5078 innocens,
2854 5008 2947 5080 qui
2983 5007 3201 5068 ducitur
3242 5016 3302 5061 ut

60 5098 154 5151 ’τοῦ
188 5101 328 5168 Θεοῦ,
376 5105 468 5159 ἵνα
520 5105 631 5176 άρῃ
681 5104 779 5176 τὴν
838 5105 1113 5177 ἁμαρτίαν
1160 5106 1256 5161 τοῦ
1307 5109 1537 5181 κόσμου,
1582 5113 1611 5164 6

1763 5114 2066 5169 acrilicetur
2092 5113 2161 5178 ιι,
2184 5110 2363 5168 factus
2384 5118 2469 5166 est
2498 5109 2588 5163 ille
2612 5106 2799 5177 Agnus
2838 5103 2953 5169 Dei,
2996 5113 3052 5159 ut
3086 5099 3305 5157 auferat

89 5191 186 5243 πᾶσι
220 5195 303 5249 τοῦ
349 5196 515 5266 λόγου
558 5196 811 5269 χορηγὸς,
839 5196 1144 5269 ὡμοιωθεὶς
1176 5198 1334 5271 ἀμνῷ
1381 5198 1610 5257 ἐνώπιον

1763 5212 2005 5263 eccatum
2046 5204 2257 5270 mundi,
2289 5212 2343 5260 et
2369 5203 2458 5273 qui
2482 5199 2738 5256 omnibus
2762 5211 3070 5253 sermonem
3100 5208 3299 5264 suppe-

87 5281 153 5333 τοῦ
172 5285 420 5358 κείροντος
447 5287 678 5359 ἀφώνῳ,
703 5288 853 5353 ὅπως
890 5288 970 5360 τῷ
1004 5290 1219 5363 θανάτῳ
1244 5292 1410 5347 αὐτοῦ
1450 5296 1612 5367 ἡμεῖς

1763 5301 1877 5365 itat,
1896 5300 2061 5356 etiam
2092 5296 2430 5354 assimilatus
2460 5303 2545 5347 est
2575 5290 2785 5362 agnello
2809 5291 2927 5345 sine
2954 5303 3083 5344 voce
3111 5301 3293 5342 coram

90 5374 236 5440 τάντες
255 5380 640 5453 καθαρθῶμεν,
676 5379 1043 5455 ἀναδιδομένῳ
1074 5384 1275 5455 τρόπον
1314 5389 1606 5462 φαρμάκου

1763 5392 2005 5458 mdente,
2038 5398 2097 5445 ut
2132 5398 2309 5445 morte
2356 5385 2530 5457 ipsius
2562 5398 2754 5439 omnes
2788 5398 2887 5438 nos
2919 5378 3303 5451 puriﬂcemur,

134 5516 318 5589 fillebr.
357 5535 430 5578 iv,
463 5518 566 5573 12.
632 5517 653 5550 ⁸
683 5516 876 5572 Matth.
906 5534 963 5582 ι,
986 5518 1074 5573 54.
1150 5519 1171 5550 ⁵
1192 5518 1345 5574 Cant.
1369 5536 1431 5585 ll,
1454 5521 1507 5576 5.
1576 5526 1596 5556 ⁸
1619 5523 1657 5580 Ιε

1763 5539 1893 5589 tux,
1916 5524 1970 5583 2.
2049 5522 2194 5577 ‘lsa.
2224 5534 2372 5586 ms,
2401 5519 2456 5573 5.
2530 5517 2550 5547 ⁷
2584 5516 2715 5571 ibid.
2750 5515 2803 5571 6.
2882 5516 2902 5545 ⁸
2928 5514 3127 5584 Philip.
3154 5514 3299 5579 11,8.

89 5582 216 5642 ‘ibid.
237 5588 286 5644 6.
361 5590 405 5622 ¹⁶
435 5593 547 5644 lsa.
583 5602 729 5652 χιιι,
770 5588 826 5656 5,
866 5590 918 5643 6.
999 5591 1039 5620 ¹¹
1067 5591 1170 5644 lsa.
1202 5606 1321 5655 LIII,
1348 5582 1425 5645 7..

140 5699 526 5782 (57)"AJ-dznq.
555 5701 652 5761 Sic
676 5704 846 5762 codex
871 5705 1233 5779 Bodleianus;
1277 5708 1507 5765 lluetius
1543 5708 1596 5762 in
1713 5707 1915 5782 lluetji,
1938 5708 2001 5782 fr}:
2021 5706 2213 5782 ούτῳς.
2347 5773 2360 5782 _
2420 5775 2433 5782 _
2620 5774 2631 5782 .
2750 5774 2780 5782 _
2842 5772 2874 5782 __
2914 5770 2927 5782 ,

30 5762 33 5845 ί
96 5762 494 5848 "uestina-7
657 5844 675 5848 _
870 5847 914 5848 η
960 5762 967 5763 ί
1022 5762 1051 5763 ”
1176 5762 1233 5779 Ἴ

1783 5762 2701 5848 ('59),‘lmecbo:rec_te_habet_t-mlcx
2749 5770 3103 5836 Bodleianus;
3148 5766 3307 5826 mala-

144 5832 593 5915 (53)'Ttb‘oi5twc.
656 5844 732 5901 lla
783 5847 939 5905 codd.
995 5863 1152 5914 mss.‘,
1208 5849 1373 5905 editio
1422 5860 1600 5904 autem

1764 5832 1894 5902 t‘teiu'
1924 5847 2087 5903 editio
2116 5845 2293 5901 Huetii
2336 5844 2573 5914 Ἰσραήλ.
