3856 6520
82 383 147 436 b9
1160 394 1516 454 COMMENT.
1560 396 1627 456 IN
1658 397 1851 459 JOAN.
1893 400 2134 460 TOMUS
2175 402 2218 458 1.
3256 416 3324 475 90

81 499 169 554 καὶ
194 498 257 554 τὸ
290 498 633 576 ἱλαστήριονθ
666 506 696 560 ὁ
745 509 846 580 μὲν
879 511 1231 587 παράκλητος
1277 516 1336 570 ὲν
1373 520 1440 591 τῇ
1479 518 1640 574 Ἰωάν-

1758 529 1863 586 tus,
1920 531 1976 577 et
2012 522 2349 595 propitiatio,
2400 535 2456 582 et
2511 527 2962 600 propitiatorzet
3007 535 3323 592 advocatum
3408 556 3411 561 ·

81 608 165 646 νου
193 591 482 664 λεγόμενος
514 596 822 673 Ἐπιστολῇ*
857 604 993 660 Ἐὰν
1012 603 1124 674 γάρ
1155 622 1246 673 τις
1272 606 1505 679 ἁμάρτῃ
1538 626 1649 666 πα-

71 683 361 754 ράκλητον
395 684 616 757 ἔχομεν
642 688 795 758 πρὸς
836 690 943 745 τὸν
969 696 1205 765 Πατέρα
1248 700 1484 768 Ἰησοῦν
1514 704 1649 771 Χρι-

77 777 221 831 στὸν
250 777 505 833 δίκαιον.
539 780 650 836 Καὶ
687 777 867 850 οὗτος
904 787 1162 858 ἱλασμός
1184 790 1315 845 ἐστι
1355 795 1486 863 περὶ
1528 793 1648 848 τῶν

76 867 362 938 ἁμαρτιῶν
622 874 734 928 Καὶ
773 876 803 929 ὁ
837 876 1067 951 ίλασμὺς
1115 881 1175 935 ὲν
1221 885 1288 955 τῇ
1334 883 1471 959 αὐτῇ
1499 887 1645 941 Ἐπιι-

78 959 222 1032 στολῇ
262 960 553 1034 λεγόμενος
584 964 810 1038 ίλασμὸς
854 965 994 1025 εἶναι
1042 974 1171 1045 περὶ
1200 974 1310 1030 τῶν
1356 976 1644 1049 ἁμαρτιῶν

74 1049 236 1121 ἡμῶν.
274 1052 507 1126 Ὁμοίως
548 1055 605 1111 δὲ
649 1059 742 1111 καὶ
784 1062 843 1114 ὲν
886 1063 952 1132 τῇ
988 1062 1126 1134 πρὸς
1173 1063 1494 1138 Ῥωμαίους,
1534 1070 1648 1124 ἱλα-

78 1146 312 1216 στήριον·
360 1148 463 1202 Ὃν
512 1150 795 1218 προέθετο
836 1155 871 1208 ό
918 1154 1064 1221 Θεὸς
1123 1157 1482 1228 ἱλαστήριον
1546 1161 1647 1217 διὰ

75 1237 346 1305 πίστεως’
393 1230 454 1293 οὗ
506 1242 814 1316 ίλαστηρίου
863 1248 945 1311 είς
989 1248 1059 1302 τὰ
1092 1249 1341 1319 ἐσὼτατα
1393 1252 1505 1325 (44)
1550 1255 1645 1310 καὶ

78 1330 227 1399 ’Δγια
253 1331 363 1385 τῶν
397 1333 570 1402 ἀγίων
610 1336 738 1391 σκιά
764 1355 848 1403 τις
874 1340 1137 1413 ἐτύγχανε
1169 1343 1233 1396 τὸ
1262 1343 1497 1417 χρυσοῦν
1536 1346 1646 1403 ίλα·

78 1422 300 1493 στήριον,
336 1425 684 1497 ἐπικείμενον
710 1432 824 1495 τοῖς
852 1431 972 1485 δυσὶ
1008 1435 1291 1508 χερουϐίμ.
1327 1436 1452 1505 Πῶς
1500 1438 1547 1492 δ’
1576 1439 1645 1495 ἀν

76 1512 406 1587 παράκλητος
447 1518 544 1571 καὶ
587 1520 811 1592 ίλασμὸς
849 1525 944 1578 καὶ
979 1526 1313 1600 ἱλαστήριον,
1341 1531 1516 1602 χωρὶς
1551 1531 1643 1586 δυ-

74 1605 275 1677 νάμεως
326 1609 463 1664 Θεοῦ
522 1611 951 1690 ὲξαφανιζούσης
1004 1619 1162 1691 ἡμῶν
1214 1622 1314 1694 τὴν
1359 1623 1643 1681 ἀσθένειαν

74 1699 305 1766 γενέσθαι
337 1696 452 1767 οἶός
487 1722 548 1757 τε
569 1701 666 1778 ἦν,
684 1709 1046 1784 ἐπιρρεούσης
1072 1716 1192 1779 ταῖς
1219 1715 1640 1773 τῶνυπιστευόν-

75 1808 167 1846 των
200 1794 421 1865 ψυχαῖς,
469 1799 576 1852 ὑπὸ
627 1800 801 1873 Ἰησοῦ
833 1802 1278 1879 διακονουμένης,
1325 1803 1393 1881 ἧς
1426 1811 1641 1882 πρῶτός

1750 613 1969 685 quidem
2017 624 2299 685 nuncupat
2323 631 2448 672 eum
2472 615 2713 676 Joannes
2748 621 2800 675 in
2846 620 3089 691 Epistola
3118 641 3213 681 sua
3241 630 3327 682 di-
3390 618 3402 626 ’

1748 717 1877 760 cens
1896 704 1942 735 ’θ
1968 717 1983 758 :
2013 703 2074 759 Si
2098 707 2386 776 peccaverit
2407 709 2546 778 quis,
2574 711 2884 766 advocatum
2905 714 3154 771 habemus
3183 721 3325 788 apud

1750 793 1962 849 Patrem
1991 793 2176 850 Jesum
2204 795 2474 853 Christum
2494 799 2727 867 justum.
2754 802 2962 859 Dicitur
2992 806 3161 862 etiam
3194 817 3320 879 pro-

1748 882 1960 952 pitiatio
1991 886 2060 939 ab
2088 887 2276 942 eodem
2306 890 2360 944 in
2388 892 2581 947 eadem
2610 892 2847 963 Epistula
2878 896 2923 926 ¹¹
2954 912 2970 950 :
2998 895 3065 951 Et
3096 897 3181 953 hic
3203 914 3329 969 pro-

1746 977 1960 1045 pitiatio
1992 986 2067 1031 est
2095 995 2192 1049 pro
2213 983 2443 1050 peccatis
2462 986 2677 1040 nostris.
2714 984 2979 1043 Similiter
3011 988 3064 1044 in
3088 989 3328 1060 Epistula

1747 1065 1816 1121 ad
1861 1066 2134 1126 Romanos
2172 1072 2243 1138 “,
2280 1073 2653 1144 propitiator;
2688 1093 2840 1147 quem
2878 1082 3153 1151 proposuit
3186 1081 3329 1137 Deus

1744 1160 2148 1229 propitiatorem
2185 1180 2280 1234 per
2326 1165 2510 1235 ﬁdem,
2572 1168 2730 1238 cuius
2780 1171 3149 1243 propitiatorii
3205 1183 3329 1233 erat

1747 1251 1937 1307 umbra
1969 1254 2219 1322 quaedam
2250 1271 2473 1313 aureum
2493 1258 2623 1315 illud
2647 1262 3091 1331 pmpitiatorium
3113 1267 3327 1325 duobus

1748 1340 2062 1414 impositum
2091 1344 2376 1403 cherubim
2399 1349 2457 1403 in
2480 1349 2673 1406 intima
2702 1392 2718 1419 ,
2765 1365 2822 1410 et
2851 1355 3050 1412 Sancta
3103 1370 3326 1415 sancto-

1746 1448 1890 1491 rum.
1927 1435 2344 1503 Quomodouam
2381 1455 2509 1497 vero
2534 1445 2855 1514 advocatus,
2894 1457 2950 1504 et
2981 1453 3324 1522 propitiatio,

1747 1536 1859 1584 tum
1887 1531 2053 1586 etiam
2081 1532 2528 1602 propitiatorium
2569 1549 2691 1592 esse
2717 1549 2902 1607 posset
2925 1539 3084 1598 Jesus
3116 1544 3323 1615 absque

1745 1621 1840 1679 Dei
1875 1626 2119 1694 potentia
2148 1666 2163 1692 ,
2197 1641 2319 1695 qua:
2348 1636 2590 1683 nostram
2625 1631 2805 1687 abolet
2831 1635 3203 1692 infirmitatem
3224 1678 3240 1703 ,
3269 1647 3326 1691 et

1748 1729 1870 1785 qua:
1896 1716 1948 1770 in
1978 1717 2319 1772 credentium
2346 1719 2560 1775 animos
2595 1721 2789 1789 inlluit,
2821 1734 2877 1779 et
2904 1740 2933 1778 a
2962 1723 3088 1782 Jesu
3117 1727 3329 1782 submi-

1747 1805 2028 1872 nistratur,
2060 1810 2152 1877 qui
2176 1824 2239 1864 ea
2268 1812 2420 1881 prior
2446 1822 2564 1876 est,
2612 1829 2735 1869 cum
2762 1816 2834 1870 sit
2864 1817 2978 1886 ipsa
3002 1818 3097 1875 Dei
3131 1828 3327 1890 poten-

76 1886 203 1941 ἐστιν
238 1889 602 1963 αὑτοδύναμις
624 1892 781 1958 Θεοῦ,
824 1895 893 1948 δι’
916 1896 976 1950 ὅν
1006 1875 1150 1953 εἴποι
1192 1875 1276 1964 τις
1306 1875 1372 1956 ἀν
1391 1919 1404 1932 ·
1437 1875 1640 1958 άάντα

1746 1898 1838 1963 tia,
1873 1915 1969 1968 per
1996 1875 2157 1971 quem
2207 1875 2371 1958 etiam
2420 1875 2570 1960 dicat
2597 1905 2800 1977 aliquis
2845 1875 2935 1967 ’ἐς
2968 1875 3163 1966 Omnia
3200 1929 3324 1983 pos-

74 1977 244 2046 ίσχύω
291 1980 363 2033 ἐν
406 1981 490 2047 τῷ
543 1982 982 2055 ἐνδυναμοῦντί
1027 2007 1104 2058 με
1140 1991 1371 2060 Χριστῷ
1412 1995 1640 2063 Ἰησοῦ;

73 2068 257 2142 Διόπερ
289 2072 513 2144 Σίμωνα
554 2074 646 2128 τὸν
700 2077 873 2147 μάγον
905 2080 1069 2134 αὑτὸν
1110 2082 1510 2156 ἀναγορεύοντα
1548 2085 1641 2141 δύ-

74 2178 220 2233 ναμιν
243 2162 402 2229 Θεοῦ,
432 2167 534 2237 τὴν
560 2168 900 2243 καλουμένην
927 2174 1190 2246 μεγάλην,
1222 2175 1379 2248 ἴσμεν
1414 2179 1530 2250 ἅμα
1560 2180 1641 2251 τῷ

76 2252 303 2325 ἀργυρίῳ
346 2255 515 2311 αὑτοῦ
565 2260 647 2322 είς
690 2260 908 2334 ὄλεθρον
941 2265 1035 2318 καὶ
1077 2265 1353 2323 ἀπώλειαν
1392 2288 1641 2345 κεχωρη-

77 2343 240 2397 κέναι·
276 2346 517 2418 Χριστὸν
552 2349 612 2403 δὲ
660 2352 1050 2423 ὁμολογοῦντες
1094 2357 1314 2429 ἀληθῶς
1355 2356 1497 2416 εἶναι

74 2455 217 2507 ναμιν
270 2438 442 2503 Θεοῦ,
505 2443 681 2498 πάντα
737 2445 808 2499 τὰ
878 2448 1013 2501 ὅπου
1070 2450 1202 2504 ποτὲ
1257 2452 1641 2527 δυναμούμενα

76 2530 305 2601 μετέχειν
371 2533 572 2602 αὑτοῦ,
628 2535 763 2591 καθὸ
823 2539 1053 2612 δύναμίς
1112 2543 1265 2610 ἐστι,
1338 2548 1640 2601 πεπιστεύ-

74 2637 248 2693 κάμεν.

135 2716 212 2770 59.
250 2719 341 2789 Μὴ
372 2722 857 2795 παρασιωπηθήτω
884 2726 930 2779 δ’
964 2728 1118 2799 ἡμῖν,
1156 2730 1291 2801 μηδὲ
1314 2731 1450 2785 Θεοῦ
1479 2733 1639 2803 σοφία

79 2808 291 2878 εὐλόγως
320 2814 630 2884 τυγχάνων,
659 2818 753 2870 καὶ
785 2818 874 2872 διά
907 2819 1065 2875 τοῦτο
1108 2821 1255 2877 τοῦτ’
1300 2821 1439 2879 εἶναι
1489 2825 1641 2896 λεγό-

83 2915 253 2967 μενος’
296 2902 358 2954 ού
400 2903 515 2975 γὰρ
562 2907 620 2958 ὲν
649 2905 830 2976 ψιλαῖς
873 2911 1201 2978 φαντασίαις
1243 2912 1339 2966 τοῦ
1373 2914 1509 2969 θεοῦ
1542 2916 1638 2969 καὶ

80 2988 266 3060 [ἰατρὸς
292 2992 403 3045 τῶν
431 2994 571 3049 ὅλων
596 2998 696 3069 τὴν
724 2999 1022 3055 ὑπόστασιν
1047 3002 1159 3073 ἔχει
1189 3006 1221 3076 ἡ
1255 3006 1419 3076 σοφία
1445 3008 1634 3075 αὑτοῦ,

78 3082 198 3136 κατά
225 3084 292 3138 τά
336 3087 601 3157 ἀνάλογον
631 3093 743 3155 τοῖς
781 3091 1139 3165 ἀνθρωπίνοις
1170 3099 1465 3171 ἐννοήμασι
1505 3118 1639 3171 φαν-

1742 2010 1860 2047 sum
1889 2010 1985 2063 per
2017 1992 2311 2064 Christum,
2359 1999 2454 2067 qui
2485 2013 2568 2051 me
2596 2001 2946 2056 corroborat?
2986 2004 3331 2075 Quapropter

1744 2083 2023 2140 Simonem
2058 2087 2278 2156 quidem
2310 2090 2460 2145 illum
2513 2089 2726 2162 Magum
2755 2095 2991 2165 seipsum
3028 2098 3329 2166 praedicau-

1745 2185 1851 2231 tem
1874 2190 1996 2234 esse
2016 2181 2315 2248 potentiam
2340 2181 2457 2251 Dei,
2484 2198 2606 2254 quze
2627 2195 2855 2241 vocatur
2880 2202 3095 2259 magna,
3120 2189 3327 2245 scimus

1742 2285 1848 2324 una
1887 2286 2011 2326 cum
2036 2288 2134 2331 suo
2172 2285 2399 2346 argento
2448 2277 2503 2332 in
2553 2279 2836 2335 interitum
2867 2291 2923 2337 et
2965 2283 3326 2353 perditionem

1741 2366 1941 2422 abiisse
1963 2368 2048 2432 ";
2084 2383 2183 2424 nos
2214 2384 2344 2426 vero
2377 2371 2663 2429 Christum
2712 2388 2843 2431 vere
2892 2376 2989 2432 Dei
3021 2377 3321 2445 potentiam

1741 2471 1862 2513 esse
1890 2457 2143 2526 fatentes,
2172 2476 2513 2534 quaecunque
2556 2481 2644 2521 res
2672 2468 2723 2521 vi
2756 2468 2984 2539 pollent,
3013 2469 3183 2541 ipsius
3205 2484 3329 2527 esse

1742 2548 2040 2617 participes
2062 2565 2389 2620 persuasum
2422 2556 2709 2613 habemus.

1810 2730 1900 2788 39.
1969 2732 2102 2789 illud
2161 2743 2339 2791 autem
2402 2735 2624 2795 silentio
2689 2755 2795 2794 non
2860 2746 3327 2813 praetereundum,

1702 2880 1706 2885 ,
1740 2818 1924 2875 Iesum
1951 2820 2045 2875 Dei
2082 2824 2408 2890 sapientiam
2443 2828 2642 2883 merito
2667 2828 2957 2897 exsistere,
2990 2841 3045 2887 et
3082 2833 3226 2889 hanc
3256 2838 3329 2892 ob

1741 2923 1962 2965 causam
1989 2911 2092 2967 hoc
2117 2914 2336 2971 nomine
2366 2918 2632 2986 appellari
2661 2936 2676 2973 :
2710 2922 2910 2991 quippe
2947 2937 3071 2977 cum
3104 2939 3213 2980 non
3264 2927 3320 2981 in

1740 3004 1902 3059 undis
1929 3004 2239 3063 visionibus
2263 3008 2358 3064 Dei
2384 3018 2440 3065 et
2470 3008 2650 3066 Patris
2672 3014 3048 3071 universorum
3074 3016 3328 3072 substan-

1742 3095 1871 3149 tiam
1900 3098 2098 3153 lmlieat
2146 3103 2417 3170 sapientia
2451 3104 2645 3174 ipsius,
2691 3107 2921 3175 perinde
2953 3116 3118 3178 atque
3150 3109 3327 3179 pilae-

74 3174 322 3244 τάσματα.
348 3179 412 3232 Ei
438 3179 497 3232 δέ
524 3197 611 3245 τις
636 3176 748 3246 οἷός
768 3183 828 3236 τέ
852 3185 1000 3239 ἐστιν
1023 3186 1313 3259 ἀσώματον
1340 3191 1636 3248 ὑπόστασιν

1746 3195 1974 3243 tasmata
2023 3192 2418 3259 cogitationum
2476 3174 2864 3251 humanarum.
2918 3174 3073 3266 Quod
3124 3174 3168 3256 si
3203 3202 3329 3271 quis

78 3269 315 3323 ποικίλων
354 3272 751 3345 θεωρημάτων,
791 3279 1153 3350 περιεχόντων
1196 3283 1323 3347 τοὺς
1353 3284 1462 3338 τῶν
1501 3285 1638 3341 ὅλων

76 3359 265 3429 λάγους,
302 3364 505 3430 ζῶσαν,
551 3367 649 3420 καὶ
675 3368 837 3423 οἱονεὶ
866 3368 1108 3442 ἔμψυχον
1153 3374 1409 3441 ἐπινοεῖν,
1435 3378 1639 3433 εἵσεται

76 3455 157 3525 τὴν
184 3457 317 3529 ὑπὲρ
347 3459 526 3512 πᾶσαν
553 3460 728 3514 κτίσιν
764 3462 955 3532 σοφίαν
987 3464 1081 3519 τοῦ
1116 3465 1251 3520 Θεοῦ
1285 3468 1468 3532 καλῶς
1510 3470 1640 3543 περὶ

76 3547 226 3617 αὐτῆς
264 3547 527 3616 λέγουσαν
547 3568 561 3581 ·
610 3552 665 3604 Ὀ
704 3552 847 3620 Θεὸς
875 3555 1080 3610 ἔκτισέ
1117 3575 1199 3624 με
1236 3559 1437 3629 ἀρχὴν
1478 3561 1637 3617 ὁδῶν

77 3639 241 3693 αὐτοῦ
269 3644 353 3708 είς
383 3641 529 3712 ἔργα
560 3644 770 3710 αὑτοῦ,
803 3644 870 3700 δι’
892 3647 959 3718 ἣν
995 3648 1174 3702 κτίσιν
1215 3650 1502 3724 δεδύνηται
1546 3654 1640 3708 καὶ

80 3731 210 3784 πᾶσα
245 3734 419 3795 κτίσις
463 3735 786 3805 ὑφεστάναι,
829 3738 930 3792 οὑκ
981 3739 1263 3812 ἀνένδοχος
1306 3738 1440 3796 οὖσα
1486 3743 1638 3811 θείας

80 3827 248 3895 σοφίας
278 3831 399 3884 καθ’
441 3832 511 3902 ἣν
561 3831 889 3905 γεγένηταισ
926 3834 1132 3889 Πάντα
1186 3837 1316 3909 γὰρ,
1354 3839 1497 3893 κατὰ
1547 3840 1637 3894 τὸν

77 3923 337 3993 προφήτην
395 3924 596 3987 Δαυῒδ,
647 3926 718 3980 ἐν
761 3927 948 3996 σοφίᾳ
1011 3928 1304 3997 ἐποίησεν
1366 3935 1400 3986 d
1464 3934 1632 4000 Θεός.

89 4012 232 4067 Ἀλλά
261 4015 429 4070 πολλὰ
466 4017 567 4089 μὲν
600 4022 799 4090 μετοχῇ
849 4019 1041 4090 σοφίας
1080 4021 1395 4101 γεγένηται,
1426 4024 1526 4077 οὑκ
1552 4026 1641 4079 ἀν-

79 4106 493 4181 τιλαμϐανόμενα
539 4110 713 4182 αὐτῆς
815 4111 1091 4166 ἔκτισται·
1130 4114 1338 4186 σφόδρα
1380 4115 1441 4169 δὲ
1482 4116 1638 4187 ὀλίγα

78 4197 127 4249 οὐ
158 4199 304 4268 μόνον
331 4202 429 4272 τὴν
457 4202 591 4274 περὶ
616 4202 797 4258 αὐτῶν
820 4205 1229 4278 καταλαμϐάνει
1263 4208 1477 4277 σοφίαν,
1501 4208 1639 4265 ἀλλά

80 4290 305 4363 καὶπερὶ
348 4292 563 4346 πολλῶν
618 4295 816 4366 ἐτέρων
860 4296 1097 4368 Χριστοῦ
1142 4297 1246 4369 τῆς
1278 4299 1462 4371 πάσης
1505 4317 1638 4370 τυγ-

78 4380 302 4449 ’(ἀνοντος
336 4385 551 4453 σοφίας.
586 4384 860 4450 Ἕκαστος
898 4386 956 4441 δὲ
1000 4386 1110 4440 τῶν
1145 4389 1325 4459 σοφῶν
1358 4390 1479 4444 καθ’
1514 4391 1638 4445 ὅσον

78 4480 224 4547 χωρεῖ
247 4478 455 4547 σοφίας,
483 4478 738 4534 τοσοῦτον
768 4481 985 4551 μετέχει
1010 4481 1273 4554 Χριστοῦ,
1303 4482 1441 4536 καθὸ
1476 4484 1637 4554 σοφία

1744 3287 1923 3347 potest
1946 3280 2721 3353 iucorpoream'substantiam
2770 3288 3049 3344 variarum
3074 3292 3329 3361 specula-

1743 3371 1975 3437 tionutn,
2018 3387 2141 3443 quae
2162 3376 2414 3430 omnium
2451 3376 2695 3432 rationes
2718 3380 3022 3445 continent,
3056 3381 3328 3436 viventem

1741 3473 1795 3517 et
1829 3462 1940 3535 ω
1969 3465 2132 3519 veluti
2160 3467 2460 3522 animatum
2497 3470 2886 3538 considerare,
2928 3472 2974 3527 is
2997 3473 3157 3542 plane
3192 3472 3329 3529 sciet

1744 3554 1836 3610 Dei
1878 3559 2203 3626 sapientiam
2254 3564 2403 3616 omni
2439 3574 2689 3617 creatura
2741 3564 2902 3634 longe
2956 3574 3327 3635 praestantem,

1741 3664 1804 3700 ac
1829 3649 1965 3703 bene
2003 3653 2070 3703 de
2107 3652 2281 3720 seipsa
2311 3654 2534 3709 dicere:
2566 3654 2705 3710 Deus
2754 3657 2948 3712 creavit
2991 3673 3073 3713 me
3115 3659 3329 3712 initium

1740 3743 1947 3796 viarum
1977 3761 2220 3811 suarum,
2272 3747 2341 3800 ad
2374 3763 2533 3816 opera
2574 3749 2687 3817 ejus
2724 3749 2798 3816 ³⁸,
2841 3765 2937 3820 per
2973 3766 3137 3821 quam
3168 3765 3327 3806 crea-

1742 3834 1943 3889 tionem
1989 3838 2167 3903 potuit
2226 3838 2434 3907 quaevis
2484 3852 2736 3896 creatura
2788 3843 3116 3909 subsistere,
3181 3843 3326 3898 haud

1742 3940 1940 3994 expers
1978 3929 2254 3985 exsistcns
2282 3930 2476 3985 divinae
2505 3933 2810 4001 sapientiae,
2851 3949 2948 4004 per
2982 3949 3144 4005 quam
3177 3935 3323 3991 facta

1738 4021 2341 4090 est;quandoquidem,
2392 4032 2533 4080 teste
2580 4026 2779 4081 Davide
2821 4028 2891 4092 “,
2949 4027 3019 4081 In
3061 4029 3323 4096 sapientia

1739 4110 1863 4182 fecit
1888 4114 2065 4167 omnia
2093 4114 2258 4169 Deus.
2293 4114 2399 4173 Sed
2436 4118 2605 4174 multa
2649 4119 2871 4190 quidem
2899 4120 3321 4190 participatione

1738 4207 2022 4278 sapientia:
2048 4221 2169 4264 orta
2201 4220 2352 4278 sunt,
2387 4229 2512 4283 quae
2544 4214 2786 4270 vicissim
2819 4231 2924 4271 non
2949 4225 3320 4287 assequuntur

1738 4314 1860 4354 eam
1894 4314 2001 4369 qua
2035 4310 2220 4356 creata
2248 4314 2409 4370 Blllll;
2453 4320 2728 4375 perpauca
2770 4316 2952 4362 autem
3000 4317 3151 4372 SUIH,
3205 4321 3329 4376 quae

1741 4406 1845 4445 non
1883 4393 2043 4448 modo
2067 4403 2187 4448 eam
2229 4410 2351 4465 quae
2396 4398 2463 4451 ad
2524 4414 2608 4464 se,
2658 4416 2850 4458 verum
2895 4401 3062 4457 etiam
3107 4415 3227 4471 qua:
3257 4399 3328 4456 ad

1743 4482 1911 4537 umlta
1950 4483 2057 4539 alia
2103 4496 2342 4556 spectat,
2384 4491 2710 4556 sapientiam
2769 4503 3156 4563 assequuntur,
3200 4509 3327 4549 cum

78 4567 230 4622 ἐστίν’
261 4571 451 4644 ὥσπερ
488 4572 724 4638 ἕκαστος
765 4573 875 4627 τῶν
917 4574 1143 4646 δύναμιν
1172 4576 1404 4647 ἐχόντων
1453 4579 1636 4650 κρείτ-

1744 4579 1994 4637 Christus
2041 4581 2116 4636 sit
2188 4584 2442 4642 universa
2502 4589 2791 4659 sapientia.
2844 4590 3082 4657 Quilibet
3144 4599 3328 4645 autem

78 4678 187 4717 τονα
213 4666 327 4719 ὅσον
364 4665 552 4738 είληχε
592 4666 694 4738 τῆς
734 4666 1038 4739 δυνάμεως,
1070 4668 1323 4723 τοσοῦτον
1369 4669 1630 4741 Χριστοῦ,

80 4757 194 4810 καθὸ
233 4759 460 4831 δύναμίς
503 4762 651 4826 ἐστι,
696 4759 1083 4833 κεκοινώνηκε.
1135 4762 1208 4816 Τὸ
1255 4763 1636 4836 παραπλήσιον

79 4846 127 4899 δὲ
166 4852 248 4905 καὶ
278 4853 408 4925 περὶ
459 4853 738 4923 ἁγιασμοῦ
771 4854 866 4908 καὶ
911 4853 1344 4928 ἀπολυτρώσεως
1390 4858 1629 4929 νοητέον.

80 4939 222 5006 Αὐτὸς
260 4943 358 5014 μὲν
397 4942 511 5015 γὰρ
541 4942 833 5014 ἁγιασμὸς,
860 4942 981 4997 ὅθεν
1014 4945 1063 4997 oi
1094 4943 1239 5013 ἅγιοι
1278 4943 1630 5014 άγιάζονται,

78 5031 187 5099 ἡμίν
211 5036 238 5087 ὀ
265 5034 474 5106 Ἰησοῦς
507 5034 796 5105 γεγένηται
824 5036 919 5089 καὶ
955 5035 1334 5108 ἀπολύτρωσις
1354 5054 1368 5068 ·
1402 5036 1669 5103 ἕκαστοςο

81 5120 130 5174 δὲ
156 5126 296 5197 ἡμῶν
348 5128 547 5199 ἐκείνῳ
591 5128 671 5199 τῷ
717 5127 973 5199 ἁγιασμῷ
1022 5130 1339 5198 ἁγιάζεται,
1388 5132 1482 5184 καὶ
1516 5133 1639 5184 κατ’

84 5215 261 5291 ἐκείνην
311 5221 696 5293 ἀπολύτρωσιν
746 5221 1163 5293 άπολυτροῦται.
1225 5223 1551 5295 Ἐπίστησον
1581 5224 1639 5278 δὲ

86 5307 123 5357 εἰ
149 5309 211 5378 μὴ
238 5312 412 5383 μάτην
467 5311 530 5365 τὸ
558 5311 706 5382 ἡμῖν
735 5313 886 5385 παρά
936 5312 1016 5384 τῷ
1051 5314 1360 5385 Ἀποστόλῳ
1391 5333 1637 5386 προσκα-

86 5394 223 5455 λείται
248 5403 384 5475 (45),
414 5403 629 5472 λέγοντι
652 5420 668 5436 ο
709 5406 804 5472 Ὀς
835 5405 1088 5476 ἐγενήθη
1128 5407 1317 5477 σοφία
1336 5407 1482 5478 ἡμῖν
1518 5408 1636 5464 ἀπὸ

142 5539 383 5599 "lJoan.
420 5560 489 5609 ιι,
512 5546 564 5598 l.
654 5545 699 5578 "
722 5544 851 5600 ibid.
885 5545 943 5599 2.

90 5622 179 5676 tut,
206 5613 293 5672 9.2.
374 5615 422 5648 ’⁸
444 5613 593 5669 Ρειιι.
623 5628 742 5680 cm,
766 5615 860 5670 24.

143 5727 363 5807 {inple
384 5731 778 5807 resecatam.
826 5732 920 5807 Sic
954 5743 1102 5790 recte
1133 5738 1304 5807 mss.,,’
1329 5737 1468 5794 male
1503 5752 1632 5793 vero

93 5799 220 5850 editio
243 5801 415 5856 lluetii
441 5804 526 5865 είς
552 5802 622 5857 τά
651 5802 781 5868 ἔσω,
820 5802 907 5858 τά.

147 5869 235 5942 με)
259 5874 423 5943 Παρὰ
446 5872 531 5941 τῷ
569 5874 903 5943 Ἀποστόλῳ
926 5877 1372 5946 προσκαλεῖται.
1399 5878 1626 5935 Codices

1042 5547 1088 5579 “
1112 5538 1232 5618 cap.
1266 5560 1352 5612 Ill,
1382 5561 1529 5603 vers.
1558 5546 1650 5603 25.

1738 4671 1977 4739 sapiens,
2009 4682 2284 4742 quatenus
2327 4672 2654 4747 sapientia'm
2695 4681 2866 4750 capit,
2901 4681 2961 4735 iit
2996 4680 3243 4743 Christi,
3272 4680 3326 4734 in

1740 4772 2006 4827 quantum
2049 4774 2136 4821 est
2163 4766 2429 4837 sapientia
2453 4808 2471 4836 ,
2512 4773 2788 4844 particeps
2818 4792 2833 4830 :
2865 4774 3323 4844 quemadmodum

1740 4857 2119 4928 unusquisque
2172 4859 2380 4917 viribus
2434 4861 2596 4935 longe
2647 4865 3003 4935 prmcellens,
3061 4873 3325 4935 quantum

1739 4950 2017 5021 particeps
2047 4962 2133 5008 est
2161 4957 2454 5025 potentiae,
2496 4959 2830 5013 tantumdem
2879 4958 3047 5012 etiam
3092 4957 3325 5026 Christi,

1744 5050 2018 5109 quatenus
2055 5054 2141 5099 est
2184 5046 2450 5114 potentia,
2500 5059 2586 5102 est
2630 5045 2924 5115 particeps.
2975 5048 3129 5112 Quod
3180 5044 3329 5101 idem

1743 5133 1910 5187 etiam
1942 5134 2009 5188 de
2037 5132 2492 5198 sanctiﬁcatione,
2516 5146 2570 5190 et
2599 5135 2666 5189 de
2691 5134 3062 5205 redemptione
3083 5135 3329 5190 sentiet)-

1744 5224 1868 5279 dum
1900 5235 2005 5281 est.
2055 5225 2176 5297 Ipsa
2208 5228 2476 5297 siquidem
2511 5226 2874 5282 sanetilicatio
2902 5269 2916 5291 ,
2958 5228 3102 5282 unde
3147 5227 3341 5313 sancti.

1742 5325 1966 5372 sumunt
2013 5321 2549 5383 sanctiﬁcationem,
2603 5329 2660 5374 et
2712 5320 3017 5391 redemptio
3071 5316 3340 5390 Christus;

1743 5409 1900 5465 nobis
1933 5409 2115 5467 factus
2162 5421 2246 5467 est
2271 5428 2288 5472 :
2317 5412 2692 5482 unusquisque
2738 5422 2921 5467 autem
2963 5422 3208 5467 nostrum
3238 5408 3328 5463 illa

1740 5549 1788 5581 ιι
1817 5547 2019 5620 Philip.
2048 5562 2124 5617 tv,
2152 5549 2240 5605 ts.
2319 5548 2506 5604 “Act.
2540 5563 2659 5619 νιιι,
2690 5547 2746 5613 9,
2780 5544 2991 5611 10,20.
3072 5544 3120 5576 ὐ
3156 5519 3319 5598 Prov.

1745 5734 1946 5811 Regius
1980 5732 2425 5811 et_Bod_leia_uus_.
2450 5731 2580 5811 περὶ
2612 5730 2690 5801 τῷ
2735 5729 3042 5811 Ἀποστόλῳ
3071 5743 3320 5811 προσκα-

1741 5802 1937 5867 λεῖται,
1971 5805 2065 5859 sed
2098 5804 2267 5858 codex
2297 5802 2627 5855 Darherinus
2654 5810 2798 5855 recte
2828 5802 2989 5857 habet
3017 5803 3082 5855 ad
3119 5802 3319 5866 margi-

1736 5894 1857 5933 netn
1895 5874 2042 5947 παρά
2076 5873 2154 5945 τῷ
2194 5873 2500 5945 ’Λποστόλῳ
2528 5872 2867 5945 πρόσκειται.
