3922 6552
515 415 579 468 91
1957 403 2279 463 ORIGENIS
3698 407 3770 457 ιιι

516 520 948 577 sanctificatione
1012 522 1394 579 sanctificatur
1451 531 1507 578 et
1571 522 1662 577 illa
1720 522 2092 594 redemptione

2205 523 2364 589 Θεοῦ,
2394 516 2746 591 δικαιοσύνη
2775 538 2861 588 τε,
2903 523 3002 576 καὶ
3041 518 3354 592 ἀγιασμός,
3397 518 3497 573 καὶ
3537 520 3771 575 ἀπολύ-

518 612 825 668 redimitur.
876 614 1120 670 Observa
1146 623 1328 670 autem
1359 631 1427 669 an
1461 613 1780 685 particulam
1809 616 1956 670 nobis
1988 616 2091 670 mi-

518 704 667 760 nime
718 704 921 760 frustra
979 705 1250 764 addiderit
1287 706 1596 777 Apostolus,
1646 706 1831 762 dicens
1869 708 1912 740 ⁸⁷
1944 724 1957 761 :
1986 706 2091 773 Qui

521 795 692 865 factus
717 805 791 851 est
816 797 963 852 nobis
993 798 1253 867 sapientia
1277 816 1309 852 ιι
1334 798 1464 864 Deo,
1487 809 1536 853 et
1561 798 1799 868 justitia,
1825 808 1872 853 et
1902 800 2093 854 sancti-

520 887 725 958 ﬁcatio,
757 899 806 945 et
839 892 1151 961 redemptio.
1181 891 1481 963 Itidemque
1505 894 1733 948 observa
1775 892 2091 962 Apostolum

521 996 631 1037 non
692 984 760 1039 ab
813 998 874 1040 re
921 984 1051 1041 alibi
1112 985 1317 1041 dixisse
1365 986 1614 1042 absolute
1654 986 1946 1047 Christum,
1996 986 2089 1042 Dei

519 1075 868 1145 sapientiam,
893 1086 948 1132 et
986 1077 1078 1133 Dei
1110 1079 1431 1149 potentiam,
1470 1087 1737 1149 quatenus
1767 1078 1999 1149 potentia
2038 1086 2093 1133 et

520 1165 790 1235 sapientia
822 1176 924 1233 est,
976 1167 1187 1223 etiamsi
1213 1183 1312 1223 nos
1335 1168 1800 1224 existimassemus
1829 1184 1949 1223 cum
1984 1183 2088 1223 non

519 1268 643 1310 esse
671 1256 969 1324 potentiam
992 1257 1108 1324 Dei,
1131 1272 1310 1329 neque
1333 1259 1653 1329 sapientiam
1680 1261 1731 1313 in
1753 1260 2088 1323 universum,

519 1348 615 1401 sed
647 1347 824 1403 nobis.
882 1347 1036 1405 Nunc
1073 1358 1251 1405 autem
1299 1350 1485 1406 Jesum
1520 1351 1766 1406 scribens
1801 1350 2092 1419 Apostolus

521 1440 847 1510 sapientiam
889 1455 1009 1496 esse
1067 1457 1133 1497 ac
1161 1442 1497 1511 potentiam,
1533 1443 1820 1513 aliquoties
1859 1442 2093 1498 vocabu-

520 1532 629 1586 lum
665 1534 813 1587 nobis
838 1533 1006 1601 addit,
1044 1534 1331 1604 aliquoties
1360 1551 1465 1590 non
1495 1536 1663 1600 addit,
1696 1535 1941 1592 absolute
1968 1550 2090 1591 eum

521 1624 871 1693 sapientiam,
896 1635 952 1681 et
980 1627 1276 1696 potentiam
1318 1631 1587 1695 scribens,
1613 1643 1736 1683 cum
1765 1629 1906 1683 idem
1952 1630 2096 1684 inte-

522 1716 626 1770 rim
660 1732 767 1771 non
802 1717 998 1781 faciat,
1024 1718 1271 1775 scribens
1299 1735 1423 1773 eum
1458 1735 1579 1775 esse
1606 1720 2092 1778 sanctificationem

521 1816 577 1861 et
628 1809 1079 1878 redemptionem.
1152 1809 1419 1877 Quocirca
1467 1812 1611 1876 vide,
1674 1816 1925 1882 quoniam
1997 1814 2089 1883 qui

521 1898 847 1968 sanctiﬁcat,
885 1909 937 1954 et
983 1902 1074 1972 qui
1123 1903 1531 1972 sanctiﬁcantur
1568 1920 1634 1958 ea:
1675 1921 1780 1958 uno
1816 1920 1993 1960 omnes
2025 1906 2093 1973 ’⁸,

522 2003 591 2043 an
620 1991 813 2060 ipsius,
843 1993 934 2062 qui
966 2002 1050 2049 est
1076 2002 1260 2049 nostra
1292 1995 1662 2050 sanctificatio
1683 2037 1698 2060 ,
1733 1995 2095 2052 sanctificatio

522 2079 596 2134 sit
648 2079 853 2147 Pater;
901 2084 1358 2152 quemadmodum
1413 2085 1581 2153 ipsius
1610 2085 1836 2150 Christi,
1875 2086 1964 2155 qui
2012 2095 2097 2140 est

525 2182 774 2229 nostrum
804 2185 970 2245 caput
996 2214 1012 2241 ,
1043 2185 1206 2245 caput
1232 2188 1314 2230 est
1341 2175 1519 2230 Pater.
1560 2175 1653 2229 Est
1678 2186 1858 2231 autem
1886 2176 2097 2231 redem-

2192 630 2440 685 τρωσιςο
2470 615 2563 669 καὶ
2586 615 2634 668 εί
2672 615 2746 687 μὴ
2773 617 2830 669 ὲν
2862 614 3042 678 ἀλλοις
3079 614 3207 686 περὶ
3238 613 3330 668 τοῦ
3361 615 3599 687 Χριστοῦ
3633 614 3769 669 καθὸ

2193 708 2357 780 σοφία
2400 709 2549 763 ἐστὶν
2604 708 3021 780 ἀπολελυμένως
3070 707 3303 778 ἐλέγετο,
3352 707 3449 761 κα)⁸
3495 707 3632 763 καθὸ
3674 708 3769 762 δύ-

2191 819 2382 873 ναμις,
2422 802 2504 855 ὅτι
2566 801 2801 872 Χριστὸς
2847 799 2982 855 Θεοῦ
3025 800 3251 872 δύναμίς
3296 803 3445 868 ἐστι,
3498 803 3594 856 καὶ
3632 802 3769 857 Θεοῦ

2194 894 2388 964 σοφία,
2430 893 2531 949 κᾶν
2579 895 2953 965 ὑπενοήσαμεν
2996 893 3069 965 μὴ
3119 893 3371 960 καθάπαξ
3422 894 3585 949 αὑτὸν
3630 890 3771 949 εἶναι

2194 985 2405 1055 σοφίαν,
2438 987 2573 1058 μηδὲ
2613 986 2842 1056 δύναμιν
2882 985 3039 1053 Θεοῦ,
3066 985 3203 1039 ἀλλά
3241 987 3394 1058 ἡμῖν.
3425 986 3543 1041 Νῦν
3582 987 3640 1040 δὲ
3679 988 3772 1042 ἐπὶ

2196 1077 2296 1148 μὲν
2335 1077 2434 1148 τῆς
2475 1077 2665 1147 σοφίας
2707 1078 2801 1131 καὶ
2850 1077 3131 1150 δυνάμεως
3182 1078 3318 1151 πρὸς
3347 1078 3426 1151 τῷ
3475 1079 3623 1149 ἡμῖν
3676 1080 3774 1134 καῖ

2191 1167 2254 1221 τὺ
2299 1167 2563 1222 ἀπόλυτον
2620 1170 3072 1242 ἀναγέγραπται,
3125 1170 3217 1224 ἐπὶ
3261 1171 3316 1225 δὲ
3350 1171 3442 1225 τοῦ
3497 1172 3771 1243 άγιασμοῦ

2194 1260 2290 1313 xal.
2332 1261 2431 1331 τῆς
2459 1262 2890 1335 ἀπολυτρώσεως
2920 1265 2954 1335 ἡ
2991 1265 3129 1338 αὐτὴ
3175 1264 3449 1335 ἀπόφασις
3480 1265 3582 1319 οὐκ
3623 1264 3766 1336 εῖρηα

2192 1367 2301 1404 ται.
2348 1352 2546 1425 Διόπερ
2594 1356 2714 1426 ὅρα,
2767 1356 2898 1409 ἐπεὶ
2941 1359 2975 1410 ό
3023 1355 3273 1427 ἁγιάζων
3306 1357 3403 1410 καὶ
3446 1359 3501 1411 oi
3544 1354 3772 1427 ἁγιαζό-

2187 1461 2359 1515 μενοι
2400 1446 2471 1511 ἐξ
2520 1447 2663 1511 ἐνὸς
2717 1446 2969 1515 πάντες,
3021 1450 3069 1502 εί
3127 1448 3290 1504 αὑτοῦ
3350 1448 3446 1503 τοῦ
3502 1448 3773 1521 ἡμετέρου

2194 1538 2466 1611 ἁγιασμοῦ
2501 1540 2769 1612 ἀγιασμός
2800 1542 2947 1594 ἐστιν
2976 1543 3005 1595 ὁ
3037 1543 3259 1614 Πατὴρ’
3297 1541 3486 1614 ὥσπερ
3534 1539 3774 1613 Χριστοῦ

2194 1632 2347 1696 ὄντος
2390 1632 2664 1705 ἡμετέρας
2709 1633 2980 1705 κεφαλῆς,
3018 1637 3047 1688 ὁ
3080 1634 3269 1706 Πατὴρ
3300 1633 3463 1688 αὐτοῦ
3518 1635 3637 1687 ἐστι
3681 1651 3774 1686 κε-

2198 1723 2359 1796 φαλή.
2398 1724 2795 1797 Ἀπολύτρωσις
2838 1726 2895 1780 δὲ
2927 1727 3083 1798 ἡμῶν
3112 1728 3142 1779 ὁ
3170 1726 3405 1798 Χριστὸς
3443 1725 3555 1779 τῶν
3584 1725 3673 1779 διά
3717 1727 3779 1780 τὰ

2198 1814 2652 1887 ῂχμαλωτεῦσθαι
2713 1817 3143 1891 ἀπολυτρώσεως
3192 1818 3552 1892 δεδεημένων.
3602 1819 3776 1874 Αὐτοῦ

2199 1906 2256 1959 δὲ
2298 1906 2399 1978 τὴν
2449 1907 2823 1980 ἀπολύτρωσιν
2866 1909 2927 1963 οὐ
2974 1908 3141 1981 ζητῶ,
3190 1909 3296 1964 τοῦ
3342 1911 3781 1981 πεπειριιμένρου

2201 1998 2353 2052 κατὰ
2377 1998 2575 2052 πάντα
2602 2000 2730 2054 καθ’
2766 2002 3080 2071 ὁμοιότητα
3125 2003 3304 2073 χωρὶς
3333 2003 3645 2073 ἁμαρτίας,
3686 2004 3781 2059 καὶ

2205 2090 2473 2162 μηδέποτε
2504 2091 2608 2145 ὑπὸ
2649 2093 2756 2147 τῶν
2797 2094 3005 2166 ἐχθρῶν
3048 2097 3129 2159 είς
3160 2096 3537 2167 αἰχμαλωσίαν
3581 2115 3781 2170 κεκρα-

2202 2197 2270 2250 τη
2278 2180 2462 2250 μένου.

523 2271 636 2338 ptio
657 2281 840 2326 nostra
864 2270 1134 2339 Christus,
1160 2286 1227 2325 eo
1247 2272 1391 2340 quod
1417 2272 1469 2325 in
1495 2272 1862 2338 captivitatem
1887 2271 2105 2328 abducti
2137 2290 2273 2344 opus
2300 2277 2588 2335 habuimus
2621 2279 3006 2349 redemptione.
3030 2278 3139 2336 Nec
3165 2280 3332 2351 ipsius
3355 2283 3780 2353 redemptionem

523 2381 726 2435 quaero,
751 2368 842 2438 qui
864 2376 1093 2423 tentatus
1115 2376 1191 2422 est
1220 2384 1314 2437 per
1341 2367 1519 2422 omnia
1551 2370 1711 2438 juxta
1745 2367 2150 2425 similitudinem
2178 2373 2373 2443 absque
2398 2386 2609 2441 peccato
2642 2377 2711 2441 ³³,
2755 2376 2848 2431 sed
2882 2391 3153 2446 nunquam
3192 2378 3261 2432 ab
3305 2376 3557 2433 hostibus
3609 2377 3782 2433 factus

523 2460 790 2530 captivus.

592 2552 685 2608 40.
710 2552 848 2608 Cum
884 2553 1055 2609 semel
1096 2562 1279 2609 autem
1319 2554 1729 2609 distinxerimus
1754 2553 1897 2609 inter
1923 2568 2097 2609 vocu-

523 2647 630 2701 lam
657 2646 806 2701 nobis
829 2653 886 2701 et
918 2646 1167 2700 voculam
1193 2647 1525 2716 simpliciter,
1560 2646 1804 2701 dicentes
1829 2660 1936 2700 non
1967 2648 2099 2701 sim-

525 2736 742 2807 pliciter
775 2736 1269 2791 sanctilicationcm
1300 2747 1354 2792 ct
1386 2737 1815 2807 redemptionem
1865 2736 2029 2792 scribi
2066 2754 2099 2793 a

524 2828 693 2884 l’aulo
741 2844 865 2885 esse
916 2828 1218 2895 Christum,
1251 2830 1344 2884 sed
1375 2845 1499 2884 cum
1538 2831 1909 2885 additamento
1951 2831 2099 2884 nobis

526 2920 694 2991 (cum
741 2920 984 2989 potentia
1041 2933 1097 2975 et
1146 2921 1411 2991 sapientia
1464 2920 1699 2985 dicatur,
1735 2927 1791 2974 et
1838 2935 1961 2974 cum
2007 2921 2103 2973 ad-

525 3012 828 3068 ditamento
852 3012 957 3084 ῇι
997 3015 1167 3078 nobis,
1191 3022 1245 3067 et
1275 3012 1595 3081 simpliciter
1625 3013 1742 3066 sine
1776 3011 1964 3067 vocula
2005 3028 2102 3065 no-

527 3101 655 3173 bis),
690 3118 797 3158 non
838 3105 1023 3158 sinere
1058 3103 1320 3157 debemus
1353 3103 1747 3171 inexploratum
1794 3116 2100 3157 sermonem

527 3195 595 3249 de
617 3194 848 3262 justitia.
881 3195 946 3248 Et
977 3198 1119 3265 quod
1148 3196 1364 3263 quidem
1395 3194 1608 3262 justitia
1656 3195 1815 3248 nobis
1845 3194 1918 3247 sit
1938 3192 2100 3247 Chri-

534 3298 641 3354 tus,
668 3288 1018 3359 perspicuum
1051 3297 1136 3343 est
1162 3304 1227 3341 ex
1259 3303 1323 3343 eo
1357 3305 1373 3343 :
1405 3287 1508 3353 Qui
1546 3287 1716 3355 factus
1740 3296 1813 3342 est
1842 3286 1987 3341 nobis
2011 3302 2099 3339 δας
2130 3266 2172 3323 c-

527 3379 728 3449 pientia
749 3398 784 3434 a
818 3380 948 3446 Deo,
973 3389 1024 3434 et
1054 3379 1295 3449 justitia,
1335 3390 1383 3434 et
1412 3379 1787 3448 sanctiﬁcatio,
1819 3386 1867 3432 et
1906 3377 2105 3431 redem-

530 3471 639 3540 ptio
682 3472 749 3525 ³⁸.
801 3471 954 3538 Quod
1002 3473 1045 3527 si
1096 3488 1199 3526 non
1255 3473 1563 3527 invenimus
1613 3472 1789 3540 ipsum
1830 3469 2102 3537 justitiam

531 3564 859 3634 simpliciter
885 3564 1016 3631 dici,
1048 3565 1501 3633 quemadmodum
1532 3563 1857 3633 simpliciter
1888 3565 2105 3632 sapien-

535 3657 632 3720 tia,
667 3664 723 3710 et
769 3656 1008 3725 potentia
1060 3656 1155 3710 Dei
1211 3656 1430 3721 dicitur,
1479 3655 1861 3723 inquirendum
1915 3665 1998 3709 est
2036 3670 2104 3708 an

535 3749 640 3818 ipsi
669 3747 909 3814 Christo,
938 3748 1389 3817 quemadmodum
1419 3745 1784 3802 sanctiﬁcatio
1811 3756 1895 3802 est
1923 3746 2107 3810 Pater,

539 3841 614 3896 ita
650 3840 812 3895 etiam
861 3840 1070 3909 justitia
1105 3842 1170 3897 sit
1204 3841 1386 3896 Pater.
1432 3840 1616 3910 Neque
1654 3840 1798 3895 enim
1841 3841 2104 3909 injustitia

532 3940 622 3987 est
664 3933 800 4002 apud
839 3933 1003 3987 Deum
1041 3932 1108 3997 ³¹,
1147 3942 1200 3987 et
1224 3932 1404 4001 justus
1446 3940 1502 3985 et
1545 3940 1768 3986 sanctus
1806 3940 1890 3985 est
1924 3930 2107 3984 Domi-

537 4037 678 4088 nus,
726 4035 781 4078 et
818 4023 870 4076 in
921 4023 1135 4094 justitia
1188 4024 1391 4093 judicia
1424 4023 1543 4092 ejus
1576 4022 1645 4075 ⁸¹.
1688 4020 1876 4076 Justus
1924 4029 2104 4073 autem

536 4131 659 4169 cum
683 4118 771 4180 sit,
792 4115 935 4183 juste
965 4115 1148 4169 omnia
1186 4116 1485 4183 dispensat.
1522 4112 1675 4179 Quod
1702 4122 1882 4167 autem
1916 4113 2111 4165 attinet

539 4209 605 4261 ad
639 4208 689 4262 id
720 4209 862 4278 quod
895 4207 1136 4263 hmretici
1168 4207 1378 4271 dicunt,
1425 4206 1698 4259 diversum
1749 4203 1961 4258 scilicet
1991 4217 2111 4257 esse

535 4300 738 4367 justum
771 4315 801 4353 a
838 4300 997 4363 bono,
1047 4300 1141 4353 sed
1179 4300 1323 4368 quod
1365 4298 1462 4369 ipsi
1511 4311 1618 4353 non
1652 4296 1970 4363 explanant.
1997 4295 2112 4350 esi-

539 4389 826 4445 stimantes
866 4389 1066 4457 iustqu
1124 4390 1341 4458 quidem
1393 4401 1514 4442 esse
1565 4387 1750 4441 mundi
1805 4385 2108 4456 Opificem,

540 4479 744 4535 Christi
774 4490 954 4536 autem
994 4480 1208 4536 Patrem
1237 4481 1434 4536 bonum
1461 4520 1478 4545 ,
1510 4495 1626 4535 mea
1681 4479 1950 4535 sententia
1970 4517 1987 4544 ,
2021 4494 2114 4533 ac-

541 4580 730 4626 curate
770 4572 1146 4637 exatuinatum
1189 4582 1370 4642 posset
1401 4572 1505 4627 dici
1538 4573 1605 4627 de
1635 4571 1795 4626 Patre
1840 4580 1895 4624 et
1929 4570 2069 4624 Filio
2093 4609 2109 4631 ,

540 4665 680 4722 Filio
710 4667 928 4736 quidem
950 4666 1498 4733 exsistentejustitia,
1525 4665 1613 4735 qui
1642 4667 1849 4735 accepit
1874 4674 2112 4733 potesta-

544 4768 650 4813 tem
710 4758 942 4813 faciendi
995 4757 1258 4827 judicium
1293 4796 1310 4822 ,
1365 4758 1614 4827 quoniam
1662 4755 1836 4810 Filius
1885 4757 2114 4810 hominis

542 4860 615 4904 est
635 4850 773 4916 ",et
803 4850 1059 4915 iudicabit
1086 4853 1262 4903 orbem
1285 4858 1543 4903 terrarum
1572 4850 1626 4901 in
1644 4848 1858 4918 justitia
1895 4848 1974 4914 ³⁸⁵;
2012 4848 2114 4900 Pa-

544 4951 628 4997 tre
657 4957 785 4999 rero
809 4946 925 5012 (eos
956 4944 1048 5012 qui
1070 4945 1121 4997 in
1142 4943 1257 4997 Filii
1291 4941 1504 5011 justitia
1538 4942 1734 4996 eruditi
1769 4942 1966 4995 fuerint
1990 4952 2112 5010 post

543 5038 745 5093 Christi
776 5054 1000 5110 regnum
1034 5037 1302 5095 beneficio
1333 5035 1762 5105 aﬂieiente)boni
1792 5037 2111 5091 vocabulum

546 5129 803 5198 operibus
847 5142 1135 5185 ostensum
1159 5170 1174 5194 ,
1206 5130 1420 5199 quando
1450 5129 1615 5182 fuerit
1670 5124 1811 5182 Deus
1841 5128 2019 5181 ornnia
2058 5128 2111 5181 in

545 5220 796 5277 omnibus
835 5221 904 5277 ³⁸.
940 5222 1109 5288 Cujus
1149 5222 1395 5275 fortassis
1442 5218 1655 5287 justitia
1716 5219 1975 5274 Servatur
2032 5220 2116 5273 in-

547 5312 711 5367 struit
733 5313 939 5378 omnia,
970 5314 1301 5382 temporibus
1331 5312 1558 5378 idoneis,
1587 5318 1643 5366 et
1673 5311 1905 5374 ratione,
1946 5319 2001 5366 et
2028 5325 2119 5365 or-

2272 2556 2357 2609 40.
2405 2554 2595 2621 "An-a5
2642 2556 2700 2609 δὲ
2760 2555 3150 2610 διασταλέντων
3193 2554 3288 2608 τοῦ
3343 2554 3505 2625 ἡμῖν,
3550 2555 3646 2609 καὶ
3688 2555 3789 2607 τοῦ

2201 2647 2409 2715 ἁπλῶς
2427 2665 2441 2679 ’
2469 2648 2614 2718 ἡμῖν
2643 2648 2764 2718 μὲν,
2789 2649 2885 2702 καὶ
2913 2648 3010 2718 οὐχ
3043 2646 3230 2712 ἁπλῶς
3258 2646 3352 2701 τοῦ
3385 2646 3663 2719 ἀγιασμοῦ
3691 2646 3783 2702 καὶ

2201 2739 2301 2809 τῆς
2325 2737 2773 2810 ἀπολυτρώσεως·
2793 2740 2887 2791 καὶ
2908 2738 3051 2806 ἡμῖν
3070 2737 3126 2790 δὲ
3147 2738 3241 2791 καὶ
3267 2736 3452 2801 ἁπλῶς
3473 2737 3575 2809 τῆς
3593 2737 3783 2807 σοφίας

2203 2833 2298 2885 καὶ
2323 2833 2419 2902 τῆς
2452 2830 2752 2901 δυνάμεως,
2792 2831 2890 2884 οὐκ
2926 2829 3278 2894 ἀνεξέταστον
3310 2829 3497 2882 ἐατέον
3529 2828 3623 2882 τὸν
3658 2828 3783 2900 περὶ

2204 2922 2304 2992 τῆς
2334 2920 2676 2992 δικαιοσύνης
2706 2920 2879 2989 λόγον.
2910 2920 3018 2973 Καὶ
3047 2920 3130 2973 ὃτι
3159 2919 3256 2989 μὲν
3294 2919 3425 2989 ἡμῖν
3470 2917 3785 2988 δικαιοσύνη

2207 3012 2462 3085 Χριστὸς,
2513 3011 2671 3080 δῆλον
2702 3012 2765 3063 ὲκ
2787 3008 2909 3063 τοῦ·
2948 3011 3044 3075 Ὃς
3096 3007 3349 3079 ἐγενήθη
3407 3009 3598 3077 σοφία
3645 3006 3785 3077 ἡμῖν

2205 3105 2325 3159 ἀπὸ
2352 3105 2520 3164 Θεοῦ.
2551 3103 2905 3169 δικαιοσύνη
2930 3117 3015 3164 τε,
3039 3101 3137 3154 καὶ
3164 3100 3478 3170 ἁγιασμὸς,
3511 3100 3611 3155 καὶ
3648 3101 3788 3154 ἀπο-

2203 3198 2519 3265 λύτρωσις-⁸
2554 3195 2649 3247 ἐὰν
2663 3195 2719 3248 δὲ
2739 3193 2812 3266 μὴ
2830 3193 3169 3265 εὑρίσκωμεν
3186 3191 3370 3255 ἁπλῶς
3397 3192 3561 3246 αὐτὸν
3586 3191 3784 3246 δικαιοο

2206 3290 2403 3361 σύνην,
2444 3289 2630 3360 ὥσπερ
2664 3286 2848 3351 ἁπλῶς
2882 3286 3073 3355 σοφίαν
3100 3285 3194 3337 καὶ
3228 3284 3453 3354 δύναμιν
3486 3284 3625 3338 Θεοῦ
3646 3326 3660 3346 ,
3692 3284 3788 3354 βα-

2206 3382 2483 3436 σανιστέον
2508 3384 2557 3438 εί
2585 3381 2679 3435 καὶ
2707 3377 2856 3449 αὐτῷ
2884 3377 2960 3449 τῷ
2989 3375 3207 3449 Χριστῷ
3229 3416 3244 3440 ,
3274 3375 3463 3447 ὥσπερ
3514 3374 3785 3445 ἁγιασμὸς
3882 3392 3883 3401 η

2204 3477 2233 3528 ὁ
2266 3475 2475 3547 Πατὴρ,
2507 3473 2650 3527 οὕτω
2673 3474 2767 3527 καὶ
2793 3470 3104 3542 δικαιοσύνη
3130 3472 3158 3524 ὁ
3187 3470 3393 3541 Πατήρ.
3412 3470 3524 3523 Kal
3552 3470 3663 3542 γὰρ
3689 3470 3784 3522 οὐκ

2207 3567 2391 3622 ἀδικία
2424 3566 2575 3639 παρὰ
2595 3566 2673 3638 τῷ
2705 3564 2845 3637 Θεῷ,
2872 3567 2965 3619 καὶ
2996 3564 3202 3627 δίκαιος
3243 3564 3338 3617 καὶ
3372 3564 3519 3626 ὅσιος
3559 3564 3784 3634 Κύριος,

2207 3662 2301 3715 καὶ
2333 3662 2388 3713 ὲν
2411 3659 2723 3730 δικαιοσύνῃ
2756 3658 2825 3712 τὰ
2852 3658 3093 3729 κρίματα
3122 3655 3287 3710 αὑτοῦ
3306 3672 3318 3686 ⁸
3345 3655 3552 3719 δίκαιος
3591 3655 3647 3709 δὲ
3690 3655 3785 3720 ὢν,

2206 3747 2431 3811 δικαίως
2476 3747 2545 3800 τὰ
2597 3747 2775 3800 πάντα
2826 3747 3022 3801 διέπει.
3065 3746 3139 3799 Τὸ
3179 3745 3237 3799 δὲ
3274 3745 3303 3798 ὃ
3335 3741 3404 3817 ἦν
3432 3744 3497 3799 ἂν
3522 3747 3654 3810 τοὺς
3683 3745 3789 3800 ἀπὸ

2207 3838 2315 3893 τῶν
2350 3838 2459 3910 (46)
2487 3839 2752 3909 αἱρέσεων
2784 3841 2864 3903 είς
2904 3839 2965 3892 τὸ
3007 3838 3191 3909 ἕτερον
3234 3839 3406 3890 εἰπεῖν
3450 3838 3541 3891 τὸν
3584 3837 3789 3892 δίκαιον

2209 3928 2300 3982 τοῦ
2323 3927 2547 3997 ἀγαθοῦ,
2587 3928 2660 3999 μὴ
2683 3928 2957 3999 τρανωθὲν
2977 3928 3033 3981 δὲ
3060 3929 3189 3999 παρ’
3226 3928 3425 3992 αὐτοῖς,
3456 3927 3689 3999 οἰηθεῖσι
3708 3927 3786 3981 δί-

2210 4037 2362 4073 καιον
2398 4020 2495 4089 μὲν
2518 4015 2655 4073 εἶναι
2684 4020 2774 4072 τὸν
2807 4019 3164 4091 δημιουργὸν,
3211 4019 3410 4087 ἀγαθὸν
3454 4018 3513 4072 δὲ
3555 4020 3651 4073 τὸν
3696 4020 3786 4073 τοῦ

2210 4110 2447 4183 Χριστοῦ
2469 4111 2710 4182 Πατέρα,
2746 4108 2896 4182 οἶμαι
2926 4112 3043 4182 μετ’
3077 4110 3376 4176 ἐξετάσεως
3408 4110 3516 4181 (47)
3544 4111 3788 4184 ἀκριϐῶς

2214 4201 2538 4273 βασανισθὲν
2567 4202 2827 4256 δύνασθαι
2857 4202 3109 4271 λέγεσθαι
3163 4204 3254 4256 ἐπὶ
3304 4202 3398 4256 τοῦ
3437 4204 3655 4275 Πατρὺς
3695 4203 3787 4257 καὶ

2212 4293 2305 4347 τοῦ
2334 4292 2462 4347 Υίοῦ
2483 4311 2496 4324 ·
2525 4294 2618 4347 τοῦ
2655 4295 2752 4367 μὲν
2780 4294 2909 4348 Υίοῦ
2938 4295 3294 4367 τυγχάνοντος
3319 4294 3668 4366 δικαιοσύνης
3687 4338 3700 4360 ,
3732 4295 3789 4360 ὃς

2213 4386 2401 4442 ἔλαϐεν
2427 4387 2673 4455 ἐξουσίαν
2702 4389 2879 4462 κρίσιν
2913 4394 3085 4444 ποιεῖν
3104 4430 3118 4454 ,
3156 4390 3276 4444 ’Ότι
3315 4389 3446 4456 Υἱὸς
3475 4390 3788 4459 ἀνθρώπου

2213 4482 2365 4547 ἐστὶ,
2396 4482 2495 4536 καὶ
2515 4482 2709 4551 κρινεῖ
2734 4482 2849 4552 τὴν
2885 4483 3243 4554 οἰκουμένην
3285 4483 3355 4536 ἐν
3395 4482 3752 4552 δικαιοσύνῃ
3773 4502 3789 4513 ·

2214 4569 2308 4622 τοῦ
2337 4570 2395 4623 δὲ
2423 4571 2634 4644 Πατρὸς
2664 4573 2792 4636 τοὺς
2812 4574 2870 4626 ἐν
2908 4577 2973 4645 τῇ
3003 4573 3319 4645 δικαιοσύνῃ
3356 4572 3451 4627 τοῦ
3490 4573 3625 4627 Υίοῦ
3668 4590 3791 4628 παι-

2214 4661 2498 4726 δευθέντας
2534 4663 2671 4734 μετὰ
2694 4665 2790 4737 τὴν
2806 4666 3040 4739 Χριστοῦ
3067 4665 3338 4737 βασιλείαν
3356 4665 3788 4737 εὐεργετοῦντος,

2216 4754 2312 4824 τὴν
2377 4756 2602 4825 ἀγαθὸς
2641 4760 3009 4831 προσηγορίαν
3039 4759 3218 4830 ἔργοις
3243 4759 3526 4825 δείξοντος,
3551 4760 3681 4813 ὅταν
3710 4756 3793 4828 γέ-

2217 4862 2374 4916 νηται
2401 4848 2430 4899 ὁ
2457 4846 2589 4910 Θεὸς
2617 4848 2684 4902 τὰ
2713 4850 2890 4904 πάντα
2912 4852 2968 4902 ἐν
3001 4851 3155 4902 πᾶσι.
3194 4848 3304 4900 Καὶ
3335 4848 3474 4918 τάχα
3514 4850 3582 4919 τῇ
3629 4843 3791 4902 αὐτοῦ

2218 4936 2529 5012 δικαιοσύνῃ
2569 4940 2598 4992 ὁ
2632 4940 2821 5013 Σωτὴρ
2856 4940 3164 5015 εὐτρεπίζει
3202 4940 3270 4994 τὰ
3330 4940 3537 5004 πάντα,
3584 4941 3793 5010 καιροῖς

2198 5030 2562 5102 ξὲπιτηδείοις,
2594 5033 2688 5086 καὶ
2709 5033 2874 5105 λόγῳ,
2917 5035 3010 5088 καὶ
3050 5033 3222 5100 τάξει,
3252 5032 3345 5087 καὶ
3378 5031 3635 5086 κολάσεσι
3660 5071 3675 5095 ,
3704 5029 3795 5084 καὶ

2219 5125 2353 5191 τοῖς,
2382 5123 2448 5177 ἵν’
2481 5123 2654 5189 οὕτως
2692 5124 2859 5190 εἴπω,
2902 5127 3286 5197 πνευματικοῖς
3323 5121 3487 5177 αὑτοῦ
3533 5122 3795 5193 ἰατρικοῖς

2225 5215 2391 5287 βοηθή
2400 5232 2553 5287 μασι,
2580 5216 2714 5288 πρὸς
2738 5216 2799 5269 τὸ
2823 5216 3072 5288 χωρῆσαι
3093 5218 3184 5270 ἐπὶ
3199 5216 3339 5269 τέλει
3362 5214 3460 5286 τὴν
3483 5211 3795 5281 ἀγαθότητα

2221 5307 2316 5361 τοῦ
2346 5306 2580 5379 Πατρὸς,
2605 5309 2795 5379 ἥντινα
2844 5311 3041 5381 νοήσας
3072 5309 3209 5380 πρὸς
3248 5307 3339 5360 τὸν
3384 5303 3667 5374 Μονογενῆ
3714 5299 3795 5353 λέ-

617 5474 663 5507 "
692 5473 710 5527 1
741 5474 870 5529 Cor.
901 5489 940 5534 ι,
970 5472 1059 5537 50,
1134 5474 1181 5506 ’⁸
1211 5475 1372 5529 llehr.
1405 5493 1464 5542 ιι,
1503 5476 1586 5529 ιι.
1663 5474 1706 5505 ¹⁹
1740 5472 1900 5529 ilehr.
1935 5488 2007 5538 tv,
2036 5472 2100 5526 15

2205 5472 2232 5503 πθ
2259 5471 2275 5526 Ι
2306 5472 2432 5526 Cor.
2463 5486 2501 5537 ι,
2537 5470 2626 5529 '50.
2701 5474 2745 5505 ³¹
2768 5472 2932 5530 Joan.
2963 5491 3058 5539 vn,
3086 5472 3170 5531 l8.
3244 5471 3289 5503 ³⁸
3323 5472 3489 5539 Apoc.
3522 5480 3637 5529 va,
3659 5462 3714 5526 5,
3739 5460 3790 5513 7.

548 5545 594 5578 ³⁸
624 5544 781 5599 Joan.
812 5561 864 5611 v,
887 5544 980 5601 27.
1059 5543 1104 5577 ³⁸
1140 5543 1277 5599 Psal.
1309 5561 1472 5610 xcvn,
1498 5546 1552 5601 9.
1628 5544 1673 5576 ³⁸
1700 5545 1719 5599 l
1744 5542 1871 5600 Cor.
1914 5558 2005 5611 xv,
2034 5543 2125 5597 28.

620 5681 732 5759 (5‘6)
775 5682 844 5759 Ti}
870 5682 938 5737 δὲ
960 5681 992 5737 ὃ
1025 5677 1104 5759 ἦν
1127 5682 1204 5736 ἂν
1229 5683 1388 5751 τούς,
1421 5694 1525 5738 etc.
1550 5683 1859 5755 Legendum
1893 5681 2123 5737 fortasse
2234 5682 2430 5759 "ueni,
2472 5683 2564 5759 sed
2595 5681 2721 5734 illud
2762 5685 3153 5749 repnrscntant
3197 5672 3417 5759 codices
3474 5668 3793 5726 Bodleianus
3882 5662 3883 5665 “

539 5753 602 5805 τὸ
630 5752 696 5823 *δὲ
715 5752 955 5823 κινῇσαν
986 5752 1133 5817 τούς,
1168 5765 1271 5809 etc.

620 5820 731 5891 (47)
774 5820 943 5892 οἶμαι
971 5825 1091 5891 μετ’
1125 5824 1471 5900 ἐξετάσεως.
1499 5827 1652 5884 Deest
1691 5820 1844 5896 οἶμαι
1877 5824 1927 5879 in
1963 5832 2108 5880 textu

2233 5765 2283 5808 et
2312 5752 2656 5807 Barbcrinus.
