3922 6530
81 377 145 432 93
1203 379 1563 437 COMMENT.
1603 377 1671 436 IN
1707 376 1901 436 JOAN.
1942 377 2185 436 TOMUS
2218 377 2259 434 1.
3329 386 3399 441 94

79 506 253 565 νοντα,
285 489 671 550 Διδάσκαλε
703 494 917 568 ἀγαθέ·
938 491 1107 566 φησι,
1138 496 1200 549 Τί
1223 512 1301 566 με
1336 495 1536 569 λέγεις
1562 497 1693 568 ἁγα-

1810 496 1938 553 dine
1961 537 1976 561 ,
2009 508 2062 552 et
2094 497 2473 568 punitionibus
2498 538 2516 566 ,
2554 505 2609 553 et
2641 498 3018 570 spiritualibus
3039 541 3056 566 ,
3097 510 3158 555 ut
3207 504 3280 558 ita
3312 504 3395 559 lo-

82 587 207 649 ﬂér;
242 584 476 653 Οὐδεὶς
520 589 770 658 ἀγαθὸς
798 593 850 644 el
875 589 961 660 μὴ
996 584 1104 656 εἷς,
1153 592 1186 644 ό
1236 590 1382 657 Θεὸς
1416 593 1449 644 ὁ
1476 589 1700 659 Πατήρ.

82 678 212 755 Τὸδ
244 679 444 750 ὅμοιον
476 682 546 735 ἐν
578 683 801 756 ἑτέροις
833 683 1132 754 ἐδείξαμεν,
1174 685 1268 738 καὶ
1310 685 1401 738 ἐπὶ
1432 683 1528 738 τοῦ
1586 684 1705 756 μεί-

82 769 200 836 ζονά
228 789 357 825 τινα
378 768 538 826 εἶναι
560 774 669 829 τοῦ
695 775 1049 849 δημιουργοῦ,
1067 776 1397 849 δημιουργὸν
1419 776 1518 849 μὲν
1545 778 1705 832 ἐκλα-

81 863 255 928 ϐόντες
278 865 378 918 τὸν
400 866 695 937 Χριστὸν,
725 869 945 940 μείζονα
991 870 1046 924 δὲ
1091 871 1281 925 τούτου
1323 872 1413 927 τὸν
1460 874 1704 946 Πατέρα.

90 954 234 1009 Ἐπεὶ
266 956 333 1028 δὴ
368 960 400 1011 ὁ
429 959 507 1012 τὰ
549 961 809 1016 τοσαῦτα
840 962 1121 1034 τυγχάνων
1149 1004 1163 1025 ,
1203 964 1233 1016 ὁ
1265 964 1643 1038 παράκλητος,
1676 968 1705 1020 ὁ

84 1047 322 1119 ἱλασμὸς.
358 1051 424 1103 τὸ
454 1052 820 1126 ἱλαστήριον,
858 1056 1220 1129 συμπαθήσας
1247 1061 1366 1123 ταῖς
1398 1059 1707 1123 ἀσθενείαις

81 1140 254 1212 ἡμῶν,
275 1142 359 1215 τῷ
408 1148 810 1219 πεπειρᾶσθαι
859 1148 998 1203 κατὰ
1048 1150 1228 1205 πάντα
1273 1150 1340 1205 τά
1390 1150 1706 1226 ἀνθρώπινα

82 1232 200 1286 καθ’
233 1235 553 1308 ὁμοιότητα
582 1240 768 1310 χωρὶς
786 1240 1087 1312 ἁμαρτίας,
1128 1240 1300 1312 μέγας
1334 1244 1483 1296 ἐστὶν
1520 1244 1706 1316 ἀρχιε-

86 1326 226 1395 ρεὺς,
246 1327 347 1396 οὐχ
373 1328 531 1400 ὑπὲρ
558 1330 878 1402 ἀνθρώπων
922 1331 1099 1403 μόνων
1120 1373 1134 1395 ,
1189 1333 1325 1387 ἀλλὰ
1361 1334 1457 1389 καὶ
1505 1336 1706 1401 παντὸς

83 1415 294 1485 λογικοῦ
322 1458 339 1482 ,
393 1419 504 1491 τὴν
540 1420 707 1489 ἅπαξ
755 1422 947 1477 θυσίαν
1002 1426 1456 1498 προσενεχθεῖσαν
1515 1429 1705 1483 ἑαυτὸν

84 1509 419 1578 ἀνενεγκών’
472 1512 684 1583 Χωρὶς
718 1514 830 1588 γὰρ
871 1515 1022 1570 Θεοῦ
1064 1517 1216 1587 ὑπὲρ
1267 1518 1496 1586 παντὸς
1540 1520 1706 1591 ἐγεύ-

84 1617 226 1654 σατο
270 1600 556 1657 θανάτου
594 1604 780 1676 (ὅπερ
811 1605 867 1659 ἐν
905 1624 1017 1660 τισι
1048 1610 1224 1661 κεῖται
1270 1609 1380 1679 (48)
1423 1612 1538 1673 τοῖς
1569 1610 1705 1683 πρὸς

93 1690 373 1764 Ἐϐραίους
401 1696 851 1768 ἀντιγράφοις),
884 1698 1075 1768 χάριτι
1105 1700 1254 1755 Θεοῦ
1273 1720 1287 1733 ⁸
1318 1701 1429 1755 εἴτε
1451 1701 1507 1754 δὲ
1535 1703 1704 1775 χωρὶς

83 1786 208 1841 Θεοῦ
238 1788 384 1861 ὑπὲρ
414 1791 645 1855 παντδς
674 1792 938 1861 ἐγεύσατο
975 1792 1206 1847 θανάτου
1231 1834 1246 1859 ,
1272 1795 1331 1847 οὐ
1371 1794 1529 1865 μόνον
1559 1795 1700 1866 ὑπὲρ

82 1876 376 1949 ἀνθρώπων
407 1880 735 1945 ἀπέθανεν,
769 1881 905 1935 ἀλλὰ
937 1883 1031 1936 καὶ
1056 1883 1198 1956 ὑπὲρ
1226 1884 1333 1938 τῶν
1370 1884 1574 1940 λοιπῶν
1614 1886 1701 1940 λο-

82 1970 273 2037 γικῶν·
307 1971 427 2025 εἴτε
463 1973 675 2045 χάριτι
703 1973 842 2028 Θεοῦ
875 1974 1136 2044 ἐγεύσατο
1174 1976 1268 2031 τοῦ
1313 1978 1454 2049 ὑπὲρ
1498 1980 1700 2045 παντὸς

81 2063 319 2129 θανάτου,
348 2065 506 2137 ὑπὲρ
534 2066 776 2122 πάντων
808 2069 979 2139 χωρὶς
1009 2069 1144 2124 θεοῦ
1198 2070 1436 2126 ἀπέθανε
1457 2089 1471 2102 ·
1517 2073 1699 2145 χάριτι

81 2155 176 2228 γὰρ
199 2155 337 2211 Θεοῦ
362 2158 520 2230 ὑπὲρ
552 2159 774 2224 παντὸς
820 2161 1082 2230 ἐγεύσατο
1129 2161 1394 2218 θανάτου·
1448 2164 1543 2218 καὶ
1591 2163 1700 2237 γὰρ

81 2249 265 2303 ἄτοπον
298 2250 452 2323 ὑπὲρ
474 2250 863 2324 ἀνθρωπίνων
909 2254 1008 2325 μὲν
1039 2255 1201 2309 αὐτὸν
1245 2257 1475 2326 φάσκειν
1514 2259 1698 2331 ἁμαρ-

80 2340 325 2409 τημάτων
374 2341 708 2409 γεγεῦσθαι
765 2343 877 2415 (49)
930 2344 1161 2399 θανάτου
1188 2386 1202 2408 ,
1248 2347 1347 2399 οῦκ
1390 2347 1472 2402 ἔτι
1517 2349 1572 2403 δὲ
1608 2351 1700 2403 καὶ¹

81 2430 206 2503 ὑπὲρ
230 2431 399 2485 ἄλλου
426 2432 592 2498 τινὸς
619 2434 784 2506 παρὰ
808 2435 900 2489 τὸν
925 2434 1211 2508 ἄνθρωπον
1241 2439 1299 2492 ἐν
1338 2439 1699 2512 ἁμαρτήμασι

80 2525 443 2596 γεγενημένου
462 2543 478 2555 ·
500 2520 630 2580 οἷον
653 2527 803 2599 ὑπὲρ
825 2528 1039 2600 ἄστρων
1053 2528 1186 2599 (50)·
1211 2530 1333 2584 οὐδὲ
1354 2532 1465 2585 τῶν
1486 2534 1699 2605 ἄστρων

81 2616 280 2681 πάντως
315 2617 605 2691 καθαρῶν
632 2617 812 2672 ὄντων
842 2619 1072 2674 ἐνώπιον
1103 2621 1196 2675 τοῦ
1227 2621 1383 2687 Θεοῦ,
1428 2624 1505 2688 ὼς
1535 2626 1595 2678 ἐν
1622 2624 1700 2697 τῷ

90 2701 197 2755 Ὶὼϐ
223 2704 570 2777 ἀνέγνωμεν
596 2723 613 2737 ·
665 2708 906 2776 ’Ἄστρα
937 2708 1005 2763 δὲ
1051 2713 1125 2764 οὐ
1176 2712 1406 2783 καθαρὰ
1441 2714 1702 2769 ἐνώπιον

80 2796 268 2863 αὑτοῦ,
297 2800 349 2851 εί
397 2798 482 2871 μὴ
525 2800 647 2872 ἄρα
685 2800 1063 2871 ὑπερϐολικῶς
1114 2802 1273 2857 τοῦτο
1305 2807 1540 2878 εἴρηται.
1601 2810 1698 2863 Διὰ

80 2890 220 2944 τοῦτο
248 2893 434 2963 μέγας
461 2894 632 2947 ἐστὶν
659 2894 978 2966 ἀρχιερεὺς,
1010 2896 1310 2971 ἐπειδήπερ
1356 2902 1533 2956 πάντα
1565 2904 1700 2956 ἀπο-

80 2981 354 3054 καθίστησι
380 2987 455 3055 τῇ
484 2984 590 3038 τοῦ
621 2985 851 3057 [Ia-cpe;
877 2986 1141 3060 βασιλείᾳ,
1192 2991 1493 3063 οἰκονομῶν
1538 2995 1606 3048 τὰ
1639 2998 1698 3049 ἐν

80 3075 274 3148 ἑκάστῳ
301 3077 421 3130 τῶν
465 3077 740 3147 γενητῶν
788 3077 981 3151 ἐλλιπῆ
1020 3081 1522 3156 ἀναπληρωθῆναι,
1559 3085 1697 3159 πρὸς

1807 605 1968 657 quar.
2005 589 2225 645 auxiliis
2257 590 2371 645 suis
2422 590 2841 647 medicinalibus
2876 594 2945 647 ad
2975 593 3301 664 capiendum
3338 601 3390 651 iu

1808 684 1914 738 fine
1949 683 2129 738 Patris
2158 684 2476 740 bonitatem.
2510 682 2680 752 Cujus
2711 685 2820 739 vim
2850 685 3020 754 probe
3048 695 3242 742 tenens
3267 688 3398 744 Ser-

1808 787 1967 831 vator
1997 775 2074 829 illi
2129 776 2219 847 qui
2268 776 2372 832 sibi
2405 774 2701 848 Unigenito
2729 777 2948 832 dicebat
2982 776 3049 842 ⁸⁶,
3092 775 3397 849 Prwceptor

1808 868 1963 932 bone,
1999 866 2112 922 Cur
2173 884 2280 934 me,
2325 869 2523 940 inquit,
2551 868 2788 939 appellas
2826 867 3018 923 bonum
3044 871 3070 925 ἵ
3099 866 3272 923 Nemo
3301 874 3397 924 bo-

1807 976 1906 1015 nus
1936 963 2042 1016 nisi
2079 979 2237 1027 unus,
2269 977 2464 1033 nempe
2512 961 2608 1017 ille
2658 961 2822 1028 Deus,
2853 961 2946 1017 ille
2986 960 3172 1017 Pater.
3203 960 3396 1018 Simile

1805 1068 1938 1109 vero
1970 1054 2134 1108 etiam
2185 1055 2236 1109 iu
2287 1054 2408 1109 aliis
2443 1054 2819 1120 ostendimus,
2853 1063 2966 1110 tum
2996 1069 3128 1110 vero
3157 1055 3397 1111 maxime

1808 1147 1861 1200 in
1892 1146 1996 1201 hoc
2031 1146 2176 1217 quod
2224 1146 2411 1202 dicunt
2451 1144 2719 1214 majorem
2766 1160 2889 1203 esse
2935 1145 3174 1216 aliquem
3206 1146 3394 1202 mundi

1806 1238 2050 1307 Opifice,
2103 1254 2197 1308 per
2225 1238 2408 1293 tuundi
2461 1239 2730 1309 Opificem
2776 1236 3205 1307 interpretantes
3230 1236 3395 1293 Chri-

1805 1338 1945 1385 stum
1976 1370 1993 1394 ,
2038 1344 2135 1400 per
2187 1329 2289 1386 hoc
2322 1344 2450 1385 vero
2479 1328 2747 1397 majorem
2791 1328 3038 1385 Patrem.
3095 1320 3393 1398 Hic'igitur

1806 1422 1896 1492 qui
1936 1431 2012 1477 tot
2055 1422 2367 1477 nominibus
2418 1430 2789 1492 nuncupatur,
2824 1422 3163 1488 advocatus,
3195 1420 3387 1491 propi-

1809 1515 2001 1577 tialio,
2056 1514 2497 1585 propitiatorium
2528 1555 2545 1581 ,
2595 1527 2918 1584 compassus
2969 1512 3390 1569 infirmitatibus

1784 1610 2030 1672 -unstris,
2063 1616 2303 1662 tentatus
2326 1608 2378 1661 in
2416 1606 2673 1661 omnibus
2713 1606 2969 1661 humanis
3009 1605 3164 1675 juxta
3193 1605 3393 1662 simili.-

1808 1704 2046 1756 tudinem
2080 1703 2195 1756 sine
2226 1712 2451 1771 peccato
2482 1701 2551 1766 ³⁷,
2600 1715 2832 1771 magnus
2863 1711 2950 1757 est
2970 1701 3247 1767 Pontifex,
3279 1716 3389 1757 non

1807 1794 1969 1850 modo
2000 1809 2097 1864 pro
2126 1794 2458 1857 hominibus,
2497 1793 2592 1848 sed
2622 1794 2786 1848 etiam
2820 1807 2918 1863 pro
2946 1794 3093 1849 omni
3121 1792 3270 1864 quod
3301 1808 3391 1849 ra-

1729 1863 1775 1918 Β
1805 1886 1971 1941 tionis
2015 1896 2093 1942 est
2147 1902 2340 1956 capax,
2394 1886 2628 1940 hostiam
2659 1885 2831 1942 semel
2872 1886 3112 1943 oblatam
3143 1863 3388 1958 seipsum

1803 1977 2035 2032 offerens
2081 1997 2093 2033 :
2129 1976 2259 2034 Sine
2305 1976 2413 2032 Deo
2459 1975 2630 2044 enim,
2672 1976 2759 2032 vel
2796 1992 2891 2047 per
2918 1980 3147 2047 gratiam
3178 1977 3275 2033 Dei
3308 1976 3392 2047 (ut

1803 2073 1857 2127 iu
1888 2071 2213 2144 quibusdam
2263 2069 2673 2140 exetuplaribns
2716 2070 2975 2141 Epistula:
3015 2071 3084 2126 ad
3122 2070 3381 2128 Hebraeos

1802 2162 2067 2235 ponitur),
2100 2180 2195 2234 pro
2223 2164 2364 2216 omni
2386 2163 2611 2232 gustavit
2630 2171 2853 2216 mortem
2874 2163 2917 2194 ³⁸
2952 2179 2968 2216 ι
3000 2163 3094 2218 sed
3121 2163 3237 2218 sive
3268 2164 3390 2218 sine

1806 2257 1915 2311 Deo
1949 2272 2049 2326 pro
2099 2256 2246 2308 omni
2300 2256 2544 2325 gustavit
2573 2260 2805 2310 mortem
2832 2292 2848 2318 ,
2899 2252 3009 2327 42
3051 2268 3157 2309 non
3209 2253 3385 2310 solum

1801 2364 1898 2419 pro
1936 2348 2251 2403 hominibus
2295 2357 2544 2401 mortuus
2588 2356 2695 2412 est,
2736 2361 2926 2401 verum
2958 2347 3122 2401 etiam
3152 2362 3253 2418 pro
3282 2360 3390 2401 ca:-

1805 2444 1937 2497 tcris
1973 2442 2204 2495 rationis
2235 2441 2529 2509 capacibus
2564 2458 2577 2494 :
2612 2440 2729 2495 sive
2756 2454 2854 2509 per
2898 2440 3133 2509 gratiam
3163 2439 3256 2495 Dei
3290 2455 3391 2509 pro

1801 2534 1951 2590 omni
1981 2536 2221 2605 gustavit
2247 2544 2501 2600 mortem,
2540 2548 2639 2603 pro
2670 2531 2925 2588 omnibus
2952 2534 3073 2588 sine
3106 2533 3213 2588 Deo
3238 2546 3387 2587 more

1805 2639 1929 2684 tuus
1961 2638 2044 2683 est
2073 2647 2085 2682 :
2119 2643 2215 2696 per
2244 2628 2478 2696 gratiam
2516 2642 2754 2697 namque
2807 2627 2899 2682 Dei
2949 2640 3051 2695 pro
3091 2626 3242 2680 omni
3291 2641 3391 2695 gu-

1801 2720 1974 2776 stavit
2004 2731 2234 2774 mortem
2268 2720 2513 2773 :etenim
2565 2720 2859 2775 absurdum
2896 2730 2979 2774 est
3015 2733 3115 2788 pro
3146 2720 3389 2790 peccatis

1800 2811 2023 2879 quidem
2068 2812 2321 2865 Immanis
2353 2811 2537 2866 dicere
2564 2826 2687 2867 eum
2718 2823 2949 2867 mortem
2973 2794 3243 2880 gustasse,
3277 2824 3386 2865 um

1803 2906 1873 2955 ita
1912 2917 2041 2957 vero
2086 2917 2185 2972 pro
2231 2902 2659 2972 quibuscunque
2713 2904 2877 2958 etiam
2915 2903 3037 2957 aliis
3064 2902 3157 2972 qui
3189 2912 3388 2972 praeter

1801 2997 2071 3051 hominem
2106 2998 2158 3047 iu
2187 2996 2425 3064 peccatis
2449 2996 2825 3062 essent,verbi
2855 2996 3032 3066 gratia
3061 3011 3160 3065 pro
3194 2997 3383 3057 astris,

1800 3087 2055 3142 nimirum
2111 3101 2286 3154 neque
2336 3086 2500 3140 astris
2554 3086 2784 3141 omnino
2831 3101 3017 3140 coram
3080 3086 3189 3142 Deo
3232 3086 3386 3156 puris

75 3167 394 3240 τὺχωρῆσαι
420 3169 601 3235 δόξαν
627 3171 931 3243 πατρικήν.
965 3168 1133 3238 Οὗτος
1163 3177 1191 3227 ὁ
1223 3177 1513 3249 ἀρχιερεὺς
1554 3181 1693 3234 κατά

76 3275 176 3281 --μμ
213 3262 373 3281 ικιγκ
444 3262 603 3281 Ῠνκὲν
648 3261 711 3281 ,1,
750 3264 790 3281 ,ν
852 3280 857 3281 ,
928 3264 939 3281 Ι
1043 3267 1055 3281 ο
1118 3265 1129 3281 ο
1329 3270 1360 3281 ι·
1413 3269 1460 3281 ια
1590 3272 1601 3281 ι

1811 3182 2226 3245 cxsistcntibus,
2251 3181 2417 3235 veluti
2443 3180 2673 3248 legimus
2703 3181 2842 3250 apud
2873 3180 2977 3235 ιρι)
3003 3180 3049 3212 ³³
3073 3198 3088 3235 ι
3120 3181 3274 3235 Astra
3296 3197 3388 3234 au-

75 3275 180 3313 τινα
208 3262 411 3334 ἑτέραν
435 3262 608 3334 παρὰ
639 3261 716 3316 τὰ
742 3264 1010 3335 εἰρημένα
1040 3265 1282 3321 ἐπίνοιαν
1329 3269 1527 3335 Ἰούδας
1578 3272 1694 3326 ὀνο-

80 3354 314 3423 μάζεται,
351 3357 444 3410 ἵνα
476 3359 533 3410 οἱ
558 3360 624 3410 ἐν
650 3357 891 3427 κρυπτῷ
933 3359 1176 3414 Ἰουδαῖοι
1209 3361 1282 3432 μὴ
1308 3362 1415 3415 ἀπὸ
1444 3364 1535 3417 τοῦ
1561 3366 1690 3419 Υίοῦ

88 3446 263 3500 Ἰακὼϐ
305 3449 490 3504 Ἰούδα
524 3449 793 3502 Ἰουδαῖοι
823 3466 928 3521 χρη
938 3452 1254 3521 ματίζωσιν,
1282 3454 1416 3509 ἀλλὰ
1436 3457 1543 3510 ἀπὸ
1568 3458 1693 3511 τού-

75 3557 176 3604 του,
201 3543 355 3608 ὄντες
389 3543 575 3598 αὐτοῦ
609 3541 869 3611 ἀδελφοὶ,
901 3543 997 3596 καὶ
1029 3544 1305 3610 αἰνοῦντες
1330 3548 1512 3614 αὐτὸν,
1546 3551 1694 3605 ἀντι-

78 3630 467 3707 λαμϐανόμενοι
493 3637 606 3709 τῆς
633 3636 962 3710 ἐλευθερίας
983 3680 997 3703 ,
1024 3640 1092 3710 ἢν
1139 3642 1549 3716 ἐλευθεροῦνται
1596 3648 1689 3701 ὑπ’

78 3717 242 3791 αὺτοῦ,
275 3730 595 3801 ῥυσθέντες
628 3730 749 3784 ἀπὸ
774 3730 885 3784 τῶν
916 3731 1126 3802 ἐχθρῶν
1158 3734 1348 3799 αὑτοῦ,
1380 3736 1479 3801 τὰς
1502 3740 1693 3809 χεῖρας

76 3818 221 3873 αὑτοῦ
246 3822 325 3892 τῷ
355 3821 530 3893 νώτῳ
556 3822 758 3875 αὐτῶν
789 3822 1127 3889 ἐπιτιθέντος
1145 3865 1160 3889 ,
1190 3828 1282 3879 καὶ
1324 3829 1692 3896 ὑποτάξαντος

76 3911 271 3977 αὐτούς.
310 3913 484 3968 Ἀλλὰ
517 3917 626 3968 καὶ
664 3914 969 3987 πτερνίσας
987 3917 1086 3989 τὴν
1118 3916 1499 3992 ἀντικειμένην
1537 3922 1690 3996 ἐνέρ-

76 4021 229 4071 γειαν,
264 4010 434 4080 μόνος
461 4026 527 4062 τε
555 4008 717 4080 ὀρῶν
747 4008 843 4060 τὸν
868 4009 1106 4081 Πατέρα,
1135 4012 1229 4065 καὶ
1261 4013 1349 4065 ὅτε
1403 4015 1693 4088 ἄνθρωπος

77 4101 372 4173 γεγένηται,
423 4101 644 4156 Ἰακώϐ
674 4103 799 4154 ἐστι
826 4104 921 4155 καὶ
956 4103 1202 4175 Ἰσραὴλ,
1249 4107 1343 4175 ἀφ’
1364 4100 1425 4160 οῦ
1446 4149 1460 4172 ,
1500 4109 1689 4184 ὥσπερ

78 4195 320 4265 γινόμεθα
354 4196 504 4265 φῶς,
542 4195 743 4266 φωτὸς
786 4195 953 4260 ὅντοςὴ
968 4197 1061 4250 τοῦ
1098 4199 1333 4269 κόσμου,
1376 4202 1548 4268 οὕτως
1582 4206 1683 4258 Ία.

79 4286 195 4354 κὼϐ,
218 4290 580 4360 καλουμένου
628 4286 858 4354 Ἰακὼϐ,
893 4292 986 4343 καὶ
1014 4292 1250 4364 Ἰσραὴλ,
1285 4294 1687 4367 ὀνομαζομένου

87 4380 300 4455 Ἰσραήλ.

1800 3288 1902 3330 tem
1946 3292 2048 3329 uou
2088 3286 2208 3328 sum
2258 3274 2455 3328 munda
2492 3275 2548 3327 in
2581 3284 2858 3343 conspectu
2903 3275 3054 3345 ejus,
3100 3274 3210 3329 nisi
3248 3274 3388 3330 forte

1801 3369 1904 3424 hoc
1942 3366 2293 3440 hyperbolice
2332 3367 2538 3420 dictum
2569 3374 2677 3422 est.
2711 3365 2793 3422 Ob
2838 3379 2958 3421 eam
2989 3380 3216 3421 causam
3269 3382 3387 3419 ma-

1800 3478 1939 3532 gnus
1970 3470 2054 3514 est
2087 3458 2365 3522 Pontifex,
2392 3458 2651 3526 quoniam
2684 3455 3061 3527 reguoPatris
3082 3457 3263 3512 omnia
3296 3472 3386 3512 re-

1798 3555 1994 3619 stituit,
2033 3553 2237 3608 faeiens
2266 3566 2329 3605 ea
2356 3549 2552 3621 repleri
2594 3566 2715 3618 qua:
2765 3552 2818 3605 in
2866 3564 3197 3622 unoquoque
3240 3566 3388 3605 mor-

1803 3647 1988 3700 talium
2037 3647 2253 3706 desunt,
2285 3651 2342 3695 ut
2369 3643 2590 3711 capiant
2625 3652 2908 3713 paternam
2945 3643 3198 3714 gloriam.
3234 3643 3386 3698 Sane

1798 3740 1886 3793 hic
1921 3753 2145 3807 magnus
2187 3734 2435 3788 Pontifex
2463 3732 2617 3801 juxta
2679 3734 2844 3789 aliam
2886 3735 3384 3791 considerationem

1792 3830 1964 3884 Judas
1994 3837 2241 3890 vocatur,
2273 3835 2330 3879 ut
2356 3826 2449 3895 qui
2479 3826 2531 3878 in
2564 3825 2779 3881 occulto
2805 3834 2934 3880 sunt
2962 3823 3137 3881 Judtei
3169 3826 3239 3893 ⁴⁰,
3275 3843 3383 3881 ιιυιι

1796 3940 1823 3976 a
1857 3920 1996 3976 Juda
2028 3920 2198 3975 Jacob
2227 3918 2336 3972 tilio
2371 3918 2747 3984 nominentur,
2773 3918 2867 3972 sed
2893 3917 2962 3970 ab
2989 3919 3114 3982 hoc,
3143 3918 3386 3973 existen-

1795 4026 1876 4071 tes
1909 4015 2079 4086 ipsius
2117 4013 2319 4066 fratres
2343 4051 2359 4075 ,
2407 4021 2462 4065 et
2490 4009 2779 4066 laudantes
2807 4010 2934 4065 eum
2963 4009 3031 4076 ⁸³,
3069 4011 3383 4078 adipiscen-

1798 4118 1878 4161 tes
1930 4106 2260 4167 libertatem,
2307 4118 2411 4171 qua
2455 4101 2758 4157 liberantur
2787 4100 2857 4157 ab
2902 4104 3044 4169 ipso,
3071 4112 3125 4159 et
3156 4103 3381 4159 liberati

1797 4202 1865 4253 ab
1902 4200 2150 4253 hostibus
2175 4197 2312 4258 suis,
2365 4194 2482 4264 ipso
2511 4194 2725 4250 scilicet
2755 4210 2951 4252 manus
2998 4212 3128 4252 suas
3174 4198 3230 4252 in
3260 4198 3384 4253 illo-

1800 4310 1916 4347 rum
1944 4296 2160 4347 dursum
2186 4291 2495 4359 iuipouente
2524 4298 2582 4345 et
2606 4289 2934 4359 subjiciente
2961 4291 3383 4362 ipsos.Prceter-

1799 4405 1861 4443 ea
1896 4402 2017 4440 cum
2076 4381 2509 4453 supplantaverit
2543 4384 2812 4439 actionem
2844 4386 3174 4455 oppositam,
3199 4395 3256 4442 et
3289 4401 3381 4443 so-

78 4471 148 4528 lus
171 4478 348 4531 videat
378 4476 624 4531 Patrem
666 4476 864 4542 (etiam
896 4478 1115 4545 quando
1144 4479 1306 4533 homo
1337 4479 1513 4536 factus
1538 4484 1665 4554 est),
1703 4484 1870 4541 Jacob
1902 4489 1986 4536 est
2034 4489 2087 4532 et
2140 4478 2331 4539 Israel,
2374 4493 2403 4531 a
2449 4492 2556 4545 quo
2584 4486 2774 4531 vocato
2802 4475 2969 4534 Jacob
2997 4489 3051 4532 et
3081 4479 3274 4545 lsrael,
3308 4478 3382 4533 ita

79 4577 315 4625 vocamur
343 4572 523 4628 etiam
556 4586 670 4625 nos
704 4568 885 4623 Iacob
909 4580 958 4624 et
986 4570 1176 4637 Israel,
1206 4583 1266 4625 ut
1294 4576 1360 4625 ab
1396 4575 1533 4645 ipso.
1571 4580 1663 4645 qui
1692 4591 1773 4634 est
1808 4577 1895 4631 lux
1934 4576 2142 4637 mundi,
2169 4572 2257 4624 lux
2293 4574 2455 4626 etiam
2491 4586 2887 4641 nuncupantur.

133 4666 213 4721 Η.
260 4668 420 4721 Ἐπεὶ
444 4667 509 4720 δὲ
544 4664 992 4737 παραλαμϐάνει
1025 4666 1122 4737 τὴν
1157 4667 1433 4737 βασιλείαν
1463 4672 1572 4724 ἀπὸ
1595 4672 1693 4742 βα-

1866 4674 1956 4727 ιι.
1988 4670 2261 4737 Quoniam
2285 4676 2467 4719 autem
2495 4666 2692 4734 accipit
2717 4680 2945 4737 regnum
2977 4680 3007 4719 ιι
3043 4680 3193 4737 rege,
3215 4680 3381 4736 quem

79 4759 270 4824 σιλέως,
291 4762 355 4815 ὃν
384 4762 625 4820 ἑαυτοῖς
661 4756 1027 4811 ἐϐασίλευσαν
1063 4761 1112 4812 οἱ
1148 4762 1257 4814 υἱοὶ
1307 4762 1523 4836 Ἰσραὴλ
1548 4805 1561 4827 ,
1592 4769 1686 4820 καὶ

77 4851 125 4901 οὐ
152 4851 234 4906 διὰ
257 4851 356 4906 τοῦ
380 4850 533 4905 Θεοῦ
557 4848 848 4921 ἄρξαντες
880 4848 1058 4908 αὐτὸν,
1088 4850 1183 4904 καὶ
1214 4851 1288 4923 μὴ
1318 4855 1685 4926 γνωρίσαντες

77 4940 139 5010 τῷ
166 4942 302 5015 Θεῷ,
326 4943 623 5013 πολέμους
656 4958 727 4994 τε
751 4937 852 4991 τοῦ
880 4939 1084 5011 Κυρίου
1118 4941 1370 5012 πολεμῶν
1402 4944 1683 5015 ἐτοιμάζει

76 5037 275 5108 εἰρήνην
300 5037 382 5108 τῷ
418 5034 533 5107 υἱῷ
553 5031 741 5088 αὑτοῦ
777 5032 914 5103 λαῷ,
947 5034 1086 5105 τάχα
1116 5034 1174 5088 δὲ
1197 5035 1285 5089 διά
1325 5036 1482 5091 τοῦτο
1522 5040 1685 5095 Δαυῗδ

74 5129 530 5202 προσαγορεύεται
555 5144 572 5158 ⁸
613 5126 720 5181 καὶ
755 5126 900 5197 μετὰ
913 5126 1087 5182 ταῦτα
1108 5129 1323 5197 ῥάϐδος,
1352 5134 1466 5196 τοῖς
1498 5132 1685 5203 δεομέ-

1792 4766 1894 4819 sibi
1931 4763 2290 4833 pra-fecerant
2326 4761 2418 4815 lilii
2452 4760 2637 4825 Israel,
2664 4762 2867 4831 cuique
2920 4761 3238 4829 imperium,
3270 4758 3382 4812 Deo

1792 4858 2110 4924 neutiquam
2145 4862 2441 4919 annuente,
2477 4852 2863 4916 tradiderant,
2893 4865 3072 4921 neque
3108 4851 3216 4904 Deo
3242 4864 3382 4902 con-

1793 4950 2151 5009 ciliaveraut;
2201 4956 2256 5000 et
2306 4948 2564 5014 quoniam
2609 4946 2747 5000 bella
2799 4944 3011 4998 Domini
3041 4957 3241 5012 gerens
3268 4940 3384 4996 filio

1793 5057 1893 5098 suo
1922 5044 2140 5111 (nempe
2174 5038 2393 5108 populo)
2423 5053 2609 5107 pacem
2640 5043 2942 5107 comparat,
2969 5035 3392 5093 fortassisbane

1792 5137 1864 5191 ob
1914 5149 2133 5191 causam
2169 5132 2335 5186 Davi-.l
2385 5141 2613 5186 vocatur
2644 5148 2658 5184 :
2697 5128 2893 5186 deinde
2922 5130 3080 5201 virga
3112 5129 3159 5162 δ’
3216 5130 3389 5185 nimi-

129 5244 169 5274 ⁸⁸
193 5242 547 5324 “uuluam,
581 5240 683 5302 16,
715 5240 811 5324 εἹ.
889 5240 932 5272 ³⁷
962 5240 1125 5297 llebr.
1159 5246 1349 5324 ινηιὸ.
1404 5246 1451 5279 ³⁸
1489 5246 1651 5301 llebr.
1682 5265 1693 5303 ι

1804 5289 1819 5305 .
1894 5251 1939 5283 ³⁸
1965 5250 2097 5319 Cap.
2125 5266 2251 5315 χεν,
2285 5267 2427 5307 vers.
2458 5250 2513 5305 5.
2588 5245 2639 5278 δ’
2666 5244 2819 5302 Rom.
2849 5258 2912 5311 ιι,
2938 5244 3033 5302 29.
3098 5247 3143 5277 ⁸¹
3179 5243 3292 5301 Gen
3308 5260 3384 5300 cs.

78 5330 202 5379 xm,
230 5316 287 5371 8.
361 5314 410 5349 δ’
440 5315 560 5370 lsa.
594 5328 681 5377 ιι,
720 5312 777 5365 1.

64 5412 70 5425 ⁶
132 5408 238 5475 (48)
270 5409 455 5479 Ὅπερ
477 5407 562 5463 ἕν
587 5418 725 5460 τισι
759 5401 1096 5480 κεῖται-,λικε⁸
1130 5406 1271 5480 Ιέοεο
1295 5408 1327 5478 ἢ
1355 5408 1513 5480 ὅπερ,
1552 5409 1673 5480 (Μ-

78 5492 219 5535 cenes
245 5480 384 5534 infra
411 5476 560 5535 iam.
590 5491 808 5531 xxvut.
850 5491 906 5528 u.
940 5476 1027 5537 15,
1050 5477 1103 5530 in
1134 5476 1402 5537 Joan.‘xr.
1428 5476 1518 5541 £9,
1549 5478 1634 5535 5t).
1666 5499 1678 5534 :

79 5547 166 5623 lia}.
194 5552 581 5623 συγχρήσεται
623 5546 735 5617 τῷ.
778 5546 930 5623 fimo;
968 5547 1170 5623 χάριτι,
1203 5547 1268 5623 ἢ,Δ
1320 5550 1490 5621 χωρὶς
1541 5549 1678 5604 Θεοῦ

78 5616 194 5692 ῥεῖ-,ἐρ
226 5615 431 5687 παντὸς
454 5615 748 5692 γεύσεται
785 5615 1678 5692 θανάτου(Ρυειειῂἰρέὸιίι*ιιιιοξμιιι

78 5687 196 5746 hanc
224 5687 525 5748 lectionem
571 5689 851 5758 sequitur
874 5687 1197 5743 Ambrosius
1231 5687 1324 5743 lib.
1360 5705 1395 5743 lt
1423 5689 1501 5743 De
1545 5687 1669 5758 ﬁde,

79 5763 132 5828 ad
149 5760 484 5826 Gratianum,
527 5756 677 5828 cap.
714 5756 1078 5812 4.1mmerito
1127 5759 1289 5824 igitur
1339 5756 1676 5817 Nestoriauis

82 5826 163 5905 luci
192 5833 348 5905 hujus
370 5826 872 5905 depravatio-ueni
912 5828 1100 5884 tribuit
1125 5828 1356 5905 Graecus
1383 5831 1470 5885 ille
1510 5831 1674 5905 schn—

85 5899 240 5959 liastcs
257 5897 423 5975 quem
448 5897 687 5961 'laudat
726 5897 898 5966 Beza,
933 5907 1113 5969 utpote
1172 5917 1293 5972 qua:
1338 5902 1451 5973 jam
1514 5901 1672 5972 longe

1780 5422 1907 5467 ante
1932 5412 2246 5466 Nestorium
2270 5420 2535 5467 exstaret.
2564 5408 2832 5467 liuentis.

1854 5486 1971 5554 (t9)
2002 5482 2358 5554 Fereﬁan.
2407 5481 2497 5554 sic
2551 5483 2720 5554 codex
2784 5478 3377 5554 BodleianusaAEditio

1782 5550 1959 5609 lluetii
1992 5592 2006 5614 .
2047 5550 2367 5622 γεύσασθαι.
2441 5550 2563 5622 Mox
2613 5553 2758 5606 idem
2818 5552 2992 5605 codex
3037 5550 3367 5622 Bodleiauus

1781 5634 1931 5679 recte
1965 5619 2125 5677 liabet
2150 5623 2301 5693 παρὰ
2320 5622 2411 5675 τὸν
2450 5621 2763 5693 ἄνθρωπον,
2806 5622 2948 5677 male
2986 5621 3150 5677 editio
3191 5619 3372 5677 Huetii

1778 5696 1931 5763 παρὰ
1953 5693 2063 5764 τῶν
2094 5694 2189 5748 ἀνθ
2198 5692 2419 5764 ρώπων.

1847 5760 1960 5830 (50)
1992 5760 2131 5817 Οἶον
2161 5760 2314 5829 ὑπὲρ
2349 5761 2608 5830 ἄστρων.
2637 5761 2691 5815 lu
2748 5762 3087 5831 Origeuiuuis
3140 5762 3370 5832 qtuestio

1776 5837 1841 5889 de
1880 5845 2055 5889 morte
2087 5852 2114 5887 ιι
2147 5835 2370 5888 Christo
2402 5847 2501 5902 pro
2536 5832 2812 5890 sideribus
2844 5832 2993 5888 obita
3048 5834 3364 5887 ventilatur.
