3856 6538
533 388 607 441 9.5
1413 382 1424 391 ’
2017 407 2343 469 ORlGENlS
3739 423 3815 475 96'

537 518 658 558 rum
696 504 783 560 his
817 506 911 577 qui
958 509 1257 568 etiamnum
1306 514 1573 575 laboriosa
1631 538 1694 579 ac
1742 526 1963 584 duriore
1991 530 2111 586 vitae

2221 548 2331 597 νοις
2362 533 2621 587 ἐπιπόνου
2651 534 2746 588 καὶ
2773 534 3145 609 σκληροτέρας
3187 537 3430 607 ἀγωγῆς,
3466 537 3565 591 καὶ
3599 537 3678 610 μὴ
3710 537 3800 611 ἑμ-

536 596 885 656 institutione
934 602 1222 676 indigent,
1256 624 1379 665 cum
1433 615 1662 671 necdum
1694 618 1906 690 seipsos
1940 625 2114 681 amori

536 694 1044 767 mansuetudinique
1084 697 1264 757 Patris
1292 707 1672 773 permiserint..
1698 710 1847 769 Hanc
1895 715 1964 769 ob
1993 731 2117 772 cau-

535 800 652 840 sam
673 787 718 842 si
755 788 909 860 virga
940 802 1185 862 vocatur,
1209 798 1541 867 egredietur,
1563 817 1738 875 neque
1755 809 1901 862 enim
1935 816 2117 867 manet

535 878 684 934 intra
726 896 808 948 se,
841 885 936 940 sed
980 896 1136 944 extra
1176 891 1556 964 primigeuium
1586 907 1787 955 statum
1815 918 1936 959 esse
1965 906 2117 961 vide-

537 980 646 1027 tur.
685 973 933 1047 Cumque
962 994 1219 1050 egressus
1252 983 1414 1040 fuerit
1443 987 1617 1046 lactus
1648 993 1821 1065 virga,
1856 1013 1960 1053 non
1994 1015 2113 1054 ma-

534 1075 629 1120 net
660 1067 835 1138 virga,
866 1072 961 1126 sed
1004 1087 1127 1143 post
1156 1079 1360 1151 virgam
1388 1085 1636 1139 exoritur
1667 1086 1767 1142 ﬂos
1792 1091 2112 1148 ascendens.

538 1154 692 1213 Unde
720 1160 894 1229 ipsam
927 1164 1092 1236 virgae
1114 1172 1512 1230 extremitatem
1536 1175 1727 1233 ﬂorem
1758 1194 1881 1237 esse
1901 1183 2118 1255 conspi-

2218 628 2623 701 παρεσχηκόσιν
2646 629 2757 701 (51)
2782 630 3008 695 ἑαυτοὺς
3048 634 3114 703 τῇ
3157 632 3346 704 ἀγάπῃ
3390 633 3485 686 καὶ
3523 634 3594 705 τῇ
3642 634 3800 704 πραό-

2216 737 2336 791 τητι
2363 720 2459 774 τοῦ
2489 721 2721 793 Πατρός.
2772 721 2871 777 Διά
2917 721 3104 787 τοῦτο,
3150 725 3247 778 ἐὰν
3297 725 3491 796 ῥάϐδος
3533 725 3799 790 καλεῖται,

2217 812 2591 879 ἐξελεύσεται’
2637 815 2698 868 οὐ
2744 814 2853 890 γάρ
2906 816 3056 888 μένει
3096 817 3155 871 ἐν
3186 818 3369 891 αὐτῷ,
3419 818 3536 873 ἀλλ’
3571 820 3682 884 ἔξω
3711 822 3799 892 τῆς

2214 906 2637 979 ⁸’προηγουμένης
2694 909 3083 974 καταστάσεως
3130 905 3269 965 εἶναι
3310 912 3477 967 δοκεῖ.
3542 912 3800 980 Ἐξελθὼν

2216 996 2274 1051 δὲ
2301 999 2395 1052 καὶ
2424 998 2713 1072 γενόμενος
2746 1001 2959 1075 ῥάϐδος,
2994 1003 3055 1057 οὐ
3083 1003 3234 1076 μένει
3259 1006 3471 1077 ῥάϐδος,
3494 1006 3639 1062 ἀλλά
3675 1008 3804 1078 μετά
3842 1012 3843 1079 ξ

2216 1089 2315 1161 τὴν
2351 1092 2545 1164 ῥάϐδον
2578 1093 2738 1160 ἄνθος
2762 1095 2973 1165 γίνεται
2998 1097 3309 1165 ἀναϐαῖνον,
3353 1102 3447 1154 καὶ
3496 1101 3680 1174 πέρας
3716 1103 3801 1156 τοῦ

2217 1178 2357 1237 εἶναι
2392 1185 2585 1257 ῥάϐδος
2612 1187 2673 1241 τὸ
2705 1187 2868 1253 ἄνθος
2887 1189 3271 1245 ἀποδείκνυται
3296 1195 3410 1256 τοῖς
3440 1193 3530 1248 διά
3563 1192 3663 1247 τοῦ
3714 1194 3801 1247 αὖ·

532 1249 689 1304 ciunt
718 1250 791 1306 illi
820 1255 912 1324 qui
943 1258 1012 1312 ah
1040 1273 1106 1314 eu
1139 1260 1282 1318 facto
1308 1264 1456 1333 virga
1486 1267 1688 1324 visitati
1716 1269 1936 1329 fuerint.
1968 1249 2114 1339 Visi-

535 1338 673 1395 tabit
696 1343 842 1398 enim
876 1346 1017 1403 Deus
1045 1349 1097 1405 in
1140 1351 1291 1425 virga
1336 1356 1552 1429 (nempe
1586 1359 1826 1435 Christo)
1856 1365 2114 1437 iniquita-

535 1442 617 1487 tes
635 1449 818 1491 eorum
836 1452 975 1508 quos
996 1440 1097 1496 visi
1106 1443 1258 1510 tabit,
1278 1449 1706 1509 misericordiam
1724 1455 1833 1529 43
1858 1474 1986 1516 vero
2008 1478 2112 1517 non

532 1524 805 1604 disperget
826 1530 894 1585 ab
927 1546 993 1586 eo
1016 1533 1084 1588 ".
1116 1536 1292 1605 Ipsum
1326 1556 1558 1612 namque
1596 1524 1911 1616 miseratur,
1942 1567 2116 1621 quan-

533 1617 822 1686 doquidem
852 1638 988 1692 quos
1020 1628 1308 1685 miseratur
1333 1632 1522 1701 Filius,
1540 1637 1832 1696 miseratur
1857 1656 1911 1699 et
1931 1644 2112 1704 Pater.

2218 1275 2307 1329 τὸν
2350 1278 2631 1346 γεγονέναι
2674 1280 2870 1353 ῥάϐδον
2931 1283 3237 1355 ἐπισκοπῆς
3275 1286 3636 1356 τετυχηκόσιν
3675 1285 3798 1352 (59v)-

2231 1368 2616 1441 Ἐπισκέψεται
2644 1371 2752 1446 γάρ
2783 1376 2812 1427 6
2843 1373 2974 1439 Θεὸς
3017 1377 3073 1430 ἐν
3106 1374 3287 1447 ῥάϐδῳ
3332 1374 3409 1447 τῷ
3453 1376 3682 1448 Χριστῷ
3714 1377 3801 1440 τὰς

2219 1462 2450 1534 ἀνομίας
2480 1464 2660 1519 αὐτῶν
2691 1461 2765 1521 ῶν
2787 1468 3178 1539 ἐπισκέψεται·
3201 1470 3262 1523 τὸ
3292 1469 3348 1523 δὲ
3399 1470 3548 1535 ἔλεος
3601 1471 3718 1542 (55)
3748 1470 3802 1525 οὐ
3842 1494 3843 1559 γ

2222 1549 2296 1622 μὴ
2325 1551 2667 1609 διασκεδάσει
2693 1555 2786 1610 ἀπ’
2821 1556 2986 1610 αὑτοῦ
3008 1574 3021 1587 ’
3048 1557 3209 1611 αὐτὸν
3241 1558 3349 1631 γὰρ
3379 1560 3559 1625 ἐλεεῖ,
3593 1561 3687 1614 ὅτε
3722 1560 3803 1624 οὓς

2222 1641 2465 1713 βούλεται
2485 1646 2513 1697 6
2539 1644 2669 1709 Υἱὸς
2686 1644 2973 1710 ἐλεεῖσθαι,
2997 1648 3026 1701 6
3050 1647 3241 1720 Πατὴρ
3265 1648 3422 1702 ἐλεεῖ.
3454 1650 3622 1747 Ἐστι
3641 1649 3699 1702 δὲ

533 1707 832 1771 Possumus
850 1729 1032 1774 autem
1053 1736 1158 1777 non
1175 1723 1241 1779 de
1257 1726 1446 1784 iisdem
1468 1732 1744 1802 accipere,
1764 1735 1966 1793 factum
1986 1739 2111 1797 luis-

2336 1735 2428 1789 ἐπὶ
2453 1736 2561 1791 τῶν
2592 1707 2771 1791 αύτῶν
2797 1707 3112 1810 λαμϐάνειν,
3146 1707 3339 1811 ῥάϐδον
3372 1742 3533 1796 αὑτὸν
3562 1742 3804 1810 γίνεσθαι

534 1817 595 1859 se
626 1805 800 1875 ipsum
825 1810 1034 1879 virgam
1052 1824 1106 1869 et
1125 1814 1311 1872 ﬂorem
1335 1837 1349 1887 ;
1374 1822 1467 1876 sed
1489 1824 1928 1897 virgaquuidem
1948 1844 2111 1902 egen-

2221 1829 2315 1881 καὶ
2348 1826 2526 1893 ἄνθος,
2562 1828 2697 1882 ἀλλὰ
2724 1805 2918 1900 ῥάϐδος
2945 1830 3042 1901 μὲν
3072 1805 3183 1896 τοές
3211 1832 3487 1904 δεομένοις
3508 1805 3803 1896 κολάσεως,

535 1894 683 1952 tibus
713 1900 1224 1968 punitione,ﬂorem
1264 1923 1394 1966 vero
1429 1912 1516 1968 his
1553 1891 1648 1985 q‘ui
1677 1932 1987 1989 servantur;
2021 1925 2111 1979 sed

2221 1918 2379 1984 ἄνθος
2410 1920 2466 1973 δὲ
2488 1891 2598 1984 τοῖς
2632 1891 2962 1993 σωζομένοις
2982 1940 2996 1952 ·
3034 1891 3244 1993 βέλτιον
3266 1891 3318 1977 δ’.
3337 1891 3491 1996 οἶμαι
3521 1924 3588 1978 τὸ
3614 1925 3805 1995 πρότε-
3842 1982 3843 1995 γ

538 1988 733 2045 melius
758 1993 1002 2050 arbitror
1022 2000 1165 2067 quod
1187 2001 1337 2070 prius
1367 2004 1499 2061 dixi.
1533 2008 1790 2066 Attamen
1824 2014 1924 2068 hoc
1948 1988 2114 2070 etiam

537 2080 593 2134 in
643 2082 745 2139 hoc
776 2085 896 2144 loco
946 2091 1250 2148 addendum
1275 2105 1377 2163 est,
1407 2097 1640 2157 fortasse
1671 2102 1912 2160 futurum
1944 2119 2000 2161 ut
2027 2109 2115 2165 cui

538 2172 705 2230 fuerit
751 2176 1003 2237 Christus
1036 2184 1207 2255 virga,
1257 2189 1327 2242 sit
1372 2190 1446 2245 illi
1502 2194 1664 2249 etiam
1699 2208 1922 2268 propter
1951 2201 2117 2273 virgae

537 2269 941 2326 extremitatem
976 2279 1202 2333 omnino
1232 2278 1352 2348 llos,
1386 2284 1480 2338 sed
1513 2302 1618 2341 nou
1660 2299 1856 2347 contra
1886 2308 1900 2358 ;
1941 2309 2117 2364 neque

535 2356 680 2411 enim
713 2359 756 2413 si
782 2362 946 2417 alicui
976 2364 1098 2435 ﬂos,
1139 2368 1264 2426 huic
1301 2372 1465 2429 etiam
1493 2387 1578 2433 est
1608 2380 1756 2452 virga
1792 2400 1806 2437 :
1842 2384 1942 2439 nisi
1969 2384 2114 2442 forte

532 2446 678 2515 quod
710 2447 808 2507 ﬂos
839 2453 912 2507 sit
944 2457 1242 2524 perfectior
1276 2462 1430 2531 ﬂore,
1462 2446 1910 2540 ipsaque'ﬂorum
1939 2477 2108 2534 emis-

532 2538 708 2607 sione,
737 2557 860 2612 quae
899 2546 966 2602 de
992 2550 1059 2604 iis
1091 2551 1289 2611 dicitur
1315 2558 1404 2628 qui
1430 2538 1639 2618 fructus
1671 2566 1944 2635 perfectos
1973 2586 2112 2626 non-

536 2630 663 2687 dum
699 2635 960 2705 tulerunt,
989 2642 1216 2711 perfecti
1243 2646 1293 2703 id
1322 2652 1469 2719 quod
1503 2630 1880 2725 supravﬂorem
1911 2660 2115 2720 Christi

540 2735 651 2792 est,
689 2732 926 2799 capiant.
959 2733 1063 2803 Qui
1100 2754 1231 2795 vero
1274 2743 1446 2814 ipsius
1482 2747 1631 2819 virga
1666 2754 1855 2807 tentati
1889 2755 2115 2823 fuerint,

540 2820 702 2877 simul
755 2840 879 2881 cum
914 2829 1029 2900 ipsa
1063 2833 1212 2903 virga
1269 2836 1438 2893 futuri
1489 2857 1594 2897 non
1648 2854 1775 2899 sunt
1820 2850 2117 2920 participes

530 2913 927 2981 perfectionum
959 2922 1205 2993 Christi,
1243 2930 1337 2985 sed
1374 2940 1581 2988 tantum
1610 2934 1762 2993 ﬂoris
1804 2944 2117 3009 praeceden-

536 3006 609 3061 tis
674 3007 885 3068 fructus
942 3015 1130 3085 ipsius.
1185 3022 1430 3094 Denique
1486 3006 1905 3100 antequam'ad
1963 3039 2114 3093 vocis

542 3099 723 3170 Λόγος
749 3118 978 3161 examen
1017 3115 1342 3171 accedamus
1369 3163 1383 3186 ,
1429 3120 1566 3190 lapis
1608 3099 1691 3179 est
1741 3125 1991 3186 Christus
2028 3147 2114 3187 re—

535 3193 798 3258 probatus
831 3197 900 3251 ab
922 3200 1340 3271 aediﬁcantibus,
1372 3220 1426 3263 et
1457 3212 1509 3266 in
1544 3224 1707 3284 caput
1736 3219 1916 3288 anguli
1960 3223 2105 3277 turdi.
2140 3255 2183 3313 ο

536 3293 695 3313 ιιηιιιο
729 3285 775 3313 ιι
826 3289 1087 3313 n..-_:-_-
1132 3310 1145 3313 ,
1195 3297 1208 3309 ο
1298 3299 1310 3313 ι
1388 3301 1439 3313 ο.
1580 3305 1591 3313 .
1636 3306 1647 3313 .
1747 3308 1817 3313 ---

536 3293 698 3337 natus
729 3285 795 3341 ⁸⁵.
826 3289 1091 3355 Quoniam
1122 3297 1265 3352 enim
1298 3299 1504 3371 lapides
1544 3305 1648 3359 vivi
1679 3308 2023 3366 aediﬁcantur
2057 3315 2109 3369 in

532 3373 924 3448 fundamento,
979 3385 1103 3442 aliis
1144 3389 1413 3461 lapidibus
1470 3399 1853 3463 apostolorum.
1883 3414 1938 3459 et
1982 3421 2111 3475 pro-

532 3466 844 3540 phetarum,
880 3475 996 3546 ipso
1025 3479 1150 3536 Iesu
1180 3481 1404 3541 Christo
1448 3488 1681 3547 Domino
1715 3505 1902 3551 nostro
1958 3500 2111 3554 exsi‘

534 3571 719 3618 stente
751 3581 967 3625 summo
1012 3574 1253 3644 angulari
1286 3579 1463 3645 lapide
1507 3582 1576 3649 ⁸⁸,
1607 3600 1672 3638 eo
1703 3588 1843 3655 quod
1878 3589 1989 3658 ipse
2042 3592 2114 3645 sit

532 3666 661 3721 pars
682 3666 967 3719 structura;
995 3680 1212 3736 quaeest
1238 3685 1300 3725 ex
1322 3672 1590 3741 lapidibus
1608 3678 1913 3737 viventibus
1946 3682 1996 3736 in
2029 3698 2113 3739 re-

533 3748 693 3816 gione
723 3752 1061 3821 viventium,
1101 3759 1238 3832 lapis
1284 3766 1607 3835 appellatur.
1670 3769 1791 3826 llmc
1852 3784 2034 3829 autem
2080 3790 2108 3827 a

533 3838 693 3895 nobis
720 3843 867 3899 dicta
895 3859 1022 3903 sunt
1056 3852 1385 3924 redarguere
1426 3857 1627 3915 tuultos
1658 3862 1991 3930 volentibus,
2018 3865 2108 3934 qui

535 3931 750 4000 privata
810 3941 1044 4007 quadam
1087 3943 1357 4001 electione
1402 3961 1456 4003 et
1496 3962 1767 4020 utuntur,
1819 3966 1873 4010 et
1916 3971 2112 4028 segnes

530 4034 658 4079 sunt
688 4028 741 4083 in
776 4030 1105 4103 intlagando,
1138 4054 1262 4093 nam
1311 4051 1389 4096 tot
1429 4046 1647 4098 nomina
1693 4060 1815 4099 cum
1854 4048 1962 4100 sint
1992 4063 2111 4117 qum

2223 2028 2330 2082 ρον.
2365 2011 2511 2084 Πλὴν
2539 2013 2694 2068 τοῦτο
2718 2015 3042 2085 προσθετέον
3070 2017 3211 2071 κατὰ
3242 2017 3330 2072 τὸν
3351 2019 3532 2082 τόπον,
3560 2019 3651 2072 ὅτι
3676 2018 3806 2087 τάχα
3842 2030 3843 2097 f

2216 2104 2304 2159 διὰ
2340 2105 2398 2159 τὸ
2428 2106 2602 2171 τέλος,
2634 2106 2809 2161 εἴτινι
2843 2108 2941 2178 μὲν
2974 2107 3181 2179 γίνεται
3200 2109 3416 2182 ῥάϐδος,
3440 2108 3561 2163 ἐστὶ
3595 2113 3807 2205 πάντως
3842 2158 3843 2205 ξ

2217 2198 2314 2250 καί¹
2342 2198 2519 2263 ἄνθος,
2544 2200 2603 2253 οὐ
2640 2200 2745 2273 μὴν
2770 2201 2905 2272 (54),
2936 2202 2989 2255 εἴ
3010 2219 3116 2256 τινι
3147 2202 3326 2267 ἄνθος,
3366 2203 3560 2275 ἐκείνῳ
3594 2204 3809 2269 πάντως

2218 2289 2311 2343 καὶ
2326 2290 2530 2361 ’ῥάϐδος
2554 2308 2568 2323 ·
2610 2294 2657 2346 εί
2694 2292 2768 2366 μὴ
2800 2293 2929 2367 ἄρα,
2958 2296 3080 2348 ἐπεί
3104 2298 3251 2350 ἐστιν
3285 2296 3447 2361 ἄνθος
3475 2296 3809 2370 τελειότεροδ

2215 2383 2309 2437 τοῦ
2339 2383 2553 2449 ἄνθους,
2586 2385 2680 2441 καὶ
2713 2386 2807 2440 τοῦ
2837 2386 3018 2443 ἀνθεῖν
3043 2388 3137 2442 ἐπὶ
3178 2388 3282 2442 τῶν
3319 2389 3542 2460 μηδέπω
3587 2390 3807 2454 τελείως

2217 2478 2711 2550 καρποφορούντων
2744 2479 3172 2553 ὀνομαζομένου,
3196 2483 3245 2536 οἱ
3269 2482 3459 2537 τέλειοι
3485 2484 3546 2537 τὸ
3578 2485 3727 2556 ὑπὲρ
3755 2486 3806 2539 τὺ
3842 2484 3843 2489 “

2217 2569 2378 2635 ἄνθος
2406 2571 2646 2643 χωροῦσι
2675 2573 2770 2627 τοῦ
2796 2573 3060 2645 Χριστοῦ
3095 2576 3144 2629 οἱ
3179 2575 3235 2628 δὲ
3264 2576 3457 2647 ῥάϐδου
3491 2577 3665 2631 αὑτοῦ
3700 2577 3805 2647 (55)

2218 2665 2629 2738 πεπειραμένοι,
2664 2666 2780 2739 ἅμα
2801 2671 2864 2740 τῇ
2895 2667 3075 2739 ῥάϐδῳ
3109 2670 3169 2722 οὐ
3204 2668 3303 2739 τῆς
3336 2670 3682 2742 τελειότητος
3717 2672 3806 2725 αὐ-

2216 2758 2333 2824 τοῦ,
2365 2759 2503 2813 ἀλλὰ
2522 2761 2617 2815 τοῦ
2646 2760 2840 2825 ἄνθους
2863 2760 2958 2815 τοῦ
2981 2762 3087 2835 πρὸ
3106 2762 3213 2816 τῶν
3247 2763 3473 2835 καρπῶν
3501 2764 3672 2818 αὐτοῦ
3714 2783 3807 2835 με-

2215 2851 2563 2923 ταλήψονται.
2589 2852 2905 2908 Τελευταῖον
2921 2854 3028 2927 πρὸ
3052 2854 3146 2907 τοῦ
3174 2854 3347 2923 Λόγου
3370 2850 3436 2926 ἦν
3459 2855 3608 2921 λίθος
3630 2858 3659 2910 6
3681 2858 3808 2928 Χρι-

2219 2944 2343 3008 στὸς
2373 2945 2909 3018 άποδοκιμαζόμενος
2940 2947 3047 3002 ὑπὸ
3083 2947 3190 3001 τῶν
3221 2948 3516 3019 οἰκοδόμων
3535 2989 3549 3012 ,
3603 2952 3701 3004 καὶ
3734 2952 3807 3014 είς

2217 3037 2460 3110 κεφαλὴν
2511 3039 2714 3108 γωνίας
2768 3038 3276 3111 κατατασσόμενος’
3333 3042 3455 3095 ἐπεὶ
3503 3041 3616 3111 γάρ
3670 3042 3809 3095 λίθου,

2217 3130 2419 3195 ζῶντες
2447 3131 2854 3203 οίκοδομοῦνται
2878 3132 2973 3187 ἐπὶ
2995 3132 3227 3204 θεμελίῳ
3266 3134 3471 3205 ἑτέροις
3501 3133 3672 3198 λίθοις
3700 3135 3807 3188 τῶν

2215 3220 2527 3276 ἀποστόλων
2572 3225 2667 3278 καὶ
2710 3225 3025 3299 προφητῶν,
3045 3226 3196 3291 ὄντος
3215 3226 3609 3297 ἀκρογωνιαίου
3636 3227 3808 3281 αὑτοῦ

2221 3312 2458 3386 Χριστοῦ
2495 3313 2668 3388 Ἰησοῦ
2691 3317 2784 3371 τοῦ
2815 3319 3018 3391 Κυρίου
3042 3322 3075 3391 ἡ
3086 3319 3220 3390 μῶν,
3249 3319 3336 3373 διὰ
3372 3320 3432 3373 τὸ
3461 3317 3601 3375 εἶναι
3644 3322 3811 3376 αὑτὸν

2223 3406 2388 3481 μέρος
2427 3408 2526 3480 τῆς
2555 3410 2619 3463 ἐκ
2645 3409 2808 3464 λίθων
2839 3410 3057 3474 ζώντων
3082 3413 3140 3465 ἐν
3166 3412 3319 3485 χώρᾳ
3345 3412 3560 3478 ζώντων
3597 3417 3811 3469 οἰκοδο-

2224 3500 2351 3571 μῆς,
2392 3499 2538 3567 λίθος
2576 3501 3061 3575 προσαγορεύεται.
3111 3504 3294 3560 Ταῦτα
3325 3505 3383 3559 δὲ
3442 3508 3575 3577 ἡμῖν
3627 3508 3811 3564 πάντα

2222 3592 2434 3663 εἴρηται
2457 3592 2518 3646 τὸ
2545 3593 2655 3647 τῶν
2685 3594 2894 3649 πολλῶν
2925 3595 3372 3669 ἀποκληρωτικὸν
3419 3598 3513 3651 καὶ
3544 3599 3800 3656 ἀϐασάνι-

2225 3699 2346 3735 στον
2376 3682 2591 3752 ἐλέγξαι
2614 3684 2984 3757 βουλομένοις,
3014 3688 3097 3742 ὅτι
3132 3689 3399 3744 τοσούτων
3419 3690 3706 3761 ὀνομάτων
3732 3696 3811 3756 εἰς

2218 3773 2379 3827 αὐτὸν
2400 3776 2822 3849 ἀναφερομένων
2851 3780 3092 3834 ἵστανται
3114 3780 3206 3834 ἐπὶ
3231 3782 3396 3853 μόνης
3426 3782 3537 3854 (56)
3567 3783 3670 3853 τῆς
3698 3787 3812 3839 Λόο

2218 3883 2317 3934 γος
2350 3868 2665 3940 ὀνομασίας,
2686 3871 2785 3925 οὐκ
2804 3870 3151 3937 ἐξετάζοντες
3177 3873 3230 3927 τί
3249 3874 3447 3946 δήποτε
3462 3875 3638 3943 Λόγος
3660 3871 3812 3929 εἶναι

2218 3956 2350 4021 Θεὸς
2380 3960 2437 4013 ἐν
2458 3961 2599 4032 ἀρχῇ
2628 3960 2762 4033 πρὸς
2795 3963 2885 4016 τὸν
2915 3963 3156 4033 Πατέρα,
3190 3963 3256 4017 δι’
3281 3960 3340 4019 οῦ
3372 3966 3443 4019 τά
3469 3967 3649 4021 πάντα
3684 3966 3813 4036 ἐγέ-

2218 4067 2358 4114 νετο,
2391 4052 2804 4126 ἀναγέγραπται
2825 4058 2853 4109 6
2886 4055 3013 4121 Υἱὸς
3036 4055 3131 4109 τοῦ
3157 4056 3313 4111 Θεοῦ.

532 4118 599 4172 ad
627 4120 903 4178 Christum
947 4128 1274 4197 refcrantur,
1330 4118 1383 4187 in
1420 4137 1536 4189 solo
1563 4135 1655 4188 τοῦ
1679 4137 1839 4208 λόγου
1872 4137 2063 4210 [idest
2095 4142 2320 4197 rationis
2359 4152 2416 4199 et
2459 4146 2750 4220 sermonis]
2794 4150 3059 4204 vocabulo
3103 4151 3514 4220 acquiescentes
3563 4166 3671 4206 non
3709 4168 3814 4207 ex-

531 4214 775 4281 pendunt
828 4233 1054 4278 curnam
1112 4227 1327 4282 tandem
1383 4228 1555 4284 Filius
1609 4229 1740 4298 Dei,
1795 4234 1935 4292 Deus
1982 4236 2033 4290 in
2066 4239 2330 4311 principio
2386 4242 2525 4311 apud
2576 4214 2816 4310 Patreiu,
2870 4243 3161 4314 inscriptus
3189 4214 3263 4300 sit
3291 4245 3463 4315 Λόγος
3506 4260 3605 4316 per
3637 4264 3810 4318 quem

530 4311 713 4366 omnia
745 4312 889 4369 facta
925 4329 1054 4373 sunt
1082 4320 1148 4376 ⁸⁸.

598 4402 689 4457 42.
726 4404 791 4459 Ut
814 4405 981 4475 igitur
1009 4422 1233 4481 propter
1277 4415 1547 4474 actionem
1575 4463 1590 4487 ,
1628 4435 1695 4477 eo
1734 4424 1877 4493 quod
1910 4424 2108 4481 illumi-

2284 4425 2373 4480 42.
2417 4426 2627 4497 Ὥσπερ
2648 4424 2829 4478 τοίνυν
2853 4425 3003 4498 παρὰ
3028 4426 3126 4500 τὴν
3152 4427 3446 4499 ἐνέργειαν,
3469 4430 3533 4481 ἐκ
3562 4428 3659 4481 τοῦ
3688 4447 3812 4497 φω-

532 4502 623 4547 ttet
646 4497 927 4566 mundum,
956 4502 1110 4572 cujus
1159 4516 1241 4561 est
1275 4506 1388 4576 lux,
1418 4509 1511 4565 lux
1561 4514 1747 4569 mundi
1774 4515 2102 4587 appellatur,

532 4594 587 4638 et
617 4600 682 4641 ex
714 4604 780 4644 eo
806 4594 951 4660 quod
1001 4606 1193 4651 auctor
1240 4601 1311 4655 sit
1357 4604 1688 4672 deponenda:
1732 4609 2107 4665 ntortilicatioo

526 4676 638 4742 nis,
672 4679 745 4734 illi
781 4685 996 4742 sincere
1032 4690 1435 4749 adhaerentibus
1475 4709 1528 4752 et
1561 4701 1973 4770 resurgentibus
2024 4719 2108 4758 re-

524 4769 763 4838 cipiendi
799 4775 922 4830 vitae
958 4780 1268 4852 novitatem,
1302 4792 1632 4846 resurrectio
1667 4803 1911 4858 vocatur,
1950 4794 2106 4849 item-

528 4877 636 4930 que
683 4877 903 4936 propter
933 4870 1094 4928 aliam
1144 4877 1435 4948 actionem,
1469 4893 1522 4936 et
1571 4894 1777 4955 pastor,
1806 4897 1861 4941 et
1914 4904 2107 4957 prame-

529 4963 654 5023 ptor
677 5000 693 5026 ,
744 4970 798 5016 cl.
826 4979 919 5020 rex
946 5007 962 5033 ,
987 4980 1051 5022 ac
1080 4968 1316 5041 denique
1344 4974 1539 5043 sagitta
1571 4975 1765 5043 electa,
1800 4990 1849 5034 et
1885 4996 2098 5050 servus,

458 5116 461 5117 ν
532 5047 599 5102 ad
632 5049 746 5105 hare
778 5055 1076 5116 advocatus
1101 5099 1116 5126 ,
1154 5061 1470 5132 propitiatio
1495 5104 1510 5129 ,
1538 5077 1592 5141 et
1634 5070 1973 5139 propitiator,
2021 5073 2100 5127 sic

531 5142 693 5197 etiam
726 5145 898 5215 Λόγος
924 5149 1052 5222 [hoc
1078 5165 1161 5210 est
1193 5155 1355 5229 ratio]
1385 5157 1605 5226 dicitur,
1637 5162 1899 5232 quidquid
1925 5162 1977 5216 in
2004 5176 2103 5218 no-

2210 4518 2380 4584 τίζειν
2419 4517 2509 4571 τὸν
2541 4518 2765 4589 κόσμον,
2799 4515 2858 4574 οὗ
2893 4518 3008 4588 φῶς
3042 4523 3194 4585 ἐστι,
3243 4520 3359 4590 φῶς
3397 4520 3603 4593 κόσμου
3640 4540 3815 4593 προσ-

2212 4612 2552 4683 αγορεύεται,
2583 4611 2675 4664 καὶ
2708 4611 2858 4686 παρὰ
2890 4612 2950 4666 τὸ
2972 4616 3144 4666 ποιεῖν
3177 4613 3529 4668 ἀποτίθεσθαι
3568 4614 3670 4686 τὴν
3713 4634 3810 4668 νε-

2212 4703 2452 4773 κρότητα
2480 4702 2605 4765 τοὺς
2631 4702 2871 4773 γνησίως
2905 4701 3054 4774 αὐτῴ
3072 4703 3412 4775 προσιόντας,
3440 4705 3534 4757 καὶ
3560 4703 3817 4777 ἀναλαμ-

2212 4796 2395 4849 ϐάνειν
2429 4795 2722 4865 καινότητα
2753 4793 2897 4865 ζωῆς
2923 4794 3334 4866 ἀνισταμένους,
3367 4795 3666 4859 ἀνάστασις
3698 4816 3811 4850 κα-

2212 4887 2409 4953 λεῖται,
2448 4886 2578 4959 παρ’
2601 4886 2794 4959 ἑτέραν
2824 4887 3022 4958 πρᾶξιν
3058 4886 3259 4958 ποιμὴν
3314 4888 3407 4940 καὶ
3453 4885 3809 4953 διδάσκαλος,

2211 4979 2305 5033 καὶ
2356 4977 2627 5050 βασιλεὺς,
2680 4976 2833 5048 βέλος
2880 4994 2938 5031 τε
2990 4976 3243 5031 ἐκλεκτὸν
3276 4978 3369 5030 καὶ
3401 4975 3607 5040 δοῦλος,
3660 4980 3811 5049 πρξ,

2211 5072 2418 5136 τούτοις
2454 5070 2803 5144 παράκλητος
2833 5071 2926 5124 καὶ
2949 5070 3193 5141 ίλασμδς,
3222 5070 3314 5123 καὶ
3337 5069 3668 5141 ἱλαστήριον,
3702 5072 3809 5123 οῦ-

2210 5180 2318 5228 τως
2341 5164 2433 5217 καὶ
2458 5162 2650 5232 Λόγος,
2686 5161 2782 5215 καὶ
2811 5163 2917 5216 πᾶν
2936 5160 3127 5229 ἄλογον
3158 5160 3314 5233 ἡμῶν
3346 5162 3666 5233 περιαιρῶν,
3706 5164 3817 5217 καὶ

602 5281 650 5315 ⁸³
677 5281 820 5339 Psal.
855 5301 1117 5355 Lxxxvm,
1147 5291 1239 5356 '53,
1266 5293 1360 5350 54.
1442 5295 1487 5326 δ*
1517 5293 1662 5349 Psal.
1689 5312 1857 5363 cxvtt,
1885 5299 1976 5354 2‘2.
2060 5299 2106 5332 “
2136 5300 2331 5371 Ephes.
2371 5316 2431 5367 ll,
2461 5299 2554 5354 20.
2627 5299 2674 5331 “
2695 5297 2852 5353 Joan.
2884 5313 2922 5363 t,
2955 5298 3010 5364 2,
3040 5297 3095 5354 5.

598 5400 1332 5482 βίλᾎῖμθζριρεσχηκόᾳιν.
1376 5409 1467 5466 Sic
1517 5412 1686 5467 codex
1741 5412 2103 5482 Bodleianus;

526 5470 703 5549 editi?
731 5470 912 5549 H‘uetii
937 5470 1363 5549 παρεσχηκόσιν.

2213 5417 2430 5479 πάντως
2449 5414 2628 5479 ἄνθος,
2664 5414 2808 5485 δμὴ,
2837 5422 2943 5469 etc.

2283 5488 2397 5559 (55)
2430 5491 2494 5540 Ol
2514 5486 2583 5559 δὲ
2601 5482 2829 5559 ῥάϐδου
2854 5483 3064 5548 αὑτοῦ,
3093 5495 3197 5539 etc.
3221 5482 3549 5559 Sic_0pt_im_e
3572 5483 3810 5559 legitur

601 5543 716 5627 (52”)
752 5543 1274 5632 Τετυχτικόσιόἓζιιο
1304 5552 1472 5607 codex
1514 5551 1872 5623 Bodleianus;
1934 5557 2105 5613 editio
2211 5559 2265 5632 in
2288 5543 2490 5632 codice
2516 5543 2829 5632 Bodleiano,
2856 5559 3000 5610 male
3022 5543 3200 5611 autem
3227 5557 3279 5609 in
3311 5543 3479 5624 Regio
3504 5557 3539 5627 ὴ
3567 5555 3626 5608 δέ
3644 5543 3809 5626 ’ῥάϐ-

529 5612 706 5670 lluelii
736 5612 1068 5687 tersuidstv.
1950 5697 1963 5707 _

606 5686 714 5707 Ιυηὶ
748 5688 882 5707 uno-
1004 5689 1247 5707 ΠΤ---]1
1295 5691 1331 5707 II
1387 5693 1421 5707 II
1461 5692 1473 5705 ο
1694 5695 1777 5707 7.·-
1849 5698 1860 5707 ι

602 5686 716 5757 (55)
748 5686 1096 5765 Ἔλ-εοζιηδίο
1113 5689 1620 5765 codeiodleiauus
1652 5706 1705 5750 et
1738 5695 2101 5765 Barberinus;

528 5769 830 5830 perperam
845 5758 1109 5814 lluetiana
1142 5760 1308 5815 editio
1330 5762 1381 5817 in
1408 5774 1553 5817 textu
1580 5766 1717 5830 ἕλος.

599 5826 712 5896 (54)
741 5827 988 5903 Πάντως
1018 5831 1117 5885 καὶ
1149 5831 1353 5900 ἄνθος,
1385 5836 1455 5888 οὐ
1475 5834 1623 5903 μὴν,
1651 5826 1756 5893 etc.
1812 5836 1905 5891 Sic
1955 5847 2102 5894 recte

530 5896 693 5955 habet
723 5907 890 5958 codex
915 5896 1266 5973 Bodleiauus,
1293 5896 1431 5962 male
1457 5896 1636 5963 autem
1689 5909 1856 5965 editio
1895 5908 2096 5975 lluctii,

2208 5628 2295 5693 δος
2328 5626 2514 5695 αὐτοῦ,
2540 5636 2646 5681 etc.

2281 5700 2397 5792 (εξςξ)
2440 5696 3331 5792 "mam.éci_tzé:‘n_€;-_°}s.-
3369 5694 3807 5792 lasciuiae:

2211 5768 2471 5840 intelligo,
2505 5771 2597 5839 qui
2628 5768 2822 5841 Filium
2849 5783 2946 5836 per
2968 5769 3325 5841 prolatiopetu
3367 5768 3613 5838 genitum
3673 5782 3812 5825 esse

2214 5838 2646 5899 arbitrabantur.
2684 5838 2950 5896 Hunnus.
