3856 6514
70 380 129 433 9'7

1128 368 1490 426 COMMENT.
1526 367 1595 423 IN
1629 366 1822 424 JOAN.
1863 367 2102 426 TOMUS
2140 368 2183 425 1.

3221 379 3295 438 98

68 491 182 545 uri
228 486 479 558 ἀλήθειαν
519 483 774 554 λογικοὺς
825 485 1275 551 κατασκευάζων,
1310 487 1489 542 πάντα
1538 486 1613 550 είς

1720 485 1806 540 his
1837 496 1921 541 est
1961 501 1990 539 a
2022 487 2235 541 ratione
2280 485 2515 543 alienum
2549 501 2772 557 prorsus
2804 490 3080 557 auferens,
3115 504 3170 550 et
3196 510 3296 552 nos

68 585 196 650 δόξαν
220 580 350 634 Θεοῦ
376 581 737 651 πράττοντας,
782 578 943 650 μέχρι
982 578 1075 633 τοῦ
1100 579 1334 647 ἐσθίειν,
1382 581 1480 634 καὶ
1517 579 1612 634 τοῦ

68 677 232 738 πίνειν,
248 676 323 737 εἰς
347 674 507 740 δόξαν
529 672 665 727 Θεοῦ
695 672 1075 738 ἐπιτελοῦντας
1099 674 1186 728 διὰ
1213 675 1305 731 τὸν
1323 676 1494 745 Λόγον
1520 678 1615 731 καὶ

66 770 121 822 τὰ
147 767 569 839 κοινωνικώτερα
599 769 693 821 καὶ
733 769 1040 841 τελειότερα
1072 768 1166 822 τοῦ
1197 768 1314 840 βίου
1360 769 1516 842 ἔργα.
1552 772 1613 823 Εἰ

65 863 151 934 γὰρ
186 862 493 932 μετέχοντες
539 862 705 916 αὐτοῦ
732 863 1071 935 ἀνιστάμεθα
1114 863 1207 917 καὶ
1247 863 1612 935 φωτιζόμεθα,

66 955 178 1024 τάχα
198 954 249 1008 δὲ
268 955 360 1007 καὶ
384 956 790 1027 ποιμαινόμεθα
818 956 851 1027 ἢ
879 955 1296 1027 βασιλευόμεθα,
1328 957 1508 1025 δῆλον,
1531 959 1614 1011 ὅτι

66 1047 137 1098 καὶ
166 1045 350 1109 ὲνθὲως
380 1046 593 1114 λογικοὶ
635 1047 899 1118 γινόμεθα
945 1047 1011 1101 τὰ
1040 1049 1100 1101 ὲν
1141 1048 1275 1118 ἡμῖν
1317 1046 1486 1115 ἄλογα
1519 1046 1615 1101 καὶ

67 1140 142 1208 τὴν
180 1139 473 1209 νεκρότητα
523 1140 878 1209 ἀφανίζοντος
902 1140 1069 1195 αὐτοῦ
1124 1141 1260 1195 καθὸ
1299 1141 1455 1210 λόγος
1497 1142 1615 1195 ἐστὶ

66 1232 139 1285 καὶ
167 1232 467 1297 ἀνάστασις.
517 1233 843 1306 Ἐπίστησον
868 1232 925 1286 δὲ
957 1234 1005 1286 εί
1041 1234 1330 1305 μετέχουσί
1375 1252 1493 1299 πως
1519 1236 1616 1289 αύ-

67 1323 140 1375 τοῦ
171 1324 354 1388 πάντες
377 1324 680 1398 ἄνθρωποι,
710 1326 845 1380 καθὸ
893 1326 1065 1396 Λόγος
1098 1326 1236 1382 ἔστι.
1281 1325 1482 1397 Διόπερ
1518 1326 1613 1398 ζη-

67 1415 238 1470 τεῖσθαι
266 1418 361 1470 οὐκ
400 1417 511 1484 ἔξω
532 1418 637 1471 τῶν
668 1417 973 1490 ζητούντων
989 1420 1093 1473 ὑπὸ
1113 1418 1221 1470 τῶν
1251 1417 1429 1491 εὑρεῖν
1452 1418 1613 1473 αὑτὸν

68 1509 473 1581 προαιρουμένων
506 1509 746 1565 διδάσκει
793 1513 940 1583 ἡμᾶς
980 1513 1009 1565 ὁ
1063 1510 1378 1574 Ἀπόστολος
1405 1510 1609 1579 λέγων’

68 1600 142 1669 Μὴ
163 1602 325 1669 ειπῃς
351 1602 425 1654 ἐν
458 1601 536 1671 τῇ
565 1604 780 1673 καρδίᾳ
801 1622 948 1659 σου*
983 1606 1079 1671 Τίς
1120 1604 1484 1672 ἀναϐήσεται
1527 1608 1615 1674 εις

69 1693 150 1747 τόν
177 1696 462 1761 οὐρανόν;
493 1696 767 1751 τουτέστι
804 1698 1066 1766 Χριστόν
1116 1700 1501 1770 καταγαγεῖν-⁸
1550 1699 1612 1769 ἢ,

74 1787 145 1851 Τίς
168 1786 558 1857 καταϐήσεται
589 1790 677 1854 εἰς
700 1786 814 1855 τὴν
843 1787 1156 1861 ᾆϐυσσον;
1180 1789 1453 1844 τουτέστι
1478 1792 1611 1859 Χριο

68 1875 187 1929 στίν
225 1877 288 1930 ἐκ
335 1878 577 1947 νεκρῶν
629 1880 980 1950 ἀναγαγεῖν⁴⁹
1035 1881 1197 1936 ἀλλὰ
1254 1882 1312 1935 τί
1359 1882 1522 1952 λέγει
1571 1884 1643 1953 ἡ⁴

68 1970 270 2039 negari;
302 1971 516 2042 Ἐγγύς
548 1987 665 2027 σου
691 1972 759 2027 τὸ
787 1970 952 2043 ,ῥῆμά
976 1973 1108 2028 ἐστι
1143 1974 1381 2044 σφόδρα
1424 1976 1494 2029 ἐν
1532 1975 1613 2042 τῷ

67 2066 275 2131 στόματί
292 2080 430 2131 σου,
453 2067 556 2121 καί
592 2067 662 2121 ἐν
687 2065 765 2135 τῇ
788 2066 1005 2137 καρδίᾳ
1037 2082 1175 2132 σου,
1208 2071 1283 2133 ὠς
1307 2069 1401 2122 τοῦ
1445 2070 1612 2123 αὐτοῦ

67 2153 185 2219 bno;
211 2157 440 2229 Χριστοῦ
480 2160 578 2213 καὶ
614 2161 860 2231 ῥήματος
903 2159 997 2214 τοῦ
1048 2161 1402 2232 ζητουμένου.
1454 2160 1615 2215 Ἀλλὰ

68 2250 138 2300 καὶ
182 2250 261 2302 ὅτε
297 2250 464 2315 αὐτός
522 2268 688 2323 φησιν
735 2253 764 2305 ό
795 2250 1001 2324 Κύριος
1024 2267 1040 2283 ο
1072 2254 1143 2306 El
1164 2252 1250 2321 μὴ
1273 2248 1485 2323 ἦ.20ον,
1514 2252 1615 2306 καὶ

65 2338 299 2406 ἐλάλησα
322 2339 566 2407 αὐτοῖς,
613 2341 910 2411 ἁμαρτίαν
944 2344 1057 2397 οὐκ
1090 2337 1260 2412 εἶχον
1300 2341 1443 2413 (57)’
1496 2343 1630 2396 νῦν

64 2431 115 2482 δὲ
129 2434 411 2501 πρόφασιν
428 2436 546 2489 οὐκ
565 2434 779 2503 ἔχουσι
796 2435 932 2504 περὶ
950 2435 1062 2504 τῆς
1085 2435 1374 2505 ἁμαρτίας
1393 2433 1612 2501 αὐτῶν,

66 2525 141 2577 οὐκ
162 2525 273 2579 ἄλλο
298 2527 522 2597 νοητέον
548 2528 583 2599 ἢ
611 2529 693 2582 ὃτι
720 2531 749 2583 ό
771 2528 928 2599 λόγος
950 2530 1114 2602 φησιν
1141 2523 1223 2594 οἷς
1247 2529 1457 2583 οὐδέπω
1483 2547 1614 2601 συμ-

66 2619 393 2689 τεπλήρωται,
439 2621 519 2693 μὴ
556 2616 695 2676 εἶναι
723 2622 1018 2695 ἁμαρτίαν,
1058 2621 1280 2687 τούτους
1313 2622 1371 2676 δὲ
1397 2622 1613 2693 ἐνόχους

68 2712 200 2782 αὐτῆς
246 2715 537 2785 τυγχάνειν
558 2754 573 2779 ,
626 2717 675 2768 οἳ
718 2715 783 2769 ἂν
847 2716 1247 2788 μετεσχηκότες
1287 2716 1390 2788 ἤδη
1446 2716 1612 2770 αὐτοῦ

66 2807 299 2876 πράττωσι
324 2807 480 2879 παρὰ
514 2808 613 2872 τὰς
649 2808 855 2873 ἐννοίας
879 2808 978 2873 τὰς
1000 2808 1059 2877 ἐξ
1094 2802 1170 2864 ὧν
1210 2804 1366 2873 οὗτος
1398 2810 1454 2861 ὲν
1481 2810 1613 2880 ἡμῖν

70 2900 459 2972 τδμτληροῦται,
498 2902 595 2956 καὶ
635 2902 809 2971 μόνως
853 2902 1023 2967 οὕτως
1062 2902 1260 2975 ἀληθὲς
1304 2903 1391 2956 ’ἴδ’
1416 2904 1483 2955 El
1522 2901 1611 2972 μὴ

66 2985 233 3059 ἦλθον,
266 2994 361 3047 καὶ
389 2993 681 3062 ἐλάλησα
696 2994 930 3061 αὐτοῖς,
957 2995 1253 3065 ἁμαρτίαν
1276 2998 1389 3051 οὐκ
1422 2990 1608 3066 εἶχον.

67 3084 171 3155 Φέρε
190 3086 287 3159 γὰρ
314 3089 405 3142 ἐπὶ
443 3088 626 3160 Ἰησοῦ
660 3088 755 3142 τοῦ
780 3088 999 3161 ὁρατοῦ,
1016 3090 1091 3154 ὠς
1117 3092 1167 3144 οί
1188 3090 1375 3146 πολλοὶ
1398 3093 1610 3164 οἰήσον-

1641 1835 1684 1892 Β

1720 593 2035 651 praeparans
2067 580 2463 637 convenienter
2490 580 2708 636 veritati
2739 621 2753 646 ,
2794 582 3026 640 rationis
3073 587 3296 655 partici-

1718 686 1815 739 pes
1846 687 1988 738 esse,
2022 673 2200 727 omnia
2229 674 2355 728 vitae
2395 687 2560 741 opera
2590 682 2700 728 tum
2742 675 3004 745 vulgaria,
3037 685 3147 746 tum
3173 679 3298 749 per-

1718 762 1970 827 fectiora,
1997 776 2215 835 propter
2251 767 2395 822 hune
2424 766 2596 836 Λόγον
2641 766 3066 844 [rationemque]
3095 771 3161 826 ad
3200 773 3295 829 Dei

1727 855 1958 927 gloriam
1990 866 2231 928 agentes,
2264 861 2397 916 adeo
2429 869 2486 916 ut
2512 861 2596 917 vel
2625 863 3003 919 manducando
3052 863 3165 938 Μ
3209 866 3296 921 vel

1715 953 1946 1008 bibendo
1985 953 2170 1025 gloriae
2206 955 2296 1011 Dei
2337 959 2674 1014 Studeamus.
2705 957 2836 1013 Nam
2889 959 2931 1014 si
2961 959 3137 1030 ipsum
3168 975 3295 1032 par-

1720 1047 2009 1117 tieipantes
2066 1049 2459 1105 rcsuseitamur
2507 1051 3008 1123 illuminamurque,
3042 1053 3295 1110 fortassis

1721 1150 1901 1194 autem
1936 1141 2212 1210 pascitnur
2236 1142 2400 1197 etiam
2436 1143 2520 1198 vel
2548 1145 2806 1215 regimur,
2838 1147 2958 1214 quis
2983 1162 3087 1201 non
3114 1146 3297 1201 videat

1717 1232 1944 1288 rationis
1969 1247 2197 1303 capaces
2228 1249 2326 1291 uos
2370 1237 2628 1294 divinitus
2672 1237 2813 1294 edici
2851 1240 2968 1310 ipso
3006 1238 3166 1311 Λόγῳ
3193 1239 3297 1295 hoc

1715 1334 1799 1379 est
1827 1324 1965 1380 Filio
1992 1327 2108 1393 Dei,
2138 1337 2305 1400 atque
2334 1330 2447 1401 ipsa
2498 1332 2729 1398 ratione,
2760 1342 2953 1387 cuncta
2987 1331 3040 1386 in
3067 1332 3226 1389 nobis
3260 1347 3292 1385 a

1717 1418 1929 1474 ratione
1961 1420 2163 1487 aliena,
2195 1432 2360 1494 atque
2408 1425 2884 1482 mortiﬁcationem
2923 1426 3114 1495 ipsam,
3159 1440 3295 1496 qua-

1719 1522 1881 1569 tenus
1916 1516 2056 1572 ratio
2098 1526 2181 1573 est
2219 1528 2273 1573 et
2303 1521 2655 1589 resurrectio,
2687 1522 2983 1578 abolente?
3027 1522 3293 1590 Quocirca

1718 1606 1928 1677 inspice
1986 1624 2056 1664 an
2105 1612 2509 1679 quodammodo
2556 1614 2764 1685 ipsius,
2819 1627 3089 1685 quatenus
3119 1615 3295 1684 Λόγος

1717 1697 1846 1769 [hoc
1874 1711 1959 1756 est
1984 1702 2153 1775 ratio]
2183 1713 2285 1767 est,
2328 1706 2624 1775 participes
2659 1706 2768 1761 sint
2797 1722 2987 1763 omnes
3021 1710 3291 1765 homines.

1718 1788 1904 1859 Itaque
1945 1806 2068 1847 eum
2104 1793 2273 1862 quaeri
2310 1808 2415 1848 non
2460 1805 2613 1851 extra
2648 1811 2742 1852 eos
2768 1798 2859 1868 qui
2910 1810 3184 1868 quarunt,
3225 1800 3295 1856 ab

1716 1881 1784 1936 iis
1815 1883 1909 1952 qui
1937 1898 2060 1939 eum
2094 1885 2340 1943 invenire
2361 1888 2716 1954 constituant,
2743 1905 2842 1945 nos
2871 1893 3032 1948 docet
3064 1890 3294 1964 Aposto-

1713 1974 1817 2039 lus,
1852 1976 2040 2032 dicens
2077 1976 2124 2009 "
2160 1976 2284 2033 :Ne
2312 1980 2507 2036 dixeris
2537 1982 2591 2035 in
2631 1982 2787 2037 corde
2808 1994 2924 2041 tuo:
2946 1986 3076 2053 Quis
3110 2005 3297 2045 ascen-

1712 2067 1798 2120 det
1847 2068 1901 2121 in
1929 2068 2118 2123 (telum
2148 2071 2173 2125 .9
2203 2071 2303 2126 hoc
2340 2082 2415 2126 est
2457 2070 2725 2128 Christum
2751 2091 2817 2129 ea:
2844 2076 2953 2133 alto
2986 2080 3242 2137 deducere
3274 2098 3296 2148 ,'

1712 2169 1829 2211 aut:
1858 2158 1990 2224 Quis
2016 2162 2290 2217 descendet
2316 2164 2370 2218 in
2395 2149 2686 2234 abyssum?
2705 2169 2803 2223 hoc
2827 2179 2904 2225 est
2931 2169 3201 2228 Christum
3229 2191 3296 2230 ea:

1713 2250 1939 2303 mortuis
1982 2252 2251 2307 reducere.
2282 2254 2386 2310 Sed
2425 2260 2550 2329 quid
2594 2262 2720 2313 dicit
2759 2260 3036 2329 Scriptura
3059 2263 3083 2299 9
3122 2264 3297 2333 Prope

1714 2346 1761 2389 te
1787 2340 1998 2394 verbum
2026 2352 2101 2396 est
2144 2344 2294 2401 valde
2339 2348 2393 2402 in
2422 2367 2510 2404 ore
2540 2362 2648 2418 tuo,
2677 2363 2725 2407 et
2758 2354 2811 2408 in
2837 2357 2992 2410 corde
3020 2366 3132 2421 tuo,
3170 2374 3296 2428 per-

1717 2429 1843 2486 inde
1898 2449 1963 2489 ae
1996 2438 2039 2490 si
2083 2436 2201 2507 ipse
2243 2440 2489 2497 Christus
2531 2446 2695 2500 etiam
2724 2459 2872 2504 esset
2899 2450 3123 2506 verbum
3151 2453 3297 2521 quod

1714 2526 1996 2593 quaeritur.
2043 2529 2184 2596 Quin
2207 2536 2373 2589 etiam
2405 2538 2624 2605 quando
2668 2539 2780 2607 ipse
2811 2538 3068 2599 Dominus
3116 2543 3295 2613 loqui-

1716 2623 1804 2669 tur
1837 2616 1883 2649 ¹⁵⁸
1914 2635 1929 2673 :
1961 2617 2090 2675 Nisi
2119 2629 2397 2693 venissem,
2426 2640 2475 2684 et
2512 2631 2721 2685 locutus
2743 2632 2961 2700 fuissem
2989 2634 3084 2699 eis,
3113 2649 3297 2694 pecca-

1718 2720 1830 2763 tum
1885 2729 1995 2768 non
2039 2716 2289 2772 haberent
2313 2735 2333 2783 ;
2360 2735 2499 2775 nunc
2553 2733 2729 2777 autem
2775 2740 2877 2779 non
2920 2726 3112 2781 habent
3156 2730 3296 2799 quod

1714 2814 2009 2871 pra'texant
2056 2821 2271 2878 peccato
2316 2829 2449 2879 suo;
2498 2814 2630 2869 nihil
2682 2816 2829 2873 aliud
2886 2818 3294 2890 intelligendum
3324 2873 3336 2886 ,

1715 2904 1798 2950 est
1863 2892 2021 2966 λόγον
2081 2898 2209 2972 [hoc
2276 2913 2360 2960 est
2412 2905 2702 2978 rationem]
2754 2908 2937 2965 dicere
2987 2926 3149 2976 quam
3202 2928 3297 2969 eos

1714 2986 1915 3055 quibus
1952 2991 2188 3048 nondum
2228 2992 2405 3065 ,λόγος
2441 2996 2520 3070 [id
2567 3007 2650 3055 est
2690 2999 2852 3073 ratio]
2885 3003 3154 3073 completa
3186 3018 3293 3070 est,

1716 3092 1997 3150 peccatum
2050 3100 2158 3141 non
2204 3086 2438 3155 habere,
2488 3092 2585 3147 sed
2629 3091 2748 3149 illos
2802 3102 3013 3150 tantum
3067 3108 3296 3168 peccato

66 3194 149 3241 ται,
191 3178 323 3233 τοῦτ’
353 3179 728 3245 ἐξεταζέσθω,
784 3180 903 3245 πῶς
932 3182 990 3235 δὲ
1040 3181 1241 3253 ἀληθὲς
1273 3182 1335 3236 τὸ
1372 3183 1446 3255 μὴ
1469 3182 1613 3254 ἔχειν

1717 3173 1986 3233 obnoxios
2011 3192 2134 3234 esse
2178 3181 2269 3250 qui
2301 3182 2597 3253 participes
2625 3185 2803 3242 eil‘ecti
2850 3188 2964 3259 jam
3005 3190 3178 3260 ipsius
3205 3208 3298 3248 ra-

66 3270 294 3342 ἁμαρτίαν
333 3274 565 3339 τούτους
601 3270 683 3339 οἷς
717 3275 818 3331 οὐκ
860 3275 1118 3347 ὲλήλυθε;
1157 3276 1366 3342 Πάντες
1405 3277 1515 3350 γὰρ
1562 3280 1612 3332 οἱ

66 3359 145 3429 πρὸ
166 3361 255 3432 τῆς
286 3363 596 3436 ἐπιδημίας
635 3364 731 3419 τοῦ
779 3365 1034 3439 Σωτῆρος
1065 3366 1279 3422 ἔσονται
1338 3369 1614 3442 ἁμαρτίας

68 3452 209 3523 sier;
234 3456 650 3528 ἀπολελυμένοι,
689 3459 813 3513 ἐπεὶ
835 3460 935 3513 οὐκ
964 3460 1212 3533 ἐληλύθει
1233 3463 1262 3516 ὁ
1282 3461 1615 3535 βλεπόμενος

66 3549 173 3602 κατὰ
192 3551 359 3622 σάρκα
405 3552 643 3625 Ἰησοῦς.
687 3553 846 3609 Ἀλλὰ
892 3554 987 3609 καὶ
1020 3555 1221 3620 πάντες
1250 3550 1332 3621 οἷς
1361 3557 1614 3629 οὐδαμῶς

65 3637 288 3713 ἀνηγγέλη
310 3644 439 3714 περὶ
463 3643 658 3709 αὑτοῦ,
680 3644 779 3715 οὐχ
809 3643 1019 3710 ἕξουσιν
1046 3647 1343 3719 ἁμαρτίαν.
1382 3649 1490 3703 Καὶ
1515 3649 1613 3721 δῆ-

66 3728 237 3795 λον,ὃτι
258 3737 304 3788 οἱ
339 3735 414 3807 μὴ
439 3736 665 3808 ἔχοντες
692 3738 971 3809 ἁμαρτίαν
997 3740 1179 3810 κρίσει
1228 3741 1328 3813 οὐχ
1360 3742 1615 3797 ὑπόκειν-

63 3837 144 3872 ται.
170 3824 323 3893 Λόγος
352 3826 408 3880 δὲ
434 3829 466 3882 ό
499 3829 557 3880 ἐν
582 3825 911 3899 ἀνθρώποις,
944 3820 1006 3881 οὗ
1033 3829 1281 3900 μετέχειν
1310 3831 1612 3904 εἰρήκαμεν

63 3914 107 3965 τὸ
131 3916 265 3982 γένος
286 3919 466 3991 ἡμῶν,
493 3919 659 3991 διχῶς
684 3920 933 3991 λέγεται·
984 3921 1102 3993 ἦτοι
1145 3922 1288 3978 κατὰ
1326 3924 1428 3995 τὴν
1472 3941 1612 3997 συμ-

66 4008 297 4079 πλήρωσιν
320 4013 431 4068 τῶν
461 4012 709 4078 ἐννοιῶν,
739 4014 864 4085 ἥτις
884 4015 944 4067 ὲν
992 4016 1158 4069 παντὶ
1190 4014 1270 4087 τῷ
1303 4015 1613 4088 ὑπερϐεϐη-

66 4103 153 4159 ater
176 4107 257 4162 τὸν
292 4106 463 4162 παῖδα
498 4106 780 4177 τυγχάνει,
813 4106 1295 4178 ὐπεξαιρουμένων
1317 4106 1426 4163 τῶν
1453 4109 1614 4181 τερά-

65 4215 171 4253 των·
206 4200 238 4271 ἢ
274 4200 418 4256 κατὰ
454 4199 559 4273 τὴν
605 4200 919 4272 ἀκρότητα,
940 4200 1064 4271 ἥτις
1080 4201 1139 4253 ὲν
1172 4199 1355 4270 μόνοις
1381 4202 1495 4264 τοῖς
1526 4217 1614 4254 τε-

66 4288 192 4357 λείοις
216 4295 556 4368 εὑρίσκεται.
593 4292 754 4347 Κατὰ
784 4294 882 4365 μὲν
904 4289 996 4348 οὖν
1028 4294 1090 4348 τὸ
1113 4294 1380 4369 πρότερον
1413 4296 1475 4349 τὸ
1495 4335 1509 4360 ,
1540 4298 1612 4350 El

65 4382 125 4449 μὴ
147 4382 343 4455 ἦλθον,
388 4390 494 4445 καὶ
539 4388 823 4458 ἐλάλησα
868 4389 1108 4456 αὐτοῖς,
1168 4390 1462 4460 ἁμαρτίαν
1498 4392 1611 4446 οὐκ

1718 3264 1905 3332 tionis,
1939 3277 2108 3340 agunt
2144 3279 2344 3340 praeter
2383 3274 2644 3342 rationes,
2676 3293 2743 3333 ex
2779 3281 2977 3350 quibus
3008 3284 3124 3340 hare
3150 3286 3296 3341 ratio

1718 3356 1773 3411 in
1798 3356 1954 3413 nobis
1978 3359 2305 3430 completur,
2341 3362 2394 3418 in
2426 3379 2585 3433 quem
2615 3381 2835 3424 sensum
2864 3380 3076 3428 tantum
3104 3390 3295 3432 verum

1716 3456 1802 3505 est
1857 3446 1988 3505 illud
2023 3468 2039 3508 :
2073 3449 2199 3506 Nisi
2249 3455 2501 3510 venissem
2529 3496 2544 3522 ,
2582 3466 2634 3511 et
2680 3458 2884 3516 locutus
2923 3462 3141 3533 fuissem
3179 3468 3253 3521 eis
3277 3509 3294 3535 ,

1715 3554 1990 3611 peccatum
2018 3561 2123 3600 non
2144 3546 2420 3602 haberem.
2444 3549 2558 3620 Age
2596 3551 2741 3607 enim
2778 3554 2845 3609 de
2876 3553 3005 3611 Jesu
3045 3570 3299 3627 aspecta-

1713 3635 1831 3704 hili,
1879 3646 1938 3693 ut
1981 3637 2233 3709 vulgares
2287 3641 2702 3710 existimabunt,
2763 3646 2867 3702 hoc
2914 3653 3299 3721 expendatur,

1715 3729 1990 3798 quomodo
2030 3730 2145 3801 jam
2181 3747 2371 3787 verum
2402 3735 2475 3790 sit
2500 3751 2616 3804 eos,
2650 3738 2713 3792 ad
2758 3752 2896 3809 quos
2926 3756 3034 3797 non
3062 3745 3293 3813 venerit,

1715 3838 1821 3877 non
1874 3823 2077 3879 habere
2122 3836 2429 3895 peccatum.
2463 3827 2709 3899 Namque
2738 3847 2930 3890 omnes
2969 3836 3062 3905 qui
3095 3835 3297 3892 fuerint

1715 3925 1844 3970 ante
1886 3915 2195 3972 Servatoris
2247 3918 2563 3985 adventum,
2611 3921 2682 3977 ab
2718 3924 2872 3978 omni
2920 3934 3146 3995 peccato
3189 3928 3297 3982 im-

1715 4021 1907 4063 muncs
1933 4007 2099 4063 futuri
2128 4017 2273 4075 sunt,
2312 4010 2569 4080 quoniam
2608 4026 2714 4066 non
2746 4016 2954 4069 venerit
2985 4017 3293 4087 aspectabi-

1714 4103 1780 4159 lis
1817 4102 1973 4175 juxta
2013 4118 2233 4158 carnem
2265 4102 2445 4161 Jesus.
2475 4104 2615 4173 Quin
2644 4107 2811 4162 etiam
2849 4123 3040 4165 omnes
3097 4111 3297 4182 quibus

1714 4196 1781 4249 de
1820 4208 1886 4250 eo
1922 4195 2235 4252 nuntiatum
2264 4210 2369 4252 non
2402 4195 2590 4263 fuerit,
2637 4208 2919 4268 peccatum
2967 4215 3073 4255 non
3126 4201 3299 4257 habe-

1714 4286 1873 4340 bunt.
1911 4284 2064 4341 Unde
2091 4299 2279 4358 aperte
2330 4289 2577 4358 sequitur
2628 4291 2793 4346 etiam
2846 4301 3131 4361 peccatum
3187 4308 3294 4349 non

1714 4378 2019 4443 habentes,
2072 4381 2511 4439 condetnnationi
2556 4399 2662 4440 non
2713 4384 2932 4456 subjici.
3004 4387 3077 4441 At
3137 4383 3298 4456 λόγος

64 4471 217 4545 εἶχον·
261 4481 377 4537 νῦν
422 4482 495 4537 δὲ
540 4483 851 4552 πρόφασιν
895 4485 1008 4539 οὐκ
1052 4484 1268 4552 ἔχουσι
1312 4482 1446 4552 περὶ
1500 4482 1610 4554 τῆς

1717 4465 1793 4544 [id
1837 4478 1920 4526 est
1951 4470 2114 4545 ratio]
2146 4488 2267 4543 quae
2293 4483 2377 4530 est
2426 4475 2480 4530 in
2511 4476 2849 4544 hominibus,
2889 4477 3049 4548 cujus
3069 4478 3295 4547 partici-

64 4572 304 4642 ἀμαρτίας
347 4544 602 4641 αὐτῶν,
632 4544 701 4631 τξι
740 4576 884 4648 ῥητὰ
927 4544 1240 4632 ἐκλεκτέον·
1294 4544 1435 4630 κατὰ
1458 4575 1516 4629 δὲ

1717 4584 1845 4639 pare
1868 4585 2043 4642 genus
2075 4578 2321 4624 nostrum
2355 4568 2612 4634 diximus,
2648 4568 2900 4624 bifariam
2940 4570 3181 4634 dicitur;
3211 4570 3299 4623 vel

65 4662 289 4739 διύτερον,
316 4671 557 4736 Πάντες
605 4669 739 4725 ὅσοι
790 4669 905 4739 πρὸ
943 4669 1087 4740 ἐμοῦ
1112 4665 1306 4740 ἦλθον
1354 4667 1608 4723 κλέπται

1717 4661 1865 4733 juxta
1913 4663 2367 4734 complementum
2389 4704 2404 4729 ,
2441 4664 2585 4734 quod
2612 4663 2758 4720 ornni
2809 4664 2951 4718 inest
2982 4661 3079 4749 qui
3116 4660 3300 4731 pueri-

66 4758 183 4817 τίσι.
223 4761 316 4815 καὶ
358 4762 594 4830 λῃσταὶ
619 4800 635 4826 ,
679 4761 779 4815 καὶ
829 4761 942 4816 οὐκ
981 4758 1261 4828 ἤκουσαν
1299 4758 1499 4814 αὐτῶν
1537 4757 1610 4813 τὰ

1717 4754 1822 4808 lem
1877 4755 2212 4811 transcendit
2266 4766 2524 4821 aetatem,
2569 4753 2826 4811 detractis
2876 4753 3170 4824 prodigiis;
3211 4749 3299 4806 vel

68 4850 300 4916 ιρῶατα.
330 4855 450 4925 Πρὸ
487 4854 603 4927 γὰρ
622 4853 723 4924 τῆς
743 4851 1077 4916 τελειώσεως
1107 4851 1202 4906 τοῦ
1233 4851 1393 4922 λόγου
1436 4851 1617 4907 πάντα

234 4948 302 5000 τὰ
350 4950 414 5001 εν
471 4946 787 5020 ἀνθρώποις
816 4987 832 5012 ,
885 4946 983 5000 ἅτε
1036 4944 1189 5016 ἐνδεῆ
1238 4945 1334 4998 καὶ
1382 4943 1615 5016 ἐλλιπῆ,

66 5027 125 5097 θξ
146 5036 345 5104 τελείως
387 5041 501 5112 οὐχ
529 5038 798 5096 ὑπακούει
835 5037 905 5092 τὰ
943 5038 1002 5091 ὲν
1043 5039 1175 5109 ἡμῖν
1216 5035 1422 5107 ἄλογα,
1475 5038 1610 5108 πρό-

68 5127 176 5184 6m
206 5134 614 5206 τροπικώτερον
652 5131 938 5204 εἰρημένα.
985 5131 1096 5185 Καὶ
1139 5130 1280 5202 τάχα
1325 5130 1469 5184 κατὰ
1510 5129 1609 5200 μὲν

70 5218 113 5272 to
145 5226 423 5299 πρότερον,
479 5228 511 5280 ὸ
550 5225 711 5295 λόγος
757 5224 894 5296 σὰρξ
944 5222 1198 5292 ἐγένετο·
1249 5222 1391 5277 κατὰ
1434 5222 1494 5276 δὲ
1549 5222 1610 5276 τὸ

71 5313 289 5389 δεύτερον,
319 5320 462 5383 Θεὸς
501 5314 572 5391 ἦν
599 5320 628 5375 ὁ
655 5318 832 5387 λόγος.
867 5317 1055 5390 Τούτῳ
1085 5317 1130 5371 δ’
1158 5316 1451 5371 ἀκόλουθόν
1494 5319 1612 5372 ἐστι

74 5404 210 5478 ζητεῖν
233 5414 343 5469 ἐστι
368 5412 582 5487 μεταξὺ
605 5411 698 5467 τοῦ
724 5412 857 5483 (58),
896 5413 950 5466 '0
971 5415 1164 5482 Λόγος
1178 5409 1335 5479 σὰρξ
1356 5410 1613 5480 ἐγένετο,

75 5500 140 5551 καὶ
162 5504 289 5571 Θεὸς
304 5501 384 5575 ἦν
405 5508 444 5560 ὁ
480 5506 693 5575 Λόγος,
717 5504 775 5557 ὲν
806 5506 919 5568 τοῖς
950 5502 1313 5574 ἀνθρωπίνοις
1332 5501 1480 5565 ἰδεῖν,
1503 5496 1614 5555 οἷον

24 5608 27 5637 μ
76 5588 569 5669 ἑνοποιχειουμένου
602 5595 698 5650 τοῦ
727 5596 899 5664 Λόγου
927 5594 1036 5650 ἀπὸ
1062 5592 1157 5648 τοῦ
1201 5594 1482 5663 γεγονέναι
1514 5593 1615 5648 αὺ-

24 5746 27 5791 ι
123 5710 317 5770 "Bern.
345 5734 406 5779 ι,
440 5716 557 5772 6-8.

125 5826 210 5903 (57)
236 5828 440 5903 Εἶχον.
519 5830 614 5886 Sic
664 5831 831 5888 codex
885 5830 1238 5900 Bodleianus;
1292 5831 1496 5902 Regius
1540 5839 1594 5887 et

80 5889 366 5972 Barbérinu's,
396 5904 644 5971 εἴχοσαν.

640 5715 684 5748 ⁸⁸
706 5713 864 5771 Joan.
897 5728 987 5778 xv,
1015 5713 1108 5769 22.
1169 5713 1214 5746 “
1245 5712 1400 5769 Joan.
1431 5729 1486 5778 x,
1510 5714 1565 5770 8.

1713 4844 1870 4916 juxta
1903 4861 2173 4902 summam
2202 4846 2619 4917 perfectionem,
2650 4860 2770 4916 quae
2801 4844 2854 4898 in
2877 4844 3009 4899 solis
3036 4841 3295 4912 perfectis

1720 4940 2019 4996 invenitur.
2042 4939 2227 5011 Itaque
2242 4941 2400 5013 juxta
2437 4941 2675 5013 priorem
2697 4955 2918 4997 sensum
2952 4935 3299 5007 intelligenda

1717 5039 1842 5085 sunt
1881 5032 1995 5085 haec
2024 5032 2188 5087 verba
2222 5051 2235 5088 :
2274 5031 2400 5087 Nisi
2436 5034 2707 5098 venissent,
2747 5040 2796 5085 et
2829 5031 3038 5085 locutus
3074 5027 3297 5098 fuissem

1704 5124 1823 5201 eis,
1852 5136 2126 5192 peceatum
2158 5143 2263 5181 non
2283 5128 2539 5199 haberent
2565 5140 2588 5182 :
2609 5126 2767 5196 juxta
2798 5123 3100 5179 secundum
3124 5135 3296 5177 vero:

1721 5216 1940 5283 Omnes,
1978 5229 2233 5292 quotquot
2284 5232 2406 5276 ante
2437 5237 2515 5275 me
2552 5229 2801 5275 venerunt
2828 5259 2842 5284 ,
2879 5219 3026 5289 fures
3073 5223 3201 5273 sunt
3246 5221 3298 5267 et

1716 5311 1970 5379 latrones,
1994 5322 2173 5368 etnon
2200 5313 2482 5368 audierunt
2508 5329 2596 5367 eos
2620 5328 2738 5366 oves
2755 5312 2821 5367 δ’.
2843 5311 2976 5367 Nam
3005 5319 3296 5379 antequam

1716 5405 2035 5477 perficiatur
2067 5407 2230 5474 ratio,
2256 5407 2438 5461 omnia
2461 5419 2581 5475 quae
2614 5405 2800 5460 insunt
2843 5403 3180 5468 hominibus,
3209 5399 3296 5454 vi-

1725 5501 2046 5571 tuperabilia
2077 5514 2226 5571 sunt,
2254 5503 2387 5572 quia
2433 5503 2543 5558 sint
2594 5502 2777 5573 indiga
2801 5541 2815 5565 ,
2870 5509 2925 5555 et
2953 5495 3295 5567 imperfecta,

1721 5593 1919 5663 quibus
1946 5594 2113 5649 etiam
2161 5593 2404 5664 perfecte
2450 5608 2556 5650 non
2603 5593 2982 5663 obtemperant
3025 5602 3088 5644 ea
3116 5626 3133 5654 ,
3177 5598 3298 5656 quae

1775 5823 2277 5904 (58)_an§7r_éqrt
2300 5822 2702 5904 pstftfbmtoﬁ.’
2714 5830 2823 5904 ele.
2854 5819 2995 5892 Lege
3019 5833 3141 5876 cum
3163 5815 3292 5871 Fer-

1722 5894 1880 5954 rario
1894 5895 2075 5965 ζητεῖν
2097 5895 2213 5949 εἴτε
2236 5896 2352 5949 ἐστι
2383 5894 2585 5965 μεταξὺ
2612 5894 2727 5957 τοῦ,
2750 5902 2852 5948 etc.
