3922 6526
560 401 629 456 99
2011 388 2335 449 OlilGENlS

3728 395 3823 450 1Οο

558 530 686 576 sunt
737 520 792 574 in
849 519 1004 574 nobis
1047 518 1255 572 ratione
1306 516 1596 580 carentia,
1650 514 1861 584 tropice
1890 528 2019 569 oves
2050 513 2131 566 di-

2243 511 2325 566 τὸν
2348 512 2544 584 σάρκα,
2571 513 2665 566 καὶ
2697 512 2837 567 κατὰ
2872 513 3045 586 βραχὺ
3073 514 3496 586 λεπτυνομένου,
3534 515 3643 579 ἓως
3672 517 3824 590 γένη-

557 624 667 668 eta.
728 614 807 666 Ac
858 610 1092 665 fortasse
1144 610 1298 678 juxta
1354 610 1588 679 primum
1639 622 1859 661 sensum
1894 646 1911 671 ,
1961 605 2136 673 Λόγος

559 706 636 779 [id
700 714 784 761 est
843 701 1003 775 ratio]
1058 701 1199 756 facta
1259 709 1343 756 est
1393 714 1564 764 caro;
1624 698 1780 768 juxta
1837 698 2131 753 secundum

555 798 665 873 45
694 813 845 863 vero,
884 795 1024 849 Deus
1056 805 1172 848 erat
1204 792 1293 847 ille
1324 790 1496 860 Λόγος
1544 788 1673 861 [lioe
1702 800 1786 844 est
1818 789 1905 843 illa
1947 787 2135 862 ratio].

568 892 706 947 Huic
757 899 939 943 autem
968 900 1312 954 consequens
1344 892 1429 939 est
1468 896 1716 951 qumrere
1750 898 1876 936 num
1906 896 2138 936 cernere

558 981 831 1050 possimus
863 978 1099 1033 medium
1137 974 1358 1045 aliquod
1396 974 1447 1027 in
1483 973 1800 1027 hominibus
1828 972 1972 1026 inter
1999 973 2140 1026 hanc

558 1073 907 1142 particulam,
943 1067 1083 1120 ratio
1131 1064 1276 1133 facta
1319 1073 1395 1118 est
1437 1079 1561 1116 caro
1592 1061 1659 1125 ”,
1693 1068 1747 1115 ct
1790 1061 1934 1115 inter
1975 1061 2137 1125 lianc,

558 1167 699 1220 Deus
733 1173 849 1219 erat
893 1161 990 1217 illa
1024 1162 1162 1217 ratio
1202 1159 1274 1222 ⁵⁸,
1312 1158 1565 1212 videlicet
1603 1155 2019 1219 reelementata,
2055 1164 2139 1209 al-

556 1273 663 1326 que
695 1256 747 1310 in
784 1256 926 1310 idem
956 1255 1222 1309 redeunte
1243 1251 1454 1305 ratione
1483 1250 1599 1310 illa,
1628 1258 1916 1317 postquam
1952 1247 2138 1302 fuerat

561 1349 702 1401 facta
761 1362 891 1400 caro
938 1346 1204 1413 tantisper
1255 1342 1482 1397 inferior
1538 1342 1701 1404 facta,
1743 1342 1916 1394 donec
1962 1340 2135 1407 ﬁeret,

556 1440 700 1508 quod
732 1450 853 1492 erat
882 1438 935 1490 iit
966 1437 1232 1505 principio
1261 1433 1440 1507 [apud
1481 1435 1645 1487 Deum
1689 1433 1832 1485 Deus
1859 1432 2052 1499 Λόγος,
2088 1432 2139 1484 id

556 1529 673 1603 est]
711 1532 849 1584 ratio
884 1531 971 1583 illa
1004 1532 1143 1599 apud
1179 1528 1392 1583 Patrem
1421 1545 1435 1581 :
1466 1526 1621 1596 cujus
1653 1524 1826 1595 Λόγου
1882 1524 1977 1597 [et
2016 1523 2136 1578 Filii

2241 626 2329 661 ται
2357 608 2493 681 ὅπερ
2528 608 2637 679 (59)
2671 604 2739 680 ἦν
2768 611 2826 662 ἐν
2854 610 2994 681 ἀρχῇ
3020 608 3151 673 Θεὸς
3172 609 3343 678 Λόγος
3374 610 3402 662 6
3429 610 3565 681 πρὸς
3599 609 3693 661 τὸν
3724 612 3827 664 Πα-

2238 701 2392 772 τέρα,
2428 696 2489 755 οὗ
2516 703 2688 771 Λόγου
2728 702 2826 773 τὴν
2852 701 3009 768 δόξαν
3062 697 3199 754 εἶδεν
3234 703 3262 755 ό
3301 702 3586 774 Ἰωάννης,
3618 701 3827 774 ἀληθῶς

2239 791 2595 860 Μονογενοῦς,
2632 791 2707 855 ὡς
2736 792 2842 844 ἀπὸ
2872 791 3103 862 Πατρός.
3138 790 3365 845 Δύναται
3393 792 3450 845 δὲ
3475 793 3571 846 καὶ
3599 795 3628 847 ό
3667 792 3827 862 Λόγος

2241 884 2367 949 Υἱὸς
2387 881 2525 939 εἶναι
2561 884 2713 958 παρὰ
2742 883 2819 955 τῷ
2847 882 3212 953 ἀπαγγέλλειν
3245 884 3314 937 τὰ
3339 884 3546 957 κρύφια
3574 884 3674 939 τοῦ
3723 887 3828 940 Πα-

2240 975 2365 1048 τρδς
2389 962 2618 1041 ἐκείνου,
2654 975 2915 1045 ἀνάλογον
2941 975 3017 1045 τῷ
3044 976 3362 1049 καλουμένῳ
3393 977 3508 1048 Υίῷ
3547 979 3709 1050 Λόγῳ
3738 979 3825 1033 νοῦ

2239 1067 2616 1135 τυγχάνοντος.
2662 1067 2748 1131 Ὠς
2767 1066 2877 1139 γάρ
2908 1068 2936 1119 6
2962 1065 3091 1138 παρ’
3123 1068 3253 1138 ἡμῖν
3273 1067 3430 1136 λόγος
3447 1070 3684 1138 ἄγγελός
3716 1071 3824 1125 ἐστι

2238 1157 2346 1212 τῶν
2376 1158 2480 1211 ὑπὸ
2508 1156 2600 1210 τοῦ
2626 1156 2719 1211 νοῦ
2751 1157 3063 1229 ὁρωμένων,
3096 1158 3269 1223 οὓτως
3309 1161 3337 1212 6
3364 1160 3457 1214 τοῦ
3485 1161 3623 1215 Θεοῦ
3662 1162 3826 1231 Λόγος

2238 1247 2492 1315 ἐγνωκὼς
2517 1248 2608 1302 τὸν
2641 1248 2859 1321 Πατέρα
2918 1247 3152 1318 (οὐδενὸς
3182 1249 3289 1304 τῶν
3316 1252 3562 1324 γενητῶν
3592 1254 3825 1326 προσϐα-

2238 1340 2347 1394 λεῖν
2377 1340 2526 1411 αὐτῷ
2564 1343 2731 1413 χωρὶς
2752 1341 2946 1412 ὁδηγοῦ
2974 1342 3318 1414 δυναμένου),
3362 1344 3740 1399 ἀποκαλύπτει
3771 1348 3823 1400 ὃν

2239 1432 2380 1501 ἔγνω
2414 1433 2652 1505 Πατέρα.
2690 1433 2878 1496 Οὐδεὶς
2906 1432 3025 1506 γὰρ’
3059 1433 3198 1501 έγνω
3245 1436 3334 1488 τὸν
3366 1435 3588 1508 Πατέρα
3614 1439 3663 1490 εί
3700 1437 3771 1509 μὴ
3799 1442 3824 1492 6

2239 1522 2386 1585 ὶῖίὸς,
2417 1523 2511 1577 καὶ
2533 1517 2577 1590 ᾧ
2606 1521 2671 1576 ἂν
2693 1523 2821 1586 Υἱός
2852 1522 3204 1597 ἀποκαλύψῃ.
3232 1525 3325 1578 καὶ
3340 1525 3477 1579 καθὸ
3506 1527 3680 1594 Λόγος
3694 1528 3821 1590 ἐστὶ,

559 1624 692 1696 Dei]
732 1626 959 1691 gloriam
992 1625 1124 1676 vidit
1164 1621 1404 1675 Joannes
1442 1637 1569 1673 vere
1619 1618 1919 1688 Uuigeniti,
1971 1618 2133 1672 veluti

2243 1612 2503 1683 μεγάλης
2529 1613 3045 1683 τυγχάνειβουλῆς
3074 1614 3328 1684 ἄγγελος
3354 1615 3449 1682 ὢν,
3480 1612 3542 1671 οὗ
3570 1617 3822 1686 ἐγενήθη

502 1768 508 1773 .
557 1735 587 1772 ιι
619 1717 783 1772 Patre
818 1716 889 1770 ".
925 1715 1102 1770 Potest
1141 1727 1322 1769 autem
1358 1714 1525 1767 Filius
1567 1714 1733 1774 etiam
1778 1728 1962 1767 sermo
1997 1727 2133 1777 esse,

520 1794 533 1815 ι
809 1813 819 1815 ο
1073 1811 1085 1815 _
1345 1806 1354 1815 .
1463 1803 1498 1815 ..
1548 1814 1551 1815 ν
1597 1804 1607 1814 .
1758 1804 1768 1814 .
1917 1804 1927 1815 .

2243 1710 2277 1775 ἡ
2319 1705 2475 1776 ἀρχὴ
2510 1706 2605 1759 ἐπὶ
2632 1706 2740 1761 τοῦ
2779 1706 2939 1775 ὤμου
2986 1706 3193 1759 αὑτοῦ·
3230 1707 3549 1763 ἐϐασίλευσε
3576 1708 3690 1781 γὰρ
3744 1708 3823 1764 διὰ

557 1829 623 1868 co
677 1813 820 1880 quod
874 1811 1149 1864 renuntiet
1199 1806 1413 1859 occulta
1460 1803 1642 1858 Patris
1688 1804 1796 1869 sui,
1840 1804 1930 1872 qui
1987 1820 2133 1856 mens

2243 1798 2331 1852 τοῦ
2365 1799 2690 1853 πεπονθέναι
2717 1799 2809 1854 τδν
2843 1801 3093 1873 σταυρόν.
3136 1802 3224 1856 Ἐν
3241 1802 3296 1857 δὲ
3324 1796 3392 1874 τῇ
3430 1803 3823 1872 Ἀποκαλύψει

555 1907 770 1959 exsistit
826 1904 1055 1975 perinde
1095 1910 1261 1969 atque
1289 1898 1484 1961 Filius,
1527 1898 1618 1966 qui
1656 1908 1879 1951 vocatur
1917 1894 2133 1950 Sermo.

2243 1895 2329 1947 ἐπὶ
2376 1893 2568 1947 λευκοῦ
2600 1895 2770 1947 ἵππου
2800 1894 3128 1959 καθέζεσθαι
3169 1895 3387 1965 λέγεται
3430 1895 3590 1965 λόγος
3641 1896 3825 1958 πιστὸς

562 1998 627 2052 Ut
658 1998 802 2052 enim
833 1998 977 2066 apud
1005 2010 1102 2048 nos
1126 2006 1307 2047 sermo
1337 1991 1562 2043 nuntius
1599 2001 1682 2042 est
1714 2003 1905 2042 carum
1954 2002 2133 2042 rerum

2243 1984 2329 2037 καὶ
2352 1984 2622 2056 ἀληθινὸς,
2648 1984 2722 2049 ὡς
2749 1982 2924 2056 οἶμαι,
2962 1989 3232 2058 παμστᾷν
3272 1986 3382 2058 (60)
3411 1987 3471 2040 τὸ
3504 1987 3679 2054 σαφὲς
3731 1987 3824 2056 τῆς

555 2105 672 2157 ane
698 2106 723 2141 a
761 2097 944 2141 mente
970 2094 1289 2148 eet-nuntur,
1321 2085 1401 2138 sic
1430 2083 1518 2136 ille
1545 2082 1639 2137 Dei
1668 2084 1885 2144 Sermo,
1914 2081 2006 2150 qui
2031 2077 2135 2132 Pa—

557 2195 693 2235 trem
745 2180 965 2251 agnovit
1020 2178 1264 2251 (nemine
1326 2175 1529 2244 alioqui
1577 2175 1886 2227 mortalium
1930 2176 2136 2240 alisque

555 2280 693 2327 dure
733 2275 784 2325 in
824 2288 946 2326 cum
994 2271 1278 2325 intendere
1322 2267 1592 2333 valente),
1638 2266 1853 2321 Patrem
1893 2270 2135 2336 agnitum

557 2367 781 2420 revelat.
827 2363 1018 2417 Nullus
1055 2365 1198 2418 enim
1252 2363 1472 2430 agnovit
1522 2361 1735 2414 Patrem
1791 2361 1893 2415 nisi
1940 2360 2133 2425 Filius,

556 2469 651 2513 aut
713 2458 802 2512 ille
852 2458 938 2511 cui
992 2456 1165 2511 Filius
1225 2454 1492 2509 revelabit
1549 2453 1618 2516 ³³,
1666 2462 1719 2507 et
1768 2455 1818 2507 in
1873 2465 2134 2522 quantum

566 2551 762 2604 Sermo
811 2558 916 2612 est,
958 2547 1139 2617 magni
1189 2545 1382 2598 existit
1425 2542 1634 2597 consilii
1674 2540 1950 2595 Nuntius:
1984 2542 2134 2611 cujus

558 2643 884 2713 principatus
904 2639 1077 2709 factus
1095 2647 1169 2692 est
1197 2654 1355 2706 super
1378 2638 1651 2690 humerum
1669 2636 1782 2704 ejus
1795 2634 1874 2699 “,'
1895 2636 2136 2702 regnavit

555 2737 699 2791 enim
733 2750 798 2788 eo
824 2733 971 2802 quod
1005 2732 1056 2786 in
1090 2747 1307 2785 crucem
1352 2729 1578 2784 suﬁixus
1617 2737 1723 2783 est.
1772 2727 2040 2780 Caeterum
2081 2727 2131 2778 in

2237 2075 2421 2146 φωνῆς
2451 2075 2480 2127 ὃ
2502 2077 2757 2146 ὴχεῖταιό
2787 2077 2917 2147 ἡμῖν
2953 2076 3233 2147 ἐπιδημῶν
3253 2076 3513 2147 ἀληθείας
3544 2076 3721 2145 λόγος.
3751 2077 3823 2130 Οὐ

2233 2167 2328 2220 τοῦ
2380 2168 2644 2239 παρόντος
2684 2167 2740 2221 δὲ
2778 2167 2973 2240 καιροῦ
3016 2167 3209 2233 δεῖξαι,
3256 2169 3338 2221 ὅτι
3376 2169 3468 2222 ἐπὶ
3510 2169 3616 2239 τῆς
3646 2167 3827 2239 φωνῆς

2236 2257 2503 2328 πολλαχοῦ
2535 2259 2632 2329 τῆς
2664 2258 2901 2329 Γραφῆς,
2927 2259 2985 2311 ἐν
3069 2259 3185 2311 ἐστι
3215 2257 3282 2312 τὰ
3318 2259 3668 2331 προκείμενα
3695 2259 3826 2332 (δι),

2234 2349 2301 2402 δι’
2334 2344 2409 2405 ὧν
2457 2348 2811 2421 ὠφελούμεθα
2850 2350 3011 2404 θείων
3070 2351 3407 2423 μαθημάτων
3458 2351 3825 2423 ἀκροώμενοι,

2236 2445 2411 2497 κεῖται
2442 2444 2475 2514 ἡ
2508 2444 2691 2508 ἵππος
2710 2442 3068 2515 προσηγορία.
3101 2443 3275 2497 Μόνον
3299 2443 3356 2497 δὲ
3375 2444 3493 2506 ἑνὸς
3524 2445 3621 2497 καὶ
3645 2443 3826 2496 δευτέ-

2239 2555 2334 2609 ρου
2367 2536 2757 2607 ὑπομνηστέον.
2780 2535 2894 2589 τοῦ⁸
2922 2535 3160 2604 Ψευδὴς
3179 2537 3361 2603 ἵππος
3391 2539 3478 2603 είς
3501 2537 3823 2605 σωτηρίαν

2238 2630 2349 2685 καί·
2384 2627 2557 2685 Οὗτοι
2591 2631 2662 2684 ἐν
2679 2630 2921 2700 ἅρμασι,
2954 2629 3051 2682 καί
3089 2626 3252 2685 οὗτοι
3283 2630 3354 2682 ἐν
3394 2630 3624 2695 ἵπποις,
3661 2628 3826 2699 ἡμεῖς

2237 2723 2305 2775 δὲ
2340 2723 2411 2776 ἐν
2437 2724 2677 2793 ὀνόματι
2718 2723 2941 2791 Κυρίου
2982 2722 3130 2776 Θεοῦ
3177 2721 3347 2791 ἡμῶν
3368 2723 3827 2792 μεγαλυνθησὸ-

554 2828 876 2899 Apocalypsi
907 2826 954 2857 "
1004 2840 1186 2881 sermo
1220 2823 1394 2878 ﬁdelis
1420 2834 1477 2878 et
1507 2837 1669 2876 verus
1709 2820 1899 2875 sedere
1939 2818 2133 2873 dicitur

2243 2820 2403 2885 μεθα.
2422 2816 2496 2869 T6
2520 2815 2595 2868 δέ’
2631 2814 3025 2883 Ἐξηρεύεατο
3048 2816 3083 2882 ἡ
3105 2813 3319 2883 καρδία
3341 2832 3459 2883 μου
3485 2816 3678 2885 λόγον
3696 2815 3827 2885 ἀγα-

514 2950 523 2961 ·
558 2924 615 2979 in
652 2938 792 2993 equo
818 2922 963 2986 albo,
994 2934 1112 2973 mea
1148 2918 1415 2972 sententia
1466 2918 1732 2971 denotans
1777 2911 1926 2968 vocis
1969 2911 2139 2965 clari-

559 3026 747 3081 tatem,
806 3028 969 3082 quam
1025 3011 1243 3066 insonat
1290 3010 1357 3063 ad
1417 3024 1516 3062 nos
1570 3007 1841 3062 accedens
1893 3004 2138 3059 veritatis

555 3124 761 3163 sermo.
791 3105 909 3160 Non
956 3113 1039 3158 est
1091 3114 1276 3157 autem
1328 3100 1613 3169 prteseutis
1648 3098 1909 3168 temporis
1955 3108 2137 3151 osmn-

2238 2908 2365 2971 06r,
2392 2908 2547 2979 λέγω
2568 2908 2682 2979 ἐγὼ
2710 2909 2780 2963 τὰ
2812 2907 2957 2977 ἔργα
2978 2926 3097 2977 μου
3136 2906 3218 2971 τῷ
3232 2906 3503 2971 βασιλεῖ,
3548 2908 3609 2960 ὲν
3635 2907 3714 2979 τῷ
3748 2909 3825 2978 μδ

2236 3000 2436 3072 ψαλμῷ
2451 2999 2943 3070 ἀναγεγραμμένον
2963 2998 3326 3068 συνεχέστατα
3348 2997 3452 3049 ὑπὸ
3483 2996 3593 3050 τῶν
3620 2997 3827 3051 πολλῶν

2240 3094 2537 3165 φερόμενον
2564 3092 2639 3153 ὡς
2669 3090 3008 3161 νενοημένον,
3047 3091 3179 3159 ἡμῖν
3205 3089 3305 3141 οὑκ
3339 3088 3705 3142 Macetum-nov
3738 3091 3828 3142 ἐα-

556 3203 684 3256 dere
706 3197 1031 3253 vocabulum
1061 3209 1234 3264 equus
1256 3192 1568 3261 frequenter
1589 3191 1712 3259 poni
1749 3189 1799 3242 in
1831 3203 1963 3242 voce
1990 3186 2133 3240 Scri-

2243 3188 2378 3242 τέον·
2417 3186 2557 3238 ἔστω
2588 3184 2695 3254 γὰρ
2725 3184 2817 3235 τὸν
2846 3181 3064 3250 Πατέρα
3092 3180 3265 3234 ταῦτα
3296 3179 3496 3247 λέγειν,
3546 3182 3634 3244 τίς
3662 3178 3753 3235 οὖν
3795 3185 3827 3252 ἡ

2356 3271 3031 3286 -..-.....η
3176 3272 3200 3286 ..
3350 3269 3801 3286 ....,...,

557 3307 732 3366 pturar
764 3292 853 3365 [in
887 3306 990 3360 qua
1021 3283 1455 3360 proponuntur],
1496 3299 1618 3354 qua:
1650 3283 1802 3336 nobis
1840 3283 1951 3335 sint
1986 3279 2138 3346 adju-

564 3397 752 3443 mcnto
810 3386 1023 3438 divinas
1086 3379 1403 3449 disciplinas
1475 3376 1842 3430 audientibus.
1904 3371 2137 3426 Tantum

560 3504 724 3557 unius
747 3510 839 3555 aut
866 3497 1089 3553 alterius
1113 3496 1212 3549 loci
1240 3496 1664 3549 submoneamus
1689 3507 1703 3544 :
1734 3486 1919 3554 hujus,
1941 3483 2140 3538 Fallax

554 3612 720 3666 equus
749 3606 821 3647 est
850 3593 919 3645 ad
949 3589 1180 3644 salutem
1227 3588 1273 3619 "
1301 3605 1314 3653 ;
1348 3598 1401 3641 et
1429 3585 1572 3639 illius
1612 3600 1626 3636 :
1671 3581 1743 3636 Ili
1780 3581 1833 3633 in
1876 3577 2136 3638 curribus,

554 3699 603 3743 et
631 3689 683 3741 lii
712 3689 763 3740 in
802 3686 974 3756 equis,
1032 3699 1125 3736 nos
1158 3691 1331 3735 autent
1364 3679 1420 3732 in
1449 3677 1655 3730 nomine
1690 3673 1783 3727 Dei
1815 3671 1980 3726 nostri
2028 3685 2140 3721 mu-

555 3781 927 3852 gniﬁrabimur
962 3778 1033 3832 ⁸⁷.
1068 3776 1241 3832 Porro
1280 3770 1422 3842 quod
1477 3772 1528 3825 in
1578 3777 1776 3837 quarto
1814 3774 1869 3819 et
1900 3761 2137 3830 quadra-

555 3876 764 3944 gesimo
819 3871 1029 3943 psalmo
1088 3878 1171 3924 est
1235 3867 1498 3934 scriptum
1547 3861 1654 3914 '3:
1719 3854 1992 3911 Eructavit
2050 3868 2140 3906 cor

554 3984 727 4022 meum
775 3980 1068 4020 sermonem
1103 3962 1319 4024 bonum,
1352 3956 1472 4011 dico
1509 3968 1603 4023 ego
1650 3966 1809 4019 opera
1854 3963 1972 4000 mea
2004 3944 2137 4014 regi,

558 4056 1001 4127 frequentissime
1052 4050 1344 4120 repetitum
1382 4060 1413 4098 a
1465 4041 1649 4097 mttltis
1701 4037 1924 4108 perinde
1970 4049 2036 4088 ac
2091 4033 2136 4087 si

558 4124 950 4219 intelligerent,
995 4144 1139 4200 haud
1185 4142 1454 4196 intactum
1507 4132 1662 4188 nobis
1700 4124 2137 4199 prmtereundum

552 4251 654 4296 est.
711 4215 839 4294 Esto
887 4238 1031 4291 enim
1090 4235 1304 4289 Patrem
1344 4229 1459 4285 [nec
1492 4224 1695 4285 dicere,
1728 4218 2005 4289 quodnam
2042 4215 2129 4268 di-

554 4345 677 4389 cent
706 4347 826 4387 esse
858 4331 1031 4398 ipsius
1056 4340 1174 4386 cor.
1204 4333 1262 4375 ut
1289 4333 1471 4376 sermo
1500 4316 1751 4368 videatur
1793 4312 1969 4364 bonus
1996 4322 2134 4362 cono

554 4436 848 4497 sequenter
877 4420 1080 4478 cordi?
1121 4418 1177 4473 Si
1227 4414 1373 4471 enim
1432 4412 1548 4465 haec
1581 4423 1682 4461 vox
1723 4404 1881 4474 λόγος
1913 4400 2005 4474 [id
2055 4408 2139 4456 est

553 4494 696 4578 ratio
732 4519 814 4574 vel
844 4511 1064 4584 sermo]
1110 4506 1573 4578 interpretatione
1622 4517 1729 4555 non
1774 4510 1919 4567 eget,
1965 4505 2024 4550 ut
2060 4494 2136 4549 illi

554 4613 891 4675 existimant,
913 4606 1132 4662 abunde
1154 4610 1372 4658 constat
1396 4611 1571 4665 neque
1597 4593 1783 4649 cordis
1808 4588 2133 4645 vocabulum
2169 4587 2213 4642 D

557 4698 1008 4771 interpretatione
1041 4709 1223 4762 egere,
1272 4691 1323 4745 id
1356 4691 1499 4759 quod
1535 4697 1620 4739 est
1652 4681 2130 4744 absurdissimum,

558 4794 870 4848 existimare
914 4787 1122 4843 scilicet
1147 4799 1252 4837 non
1298 4795 1457 4837 secus
1502 4793 1597 4833 cor
1624 4786 1833 4847 partem
1871 4773 1961 4828 Dei
1991 4786 2130 4835 esse,

558 4895 720 4954 atque
754 4892 840 4938 est
874 4882 926 4934 in
965 4886 1153 4933 nostro
1186 4889 1436 4946 corpore.
1486 4872 1594 4926 Sed
1638 4866 1963 4922 admonendi
2007 4875 2136 4921 sunt

558 4977 635 5030 illi
680 4977 825 5047 quod
855 4968 1313 5044 quemadmodum
1343 4979 1559 5023 manus.
1599 4972 1654 5017 et
1698 4960 2006 5023 brachium,
2044 4968 2133 5012 at-

556 5083 666 5136 que
706 5068 870 5122 etiam
913 5064 1116 5135 digitus
1158 5060 1254 5116 Dei
1303 5058 1529 5121 dicitur,
1565 5056 1764 5109 nudum
1810 5050 2132 5107 vocabulum

556 5160 677 5214 acie
723 5159 919 5215 mentis
965 5156 1124 5212 nobis
1173 5169 1278 5208 non
1313 5148 1751 5220 dispicientibus,
1784 5145 1877 5200 sed
1920 5144 2133 5199 exami-

560 5252 821 5306 nantibus
843 5263 1081 5320 quonam
1111 5254 1270 5317 pacto
1303 5244 1419 5298 haec
1449 5254 1600 5307 sane,
1633 5251 1686 5292 et
1716 5246 1775 5291 ut
1805 5236 1915 5290 Deo
1937 5245 2023 5290 est
2054 5234 2133 5288 di-

558 5357 748 5411 guunt,
798 5341 908 5396 sint
955 5336 1291 5409 accipienda,
1336 5335 1409 5390 ita
1446 5332 1612 5387 etiam
1667 5344 1765 5383 nos
1825 5325 2133 5395 intelligere

626 5461 675 5492 ³ο
705 5459 861 5515 Joan.
892 5472 935 5518 ι,
963 5454 1049 5512 ﬂ.

558 5529 607 5562 ια
642 5510 983 5591 valuit-xii;
1029 5525 1114 5589 17,
1188 5525 1231 5555 ετ
1262 5521 1403 5577 Psal.
1435 5510 1547 5580 m.
1586 5517 1638 5570 8.
1715 5514 1762 5545 αθ
1794 5510 1947 5565 Vers.
1981 5510 2034 5568 ι.

632 5648 743 5719 (59)
778 5648 974 5714 Ὅπερ.
998 5643 1088 5719 S_ie
1115 5640 1282 5719 codex
1311 5637 1631 5719 Bodleianus
1656 5631 1915 5703 incgius,
1944 5629 2135 5695 ὅσπερ.

634 5705 746 5788 ζϋυδ
784 5705 1108 5788 Παρῖςτᾷν.
1135 5713 1275 5788 Lego
1311 5705 1607 5788 παριστὰς.

633 5768 746 5859 itit]
784 5768 966 5859 β’]ἐῖ
987 5768 1118 5859 ἐστι
1142 5768 1619 5859 τὰῗπροκὲίμενα,
1647 5780 1764 5859 etin.
1785 5769 1919 5859 μέτε
1937 5768 2137 5859 desunt

564 5860 619 5913 in
638 5838 888 5915 ‘étiiuuﬁé
916 5838 1118 5922 ﬁll—eiii,
1135 5854 1229 5912 sed
1255 5838 1584 5908 rcvocaiitur
1614 5861 1644 5899 e
1667 5840 1825 5899 codd.
1853 5838 2144 5895 Bodleiano

561 5940 619 5983 et
647 5928 962 5987 Barbet‘iuo.

1146 5453 1188 5485 ¹¹
1219 5451 1373 5508 Joan.
1410 5464 1447 5512 t.
1482 5448 1534 5503 l.
1605 5441 1833 5512 ⁵⁸1οτιιι.
1867 5455 1908 5502 l,
1939 5439 2023 5512 14.
2109 5439 2157 5473 ⁸³
2191 5440 2381 5494 Matth.
2413 5453 2488 5499 χι,
2513 5433 2603 5488 9.7.

2242 3278 2439 3352 καρδία
2466 3274 2652 3336 αὑτοῦ,
2684 3274 2769 3326 ἵνα
2804 3271 3113 3333 ἀκολούθως
3139 3272 3205 3340 τῇ
3236 3269 3434 3340 καρδίᾳ
3455 3271 3492 3321 -ό
3510 3271 3718 3339 ἀγαθὸς
3744 3271 3830 3323 λά-

2240 3386 2335 3438 γος
2362 3368 2539 3437 φανῇς
2586 3364 2647 3416 Εἰ
2685 3363 2793 3433 γὰρ
2832 3362 2861 3414 6
2895 3360 3051 3429 λόγος
3079 3361 3140 3413 οὑ
3178 3360 3348 3413 δεῖται
3379 3360 3711 3431 διηγήσεως,
3757 3363 3832 3424 ὼς

2242 3461 2437 3515 ἐκεῖνοι
2471 3454 2932 3525 ὑπολαμϐάνουσι,
2960 3447 3393 3523 δη).ονότιὀὑδ’ή
3433 3454 3657 3525 καρδία,
3699 3455 3832 3525 ὅπερ

2241 3553 2386 3606 ἐστὶν
2434 3546 2803 3609 ἀτοπώτατον,
2838 3544 3078 3615 νομίζειν
3109 3544 3207 3615 τὴν
3252 3544 3478 3617 καρδίαν
3521 3546 3725 3616 ὁμοίως
3758 3545 3833 3614 τῷ

2240 3648 2297 3699 ὲν
2348 3626 2598 3715 ἡμετέρῳ
2654 3639 2866 3711 σώματι
2910 3633 3050 3692 εἶναι
3112 3638 3277 3711 μέρος
3327 3637 3421 3691 τοῦ
3471 3637 3632 3693 Θεοῦ.
3697 3638 3833 3696 Ἀλλ’

2242 3735 2617 3809 ὑπομνηστέον
2663 3734 2880 3797 αὐτοὺς,
2928 3733 3033 3797 ὅτι,
3086 3730 3277 3809 ᾣσπερ
3311 3730 3435 3803 χεὶρ
3469 3731 3565 3785 καὶ
3597 3731 3834 3803 βραχίων

2242 3830 2337 3885 καὶ
2354 3806 2620 3891 δάκτυλος
2652 3824 2979 3897 ὀνομάζεται
3011 3806 3166 3887 Θεδῧ,
3202 3825 3302 3877 οὑκ
3338 3823 3657 3894 ἐρειδόντων
3677 3824 3834 3895 ἡμῶν

2243 3924 2339 3997 τὴν
2358 3924 2596 3979 διάνοιαν
2614 3922 2694 3985 είς
2713 3920 2874 3993 ψιλὴν
2894 3920 2995 3992 τὴν
3011 3917 3177 3983 λέξιν,
3196 3917 3308 3971 ἀλλ’
3336 3915 3703 3982 ἐξεταζόντων
3721 3917 3837 3983 πῶς

2238 4015 2415 4070 ταῦτα
2453 4014 2622 4083 ὑγιῶς
2651 4012 3017 4085 ἐκλαμϐάνειν
3047 4013 3141 4066 καὶ
3174 4009 3340 4075 ἀξίως
3371 4008 3509 4062 Θεοῦ
3531 4008 3636 4073 δεῖ,
3664 4010 3838 4075 οὕτως

2242 4111 2335 4163 καὶ
2374 4109 2470 4181 τὴν
2511 4108 2739 4179 καρδίαν
2776 4106 2869 4161 τοῦ
2913 4104 3045 4159 Θεοῦ
3097 4105 3196 4176 τὴν
3244 4102 3501 4176 νοητικὴν
3539 4103 3710 4157 αὑτοῦ
3744 4104 3838 4157 καὶ

2242 4201 2570 4274 προθετικὴν
2602 4201 2732 4272 περὶ
2762 4200 2869 4253 τῶν
2890 4198 3028 4253 ὅλων
3050 4197 3280 4268 δύναμιν
3313 4196 3635 4267 ὲκληπτέον·
3669 4195 3759 4249 τὸν
3781 4196 3838 4249 δὲ

2239 4293 2397 4362 λόγον
2419 4291 2527 4346 τῶν
2558 4293 2616 4345 ὲν
2646 4291 2833 4364 ἐκείνῃ
2872 4291 2935 4344 τὸ
2974 4286 3397 4358 ἀπαγγελτικόν.
3435 4286 3533 4349 Τίς
3559 4286 3620 4340 δὲ
3655 4287 3838 4354 ἀπαγ-

2241 4384 2418 4455 γέλλει
2463 4383 2561 4456 τὴν
2615 4381 2808 4454 βουλὴν
2865 4380 2959 4434 τοῦ
3012 4378 3226 4450 Πατρός
3269 4379 3381 4440 τοῖς
3429 4374 3539 4427 τῶν
3591 4375 3838 4446 γενητῶν

2240 4479 2414 4545 ἀξίοις
2466 4479 2561 4533 καὶ
2613 4477 2744 4549 παρ’
2805 4476 3005 4538 αὑτοὺς
3056 4471 3444 4542 γεγενημένοις
3476 4468 3509 4540 ἢ
3544 4470 3574 4522 ὁ
3608 4469 3836 4539 Σωτήρς

2243 4574 2397 4643 Τάχα
2422 4573 2480 4627 δὲ
2525 4572 2620 4625 καὶ
2650 4571 2711 4624 οὑ
2749 4568 2927 4642 μάτην
2957 4568 3037 4633 τὸ,
3083 4564 3468 4633 ἐξηρεύξατοο
3510 4562 3687 4633 μυρία
3731 4562 3839 4633 γὰρ

2241 4668 2405 4740 ἕτερα
2448 4666 2668 4721 ἐδύνατο
2718 4664 2974 4733 λέγεσθαι
3021 4662 3141 4716 ἀντὶ
3185 4658 3297 4730 (62)
3325 4644 3419 4711 τοῦ
3442 4654 3837 4740 ἐξηρεύξατο.

2243 4732 2551 4833 Προέϐαλεν
2587 4759 2620 4829 ἡ
2654 4756 2849 4830 καρδία
2891 4772 2991 4825 μου
3028 4753 3184 4821 λόγον
3220 4747 3457 4818 ἀγαθόν’
3491 4732 3759 4817 ἐλάλησεν
3806 4747 3837 4815 ἠ

2244 4855 2440 4927 καρδία
2489 4871 2588 4924 μου
2645 4851 2803 4920 λόγον
2853 4846 3079 4919 ἀγαθόν.
3139 4842 3299 4897 Ἀλλὰ
3353 4841 3590 4913 μήποτε,
3650 4840 3840 4909 ὥσπερ

2242 4947 2551 5019 πνεύματός
2571 4961 2715 5008 τινος
2745 4939 3065 5013 ἀποκρύφου
3088 4937 3206 5009 (65)
3239 4937 3319 4999 είς
3351 4932 3584 5005 φανερὸν
3613 4930 3839 5001 πρόοδός

2241 5044 2388 5096 ἐστιν
2424 5042 2457 5110 ἡ
2489 5038 2663 5109 ὲρυγὴ
2707 5034 2803 5088 τοῦ
2846 5031 3232 5107 ὲρευγομένου,
3296 5026 3460 5081 οἱονεὶ
3505 5023 3597 5078 διὰ
3646 5022 3837 5076 τούτου

2243 5134 2625 5195 ἀναπνέοντος.
2658 5129 2801 5184 οὑτω
2854 5128 2923 5181 τὰ
2973 5125 3075 5196 τῆς
3106 5119 3364 5192 ἀληθείας
3406 5117 3748 5188 θεωρήματα
3778 5114 3837 5167 ού

2245 5229 2483 5300 συνέχων
2510 5228 2538 5280 6
2557 5224 2748 5296 Πατὴρ
2769 5221 3075 5294 ἐρεύγεται,
3112 5215 3207 5271 καὶ
3238 5215 3384 5268 ποιεῖ
3413 5211 3505 5265 τὸν
3536 5209 3712 5265 τύπον
3743 5207 3841 5259 αὑ-

2244 5324 2352 5378 τῶν
2380 5326 2437 5378 ὲν
2465 5321 2542 5393 τῷ
2578 5321 2741 5390 λόγῳ,
2770 5318 2865 5370 καὶ
2888 5315 2977 5368 διὰ
3004 5311 3164 5367 τοῦτο
3196 5309 3365 5364 εἰκόνι
3386 5304 3710 5376 καλουμένῳ
3742 5299 3837 5355 τοῦ

2707 5432 2758 5463 ⁸⁸
2788 5432 2894 5485 Isa.
2930 5444 3007 5494 Ix,
3037 5428 3090 5482 6.
3167 5425 3213 5457 "
3241 5425 3377 5494 Cap.
3411 5437 3529 5486 XIX,
3565 5434 3716 5474 vers.
3747 5419 3835 5472 Η,

2324 5622 2655 5696 (θὲχἉγτι.
2693 5612 3125 5696 Deest-inuento
3154 5603 3359 5670 lluetii,
3395 5602 3490 5658 sed
3529 5602 3734 5675 legitur
3777 5602 3835 5660 in

2249 5681 2428 5751 Cudd.’
2446 5690 2737 5745 Bodleiano
2763 5695 2816 5739 et
2842 5681 3162 5751 Barberino.

2320 5745 2429 5835 (33)
2465 5757 2854 5835 ‘Anoxpziggov.
2885 5751 2978 5808 Sic
3003 5749 3175 5808 codex
3207 5745 3574 5814 Bodleianus;
3608 5745 3834 5803 Huetius

2254 5836 2306 5890 in
2328 5827 2509 5896 'teittt,
2547 5827 2922 5900 ἀποκρύπτου.
