3856 6516
58 389 143 443 ΠΗ
1152 385 1508 443 (ΣΟΜΜΕᾸΤ.
1544 386 1613 444 ΙΝ

1736 388 1840 445 AN.
1876 386 2117 445 TOMUS
2156 385 2191 440 Ι.

3210 391 3313 446 102

57 500 278 567 ἀοράτου
311 498 477 554 Θεοῦ·
514 502 607 555 καὶ
636 501 806 557 ταῦτα
831 502 950 573 μὲν,
988 504 1074 557 ἵνα
1103 507 1626 578 συμπεριφερόμενοι

1739 508 1959 570 debere,
1990 520 2084 558 cor
2114 505 2207 559 Dei
2240 516 2361 558 esse
2386 504 2503 571 ejus
2532 516 2650 558 eam
2696 504 2800 558 vim
2841 494 2972 575 qua?
3005 503 3313 577 intelligen-

55 594 111 662 τῇ
131 591 237 644 τῶν
269 593 490 647 πολλῶν
505 594 694 666 ὲκδοχῇ
720 593 1152 668 παραδεξώμεθα
1177 598 1286 652 ἀπὸ
1309 598 1401 652 τοῦ
1422 598 1632 671 Πατρὸς

49 685 298 753 λέγεσθαι
349 686 435 740 τὸο
515 687 905 757 Ἐξηρεύξατο
936 690 974 758 1)
1014 690 1230 759 καρδία
1280 709 1399 761 μου
1448 693 1635 763 λόγον

53 782 288 849 ἀγαθόν.
315 783 394 837 Οὐ
427 782 604 852 πάντη
629 783 685 835 δὲ
705 783 889 843 αὐτοῖς
922 784 1375 855 παραχωρητέον,
1407 785 1484 849 ὡς
1501 787 1629 856 ὁμου

54 873 390 945 λογουμένως
430 875 605 930 ταῦτα
654 874 1089 943 ἀπαγγέλλοντος
1137 874 1232 929 τοῦ
1261 875 1418 930 Θεοῦ.
1452 877 1550 931 Διὰ
1579 877 1634 931 τί

52 965 149 1035 γὰρ
204 966 331 1036 οὐχὶ
386 967 415 1019 6
460 966 744 1038 προφήτης
788 964 941 1017 ἔσται
981 964 1159 1032 λέγων
1190 964 1498 1037 πληρωθεὶς
1535 965 1630 1020 τοῦ

53 1057 390 1130 Πνεῦματος,
447 1061 545 1114 καὶ
590 1060 994 1133 προφερόμενος
1041 1060 1199 1129 λόγον
1246 1060 1449 1129 ἀγαθὸν
1504 1061 1632 1132 περ)⁹

52 1151 386 1221 προφητείας
413 1152 517 1222 τῆς
535 1153 663 1224 περὶ
688 1152 948 1225 Χριστοῦ,
983 1153 1226 1224 συνέχειν
1261 1153 1421 1207 αὐτὸν
1444 1155 1505 1207 οὐ
1537 1153 1629 1207 δυ-

51 1244 295 1313 νάμενος,
347 1244 431 1298 τό’
496 1245 889 1314 Ἐξηρεύξατο
936 1247 974 1315 ἠ
1020 1247 1235 1315 καρδία
1279 1264 1399 1317 μου
1442 1248 1632 1315 λόγον

51 1334 290 1403 mittier,
354 1336 515 1405 λέγω
546 1336 660 1406 ἐγὼ
702 1337 773 1390 τὰ
811 1338 957 1407 ἔργα
980 1356 1101 1407 μου
1135 1336 1215 1404 τῷ
1262 1338 1530 1403 βασιλεῖ·
1588 1340 1627 1407 ή

53 1425 294 1495 γλῶσσά
337 1447 462 1497 μου
510 1428 777 1497 κάλαμος
824 1432 1201 1501 γραμματέως
1263 1431 1626 1502 όξυγςρὰςαου·

50 1518 255 1585 ὡραῖος
281 1519 501 1575 κάλλει
529 1522 687 1591 παρὰ
717 1523 859 1589 τοὺς
911 1523 1082 1589 υἱοὺς
1117 1524 1237 1577 τῶν
1275 1522 1621 1591 ἀνθρώπων

51 1606 158 1662 εἶτα
187 1611 323 1682 πρὸς
348 1612 517 1665 αὑτὸν
533 1614 622 1666 τὸν
648 1615 900 1686 Χριστόνο
947 1616 1231 1686 Ἑξεχύθη
1266 1616 1305 1683 ἠ
1344 1614 1515 1685 χάρις
1560 1615 1631 1668 ἐν

53 1704 276 1772 χείλεσί
320 1720 477 1769 (γους
526 1706 650 1770 Πῶς
669 1707 806 1780 γὰρ,
838 1710 887 1762 εἰ
930 1710 959 1762 6
1013 1709 1203 1782 Πατὴρ
1236 1707 1386 1763 ταῦτ’
1422 1709 1626 1778 ἔλεγεν,

52 1796 339 1866 ἐπεφέρετο
374 1796 475 1868 τῷ,
520 1798 803 1869 Ἐξεχύοη
844 1802 882 1871 ἡ
908 1800 1082 1870 χάρις
1116 1804 1185 1855 ἐν
1219 1802 1455 1871 χείλεσι
1486 1818 1625 1866 σου,

1744 598 1874 651 tiam
1915 596 2112 651 elliciat
2146 606 2199 651 et
2227 596 2481 650 universa
2504 596 2758 666 disponat
2791 614 2805 663 ;
2852 611 3161 653 sermonem
3202 598 3317 671 46

1740 706 1869 745 vero
1901 690 2030 744 illud
2065 705 2205 757 esse,
2249 690 2413 759 quod,
2450 704 2571 760 quae
2610 690 2664 745 in
2699 690 2791 746 illo
2838 701 2963 745 sunt
3004 693 3190 760 corde,
3226 708 3315 750 re-

1746 783 1985 838 nuntiet.
2030 782 2163 851 Quis
2213 797 2347 839 vero
2389 783 2569 839 Patris
2600 783 2886 840 consilium
2927 785 3012 840 his
3035 786 3126 856 qui
3172 786 3315 842 inter

1740 875 1998 930 mortales
2025 875 2170 946 digni
2204 875 2536 941 exstiterint,
2578 877 2781 947 quique
2820 876 3014 932 borum
3063 889 3312 933 naturam

1737 967 2134 1037 superaverint,
2162 970 2461 1036 renuntiat,
2484 969 2587 1024 nisi
2614 970 2873 1025 Servator
2894 969 2917 1022 ?
2939 968 3101 1025 Forte
3129 977 3310 1025 autem

1738 1076 1844 1114 non
1868 1058 2073 1115 frustra
2108 1061 2344 1130 positum
2374 1072 2480 1126 est,
2507 1063 2786 1126 cruciavit,
2814 1076 2935 1115 cum
2967 1060 3127 1129 hujus
3160 1061 3311 1116 verbi

1737 1150 1856 1205 vice
1889 1150 1992 1204 alia
2029 1150 2313 1207 innumera
2343 1151 2801 1221 dicipotnissent,
2841 1149 3316 1219 uimirumpropo-

1736 1242 1866 1308 suit,
1892 1242 1976 1295 vel
2011 1242 2246 1311 protulit
2277 1257 2377 1299 cor
2412 1258 2589 1296 meum
2616 1256 2927 1297 sermonem
2959 1242 3197 1306 bonum;
3228 1242 3310 1294 lo-

1737 1344 1919 1388 cutum
1959 1342 2041 1387 est
2082 1347 2179 1388 cor
2217 1347 2394 1389 meum
2445 1346 2753 1389 sermonem
2781 1334 3001 1387 bonum.
3033 1330 3140 1388 Sed
3179 1330 3307 1385 vide

1736 1439 1804 1480 ne
1834 1425 1971 1481 forte
2000 1426 2451 1495 quemadmodum
2494 1424 2725 1494 alicujus
2768 1423 2926 1480 ﬂatus
2948 1422 3149 1479 occulti
3181 1438 3313 1493 pro-

1736 1533 1953 1589 gressus
1985 1518 2036 1572 in
2066 1527 2313 1588 apertum
2337 1530 2420 1574 est
2465 1527 2655 1573 ructus
2695 1518 3014 1579 eruetantis,
3048 1526 3309 1586 tanquam

1734 1625 1832 1681 per
1855 1612 1993 1665 hunc
2016 1611 2355 1680 respirantis,
2385 1612 2455 1664 ita
2481 1610 2728 1665 veritatis
2763 1608 3169 1680 speeulationes
3192 1623 3299 1661 non

1734 1705 2019 1759 continens
2053 1701 2220 1756 Pater
2266 1712 2501 1767 eructet,
2542 1702 2813 1770 faciatque
2861 1701 3055 1755 barum
3110 1699 3310 1769 ﬁguras

1735 1796 1789 1851 in
1821 1809 2093 1860 sermone,
2122 1793 2213 1865 qui
2248 1793 2412 1849 etiam
2448 1794 2587 1848 hanc
2623 1794 2694 1848 ob
2738 1808 2961 1848 causam
3004 1802 3235 1846 vocetur
3262 1791 3310 1822 ”

52 1884 126 1947 τὸ,
150 1886 250 1939 Διὰ
273 1887 455 1940 τοῦτο
494 1890 793 1961 εὐλόγησέ
823 1908 897 1946 σε
926 1895 959 1947 ό
993 1893 1138 1961 Θεὸς
1173 1897 1261 1961 εὶς
1292 1895 1398 1949 τὸν
1421 1895 1626 1953 αἰῶνα·

1736 1889 2023 1944 invisibilis
2069 1888 2165 1942 Dei
2218 1888 2418 1955 imago.
2464 1884 2532 1940 Et
2577 1887 2690 1941 haec
2734 1886 2975 1954 quidem,
3028 1893 3090 1939 ut
3138 1883 3308 1937 illud:

52 1978 137 2030 καὶ
166 1981 283 2047 μετ’
309 1979 490 2049 ὀλίγα·
521 1984 623 2035 Διὰ
654 1984 828 2037 τοῦτο
859 1985 1065 2055 ἐχρισέ
1092 1992 1214 2042 σεό
1240 1988 1384 2056 Θεὸς
1417 1993 1451 2044 ό
1484 1992 1629 2059 Θεός

52 2084 158 2123 σου
198 2071 414 2127 ἔλαιον
464 2075 884 2146 ἀγαλλιάσεως
943 2081 1105 2149 παρὰ
1164 2082 1307 2149 τοὺς
1331 2085 1631 2153 μετόχους

1737 1978 2011 2035 Eructarit
2052 1995 2143 2032 cor
2172 1992 2344 2031 meum
2390 1993 2677 2031 sermonem
2705 1977 2919 2042 bonum,
2955 1976 3060 2031 dici
3092 1990 3122 2029 a
3150 1974 3313 2029 Patre

1734 2070 2117 2140 intelligamus,
2171 2068 2463 2123 multorum
2520 2067 2889 2137 intelligentia:
2936 2067 3302 2122 adltmrentcs.

51 2175 192 2224 cev;
237 2164 661 2235 Ἀνθυπενέγκοι
698 2168 807 2239 (64)
851 2170 908 2224 δέ
941 2189 1024 2237 τις
1060 2172 1402 2245 (βουλόμενος
1434 2178 1497 2230 ἐκ
1534 2177 1626 2231 τοῦ

1736 2161 1937 2229 Quibus
1987 2170 2166 2214 tamen
2209 2174 2315 2214 non
2353 2159 2536 2214 statim
2585 2159 2909 2223 cedendum,
2963 2159 3187 2229 perinde
3237 2173 3303 2210 ac

52 2252 252 2326 Πατρὸς
272 2256 342 2310 τὰ
361 2258 421 2310 ὲν
450 2258 530 2329 τῷ
559 2259 758 2332 ψαλμῷ
794 2264 1257 2339 ἀπαγγέλλεσθαι)
1298 2268 1379 2322 τό*
1421 2271 1628 2325 Ἀκου-

53 2362 184 2411 car,
215 2350 497 2418 θύγατερ,
550 2352 649 2405 καὶ
700 2353 808 2421 ἴδε,
853 2357 950 2409 καὶ
982 2357 1201 2413 κλῖνον
1236 2360 1302 2414 τὸ
1350 2356 1461 2428 οὖς
1488 2378 1627 2431 σου,

52 2441 140 2493 καὶ
168 2443 456 2499 ἐπιλάθου
480 2446 587 2501 τοῦ
613 2449 768 2504 λαοῦ
797 2467 933 2517 σου,
968 2453 1066 2506 καὶ
1100 2454 1205 2508 τοῦ
1236 2458 1465 2525 Πατρός
1488 2474 1624 2513 σου·

52 2535 103 2585 ο)
155 2535 261 2608 γὰρ
305 2536 333 2589 6
371 2537 670 2611 Προφήτης
709 2542 847 2613 πρὸς
890 2544 988 2617 τὴν
1030 2547 1353 2619 Ἐκκλησίαν
1399 2553 1515 2621 ἐρεῖ
1545 2553 1626 2606 τόο

56 2628 357 2692 Ἄκουσον,
391 2631 666 2700 θύγατερ.
702 2635 776 2687 Οὐ
824 2636 1060 2706 χαλεπὸν
1094 2639 1150 2692 δὲ
1179 2640 1348 2707 δεῖξαι
1389 2643 1485 2696 καὶ
1520 2644 1629 2697 ἀπὸ

57 2717 243 2789 ἑτέρων
267 2719 521 2793 ψαλμῶν,
554 2724 637 2778 ὅτι
667 2727 974 2798 προσώπων
1013 2732 1252 2801 γίνονται
1305 2735 1399 2788 ἐπὶ
1448 2736 1628 2791 πλεῖον

56 2808 350 2880 ὲναλλαγαί,
387 2812 530 2868 ὥστε
562 2817 659 2870 καὶ
684 2818 868 2873 ἐνθάδε
888 2821 1145 2878 δύνασθαι
1162 2826 1268 2880 ἀπὸ
1297 2826 1629 2894 τοῦ,⁹Ακου-

55 2918 173 2968 σον,
200 2906 478 2977 θύγατερ,
512 2911 605 2964 τὸν
627 2912 847 2985 Πατέρα
871 2915 1068 2986 λέγειν·
1101 2919 1435 2992 παραοετέον
1464 2923 1520 2977 δὲ
1549 2926 1628 2989 εἰς

54 2996 139 3067 τὴν
170 2999 300 3071 περὶ
325 3002 423 3054 τοῦ
461 3002 627 3072 λόγου
677 3005 920 3071 ἐξέτασιν
948 3012 1042 3064 καὶ
1087 3014 1166 3065 τό’
1213 3014 1295 3080 Τῷ
1330 3018 1490 3086 λόγῳ
1520 3018 1626 3072 τοῦ

56 3090 265 3157 Κυρίου
294 3095 348 3146 οι
389 3096 639 3163 vimen-oi
682 3098 1152 3168 ἐστερεώθησαν,
1188 3105 1284 3158 καὶ
1323 3104 1403 3171 τῷ
1447 3107 1628 3162 πνεύ-

54 3200 173 3246 pata
219 3184 330 3238 τοῦ
376 3187 679 3257 στόματος
713 3191 825 3262 (65)
863 3195 1051 3249 αὑτοῦ
1103 3194 1272 3251 πᾶσα
1304 3200 1342 3268 ἡ
1374 3199 1626 3271 δύναμις

1732 2261 1944 2308 constet
1993 2251 2161 2305 Deum
2223 2248 2341 2304 haec
2392 2250 2701 2304 entmtiare.
2764 2248 2946 2315 Quare
2998 2248 3142 2302 enim
3202 2263 3311 2302 non

1732 2343 2002 2413 Propheta
2052 2345 2145 2399 ille
2194 2344 2451 2415 loquatur
2501 2342 2692 2411 plenus
2738 2339 2944 2411 Spiritu
2988 2347 3211 2404 sancto,
3256 2348 3312 2393 et

1731 2435 1970 2505 proferat
2001 2450 2309 2491 sermonem
2359 2436 2560 2489 bonum
2594 2433 2950 2504 pertinentem
2987 2431 3053 2485 ad
3080 2431 3314 2501 prophe-

1735 2529 1861 2581 tiam
1900 2528 1968 2581 de
1993 2527 2232 2592 Christo,
2265 2528 2544 2582 continere
2576 2526 2751 2596 ipsum
2798 2539 2909 2579 non
2947 2522 3160 2587 valens,
3202 2522 3313 2576 sri-

1733 2620 1891 2674 lieet:
1929 2618 2207 2674 Eructavit
2252 2636 2342 2673 cor
2399 2635 2570 2674 meum
2608 2633 2897 2673 semionem
2946 2617 3157 2684 bonum,
3192 2615 3311 2667 dico

1735 2729 1830 2783 ego
1856 2728 2013 2780 opera
2046 2728 2163 2766 mea
2199 2712 2306 2782 regi
2330 2728 2349 2763 :
2372 2712 2551 2781 lingua
2585 2727 2699 2763 mea
2727 2710 2967 2763 calamus
3005 2708 3194 2762 scriba:
3226 2723 3311 2760 re—

1743 2803 1928 2859 loriter
1954 2805 2227 2858 scribentis
2256 2820 2273 2857 :
2300 2803 2581 2874 Speciosus
2615 2802 2786 2871 forma
2826 2817 2937 2871 prae
2969 2800 3097 2869 [iliis
3132 2799 3305 2854 homi-

1730 2914 1853 2951 num
1900 2896 1946 2927 ‘°
1995 2915 2010 2951 :
2056 2908 2240 2965 postea
2279 2896 2346 2949 ad
2395 2897 2570 2964 ipsum
2616 2894 2891 2949 Christum
2932 2910 2947 2946 :
2992 2892 3202 2962 Di/fusa
3232 2902 3310 2945 est

1729 2989 1906 3060 gratia
1932 2989 1986 3043 in
2012 2986 2169 3041 labiis
2206 2988 2311 3040 tuis
2333 2986 2376 3017 “
2399 2986 2423 3040 Ἰ
2450 2985 2506 3041 Si
2537 2987 2680 3040 enim
2708 2985 2822 3041 bzec
2858 2983 3020 3039 Pater
3046 2984 3307 3054 loqueba-
3357 2971 3369 2983 ’

1732 3089 1839 3143 tur,
1876 3078 2150 3148 quomodo
2179 3076 2266 3132 his
2300 3077 2522 3131 verbis:
2560 3075 2772 3145 Dilfusa
2807 3084 2884 3129 est
2923 3076 3102 3145 gratia
3137 3079 3193 3127 in
3223 3073 3305 3126 lu-

1729 3171 1830 3223 biis
1870 3171 1996 3236 tuis,
2038 3170 2282 3224 additunt
2315 3178 2397 3223 est
2430 3168 2557 3222 illud
2585 3185 2599 3221 :
2646 3167 2925 3237 Propterea
2958 3167 3223 3221 benedixit
3257 3176 3307 3219 te

54 3276 253 3330 αὐτῶν
298 3279 441 3353 ἅπερ
492 3281 639 3346 τινὲς
679 3258 933 3354 ἡγοῦνται
970 3288 1065 3342 ἐπὶ
1113 3291 1207 3346 τοῦ
1239 3258 1489 3363 Σωτῆρος

1736 3266 1872 3320 Deus
1907 3267 1962 3319 in
2004 3275 2261 3321 wternum
2310 3264 2396 3330 “;
2445 3272 2501 3317 et
2542 3272 2662 3333 post
2700 3278 2909 3334 pauca:
2943 3258 3167 3331 Propter
3210 3261 3311 3314 hoc

57 3366 132 3418 τοῦ
167 3368 331 3455 αγις)
379 3370 681 3427 τάσσεσθαι
734 3375 1069 3449 Πνεῦματος,
1117 3380 1392 3454 δυνάμενα
1435 3382 1626 3455 δηλοῦν

57 3457 120 3525 τῷ
146 3446 293 3531 λόγῷ
320 3461 460 3516 Θεοῦ
495 3464 624 3527 τοὺς
649 3446 909 3538 οὐρανοὺς
938 3446 1322 3542 ὲστερεῶσθαι,
1356 3474 1431 3538 ὡς
1458 3446 1507 3528 εί
1536 3474 1628 3529 λέ-

57 3565 225 3619 γοιμεν
253 3551 400 3624 λόγῳ
422 3555 849 3630 ἀρχιτεκτονικῷ
875 3561 974 3633 τὴν
994 3562 1192 3627 οἰκίαν,
1221 3565 1315 3619 καὶ
1332 3566 1476 3638 λόγῳ
1492 3584 1623 3622 ναυ-

58 3644 259 3716 πηγικῷ
288 3647 392 3719 τὴν
438 3648 574 3703 ναῦν
621 3652 924 3721 γεγονέναι,
972 3655 1143 3721 οὕτως
1176 3654 1269 3712 οὖν
1313 3659 1455 3732 λόγῳ
1490 3660 1625 3716 Θεοῦ

60 3737 167 3800 τοὺς
186 3740 467 3810 οὐρανοὺς,
510 3740 783 3815 θειοτέρου
824 3748 1185 3818 τυγχάνοντος
1212 3750 1321 3824 (66)
1356 3750 1622 3824 σώματος,

61 3830 140 3882 καὶ
166 3830 437 3887 διὰτοῦτο
478 3836 817 3908 καλουμένου
865 3841 1112 3912 στερεοῦ,
1161 3843 1262 3896 οὐκ
1307 3843 1520 3915 ἔχοντος
1562 3846 1626 3899 τὸ

63 3920 270 3977 ἐπιπολὺ
301 3925 528 3996 ρευστὺν
558 3928 653 3981 καὶ
681 3929 987 3986 εὐδιάλυτον
1004 3933 1113 3987 τῶν
1145 3933 1368 4001 λοιπῶν,
1409 3937 1502 3991 καὶ
1527 3955 1626 3991 κα-

62 4014 261 4085 τωτέρω
301 4018 689 4089 ἐστερεῶσθαι,
740 4024 834 4077 καὶ
877 4024 966 4079 διὰ
1010 4028 1070 4081 τὸ
1111 4028 1365 4099 διάφορον
1398 4034 1625 4105 ἐσχηκέ-

63 4122 137 4158 ναι
158 4108 263 4180 (67)
292 4108 588 4183 ἐξαιρέτως
616 4113 695 4186 τῷ
727 4115 855 4189 θείῳ
888 4118 1051 4190 λόγῳ.
1096 4122 1246 4177 Ἐπεὶ
1278 4121 1370 4179 οῦν
1401 4127 1624 4198 πρόκει-

65 4212 141 4249 ται
182 4198 289 4273 (68)
346 4203 428 4269 τὺ,
484 4206 590 4259 Ἔν
633 4206 791 4278 ἀρχῇ
820 4206 900 4280 ἦν
934 4215 968 4265 ό
1008 4215 1218 4285 Λόγος,
1255 4218 1440 4289 σαφῶς
1474 4219 1621 4287 ἰδεῖν,

68 4288 256 4391 αρχὴᾶ
447 4300 766 4391 μαρτυριῶν
788 4301 896 4357 τῶν
913 4305 977 4358 ἐκ
997 4305 1105 4359 τῶν
1132 4288 1464 4380 Παροιμιῶν
1492 4313 1627 4366 ἀπο-

66 4380 248 4437 δέδοται
278 4387 585 4463 εἰρῆσθαιή
617 4394 797 4463 σοφία,
825 4394 917 4447 καὶ
944 4395 1060 4451 ἔστι
1100 4402 1564 4473 προεπινοουμένη
1589 4405 1623 4476 ἡ

231 4477 322 4570 τοῦ
359 4480 532 4552 αὑτὴν
582 4484 1018 4555 ἀπαγγέλλοντος
1060 4490 1242 4560 λόγου,
1278 4494 1495 4566 νοητέον
1535 4494 1625 4548 τὸν

67 4564 202 4631 λόγον
228 4568 331 4642 (69)
359 4572 419 4624 ὲν
446 4576 514 4644 τῇ
546 4574 711 4647 ἀρχῇ,
738 4578 984 4632 τουτέστι
1019 4582 1085 4652 τῇ
1129 4581 1312 4654 σοφίᾳ,
1346 4564 1434 4636 ἀεὶ
1462 4579 1622 4652 εἶναι,

66 4659 173 4715 ὅντα
198 4660 251 4716 δὲ
278 4663 337 4716 ἐν
362 4667 429 4735 τῇ
468 4666 631 4738 σοφίᾳ
663 4668 973 4744 καλουμένῃ
1017 4673 1158 4745 ἀρχῇ
1206 4673 1279 4746 μὴ
1320 4675 1626 4731 κωλύεσθαι

67 4747 184 4809 εἶναι
224 4755 357 4831 πρὸς
393 4755 488 4815 τὸν
527 4758 679 4827 Θεὸν,
742 4761 833 4819 καὶ
876 4764 1037 4824 αὐτὸν
1079 4768 1212 4822 Θεὸν
1266 4769 1627 4840 τυγχάνοντα,

68 4847 145 4898 καὶ
168 4850 460 4922 οὒγυμνῶς
489 4852 602 4923 (70)
629 4850 767 4909 εἶναι
804 4857 965 4913 αὑτὸν
1003 4857 1140 4930 πρὸς
1178 4858 1270 4912 τὸν
1309 4859 1462 4922 Θεὸν,
1491 4858 1627 4913 ἀλλὰ

68 4936 175 4992 ὅντα
194 4943 247 4995 ὲν
272 4948 341 5016 τῇ
372 4947 517 5019 ἀρχῇ
538 4952 605 5021 τῇ
630 4950 793 5023 σοφίᾳ
812 4946 949 5004 εἶναι
983 4952 1119 5023 πρὸς
1147 4951 1238 5006 τὸν
1261 4951 1411 5006 Θεόψ
1437 4952 1633 5024 ἐπιφέο

12 5104 13 5113 γ
76 5048 138 5097 ρει
155 5035 275 5101 γοῦν
302 5041 395 5093 καί
426 5058 612 5112 φησιν·
636 5038 826 5110 Οὗτος
849 5044 918 5098 ἐν
942 5044 1101 5114 ἀρχῇ
1130 5044 1281 5113 πρὸς
1308 5046 1414 5100 τὸν
1454 5048 1622 5101 Θεόν’

72 5123 265 5182 ἐδύνατο
308 5131 417 5203 γὰρ
461 5134 763 5206 είρηκέναι·
816 5132 983 5202 Οὗτος
1031 5134 1099 5211 ἦν
1151 5139 1289 5212 πρὸς
1331 5140 1423 5193 τὸν
1471 5140 1623 5195 Θεόν.

82 5216 201 5270 Ἀλλ’
227 5219 409 5296 ὥσπερ
444 5220 516 5295 ἦν
551 5227 611 5278 ὲν
661 5228 825 5300 ἀρχῇ,
858 5229 1028 5293 οὕτως
1063 5231 1157 5284 καὶ
1189 5230 1326 5303 πρὸς
1367 5231 1458 5285 τὸν
1494 5231 1630 5285 Θεὸν

14 5340 15 5355 ξ
75 5308 117 5356 ἐν
145 5310 274 5383 ἀρχῇ
298 5309 387 5386 ἦν’
420 5318 518 5370 καὶ
550 5317 754 5371 Πάντα
783 5319 857 5374 δι’
883 5322 1069 5376 αὐτοῦ
1094 5322 1351 5393 ἐγένετο,
1378 5323 1527 5389 ὄντος
1570 5327 1626 5378 ὲν

1734 3360 1885 3413 unxit
1928 3369 1980 3414 te
2016 3357 2155 3413 Deus
2203 3369 2327 3413 tuus
2367 3356 2481 3412 oleo
2523 3357 2893 3411 exsuliatiouis
2932 3370 3042 3425 pra
3089 3354 3311 3424 partici-

1731 3453 1883 3523 pibus
1911 3453 2016 3507 tuis
2065 3452 2160 3505 ⁸³⁸1
2208 3450 2408 3507 Verum
2447 3450 2575 3505 illttd
2606 3448 2828 3518 objieiat
2873 3445 3068 3516 aliquis
3098 3444 3310 3517 (volens

1733 3549 1849 3604 haec
1878 3547 2066 3618 psalmi
2104 3548 2266 3602 verba
2297 3563 2326 3600 a
2361 3546 2524 3601 Patre
2548 3544 2880 3613 enuntiari):
2909 3541 3068 3605 Audi,
3098 3539 3239 3610 ﬁlia,
3262 3550 3312 3593 et

1734 3644 1873 3705 uide,
1899 3651 1948 3695 et
1977 3640 2175 3695 inclina
2208 3654 2391 3693 aurem
2419 3648 2591 3701 tuam,
2623 3651 2670 3690 et
2708 3636 3013 3689 obliviscere
3051 3630 3309 3702 papulum

1733 3742 1907 3796 tuuni,
1933 3741 1983 3785 el
2012 3733 2225 3785 domum
2257 3728 2425 3798 patris
2451 3726 2519 3795 “,
2561 3735 2617 3781 et
2664 3726 2808 3780 dicat
2844 3722 3170 3793 Prophetam
3203 3735 3310 3775 non

1734 3845 1901 3901 fuisse
1934 3845 2212 3900 dicturum
2257 3842 2324 3897 ad
2377 3841 2701 3903 Ecclesium,
2753 3839 2915 3904 Audi,
2944 3839 3082 3907 ﬁlia.
3126 3838 3195 3892 At
3238 3851 3308 3892 es

1732 3939 1854 3994 aliis
1887 3937 2108 4008 psalmis
2133 3935 2354 3992 dilIicile
2388 3950 2494 3989 non
2524 3934 2692 3989 fuerit
2722 3932 3015 3988 ostendere
3044 3945 3308 4003 persona-

1735 4048 1853 4085 rum
1887 4032 2201 4102 plerumque
2242 4031 2360 4085 ﬁeri
2395 4028 2828 4092 immutationes,
2873 4034 2931 4081 ut
2959 4026 3027 4081 ab
3057 4040 3123 4081 eo
3161 4024 3306 4091 loco,

1730 4124 1894 4192 Audi,
1929 4123 2069 4193 lilia,
2120 4123 2292 4193 possit
2323 4121 2485 4177 Pater
2534 4119 2703 4189 loqui.
2754 4116 2876 4174 Jam
2927 4117 3311 4189 indagantibus

1734 4216 1891 4271 nobis
1929 4218 2034 4271 vim
2078 4216 2372 4280 sermonis,
2406 4213 2811 4285 adiungendum
2859 4221 2942 4268 est
2967 4212 3129 4266 etiam
3166 4211 3308 4265 hoc:

1734 4306 1987 4363 Sermone
2024 4307 2121 4363 Dei
2158 4309 2276 4363 caeli
2305 4308 2505 4379 ﬁrmati
2548 4315 2691 4371 sunt,
2738 4314 2786 4360 et
2827 4305 3017 4374 spiritu
3049 4305 3162 4357 oris
3193 4304 3310 4373 ejus

1735 4402 1909 4455 omnis
1943 4403 2107 4456 virtus
2136 4418 2317 4457 eorum
2350 4402 2418 4468 ⁸⁵,
2449 4416 2570 4472 qua:
2611 4399 2835 4471 quidam
2880 4397 3201 4453 existimant
3246 4398 3312 4452 de

1735 4491 2029 4548 Servatore
2064 4503 2120 4548 et
2153 4494 2360 4564 Spiritu
2393 4502 2586 4547 sancto
2619 4492 2791 4560 posita
2823 4504 2966 4555 esse,
2995 4504 3118 4543 cum
3145 4489 3309 4544 etiam

1735 4587 1875 4641 hunc
1921 4602 2139 4642 sensum
2192 4587 2395 4641 habere
2443 4584 2675 4655 possint,
2723 4584 2902 4639 caelos
2953 4582 3046 4637 Dei
3096 4583 3313 4637 ratione

1736 4678 1978 4734 ﬁrmatos
2012 4677 2200 4740 fuisse,
2226 4693 2332 4731 non
2358 4691 2519 4731 secus
2553 4692 2619 4730 ac
2652 4676 2880 4730 dicimus
2914 4676 3130 4729 dommn
3174 4671 3309 4727 mdi-

1734 4770 1951 4826 ﬁcatam
1979 4769 2149 4824 fuisse
2190 4767 2399 4822 ratione
2431 4767 2521 4821 illa
2562 4783 2685 4837 qua:
2716 4778 2799 4821 est
2832 4781 2921 4820 ars
2970 4763 3309 4819 fabricanda-

1735 4879 1853 4917 rum
1902 4863 2122 4931 mdium,
2154 4861 2333 4916 navim
2367 4870 2703 4932 compactam
2754 4860 2921 4913 fuisse
2961 4857 3174 4911 ratione
3219 4853 3309 4910 illa

1733 4969 1854 5025 qua:
1893 4963 1978 5011 est
2014 4968 2105 5009 ars
2154 4953 2588 5011 fabricandarum
2640 4952 2879 5015 navium,
2921 4948 3001 5004 sic
3033 4946 3196 5002 etiam
3227 4946 3312 4999 di-

1733 5056 1947 5113 centes,
1983 5045 2151 5103 caalos
2194 5047 2288 5102 Dei
2322 5046 2531 5101 ratione
2558 5044 2664 5118 47
2700 5044 2944 5096 ﬁrmatos
2977 5037 3171 5103 fuisse,
3216 5039 3310 5108 qui

1738 5139 1975 5194 divinius
2014 5154 2215 5209 corpus
2249 5149 2633 5207 assequuntur,
2677 5133 2821 5206 quod
2870 5132 3038 5187 etiam
3087 5140 3312 5201 propter

1737 5228 1843 5284 hoc
1902 5230 2297 5285 ﬁrmamentum
2349 5239 2596 5294 vocatur,
2638 5241 2742 5281 non
2781 5226 2992 5280 habens
3020 5221 3310 5291 quamplu-

1736 5325 1931 5379 rimum
1983 5322 2183 5389 ﬂuxus,
2233 5338 2464 5392 eamque
2513 5320 2836 5377 facilitatem
2891 5316 3088 5372 ﬂuendi
3146 5329 3309 5379 quam

132 5422 170 5452 "
194 5423 362 5482 Colos.
398 5443 438 5495 t,
471 5431 560 5486 15.
639 5430 685 5463 ⁸⁸
714 5430 857 5487 Psal.
886 5448 1030 5495 sLtv,
1065 5434 1177 5489 l-5.
1257 5434 1300 5467 ⁶¹
1326 5434 1460 5490 ibid.
1494 5435 1548 5491 5.

1736 5438 1833 5492 Jitl.
1910 5435 1960 5468 ⁸³
1991 5435 2123 5491 ibid.
2202 5435 2249 5467 “
2284 5434 2413 5491 ibid.
2448 5434 2533 5491 Η.
2612 5434 2657 5467 ⁸⁸
2681 5433 2823 5491 Psal.
2856 5446 3033 5496 xxxu,
3056 5428 3113 5484 6.

14 5572 19 5651 ι’
84 5538 437 5659 hymni?!
460 5545 790 5601 Bodleianus
830 5546 1250 5616 ἀνθυπενὲγκοι,
1287 5547 1486 5620 Regius
1535 5551 1632 5605 6v-

16 5632 19 5661 ι
84 5631 135 5659 w
361 5652 379 5668 .

16 5668 19 5759 ς
139 5631 765 5759 στόματος.
809 5687 970 5744 Deest
1027 5689 1081 5743 in
1123 5689 1362 5745 editione
1415 5679 1617 5759 lluetii,

86 5750 161 5804 sed
186 5750 354 5809 exstat
382 5757 437 5811 in
469 5750 605 5813 mss.
642 5750 933 5814 Bodleiano
962 5772 1017 5815 et
1047 5759 1365 5816 But-berino.

142 5818 243 5902 (ξιξ)
268 5826 717 5902 Tyndarei-tog;
731 5828 1015 5902 Ferrarius
1048 5831 1174 5900 legit
1230 5831 1615 5902 τυγχάνοντας.

144 5891 242 5961 (67)
277 5891 909 5968 Ἔοξηκέναιίτίιιὶιιυε
934 5900 1035 5973 legi
1067 5891 1280 5959 vblebat
1305 5891 1615 5972 ἑστηκέναῖ.

1805 5550 1923 5625 (68)
1955 5551 2301 5625 Πρόκειταιει
2328 5550 2405 5625 lta
2430 5562 2603 5625 recte
2627 5552 2789 5625 habet
2830 5550 3001 5604 codex
3054 5543 3309 5600 Bodleia-

1732 5620 1856 5685 nus,
1896 5622 2037 5693 male
2061 5636 2189 5675 vero
2208 5620 2387 5693 _editio
2429 5621 2606 5677 lluetii
2635 5621 2977 5693 πρόσκειται.

1731 5765 1743 5778 ⁸
1801 5692 1913 5764 (ιιθ)
1954 5692 2169 5763 Λόγον.
2204 5691 2361 5747 Deest
2384 5694 2437 5748 in
2466 5685 2929 5758 editionelluetii,
2979 5685 3073 5741 sed
3127 5693 3313 5740 exstat

1731 5780 2212 5906 ωὸῗῖῖυμνῶς.
2240 5832 2333 5890 Sic
2350 5833 2521 5892 codex
2551 5832 2912 5900 Bodleianus;
2951 5832 3118 5890 editio
3162 5833 3307 5890 Bue-

1731 5905 1815 5973 iii,
1836 5905 2061 5971 γυμνός.
