3856 6538
3839 106 3841 213 l

536 346 642 406 tos
1784 309 1793 314 ’
2014 346 2340 405 ORIGENIS
3703 349 3787 405 to.

531 471 728 518 canem
775 459 1035 517 iniefiora
1081 477 1095 516 :
1144 469 1371 532 propter
1415 476 1578 533 quam
1632 459 1997 518 differentiam
2044 477 2054 516 ε

2317 462 2464 535 ὶρχῇ·
2493 461 2672 516 πάντα
2702 461 2812 534 γὰρ
2852 464 2910 516 ὲν
2946 463 3107 535 σοφίᾳ
3132 465 3160 517 ὁ
3186 462 3318 528 Θεὸς
3355 464 3495 519 κατά
3517 462 3611 518 τὸν
3635 462 3787 519 Amici

531 555 903 626 praestantiam
949 554 1184 611 dicimus
1224 557 1391 612 etiam
1443 555 1640 613 coelum
1677 555 1878 611 eximie
1920 554 2054 611 divir

2317 554 2452 625 ίησε.
2498 555 2608 608 Καὶ
2634 553 2715 608 ἔτι
2747 557 2826 619 εἰς
2839 555 2902 610 τὸ
2932 554 3340 628 παραδέξασθαι
3367 555 3479 629 (Ἠ)
3513 556 3610 612 τὸν
3640 557 3786 627 λόγον

532 645 743 699 ratione
790 644 1008 699 ﬁrmata
1040 644 1228 701 fuisse.
1265 646 1536 713 Quoniam
1588 646 1754 718 igitur
1783 648 2055 716 proponiti

2319 664 2347 700 ν
2380 649 2728 719 περιγραφὴν
2761 648 2974 720 ἔχοντα,
3012 643 3122 704 οἷον
3153 649 3492 720 τυγχάνοντα
3542 650 3648 725 ζῇν
3678 652 3785 728 1:10“

531 748 590 791 ut
621 746 810 806 aperte
830 737 1196 807 intelligamus
1220 739 1322 794 hoc
1346 739 1551 796 dictum
1582 756 1596 794 :
1620 739 1688 794 1η
1708 738 1967 809 principio
1989 754 2054 793 eri

2317 740 2421 804 τὸν,
2469 739 2688 794 λεκτέον
2724 741 2977 815 καὶπερὶ
3017 741 3322 814 δυνάμεων,
3358 743 3420 798 οὑ
3451 744 3614 815 μόνον
3638 745 3785 799 δυνά-

529 830 724 900 Λόγος
762 831 809 863 ⁸⁸
844 829 988 903 [hoc
1017 839 1101 887 est
1129 846 1331 896 sermo.
1374 834 1491 891 sive
1521 831 1723 905 ratio],
1779 830 2043 902 principio

2261 848 2378 897 εως·
2409 831 2553 889 Τάδε
2579 833 2742 904 λέγει
2774 834 2987 903 Κύριος
3014 833 3132 888 τῶν
3159 834 3493 906 δυνάμεων,
3526 835 3784 906 πολλαχοῦ

528 938 665 979 vero
697 924 1023 992 sapientiam
1052 926 1159 982 dici
1184 926 1512 997 explicatum
1540 935 1645 992 est,
1671 924 1999 980 testimoniis
2029 938 2051 980 ε

2317 941 2407 990 ται,
2444 924 2677 994 λογικῶν
2709 943 2870 979 τινων
2904 925 3063 979 θείων
3095 924 3248 990 ζώων
3275 926 3559 997 δυνάμεων
3600 925 3787 996 ὀνομα-

528 1013 841 1073 Proverbiis
876 1018 1130 1088 sumptis,
1163 1019 1651 1090 consideraturque
1674 1018 1939 1089 sapientia
1968 1026 2051 1072 ant

2262 1016 2468 1086 μένων,
2504 1008 2578 1070 ὧν
2628 1016 2665 1078 ἡ
2691 1016 2947 1089 ἀνωτέρω
2980 1017 3075 1072 καὶ
3121 1016 3384 1089 κρείττων
3422 1016 3665 1089 Χριστὸς
3711 1012 3785 1087 ἦν,

529 1122 838 1164 sermonem
889 1110 1061 1180 ipsam
1098 1114 1540 1178 annuntiantem,
1586 1111 1952 1182 intelligamus
2000 1124 2052 1164 nt

2317 1105 2452 1159 ιόνον
2483 1107 2643 1176 σοφία
2672 1104 2829 1171 Θεοῦ,
2862 1107 2997 1177 ἀλλά
3020 1108 3115 1163 καὶ
3135 1108 3364 1181 δύναμις
3392 1108 3787 1181 προσαγορευὸ-

526 1193 681 1257 cesse
717 1212 822 1266 est,
866 1218 1169 1261 sermonem
1204 1206 1258 1260 in
1292 1205 1581 1275 principio,
1624 1204 1729 1261 hoc
1761 1211 1847 1259 est
1885 1202 2049 1273 sapiet

2263 1213 2387 1261 ενος⁸
2413 1196 2603 1270 ὥσπερ
2630 1195 2720 1252 οὖν
2765 1198 3024 1270 δυνάμεις
3063 1199 3198 1254 Θεοῦ
3229 1199 3475 1264 πλείονές
3507 1202 3676 1262 εἰσιν,
3724 1191 3786 1252 ὧν

518 1292 623 1357 tia,
657 1308 874 1359 semper
903 1309 1046 1361 esse,
1082 1311 1319 1368 cumque
1360 1298 1433 1354 sit
1463 1298 1516 1352 in
1553 1296 1816 1366 sapientia
1845 1309 1967 1364 quae
2002 1309 2041 1345 Vl

2317 1306 2408 1360 πη
2427 1290 2568 1344 κατὰ
2582 1292 2950 1363 περιγραφὴν,
2967 1286 3041 1347 ὧν
3062 1292 3306 1365 διαφέρει
3333 1293 3362 1346 ό
3386 1292 3599 1364 Σωτὴρ,
3624 1292 3789 1357 οὕτως

525 1390 681 1437 catur
706 1384 1055 1455 principium,
1104 1403 1209 1442 non
1250 1388 1526 1458 prohiberi
1561 1402 1684 1445 esse
1723 1385 1864 1456 apud
1906 1386 2048 1440 Deun

2323 1381 2497 1451 λόγος,
2537 1384 2585 1436 εἰ
2615 1384 2703 1438 καὶ
2726 1386 2755 1437 6
2775 1387 2906 1456 παρ’
2935 1386 3065 1457 ἡμῖν
3088 1386 3189 1440 οὐκ
3217 1386 3334 1440 ἔστι
3359 1386 3501 1441 κατά
3526 1404 3780 1460 περιγραι

520 1486 646 1527 cum
693 1473 765 1530 sit
805 1477 973 1532 etiam
1006 1481 1122 1547 ipse
1159 1479 1339 1535 Dens:
1373 1494 1474 1534 nec
1517 1478 1657 1548 apud
1688 1476 1854 1532 Deum
1890 1475 2043 1545 simpl

2328 1473 2483 1538 ἐκτὸς
2499 1474 2675 1547 ἡμῶν,
2693 1475 3015 1548 νοηθήσεται
3042 1478 3071 1530 6
3101 1477 3334 1549 Χριστὸς
3354 1477 3442 1533 διὰ
3466 1477 3537 1532 τὰ
3563 1479 3789 1549 προεξη-

520 1565 660 1621 eiter
693 1576 779 1621 est
832 1568 974 1636 ipse.
1010 1570 1103 1626 sed
1137 1571 1407 1626 exsistens
1443 1571 1493 1625 in
1526 1568 1794 1640 principio
1829 1567 2043 1639 (similitl

2266 1565 2467 1636 .σμένα,
2501 1566 2559 1619 ὲν
2574 1566 2715 1638 ἀρχῇ
2745 1570 2811 1639 τῇ
2836 1567 2999 1640 σοφίᾳ
3027 1569 3125 1641 τὴν
3146 1568 3443 1624 ὑπόστασιν
3468 1568 3633 1639 ἔχων.
3654 1569 3789 1623 Ταῦ-ι

522 1657 786 1725 sapientia
830 1660 897 1730 ⁸⁷)
934 1670 1014 1717 εει
1063 1662 1203 1731 apud
1252 1662 1417 1716 Deum
1452 1678 1469 1728 ;
1505 1660 1782 1731 subiungit
1822 1659 1967 1716 enim
1991 1700 2006 1726 ,
2044 1692 2045 1695 η

2266 1697 2271 1709 ,
2300 1659 2433 1729 ἡμῖν
2466 1659 2559 1710 ἐπὶ
2592 1658 2684 1713 τοῦ
2733 1657 3001 1732 παρόντος
3033 1658 3258 1732 ἀρκέσει
3287 1662 3366 1725 εἰς
3397 1660 3476 1714 τόο
3516 1662 3618 1713 Ἐγ
3635 1657 3789 1730 ἀρχῇ

524 1749 740 1820 inquit:
781 1749 885 1804 llic
913 1762 1025 1807 erat
1056 1753 1113 1808 in
1148 1753 1403 1822 principio
1445 1754 1587 1821 apud
1635 1751 1826 1807 Deum.
1871 1749 2097 1806 Poterat
2128 1749 2169 1803 B
2198 1745 2277 1820 ἦν
2300 1752 2333 1804 ὀ
2368 1750 2581 1820 Λόγος.

522 1840 668 1897 enim
719 1842 945 1900 dicere:
980 1842 1083 1899 llic
1123 1854 1243 1899 erat
1282 1843 1424 1912 apud
1474 1844 1662 1898 Deum.
1711 1841 1817 1897 Sed
1856 1842 2311 1909 quemadmodum
2345 1850 2465 1894 erat
2512 1842 2562 1894 in
2612 1839 2900 1910 principio,
2951 1842 3032 1898 sic
3062 1850 3118 1898 et
3164 1840 3304 1911 apud
3350 1840 3517 1896 Deum
3549 1840 3608 1895 in
3642 1839 3789 1911 prin-
3840 1900 3841 1907 γ

520 1931 664 2001 cipio
695 1943 855 1999 erat;
885 1945 935 1989 et
964 1936 1142 1990 omnia
1172 1952 1265 2005 per
1285 1937 1456 2006 ipsum
1487 1935 1626 2004 facta
1654 1946 1777 1988 sunt
1806 1933 1876 1999 ⁸⁸,
1908 1936 2260 1988 cxsistentem
2294 1933 2348 1986 in
2375 1933 2690 2003 principio;
2726 1935 2908 1992 omnia
2944 1936 3088 1991 enim
3118 1935 3260 1991 Deus
3286 1933 3451 2008 (teste
3482 1933 3698 1989 Davide
3730 1934 3789 1998 η)
3840 1968 3841 1977 η

523 2026 576 2082 in
609 2030 875 2100 sapientia
901 2031 1052 2089 fecit.
1089 2034 1169 2089 Ad
1204 2034 1320 2089 haec
1354 2041 1413 2088 ut
1452 2032 1822 2101 intelligamus
1854 2031 2179 2088 Sermonem
2210 2031 2485 2103 propriam
2530 2030 2733 2087 habere
2795 2029 3235 2101 inscriptionem,
3283 2028 3438 2085 velut
3478 2032 3581 2097 qui
3627 2028 3789 2083 vitam
3840 2090 3841 2097 η

518 2135 618 2190 ρει·
654 2137 713 2178 εε
739 2135 1087 2195 assequatur,
1119 2126 1405 2180 dicendum
1432 2124 1598 2180 etiam
1630 2133 1714 2179 est
1745 2124 1812 2180 de
1852 2127 2128 2196 potentiis,
2181 2140 2289 2180 nou
2336 2124 2403 2181 de
2447 2124 2716 2195 potentia.
2764 2121 2898 2179 anc
2938 2123 3069 2177 dicit
3110 2121 3365 2177 Dominus
3407 2122 3789 2192 potentiorum,

519 2216 705 2273 niultis
730 2218 786 2274 in
815 2220 951 2275 locis
989 2219 1233 2290 ponitur,
1264 2218 1482 2274 nomine
1512 2219 1882 2287 potentiarum
1916 2218 2208 2274 intellectis
2237 2216 2561 2288 quibusdam
2585 2216 2785 2272 divinis
2830 2215 3222 2281 animantibus,
3255 2229 3377 2285 qua:
3408 2215 3643 2270 rationis
3674 2224 3793 2269 sunt

519 2311 769 2381 capacia.
799 2311 993 2378 quibus
1024 2313 1271 2383 superior
1298 2321 1353 2368 et
1379 2311 1723 2382 praestantior
1747 2310 2001 2368 Christus
2025 2318 2130 2377 εει,
2164 2324 2271 2366 non
2302 2318 2509 2365 tantum
2541 2309 2809 2378 sapientia
2850 2307 2964 2373 Dei,
2989 2307 3085 2362 sed
3115 2307 3280 2362 etiam
3310 2308 3552 2377 potentia
3590 2306 3791 2361 dictus.

518 2402 595 2459 Ut
622 2405 806 2474 zigitnr
849 2405 1082 2460 virtutes
1108 2405 1416 2475 complures
1450 2414 1600 2470 sunt,
1651 2419 1882 2474 quarum
1931 2401 2159 2474 singulae
2196 2402 2619 2471 descriptionem
2659 2401 2885 2468 habent,
2919 2402 3120 2472 quibus
3164 2399 3346 2456 dill‘ert
3387 2399 3682 2465 Servatur,
3717 2403 3795 2456 sic

518 2497 683 2552 etiam
716 2499 745 2551 6
776 2497 949 2568 Λόγος
984 2496 1062 2570 [id
1092 2508 1178 2555 est
1210 2500 1301 2555 ille
1335 2498 1506 2555 Filius
1537 2499 1652 2564 Dei,
1684 2498 1773 2553 illa
1794 2496 1972 2570 'ratio]
2008 2495 2196 2568 (etiam
2229 2497 2276 2552 si
2307 2496 2401 2551 illa
2448 2496 2606 2561 ratio,
2641 2511 2762 2566 qua:
2806 2497 2858 2550 in
2898 2495 3052 2550 nobis
3080 2504 3187 2559 est,
3217 2507 3323 2549 non
3348 2491 3549 2548 habeat
3577 2493 3795 2548 descri-

518 2592 760 2662 ptionem
794 2602 945 2649 extra
983 2593 1106 2665 nos)
1147 2594 1480 2665 intelligetur
1526 2594 1798 2659 Christus,
1834 2593 1989 2664 juxta
2019 2608 2081 2648 ea
2112 2608 2232 2662 qua:
2264 2602 2423 2648 antea
2465 2591 2859 2663 iudagavimus,
2891 2590 3224 2662 hypostasim
3281 2589 3488 2645 habens
3531 2588 3594 2644 in
3641 2588 3798 2659 prin-

519 2689 686 2760 cipio,
717 2691 821 2746 hoc
855 2701 940 2748 est
971 2693 1025 2748 in
1053 2692 1344 2766 sapientia.
1382 2692 1492 2749 Sed
1524 2693 1791 2748 hactenus
1824 2691 1891 2745 de
1917 2703 1984 2744 eo
2011 2689 2153 2759 quod
2181 2697 2291 2755 est,
2321 2686 2389 2743 In
2416 2687 2677 2759 principio
2706 2696 2818 2743 erat
2852 2686 3059 2742 Sermo.

522 2846 3790 2889 _____________________________________________..

1682 3003 2635 3140 ΩΡΙΓΕΝΟΥΣ

1131 3223 1269 3280 ΤΩΝ
1301 3224 1429 3279 ΕΙΣ
1471 3224 1549 3276 ΙῸ
1587 3221 1779 3276 ΚΑΤΑ
1816 3186 2156 3275 ΙΩΑΝΝΗΝ
2183 3215 2677 3271 ΕΥΑΓΓΕΛΙΟΝ
2708 3214 3180 3272 ΕΞΗΓΗΤΙΚΩΝ

1869 3342 2256 3502 ΤΟΜΒΣ
2328 3343 2440 3428 B'.
3059 3491 3080 3521 ἱ
3242 3496 3245 3499 γ
3524 3402 3602 3503 κ

1749 3619 2556 3740 ORIGENIS

940 3808 1341 3874 EXPLANA
1350 3805 1682 3873 TIONUM
1716 3805 1822 3871 IN
1854 3800 2428 3869 EVANGELIUM
2457 3801 2916 3867 SECUNDUM
2953 3799 3370 3865 JOANNEM
3435 3780 3445 3868 Ϊ

1848 3940 2255 4036 TOMUS
2311 3943 2445 4030 Il.

449 4304 452 4307 ,
588 4239 700 4313 [‘8
730 4239 823 4293 1.(
846 4237 915 4291 Ει
937 4235 1158 4290 verbum
1188 4240 1303 4287 erat
1332 4223 1476 4301 apud
1502 4229 1693 4293 Deum,
1723 4238 1779 4283 et
1799 4224 1942 4284 Deus
1967 4253 1972 4279 ‹

2286 4247 2318 4295 L.
2361 4260 2380 4293 ι
2412 4241 2522 4296 Καὶ
2544 4242 2572 4295 6
2601 4241 2772 4311 Λόγος
2804 4237 2875 4315 ἦν
2909 4244 3046 4316 πρὸς
3082 4245 3174 4299 τὸν
3200 4244 3352 4310 Θεὸν,
3383 4248 3477 4301 καὶ
3501 4245 3637 4313 Θεὸς
3666 4244 3746 4321 ἦν
3779 4252 3809 4304 6

522 4329 836 4389 Verbum".
858 4346 877 4380 ι
902 4326 1044 4382 Satis
1069 4342 1167 4397 pro
1187 4324 1390 4380 viribus
1401 4322 1623 4389 nostris,
1641 4336 1798 4378 sacer
1810 4319 2045 4380 Ambros?

2285 4352 2369 4405 γος
2399 4333 2531 4405 (72).
2565 4354 2583 4387 ι
2626 4336 2927 4409 Αὐτάρκως
2958 4337 3100 4392 κατά
3119 4337 3217 4411 τὴν
3234 4341 3512 4413 παροῦσαν
3532 4319 3808 4414 δύναμιν,

525 4425 780 4492 idemque
810 4421 982 4478 frater
1009 4419 1309 4492 Evangelia
1349 4422 1664 4488 conformis,
1692 4437 1819 4480 cum
1858 4426 2048 4481 anteha

2286 4427 2303 4479 ὲ
2337 4426 2532 4497 ἀδελφὲ
2584 4428 2897 4499 Ἀμϐρόσιε,
2928 4430 3024 4484 καὶ
3050 4430 3193 4484 κατὰ
3224 4431 3284 4485 τὸ
3312 4432 3645 4501 Εὐαγγέλιω
3694 4452 3809 4505 με·

521 4515 949 4572 disseruerimus
989 4517 1123 4586 quid
1163 4517 1235 4572 sit
1263 4516 1634 4586 Evangelium,
1679 4525 1736 4572 et
1784 4518 1928 4588 quod
1957 4533 2044 4590 qu:

2289 4519 2536 4591 »φωμένε,
2578 4520 2636 4573 ὲν
2660 4523 2771 4585 τοῖς
2814 4521 2923 4593 πρὸ
2941 4521 3147 4575 τούτων
3169 4521 3512 4586 διαλαϐόντες
3544 4522 3600 4576 τί
3640 4524 3812 4579 ἐστιν

518 4606 639 4663 leve
676 4606 1029 4677 principium,
1053 4609 1105 4662 in
1130 4624 1239 4677 quo
1271 4616 1388 4663 erat
1416 4608 1630 4677 Sermo,
1663 4618 1718 4664 et
1739 4611 1991 4679 quisnam
2018 4627 2041 4668 ε

2290 4610 2541 4679 ιγγέλιον,
2566 4613 2663 4666 καὶ
2693 4613 2779 4679 τίς
2804 4614 2835 4683 ἠ
2869 4614 3034 4687 ἀρχὴ,
3072 4616 3130 4668 ὲν
3231 4610 3300 4687 ἦν
3328 4616 3357 4667 6
3392 4614 3588 4684 Λόγος,
3619 4618 3711 4681 τίς
3744 4635 3813 4671 τε

518 4697 609 4755 ille
659 4697 855 4756 Sermo
912 4699 1003 4768 qui
1052 4708 1174 4754 erat
1233 4698 1286 4753 in
1342 4698 1633 4770 principio.
1680 4700 2041 4773 Consequent:

2293 4698 2418 4768 όγος
2448 4701 2476 4752 6
2498 4701 2554 4754 ὲν
2581 4702 2754 4775 ἀρχῇ,
2785 4705 3093 4771 ἀκολούθως
3119 4706 3213 4759 νῦν
3237 4704 3646 4777 ἐπισκοποῦμεν
3675 4708 3816 4773 πῶς

515 4806 661 4849 nunc
693 4794 1106 4851 consideremus
1137 4808 1373 4865 quonam
1413 4804 1571 4865 pacto
1603 4795 1796 4850 Sermo
1841 4795 1931 4851 ille
1973 4812 2035 4853 er

2293 4792 2424 4861 61,0;
2451 4788 2520 4863 ἦν
2549 4795 2686 4867 πρὸς
2719 4798 2815 4851 τὸν
2838 4797 2991 4851 Θεόν.
3024 4799 3310 4871 Χρήσιμον
3338 4797 3517 4852 τοίνυν
3545 4816 3816 4869 συναγα-

513 4887 656 4956 apud
691 4887 880 4946 Deum.
926 4888 1067 4961 Ergo
1118 4888 1250 4945 utile
1289 4888 1397 4943 erit
1440 4887 1508 4943 ad
1555 4888 1660 4945 hoc
1706 4889 2028 4960 explicandu

2298 4904 2309 4935 ρ
2338 4886 2417 4950 εἰς
2438 4886 2597 4942 τοῦτο
2616 4885 2795 4960 ’λόγον
2820 4891 3312 4964 ἀναγεγραμμένον
3334 4892 3622 4963 γεγονέναι
3652 4898 3821 4967 πρός

510 4978 763 5050 colligere
786 4995 1095 5038 sermonem
1146 4982 1236 5051 qui
1282 4980 1519 5050 scriptus
1560 4989 1646 5036 est
1689 4978 1891 5036 factum
1919 4978 2033 5036 fuis;

2299 4995 2363 5044 ις’
2407 4976 2537 5035 οἷονο
2575 4999 2596 5033 ι
2642 4982 2813 5053 Λόγος
2842 4984 3049 5058 Κυρίου
3080 4984 3139 5049 ὃς
3168 4985 3406 5058 ἐγενήθη
3445 4985 3586 5056 πρὸς
3628 4987 3822 5061 Ὠσηὲ

516 5068 586 5125 ad
618 5072 903 5140 quosdam.
935 5071 1098 5132 Verbi
1147 5073 1320 5145 gratia
1349 5092 1364 5130 :
1393 5091 1414 5128 ι
1451 5073 1646 5130 Sermo
1673 5070 1885 5126 Domini
1915 5070 2039 5127 lactt

2310 5071 2404 5126 τοῦ
2443 5073 2667 5147 Βεηρεί·
2704 5096 2723 5129 ι
2768 5079 2880 5144 καὶ,
2919 5097 2938 5131 ι
2993 5078 3050 5132 '0
3078 5077 3234 5148 λόγος
3265 5080 3294 5132 6
3325 5078 3619 5149 γενόμενος
3653 5082 3825 5153 πρὸς

512 5172 597 5217 εει
636 5160 705 5217 ad
733 5161 871 5219 Osee
901 5163 1070 5218 lilium
1119 5164 1271 5222 Beeri
1298 5165 1387 5231 ";
1426 5180 1447 5216 ι
1493 5171 1569 5228 ει,
1617 5180 1635 5213 ‹
1667 5160 1861 5216 Sermo
1912 5158 2035 5214 facti

2306 5163 2429 5219 αἲαν
2475 5165 2596 5223 υἱὸν
2647 5168 2849 5241 Ἀμὼς,
2884 5171 3013 5243 περὶ
3040 5170 3139 5242 τῆς
3202 5170 3482 5237 Ἰουδαίας,
3532 5173 3628 5227 καὶ
3665 5176 3829 5247 περὶ

511 5261 597 5307 εει
626 5252 692 5306 ad
731 5251 948 5319 Isaiam,
976 5254 1144 5310 lilium
1186 5257 1379 5325 Amos,
1409 5254 1477 5311 de
1505 5251 1717 5317 Judaza,
1743 5260 1797 5308 et
1826 5252 1892 5308 de
1926 5247 2034 5307 Jert

2302 5256 2587 5332 ιουσαλήμ·
2639 5280 2658 5315 ι
2717 5265 2832 5328 καὶ,
2877 5282 2896 5316 ι
2948 5264 3006 5318 ’0
3046 5264 3204 5334 λόγος
3243 5264 3272 5318 6
3309 5264 3602 5336 γενόμενος
3650 5265 3825 5337 πρὸς

509 5344 700 5411 salem,
733 5346 782 5378 τ’
810 5365 831 5399 ι
857 5356 934 5416 ει,
969 5367 987 5398 ι
1027 5348 1220 5403 Sermo
1271 5349 1446 5405 factus
1472 5360 1559 5405 est
1585 5350 1652 5403 ad
1676 5344 1969 5403 Jeremiam
2019 5361 2032 5400 ι

2307 5348 2468 5420 εμίαν
2497 5354 2627 5426 περὶ
2653 5354 2754 5427 τῆς
2777 5354 3057 5429 ἀϐροχίας.
3093 5376 3112 5411 ι
3138 5356 3266 5423 Πῶς
3285 5353 3376 5412 οὖν
3394 5357 3551 5427 λόγος
3581 5358 3828 5428 Κυρίου

581 5478 628 5512 ⁸⁸
654 5476 813 5537 «Ιοιιη.
847 5494 887 5549 ι,
918 5481 968 5535 1.
1046 5481 1089 5514 ⁸⁷
1121 5482 1251 5537 ibid.
1287 5484 1345 5538 2.
1423 5483 1469 5515 ⁸⁸
1499 5483 1631 5538 ibid.
1683 5481 1738 5538 5.
1816 5482 1861 5515 “
1891 5480 2033 5537 Psal.
2060 5496 2104 5536 ει

2116 5497 2176 5549 ιι,
2203 5483 2294 5542 24.
2372 5488 2427 5521 τ’
2459 5493 2616 5549 Joau.
2646 5509 2686 5561 ι,
2719 5493 2772 5547 1.
2851 5493 2895 5525 ⁷¹
2924 5493 3048 5551 Οεε.
3087 5510 3128 5561 ι,
3160 5492 3213 5549 1.
3289 5493 3336 5525 ⁷⁸
3362 5491 3489 5548 lsai.
3519 5507 3559 5561 ι,
3586 5492 3637 5547 1.

580 5616 694 5687 (7|)
732 5617 843 5703 καί
868 5617 1660 5703 ἔτι-εῖςβὸοσξαραᾶἐξασθαι,
1697 5621 1912 5703 ctc._:_id
1944 5638 2090 5703 mar-

2317 5642 2328 5679 t
2355 5624 2475 5698 μὴν
2496 5629 2790 5703 ,σόγκργισιν
2824 5630 2962 5703 πρὸς
2987 5630 3086 5703 τὰς
3106 5628 3334 5703 λογικὰς
3356 5627 3618 5701 δυνάμεις
3664 5628 3831 5684 ἑπι-

580 5648 628 5687 μ
647 5648 694 5687 ι)
732 5648 843 5673 nus
868 5648 957 5673 oss
982 5648 1070 5685 εις
1094 5648 1159 5673 tu
1189 5648 1660 5690 ϋιωμιιωςαυσαι,
1697 5648 1805 5676 Istc.
1831 5648 1912 5677 nu
1944 5648 2030 5677 lltﬂ

510 5689 690 5773 ginem
717 5690 923 5773 codicis
958 5689 1384 5773 Dar‘berini‘hmc
1422 5694 1745 5773 leguntun:
1799 5692 2033 5773 Φλυαρεῖ

1831 5648 1912 5677 nu
1944 5648 2090 5677 lltﬂr-
2192 5648 2328 5679 υυτε
2355 5648 2475 5698 μην
2504 5648 2790 5703 συγκρισιν
2824 5648 2866 5682 π
2903 5648 2962 5694 ος
2987 5648 3086 5693 τας
3110 5648 3334 5699 Αογικας

1819 5692 2085 5773 Ιιλυαρεῖς,
2191 5695 2429 5773 δέχεται,
2480 5701 2597 5755 ἀλλ’
2630 5702 2802 5773 οὕτως
2831 5648 3030 5773 "Eum;
3056 5701 3342 5773 ὑπᾴρχεις.

514 5758 712 5846 μάταιε
747 5760 1011 5846 αἱρετικέζ
1034 5760 1169 5846 Θεδς
1204 5760 1315 5846 γάρ
1366 5758 1594 5846 καΐῆν.
1627 5764 1883 5846 ἀεὶηθκαὶ
1925 5758 2037 5846 dini

2307 5768 2379 5846 [2)
2413 5758 2531 5826 ’Καὶ
2566 5772 2710 5839 Θεὸς
2736 5758 2815 5842 iiiP
2834 5776 2867 5827 ὀ
2896 5758 3105 5843 Δόλιος.
3135 5758 3260 5828 Ιιὶεὶ
3288 5758 3484 5829 desunt
3514 5772 3568 5829 in
3594 5770 3830 5831 codice

512 5831 657 5885 ἐστιν
678 5832 710 5903 ἡ
735 5831 925 5901 σοιρία·
958 5832 1057 5887 οὐκ
1086 5831 1217 5903 ἄλλη
1249 5834 1280 5903 ἡ
1318 5834 1477 5904 σοφία
1511 5831 1605 5887 καὶ
1634 5834 1794 5901 αὐτὸς
1828 5836 1885 5889 ὲν
1924 5836 2081 5908 αὐτῇ.
2194 5831 2499 5895 Bodleiano.
