3922 6512
117 467 200 523 105
1211 463 1351 520 C0)!
1363 459 1570 517 MENT.
1616 459 1677 515 ΙΝ

1783 456 1914 514 DAN.
1955 456 2196 514 TOMUS
2228 456 2292 514 11.

3262 464 3366 520 ίοὶἶ

113 556 307 630 ἐγενήθη
343 556 485 628 πρὸς
525 558 718 631 Ὠσηὲ,
749 558 844 612 καὶ
896 559 924 612 6
963 557 1126 621 λόγος
1167 560 1314 612 ἐστὶν
1343 560 1371 611 6
1397 555 1677 626 γενόμενος

1791 552 2034 607 siccitate
2055 551 2200 605 "'63.
2235 569 2256 602 ι
2291 549 2570 617 Quomodo
2588 566 2720 620 ergo
2743 567 2925 610 sermo
2949 557 3160 614 Domini
3189 559 3365 616 l‘aetns
3456 635 3458 637 _

261 647 487 701 Ἡσαΐαν
548 649 671 702 υἱὸν
714 651 912 719 Ἀμῶς,
955 649 1054 703 καὶ
1095 648 1256 702 πάλιν
1295 650 1324 701 ό
1357 647 1515 716 λόγος
1553 649 1690 720 πρὸς

121 737 356 810 Ἱερεμίαν
393 739 530 810 περὶ
580 739 690 810 τῆς
732 740 1012 812 ἀϐροχίας,
1053 741 1471 810 ὲπισκοπητέον,
1505 741 1572 793 ἵν’
1613 740 1689 803 ὡς

111 830 480 900 παρακείμενον
509 831 813 902 εὑρεθῆναι
840 831 1042 904 δυνηθῇ
1075 831 1191 896 πῶς
1212 835 1241 886 6
1269 833 1438 900 Λόγος
1469 828 1536 904 ἦν
1547 832 1689 905 ’πρὸς

109 922 181 974 τὸν
212 923 356 976 Θεὸν.
401 924 461 978 Ὁ
493 924 603 994 μὲν
635 923 734 979 οὖν
781 927 946 990 πολὺς
990 926 1360 998 ἁπλούστερον
1393 927 1688 998 ὲκλήψεται

109 1017 160 1068 τὰ
188 1015 304 1086 περὶ
335 1016 444 1068 τῶν
483 1019 796 1088 προφητῶν
837 1020 1126 1092 εἰρημένα,
1155 1023 1232 1084 ὼς
1264 1021 1423 1089 λόγου
1457 1021 1684 1094 Κυρίου,

109 1109 133 1177 ἣ
172 1107 252 1160 τοῦ
289 1107 446 1175 λόγου
481 1111 793 1181 γενομένου
833 1113 967 1184 πρὸς
1000 1112 1219 1176 αὐτούς.
1254 1115 1480 1185 Μήποτε
1519 1115 1576 1168 δὲ
1611 1115 1687 1178 ὥς

109 1219 257 1270 φαμεν
289 1202 440 1256 τόνδε
484 1203 620 1258 τινὰ
649 1205 791 1275 πρὸς
831 1205 979 1258 τόνδε
1019 1206 1286 1275 γίνεσθαι,
1327 1205 1500 1270 οὕτως
1540 1206 1686 1261 ὀνῦν

110 1289 497 1362 θεολογούμενος
530 1292 674 1357 Υἱὸς
702 1295 875 1363 Λόγος
905 1296 1138 1368 ἐγενήθη
1173 1296 1310 1368 πρὸς
1350 1296 1526 1368 Ὠσηὲ,
1553 1298 1686 1350 ἀπο-

111 1383 289 1447 σταλεὶς
320 1384 426 1436 ὑπὸ
473 1384 575 1438 τοῦ
608 1385 832 1457 Πατρὸς
871 1387 1007 1460 πρὸς
1049 1388 1229 1442 αὐτόν·
1264 1388 1404 1443 κατά
1439 1389 1537 1460 μὲν
1585 1391 1685 1463 τὴν

109 1476 314 1546 ίστορίαν
340 1478 480 1548 πρὸς
522 1479 622 1533 τὸν
662 1481 782 1534 υἱὸν
809 1482 902 1536 τοῦ
932 1481 1129 1554 Βεηρεὶ
1175 1483 1460 1554 προφήτην
1503 1484 1680 1554 Ὠσηὲ,

109 1569 223 1622 κατὰ
253 1568 306 1622 δὲ
332 1572 612 1640 μυστικὸν
653 1572 816 1642 λόγον
851 1574 988 1646 πρὸς
1025 1573 1114 1628 τὸν
1143 1572 1454 1645 Σωζόμενον
1490 1575 1683 1647 (Ὠσηὲ

107 1659 190 1731 γὰρ
229 1663 601 1734 ἑρμηνεύεται
646 1665 986 1736 σωζόμενος
1016 1664 1168 1742 [75])
1209 1668 1322 1720 υἱὸν
1363 1669 1579 1740 Βεηρεὶ,
1625 1670 1683 1732 ὃς

106 1754 432 1824 ἑρμηνεύεται
479 1756 764 1828 φρέατα·
810 1758 994 1831 πηγῆς
1037 1761 1146 1833 γὰρ
1190 1763 1254 1815 ὲκ
1308 1759 1503 1831 βάθους
1554 1763 1684 1814 ἀνα-

105 1844 495 1920 ελυσταινούσης
533 1849 744 1919 σοφίας
775 1849 932 1917 Θεοῦ,
953 1850 1182 1914 ἕκαστος
1214 1851 1322 1904 τῶν
1358 1850 1682 1922 σωζομένων

103 1939 194 2003 υίὸς
204 1939 418 2008 γίνεται.
444 1942 566 1995 Καὶ
579 1941 744 1995 οὐδὲν
767 1941 1076 2013 θαυμαστὸν
1101 1942 1273 2007 οὕτως
1293 1943 1407 1997 υἱὸν
1430 1943 1680 2016 φρεάτων

102 2026 212 2084 εἶναι
239 2032 324 2086 τὸν
364 2034 531 2100 ἅγιον
568 2034 687 2086 ἀπὸ
725 2034 836 2088 τῶν
875 2033 1378 2107 ἀνδραγαθημάτων
1411 2034 1678 2107 πολλαχοῦ

102 2123 192 2175 υἱὸν
216 2123 648 2196 ὀνομαζόμενον,
689 2125 847 2196 παρὰ
877 2127 974 2196 μὲν
1009 2126 1071 2179 τὸ
1097 2127 1335 2198 λάμπειν
1391 2126 1558 2182 αὑτοῦ
1613 2127 1680 2182 τὰ

99 2217 210 2284 ἔργα
246 2218 562 2291 ἔμπροσθεν
621 2220 738 2273 τῶν
779 2220 1103 2291 ἀνθρώπων,
1169 2220 1379 2289 φωτός·
1432 2221 1582 2293 παρὰ
1623 2220 1682 2274 δὲ

100 2306 144 2359 :6
172 2306 300 2378 ἔχειν
351 2310 455 2380 τὴν
508 2313 756 2383 εἰρήνην
814 2311 909 2366 τοῦ
963 2311 1099 2366 Θεοῦ
1148 2313 1246 2383 τὴν
1305 2312 1680 2384 ὑπερέχουσαν

101 2400 247 2454 πάντα
274 2401 419 2468 νοῦν,
457 2405 725 2474 εἰρήνης·
771 2403 853 2458 ἔτι
880 2405 937 2458 δὲ
973 2404 1060 2458 διὰ
1092 2404 1188 2476 τὴν
1219 2405 1328 2460 ἀπὸ
1356 2406 1454 2478 τῆς
1487 2405 1682 2474 σοφίας

98 2491 348 2560 ὠφέλειαν,
387 2497 594 2550 τέκνον
647 2499 869 2566 σοφίας·
925 2517 942 2548 ι
1012 2496 1336 2568 Ἐδικαιώθη
1389 2497 1521 2568 γὰρ,
1571 2515 1680 2570 φη-

100 2583 184 2646 σὶν,
229 2587 258 2655 ή
303 2587 467 2656 σοφία
513 2589 634 2642 ἀπὸ
673 2588 786 2644 τῶν
821 2588 1025 2644 τέκνων
1065 2591 1255 2660 αὐτῆς.
1300 2610 1318 2642 ι
1358 2590 1545 2656 Οὕτως
1587 2587 1681 2646 οῦν

98 2678 120 2726 ὁ
157 2677 314 2731 πάντα
351 2680 601 2749 ἐρευνῶν
648 2681 785 2752 θείῳ
829 2681 1102 2753 Πνεύματι
1143 2683 1236 2736 καί
1288 2683 1358 2737 τὰ
1395 2683 1531 2756 βάθη
1584 2682 1679 2737 τοῦ

98 2770 224 2835 Θεοῦ,
255 2773 392 2828 ὥστε
423 2774 901 2844 ἀποφθέγξασθαι
928 2775 1120 2831 αὐτόν·
1161 2796 1179 2829 ι
1217 2779 1278 2830 Ὦ
1314 2777 1476 2847 βάθος
1516 2778 1682 2833 πλού-

97 2878 171 2916 του
208 2866 294 2920 καὶ
333 2867 534 2936 σοφίας
592 2869 697 2921 καὶ
741 2867 997 2938 γνώσεως
1023 2868 1197 2923 Θεοῦί
1237 2890 1256 2923 ι
1289 2869 1512 2924 δύναται
1541 2868 1680 2926 εἶναι

98 2959 312 3028 ςρεάτων
370 2961 515 3026 υἱὸς,
560 2961 712 3033 πρὸς
770 2961 833 3015 ὃν
881 2963 910 3014 6
963 2961 1118 3030 λόγος
1175 2962 1380 3035 Κυρίου
1444 2964 1677 3033 γίνεται.

105 3049 304 3119 Ὁμοίως
331 3053 492 3123 λόγος
526 3056 634 3108 καὶ
685 3053 826 3124 πρὸς
871 3053 1096 3128 Ἡσαΐαν
1147 3053 1365 3126 ἔρχεται
1413 3055 1680 3110 διδάσκων

95 3141 148 3193 τὰ
180 3145 231 3194 ἐν
267 3145 528 3219 ἐσχάταις
584 3144 835 3217 ήμέραις
875 3146 1298 3216 ἁπαντησόμενα
1340 3150 1405 3218 τῇ
1451 3148 1681 3220 Ἰουδαίᾳ

1791 653 1875 698 est
1912 642 1978 696 ad
2003 644 2200 699 Oscam
2237 651 2292 698 et
2325 656 2508 698 sermo
2548 645 2618 700 ad
2667 642 2862 703 Isaiam
2899 649 3064 704 ﬁlium
3089 653 3280 715 Amos,
3313 664 3368 708 et

1793 749 1986 789 rursus
2027 733 2096 788 ad
2139 731 2432 788 Jeremiam
2468 737 2536 790 de
2584 736 2859 807 siccitate,
2907 743 3367 801 considerandum

1789 836 1896 892 est,
1930 836 1989 881 ut
2021 827 2123 891 sic,
2170 827 2466 883 collatione
2513 828 2688 896 facta,
2731 831 2959 888 inveniri
3011 836 3181 905 possit
3228 853 3368 906 qun-

1789 935 1915 975 nam
1971 930 2128 990 pacto
2183 921 2375 977 Sermo
2437 920 2526 976 ille
2578 932 2699 978 erat
2750 927 2892 995 apud
2949 927 3142 984 Deum.
3194 933 3372 1002 Atque

1788 1013 2038 1082 equidem
2093 1013 2284 1085 vulgus
2328 1014 2630 1083 simplicius
2691 1028 2928 1088 exponet
2979 1021 3370 1090 prophetarum

1789 1104 1954 1166 dicta,
2006 1102 2173 1157 veluti
2229 1118 2485 1159 sermone
2522 1106 2762 1173 Domini,
2804 1109 2885 1164 vel
2922 1125 3176 1166 sermone
3222 1111 3370 1168 facto

1789 1197 1854 1250 ad
1890 1197 2053 1266 ipsos.
2093 1195 2170 1250 Tu
2215 1212 2345 1253 vero
2392 1199 2536 1266 vide,
2582 1217 2652 1256 ne
2699 1200 2838 1258 forte
2865 1213 2923 1258 ut
2960 1205 3192 1261 dicimus
3226 1208 3370 1262 hunc
3438 1229 3444 1237 ·

1787 1290 1851 1342 ad
1897 1289 2040 1344 hunc
2080 1288 2217 1354 ﬁeri,
2272 1291 2352 1346 sic
2397 1293 2753 1362 etiaminuuc
2799 1311 2826 1348 a
2871 1297 3027 1352 nobis
3061 1299 3368 1372 tlteologiee

1785 1382 2170 1438 consideratus
2205 1383 2396 1452 Filius,
2437 1399 2617 1443 sermo
2667 1387 2843 1443 factus
2891 1391 2964 1444 sit
3013 1389 3082 1444 ad
3133 1390 3367 1456 Oscam,

1787 1472 1987 1527 missus
2021 1473 2088 1528 ad
2119 1473 2296 1544 ipsum
2327 1491 2357 1530 a
2391 1475 2555 1532 Patre
2584 1495 2599 1532 :
2631 1479 2775 1547 quod
2812 1479 2880 1533 ad
2917 1480 3202 1537 historiam
3239 1483 3367 1552 qui-

1786 1567 1908 1621 dem
1958 1568 2178 1634 attinet,
2224 1571 2290 1624 ad
2347 1573 2664 1640 prophetam
2720 1571 2918 1627 Oscam
2968 1573 3138 1630 ﬁlium
3187 1575 3365 1638 Deeri.

1784 1663 2048 1723 quantum
2100 1671 2230 1711 vero
2281 1659 2348 1711 ad
2404 1661 2689 1729 mysticam
2725 1662 3020 1727 rationem.
3059 1667 3125 1720 ad
3165 1665 3359 1722 Serva-

1788 1753 1898 1796 tum
1934 1747 2118 1815 (sonat
2160 1747 2305 1802 enim
2337 1746 2530 1813 Oseas,
2566 1750 2610 1804 si
2661 1751 3063 1822 interpreteris,
3111 1764 3367 1824 seruatus)

1787 1837 1956 1892 lilittm
1989 1837 2169 1903 Bceri,
2202 1855 2322 1908 qua:
2355 1855 2461 1896 vox
2491 1853 2676 1912 puteos
2713 1855 2872 1900 sonat
2908 1861 2923 1901 :
2957 1846 3194 1903 cﬂicitur
3222 1852 3367 1906 enim

1717 1923 1757 1977 Β
1796 1928 2027 1998 quilibet
2064 1945 2253 1986 eorum
2283 1935 2374 2003 qui
2410 1946 2721 2003 servantur,
2742 1939 2891 2007 putei
2925 1938 3090 2006 ﬁlius,
3119 1942 3248 2012 quia
3279 1957 3341 1998 sa

1784 2020 1986 2091 pientia
2019 2022 2115 2076 Dei
2157 2038 2221 2078 ex
2250 2025 2524 2094 profundo
2571 2030 2826 2084 scaturit.
2859 2029 2970 2087 Nec
3005 2032 3203 2088 mirum
3233 2050 3367 2092 sane

1781 2123 1864 2168 est
1893 2124 2178 2182 puteorum
2214 2116 2386 2172 ﬁlium
2417 2119 2499 2174 sic
2524 2134 2645 2178 esse
2673 2131 2949 2189 sanctum,
2983 2125 3074 2194 qui
3112 2142 3175 2181 ex
3227 2136 3366 2182 stre-

1783 2221 1887 2261 uue
1933 2205 2093 2263 factis
2144 2207 2469 2281 frequenter
2521 2212 2665 2268 ﬁlius
2720 2216 3040 2272 nominatur
3089 2235 3104 2272 :
3161 2219 3366 2275 idcirco

1781 2300 1998 2368 quidem
2026 2302 2154 2370 quia
2181 2302 2401 2359 luceant
2416 2319 2583 2376 opera
2602 2305 2723 2374 eius
2747 2323 2936 2364 coram
2957 2309 3275 2368 hominibus
3295 2312 3366 2376 ”,

1785 2390 1928 2446 ﬁlius
1973 2391 2113 2448 lucis
2157 2404 2504 2464 nuncupatus
2545 2416 2560 2454 :
2596 2401 2725 2469 quia
2762 2416 2895 2457 vero
2939 2401 3136 2457 habeat
3179 2417 3367 2473 pacem

1784 2480 1903 2548 Dei,
1937 2496 2361 2556 exsuperantem
2397 2504 2618 2546 omnem
2651 2493 3068 2565 intelligentiam
3103 2497 3180 2563 '°,
3226 2497 3369 2553 ﬁlius

1790 2579 1947 2644 pacis
1974 2596 1989 2633 :
2025 2589 2188 2650 atque
2218 2580 2384 2636 etiam
2417 2591 2644 2655 propter
2669 2585 2952 2655 sapientiae
2984 2586 3276 2643 utilitatem
3306 2586 3369 2641 ﬁ-

1783 2669 1888 2726 lius
1914 2670 2231 2740 sapientiae:
2259 2691 2281 2725 ι
2304 2671 2610 2729 Justiﬁcata
2636 2685 2718 2730 est
2739 2677 2906 2741 enim,
2932 2678 3128 2748 inquit.
3155 2679 3368 2750 sapien-

1785 2762 1854 2818 tia
1878 2777 1907 2818 a
1929 2762 2056 2819 ﬁliis
2073 2765 2188 2820 suis
2221 2766 2288 2821 τί.
2319 2786 2337 2818 ι
2375 2765 2533 2822 Hunc
2556 2767 2718 2838 igitur
2740 2763 3042 2825 in’modum
3080 2771 3168 2826 iile
3201 2774 3368 2828 etiam

1781 2853 1874 2924 qui
1923 2853 2036 2926 49
2085 2856 2267 2912 divino
2330 2856 2530 2926 Spiritu
2578 2860 2760 2913 omnia
2791 2859 3059 2928 profunda
3102 2861 3196 2916 Dei
3246 2880 3367 2932 per.

1783 2958 2081 3013 scrutatur,
2127 2957 2187 3004 ut
2222 2948 2398 3020 eloqui
2425 2951 2598 3021 possit
2629 2967 2642 3004 :
2677 2950 2758 3008 «Ο
2782 2952 3116 3020 profunditas
3148 2955 3365 3010 divitia-

1786 3055 1932 3106 rum,
1949 3049 2004 3094 et
2024 3041 2322 3111 sapientiae,
2351 3054 2402 3098 et
2434 3044 2763 3113 cognitionis
2785 3045 2880 3100 Dei
2913 3047 2981 3112 ",
3005 3065 3024 3099 ι
3047 3057 3224 3116 potest
3245 3065 3367 3105 esse

1783 3143 2071 3203 puteorum
2125 3134 2292 3199 ﬁlius,
2339 3136 2406 3190 ad
2453 3151 2613 3206 quem
2658 3152 2840 3192 sermo
2869 3138 2962 3193 ﬁat
3003 3141 3237 3196 Domini.
3273 3143 3368 3201 Sic

98 3235 171 3285 καὶ
217 3236 578 3310 Ἰερουσαλήμ
604 3255 620 3269 °
674 3237 943 3302 ὡσαύτως
984 3239 1042 3293 δὲ
1086 3239 1181 3293 καὶ
1221 3240 1356 3311 πρὸς
1408 3242 1677 3314 Ἱερεμίαν

1787 3239 1967 3281 sermo
1999 3225 2164 3282 etiam
2194 3227 2263 3281 ad
2295 3225 2487 3283 Isaiam
2515 3229 2663 3283 venit
2689 3229 2890 3286 docens
2920 3245 3039 3300 quae
3074 3232 3126 3286 in
3161 3233 3368 3290 ultimis

97 3326 198 3400 θείῳ
225 3285 594 3404 estmagni?)
629 3285 982 3405 ἐπαρθένταθ
1025 3285 1409 3406 (ἑρμηνεύεεέαι
1450 3285 1677 3408 739F96-

1788 3317 1981 3373 diebus
2003 3329 2265 3374 eventura
2298 3329 2457 3374 erant
2487 3330 2601 3374 tum
2628 3320 2853 3388 Judaeze,
2887 3331 2998 3378 tum
3023 3324 3320 3383 Jerusalem
3349 3344 3365 3382 :

96 3424 380 3492 τεωρισμὸς
408 3425 537 3478 Ἷαώ
565 3420 747 3497 [74].)
790 3425 950 3480 Ἀλλὰ
975 3426 1112 3498 πρὸς
1157 3427 1256 3498 μὲν
1294 3429 1420 3492 τοὺς
1465 3428 1680 3501 ἀνθρώ-

96 3531 222 3577 πους,
252 3517 516 3590 πρότερον
550 3518 620 3571 οὐ
655 3516 974 3590 χωροῦντας
997 3518 1094 3591 τήν
1121 3518 1216 3572 τοῦ
1247 3519 1378 3573 Υίοῦ
1407 3520 1503 3574 τοῦ
1542 3520 1678 3574 Θεοῦ

95 3605 238 3672 Λόγου
295 3612 675 3682 τυγχάνοντος
730 3611 1027 3682 ἐπιδημίαν
1053 3653 1068 3676 ,
1125 3614 1155 3666 ὁ
1203 3613 1376 3681 Λόγος
1431 3615 1638 3682 γίνεται
1662 3630 1675 3644 ·

95 3697 206 3768 πρὸς
231 3699 281 3754 δὲ
311 3702 403 3756 τὸν
443 3702 591 3756 Θεὸν
631 3703 696 3755 ού
740 3703 988 3772 γίνεται,
1030 3704 1106 3767 ὼς
1150 3703 1413 3775 πρότερον
1460 3706 1560 3760 οὐκ
1603 3705 1679 3759 ὣν

95 3795 205 3863 :96;
226 3799 398 3852 αὐτόν·
434 3804 599 3874 παρὰ
655 3801 716 3855 δὲ
760 3802 825 3855 τὸ
865 3803 952 3856 ἀεὶ
981 3806 1220 3858 συνεῖναι
1257 3803 1336 3873 τῷ
1366 3805 1560 3876 Πατρὶ,
1589 3806 1678 3859 λέ-

93 3903 220 3955 γεται
241 3908 255 3922 ·
282 3914 300 3945 ι
339 3895 452 3948 Καὶ
487 3899 519 3949 6
569 3895 759 3963 Λόγος
791 3890 862 3966 ἦν
909 3895 1044 3966 πρὸς
1076 3896 1166 3949 τὸν
1209 3896 1338 3949 Θεόν
1364 3914 1377 3927 ·
1423 3916 1442 3949 ι
1477 3900 1538 3952 οὐ
1568 3899 1678 3968 γὰρ

95 3985 274 4050 ἐγένετο
293 3989 426 4060 πρὸς
449 3989 549 4044 τὸν
573 3990 741 4054 Θεὸν,
761 3990 858 4044 καὶ
882 3989 1076 4044 ταυτὸν
1124 3991 1276 4061 ῥῆμα
1319 3991 1380 4044 τὸ
1405 4010 1422 4041 ι
1446 3988 1558 4063 ἦνξ»
1582 3993 1676 4046 τοῦ

95 4071 238 4140 Λόγου
265 4081 704 4150 κατηγορεῖται,
751 4079 836 4131 ὅτι
875 4081 932 4131 ὲν
980 4080 1120 4150 ἀρχῇ
1151 4075 1219 4150 ἦν
1259 4080 1354 4133 καὶ
1392 4081 1482 4135 ὅτε
1539 4084 1678 4155 “Pb;

94 4165 164 4214 τὴν
181 4165 300 4221 Θεὸν
327 4165 395 4241 ἧν
419 4212 435 4236 ,
469 4169 609 4224 οὔτε
657 4171 760 4242 τῆς
786 4172 964 4243 ἀρχῆς
1002 4171 1368 4243 χωριζόμενος
1389 4213 1404 4236 ,
1430 4175 1552 4228 οὒτε
1582 4175 1676 4229 τοῦ

94 4254 272 4330 Πατρὸς
296 4263 780 4336 ἀπολειπόμενος·
825 4267 919 4318 καὶ
961 4265 1122 4319 πάλιν
1155 4265 1278 4319 οὔτε
1327 4267 1434 4320 ἀπὸ
1460 4267 1554 4322 τοῦ
1597 4270 1672 4340 μὴ

94 4341 202 4402 εἶναι
243 4355 296 4404 ἐν
337 4356 481 4427 ἀρχῇ
532 4356 840 4425 γινόμενος
871 4357 928 4408 ὲν
969 4356 1141 4428 ἀρχῇ,
1171 4355 1295 4409 οὔτε
1335 4358 1444 4411 ἀπὸ
1472 4358 1564 4412 τοῦ
1603 4360 1677 4431 μὴ

94 4443 337 4514 τυγχάνειν
368 4449 512 4520 πρὸς
543 4449 644 4502 τὸν
672 4448 814 4502 Θεὸν
840 4448 932 4502 ἐπὶ
961 4448 1040 4520 τῷ
1069 4449 1206 4521 πρὸς
1248 4449 1338 4503 τὸν
1371 4450 1502 4505 Θεὸν
1536 4448 1675 4506 εἶναι

94 4535 332 4603 γινόμενος
355 4556 369 4568 ·
401 4539 515 4611 πρὸ
546 4538 667 4609 γὰρ
700 4539 909 4603 παντὸς
945 4540 1132 4611 χρόνου
1191 4541 1286 4594 καὶ
1331 4541 1528 4607 αἰῶνος
1559 4563 1577 4595 ι
1617 4545 1675 4598 ὲν

1785 3409 1978 3465 eodem
2023 3410 2183 3465 modo
2219 3419 2275 3465 et
2307 3409 2371 3466 ad
2415 3407 2710 3466 Jeremiam
2754 3415 2937 3470 divina
2987 3416 3222 3472 elatione
3255 3418 3366 3472 ela-

1786 3511 1896 3556 tum
1959 3501 2105 3574 (nam
2167 3503 2558 3574 interpretatur
2591 3505 2748 3560 elatio
2794 3505 2936 3578 Jao).
2987 3509 3093 3564 Sed
3144 3511 3212 3565 ad
3267 3511 3367 3566 bo-

1785 3595 1960 3650 mines
2000 3595 2252 3666 quidem,
2304 3595 2394 3665 qui
2441 3597 2592 3665 prius
2649 3612 2881 3668 capaces
2911 3616 3018 3656 non
3065 3615 3228 3659 erant
3271 3609 3367 3659 ad-

1781 3721 1976 3766 ventus
2008 3709 2129 3766 Filii
2189 3709 2306 3774 Dei,
2359 3709 2451 3780 qui
2496 3721 2581 3766 est
2634 3711 2847 3779 Sermo,
2903 3716 2964 3771 ﬁt
3021 3732 3241 3787 sermo;
3299 3723 3367 3776 ad

1781 3804 1949 3857 Deum
1977 3817 2106 3858 vero
2150 3817 2256 3858 non
2289 3805 2369 3872 ﬁt,
2413 3806 2568 3874 quasi
2595 3809 2687 3875 qui
2723 3817 2881 3862 antea
2922 3823 3031 3865 non
3070 3814 3365 3870 exs7steret

1781 3896 1922 3964 apud
1951 3896 2150 3965 ipsum,
2181 3897 2276 3949 sed
2301 3911 2365 3950 eo
2393 3897 2538 3964 quod
2566 3898 2636 3951 sit
2661 3912 2880 3967 semper
2907 3914 3029 3954 cum
3063 3901 3246 3969 Patre,
3276 3906 3366 3960 di-

1780 3985 1924 4038 citur
1958 4002 1970 4038 :
2008 4002 2027 4038 ι
2064 3985 2132 4039 Ει
2159 3985 2353 4040 Sermo
2385 3994 2509 4038 erat
2539 3988 2680 4055 apud
2707 3985 2872 4042 Deum
2906 3984 2982 4054 ";
3025 4007 3044 4040 ι
3076 4007 3183 4047 non
3213 3992 3364 4050 enim

1780 4077 1956 4133 factus
1981 4087 2066 4135 est
2091 4079 2234 4149 apud
2267 4079 2460 4147 Deum,
2484 4088 2540 4134 et
2588 4080 2730 4134 idem
2763 4081 2986 4137 verbum
3026 4101 3044 4134 ι
3083 4093 3204 4139 erat
3233 4105 3255 4138 ι
3296 4089 3364 4141 de

1780 4169 2042 4228 Sermone
2089 4171 2435 4242 praedicatur,
2483 4171 2740 4242 quoniam
2795 4173 2848 4227 iu
2921 4175 3192 4245 principio
3240 4189 3362 4234 erat

1779 4264 1941 4317 etiam
1970 4273 2081 4318 tum
2106 4279 2230 4320 cum
2255 4264 2398 4334 apud
2430 4262 2600 4318 Deum
2631 4273 2770 4331 erat,
2805 4279 2982 4335 neque
3034 4283 3064 4321 a
3093 4269 3363 4341 principio

1779 4364 2083 4423 separatus,
2123 4368 2298 4423 neque
2345 4353 2565 4410 Patrem
2611 4355 2872 4415 deserens
2912 4366 3016 4413 :et
3046 4375 3234 4416 rursus
3274 4377 3364 4416 ue-

1778 4459 1886 4514 que
1911 4461 1977 4501 eo
2002 4445 2148 4517 quod
2186 4461 2294 4502 non
2327 4446 2400 4502 sit
2429 4446 2482 4500 in
2513 4446 2782 4516 principio
2831 4449 3028 4516 l‘actus,
3067 4452 3120 4505 in
3149 4454 3362 4521 princi-

1781 4537 1894 4608 pio,
1929 4553 2104 4608 neque
2149 4551 2215 4592 eo
2264 4537 2408 4608 quod
2443 4552 2547 4593 nou
2577 4538 2650 4593 sit
2694 4537 2836 4608 apud
2867 4539 3062 4606 Deum,
3095 4541 3270 4598 factus
3303 4552 3364 4597 ut

94 4624 204 4698 ἀρχῇ
232 4623 294 4700 ἦν
334 4632 363 4684 6
400 4632 612 4701 Λόγος,
649 4631 752 4685 καὶ
783 4632 813 4684 6
845 4631 1018 4700 Λόγος
1050 4627 1118 4703 ἦν
1163 4633 1300 4704 πρὸς
1333 4634 1426 4687 τὸν
1456 4634 1609 4690 Θεόν.
1651 4655 1669 4687 ι

1783 4641 1924 4686 esset
1953 4631 2093 4701 apud
2123 4631 2288 4686 Deum
2325 4647 2339 4686 :
2368 4643 2494 4687 ante
2534 4646 2698 4688 omne
2726 4633 2872 4688 enim
2914 4643 3126 4704 tempus
3174 4645 3230 4689 et
3260 4651 3360 4690 sae-

101 4714 224 4771 Ἐπεὶ
253 4723 428 4778 τοίνυν
457 4725 542 4787 είς
576 4721 813 4794 εὕρεσιν
843 4721 956 4788 τοῦ,
994 4741 1013 4774 ι
1051 4724 1160 4777 Καὶ
1189 4726 1217 4777 6
1241 4724 1411 4793 Λόγος
1439 4721 1508 4796 ἦν
1535 4727 1672 4799 πρὸς

94 4806 161 4862 τὸν
178 4811 316 4880 Θεὸν,
357 4835 375 4868 ι
403 4813 785 4887 παρεθέμεθα
818 4813 992 4878 λέξεις
1018 4816 1383 4887 προφητικὰς,
1418 4817 1534 4883 πῶς
1558 4817 1673 4887 ὲγέ-

94 4919 185 4955 νετο
209 4909 338 4979 πρὸς
378 4909 570 4980 Ὠσηὲ,
603 4909 709 4962 καὶ
751 4909 981 4961 Ἡσαΐαν
1003 4947 1018 4973 ,
1051 4908 1144 4962 καὶ
1179 4910 1467 4981 Ἱερεμίαν,
1530 4928 1673 4982 παρ-

94 4997 399 5071 ετηρήσαμέν
429 5018 494 5054 τε
515 5001 581 5054 ού
606 5000 714 5072 τὴν
736 4998 1011 5068 τυχοῦσαν
1042 4999 1306 5072 διαφορὰν
1333 4999 1449 5066 τοῦ,
1492 5020 1511 5053 ι
1550 5005 1671 5072 ὲγε-

94 5086 199 5159 νήθη
225 5109 241 5142 ι
261 5092 348 5144 καὶ
398 5111 420 5144 ι
454 5092 696 5161 ἐγένετο
721 5109 741 5142 ι
785 5091 925 5160 πρὸς
966 5090 1025 5144 τὸ
1048 5110 1066 5142 ι
1087 5085 1178 5162 ἦν,
1201 5110 1220 5144 ι
1266 5091 1668 5164 προσθήσομεν,

145 5205 246 5242 ⁷²⁶’⁸
269 5209 472 5271 Jerem.
509 5227 635 5276 xw,
665 5212 721 5266 1.
802 5210 849 5242 ⁸⁸
869 5208 1058 5265 Matth.
1090 5226 1145 5277 ν,
1173 5211 1262 5265 16.

148 5324 242 5395 (73)
289 5330 467 5399 Ὠσηὲ
494 5331 623 5401 γὰρ
659 5328 1050 5401 ἑρμηνεύεται
1087 5325 1428 5401 Σῳξόμενος,
1456 5338 1568 5386 etc.
1623 5328 1667 5383 A
1769 5338 1902 5401 m‘l.

96 5401 203 5474 Vm.
223 5398 462 5466 sanauit,
498 5398 566 5456 tit
595 5404 787 5484 γωτι,
813 5398 973 5461 Osse,
1018 5399 1159 5467 quod
1210 5398 1665 5468 signiﬁcationem

98 5490 284 5545 activam
311 5494 561 5560 postulat
586 5494 784 5564 potius
810 5507 974 5564 quam
1002 5490 1295 5564 passivam.
1322 5492 1504 5564 Bson:
1537 5507 1664 5545 vero

97 5571 174 5620 at,
198 5569 346 5632 νήια,
386 5581 418 5620 a
447 5561 604 5629 Ἷκι,
639 5571 862 5632 puteus.
910 5561 1461 5631 Ἀναὸλυστανούσης,
1521 5563 1665 5630 quod

97 5631 589 5704 sequimurectum
641 5631 754 5689 est.
804 5631 1064 5704 Hesych.,
1102 5632 1524 5704 ἀναϐλυστάνειν
1572 5633 1665 5686 καὶ

97 5699 362 5765 ἀναϐλύσαι.
396 5709 584 5773 Quam
617 5704 887 5776 Hesycin
915 5699 1108 5757 vocem
1139 5703 1414 5757 immerito
1442 5720 1668 5772 s‘ttspec-

99 5779 190 5849 tant
207 5776 351 5849 liabet
383 5773 752 5849 Stephanus;
792 5773 1056 5849 liucnus.

150 5844 242 5925 εἶθ)
263 5920 272 5925 _
289 5842 733 5925 Ἐρμηιὲεὐετεξι
772 5845 891 5925 γὰρ
900 5915 912 5925 .
927 5861 1022 5915 μετ
1030 5844 1336 5925 εωρισμὸςῇ
1348 5842 1660 5925 766(1).”"330

99 5916 307 5975 proclivia
336 5913 520 5980 'simi.
560 5929 625 5972 ct
670 5913 1125 5970 Ferrarii‘tamen
1177 5913 1240 5969 ac
1298 5913 1532 5968 Periouii
1568 5929 1658 5967 ca-

1779 4722 1984 4788 culum,
2029 4740 2050 4775 (
2102 4723 2154 4777 in
2190 4723 2460 4793 principio
2492 4732 2617 4778 erat
2654 4723 2872 4791 Sermo,
2911 4733 2969 4780 et
3020 4726 3212 4781 Sermo
3241 4737 3360 4782 erat

1780 4817 1920 4885 apud
1955 4815 2149 4871 Deum.
2190 4833 2210 4868 ι
2247 4816 2515 4884 Quoniam
2553 4816 2715 4885 igitur
2739 4826 2798 4871 ut
2832 4816 3200 4872 inveniremus
3234 4832 3358 4872 sen-

1779 4922 1899 4963 sum
1927 4909 2215 4965 verborum
2250 4909 2483 4974 illorum,
2537 4928 2556 4961 ι
2594 4918 2650 4964 et
2694 4908 2888 4964 Sermo
2934 4907 3020 4962 ille
3050 4919 3168 4962 erat
3214 4909 3359 4983 apud

1780 4999 1968 5067 Deum,
2006 5019 2027 5054 ι
2065 5002 2420 5074 apposuimus
2469 5003 2637 5057 verba
2685 5001 3036 5072 prophetica,
3083 5001 3356 5070 quomodo

1779 5092 1959 5150 factus
1996 5093 2068 5150 sit
2113 5109 2302 5152 sermo
2328 5096 2395 5149 ad
2456 5094 2672 5159 Oseam,
2731 5101 2786 5148 ct
2842 5093 3062 5161 Isaiam,
3121 5102 3176 5148 et
3198 5092 3356 5147 Jere-

1337 5213 1384 5243 το
1418 5211 1612 5282 Philip.
1638 5229 1677 5267 ιι

1783 5252 1798 5267 .
1874 5215 1920 5246 ⁷⁸
1955 5213 2148 5270 Matth.
2173 5225 2255 5281 ιι,
2288 5214 2376 5272 19.
2454 5216 2500 5247 ⁷⁸
2529 5213 2688 5269 Rom.
2721 5229 2798 5279 ιι,
2823 5213 2912 5268 55.
2989 5213 3264 5278 "Joan.t,
3299 5211 3353 5270 1.

1951 5332 2093 5400 quod
2155 5329 2439 5386 Samarita:
2495 5345 2593 5400 per
2651 5329 2857 5400 Ἰαϐαί,
2918 5328 3184 5384 Eusebius
3254 5345 3355 5400 per

1783 5399 2380 5465 ἸευώίΤιιυοιΙοτοιυδ
2433 5399 2530 5468 per
2568 5399 2714 5462 Ἀῖά,
2758 5402 2930 5455 Graeci
2978 5405 3188 5454 veteres
3256 5399 3355 5469 per

1783 5469 1906 5524 Ἰαὼ
1957 5472 2605 5542 θχμιθίιιιεὺιιηιηίῖοιυιιι
2662 5471 2792 5526 illud
2847 5473 3110 5542 Apollinis
3179 5470 3350 5528 Clarii

1770 5543 1912 5609 apud
1948 5533 2279 5596 Macrobiuut
2311 5558 2324 5595 l
2358 5533 2584 5596 Saturn.
2617 5557 2632 5594 .'

1843 5631 2058 5701 Φράζεο
2086 5631 2202 5686 τῶν
2237 5632 2479 5687 πάντων
2511 5633 2745 5688 ὕπαεον
2785 5633 2924 5688 θεὸν
2948 5633 3135 5701 ἔμμεν
3167 5631 3316 5754 ἰιαώ.

3192 5719 3244 5754 ι).

3192 5719 3244 5757 D.

1771 5819 1906 5874 Vide
1942 5834 2133 5871 novam
2173 5817 2303 5871 edit.
2350 5817 2515 5887 Oper.
2556 5817 2613 5872 S.
2647 5816 2980 5887 Hieronymi,
3015 5825 3144 5870 tom.
3193 5815 3267 5880 ll,
3296 5826 3352 5882 p.

1768 5890 1869 5953 94,
1896 5917 1964 5929 -—-
1989 5888 2245 5944 editionis
2305 5899 2507 5945 nostra:
2559 5902 2690 5945 tom.
2727 5887 2799 5955 ll,
2840 5889 2948 5944 col.
2982 5887 3109 5952 8⁸55,
3151 5896 3263 5940 ιιοι.
3299 5892 3349 5938 ε.

100 5958 828 6064 [vtetu'lv'uger'iiiiriii-agitus
855 5993 1150 6044 est-1.19mi
1181 6002 1210 6040 a
1242 5997 1355 6046 DT‘1
1379 5985 1582 6052 extolli,
1607 5993 1660 6040 et

1783 5959 1926 6013 Eutr.
1966 5958 2132 6013 ΡΑτιι.

345 6087 664 6145 Parnm"
717 6080 836 6140 Gn.
891 6077 1052 6139 XIV.

3001 6074 3034 6133 ίι
