3922 6568
515 484 620 550 I07

2003 485 2080 543 Oli

2193 485 2323 544 ENIS
3688 492 3784 548 ιοε

515 604 701 664 miam,
735 600 1249 670 observavimusque
1277 613 1382 656 non
1417 613 1609 670 parum
1639 598 1856 656 differre
1885 617 1904 653 ι
1933 600 2035 656 fuit
2069 620 2080 654 ι

2196 603 2276 655 ὅτι
2300 603 2356 654 ἐν
2391 600 2489 673 μὲν
2533 603 2611 674 τῷ
2640 601 2776 676 πρὸς
2805 603 2932 668 τοὺς
2973 606 3259 680 προφήτας
3296 606 3544 678 γίνεσθαι
3570 608 3785 679 φωτίζει

512 707 568 753 ει
601 715 620 749 ι
656 695 831 751 factus
877 704 958 750 est
1002 712 1022 746 ι
1057 708 1089 750 ι
1145 693 1312 749 verbo
1347 713 1365 748 ι
1412 705 1549 761 erat,
1590 713 1609 748 ›
1646 695 1928 760 addemus,
1963 695 2092 750 dum

513 790 581 845 ad
628 789 919 859 prophetas
952 801 1130 842 sermo
1165 784 1241 852 fit,
1277 785 1597 842 Sermonem
1635 787 1926 857 prophetas
1964 787 2090 842 illu-

513 892 692 938 strare
745 881 866 936 luce
918 880 1272 950 cognitionis,
1346 880 1636 936 facientem
1664 895 1779 945 eos,
1836 889 2088 950 tanquam

401 976 409 985 “
510 989 696 1031 coram
747 974 1012 1039 videntes,
1039 987 1101 1026 ea
1163 971 1352 1028 videre
1386 989 1506 1044 quze
1541 987 1647 1028 non
1691 972 2087 1037 intellexerant,

509 1074 801 1134 antequam
860 1066 1017 1120 fieret
1046 1065 1113 1118 ad
1153 1078 1247 1120 eos
1282 1079 1467 1120 sermo
1529 1065 1676 1134 ipse;
1732 1065 1869 1133 apud
1925 1064 2088 1118 Deum

507 1172 639 1213 vero
667 1155 834 1213 Deum
862 1171 1005 1222 esse,
1031 1171 1095 1210 ex
1127 1171 1191 1211 eo
1227 1157 1369 1226 quod
1399 1157 1468 1211 sit
1509 1158 1648 1225 apud
1684 1156 1876 1226 ipsum.
1905 1154 2090 1226 Itaque

510 1249 744 1305 fortasse
773 1250 934 1304 talem
961 1248 1251 1318 quemdam
1282 1246 1528 1302 ordinem
1580 1247 1805 1302 intuitus
1853 1244 2090 1300 Joannes

509 1343 562 1399 iu
594 1359 843 1399 sermone
893 1358 1000 1397 non
1049 1341 1364 1411 prmposuit,
1400 1358 1418 1390 ι
1455 1341 1596 1396 Deus
1637 1351 1756 1396 erat
1814 1340 2026 1407 Sermo,
2063 1359 2082 1392 ι

509 1436 613 1491 illis
645 1421 848 1500 verbis,
904 1453 922 1486 ι
966 1433 1159 1489 Sermo
1187 1442 1305 1488 erat
1330 1433 1471 1502 apud
1511 1433 1703 1492 Deum,
1739 1451 1757 1484 ι
1795 1431 1924 1485 nihil
1955 1431 2087 1485 alio-

505 1530 618 1599 qui,
653 1528 794 1596 quod
833 1526 900 1581 ad
936 1525 1341 1582 enuntiationes
1401 1522 1616 1586 attinet,
1659 1522 1912 1577 obfutura
1945 1522 2087 1578 serie

505 1621 572 1675 ad
627 1620 1032 1691 intelligendam
1093 1620 1199 1672 vim
1256 1632 1502 1672 seorsum
1569 1615 1936 1685 cujuscunque
1965 1630 2086 1684 pro-

505 1713 738 1768 nuntiati
776 1730 790 1766 :
848 1726 1012 1766 unutn
1069 1725 1308 1777 namque
1356 1709 1772 1779 pronuntiatum
1804 1716 1884 1760 est
1921 1723 1936 1760 :
1975 1723 1994 1757 ι
2029 1705 2086 1760 In

500 1806 766 1876 principio
797 1815 917 1861 erat
952 1804 1043 1860 ille
1071 1803 1304 1864 Set-mo;
1343 1820 1361 1854 ι
1395 1802 1624 1857 alterum
1665 1816 1680 1854 :
1714 1819 1731 1852 ι
1765 1800 1854 1855 Ille
1895 1798 2088 1856 Sermo

499 1911 616 1957 erat
645 1901 785 1971 apud
815 1900 1008 1964 Deum,
1039 1918 1058 1952 ι
1089 1909 1144 1954 ει
1174 1899 1428 1968 deinceps
1459 1915 1472 1951 :
1510 1914 1528 1948 ι
1565 1895 1627 1949 Ει
1665 1895 1805 1950 Deus
1843 1903 1961 1948 erat
1994 1893 2084 1948 ille

2195 695 2321 758 τοὺς
2347 697 2630 768 προφήτας
2657 697 2734 768 τῷ
2761 699 2899 768 φωτὶ
2929 699 3027 769 τῆς
3061 700 3333 768 γνώσεως,
3371 703 3542 758 ποιῶν
3597 703 3788 766 αὐτοὺς

2197 785 2291 839 ἆτε
2325 786 2630 859 ἔμπροσθεν
2664 789 2962 859 βλέποντας
2989 793 3118 863 ὀρᾷν
3145 793 3180 846 ἂ
3214 794 3319 866 πρὸ
3345 793 3511 850 αὐτοῦ
3556 795 3620 848 οὐ
3657 812 3783 849 κατ-

2196 879 2414 933 ενόουν·
2480 881 2618 953 πρὸς
2667 881 2723 936 δὲ
2775 883 2867 937 τὸν
2915 883 3050 938 Θεὸν
3072 885 3131 939 τὸ
3161 886 3293 951 Θεός
3353 887 3787 958 ἐπιτυγχάνων

2195 971 2302 1025 άπὸ
2324 971 2420 1025 τοῦ
2466 968 2606 1027 εἶναι
2644 973 2782 1046 πρὸς
2823 975 3004 1030 αὐτόν.
3038 976 3148 1030 Καὶ
3189 980 3330 1050 τάχα
3370 979 3631 1052 τοιαύτην
3669 981 3786 1034 τινὰ

2193 1064 2344 1129 τάξιν
2378 1067 2406 1118 6
2443 1066 2696 1136 Ἰωάννης
2749 1067 2808 1121 ὲν
2845 1067 2924 1137 τῷ
2963 1067 3107 1140 λόγῳ
3153 1070 3274 1124 ἰδὼν
3302 1072 3362 1125 οὐ
3396 1073 3664 1144 προέταξε
3689 1071 3782 1131 τὸ.

2200 1177 2217 1207 ι
2243 1157 2375 1221 Θεὸς
2394 1153 2462 1228 ἦν
2478 1159 2507 1210 ὁ
2524 1159 2714 1227 Λόγος,
2739 1177 2758 1211 ι
2777 1158 2894 1223 τοῦ,
2915 1179 2934 1210 ι
2956 1160 3012 1211 '0
3032 1162 3202 1231 Λόγος
3221 1158 3289 1234 ἦν
3313 1165 3448 1236 πρὸς
3471 1164 3566 1218 τὸν
3591 1164 3740 1238 Θεὸν,
3759 1181 3777 1216 ι

2192 1253 2315 1305 ὅσον
2363 1251 2457 1304 ἐπὶ
2493 1254 2613 1316 ταῖς
2657 1252 2996 1321 ἀποφάσεσιν
3038 1256 3192 1309 οὐδὲν
3229 1256 3295 1310 ἂν
3325 1258 3660 1324 κωλυθέντος
3690 1261 3784 1314 τοῦ

2192 1343 2387 1414 εἱρμοῢ
2417 1345 2553 1416 πρὸς
2585 1345 2646 1398 τὸ
2674 1344 2794 1399 καθ’
2821 1347 2953 1400 αὐτὸ
2987 1347 3113 1402 ἰδεῖν
3137 1349 3367 1404 ἑκάστου
3392 1351 3503 1406 τῶν
3534 1337 3779 1424 ἀξιωμά-

2189 1453 2298 1490 των
2327 1435 2424 1509 τὴν
2468 1436 2695 1509 δύναμιν
2718 1455 2731 1468 ·
2764 1437 2823 1490 ἓν
2857 1438 2967 1510 γὰρ
3007 1440 3224 1512 ἀξίωμα
3251 1443 3334 1508 τὸ,
3356 1461 3375 1495 ι
3399 1444 3485 1499 Ἐν
3526 1445 3670 1516 ἀρχῇ
3713 1441 3783 1515 ἦν

2189 1529 2218 1581 6
2248 1530 2440 1598 Λόγος,
2480 1550 2500 1583 ›
2531 1531 2623 1584 καὶ
2645 1531 2894 1605 δεύτερον
2938 1538 3022 1598 τὸ,
3058 1550 3078 1584 ι
3117 1533 3174 1588 Ὁ
3204 1535 3376 1604 Λόγος
3412 1531 3480 1607 ἦν
3525 1537 3662 1608 πρὸς
3694 1541 3784 1592 τὸν

2189 1620 2342 1687 Θεὸν,
2376 1642 2394 1674 ›
2427 1623 2520 1676 καὶ
2548 1623 2702 1696 ὲξῆςο
2739 1644 2757 1676 ι
2778 1625 2885 1681 Καὶ
2908 1625 3039 1691 Θεὸς
3070 1621 3140 1698 ἦν
3162 1627 3190 1679 6
3214 1627 3406 1696 Λόγος.
3453 1648 3470 1679 ι
3493 1628 3636 1682 Ἀλλ’
3663 1630 3783 1683 ἐπεὶ

2189 1713 2330 1785 τάχα
2361 1715 2517 1781 τάξιν
2544 1717 2668 1770 τινὰ
2696 1716 2845 1789 δηλοῖ
2875 1719 2936 1771 τὸ
2971 1719 3189 1791 πρῶτον
3217 1719 3474 1790 τετάχθαι
3510 1720 3573 1774 τό
3598 1738 3611 1752 ·
3653 1740 3671 1772 ι
3694 1723 3781 1774 Ἐν

2190 1805 2330 1876 ἀρχῇ
2359 1799 2430 1878 ἦν
2473 1807 2502 1859 6
2542 1806 2748 1876 Λόγος,
2787 1828 2806 1860 ι
2841 1807 2984 1862 κατὰ
3024 1809 3086 1862 τὸ
3117 1808 3288 1874 οὕτως
3321 1810 3449 1880 ἑξῆς
3494 1811 3587 1864 τόο
3625 1830 3643 1862 ι
3673 1813 3781 1866 Καὶ

2189 1897 2219 1950 6
2247 1897 2420 1966 Λόγος
2455 1893 2522 1970 ἧν
2548 1899 2686 1972 πρὸς
2731 1899 2824 1954 τὸν
2871 1901 3039 1954 Θεόνο
3074 1921 3094 1953 'o
3127 1902 3221 1956 καὶ
3266 1903 3445 1974 τρίτον
3479 1903 3542 1955 τό
3567 1919 3580 1932 ·
3623 1923 3641 1954 ι
3676 1904 3783 1956 Καὶ

500 1995 715 2050 Sermo.
755 2013 774 2046 ι
808 1992 913 2048 Sed
951 1993 1208 2063 quoniam
1245 1993 1479 2045 fortasse
1515 1987 1761 2043 ordinem
1791 1985 2080 2058 quemdam

2193 1985 2318 2050 Θεὸς
2355 1982 2424 2058 ἦν
2456 1991 2485 2041 6
2512 1988 2718 2057 Λόγος,
2760 2007 2781 2041 ι
2810 1988 2897 2044 διὰ
2936 1989 3124 2055 τοῦτο,
3160 1991 3247 2044 ἵνα
3285 1992 3488 2064 δυνηθῇ
3533 1994 3644 2048 ἀπὸ
3687 1991 3782 2047 τοῦ

499 2085 762 2151 declarat,
799 2087 924 2154 quia
959 2085 1192 2155 positum
1223 2083 1298 2138 sit
1349 2081 1528 2152 primo
1560 2079 1676 2135 loco
1706 2079 1807 2135 hoc
1841 2093 2081 2148 pronun-

502 2181 714 2244 tiatum,
776 2197 794 2230 ι
833 2177 892 2232 In
923 2177 1192 2248 principio
1218 2184 1336 2229 erat
1371 2173 1461 2228 ille
1492 2171 1706 2238 Sermo,
1753 2189 1771 2223 ›
1807 2171 1959 2240 juxta
1997 2179 2078 2226 ta-

2187 2079 2327 2152 πρὸς
2345 2082 2436 2136 τὸν
2458 2081 2592 2137 Θεὸν
2617 2079 2756 2138 εἶναι
2784 2085 2812 2136 6
2831 2084 3004 2153 Λόγος
3032 2085 3286 2156 νοηθῆναι
3317 2086 3602 2156 γινόμενος
3628 2087 3781 2151 Θεὸς,

2187 2171 2402 2243 λέγεται
2426 2193 2439 2206 ο
2483 2194 2502 2227 ι
2539 2176 2649 2230 Kal.
2677 2177 2707 2229 6
2726 2176 2898 2245 Λόγος
2924 2172 2992 2248 ἦν
3023 2178 3157 2249 πρὸς
3187 2177 3276 2231 τὸν
3305 2178 3458 2244 Θεόν,
3492 2198 3510 2230 ι
3569 2179 3781 2243 ἔπειτα,

499 2273 604 2327 lem
655 2273 875 2338 seriem,
944 2289 962 2322 ι
1002 2270 1069 2324 Ει
1123 2267 1318 2324 Sermo
1370 2272 1490 2320 erat
1545 2264 1687 2334 apud
1748 2263 1935 2329 Deum,
1980 2280 2000 2315 ι
2036 2273 2080 2319 et

2205 2284 2222 2317 ι
2261 2267 2371 2320 Καὶ
2398 2267 2531 2331 Θεὸς
2562 2263 2630 2340 ἦν
2660 2271 2688 2323 6
2712 2269 2903 2338 Λόγος.
2936 2288 2956 2322 ι

501 2371 660 2422 ιειιίο
712 2366 852 2430 loco,
892 2384 909 2417 ι
942 2363 1008 2419 Ει
1042 2363 1180 2419 Deus
1206 2370 1326 2418 erat
1372 2360 1588 2424 Sermo,
1623 2377 1643 2412 ι
1679 2358 1888 2414 idcirco
1937 2356 2176 2412 dicitur:
2220 2377 2239 2412 ι
2276 2361 2344 2416 Ει
2385 2360 2476 2418 ille
2521 2361 2714 2418 Sermo
2762 2372 2881 2417 erat
2925 2361 3066 2433 apud
3108 2362 3299 2428 Deum,
3332 2379 3353 2415 ι
3385 2361 3581 2420 deinde
3615 2379 3629 2416 :
3664 2382 3682 2416 ι
3715 2363 3785 2419 Et

501 2464 643 2517 Deus
673 2469 788 2515 erat
818 2459 908 2513 ille
938 2457 1154 2523 Sermo,
1198 2476 1216 2509 ι
1253 2465 1309 2511 ιιι
1339 2455 1428 2511 ille
1470 2453 1666 2510 Sermo
1715 2449 1944 2523 intelligi
1980 2451 2150 2520 possit
2176 2467 2299 2510 esse
2323 2455 2489 2521 Deus,
2517 2455 2643 2526 quia
2672 2455 2742 2510 sit
2769 2455 2910 2524 apud
2942 2455 3130 2514 Deum.

569 2555 676 2626 50
703 2555 756 2608 2.
811 2552 1078 2607 Cteterum
1140 2565 1333 2620 magna
1363 2548 1746 2606 observatione
1797 2545 1925 2620 (non
1963 2558 2082 2601 tan-

2253 2547 2307 2602 2.
2338 2548 2489 2602 Πάνυ
2514 2547 2570 2601 δὲ
2606 2548 3143 2620 παρατετηρημένως
3166 2589 3181 2615 ,
3213 2549 3307 2603 καὶ
3336 2549 3435 2620 οὐχ
3469 2549 3548 2613 ὡς
3591 2549 3780 2622 Ἕλλη-
3806 2574 3808 2576 ·

496 2659 660 2723 quam
696 2657 799 2696 non
852 2642 1060 2697 callens
1109 2641 1451 2699 elaboratum
1507 2643 1822 2700 Grmcorum
1865 2643 2078 2700 dicendi

2193 2640 2338 2712 νικὴν
2366 2639 2747 2712 ἀκριϐολογίαν
2774 2638 2874 2692 οὐκ
2898 2639 3278 2710 ἐπιστάμενος,
3298 2642 3328 2694 6
3360 2640 3617 2712 Ἰωάννης
3640 2641 3779 2694 ὅπου

497 2734 688 2806 genus)
721 2733 847 2788 alibi
889 2734 1111 2804 quidem
1145 2733 1392 2790 articulis
1423 2752 1553 2793 usus
1572 2745 1656 2794 εει
1684 2736 1945 2802 Joannes,
1975 2735 2078 2790 ali-

495 2828 548 2882 bi
602 2841 729 2883 vero
785 2825 1046 2882 reticuit:
1078 2826 1129 2881 in
1165 2841 1301 2882 voce
1342 2842 1579 2896 namque
1620 2827 1894 2884 Sermonis
1945 2830 2080 2882 arti-

2186 2734 2286 2805 μὲν
2313 2736 2426 2798 τοῖς
2467 2732 2691 2805 ἄρθροις
2720 2733 3020 2804 ἐχρήσατο,
3047 2732 3182 2786 ὅπου
3224 2733 3280 2786 δὲ
3324 2733 3499 2788 ταῦτα
3536 2735 3780 2788 ἀπεσιώ-

2185 2846 2377 2900 πησεν,
2409 2829 2500 2882 ἐπὶ
2546 2829 2642 2900 μὲν
2683 2829 2777 2883 τοῦ
2813 2831 3008 2900 Λόγου
3040 2828 3352 2903 προστιθεὶς
3383 2828 3462 2894 τὸ,
3496 2832 3551 2897 ό,
3585 2830 3678 2883 ἐπὶ
3709 2830 3768 2883 δὲ

494 2917 673 2974 culum
701 2933 832 2992 cum
860 2917 1151 2983 addiderit,
1181 2917 1233 2971 in
1274 2916 1367 2971 Dei
1404 2917 1672 2974 voeabqu
1699 2917 1996 2988 aliquando
2023 2918 2076 2971 id

2193 2921 2285 2992 τῆς
2330 2924 2474 2988 Θεός
2523 2921 2892 2994 προσηγορίας
2957 2922 3093 2975 ὅπου
3141 2921 3239 2992 μὲν
3281 2920 3474 2986 τιθεὶς,
3522 2923 3662 2976 ὅπου
3710 2924 3770 2978 δὲ

493 3013 670 3082 ponit,
722 3011 1014 3081 aliquando
1044 3011 1369 3068 differentia:
1430 3011 1608 3081 gratia
1666 3012 1719 3067 id
1769 3027 1874 3066 non
1904 3011 2076 3081 ponit.

2193 3013 2423 3085 Βιαιρῶν.
2458 3013 2649 3085 Τίθησι
2683 3013 2782 3085 μὲν
2816 3015 2925 3086 γὰρ
2952 3014 3011 3067 τὸ
3039 3013 3259 3086 ἄρθρον,
3287 3015 3376 3067 ὅτε
3409 3015 3520 3086 (75)
3554 3017 3588 3088 ή
3623 3017 3774 3083 Θεός

496 3105 631 3159 Nam
659 3119 780 3160 cum
814 3104 907 3159 Dci
941 3104 1264 3158 vocabulum
1300 3104 1524 3172 ponitur
1574 3103 1639 3158 de
1675 3103 1914 3174 ingenito
1955 3104 2077 3158 uui-

2193 3106 2442 3176 ὸνομασία
2469 3106 2560 3159 ἐπὶ
2585 3106 2679 3160 τοῦ
2707 3108 2971 3179 άγενήτου
2996 3107 3253 3162 τάσσεται
3274 3109 3383 3162 τῶν
3403 3108 3544 3163 ὅλων
3567 3110 3769 3164 αἰτίου·

495 3209 778 3252 versorum
808 3202 1050 3260 auctore,
1097 3195 1390 3248 articulum
1421 3193 1592 3264 ponit,
1627 3193 1862 3249 reticens
1923 3193 2078 3257 illud,

2193 3198 2366 3267 σιωπᾷ
2393 3197 2450 3250 δὲ
2483 3197 2632 3261 αὐτὸ,
2663 3199 2751 3250 ὅτε
2785 3198 2812 3250 6
2842 3198 3016 3266 Λόγος
3042 3197 3174 3262 Θεός
3200 3200 3548 3270 ὀνομάζεται.
3590 3203 3680 3268 Ὠς
3711 3202 3771 3256 δὲ

498 3304 622 3343 cum
655 3286 743 3342 ille
771 3285 967 3340 Sermo
1005 3285 1149 3340 Deus
1178 3286 1514 3340 nominatur.
1551 3284 1792 3342 Proinde
1827 3286 1971 3355 vide,
2011 3303 2077 3344 ne

2193 3287 2428 3358 διαφέρει
2452 3289 2594 3343 κατὰ
2619 3288 2838 3354 τούτους
2859 3291 2985 3352 τοὺς
3013 3289 3211 3355 τόπους
3231 3295 3264 3345 ὁ
3287 3269 3452 3358 Θεός,
3478 3295 3575 3348 καὶ
3599 3297 3770 3362 Θεός,

498 3381 640 3437 forte
696 3387 756 3433 ut
808 3378 862 3432 in
893 3377 978 3432 his
1010 3375 1143 3432 locis
1171 3375 1354 3431 differt
1389 3378 1531 3432 Deus
1581 3391 1704 3431 cum
1739 3376 1997 3442 articulo,
2026 3387 2080 3433 et

2193 3379 2356 3442 οὕτως
2378 3380 2587 3453 μήποτε
2609 3381 2836 3454 διαφέρῃ
2856 3382 2888 3434 ὁ
2905 3383 3094 3452 Λόγος
3114 3385 3208 3437 καὶ
3226 3385 3433 3454 Λόγος.
3449 3388 3546 3439 Ὃν
3568 3387 3774 3460 τρόπον

494 3476 640 3531 Deus
674 3473 792 3528 sine
825 3471 1078 3534 articulo,
1109 3470 1190 3525 sic
1248 3469 1463 3525 dilferat
1494 3469 1656 3524 etiam
1695 3471 1723 3524 6
1778 3469 1971 3538 Λόγος,
2001 3469 2079 3543 [id

2193 3471 2294 3542 γὰρ
2315 3472 2342 3523 ό
2362 3471 2452 3524 ἐπὶ
2475 3470 2586 3541 (76)
2609 3472 2742 3526 πᾶσι
2765 3471 2897 3536 Θεὸς
2911 3476 2942 3528 ό
2963 3476 3126 3542 Θεός,
3147 3475 3240 3528 καὶ
3262 3477 3359 3547 οὐχ
3385 3476 3578 3541 ἁπλῶς
3599 3479 3771 3544 Θεός,

495 3578 581 3622 εει
634 3565 722 3620 ille
777 3565 992 3627 Sermo,
1046 3561 1125 3616 vel
1162 3561 1251 3616 illa
1287 3559 1480 3632 ratio,]
1528 3577 1651 3617 cum
1711 3560 1965 3628 articulo,
2024 3572 2080 3618 et

2193 3559 2357 3626 οὕτως
2387 3563 2419 3631 ἡ
2452 3560 2601 3633 πηγὴ
2639 3563 2734 3616 τοῦ
2764 3562 2822 3616 ἐν
2857 3563 3070 3635 ἑκάστῳ
3106 3565 3216 3620 τῶν
3254 3565 3491 3635 λογικῶν
3523 3568 3707 3637 λόγου,
3739 3571 3774 3622 ό

492 3661 686 3729 Λόγος,
725 3657 804 3730 [id
843 3666 924 3712 est
955 3655 1169 3719 Sermo,
1198 3655 1313 3710 sive
1349 3654 1538 3726 ratio,]
1573 3655 1689 3710 sine
1713 3653 1969 3709 articulo.
2009 3654 2080 3711 Ut

2193 3650 2395 3720 Λόγος,
2435 3650 2528 3705 τοῦ
2564 3654 2621 3706 ὲν
2652 3651 2868 3723 ἑκάστῳ
2893 3653 3050 3724 λόγου
3081 3655 3182 3709 οὐκ
3219 3657 3286 3710 ἂν
3325 3659 3535 3728 κυρίως
3566 3659 3775 3730 ὁμοίως

491 3753 636 3809 enim
671 3753 810 3806 Deus
863 3750 973 3816 ille,
1002 3750 1092 3819 qui
1121 3757 1207 3804 est
1238 3749 1290 3803 in
1353 3747 1627 3813 omnibus,
1665 3747 1753 3802 ille
1795 3746 1940 3802 Deus
1962 3757 2070 3815 est,

2193 3741 2264 3813 τῷ
2285 3741 2485 3814 πρώτῳ
2512 3742 2905 3816 ὀνομασθέντος
2925 3747 3018 3800 καὶ
3045 3747 3343 3817 λεχθέντος,
3370 3752 3403 3803 ό
3421 3751 3633 3820 Λόγος.
3660 3754 3775 3806 Καὶ

495 3841 643 3914 [cum
671 3841 952 3914 articulo,]
979 3851 1161 3897 etnon
1179 3841 1502 3910 simpliciter
1520 3839 1679 3905 Deus,
1707 3839 1848 3912 [sine
1873 3841 2076 3896 articu-

2193 3837 2242 3890 τὸ
2267 3835 2497 3898 πολλοὺς
2520 3833 2798 3903 φιλοθέους
2831 3827 2970 3885 εἶναι
2997 3831 3322 3902 εὐχομένους
3348 3833 3648 3906 ταράσσον,
3679 3836 3777 3888 εὑ-

496 3931 596 4006 Io,]
634 3933 715 3989 sic
738 3933 858 3988 fons
885 3931 1116 3988 rationis
1142 3932 1284 4003 (quae
1312 3931 1607 4001 unicuique
1636 3933 1864 3987 rationis
1889 3934 2075 4004 capaci

2193 3927 2546 3998 ta6oupévouc
2570 3924 2662 3978 δύο
2699 3922 3063 3996 ἀναγορεῦσαι
3087 3921 3263 3988 θεοὺς,
3296 3924 3391 3977 καὶ
3421 3925 3577 3998 παρὰ
3615 3927 3814 3999 τοῦτο,

489 4025 832 4094 iuest),ratio
857 4023 947 4078 illa
983 4031 1086 4090 est,
1119 4022 1265 4095 [cum
1300 4022 1528 4077 articulo
1549 4020 1742 4092 ;]'cum
1762 4019 1959 4090 alioqui
1991 4036 2077 4076 ra-

2193 4021 2612 4089 περιπίπτοντας
2636 4017 2850 4086 ψευδέσι.
2898 4015 2992 4070 καὶ
3033 4015 3253 4071 ἀσεϐέσι
3297 4016 3565 4088 δόγμασιν
3589 4037 3603 4052 ·
3653 4022 3777 4093 ἦτοι

491 4120 591 4184 tio,
618 4133 740 4188 quae
765 4119 819 4172 in
851 4131 1178 4187 unoquoque
1234 4117 1398 4180 inest,
1430 4130 1538 4170 non
1573 4114 1803 4184 perinde
1831 4115 2072 4184 preprie,

2193 4111 2546 4186 ἀρνουμένους
2609 4109 2844 4180 ἰδιότητα
2870 4107 2981 4177 (77)
3037 4107 3169 4162 Υἱοῦ
3228 4107 3422 4180 ἑτέραν
3469 4111 3627 4182 παρὰ
3675 4111 3780 4185 τὴν

489 4219 652 4282 atque
681 4211 768 4266 illa
798 4209 941 4267 ratio
970 4211 1166 4280 prima,
1218 4207 1406 4281 [quant
1446 4209 1652 4263 fontem
1709 4207 1870 4277 hujus
1899 4197 2072 4278 dico,]

2193 4205 2272 4260 τοῦ
2313 4204 2560 4276 Πατρὸς,
2611 4201 3007 4274 ὁμολογοῦντας
3054 4199 3186 4256 Θεὸν
3248 4195 3386 4255 εἶναι
3449 4200 3545 4256 τὸν
3608 4202 3780 4276 μέχρι.

563 4325 676 4400 (‘75)
721 4326 928 4400 Τίθησι
974 4322 1090 4393 μὲν
1126 4324 1236 4400 γὰρ
1272 4322 1340 4377 τὸ
1391 4323 1634 4400 ἄρθρον,
1667 4321 1814 4400 ῤ’τε,Δ
1838 4331 1943 4400 etc.
1984 4322 2075 4376 Di-

2193 4319 2308 4400 fons
2353 4317 2650 4400 divinitatis
2676 4316 2876 4400 totius,
2908 4315 3032 4400 inde
3059 4330 3192 4400 eum_
3210 4314 3464 4400 ἀληθινὸν
3511 4316 3778 4400 easta“.

491 4385 714 4456 stinctio
766 4385 881 4449 haec
942 4385 1327 4449 nonnullorum
1377 4385 1632 4449 convicia
1669 4395 1721 4447 in
1773 4385 2069 4460 Origenem

2193 4390 2446 4459 pellavit;
2496 4388 2688 4460 reliqui
2741 4397 2921 4460 autem
2971 4385 3083 4440 θεοὶ
3129 4388 3195 4458 τῇ
3237 4385 3453 4460 ,μετοχῇ
3500 4388 3599 4460 τοῦ
3634 4385 3776 4444 Θεοῦ

492 4467 810 4525 concitavit.
848 4465 978 4536 Eam
1020 4465 1238 4534 quidem
1272 4465 1694 4536 Chrysostomus
1731 4458 1921 4536 homil.
1953 4463 2071 4536 Sin
2178 4458 2477 4536 γινόμενοι,
2521 4459 2692 4514 Filius
2728 4458 3008 4536 nimirum,
3055 4466 3111 4511 et
3158 4458 3248 4526 qui
3283 4459 3363 4536 dii_
3396 4459 3773 4536 appellantur.

489 4539 678 4602 Joan.,
714 4527 1056 4590 dissimulato
1096 4537 1337 4591 auctoris
1387 4527 1628 4600 nurnine,
1678 4535 1940 4604 explodit.
1975 4534 2072 4589 At-
2178 4527 2620 4604 Λιόίνίιιὶιειε-ιιι
2658 4527 2896 4604 a'Patre
2945 4542 3052 4604 ηοιι
3096 4542 3203 4581 uno
3240 4529 3405 4582 modo
3454 4531 3773 4604 recipiunt;

495 4596 798 4695 tendissent
835 4607 1108 4695 quomodo
1150 4607 1203 4660 in
1253 4596 1916 4695 sequentibns'lexp'licata
1949 4605 2065 4695 siti:
2104 4640 2148 4695 Β
2178 4602 2631 4695 ξρΙίιιεειιίιιιῃίιρ
2653 4600 2806 4695 ΡεΑιιε
2820 4607 2986 4695 gs}.
3227 4609 3285 4695 ut
3314 4596 3776 4695 ujiaheafletnque

491 4682 676 4741 Pater,
714 4667 920 4742 inquit,
951 4678 1095 4746 quod
1136 4692 1205 4732 ex
1241 4692 1299 4732 se
1331 4667 1478 4732 Deus
1509 4677 1599 4738 sit,
1632 4667 1737 4732 hoc
1770 4687 1876 4739 est,
1908 4675 2071 4730 αὐτό-
2104 4667 2148 4695 ν
2181 4674 2466 4746 divinitate
2513 4669 2678 4746 Pater
2724 4678 2783 4746 et
2817 4668 2987 4746 Filius
3023 4667 3538 4746 polleantareliqui
3576 4667 3765 4746 anteiit

491 4752 635 4812 θεος,
664 4737 707 4800 ’ὁ
739 4737 871 4810 Θεός
908 4737 1218 4817 appellatur
1251 4765 1265 4801 :
1307 4747 1498 4814 Filius,
1549 4737 1694 4817 quod
1731 4748 1802 4802 sit
1847 4737 1993 4802 Dens
2041 4762 2072 4800 a
2179 4744 2278 4817 dii,
2315 4744 2550 4817 diversa,
2586 4740 2783 4810 dispari
2829 4738 3186 4817 et.ina:quali
3222 4737 3510 4793 divinitate
3547 4739 3773 4817 praediti

490 4809 1130 4890 PatretDeusAdé'Deo,
1179 4828 1235 4873 ιιι
1264 4809 1520 4890 loquitur
1552 4809 1846 4874 concilium
1895 4817 2072 4874 Nicm-
2178 4812 2426 4890 sint._l_\ie
2461 4809 2791 4890 quemquam
2848 4809 3009 4890 igitur
3053 4818 3269 4890 moveat
3301 4823 3406 4890 vox
3451 4810 3770 4890 γινόμενοι,

491 4879 804 4954 ιιιιιιι,Θεός
833 4887 1094 4942 dicendus
1117 4879 1226 4946 est.
1261 4879 1522 4944 Ηυὲτιυε.
2177 4900 2300 4956 qua:
2337 4885 2404 4956 iis
2449 4879 2701 4940 omnibus
2737 4879 2996 4956 convenit
3047 4879 3138 4956 qui
3191 4879 3259 4932 ab
3297 4879 3404 4933 alio
3451 4879 3665 4956 habent
3714 4892 3774 4938 ut

565 4951 677 5034 (76)
705 4958 1091 5034 ἔον-,τρόπον
1121 4959 1232 5034 ⁸πὰρ
1260 4961 1442 5034 ό-ἐπί,
1486 4969 1590 5034 etc.
1632 4959 1912 5034 Sententia
1955 4959 2072 5014 haec

2193 4951 2307 5034 iiut,
2335 4955 2450 5010 sive
2475 4969 2574 5024 per
2602 4953 3038 5034 generationem,
3065 4951 3180 5034 sive
3204 4961 3302 5034 per
3329 4951 3770 5034 processionem.

494 5018 585 5087 est‘
619 5018 1243 5102 totiusdisputationis':
1293 5018 1760 5102 Quemadmodum
1799 5046 1828 5084 a
1881 5030 2068 5096 Patre,

2193 5018 2422 5102 tive’pe‘r
2465 5018 2821 5088 creationem,
2869 5032 2928 5077 ut
2961 5022 3121 5102 paulo
3163 5018 3306 5102 infra
3357 5019 3775 5102 demonstrabi-

495 5102 587 5170 qui
624 5109 709 5154 est
754 5090 1032 5165 αὐτόθεος,
1068 5103 1233 5156 habet
1263 5090 1432 5158 Filius
1463 5110 1524 5157 ut
1567 5100 1639 5156 sit
1683 5101 1848 5164 Deus,
1884 5108 1938 5154 et
1965 5090 2072 5154 cae;
2174 5090 2338 5151 musf
2375 5094 2780 5170 Nonnunquam
2839 5090 2978 5170 vero;
3019 5090 3360 5170 simpliciter,
3415 5107 3435 5140 ι
3464 5092 3770 5170 exsistere,

497 5161 599 5243 teri
650 5170 762 5243 _qui_
800 5171 875 5243 dii
917 5161 1279 5243 appellantur,
1335 5175 1462 5240 quia
1516 5161 1844 5243 principium
1880 5172 2069 5243 totius

2193 5181 2315 5243 :ss‘e,
2342 5186 2360 5243 ι
2403 5161 2693 5243 significat.
2740 5164 2918 5243 Atque
2947 5161 3078 5243 bare
3109 5161 3326 5243 quidem
3361 5162 3640 5243 posterior
3671 5179 3771 5216 no-

494 5229 798 5311 diviniiatis
832 5229 1135 5308 Pater-est;
1169 5241 1241 5295 ita
1269 5229 1302 5295 ιι
1332 5229 1493 5306 Filio,
1517 5229 1630 5311 'qui
1673 5229 1758 5296 est
1799 5243 1827 5294 6
1863 5229 2064 5309 Λόγος,

2193 5229 2312 5311 quo
2344 5229 2609 5311 huiéjpsi
2651 5235 2778 5311 loco
2815 5229 3027 5311 videtur
3057 5229 3365 5311 tribuenda.
3409 5229 3617 5311 Ilisjta
3660 5247 3772 5311 er-

493 5312 653 5378 ratio,
685 5319 740 5365 et
776 5309 896 5364 fons
927 5311 1090 5365 totius
1135 5313 1384 5379 rationis,
1417 5309 1616 5366 habent
1649 5311 1682 5366 ii
1729 5312 1821 5380 qui
1857 5313 2068 5366 ratione

496 5392 722 5438 utuntur
750 5391 812 5435 ut
844 5380 1214 5453 sint_rationis
1259 5384 1578 5453 participes.
1622 5381 1786 5453 Igitur
1835 5390 1895 5434 ut
1925 5381 2091 5453 divi--

494 5455 721 5507 nitatem
769 5466 922 5505 suam
973 5451 1110 5508 Filio
1152 5451 1520 5510 communicat
1554 5451 1734 5515 Pater,
1773 5451 1846 5505 ita
1898 5451 2065 5505 ratio-

2211 5308 2413 5373 licatis,
2466 5300 2629 5361 facile
2677 5304 2778 5359 viri
2832 5303 3112 5373 cujusdam
3167 5300 3536 5373 eruditissimi
3590 5305 3765 5373 refel-

2195 5389 2359 5432 untur
2389 5371 2825 5438 criminationes,
2856 5371 2948 5442 qui
2983 5387 3050 5427 ex
3084 5373 3188 5426 hoc
3223 5371 3345 5426 loco
3381 5372 3603 5428 violatae
3633 5372 3766 5428 Filii

2169 5449 2457 5519 dignitatis
2489 5462 2640 5502 reum
2669 5445 2960 5519 Origenem
2993 5443 3232 5519 peragit,
3270 5442 3401 5498 licet
3431 5443 3573 5499 alias
3615 5458 3771 5516 saepe

495 5538 618 5594 nem
671 5522 743 5594 iis
787 5522 878 5591 qui
916 5524 1141 5579 rationis
1193 5524 1488 5594 participes
1518 5531 1648 5594 sunt
1695 5513 2064 5594 communicat
2167 5513 2447 5574 in'eodem
2476 5513 2798 5588 argumento
2829 5514 3012 5583 lapsus
3045 5513 3136 5568 sit.
3171 5513 3248 5567 In.

490 5591 685 5647 Filius.
714 5589 878 5648 Pater
912 5589 1242 5662 principium
1275 5603 1358 5648 est
1383 5589 1682 5648 divinitatis
1715 5592 1861 5656 Filii,
1892 5589 2063 5646 Filius

2241 5610 2357 5682 (7'7)
2403 5612 2564 5665 Ἤτοι
2606 5605 3355 5682 ἀρφόυμένουςμιδιότητα,
3397 5615 3509 5660 etc.
3542 5607 3622 5662 Ea
3661 5606 3772 5662 fuit

492 5663 818 5748 principium
846 5674 922 5717 est
969 5664 1200 5718 rationis
1225 5663 1534 5748 eorum-qui
1549 5663 1805 5748 ‘rationis
1835 5676 2064 5748 capaces

2193 5663 3080 5748 io‘eti'haeresisdeirea'Origenis
3126 5663 3353 5748 aetatem
3383 5688 3575 5731 exorta
3600 5718 3616 5741 ,
3665 5692 3771 5733 nec

490 5731 635 5790 Sunt.
667 5731 844 5802 Atque
875 5748 940 5786 eo
981 5747 1143 5787 sensu
1179 5742 1238 5786 ut
1268 5747 1326 5786 se
1358 5733 1521 5786 habet
1549 5731 1712 5787 Pater
1740 5733 1808 5785 ad
1841 5732 2058 5792 Filium,

489 5805 563 5859 ita
609 5804 783 5859 Filius
827 5803 893 5856 ad
929 5816 991 5856 ea
1033 5817 1155 5870 qua:
1189 5802 1399 5856 ratione
1440 5804 1662 5871 pollent.
1712 5803 2060 5871 Comparatio

2168 5753 2340 5807 multo
2372 5761 2494 5820 post
2519 5767 2547 5804 a
2579 5751 2822 5807 Sabellio
2847 5745 3200 5820 amplificata.
3242 5745 3382 5801 Male
3408 5757 3592 5820 autem
3629 5749 3769 5804 ἰδιό-

2162 5841 2302 5895 τητα
2329 5817 2508 5895 Avertit
2531 5820 2819 5878 Ferrarius
2851 5818 3264 5889 proprietatem,
3295 5817 3440 5889 quod
3473 5833 3770 5889 personam

487 5874 798 5966 arabas
827 5880 1256 5966 eitzj‘l‘li‘ﬁfi‘.
1296 5872 1827 5966 "_'_‘.E‘3”E‘iii‘..?£.i'l
1875 5870 2061 5966 1'19"?
2165 5870 2212 5949 ἑί
2218 5870 2308 5966 ἔπῆ
2317 5870 2425 5948 αὀἶ
2427 5870 2474 5946 ιῖ
2486 5870 2570 5945 15-

481 5939 822 6001 ἐιιῖιιύἰεειιε.
877 5939 1040 5997 Pater
1069 5939 1280 6011 autem,
1326 5939 1452 6014 quia
1508 5943 1829 6011 principium
1876 5950 1960 5997 est
2004 5951 2058 5996 et
