3922 6532
171 437 276 491 109-

1327 446 1686 502 COMMENT.
1731 450 1800 503 1N
1839 447 2033 505 JOAN.
2078 446 2316 506 TOMUS
2357 450 2423 508 ll.

3390 458 3496 514 llo

163 554 416 623 ὀνόματος
477 555 630 625 παρ’
701 556 906 623 αὐτοῖς
971 561 1092 614 Υἱὸν
1149 562 1712 634 προσαγορευόμενον’

1916 564 2228 618 nominetur
2255 565 2582 637 dicaturque
2607 567 2698 625 illa
2728 571 2890 640 ratio,
2922 571 3068 645 [cum
3109 577 3391 654 articulo.]
3428 587 3494 642 Ει

163 643 539 715 ἀρνουμένους
586 648 704 718 τὴν
754 648 996 722 θεότητα
1039 651 1170 724 (73)
1214 652 1310 706 τοῦ
1355 653 1521 716 Υἰοῦ,
1562 653 1809 719 τιθέντας

161 737 213 790 δὲ
237 735 405 789 αὑτοῦ
437 737 550 809 τὴν
593 739 866 814 ἰδιότητα
899 746 994 798 καὶ
1017 745 1114 817 τὴν
1142 745 1329 799 οὐσίαν
1367 746 1508 800 κατὰ
1537 764 1805 820 περιγρα-

163 828 262 899 φὴν
287 829 703 899 τυγχάνουσαν
742 835 946 907 ἑτέραν
973 835 1066 888 τοῦ
1112 835 1325 908 Πατρὸς
1349 877 1362 901 ,
1391 836 1637 891 ἐντεῦθεν
1681 835 1804 892 λύεὲ

163 921 280 974 σθαι
305 919 577 976 δύναται.
612 925 877 980 Λεκτέον
907 927 1017 1000 γὰρ
1050 928 1260 992 αὐτοῖς,
1296 927 1377 981 ὅτι
1416 927 1536 980 τότε
1571 928 1668 1000 μὲν
1709 931 1806 983 αὑ-

161 1014 340 1079 τόθεος
370 1017 404 1069 6
433 1015 586 1080 Θεός
625 1021 759 1072 ἐστι
784 1061 801 1085 ,
838 1020 1032 1093 διόπερ
1055 1021 1148 1074 καὶ
1172 1022 1201 1073 6
1231 1023 1424 1093 Σωτήρ
1460 1040 1622 1093 φησιν
1651 1025 1711 1076 ὲν
1737 1026 1804 1095 τῇ

161 1110 290 1180 πρὸς
313 1109 414 1162 τὸν
445 1111 698 1184 Πατέρα
723 1113 869 1184 εὐχῇ
891 1129 908 1144 ο
939 1131 957 1165 t
979 1115 1098 1168 ’Ὶνα
1112 1112 1424 1183 γινώσκωσι
1447 1131 1504 1167 σε
1526 1115 1616 1168 τὸν
1645 1115 1804 1186 μόνον

158 1201 419 1272 ἀληθινὸν
450 1203 602 1258 Θεόν
629 1222 645 1235 θ
681 1225 703 1258 ι
744 1208 862 1260 πᾶν
887 1207 945 1260 δὲ
977 1207 1036 1260 τὸ
1064 1208 1212 1280 παρὰ
1233 1208 1295 1262 τὸ
1319 1208 1572 1274 αὐτόθεος
1603 1212 1802 1280 μετοχῇ

158 1295 250 1365 τῆς
275 1295 501 1349 ἐκείνου
541 1296 826 1370 θεότητος
860 1299 1275 1370 θεοποιούμενον
1301 1300 1399 1372 οὐχ
1429 1303 1456 1354 6
1481 1300 1633 1365 Θεὸς,
1668 1299 1803 1354 ἀλλὰ

159 1388 283 1453 Θεὸς
325 1389 704 1463 κυριώτερον
748 1391 820 1446 ἂν
857 1393 1067 1463 λέγοιτο
1094 1392 1228 1464 (79),
1332 1394 1550 1457 πάντως
1582 1396 1610 1447 ό
1640 1394 1797 1464 Πρω-

157 1481 373 1546 τότοκος
411 1483 618 1554 πάσης
681 1486 968 1549 κτίσεως,
1011 1487 1103 1540 ἆτε
1152 1486 1368 1557 πρῶτος
1409 1486 1487 1557 τῷ
1529 1486 1665 1560 πρὸς
1713 1488 1804 1540 τὸν

153 1573 279 1629 Θεὸν
303 1570 484 1641 εἶναι,
510 1577 756 1643 σπάσας
781 1580 888 1650 τῆς
914 1577 1165 1650 θεότητος
1197 1581 1275 1644 εἰς
1310 1580 1521 1645 ἑαυτὸν,
1553 1580 1668 1634 ἔστι
1693 1581 1801 1651 (80)

155 1668 496 1742 τιμιώτερος
521 1673 652 1735 τοῖς
684 1671 912 1736 λοιποῖς
945 1675 1072 1745 παρ’
1097 1672 1258 1726 αὑτὸν
1282 1673 1444 1738 θεοῖς.
1488 1665 1564 1726 ὧν
1607 1675 1634 1727 6
1671 1674 1804 1738 Θεὸς

153 1761 279 1827 Θεός
323 1765 456 1817 ἐστι
480 1803 497 1828 ,
530 1764 694 1818 κατὰ
743 1765 812 1818 τὸ
861 1765 1172 1837 λεγόμενον,
1222 1785 1240 1818 ι
1277 1767 1410 1831 Θεὸς
1437 1767 1572 1821 θεῶν
1599 1767 1802 1839 Κύριος

154 1855 402 1926 ὲλάλησε,
434 1857 543 1910 καὶ
574 1857 836 1910 ἐκάλεσε
861 1857 961 1929 τὴν
993 1858 1116 1928 γῆν,
1152 1878 1169 1910 ι
1197 1859 1522 1931 διακονήσας
1554 1859 1614 1912 τὸ
1646 1860 1797 1928 γενέ-

154 1947 269 2001 σθαι
293 1948 472 2018 Θεοῖς,
509 1949 636 2002 ἀπὸ
662 1948 771 2003 τοῦ
800 1949 941 2003 Θεοῦ
967 1949 1176 2022 ἀρύσας
1213 1952 1294 2015 εἰς
1325 1951 1387 2005 τὸ
1414 1951 1798 2023 θεοποιηθῆναι

1919 656 2049 746 hinc
2077 656 2210 710 solvi
2241 666 2416 728 potest
2456 660 2606 729 illud,
2653 665 2798 733 quod
2829 669 3112 734 perturbat
3142 672 3338 728 multos
3371 693 3492 746 pro-

1913 745 2130 801 ﬁtentes
2161 763 2220 803 se
2253 749 2345 806 Dei
2373 763 2620 809 amantes
2653 770 2795 820 esse,
2824 771 2890 812 ac
2917 770 3169 816 verentes
3198 765 3330 822 duos
3358 745 3489 837 pra:-

1910 837 2097 894 dicare
2126 839 2297 908 Deos,
2333 854 2388 898 et
2421 855 2642 917 propter
2679 850 2782 904 hoc
2815 848 2869 905 in
2915 852 3046 908 falsa
3076 864 3131 910 et
3167 856 3331 927 impia
3385 863 3484 915 do-

1907 929 2446 1003 gmataincidentes;
2508 937 2590 992 vel
2625 952 2882 1010 negantes
2923 945 3312 1014 proprietatem
3372 949 3491 1005 Filii

1909 1035 2031 1076 esse
2062 1021 2222 1078 aliam
2255 1040 2284 1078 a
2318 1025 2497 1083 Patris
2539 1031 2906 1102 proprietate;
2964 1037 3288 1096 confitentes
3324 1040 3490 1096 Deum

1907 1129 2028 1170 esse
2069 1131 2193 1170 cum
2250 1121 2475 1176 nomine
2521 1132 2748 1189 tantum,
2796 1127 2888 1196 qui
2943 1132 3084 1200 apud
3139 1132 3285 1202 ipsos
3325 1135 3494 1193 Filius

1907 1206 2246 1276 appellatur;
2294 1211 2379 1266 vel
2417 1227 2677 1286 negantes
2727 1216 2850 1274 Filii
2901 1219 3269 1293 divinitatem,
3311 1239 3365 1282 et
3397 1243 3488 1297 p0-

1908 1311 2102 1357 nentes
2138 1303 2306 1374 ipsius
2366 1310 2755 1378 preprictatcm
2803 1321 2858 1366 ct
2904 1316 3198 1370 essentiam
3241 1333 3338 1386 per
3381 1320 3486 1375 ciro

1907 1394 2386 1464 cumscriptionem
2430 1398 2699 1452 exsistere
2725 1399 2886 1455 aliam
2919 1416 2950 1456 a
2978 1402 3159 1457 Patre.
3191 1404 3484 1461 Dicendum

1905 1486 2050 1539 cnim
2083 1496 2166 1542 est
2200 1488 2328 1555 illis,
2355 1490 2499 1559 quod
2532 1490 2785 1556 αὐτόθεος
2819 1493 3059 1562 quidem,
3106 1495 3230 1568 [hoc
3253 1507 3358 1565 est,
3386 1514 3482 1569 per

1904 1592 1962 1632 se
1993 1577 2180 1652 Deus,]
2200 1580 2356 1643 Deus
2380 1581 2468 1638 ille
2494 1591 2573 1638 est
2613 1582 2760 1655 [cum
2789 1584 3068 1658 articulo,]
3095 1599 3317 1658 propter
3337 1591 3482 1658 quod

1903 1682 1956 1725 et
1992 1670 2256 1728 Servatur
2297 1674 2349 1728 in
2380 1679 2692 1744 precatione
2730 1678 2796 1732 ad
2835 1676 3054 1734 Patrem
3096 1681 3272 1750 inquit
3311 1699 3326 1737 :
3357 1701 3377 1735 ι
3415 1682 3480 1739 Ut

1903 1776 2200 1835 agnoscant
2233 1777 2284 1822 te
2317 1766 2466 1822 illum
2510 1768 2683 1823 solum
2721 1785 2908 1825 verum
2955 1769 3120 1825 Deum
3159 1772 3237 1840 ⁷⁵,
3269 1792 3287 1826 ι
3327 1776 3479 1845 quid-

1903 1859 2034 1928 quid
2075 1874 2207 1915 vero
2254 1869 2337 1916 est
2380 1871 2579 1931 praeter
2631 1862 2794 1926 hunc,
2841 1863 2934 1932 qui
2977 1862 3230 1930 αὐτόθεος
3262 1868 3488 1923 dicitur.

1904 1951 2031 2023 [hoc
2051 1961 2158 2020 est,
2186 1969 2281 2023 per
2303 1969 2361 2009 se
2386 1953 2572 2028 Deus,]
2594 1956 3007 2027 participatione
3027 1969 3082 2013 et
3103 1961 3484 2020 communione

151 2043 344 2105 αὐτοὺς
373 2044 662 2111 ἀφθόνως
690 2082 709 2107 ,
743 2043 1027 2106 κάκείνοις
1067 2043 1211 2098 κατὰ
1239 2044 1340 2114 τὴν
1371 2043 1535 2098 αὑτοῦ
1562 2048 1757 2116 χρηστέ

1907 2047 2370 2103 divinitatisillius
2396 2027 2732 2117 deiﬁcatum,
2771 2067 2878 2106 non
2925 2051 3017 2108 ille
3049 2053 3360 2129 Detls,[cum
3395 2072 3484 2110 ar-

149 2151 279 2205 τητα
329 2134 706 2206 μεταδιδούς.
761 2134 1043 2206 Ἀληθινὸς
1081 2131 1174 2189 οὖν
1213 2134 1345 2200 Θεὸς
1395 2137 1423 2188 ό
1453 2135 1584 2200 Θεός
1607 2153 1620 2166 ο
1654 2139 1702 2189 οἰ
1739 2138 1797 2191 δὲ

151 2234 261 2286 κατ’
304 2234 530 2286 ἐκεῖνον
571 2231 972 2305 μορφούμενοι
997 2231 1128 2294 θεοὶ,
1170 2231 1245 2294 ὡς
1273 2231 1478 2295 εἰκόνες
1519 2232 1797 2303 πρωτοτό-

150 2343 268 2380 που.
310 2326 485 2380 Ἀλλὰ
521 2326 712 2380 πάλιν
741 2325 860 2379 τῶν
889 2323 1149 2379 πλειόνων
1171 2323 1394 2378 εἰκόνων
1425 2325 1458 2396 ἡ
1487 2325 1795 2396 ἀρχέτυπος

148 2422 306 2474 εἰκὼν
336 2420 367 2473 6
389 2421 544 2492 πρὸς
582 2419 692 2473 τὸν
730 2418 872 2472 Θεόν
898 2420 1014 2472 ἐστι
1047 2418 1242 2487 Λόγος,
1267 2418 1326 2482 ὃς
1352 2419 1410 2471 ὲν
1441 2420 1582 2490 ἀρχῇ
1614 2414 1682 2490 ἦν
1716 2418 1794 2490 τῷ

147 2512 278 2569 εἶναι
307 2515 454 2588 πρὸς
479 2515 586 2569 τὸν
619 2513 771 2566 Θεὸν
805 2514 895 2566 ἀεὶ
932 2513 1108 2583 μένων
1135 2512 1268 2576 Θεὸς
1287 2551 1302 2576 ,
1336 2512 1445 2583 οὐκ.
1476 2513 1540 2566 ἂν
1577 2512 1622 2566 δ’
1661 2514 1793 2566 αὐτὸ

146 2609 418 2681 ἐσχηκὼς,
443 2613 498 2663 εἰ
537 2608 628 2681 μὴ
668 2606 822 2679 πρὸς
845 2606 939 2660 τὸν
961 2605 1093 2660 Θεὸν
1114 2601 1205 2678 ἦν,
1232 2606 1326 2661 καὶ
1354 2607 1454 2660 οὐκ
1482 2605 1548 2660 ἂν
1603 2606 1791 2678 μείνας

146 2701 290 2767 Θεὸς,
327 2704 379 2756 εἰ
415 2703 499 2773 μὴ
537 2702 877 2773 παρέμεινε
904 2701 970 2770 τῇ
999 2697 1323 2770 ἀδιαλείπτῳ
1353 2699 1450 2772 θέᾳ
1472 2697 1566 2753 τοῦ
1594 2715 1791 2772 πατρι-

146 2795 236 2850 κοῦ
269 2796 501 2866 βάθους.

1908 2136 2216 2210 ticulu],sed
2241 2139 2538 2211 Dens[sine
2567 2142 2821 2216 articulo]
2855 2146 3026 2216 magis
3055 2147 3274 2217 prOprie
3297 2148 3478 2203 dicen-

1903 2235 2029 2290 dum
2055 2249 2201 2299 esse,
2230 2251 2341 2305 quo
2377 2236 2594 2292 nomine
2623 2238 2846 2294 omnino
2871 2241 3263 2311 primogenitus
3305 2247 3488 2303 onmis

1899 2339 2184 2393 creaturaa,
2230 2329 2430 2400 quippe
2461 2330 2551 2400 qui
2601 2345 2723 2386 cum
2759 2333 2967 2402 primus
3009 2335 3082 2390 sit
3105 2337 3243 2405 apud
3275 2337 3478 2407 ipsum.

1899 2421 2182 2475 attrahens
2213 2420 2552 2476 divinitatem
2576 2422 2644 2476 ad
2675 2424 2935 2493 seipsum,
2967 2425 3343 2481 honorabilior
3372 2426 3474 2499 51

1897 2522 1983 2567 est
2007 2513 2238 2582 reliquis
2263 2513 2387 2578 diis,
2415 2513 2510 2584 qui
2537 2525 2666 2570 sunt
2686 2525 2883 2586 praeter
2909 2517 3112 2587 ipsum,
3140 2535 3371 2590 quorum
3394 2521 3485 2574 ill:

1900 2606 2060 2672 Deus,
2090 2607 2236 2662 Deus
2260 2616 2364 2675 est,
2387 2608 2542 2676 juxta
2575 2607 2626 2664 id
2653 2610 2796 2679 quod
2817 2610 3023 2666 dicitur
3046 2613 3117 2677 ",
3168 2632 3188 2665 ι
3223 2613 3314 2668 Ille
3342 2614 3488 2670 Deus

1899 2699 2123 2754 deorum
2148 2695 2411 2755 Dominus
2448 2698 2659 2757 locutus
2693 2710 2794 2770 est,
2832 2712 2888 2758 et
2938 2706 3155 2761 vocavit
3197 2715 3422 2772 terram,
3458 2727 3477 2758 ι

1900 2792 2038 2848 dans
2070 2806 2192 2848 esse
2225 2793 2350 2860 diis,
2397 2809 2427 2848 a
2473 2793 2586 2849 Deo
2636 2795 2898 2851 hauriens
2949 2797 3291 2855 abundanter
3340 2801 3486 2855 unde

148 2890 289 2958 ipsos
332 2887 556 2943 eﬂiciat
601 2887 755 2942 deos
795 2893 851 2940 et
889 2884 1032 2940 unde
1077 2884 1183 2941 illis
1215 2885 1368 2957 juxta
1409 2900 1564 2941 suam
1609 2885 1774 2956 ipsius
1829 2884 2124 2940 bonitatem
2164 2886 2491 2956 suppeditet.
2520 2885 2690 2943 Verus
2739 2889 2902 2958 igitur
2922 2891 3067 2947 Deus
3087 2903 3170 2947 est
3192 2892 3282 2948 ille
3316 2894 3458 2949 Deus

147 2978 287 3053 [runt
318 2981 581 3036 articulo
615 2979 660 3052 :]
688 2979 790 3050 qui
830 2987 1011 3034 autem
1037 2979 1109 3035 dii
1142 2979 1499 3036 eﬂormantur
1522 2981 1589 3036 ad
1618 2979 1737 3051 ejus
1782 2979 2038 3044 formam,
2069 2978 2216 3036 velut
2264 2981 2528 3051 imagines
2553 2983 2800 3052 quaedam
2841 2995 2968 3040 sunt
3010 2986 3172 3055 primi
3209 2989 3456 3058 exempla

147 3076 237 3130 ris.
292 3075 408 3131 Sed
462 3089 692 3131 rursus
760 3075 1058 3131 multarum
1112 3076 1408 3148 imaginum
1471 3076 1767 3146 archetypa
1818 3074 1996 3144 imago
2036 3085 2121 3131 est
2166 3075 2256 3130 ille
2286 3075 2480 3144 Λόγος,
2533 3079 2622 3147 qui
2671 3086 2754 3133 est
2785 3079 2926 3149 apud
2974 3080 3142 3135 Deum
3186 3081 3241 3136 in
3273 3079 3470 3150 princi.

145 3173 229 3243 pio
255 3173 578 3236 exsistens,
620 3171 765 3242 quia
812 3170 886 3225 sit
930 3173 1070 3240 apud
1117 3171 1288 3227 Deum
1333 3185 1549 3241 semper
1599 3185 1826 3226 manens
1864 3170 2032 3235 Deus,
2066 3170 2490 3241 haudquaquam
2533 3172 2586 3227 id
2631 3172 2920 3230 habiturus
2963 3175 3090 3245 nisi,
3114 3175 3257 3245 apud
3310 3175 3476 3232 Deum

142 3277 304 3331 esset,
322 3276 379 3321 et
397 3265 872 3335 haudquaquam
898 3263 1037 3319 Dens
1059 3278 1365 3328 mansurus,
1389 3263 1494 3318 nisi
1528 3273 1792 3334 perpetuo
1824 3265 2214 3334 permansisset
2236 3265 2290 3320 in
2311 3265 2772 3334 contemplatione
2797 3276 3038 3338 paterna:
3065 3270 3478 3339 profunditatis.

205 3363 261 3416 5.
303 3361 454 3414 Ἀλλ’
493 3361 641 3415 ἐπεὶ
689 3360 854 3423 εἰκὸς
881 3357 992 3430 (81)
1021 3357 1352 3431 προσκόψειν
1383 3357 1536 3422 τινὰς
1562 3360 1675 3422 τοῖς
1707 3361 1756 3413 εἰ

1964 3361 2017 3416 5.
2053 3360 2161 3418 Sed
2203 3360 2462 3430 quoniam
2512 3359 2749 3418 fortasse
2791 3363 3085 3419 verisimile
3113 3376 3198 3420 est
3228 3365 3477 3422 futurum

144 3455 424 3526 ρημένοις,
462 3455 606 3516 ἑνὸς
647 3452 758 3524 μὲν
793 3449 1049 3522 ἀληθινοῦ
1079 3450 1214 3504 Θεοῦ
1243 3449 1339 3503 τοῦ
1368 3449 1584 3522 Πατρὸς
1612 3451 1792 3520 ἀπαγ.

141 3548 474 3619 γελλομὲνου
501 3588 519 3612 ,
553 3543 732 3616 παρὰ
767 3544 831 3596 δὲ
864 3543 956 3599 τὸν
981 3542 1233 3615 ἀληθινὸν
1260 3543 1395 3596 Θεὸν
1435 3542 1574 3596 θεῶν
1611 3542 1792 3597 πλειό-

144 3660 240 3696 νων
273 3646 341 3714 τῇ
396 3644 630 3714 μετοχῇ
672 3638 780 3691 τοῦ
819 3635 954 3689 Θεοῦ
985 3635 1318 3706 γινομένων,
1359 3633 1790 3707 εὐλαϐουμένους

139 3737 231 3809 τὴν
253 3736 350 3790 τοῦ
383 3737 592 3790 πᾶσαν
616 3731 818 3787 κτίσιν
841 3728 1199 3800 ὑπερέχοντος
1223 3726 1380 3793 δόξαν
1405 3726 1660 3794 ἐξισῶσαι
1676 3730 1790 3791 τοῖς

139 3829 342 3893 λοιποῖς
366 3829 481 3899 τῆς
513 3825 671 3887 Θεὸς
703 3820 1093 3894 προσηγορίας
1129 3820 1494 3891 τυγχάνουσι,
1541 3821 1680 3892 πρὸς
1720 3825 1786 3893 τῇ

138 3921 521 3994 ἁποδεδομένῃ
547 3915 819 3985 διαφορᾷ
839 3952 854 3977 ,
883 3911 1000 3966 καθ’
1041 3912 1460 3983 ἣννὲφάσκομεν
1505 3913 1637 3966 πᾶσι
1675 3916 1789 3975 τοῖς

138 4015 338 4076 λοιποῖς
388 4014 552 4076 Θεοῖς
609 4009 884 4064 διάκονον
936 4001 1074 4058 εἶναι
1106 4006 1208 4075 τῆς
1251 4004 1504 4073 θεότητος
1536 4004 1627 4057 τὸν
1654 4002 1787 4057 Θεὸν

139 4109 328 4177 Λόγον,
365 4109 473 4164 καί⁵
523 4103 761 4174 ταύτην
806 4101 1185 4174 παραστατέον
1209 4116 1223 4130 ·
1263 4101 1292 4152 ό
1334 4097 1444 4183 γὰρ
1485 4097 1544 4150 ὲν
1571 4097 1787 4168 ἑκάστῳ

140 4201 288 4269 λόγος
316 4200 436 4254 ait?
461 4195 735 4268 λογικῶν
765 4193 962 4247 τοῦτον
989 4192 1078 4246 τὸν
1120 4191 1275 4260 λόγον
1300 4190 1414 4261 ἔχει
1451 4189 1586 4260 πρὸς
1611 4189 1701 4245 τὸν
1727 4193 1785 4244 ὲν

138 4295 274 4366 ἀρχῇ
318 4294 492 4363 λόγον
528 4293 687 4363 πρὸς
729 4290 832 4342 τὸν
877 4287 1045 4354 Θεὸν,
1083 4289 1214 4340 ὅντα
1260 4285 1433 4354 Λόγον
1462 4285 1616 4350 Θεὸν,
1665 4285 1724 4338 ὃν
1757 4287 1786 4338 6

139 4390 263 4453 Θεὸς
308 4390 499 4459 Λόγος
552 4387 714 4459 πρὸς
751 4385 850 4437 τὸν
900 4383 1031 4438 Θεόν
1055 4400 1069 4414 ο
1117 4383 1193 4446 ὡς
1235 4381 1344 4453 γὰρ
1374 4379 1646 4444 αὐτόθεος,
1689 4383 1786 4434 καὶ

137 4484 387 4554 ἀληθινὸς
408 4483 565 4546 Θεὸς
593 4483 624 4533 6
663 4477 874 4549 Πατὴρ
901 4475 1035 4548 πρὸς
1062 4476 1246 4529 εἰκόνα
1264 4514 1279 4538 ,
1314 4477 1408 4529 καὶ
1437 4475 1651 4538 εἰκόνας
1687 4475 1783 4545 τῆς

137 4578 360 4641 εἰκόνος,
389 4577 480 4631 διὸ
513 4576 628 4630 καὶ
665 4573 802 4626 κατ’
834 4569 1020 4623 εἰκόνα
1045 4569 1292 4638 λέγονται
1318 4565 1458 4624 εἶναι
1493 4570 1542 4621 οἰ
1571 4567 1785 4638 ἄνθρω-

135 4687 254 4732 ποι,
297 4673 407 4724 οὐκ
460 4667 706 4729 εἰκόνες
731 4705 747 4729 ,
779 4662 958 4726 οὕτως
986 4662 1014 4714 6
1051 4662 1214 4726 αὐτὸς
1239 4662 1410 4730 Λόγος
1442 4660 1579 4732 πρὸς
1602 4660 1692 4713 τὸν
1722 4659 1781 4713 ἐν

1896 3464 1955 3508 ιιι
1975 3454 2128 3511 multi
2160 3453 2508 3511 oﬁ'endantur
2537 3455 2662 3526 quia
2693 3456 2996 3515 dixerimus
3031 3474 3196 3514 unum
3227 3475 3352 3517 esse
3384 3477 3476 3518 ve-

1895 3563 2015 3601 rum
2046 3547 2240 3613 Deum,
2269 3561 2465 3618 nempe
2509 3545 2750 3615 Patrem,
2775 3559 2830 3605 et
2856 3560 3056 3621 praeter
3081 3553 3250 3610 Deum
3285 3571 3478 3611 verum

1894 3640 2092 3694 multos
2131 3639 2307 3696 factos
2349 3642 2480 3696 deos
2527 3643 2950 3712 participatione
3019 3645 3114 3701 Dei
3158 3664 3172 3702 :
3225 3659 3479 3705 verentes

1895 3731 2122 3802 gloriam
2183 3732 2322 3802 ejus,
2387 3733 2479 3802 qui
2547 3748 2763 3788 omnem
2812 3745 3127 3792 creaturam
3187 3741 3478 3808 praecellit,

1892 3823 2095 3891 aequari
2131 3821 2352 3892 reliquis
2380 3823 2755 3879 obtinentibus
2782 3825 3204 3895 appellationem
3232 3829 3325 3884 Dei
3358 3830 3479 3885 sine

1893 3914 2145 3978 articulo,
2173 3923 2368 3983 praeter
2392 3916 2576 3969 datam
2598 3915 2984 3983 diﬂerentiam,
3003 3933 3102 3987 per
3116 3935 3278 3990 quam
3307 3921 3475 3977 Deum

1892 4009 2064 4077 Λόγον
2114 4007 2358 4063 diximus
2408 4007 2632 4078 reliquis
2678 4009 2932 4066 omnibus
3003 4011 3108 4067 diis
3162 4014 3474 4071 ministrum

1891 4117 2013 4158 esse
2037 4100 2280 4168 deitatis,
2314 4100 2478 4157 etiam
2510 4101 2625 4158 haec
2663 4101 2974 4160 dill‘erentia
3001 4113 3084 4160 est
3127 4107 3472 4176 apponenda-

1891 4195 1966 4250 Ea
1999 4195 2143 4251 enim
2169 4195 2310 4250 ratio
2340 4210 2462 4264 quae
2515 4195 2568 4250 in
2608 4195 2837 4267 singulis
2894 4199 3126 4255 rationis
3179 4201 3475 4269 capacibus

1891 4288 2058 4352 inest,
2090 4287 2338 4342 eamdem
2372 4288 2836 4358 comparationem
2894 4289 3063 4345 habet
3092 4290 3162 4346 ad
3201 4291 3349 4346 illam
3383 4307 3476 4345 ra-

1889 4381 2092 4436 tionem
2125 4395 2249 4450 quae
2299 4381 2354 4435 in
2401 4380 2673 4451 principio
2719 4383 2862 4452 apud
2897 4381 3066 4439 Deum
3112 4392 3219 4450 est,
3255 4394 3308 4438 et
3329 4384 3474 4440 Deus

1887 4484 1970 4529 est
1995 4473 2190 4543 Λόγος,
2231 4489 2392 4542 quam
2429 4473 2597 4529 habet
2642 4472 2786 4530 Dens
2810 4474 3002 4544 Λόγος,
3051 4476 3129 4548 [id
3160 4485 3245 4532 est
3285 4471 3470 4546 ratio].

1887 4565 2007 4618 sine
2036 4563 2272 4619 articulo
2291 4564 2358 4620 ad
2383 4565 2549 4619 Deum
2578 4563 2726 4617 illum
2755 4563 2902 4636 [cum
2929 4565 3209 4638 articulo.]
3233 4563 3300 4620 Ut
3319 4565 3472 4619 enim

1885 4656 2046 4712 Pater
2075 4657 2348 4724 αὐτόθεος,
2371 4655 2499 4729 [hoc
2525 4667 2746 4726 est,per
2769 4672 2827 4712 se
2842 4657 3074 4723 Deus,et
3095 4673 3257 4714 verus
3279 4654 3472 4727 Deus,]

135 4721 596 4832 ἑκάστω-λόγον.
647 4721 976 4827 ’Λιλφότερα
1018 4754 1124 4826 γὰρ
1359 4721 1470 4824 ἔχει
1490 4721 1689 4825 ’χώραν
1709 4768 1722 4780 ⁸
1756 4781 1757 4788 ι

1898 4767 1952 4807 se
1983 4751 2147 4806 habet
2192 4751 2259 4806 ad
2286 4721 2708 4819 imaginem,et
2756 4753 2826 4806 ad
2874 4721 3142 4822 imagines
3190 4750 3472 4820 imaginis.

136 4855 230 4926 μὲν
270 4856 480 4929 Πατὴρ
522 4853 848 4924 θεότητος,
880 4850 910 4902 ό
951 4847 1007 4901 δὲ
1043 4847 1168 4912 Υἱὸς
1194 4847 1388 4916 Λόγου.
1429 4847 1639 4917 Ὠσπερ
1689 4839 1783 4898 οῦν

135 4947 240 5002 θεοὶ
271 4949 510 5012 πολλοὶ,
547 4945 682 5001 ἀλλ’
733 4944 876 5013 ἡμῖν
919 4935 999 5004 εἷς
1034 4941 1167 5005 Θεὸς
1200 4942 1228 4994 ὁ
1256 4941 1468 5010 Πατὴρ,
1504 4939 1598 4992 καὶ
1649 4936 1782 4991 πολιν

135 5043 209 5096 λοὶ
246 5044 465 5117 κύριοι,
522 5041 659 5096 ἀλλ’
701 5038 848 5108 ἡμῖν
883 5029 964 5097 εἷς
1000 5033 1205 5105 Κύριος
1245 5032 1453 5104 Ἰησοῦς
1499 5032 1740 5104 Χριστὸς
1763 5071 1778 5094 ,

135 5135 298 5202 οὕτως
320 5135 530 5190 ποὶλοὶ
559 5132 758 5200 λόγοι,
788 5125 906 5180 ἀλλ’
935 5128 1064 5198 ἡμῖν
1087 5124 1358 5197 εὐχόμεθα
1385 5125 1534 5188 ὅπως
1563 5121 1780 5195 ὑπάρξῃ

199 5235 244 5267 ⁷⁸
280 5232 459 5290 Joan.
493 5227 742 5295 xvu,3.
832 5224 878 5256 ⁷⁸
929 5222 1071 5278 Psal.
1108 5240 1254 5288 ηις,
1295 5224 1344 5277 l.

200 5328 311 5396 ('18)
335 5327 412 5382 Ἢ
435 5318 924 5397 ἀρνουμένους..
938 5315 1052 5384 τὴν
1083 5315 1778 5397 θεότηταλοιοηριίεεξιιθε

135 5387 220 5452 lib:
249 5387 325 5454 vit
374 5401 436 5452 in
475 5387 704 5461 'Episi.
740 5390 816 5461 (id
884 5387 1134 5448 Romam.
1177 5402 1300 5461 cap.
1331 5388 1365 5442 9
1395 5404 1424 5461 :_
1448 5403 1466 5436 ι
1498 5387 1563 5441 Et
1610 5387 1778 5461 miror

136 5471 405 5535 quomodo
443 5455 710 5538 quidam
758 5458 1190 5538 legenteanuod
1228 5455 1368 5512 idem
1399 5457 1692 5538 Apostolus
1724 5455 1777 5538 in

136 5527 246 5593 aliis
294 5527 510 5594 dicit':
571 5532 751 5588 Unus
805 5529 950 5597 Deus
1003 5527 1168 5581 Pater
1220 5545 1285 5581 ea:
1320 5543 1423 5597 quo
1477 5527 1678 5597 omnia,
1729 5535 1777 5578 et

137 5627 260 5664 anu
310 5611 616 5665 Dominus
689 5599 861 5655 Iesus
917 5595 1158 5652 Christus
1206 5615 1297 5664 per
1333 5595 1501 5666 quem
1554 5595 1778 5660 Omnia,

139 5696 324 5750 negent
407 5680 648 5750 Filium
739 5669 842 5750 Dei
901 5669 1064 5750 Deum
1124 5671 1324 5750 i_l_ehere
1383 5668 1660 5736 proliteri,
1715 5682 1782 5720 ne

135 5739 259 5808 duos
293 5755 444 5808 Deos
489 5749 713 5803 dicere
746 5741 1090 5794 Vidcautur.)
1131 5739 1392 5795 Hunnus.

198 5807 314 5894 risi
341 5823 662 5894 Aéroero:
711 5813 812 5894 §ic
838 5811 1011 5894 codex
1041 5810 1404 5876 Bodleiauus;
1439 5808 1580 5863 male
1611 5807 1781 5862 codex

140 5877 664 5964 Ih-iihfyviizfoy'tb
704 5877 926 5964 ὧιθιῇ
978 5952 1010 5964 ,,
1051 5952 1062 5964 ,
1326 5952 1338 5964 .
1431 5949 1469 5964 η
1549 5950 1559 5960 .
1675 5945 1696 5962 ν

199 5949 536 6038 (turma.
567 5961 658 6016 tta
680 5949 869 6012 codex
882 5950 1411 6021 Bodleianus;codex
1429 5949 1652 6019 Regius,
1674 5949 1774 6000 ἔτι.

1891 4859 2057 4914 quam
2097 4843 2168 4899 ob
2192 4859 2412 4900 causam
2441 4844 2608 4899 etiam
2634 4843 2888 4899 dicuntur
2920 4844 3166 4898 homines
3205 4855 3310 4896 non
3345 4855 3472 4898 esse

1894 4937 2179 5007 imagines,
2211 4935 2302 4991 sed
2329 4935 2396 4989 ad
2420 4936 2734 5007 imaginem,
2779 4934 2859 4990 sic
2893 4935 3036 4988 hunc
3080 4933 3133 4988 in
3162 4932 3380 4988 modum
3408 4947 3475 5002 se,

1893 5032 2055 5087 habet
2077 5031 2219 5087 idem
2236 5029 2428 5099 Λόγος,
2454 5029 2581 5101 [hoc
2595 5037 2699 5094 est,
2725 5029 2836 5097 ipsa
2865 5025 3052 5098 ratio,]
3079 5027 3146 5082 ad
3177 5041 3323 5090 eam,
3348 5042 3472 5096 quas

1892 5131 1974 5178 est
1999 5121 2052 5176 in
2079 5122 2324 5194 singulis,
2356 5120 2646 5176 rationem.
2673 5117 2915 5188 Utraque
2941 5117 3088 5173 enim
3117 5118 3296 5174 locum
3323 5118 3470 5174 obti-

1960 5309 2071 5377 (8|)
2123 5306 2275 5361 Ἀλλ’
2306 5304 2434 5379 ἐπεὶ
2482 5305 2826 5379 εἰκός-,ηοω
2870 5300 3183 5379 {Imitandus
3226 5299 3277 5351 in
3323 5297 3483 5379 hunc.

1886 5368 2340 5451 loc‘uin__Dionys.
2390 5368 2641 5451 Petavius
2683 5373 2780 5451 lib.
2804 5389 2826 5451 _i
2879 5371 2957 5426 De
2992 5371 3210 5451 Triuia,
3239 5384 3368 5451 cap.
3395 5368 3429 5421 4
3451 5403 3468 5427 ,

1886 5470 1941 5508 ιι.
1972 5451 2027 5506 5.
2065 5448 2191 5503 Mihi
2236 5438 2418 5520 tamen
2450 5445 2502 5520 id
2538 5443 2703 5506 dolet,
2744 5445 2985 5513 iniquum
3021 5443 3157 5495 adeo
3190 5440 3241 5494 in
3276 5438 3483 5520 Origer

1889 5538 2010 5576 nem
2057 5535 2116 5575 se
2166 5519 2404 5588 gessisse
2452 5516 2636 5588 virum
2681 5529 2974 5583 magnum,
3022 5521 3082 5566 ut
3118 5525 3238 5577 qua:
3289 5516 3467 5562 minus

1889 5609 2020 5648 sana
2050 5593 2104 5644 in
2135 5584 2200 5642 eo
2239 5584 2762 5662 deprehenduntur,
2798 5598 3059 5662 germana
3097 5595 3238 5662 esse,
3289 5593 3467 5647 neque

1890 5666 1960 5720 ab
1990 5662 2205 5716 Arianis
2238 5653 2465 5719 inserta,
2499 5668 2688 5730 contra
2729 5653 2908 5730 tintini
2945 5653 3310 5730 testimonium
3349 5664 3466 5730 pero

1890 5732 2127 5790 tenderit
2163 5751 2172 5783 :
2204 5742 2325 5795 qua:
2371 5742 2500 5802 vero
2548 5726 2866 5780 orthodoxa:
2887 5734 3032 5802 Δειιιιι
3076 5721 3480 5802 lic_l.eil,mami‘ea

1891 5788 2052 5858 manu
2117 5788 2334 5870 adtexta
2406 5798 2572 5852 fuisse
2615 5806 2815 5870 contra
2875 5791 3157 5870 Athanasii
3204 5791 3334 5870 (lib.
3388 5788 3472 5870 De

1885 5877 2079 5928 decrel.
2141 5866 2379 5922 Nica'na:
2435 5867 2660 5936 synodi)
2707 5867 3086 5920 auctoritatem
3156 5861 3466 5917 crediderit.

1888 5946 2155 6002 ιίυετιυε.
2895 5974 2898 5978 ι
