3856 6534
159 465 236 522 “5
1223 456 1582 514 COMMENT.
1621 457 1684 512 IN

1789 456 1919 511 DAN.
1962 453 2202 511 TOMUS
2243 454 2306 508 11.

3268 457 3376 511 ιιι

157 579 312 653 χρυσὸν
358 577 453 632 καὶ⁵
511 579 789 651 ἄργυρον,
839 575 1034 650 τέχνης
1091 576 1539 652 ὲμμελετήματα.
1603 580 1684 632 Τε-

1805 578 2014 635 servias
2045 577 2147 641 eis,
2175 588 2297 644 quite
2335 574 2450 644 ipsa
2485 571 2760 629 distribuit
2793 572 2948 645 _Deus
2991 583 3114 630 tuus
3164 578 3378 634 cunctis

153 673 339 728 λευταὶοι
397 672 456 725 δέ
511 673 654 726 εἰσιν
711 673 760 726 οἱ
826 671 1139 744 λεγομένοις
1201 674 1300 743 μὲν
1366 673 1508 737 θεοῖς
1558 677 1693 731 ἀνα*

154 765 380 838 κείμενοι,
414 764 668 836 οὐδαμῶς
713 765 770 818 δὲ
813 759 934 819 οὖσι
1007 764 1170 830 Θεοῖς.
1215 764 1374 819 υὺτω
1419 765 1599 820 τοίνυν
1642 767 1690 819 oi.

154 862 230 931 μέν
251 875 376 922 τινες
409 858 730 930 μετέχουσιν
756 858 921 912 αὑτοῦ
950 857 1044 912 τοὺ
1077 859 1137 912 ὲν
1179 860 1323 932 ἀρχῇ
1355 859 1526 928 Λόγου
1546 901 1561 924 ,
1597 860 1692 914 καὶ

151 950 256 1020 πρὸς
273 948 351 1003 τὸν
378 948 512 1002 Θεὸν
542 951 739 1018 Λόγου,
772 951 866 1005 καὶ
884 949 1022 1004 Θεοῦ
1051 952 1226 1021 Λόγου
1247 993 1262 1017 ,
1284 952 1475 1026 ὥσπερ
1509 954 1688 1026 Ὠσηὲ,

153 1040 224 1092 καὶ
257 1039 490 1104 Ἡσαΐας,
522 1041 616 1096 καὶ
648 1042 944 1113 Ἱερεμίας,
985 1043 1080 1097 καὶ
1106 1043 1161 1096 εἴ
1193 1061 1278 1109 τις
1304 1046 1493 1118 ἕτερος
1519 1045 1693 1101 τοιοῦ-

150 1149 220 1185 rev
241 1132 409 1188 ἑαυτὸν
438 1134 816 1206 παρέστησεν,
845 1138 926 1200 ὡς
965 1135 1058 1190 τὸν
1092 1135 1248 1206 λόγον
1288 1139 1495 1210 Κυρίου
1529 1139 1563 1211 ἦ
1600 1139 1689 1194 τὸν

152 1225 274 1293 λόγον
298 1223 543 1292 γενέσθαι
573 1225 711 1297 πρὸς
742 1227 906 1280 αὐτόν
928 1243 942 1258 ·
969 1228 1148 1300 ἕτεροι
1190 1229 1249 1283 δὲ
1277 1231 1326 1283 οἱ
1359 1230 1525 1302 μηδὲν
1551 1231 1688 1287 ειδό-

150 1334 219 1380 τες
245 1316 285 1368 εἰ
315 1314 385 1386 μὴ
429 1314 638 1387 Ἰησοῦν
672 1318 906 1389 Χριστὸν
927 1361 942 1386 ,
979 1321 1074 1374 καὶ
1110 1321 1300 1375 τοῦτον
1339 1324 1690 1396 ἐσταυρωμέ-

151 1407 331 1470 νον,τδν
356 1408 649 1480 γενόμενον
684 1410 863 1482 σάρκα
899 1412 1094 1482 Λόγον,
1125 1413 1186 1468 τὸ
1221 1417 1330 1470 πᾶν
1369 1417 1690 1488 νομίσαντες

149 1497 258 1554 εἶναι
295 1499 379 1554 τοὺ
432 1502 632 1571 Λόγου,
660 1503 894 1574 Χριστὸν
929 1507 1070 1560 κατά
1119 1509 1298 1581 σάρκα
1335 1510 1496 1581 μόνον
1527 1509 1690 1580 γινώ-

154 1610 324 1646 σκουσι.
356 1593 609 1649 Τοιοῦτον
636 1596 694 1651 δέ
725 1600 842 1653 ἐστι
873 1599 935 1653 τὸ
956 1599 1156 1672 πλῆθος
1191 1602 1300 1655 τῶν
1339 1606 1690 1660 πεπιστευκέ-

152 1703 218 1738 ναι
240 1685 614 1758 νομιζομένων.
648 1690 758 1743 Καὶ
777 1689 954 1762 τρίτοι
985 1691 1165 1761 λόγοις
1190 1694 1479 1766 μετέχουσι
1506 1713 1558 1748 τι
1591 1695 1686 1750 τοῦ

147 1779 283 1845 Λόγου
323 1778 394 1842 ὡς
446 1779 623 1835 πάντα
665 1782 993 1855 ὑπερέχουσι
1017 1785 1197 1854 λόγον,
1247 1789 1684 1860 προσεσχήκασι.

144 1870 229 1923 Καὶ
250 1873 446 1943 μήποτε
477 1866 623 1927 οὗτοι
665 1876 802 1928 εἰσιν
849 1877 899 1930 οἱ
949 1878 1332 1950 μετερχόμενοι
1384 1879 1483 1944 τὰς
1538 1880 1688 1934 εὑδο-

145 1963 370 2032 κιμούσας
395 1968 492 2019 καὶ
517 1966 879 2039 διαφερούσας
904 1973 961 2026 ὲν
994 1971 1281 2044 φιλοσοφίᾳ
1326 1973 1455 2044 παρ’
1487 1972 1685 2046 Ἐλλη-

142 2070 207 2109 σιν
231 2055 473 2128 αἱρέσεις.
525 2058 786 2135 Τέταρτοι
817 2062 876 2116 δὲ
911 2064 1062 2136 παρὰ
1093 2063 1321 2128 τούτους
1365 2064 1476 2136 (85)
1503 2065 1553 2119 οἱ
1587 2083 1686 2120 πε-

143 2150 458 2215 πιστευκότες
486 2151 666 2220 λόγοις
688 2153 863 2227 πάντη
895 2154 1204 2226 διεφθορόσι
1225 2157 1319 2210 καὶ
1351 2156 1555 2223 ἀθέοις,
1587 2159 1686 2230 τὴν

141 2238 310 2311 ἐναργῆ
336 2243 426 2297 καὶ
460 2243 647 2314 σχεδὸν
675 2244 939 2318 αἰσθητὴν
964 2248 1228 2319 Πρόνοιαν
1251 2248 1557 2322 ἀναιροῦσι,
1592 2253 1686 2306 καὶ

140 2331 240 2384 ἄλλο
268 2349 313 2386 τι
337 2334 492 2398 τέλος
521 2335 672 2408 παρὰ
704 2337 766 2390 τὸ
801 2337 963 2392 καλὸν
998 2339 1438 2411 ἀποδεχομένοις.
1482 2343 1545 2396 El
1590 2346 1686 2398 acati.

138 2423 354 2497 ἐνγδξαμεν
394 2427 455 2480 δὲ
484 2429 985 2503 παρεκϐεϐηκέναι,
1026 2428 1180 2505 οἶμαι
1218 2433 1262 2486 δ’
1299 2435 1380 2489 ὅτι
1422 2453 1688 2508 παρακεις

143 2515 287 2583 μὲνως
327 2519 466 2591 ὑπὲρ
527 2519 621 2574 τοῦ
670 2521 857 2592 σαφῶς
905 2522 1033 2578 [δεῖν
1083 2523 1327 2598 τέσσαρα
1385 2527 1689 2599 πράγματα

139 2609 252 2661 κατὰ
267 2609 320 2663 τὸ
335 2610 468 2676 Θεὸς
487 2612 680 2685 ὄνομα,
703 2616 796 2668 καὶ
818 2614 1056 2688 τέσσαρα
1075 2615 1217 2671 κατὰ
1233 2617 1294 2671 τὸ
1313 2618 1506 2686 Λόγος,
1528 2618 1686 2674 τοῦτο

137 2704 472 2776 πεποιήκαμεν
491 2723 506 2736 σ
531 2702 600 2779 ἦν
620 2707 726 2780 γὰρ
747 2707 917 2773 όΘεὺς
938 2709 1033 2764 καὶ
1049 2709 1200 2775 Θεὸς,
1224 2705 1343 2765 εἶτα
1366 2711 1480 2766 θεοὶ
1501 2712 1682 2783 διχῶς,

137 2784 196 2844 ὧν
233 2793 314 2848 τοῦ
343 2797 654 2868 κρείττονος
682 2798 964 2871 τάγματος
1013 2800 1128 2872 (86)
1171 2802 1459 2876 ὑπερέχειν
1504 2803 1615 2876 (87)
1658 2806 1687 2858 6

135 2883 240 2948 Θεὸς
278 2888 444 2958 Λόγος
493 2891 898 2963 ὑπερεχόμενος
931 2893 1036 2948 ὑπὸ
1081 2894 1176 2949 τοὺ
1214 2894 1324 2950 τῶν
1351 2896 1488 2951 ὅλων
1523 2897 1682 2954 Θεοῦ.

134 2977 220 3032 Καὶ
245 2981 393 3037 πάλιν
423 2979 492 3056 ἦν
516 2987 547 3039 ό
579 2985 772 3055 Λόγος,
799 2987 938 3057 τάχα
969 2987 1026 3041 δὲ
1051 2989 1352 3060 καὶΛόγος,
1375 2991 1577 3062 ὁμοίως
1607 2992 1686 3064 τῷ

135 3069 286 3134 όΘεὺς
311 3075 402 3127 καὶ
430 3074 568 3140 Θεός
588 3091 601 3105 ⁸
636 3075 732 3130 καὶ
773 3076 822 3129 οἱ
852 3076 999 3145 λόγοι
1039 3078 1233 3150 διχῶς,
1271 3081 1460 3136 οἰκεῖοί
1495 3100 1554 3136 τε
1593 3083 1687 3138 ἀν-

135 3155 354 3230 θρώπινοι
378 3165 423 3218 οἱ
457 3166 564 3237 μὲν
588 3166 668 3237 τῷ
705 3167 915 3240 Πατρὶ,
949 3168 1164 3241 μερίδες
1210 3171 1360 3237 ὄντες
1391 3172 1555 3229 αὑτοὺ
1591 3176 1686 3230 καὶ

129 3251 305 3358 animi;
336 3258 768 3358 παρακείμενοι,
803 3261 896 3326 οὓς
938 3260 1032 3316 νῦν
1083 3264 1414 3337 σαφέστερον
1455 3268 1483 3320 ό
1528 3267 1686 3338 λόγος
1713 3300 1756 3358 C

131 3344 236 3414 ἡμῖν
264 3350 588 3424 παρίστησιν
611 3392 626 3416 ,
659 3355 707 3406 ol
741 3353 834 3406 ἐπὶ
857 3353 950 3406 τὸν
975 3355 1205 3428 Σωτῆρα
1233 3356 1558 3427 φθάσαντες,
1591 3363 1687 3418 καὶ

126 3435 175 3488 τὸ
201 3440 297 3492 πᾶν
316 3442 370 3495 ὲν
402 3436 825 3514 αὑτῷίστάντες
845 3461 857 3476 ο
887 3445 980 3500 καὶ
1000 3447 1172 3518 τρίτοι
1195 3449 1242 3502 οἱ
1272 3452 1683 3524 προειρημένοι,

127 3525 248 3595 ἣλιον
289 3532 378 3585 καὶ
429 3533 703 3606 σελήνην,
747 3536 840 3591 καὶ
873 3537 1108 3609 ἀστέρας
1153 3539 1464 3612 νομίζοντες
1507 3543 1682 3614 θεοὺς,

125 3620 199 3672 ut
237 3625 289 3675 ἐν
332 3626 517 3691 αὑτοῖς
570 3629 867 3700 ἱστάμενοι.
911 3630 1032 3684 Ἐπὶ
1077 3633 1210 3686 πᾶσι
1255 3632 1312 3686 δὲ
1332 3673 1347 3700 ,
1380 3635 1474 3688 καὶ
1527 3638 1586 3690 ὲν
1617 3638 1685 3710 τῇ

127 3712 247 3765 κάτω
271 3715 415 3790 χώρᾳ
470 3721 523 3772 οἱ
559 3722 672 3784 τοῖς
702 3721 1047 3793 ἀψύχοις,κα“ι
1080 3726 1294 3796 νεκροῖς
1326 3726 1566 3792 εἰδώλοις
1589 3729 1685 3782 ὲκ-

126 3807 355 3906 κῗίμενοι.
383 3813 458 3866 Τὸ
487 3813 548 3866 δὲ
573 3813 836 3884 ἀνάλογον
864 3816 960 3871 καὶ¹
986 3817 1077 3870 ἐπὶ
1105 3819 1213 3872 τῶν
1234 3819 1376 3874 κατὰ
1395 3821 1487 3874 τὸν
1510 3822 1683 3892 Λόγον

129 3895 444 3970 εὑρίσκομεν·
469 3904 519 3956 οἱ
546 3902 646 3974 μὲν
675 3903 783 3976 γὰρ
816 3905 966 3978 αὑτῷ
986 3906 1063 3978 τῷ
1095 3907 1254 3979 Λόγῳ
1281 3909 1678 3982 κεκόσμηνται·

121 3987 228 4077 ore
254 3995 645 4066 παρακειμένῳ
673 3997 776 4050 τινὶ
797 3997 964 4069 αὑτῷ,
989 3999 1082 4052 καὶ
1101 3999 1345 4054 δοκοῦντι
1365 3999 1504 4058 εἶναι
1532 4004 1682 4077 αὑτῷ

122 4076 184 4146 τῷ
202 4083 385 4155 πρώτῳ
404 4087 594 4159 Λόγῳ,
627 4088 678 4141 οἱ
703 4087 866 4160 μηδὲν
888 4090 1106 4156 εἰδότες,
1131 4093 1180 4146 εἰ
1213 4092 1290 4166 μὴ
1315 4094 1519 4166 Ἰησοῦν
1547 4076 1684 4170 Χριξ-

122 4170 240 4236 στὸν,
265 4176 353 4228 καὶ
381 4177 579 4232 τοῦτον
612 4180 1043 4253 ἐσταυρωμένον,
1075 4183 1123 4235 οἱ
1155 4182 1246 4236 τὸν
1278 4183 1449 4254 Λόγον
1496 4186 1676 4257 σάρκα

120 4261 349 4329 ὁρῶντες·
378 4269 474 4323 καὶ
504 4271 703 4342 τρίτοι,
724 4271 818 4338 οὓς
852 4273 958 4346 πρὸ
987 4272 1219 4346 βραχέος
1261 4275 1581 4350 εἰρήκαμεν,
1611 4277 1677 4336 Τί

119 4350 258 4411 ﬁscis!
279 4356 455 4429 λέγειν
486 4364 624 4435 περὶ
662 4363 772 4418 τῶν
821 4364 1189 4436 νομιζομένων
1247 4365 1346 4437 μὲν
1404 4367 1463 4421 έν
1518 4370 1678 4444 Λόγῳ

118 4451 398 4519 τδγχάνειν,
446 4459 933 4515 ἀποπεπτωκότων
986 4461 1043 4514 δὲ
1083 4461 1144 4514 οὑ
1180 4461 1343 4532 μόνον
1375 4462 1543 4518 αὑτοῦ
1575 4465 1671 4520 τοὺ

1795 672 2066 742 gentibus.
2126 688 2146 722 ι
2198 667 2366 722 Vobis
2408 674 2590 720 autem
2639 680 2744 721 non
2789 666 2870 722 sic
2919 665 3066 722 dedit
3115 666 3376 724 Dominus

1794 765 1940 821 Deus
1967 774 2112 820 tuus.
2141 763 2248 818 Sed
2269 761 2361 833 qui
2395 759 2677 816 distribuit
2722 759 2937 816 cunctis
2988 760 3243 827 gentibus
3280 776 3374 818 so-

1794 861 1920 928 lem,
1960 868 2016 914 et
2070 859 2276 920 lunam,
2316 862 2372 910 et
2415 869 2578 910 omne
2621 853 2746 910 coeli
2795 864 3182 909 ornamentum
3211 855 3374 923 Deus,

1793 968 1916 1007 cum
1962 951 2040 1006 sic
2084 963 2192 1005 non
2246 946 2454 1004 dederit
2506 945 2728 1001 lsraeli?
2776 945 2996 1002 Scilicet
3039 956 3098 1000 ut
3128 946 3220 1016 qui
3265 962 3374 1004 non

1793 1051 2019 1115 possunt
2045 1042 2111 1100 ad
2141 1038 2536 1111 intelligibilem
2568 1052 2854 1094 recurrere
2891 1050 3162 1106 naturam,
3209 1039 3376 1096 rebus

1792 1135 2078 1206 corporeis
2130 1149 2195 1190 ac
2238 1133 2339 1192 sub
2387 1146 2608 1188 sensum
2652 1132 2979 1187 cadentibus
3028 1132 3375 1190 divinitatem

1792 1244 1912 1287 esse
1956 1228 2242 1300 suspicati,
2278 1225 2363 1282 vel
2412 1226 2660 1280 lubenter
2693 1226 2745 1279 in
2792 1227 2876 1283 bis
2925 1225 3206 1294 sisterent,
3266 1242 3372 1282 non

1791 1324 2026 1394 prolapsi
2044 1324 2112 1378 ad
2143 1323 2283 1378 idola
2301 1323 2653 1380 etdaemonia.
2673 1323 2841 1376 Deum
2857 1319 3026 1391 igitur
3041 1320 3131 1376 alii
3153 1319 3373 1390 quidem

1792 1417 1960 1474 Deum
1992 1417 2369 1472 universorum
2409 1417 2641 1479 habent;
2687 1415 2778 1485 qui
2822 1429 2952 1469 vero
2996 1413 3094 1468 hos
3123 1411 3373 1482 proxime

1790 1518 2112 1581 sequuntur,
2159 1511 2214 1566 in
2253 1510 2526 1567 Christum
2583 1511 2676 1566 Dei
2729 1509 2899 1579 ipsius
2952 1508 3152 1563 Filium
3206 1505 3371 1562 deﬁxi

1791 1613 1939 1660 sunt.
1967 1603 2138 1660 Tertii
2169 1617 2298 1658 vero
2343 1603 2588 1674 suntqui
2629 1602 2828 1664 solem,
2876 1601 3056 1654 lunam
3100 1612 3375 1666 omneque

1791 1697 1912 1752 coeli
1935 1705 2314 1752 ornamentum
2359 1695 2516 1766 [deos
2556 1690 2842 1763 habentes]
2886 1706 2914 1745 a
2951 1691 3061 1746 Deo
3093 1691 3374 1757 aberrant,

1790 1801 2162 1846 verumtamen
2233 1803 2423 1845 errore
2492 1787 2651 1858 longe
2729 1783 3060 1856 praecellenti
3113 1791 3375 1854 praestan-

1794 1885 2039 1954 tioreque
2102 1898 2267 1954 quam
2344 1897 2536 1938 eorum
2600 1879 2692 1950 qui
2762 1885 2967 1933 vocant
3022 1876 3153 1930 deos
3206 1889 3373 1944 opera

1794 1987 2052 2028 manuum
2107 1971 2426 2036 hominum.
2483 1983 2674 2024 aurum
2741 1977 2796 2022 et
2845 1977 3170 2037 argentum,
3239 1967 3374 2021 artis

1789 2065 2237 2136 excogitationes.
2306 2065 2376 2118 At
2430 2062 2672 2118 omnium
2728 2061 2903 2117 ultimi
2962 2071 3087 2116 sunt
3138 2059 3232 2130 qui
3287 2060 3372 2114 di-

1791 2158 1897 2214 cati
1951 2167 2081 2214 sunt
2130 2157 2218 2213 his
2271 2156 2364 2228 qui
2431 2156 2502 2211 dii
2553 2154 2772 2224 quidem
2827 2153 3118 2218 dicuntur,
3199 2151 3373 2205 haud-

1790 2266 2058 2322 quaquam
2139 2265 2270 2305 vero
2366 2257 2514 2306 sunt.
2613 2245 2876 2302 Similiter
2963 2245 3128 2315 igitur
3206 2243 3371 2314 aliqui

1790 2343 1896 2416 53
1927 2343 2255 2415 participant
2280 2341 2496 2412 quidem
2525 2339 2691 2410 ipsius
2721 2339 2914 2407 Λόγου,
2952 2336 3033 2410 [id
3067 2345 3175 2403 est,
3200 2336 3372 2390 ratio.

1791 2437 1897 2504 nis,
1929 2436 2044 2492 sive
2071 2433 2403 2506 Sermonis],
2443 2433 2536 2504 qui
2587 2442 2672 2488 est
2723 2433 2775 2486 in
2823 2428 3116 2502 principio,
3151 2429 3243 2498 qui
3286 2436 3372 2484 est

1790 2531 1932 2602 apud
1976 2530 2168 2594 Deum,
2217 2529 2310 2598 qui
2352 2537 2440 2584 est
2482 2526 2650 2593 Deus,
2699 2525 2847 2582 velut
2888 2522 3083 2591 Oseas,
3120 2530 3174 2578 et
3210 2519 3367 2576 Jere-

1789 2625 1949 2686 mias.
1982 2633 2040 2679 et
2065 2622 2257 2688 Isaias,
2290 2630 2348 2678 et
2377 2622 2422 2678 si
2456 2619 2580 2690 quis
2619 2619 2760 2674 alius
2805 2617 2967 2674 talem
3012 2616 3254 2685 seipsum
3276 2628 3372 2670 ex-

1789 2718 1986 2784 hibuit,
2015 2727 2075 2773 ut
2104 2733 2287 2774 sermo
2322 2715 2561 2780 Domini,
2605 2711 2690 2768 vel
2722 2727 2902 2768 sermo
2951 2712 3020 2766 ad
3070 2726 3132 2767 se
3177 2711 3370 2776 iieret;

1789 2810 1881 2865 alii
1908 2825 2063 2874 vero,
2099 2810 2193 2880 qui
2229 2808 2364 2865 nihil
2387 2809 2587 2874 sciunt,
2639 2805 2741 2863 nisi
2764 2805 2947 2861 Jesum
2984 2803 3282 2866 Christum,
3314 2807 3372 2858 ei

1788 2902 1934 2957 hunc
1963 2901 2282 2957 cruciﬁxum
2305 2900 2372 2964 ⁷⁸,
2399 2909 2613 2954 tantum
2647 2897 2942 2954 secundum
2964 2909 3182 2950 carnem
3206 2906 3368 2962 agno-

1788 3000 1949 3047 scunt
1969 2991 2247 3047 Christum
2281 2990 2348 3056 ",
2388 2988 2769 3044 existimantes
2797 3000 2856 3041 se
2887 2983 3087 3039 habere
3132 2982 3368 3050 amplius

1788 3083 1923 3138 nihil
1951 3084 2016 3139 de
2039 3081 2333 3156 sermone,
2366 3081 2472 3137 nisi
2503 3081 2646 3152 quod
2676 3094 2808 3135 caro
2834 3079 3012 3133 iactus
3041 3086 3158 3142 est;
3190 3073 3371 3143 cujus-

1788 3177 1930 3232 modi
1971 3183 2057 3231 est
2097 3175 2392 3232 multitudo
2439 3187 2627 3230 eorum
2672 3170 2766 3241 qui
2812 3170 3040 3225 credere
3085 3173 3368 3236 putantur.

1786 3267 1906 3325 .Iam
1939 3269 2089 3325 tertii
2124 3283 2186 3325 se
2221 3267 2574 3325 sermonibus
2616 3263 3009 3336 aliquantulum
3042 3259 3195 3315 illum
3237 3256 3369 3312 Ser-

1791 3377 2007 3417 monem
2041 3361 2500 3433 participantibus
2523 3359 2922 3431 applicuerunt.
2951 3352 3179 3424 perinde
3210 3347 3370 3418 quasi

1790 3469 2080 3510 sermones
2095 3454 2172 3510 illi
2199 3468 2416 3510 omnem
2439 3465 2746 3508 sermonem
2775 3446 3108 3518 praecellant.
3128 3443 3194 3498 Et
3226 3441 3372 3495 forte

1791 3547 1848 3601 hi
1880 3555 2010 3602 sunt
2038 3549 2131 3617 qui
2162 3546 2455 3616 praeclaras
2481 3545 2546 3599 lin
2587 3540 2928 3614 philosOphia
2954 3545 3010 3594 et
3043 3543 3370 3608 prastantes

1794 3648 1972 3695 sectas
1994 3639 2138 3710 apud
2167 3638 2399 3709 gentiles
2429 3644 2713 3693 exercent.
2756 3635 2965 3700 Quarto
3000 3645 3130 3685 vero
3158 3628 3278 3684 loco
3298 3628 3368 3680 ab

1790 3733 1873 3786 his
1893 3731 2218 3786 numerandi
2242 3741 2372 3786 sunt
2394 3731 2472 3785 illi
2501 3730 2591 3801 qui
2617 3729 2960 3784 sermonibus
2995 3738 3218 3794 prorsus
3247 3735 3371 3776 cor-

1790 3823 1962 3893 ruptis
1986 3831 2043 3878 et
2069 3822 2253 3892 impiis
2286 3822 2656 3887 crediderunt,
2694 3820 3003 3874 evidentem
3034 3832 3098 3872 ac
3125 3814 3238 3868 fere
3261 3812 3364 3866 sub

1786 3929 2008 3969 sensum
2034 3913 2317 3969 cadentem
2343 3915 2410 3969 de
2443 3913 2620 3967 medio
2653 3911 2909 3966 tollentes
2940 3905 3364 3967 Providentiam,

1787 4007 2069 4076 aliumque
2120 4005 2285 4062 ﬁnem
2336 4006 2624 4075 quemdam
2680 4014 2877 4073 praeter
2927 4002 3129 4056 bonum
3189 3997 3364 4052 hone—

1785 4109 2001 4154 stumve
2038 4100 2425 4168 approbantes.
2469 4097 2623 4173 Quod
2668 4096 2715 4152 si
2761 4094 2968 4166 digredi
3006 4092 3108 4146 visi
3142 4103 3364 4151 sumus,

1785 4192 2070 4248 commode
2100 4201 2276 4246 tamen
2312 4191 2365 4247 id
2396 4191 2590 4247 fecisse
2615 4203 2798 4244 remur
2821 4195 2875 4244 et
2905 4184 3174 4255 apposite,
3202 4181 3366 4236 nimi-

1785 4299 1906 4339 rum
1942 4285 2086 4355 quod
2124 4286 2192 4340 ad
2242 4285 2335 4340 Dei
2382 4299 2576 4340 nomen
2621 4283 2845 4346 attinet,
2898 4293 2990 4333 res
3038 4287 3275 4345 quatuor
3310 4273 3363 4326 in

1783 4391 1849 4431 eo
1881 4376 2201 4447 inspecturi,
2228 4384 2284 4430 et
2312 4375 2535 4444 totidem
2575 4374 2627 4428 in
2655 4374 2874 4427 nomine
2901 4368 3092 4437 Λόγος,
3128 4364 3244 4438 [qui
3280 4371 3365 4418 est

1780 4471 1940 4534 ratio,
1982 4471 2096 4526 sive
2122 4469 2349 4544 sermo.]
2373 4471 2503 4526 Erat
2522 4468 2669 4523 enim
2691 4464 2830 4522 Deus
2869 4465 3016 4536 [cum
3033 4459 3278 4527 articulo]
3309 4465 3366 4509 et

117 4541 275 4608 καλοῦ,
303 4547 441 4604 ἀλλά
466 4552 571 4606 καὶ
597 4551 706 4606 τῶν
743 4553 950 4624 ίχνέων,
987 4553 1081 4608 καὶ
1103 4555 1440 4625 μετεχόντων
1475 4559 1670 4629 adrui”);

1789 4565 1924 4620 Deus
1952 4561 2094 4635 [sine
2117 4541 2394 4634 articulo,]
2426 4559 2627 4616 deinde
2667 4559 2741 4613 dii
2769 4555 3076 4625 dupliciter.
3118 4549 3363 4616 Quorum

120 4635 362 4694 meliorem
410 4644 670 4699 ordinem
713 4642 856 4698 Deus
903 4641 1141 4700 Verbum
1191 4654 1452 4714 superat,
1498 4662 1529 4701 a
1586 4648 1698 4707 Deo
1731 4668 1912 4708 rerum
1944 4653 2184 4708 omnium
2231 4655 2349 4724 ipse
2383 4661 2692 4722 superatus.
2731 4648 2798 4703 Et
2829 4662 3016 4702 rursus
3050 4653 3170 4700 erat
3206 4640 3362 4696 όΛό-

115 4744 205 4792 Υκ.
230 4732 474 4792 fortassis
495 4746 686 4792 autem
727 4745 782 4792 et
807 4738 998 4808 Λόγος,
1031 4741 1222 4796 eodem
1256 4741 1416 4797 modo
1449 4758 1557 4813 quo
1605 4746 1634 4798 ὁ
1665 4745 1684 4800 ε

1789 4765 1798 4810 :
1835 4757 1889 4804 et
1919 4747 2072 4813 Θεός.
2127 4748 2429 4805 Verborum
2468 4749 2635 4802 etiam
2665 4745 2770 4799 duo
2802 4749 2930 4798 sunt
2963 4753 3186 4811 genera,
3222 4752 3360 4805 quo-

118 4837 208 4875 rum
237 4827 467 4883 humana
511 4829 735 4911 propria
770 4839 896 4886 sunt
923 4831 1024 4886 alia
1053 4831 1269 4902 quidem
1298 4832 1499 4902 Patris,
1541 4839 1684 4907 quod
1720 4839 1840 4910 ejus
1885 4850 2068 4910 partes
2096 4841 2232 4908 sint,
2265 4849 2320 4896 et
2358 4840 2443 4896 his
2485 4838 2750 4902 ﬁnitima,
2778 4847 2896 4904 qua:
2949 4845 3093 4887 nunc
3130 4828 3358 4883 verbum

115 4926 321 4991 apertius
362 4940 418 4984 et
464 4928 688 5000 planius
731 4929 889 4984 nobis
929 4929 1212 5000 explanat,
1260 4945 1382 5000 qua:
1422 4933 1490 4986 ad
1539 4932 1889 4992 Servatorem
1935 4943 2345 5007 pervenerunt,
2395 4943 2453 4990 et
2496 4931 2645 4990 omni
2681 4946 2747 4986 ex
2787 4938 2941 4999 parte
2973 4926 3028 4980 in
3064 4939 3128 4978 eo
3165 4923 3359 4982 astite-

117 5026 233 5071 runt.
278 5021 354 5077 Ac
397 5023 568 5077 tertia
614 5031 774 5090 sunt,
816 5037 936 5092 quae
982 5031 1110 5078 ante
1152 5025 1720 5095 commemoravimus,
1762 5027 1931 5083 solem
1968 5044 2034 5083 ac
2071 5028 2253 5083 lunam
2277 5036 2333 5083 et
2363 5027 2549 5082 stellas
2577 5025 2706 5080 deos
2729 5035 2852 5078 esse
2895 5020 3262 5082 existimantis
3302 5029 3360 5073 et

117 5101 155 5155 in
176 5109 244 5164 eis
277 5111 570 5168 haerentia.
605 5110 711 5168 Sed
748 5122 945 5182 prater
987 5113 1104 5169 haec
1146 5116 1360 5179 omnia,
1401 5125 1530 5172 sunt
1567 5118 1731 5173 etiam
1766 5121 1821 5174 in
1855 5121 1974 5177 loco
2008 5120 2285 5187 inferiore,
2321 5135 2442 5191 quae
2467 5117 2704 5173 inanima
2739 5123 2795 5170 et
2819 5123 3034 5169 mortua
3081 5111 3224 5166 idola
3266 5124 3358 5162 vce

117 5210 355 5258 nenntnr.
405 5203 635 5259 Similia
679 5218 894 5274 quoque
929 5202 998 5259 de
1045 5204 1112 5259 iis
1158 5219 1278 5274 qua:
1314 5206 1380 5260 ad
1425 5204 1658 5262 Verbum
1704 5212 1981 5279 pertinent
2026 5214 2329 5284 reperimus
2373 5231 2386 5267 :
2446 5210 2549 5264 alia
2595 5208 2740 5263 enim
2777 5206 2894 5276 ipso
2937 5202 3112 5260 Verbo
3160 5212 3356 5257 ornata

116 5301 249 5442 ευιὲ,ι
277 5295 381 5352 alia
426 5297 624 5369 aliquo
668 5297 720 5352 ei
768 5299 951 5354 vicino
1024 5313 1089 5355 ac
1127 5298 1404 5370 ﬁnitimo,
1459 5302 1605 5373 quod
1650 5304 1885 5374 Primqu
1938 5307 2174 5365 Verbum
2222 5324 2345 5366 esse
2388 5305 2624 5368 videtur,
2677 5315 2800 5372 quae
2830 5299 2963 5355 nihil
3014 5297 3198 5355 sciunt
3248 5298 3354 5354 nisi

268 5389 395 5442 Cor.
427 5407 493 5442 tt.
534 5389 595 5442 2.
667 5390 714 5423 τ’
745 5388 785 5442 ll
810 5387 937 5442 Cor.
964 5404 1016 5442 ν.
1054 5390 1143 5442 16,

268 5389 395 5445 Cor.
427 5407 493 5456 tt,
534 5389 595 5445 2.
667 5390 714 5423 τ’
745 5388 785 5444 Il
810 5387 937 5446 Cor.
964 5404 1016 5455 ν,
1054 5390 1143 5446 16.

295 5481 589 5574 asiae?
611 5480 1175 5574 deﬁge—fomlam,
1212 5493 1324 5541 .elc.
1366 5484 1636 5574 Epicurei.

1789 5489 2090 5574 rontingere
2137 5489 2578 5571 observavimus,
2623 5504 2749 5545 cum
2799 5504 2955 5544 error
2997 5487 3350 5574 aliquisnoc-

123 5550 262 5629 “(85)
295 5550 408 5606 Ὧν
447 5550 566 5607 τοῦ
597 5553 951 5629 νκρείτςονος
982 5553 1311 5629 τᾴγματος,
1354 5550 1459 5610 etc.
1499 5556 1669 5629 Totus

1789 5550 2142 5623 :urrit,'velut
2179 5561 2229 5614 in
2275 5560 2339 5614 iis
2371 5574 2489 5628 qua:
2532 5550 2875 5629 sequuntur:
2915 5550 3114 5628 nempe
3145 5557 3342 5629 Filium

123 5616 377 5708 illelocps,
422 5616 708 5708 nequenad
742 5616 897 5705 οὗτος
918 5621 988 5706 ἦν
1025 5616 1486 5708 εἷάρχῇλςηυοιη.
1511 5628 1666 5708 uncis
1770 5627 1917 5708 Patri
1953 5616 2267 5708 inferiorertt
2305 5616 2504 5708 posuit,
2540 5616 2639 5699 pro
2674 5645 2827 5708 more
2855 5646 2974 5696 suo,
3021 5616 3078 5683 u't
3123 5629 3176 5708 i_u
3220 5628 3345 5682 Ori-

122 5692 468 5770 cnnclusimus,
501 5690 561 5749 in
598 5690 920 5770 Ferrariaua
943 5690 1423 5770 interpretatione
1452 5696 1666 5751 deside-
1769 5701 2006 5770 geniam‘s
2049 5690 2417 5770 probavinius.
2451 5690 2582 5766 Quin
2629 5701 2853 5770 subiicit
2889 5690 3066 5755 autem
3107 5700 3174 5752 de
3223 5715 3345 5770 ver-

125 5716 468 5760 ιιιιιςιιιειωυε,
501 5716 561 5749 Ill
598 5716 920 5775 ιύΙΊἝΙιἹὶιιξᾶΙ
965 5716 1418 5764 interpretatione
1452 5716 1666 5751 ιιθδιυθ-
1803 5716 2006 5754 emam:
2049 5716 2417 5767 prouavunus.
2451 5716 2582 5766 ulliB
2629 5716 2853 5770 SUDJICII
2889 5716 3066 5755 antem
3107 5716 3174 5752 ac
3223 5716 3344 5750 νυτ-

125 5763 324 5846 rebatur,
357 5780 532 5834 quem
577 5778 679 5846 pos
703 5778 735 5819 e
762 5763 1110 5846 Pert_o_niana,
1144 5766 1369 5846 mutatis
1393 5765 1662 5846 duntaxat
1769 5716 1958 5846 gerum
1992 5771 2331 5846 diderentiis,
2368 5769 2540 5825 l'utilia
2573 5785 2703 5826 sane
2738 5779 2886 5836 sunt,
2918 5786 2984 5827 ne
3027 5770 3157 5839 quid
3195 5766 3344 5837 pejus

124 5833 388 5899 nonnullis,
420 5833 830 5906 supplevimus.
878 5834 1020 5890 Idem
1061 5849 1278 5905 quoque
1322 5836 1376 5890 in
1415 5845 1530 5906 toto
1563 5837 1664 5891 hoc
1772 5841 1968 5895 dicam.
2009 5840 2269 5896 Husrtus.

123 5914 303 5986 {pstea
344 5903 512 5961 nobis
544 5903 773 5986 factum
813 5914 948 5986 est,
987 5903 1413 5986 quotiescunque
1467 5905 1660 5960 Ferra-

1844 5911 1955 5982 (87)
2009 5909 2358 5982 ἰ’περέχειν.
2391 5909 2531 5981 Lego
2570 5909 2849 5983 ὑπερέχει.

128 5982 242 6028 mna
285 5973 682 6044 interpretatio
741 5973 1052 6040 deﬁciebat,
1089 5977 1231 6043 quod
1273 5973 1661 6036 neunuuuuam
