3922 6552
473 445 577 500 H5
1563 436 1566 440 ’
1937 435 2058 494 (illil

2161 435 2262 491 NIS
3641 437 3736 494 “6

471 561 655 618 Jesum
681 561 994 627 Christum,
1015 569 1069 618 et
1101 561 1245 619 hunc
1287 557 1611 617 cruciﬁxum
1645 557 1712 624 ⁸ο,
1746 557 2046 625 eademque
2090 552 2324 610 Verbum
2356 568 2574 612 carnem
2607 556 2808 614 vident.
2838 556 3017 613 Tertia
3053 558 3238 625 etiam,
3272 574 3392 629 qua)
3423 558 3584 630 paulo
3619 572 3738 615 aute

474 660 736 717 diximus.
772 657 912 726 Quid
948 671 1079 712 vero
1110 655 1306 710 attinet
1333 653 1400 712 de
1433 654 1500 711 iis
1539 654 1744 717 dicere,
1781 648 1952 720 quiin
1986 644 2162 700 Verbo
2185 659 2306 701 esse
2333 646 2743 712 existimantur,
2783 651 2876 706 scd
2917 666 3021 707 nou
3058 651 3233 708 solum
3269 652 3338 706 ab
3369 653 3614 720 honesto,
3650 670 3736 709 ve-

476 774 595 815 rum
627 756 790 810 etiam
825 755 892 810 ab
919 754 1038 824 ejus
1069 753 1333 825 vestigiis,
1371 761 1534 822 alque
1559 749 1624 806 iis
1645 747 1736 817 qui
1767 746 1886 816 ejus
1911 751 2040 821 sunt
2073 741 2381 814 participes,
2412 744 2802 818 aberrarunt?|

550 849 660 924 55.
694 851 747 906 4.
792 849 895 905 Hic
937 858 1052 904 erat
1097 851 1151 904 in
1199 847 1458 920 principio
1511 845 1650 915 apud
1698 841 1888 898 Deum.
1930 837 2053 892 Tri-

2231 837 2285 891 4.
2319 833 2506 906 Οὗτος
2538 836 2618 911 ἦν
2645 841 2718 894 ἐν
2754 838 2914 909 ἀρχῇ
2947 841 3098 910 πρὸς
3139 844 3245 900 τὸν
3281 844 3448 898 Θεόν.
3495 841 3594 896 Διὰ
3641 840 3740 897 τῶν

477 950 582 1002 bus
609 946 885 1017 praedictis
924 943 1406 1014 propositionibus,
1445 949 1555 994 tres
1587 937 1808 994 ordines
1829 948 1930 990 nos
1962 933 2058 988 do-

480 1053 611 1093 cens
660 1035 1019 1108 evangelista,
1050 1035 1154 1090 tria
1183 1035 1235 1088 in
1271 1048 1439 1088 unum
1479 1029 1782 1094 connectit,
1816 1027 2006 1083 dicens
2039 1040 2054 1079 :

484 1151 506 1186 ι
531 1130 631 1188 ilic
661 1140 783 1186 erat
820 1130 874 1185 in
898 1128 1166 1200 principio
1196 1127 1336 1199 apud
1368 1125 1557 1183 Deum.
1586 1144 1605 1179 ι
1643 1123 1697 1178 In
1729 1121 1907 1194 prima
1932 1135 2058 1192 pro-

482 1225 755 1296 positione
803 1223 1093 1279 didicimus
1135 1223 1186 1276 in
1237 1237 1346 1291 quo
1387 1231 1506 1275 erat
1557 1219 1754 1288 Λόγος,
1803 1215 2057 1270 videlicet

481 1319 626 1386 quod
656 1319 708 1372 in
741 1315 1011 1386 principio
1039 1332 1054 1371 :
1081 1324 1136 1370 et
1167 1315 1304 1384 apud
1328 1328 1490 1382 quem
1518 1312 1606 1367 liic
1635 1319 1773 1377 erat,
1804 1308 2059 1363 videlicet

480 1409 626 1479 quod
653 1409 794 1479 apud
828 1408 992 1464 Deum
1021 1424 1035 1472 ;
1067 1416 1123 1462 et
1148 1408 1398 1476 quisnam
1426 1406 1598 1475 Λόγος
1633 1412 1772 1468 erat,
1806 1402 2060 1458 videlicet

478 1500 624 1571 quod
659 1501 816 1557 Dens.
848 1500 1128 1572 Tanquam
1157 1514 1287 1570 ergo
1308 1499 1688 1554 demonstrans
1713 1497 2058 1560 Sermonem,

477 1610 641 1666 quem
675 1603 803 1650 ante
832 1595 1048 1650 dixerat
1079 1595 1244 1650 Deum
1280 1609 1374 1662 per
1404 1591 1722 1663 particulam
1756 1608 1775 1642 ι
1811 1589 1922 1655 hic,
1958 1609 1976 1643 ι
2005 1599 2060 1646 οι

480 1691 536 1743 ἱη
566 1697 815 1759 quartam
849 1687 1269 1759 propositionem
1299 1701 1637 1758 congregans
1683 1685 1814 1741 illud
1839 1686 1910 1750 δι,
1941 1706 1960 1740 ι
2002 1686 2056 1740 In

478 1779 750 1850 principio
789 1787 908 1833 erat
953 1777 1186 1842 Sermo,
1218 1785 1274 1831 et
1311 1775 1505 1831 Sermo
1535 1785 1655 1830 erat
1689 1774 1832 1846 apud
1863 1773 2054 1838 Deum,

477 1882 535 1928 et
567 1873 709 1928 Deus
740 1882 858 1927 erat
885 1870 1231 1936 illeSermo,»
1257 1868 1434 1939 inquit
1464 1885 1478 1922 :
1509 1886 1528 1920 ι
1559 1867 1659 1924 llic
1694 1868 1885 1924 eratin
1911 1867 2061 1939 prin-

481 1962 626 2032 cipio
658 1963 798 2033 apud
834 1963 1024 2018 Deum.
1063 1981 1083 2014 ι
1116 1960 1300 2018 Potest
1345 1971 1525 2017 tamen
1555 1960 1808 2032 principii
1857 1973 2060 2014 nomen

482 2054 624 2109 sumi
667 2055 830 2110 etiam
863 2055 930 2108 de
961 2053 1233 2124 principio
1279 2053 1488 2119 mundi,
1523 2052 1931 2108 addiscentibus
1964 2065 2061 2106 no-

479 2145 566 2200 bis
594 2161 690 2214 per
711 2146 826 2202 haec
853 2146 1016 2212 dicta,
1047 2146 1532 2202 Sermonem‘illum
1551 2144 1912 2216 antiquiorem
1939 2157 2061 2200 esse

2159 933 2571 1006 προειρημένων
2603 933 2768 1006 τριῶν
2799 933 3118 1005 προτάσεων
3164 935 3421 1007 τάγματα
3453 936 3579 1008 τρία
3612 935 3741 990 διδά-

2161 1025 2257 1090 ξας
2287 1026 2436 1097 ἡμᾶς
2477 1025 2506 1076 6
2539 1025 2929 1099 εύαγγελιστὴς
2977 1025 3474 1096 συγκεφαλαιοῦται
3515 1027 3585 1080 τά
3616 1027 3739 1098 τρία

2158 1119 2239 1182 εἰς
2267 1117 2345 1184 ἓν,
2374 1117 2547 1188 λέγων
2567 1119 2646 1172 τό”
2678 1137 2697 1171 ι
2725 1110 2894 1182 Οὗτος
2917 1115 2985 1192 ἦν
3013 1121 3070 1176 ἐν
3092 1121 3232 1192 ἀρχῇ
3256 1120 3397 1192 πρὸς
3423 1119 3513 1173 τὸν
3539 1119 3691 1174 Θεόν.
3717 1140 3735 1172 ο

2163 1211 2382 1284 Πρῶτον
2406 1212 2464 1266 δὲ
2490 1211 2598 1266 τῶν
2625 1213 2790 1285 τριῶν
2824 1213 3225 1286 μεμαθήκαμεν
3255 1214 3315 1266 ὲν
3347 1211 3454 1266 τίνι
3475 1208 3545 1284 ἦν
3578 1213 3608 1266 6
3637 1211 3737 1268 Λό-
3815 1262 3818 1269 .

2160 1321 2254 1374 γος
2273 1346 2287 1370 ,
2313 1307 2395 1360 ὅτι
2419 1307 2476 1358 ἐν
2505 1307 2648 1379 ἀρχῇ
2679 1325 2692 1338 ο
2729 1307 2824 1360 καὶ
2854 1306 2990 1379 πρὸς
3023 1306 3145 1360 τίνα
3172 1300 3328 1369 οὗτος
3357 1301 3456 1377 ἦν,
3489 1305 3573 1359 ὅτι
3608 1307 3741 1377 πρὸς

2158 1398 2250 1451 τὸν
2277 1397 2409 1452 Θεόν
2431 1414 2442 1427 ·
2490 1399 2584 1453 καὶ
2624 1398 2709 1464 τίς
2748 1402 2777 1453 6
2827 1400 2998 1470 Λόγος
3023 1395 3122 1472 ἦν,
3150 1401 3232 1454 ὅτι
3259 1399 3412 1464 Θεός.
3446 1399 3627 1453 Οἱονεὶ
3653 1393 3742 1451 οὖν

2159 1491 2373 1556 δεικνὺς
2386 1491 2478 1545 τὸν
2494 1493 2892 1565 προειρημένον
2905 1493 3037 1548 Θεὸν
3054 1493 3227 1562 Λόγον
3241 1491 3331 1547 διά
3366 1491 3460 1546 τοῦ
3482 1511 3500 1543 ι
3521 1487 3696 1557 οὗτος,
3719 1510 3735 1542 ι

2160 1587 2253 1641 καὶ
2280 1585 2526 1655 συνάγων
2548 1587 2627 1651 εἰς
2652 1587 2918 1659 τετάρτην
2944 1585 3206 1658 πρότασιν
3226 1585 3287 1639 τό
3305 1603 3366 1638 τε
3383 1602 3399 1618 ο
3427 1605 3444 1637 ι
3488 1585 3578 1639 Ἐν
3606 1585 3742 1656 ἀρχῇ

2159 1675 2226 1751 ἦν
2258 1680 2286 1732 ό
2310 1678 2510 1748 Λόγος,
2545 1699 2563 1732 ι
2602 1679 2698 1734 καὶ
2727 1679 2819 1733 τό’
2855 1699 2874 1731 ‹
2925 1680 2986 1732 Ὀ
3011 1679 3185 1748 Λόγος
3205 1673 3272 1750 ἦν
3303 1677 3443 1750 πρὸς
3469 1677 3562 1731 τὸν
3592 1676 3741 1738 Θεὸν,

2161 1773 2255 1826 καὶ
2288 1771 2420 1836 Θεὸς
2449 1766 2516 1842 ἦν
2541 1772 2571 1824 6
2600 1771 2802 1841 Λόγος,
2839 1790 2858 1823 ι
2897 1771 3060 1841 φησιν
3082 1786 3096 1800 ’
3146 1787 3164 1820 ε
3198 1761 3368 1832 οὗτος
3400 1763 3469 1840 ἦν
3515 1767 3574 1820 ἐν
3604 1767 3740 1838 ἀρχῇ

2161 1864 2299 1937 πρὸς
2319 1864 2408 1919 τὸν
2424 1863 2575 1918 Θεόν.
2610 1883 2629 1917 ι
2648 1863 2882 1918 Δύναται
2901 1864 3080 1934 μέντοι
3097 1879 3161 1933 γε
3183 1863 3244 1916 τὸ
3259 1863 3357 1934 τῆς
3379 1861 3556 1934 ἀρχῆς
3577 1859 3744 1931 ὄνομα

2160 1957 2530 2030 λαμϐάνεσθαι
2560 1957 2655 2012 καὶ
2675 1957 2770 2011 ἐπὶ
2795 1958 2894 2029 τῆς
2914 1955 3011 2010 τοῦ
3059 1956 3264 2027 κόσμου
3304 1954 3502 2026 ἀρχῆς,
3539 1953 3742 2024 μανθα-

2161 2048 2357 2104 νόντων
2382 2048 2542 2120 ἡμῶν
2571 2047 2660 2104 διά
2691 2048 2799 2103 τῶν
2830 2048 3140 2119 λεγομένων
3160 2089 3175 2114 ,
3201 2049 3284 2103 ὅτι
3315 2047 3690 2120 πρεσϐύτερος
3719 2049 3746 2101 ό

2161 2143 2333 2211 Λόγος
2355 2141 2465 2196 τῶν
2497 2142 2750 2215 ἀπαρχῆς
2771 2142 3079 2215 γενομένων
3100 2137 3188 2214 ἦν.
3233 2142 3296 2195 Ei
3326 2141 3434 2213 γὰρ
3467 2159 3485 2193 ι
3521 2142 3580 2195 ἐν
3607 2141 3744 2212 ἀρχῇ

481 2237 645 2291 rebus
679 2253 707 2293 a
743 2237 1012 2308 principio
1046 2239 1224 2294 lactis.
1262 2236 1396 2292 Nam
1430 2239 1476 2292 si
1518 2256 1538 2290 ι
1564 2238 1614 2292 in
1643 2238 1909 2308 principio
1935 2235 2058 2292 fecit

2164 2237 2419 2308 ἐποίησεν
2449 2239 2480 2291 6
2508 2236 2642 2303 Θεὸς
2678 2239 2767 2292 τὸν
2791 2237 3019 2311 οὐρανὸν
3063 2239 3159 2292 καὶ
3191 2238 3290 2310 τὴν
3329 2237 3433 2308 γῆν
3455 2279 3468 2301 ,
3510 2258 3528 2289 ι
3564 2238 3626 2290 τὸ
3668 2236 3744 2300 δὲ,

482 2328 628 2385 Deus
654 2331 851 2386 caalum
890 2341 946 2386 et
975 2341 1174 2386 terram
1201 2330 1271 2396 θ’,
1316 2349 1335 2383 ι
1372 2330 1581 2384 clarum
1608 2339 1695 2385 est
1735 2329 1787 2384 id
1817 2331 1958 2399 quod
2003 2331 2057 2381 in

482 2422 751 2492 principio
776 2433 915 2490 erat,
958 2425 1234 2496 antiquius
1258 2438 1378 2478 esse
1408 2437 1475 2479 eo
1504 2423 1648 2493 quod
1703 2422 1755 2476 in
1789 2421 2060 2490 principio

480 2512 685 2570 factum
743 2525 866 2572 est:
899 2531 1000 2572 nec
1032 2518 1204 2572 solum
1244 2516 1586 2572 [irritamento
1629 2526 1686 2571 et
1738 2515 1910 2579 arida,
1965 2514 2059 2570 sed

483 2608 624 2663 caelo
641 2615 695 2663 ct
727 2616 870 2665 terra
913 2609 1108 2666 Sermo
1137 2610 1226 2666 ille
1257 2619 1342 2666 est
1368 2609 1658 2679 antiquior.
1693 2607 1856 2664 Forte
1875 2617 2056 2663 autem

480 2714 588 2754 non
621 2701 856 2756 absurde
876 2702 998 2772 quis
1021 2702 1259 2772 inquirat
1283 2718 1454 2776 quare
1479 2717 1583 2758 non
1602 2702 1674 2758 sit
1700 2700 1899 2756 dictum
1927 2715 1974 2751 ει
2002 2698 2056 2752 ln

481 2791 754 2863 principio
775 2804 893 2848 erat
916 2794 1107 2849 Sermo
1139 2796 1272 2862 Dei;
1318 2805 1372 2851 et
1429 2795 1621 2850 Sermo
1645 2793 1739 2848 Dei
1767 2803 1888 2848 erat
1914 2791 2057 2862 apud

480 2881 652 2936 Deum
674 2900 690 2949 ;
710 2893 763 2938 et
784 2883 924 2939 Deus
942 2897 1064 2942 erat
1090 2887 1180 2942 ille
1213 2887 1410 2943 Sermo
1445 2887 1594 2940 Dei.»
1625 2885 1732 2941 Sed
1761 2886 2060 2956 consequi-

482 2983 574 3026 tur
596 2983 655 3028 ut
685 2975 775 3044 qui
806 2977 1003 3046 quaerit
1042 2995 1141 3035 cur
1181 2980 1398 3036 tandem
1431 2994 1536 3035 non
1569 2981 1834 3049 scriptum
1871 2981 1964 3044 sit,
2001 2980 2054 3034 In

480 3065 755 3136 principio
783 3079 898 3124 eral
935 3070 1137 3128 Sermo"
1155 3071 1271 3141 Dei,
1307 3082 1360 3128 et
1382 3088 1501 3144 qua:
1523 3082 1844 3143 sequuntur,
1877 3073 2058 3143 plures

482 3163 729 3223 enuntiet
765 3183 884 3225 esse
908 3162 1224 3232 Sermones,
1257 3174 1312 3221 et
1339 3165 1571 3223 fortasse
1595 3166 1793 3223 diversi
1820 3169 2056 3240 generis.

482 3256 580 3314 Vel
609 3275 748 3315 unus
775 3262 991 3330 quidem
1020 3261 1125 3316 erit
1145 3258 1235 3316 Dei
1257 3255 1468 3325 Sermo,
1488 3259 1648 3328 alter,
1680 3268 1739 3314 ut
1764 3261 1836 3314 ita
1856 3261 2056 3325 dicam,

482 3354 798 3424 angelorum
844 3354 1058 3422 Sermo,
1102 3355 1240 3413 alius
1282 3353 1410 3412 item
1445 3353 1758 3422 hominum,
1800 3365 1852 3409 et
1891 3355 1965 3409 ita
2001 3355 2056 3410 in

482 3447 698 3501 caeteris
726 3446 1100 3504 Sermonibus.
1139 3448 1291 3516 Quod
1329 3450 1370 3505 si
1396 3447 1922 3505 vocabulum'Sermo
1956 3449 2058 3504 hoc

2161 2333 2218 2385 ὲν
2262 2333 2404 2404 ἀρχῇ
2446 2326 2544 2404 ἦν,
2569 2331 2757 2402 σαφῶς
2791 2330 3163 2402 πρεσϐύτερόν
3213 2331 3331 2384 ἐστι
3378 2329 3474 2384 τοῦ
3507 2331 3564 2383 ὲν
3604 2331 3744 2401 ἀρχῇ

2162 2427 2530 2498 πεποιημένου
2572 2426 2632 2479 ού
2682 2425 2841 2497 μόνον
2866 2423 3249 2498 στερεώματος
3272 2425 3367 2479 καὶ
3391 2424 3588 2496 ξηρᾶς,
3615 2423 3748 2477 ἁλλά

2159 2517 2388 2592 ούρανοῦ
2422 2520 2518 2572 καὶ
2544 2519 2647 2590 γῆς
2676 2517 3210 2590 πρεσϐύτερόςὲστιν
3236 2519 3265 2570 6
3287 2517 3478 2585 Λόγος.
3510 2515 3665 2586 Τάχα
3690 2515 3744 2569 δὲ

2165 2613 2265 2666 οὐκ
2285 2612 2502 2675 ἀτόπως
2521 2629 2605 2675 τις
2629 2610 2862 2682 ζητήσαι
2895 2610 2962 2664 ἂν
2987 2609 3075 2664 διὰ
3097 2610 3150 2663 τί
3179 2610 3279 2663 οὐκ
3303 2610 3517 2682 εἴρηται
3542 2623 3556 2637 ·
3593 2628 3612 2660 ι
3661 2608 3746 2662 Ἐν

2159 2710 2302 2781 ἀρχῇ
2325 2704 2392 2779 ἦν
2419 2709 2446 2760 6
2469 2707 2642 2776 Λόγος
2669 2703 2766 2758 τοῦ
2795 2703 2962 2758 Θεοῦ*
2997 2704 3093 2758 καὶ
3124 2704 3154 2756 6
3184 2703 3358 2773 Λόγος
3385 2701 3479 2756 τοῦ
3514 2701 3651 2756 Θεοῦ
3684 2699 3749 2774 ἦν

2159 2801 2295 2874 πρὸς
2322 2800 2412 2854 τὸν
2435 2799 2569 2852 Θεόν
2588 2816 2601 2830 ’
2637 2799 2732 2853 καὶ
2753 2797 2888 2861 Θεὸς
2912 2791 2980 2868 ἦν
3007 2799 3036 2851 6
3067 2796 3237 2866 Λόγος
3259 2795 3353 2850 τοῦ
3384 2795 3541 2850 Θεοῦ.
3556 2815 3574 2847 ι
3597 2795 3750 2849 Ἀκό-

2160 2894 2347 2948 λουθεν
2368 2893 2426 2947 δέ
2460 2894 2577 2946 ἐστι
2596 2890 2686 2945 τὸν
2717 2889 2984 2963 ζητοῦντα
3015 2889 3067 2943 τί
3096 2889 3294 2959 δήποτε
3321 2890 3382 2942 οὐ
3412 2887 3746 2961 γέγραπται,

2167 3010 2185 3040 ι
2207 2987 2298 3040 Ἐν
2324 2986 2464 3060 ἀρχῇ
2489 2980 2557 3056 ἦν
2578 2985 2607 3038 ό
2630 2983 2802 3053 Λόγος
2832 2981 2926 3037 τοῦ
2947 2980 3105 3048 Θεοῦ,
3131 2999 3150 3033 ι
3175 2981 3270 3034 καὶ
3301 2980 3369 3035 τὰ
3395 2980 3543 3050 ἑξῆς,
3572 2978 3748 3034 πλείο-

2160 3098 2258 3144 νας
2289 3077 2683 3148 ἀποφαίνεσθαι
2730 3077 2951 3146 λόγους,
2987 3075 3083 3130 καὶ
3108 3075 3252 3146 τάχα
3284 3076 3643 3148 ἑτερογενεῖς.
3677 3074 3747 3128 Ἦ

2158 3175 2188 3226 6
2220 3173 2318 3245 μέν
2335 3190 2422 3236 τις
2441 3171 2534 3225 τοῦ
2559 3169 2694 3224 Θεοῦ
2722 3170 2916 3238 Λόγος,
2938 3167 3124 3239 ἕτερος
3151 3167 3228 3232 δὲ,
3255 3167 3388 3239 φέρε
3413 3169 3610 3236 εἰπεῖν,
3647 3168 3744 3236 ἀγ-

2158 3267 2332 3337 γέλων
2368 3267 2538 3335 Λόγος
2562 3304 2576 3329 ,
2610 3263 2704 3318 καὶ
2736 3262 2902 3327 ἄλλος
2925 3259 3229 3334 ἀνθρώπων
3248 3299 3263 3324 ,
3307 3261 3402 3314 καὶ
3449 3260 3626 3324 οὕτως
3658 3260 3748 3314 ὲ.πὶ

2159 3360 2268 3414 τῶν
2292 3358 2493 3412 λοιπῶν
2517 3356 2711 3426 λόγων.
2746 3356 2810 3409 Ei
2842 3355 2898 3408 δὲ
2920 3355 3130 3423 Λόγος,
3163 3351 3304 3422 τάχα
3335 3352 3430 3405 καὶ
3469 3353 3635 3422 σοφία
3658 3353 3748 3407 καὶ

2159 3447 2495 3517 δικαιοσύνη.
2529 3448 2761 3500 ’Ἄτοπον
2781 3445 2839 3498 δὲ
2862 3443 3112 3506 πλείονας
3139 3443 3368 3512 φάσκειν
3387 3442 3508 3514 τῆς,
3535 3443 3747 3513 Λόγος,

485 3540 646 3594 modo
671 3556 729 3595 se
767 3540 1008 3608 habebit,
1055 3543 1192 3596 idem
1219 3544 1469 3600 fortassis
1502 3545 1835 3600 censendum
1856 3544 1962 3599 erit
1991 3544 2058 3598 de

2163 3540 2535 3613 προσηγορίας
2564 3538 2770 3610 κυρίως
2795 3537 3103 3608 τυγχάνειν,
3136 3535 3231 3589 καὶ
3263 3538 3329 3606 τῇ
3363 3534 3528 3607 σοφίᾳ
3560 3536 3656 3589 καὶ
3682 3537 3749 3606 τῇ

483 3631 748 3702 sapientia
781 3642 835 3688 et
860 3636 924 3688 de
948 3634 1176 3703 iustitia.
1217 3637 1527 3696 Absurdum
1559 3648 1642 3695 est
1666 3648 1845 3694 autem
1880 3639 2061 3694 dicere

487 3723 673 3790 plures
702 3727 851 3782 vocis
877 3727 1035 3797 hujus
1071 3727 1258 3784 Sermo
1291 3741 1570 3803 compotes
1607 3732 1746 3799 lleri,
1784 3740 1840 3786 et
1878 3729 2060 3800 huius,

489 3817 785 3886 sapientia;
817 3830 873 3874 et
915 3819 1079 3889 illius,
1111 3820 1347 3890 iustitia.
1391 3824 1792 3882 Convincemur
1829 3825 1992 3880 etiam
2031 3840 2060 3878 a

483 3909 736 3975 veritate,
774 3911 994 3968 minime
1015 3929 1046 3968 a
1072 3915 1227 3971 nobis
1262 3919 1430 3986 quaeri
1457 3925 1712 3988 oportere
1739 3915 1920 3988 plures
1945 3931 2062 3972 ser-

489 4017 699 4068 mones,
741 4013 797 4060 et
834 4008 1148 4077 sapientias,
1185 4020 1240 4065 et
1270 4011 1539 4082 justitias,
1579 4026 1702 4081 qua:
1740 4010 1958 4082 proprie
1983 4010 2063 4065 sic

487 4095 853 4153 nominentur.
867 4099 1001 4156 Nam
1016 4105 1390 4174 unusquisque
1406 4105 1755 4161 conﬁteretur
1767 4118 1928 4159 unam
1942 4117 2063 4160 esse

490 4189 797 4259 veritatem,
846 4207 947 4250 nec
980 4199 1208 4253 auderet.
1253 4197 1450 4269 aliquis
1491 4197 1697 4261 dicere,
1733 4195 1896 4250 aliam
1943 4209 2063 4251 esse

495 4283 586 4337 Dei
618 4285 922 4353 veritatem,
959 4289 1120 4346 aliam
1155 4290 1493 4361 angelorum,
1521 4289 1682 4345 aliam
1729 4288 2011 4344 hominum
2045 4305 2060 4352 ;

490 4393 614 4432 cum
651 4378 703 4434 in
739 4389 933 4438 natura
955 4385 1163 4440 entium
1199 4398 1304 4438 una
1334 4383 1407 4438 sit
1428 4384 1495 4438 de
1527 4394 1851 4450 unaquaque
1888 4393 1948 4434 re
1971 4386 2074 4434 ve-'

490 4470 644 4525 ritas.
661 4473 813 4540 Quod
843 4474 888 4529 si
906 4477 1109 4532 veritas
1139 4485 1222 4532 est
1255 4492 1388 4539 una,
1415 4473 1755 4545 perspicuum
1782 4481 1864 4528 est
1898 4472 2062 4526 etiam

491 4561 838 4630 sapientiam,
874 4581 994 4636 quae
1018 4566 1359 4623 conﬁrmatio
1391 4575 1447 4619 et
1476 4562 1866 4618 demonstratio
1897 4563 2063 4632 ipsius

491 4663 579 4708 est
617 4657 895 4717 veritatis.
947 4659 1143 4713 merito
1188 4655 1414 4725 intelligi
1468 4670 1626 4709 unam
1673 4670 1794 4710 esse
1823 4673 1839 4716 :_
1867 4656 2063 4725 quippe

486 4760 613 4800 cum
635 4761 702 4802 ne
721 4762 788 4802 ea
823 4749 1039 4818 quidem
1068 4762 1188 4818 qua:
1227 4747 1526 4816 appellatur
1545 4747 1832 4816 sapientia,
1868 4763 2060 4802 nomen

488 4853 646 4893 suum
682 4849 830 4897 recte
857 4842 990 4896 tueri
1028 4849 1213 4910 queat,
1243 4841 1287 4892 si
1335 4854 1442 4892 non
1472 4839 1615 4894 adsit
1651 4839 1876 4896 veritas.
1906 4841 2062 4908 Quod

2161 3631 2473 3703 δικαιοσύνῃ
2504 3632 2636 3702 (88).
2668 3631 2779 3683 Καὶ
2809 3629 3234 3701 πληχθησόμεθα
3266 3629 3405 3701 πρὸς
3431 3628 3511 3683 τὸ.
3534 3627 3611 3700 μὴ
3641 3628 3752 3681 δεῖν

2163 3729 2344 3792 ζητεῖν
2380 3725 2631 3788 πλείονας
2681 3724 2872 3793 λόγους
2902 3723 2994 3777 καὶ
3029 3722 3219 3793 σοφίας
3249 3721 3342 3775 καὶ
3373 3721 3749 3786 δικαιοσύνας,

2163 3820 2370 3893 κυρίως
2393 3817 2568 3882 οὕτως
2593 3817 2990 3890 ὀνομαζόμενα,
3017 3817 3125 3870 ἀπὸ
3171 3817 3269 3888 τῆς
3317 3813 3593 3887 ἀληθείας.
3637 3814 3753 3878 Πᾶς

2161 3915 2270 3986 γὰρ
2299 3911 2546 3967 ὁστισοῦν
2573 3912 2901 3983 ὁμολογήσαι
2922 3909 2986 3964 ἂν
3022 3910 3150 3981 μίαν
3178 3905 3314 3963 εἶναι
3348 3909 3446 3981 τὴν
3466 3908 3751 3981 ἀλήθειαν.

2165 4008 2239 4060 Οὐ
2269 4006 2378 4079 γὰρ
2409 4007 2505 4060 καὶ
2549 4007 2634 4060 ἐπ’
2668 4005 2840 4076 αὐτῆς
2870 4004 3138 4077 τολμήσαι
3192 4021 3276 4068 τις
3325 4002 3506 4072 λέγειν
3556 4003 3754 4075 ἑτέραν

2165 4101 2304 4157 εἶναι
2350 4102 2450 4174 τὴν
2481 4099 2576 4156 τοῦ
2609 4100 2744 4155 Θεοῦ
2791 4100 3049 4173 ἀλήθειαν
3070 4141 3083 4165 ,
3121 4100 3216 4154 καὶ
3271 4099 3462 4171 ἑτέραν
3497 4098 3596 4171 τὴν
3643 4097 3754 4154 τῶι⁵

2164 4197 2432 4268 ἀγγέλων,
2474 4197 2570 4251 καὶ
2602 4195 2768 4268 ἄλλην
2801 4194 2898 4265 τὴν
2931 4193 3039 4247 τῶν
3071 4192 3376 4266 ἀνθρώπων
3396 4209 3408 4222 ·
3449 4195 3508 4246 ὲν
3537 4192 3651 4265 γὰρ
3683 4195 3751 4264 τῇ

2164 4292 2323 4361 φύσει
2347 4289 2452 4343 τῶν
2480 4289 2669 4353 ὅντων,
2708 4286 2805 4360 μία
2837 4289 2870 4358 ἡ
2907 4287 3038 4359 περὶ
3065 4287 3294 4340 ἑκάστου
3327 4284 3577 4356 ἀλήθεια.
3601 4286 3666 4338 Εἰ
3695 4285 3752 4338 δὲ

2163 4383 2389 4456 ἀλήθεια
2426 4383 2544 4454 μία,
2572 4381 2814 4454 δηλονότι
2835 4380 2929 4436 καὶ
2949 4382 2983 4452 ἠ
3015 4379 3328 4449 κατασκευὴ
3361 4377 3535 4449 αὐτῆς
3581 4378 3678 4432 καὶ
3719 4379 3754 4446 ἡ

2163 4473 2433 4541 ἀπόδειξις
2463 4475 2622 4545 σοφία
2650 4473 3014 4544 τυγχάνουσα,
3052 4472 3148 4543 μία
3179 4471 3414 4540 εὐλόγως
3445 4469 3511 4524 ἂν
3553 4471 3753 4538 νοοῖτο,

2165 4567 2346 4637 πάσης
2391 4567 2490 4638 τῆς
2533 4564 2893 4638 νομιζομένης
2921 4564 3146 4634 σοφίας,
3205 4564 3265 4616 ού
3313 4561 3627 4635 κρατούσης
3654 4562 3752 4632 τῆς

2163 4659 2421 4730 ἀληθείας
2443 4701 2458 4721 ,
2498 4658 2618 4712 οὐδὲ
2653 4658 2844 4728 σοφίας
2875 4657 2941 4711 ἂν
2975 4657 3144 4727 ὑγιῶς
3183 4655 3650 4729 χρηματιζούσης.
3688 4655 3752 4708 ΕΞ

2161 4752 2207 4806 δ’
2239 4752 2466 4823 ἀλήθεια
2499 4749 2614 4823 μία,
2645 4750 2740 4804 καὶ
2783 4750 2942 4820 σοφία
2990 4750 3119 4822 μία,
3157 4750 3251 4804 καὶ
3280 4749 3452 4817 Λόγος
3505 4749 3534 4801 6
3568 4750 3755 4818 ἀπαγ-

2164 4844 2370 4914 γέλλων
2392 4843 2490 4915 τὴν
2533 4841 2790 4914 ἀλήθειαν
2818 4842 2911 4895 καὶ
2938 4841 3035 4914 τὴν
3067 4841 3256 4911 σοφίαν
3299 4841 3487 4896 ἁπλῶν
3511 4843 3609 4896 καὶ
3646 4859 3753 4913 φα·-

489 4933 536 4986 si
579 4933 780 4988 veritas
827 4947 954 4998 una,
997 4942 1053 4986 et
1089 4931 1353 5000 Sapientia
1391 4947 1496 4986 una
1539 4942 1660 5000 est,
1706 4949 1846 4989 unus
1894 4937 2054 4990 etiam

2164 4936 2338 5008 νερῶν
2369 4937 2450 4998 εἰς
2471 4935 2598 4998 τοὺς
2642 4935 3015 5005 χωρητικοὺς,
3072 4927 3154 4997 εἷς
3197 4933 3263 4986 ἂν
3306 4933 3586 5003 τυγχάνοι.
3636 4935 3751 4988 Καὶ

489 5025 684 5082 Sermo
715 5028 787 5082 sit
809 5034 1046 5096 oportet,
1075 5024 1402 5080 annuntians
1425 5027 1730 5093 veritatem,
1751 5036 1807 5084 et
1846 5031 2059 5099 sapien-

493 5121 621 5175 tiam
655 5135 837 5176 rerum
868 5134 1056 5174 earum
1089 5133 1210 5188 quae
1260 5119 1538 5192 simplices
1567 5130 1696 5176 sunt
1732 5131 1786 5178 et
1833 5134 2057 5193 apertae,

488 5213 555 5267 ad
588 5212 694 5283 55
732 5226 826 5266 eos
866 5209 955 5280 qui
989 5219 1116 5265 sunt
1147 5225 1400 5279 capaces.
1433 5211 1541 5266 Nec
1570 5213 1671 5268 hoc
1696 5212 1926 5270 dicimus
1964 5231 2058 5270 ne-

489 5317 680 5376 gantes
705 5318 825 5359 esse
853 5302 1139 5358 veritatem
1173 5315 1228 5359 et
1255 5305 1606 5376 sapientiam,
1632 5316 1687 5363 et
1731 5293 2056 5365 Sermonem

487 5398 609 5462 Dei,
644 5396 738 5452 sed
769 5395 1116 5451 ostendentes
1163 5397 1450 5453 utilitatem
1493 5396 1562 5454 ob
1609 5413 1771 5467 quam
1815 5414 2052 5469 evange-

489 5486 613 5540 lista
650 5484 865 5539 reticuit
889 5483 983 5540 Dei
1014 5485 1358 5552 vocabulum,
1394 5502 1498 5543 non
1524 5487 1800 5542 scribens:
1823 5489 1874 5542 In
1902 5489 2054 5557 prin-

486 5573 632 5643 cipio
673 5583 794 5628 erat
832 5573 1025 5629 Sermo
1059 5575 1172 5630 Dei.
1208 5575 1352 5629 Idem
1397 5588 1576 5631 autem
1615 5577 1852 5634 Joannes
1888 5580 2052 5633 etiam

482 5677 609 5722 cum
637 5663 908 5721 additione
943 5683 961 5718 ι
996 5666 1085 5721 Dei
1117 5685 1134 5718 ›
1175 5667 1419 5725 nominat
1435 5684 1558 5724 eum
1596 5670 1648 5723 in
1683 5670 2038 5740 Apocalypsi,

553 5796 604 5831 ⁸⁸
629 5798 649 5852 l
679 5797 803 5856 Cor.
841 5816 898 5868 ll,
925 5801 978 5856 2.
1055 5804 1095 5836 ⁸⁸
1119 5803 1272 5860 Joan.
1301 5820 1341 5870 ι,
1384 5806 1436 5870 l,
1471 5803 1526 5859 2.
1595 5807 1639 5836 ⁸³
1669 5803 1804 5860 Gen.
1828 5821 1866 5870 ι,
1896 5809 1945 5861 1.

2163 5029 2283 5098 οὐχὶ
2310 5027 2483 5082 ταῦτά
2522 5042 2702 5097 φαμεν
2735 5025 3058 5097 ἀρνούμενοι
3095 5024 3192 5096 τὴν
3227 5024 3485 5095 ἀλήθειαν
3517 5026 3616 5079 καὶ
3646 5028 3753 5098 τὴν

2165 5121 2355 5189 σοφίαν
2381 5120 2476 5173 καὶ¹
2499 5119 2590 5172 τὸν
2612 5119 2784 5187 Λόγον
2816 5115 2956 5173 εἶναι
2976 5117 3068 5172 τοῦ
3096 5115 3253 5180 Θεοῦ,
3279 5115 3414 5170 ἀλλά
3435 5117 3754 5185 δεικνύντες

2159 5213 2220 5264 τὸ
2242 5213 2508 5282 χρήσιμον
2533 5209 2628 5264 τοῦ
2686 5210 3056 5282 σεσιωπῆσθαι
3092 5207 3185 5261 τοῦ
3209 5207 3365 5273 Θεοῦ,
3391 5210 3487 5262 καὶ
3515 5209 3591 5282 μὴ
3619 5213 3755 5268 ἀνα-

2169 5297 2508 5370 γεγράφθαι*
2544 5317 2563 5350 t
2610 5300 2698 5353 Ἐν
2727 5300 2874 5372 ἀρχῇ
2902 5297 2970 5372 ἦν
3002 5303 3031 5355 ὁ
3074 5301 3245 5371 Λόγος
3283 5303 3376 5358 τοῦ
3417 5304 3579 5362 Θεοῦ.
3640 5309 3762 5367 ’,⁸0

2171 5389 2332 5450 αὐτὸς
2369 5387 2426 5441 δὲ
2462 5388 2716 5461 Ἰωάννης
2761 5393 2821 5444 ἐν
2864 5395 2928 5462 τῇ
2959 5393 3326 5465 Ἀποκαλύψει
3352 5397 3446 5449 καὶ
3482 5398 3626 5469 μετὰ
3659 5400 3762 5467 τῆς

2161 5485 2479 5559 προσθήκης
2493 5485 2654 5540 αὑτὸν
2685 5484 2939 5556 ὀνομάζει
2965 5485 3064 5556 τῆς
3095 5504 3112 5536 t
3144 5483 3331 5550 Θεοῦ,›
3353 5484 3557 5554 λέγων·
3589 5507 3609 5539 ι
3637 5490 3757 5542 Καὶ

2160 5577 2298 5631 είδον
2327 5576 2554 5647 οὐρανὸν
2587 5577 2928 5648 ἀνεῳγμένον
2948 5616 2963 5641 ,
3013 5575 3122 5630 ἰδοῦ
3154 5576 3318 5639 ἵππος
3351 5576 3568 5641 λευκὸς,
3599 5577 3700 5630 καὶ
3719 5577 3746 5629 ὁ

2161 5671 2465 5741 καθήμενος
2489 5670 2576 5722 ἐπ’
2605 5670 2768 5723 αὑτὸν
2797 5667 3130 5743 καλούμενος
3157 5667 3352 5730 Πιστὸς
3388 5669 3484 5721 καὶ
3523 5668 3746 5739 Ἀληθιο

558 5911 671 5987 (88)
710 5916 818 5976 Καὶ
843 5916 912 5990 τῇ
944 5921 1130 5992 σοφίᾳ
1157 5920 1260 5975 καῖ
1276 5919 1348 5990 τῇ
1379 5920 1755 5990 δικαιοσύνῃ.
1793 5919 1952 5995 Lege,
1993 5921 2086 5980 καὶ
2113 5922 2232 5994 τῆς,
2266 5920 2424 5992 σοφία
2457 5918 2663 5991 (supple
2692 5915 3100 5992 προσηγορίας),
3128 5915 3227 5975 mi.
3244 5915 3361 5989 τῆς,
3398 5918 3740 5992 δικαιοσύνη.
