3856 6524
110 375 209 429 ι17

1212 373 1570 433 COMMENT.
1609 373 1676 429 IN
1713 372 1905 431 .IOAN.
1947 376 2189 432 TOMUS
2227 377 2293 432 ll.

3277 387 3301 444 ι
3318 352 3379 445 is

102 492 220 557 νδς,
258 489 358 545 καὶ
395 490 456 546 ὲν
503 491 822 566 δικαιοσύνῃ
869 494 1045 567 κρίνει
1089 497 1185 550 καὶ
1225 498 1471 570 πολεμεῖ.
1529 500 1592 552 Οἱ
1643 498 1679 552 δί

1802 497 1987 553 dicens
2013 496 2059 529 ⁸³
2095 512 2108 552 :
2147 516 2166 548 ι
2209 476 2273 551 Et
2308 494 2416 552 vidi
2444 496 2641 552 cmlum
2673 502 2937 569 apertum,
2970 510 3018 559 et
3044 516 3172 561 ecce
3205 521 3379 580 equus

99 584 379 656 ὀφθαλμοὶ
396 585 567 640 αὐτοῦ
589 586 665 651 ὡς
696 586 826 657 φλὸξ
856 589 1027 661 πυρός
1048 607 1062 622 ο
1092 591 1185 644 καὶ
1215 592 1308 646 ἐπὶ
1334 593 1433 664 τὴν
1456 592 1700 665 κεφαλὴν

101 677 266 732 αὐτοῦ
304 679 625 752 διαδήματα
669 679 842 734 πολλὰ
863 719 878 744 ,
915 681 1057 753 ἔχων
1091 682 1263 755 ὄνομα
1289 685 1696 756 γεγραμμένον,

97 770 126 824 ὃ
155 771 334 836 οὐδεὶς
365 769 510 827 οἶδεν
545 773 596 825 εί
624 772 700 846 μὴ
729 772 921 839 αὐτὸς,
952 774 1048 829 καὶ
1075 774 1539 848 περιϐεϐλημένος
1573 778 1698 853 ἱμά-

95 881 209 919 τιον
243 868 677 940 ὲρῥιντισμένον
711 870 940 941 αἵματι,
981 870 1077 923 καὶ
1127 868 1390 943 ἐκέκλητο
1434 871 1496 925 τὸ
1526 871 1697 944 ὄνομα

95 959 262 1012 αὐτοῦ
293 960 475 1029 Λόγος
525 960 619 1015 τοῦ
659 961 816 1016 Θεοῦ.
854 961 966 1016 Καὶ
1004 961 1073 1016 τὰ
1101 962 1489 1036 στρατεύματα
1530 964 1694 1019 αὐτοῦ

96 1054 152 1105 ὲν
180 1051 264 1123 τῷ
300 1052 529 1125 οὐρανῷ
577 1054 863 1123 ἠκολούθει
915 1053 1065 1127 αὐτῷ
1110 1055 1196 1127 ἐφ’
1230 1057 1417 1122 ἵπποις
1460 1057 1691 1125 λευκοῖς,

95 1145 479 1217 ὲνδεδυμένοις
508 1146 621 1219 (89)
649 1147 901 1218 βύσσινον
934 1149 1204 1222 καθαρὸν,
1235 1151 1328 1205 καὶ
1361 1150 1425 1205 ὲκ
1448 1151 1542 1205 τοῦ
1576 1152 1695 1206 στό-

95 1253 268 1309 ματος
287 1237 458 1292 αὑτοῦ
483 1240 843 1313 ἐκπορεύεται
875 1241 1122 1313 ῥομφαία
1153 1241 1325 1310 ὀξεῖα,
1350 1243 1437 1298 ἵνα
1463 1245 1520 1298 ὲν
1553 1245 1690 1318 αὐτῇ

97 1330 316 1404 πατάξῃ
365 1331 437 1385 τὰ
500 1331 627 1405 ἔθνη
653 1372 669 1398 ,
724 1333 820 1387 καὶ
874 1333 1040 1398 αὐτὸς
1092 1338 1352 1407 ποιμανεῖ
1392 1336 1591 1401 αὐτοὺς
1634 1338 1693 1391 ὲν

96 1423 279 1495 ῥάϐδῳ
308 1425 533 1499 σιδηρᾷ,
569 1427 662 1480 καὶ
692 1426 856 1491 αὐτὸς
890 1429 1054 1482 πατεῖ
1084 1429 1185 1501 τὴν
1216 1428 1376 1501 ληνὸν
1403 1428 1496 1483 τοῦ
1545 1430 1691 1485 οἴνου

94 1514 189 1585 τῆς
217 1515 399 1588 ὀργῆς
430 1516 528 1572 τοῦ
568 1518 746 1590 θυμοῦ
780 1520 890 1591 (90)
924 1520 1018 1574 τοῦ
1072 1519 1209 1574 Θεοῦ
1240 1519 1335 1575 τοῦ
1381 1522 1691 1595 παντοκρά-

91 1623 284 1681 τορος,
342 1610 441 1663 καὶ
492 1608 604 1681 ἔχει
651 1612 743 1665 ἐπὶ
785 1612 844 1666 τδ
891 1613 1107 1685 ἱμάτιον
1129 1616 1224 1668 καὶ
1258 1615 1351 1670 ἐπὶ
1397 1616 1488 1670 τὸν
1517 1618 1690 1690 μηρὸν

90 1699 257 1753 αὐτοῦ
303 1700 482 1773 ὄνομα
532 1704 962 1776 γεγραμμένονο
1007 1706 1065 1760 Ὀ
1093 1707 1355 1773 Βασιλεὺς
1402 1708 1688 1777 βασιλέων,

93 1793 182 1845 καὶ
212 1791 427 1863 Κύριος
462 1795 688 1867 κυρίων.
734 1814 754 1848 ι
803 1796 1142 1867 ’Δναγκαίως
1174 1799 1233 1852 δὲ
1281 1801 1375 1855 καὶ
1405 1800 1690 1868 ἁπολύτως

92 1884 305 1955 εῖρηται
348 1885 446 1940 καὶ
513 1863 725 1957 Λόγυς,
769 1890 863 1942 καὶ
911 1863 1051 1961 μετὰ
1118 1891 1438 1966 προσθήκης
1501 1863 1693 1965 Λόγος
1725 1863 1766 1919 Β

93 1974 195 2029 τοῦ
224 1976 404 2032 Θεοῦ.
437 1972 541 2033 Ὧν
571 1982 620 2033 εί
658 1981 719 2035 τὸ
747 1980 932 2054 ἕτερον
960 1983 1268 2057 σεσιώπητο
1287 2027 1300 2051 ,
1343 1986 1599 2058 ἀφορμὰς
1625 1986 1692 2043 ἂν

92 2069 311 2141 εἴχομεν
342 2071 442 2127 τοῦ
484 2075 891 2147 παραδέξασθαι
927 2078 1075 2150 (91),
1124 2081 1220 2135 καὶ
1254 2081 1551 2138 ἀποπεσεῖν
1591 2085 1692 2158 τῆς

93 2165 218 2236 περὶ
253 2166 359 2236 τῆς
395 2168 594 2238 Λόγου
626 2169 904 2242 ἀληθείας.
946 2172 1011 2225 Εἰ
1050 2173 1161 2247 γὰρ
1196 2175 1389 2246 Λόγος
1429 2177 1526 2248 μὲν
1563 2178 1692 2232 ἀνα-

100 2257 409 2329 τέγραπτο,
444 2262 639 2330 Λόγος
680 2263 738 2318 δὲ
801 2263 952 2318 Θεοῦ
1006 2267 1082 2339 μὴ
1128 2268 1343 2341 εῖρητο,
1383 2271 1445 2324 οὐ
1503 2271 1690 2341 σαφῶς

91 2350 504 2422 έμανθάνομεν,
560 2354 645 2407 δτι
679 2349 835 2421 οὗτος
879 2358 908 2410 ό
959 2358 1166 2427 Λόγος,
1203 2359 1376 2429 Λόγος
1421 2360 1515 2416 τοῦ
1549 2362 1687 2417 Θεοῦ

92 2444 223 2496 ἐστι.
258 2442 441 2498 Πάλιν
474 2447 527 2499 τ’
563 2441 632 2501 αῦ
673 2449 724 2502 εἰ
746 2450 938 2520 Λόγος
974 2450 1075 2521 μὲν
1097 2449 1205 2506 τοῦ
1234 2453 1384 2507 Θεοῦ
1414 2472 1689 2528 προσηγο-

92 2534 296 2605 ρεύετο,
323 2539 597 2607 Λόγοςδὲ
618 2540 902 2604 ἀπολύτως
933 2543 1036 2598 οὐκ
1074 2545 1281 2619 εἴρητο,
1324 2545 1429 2602 κᾶν
1460 2548 1687 2615 πολλοὺς

92 2625 291 2696 Λόγους
324 2629 769 2698 ἀναπλάσσοντες
803 2634 943 2690 κατὰ
976 2636 1077 2710 τὴν
1122 2638 1261 2710 πρὸς
1302 2639 1534 2695 ἕκαστον
1573 2641 1685 2695 τῶν

92 2719 318 2786 λογικῶν
348 2721 577 2792 σχέσιν,
614 2725 792 2798 μάτην
812 2727 879 2782 ἂν
909 2729 1143 2796 πολλοὺς
1174 2731 1383 2805 κυρίως
1424 2734 1686 2805 ὀνομαζο-

94 2810 283 2879 μένους
329 2814 770 2888 παρεδεξὰμεθα.
819 2820 1016 2886 Καλῶς
1064 2824 1247 2893 μέντοι
1277 2840 1342 2891 γε
1368 2824 1685 2899 διαγράφων

91 2901 155 2954 τὲ
200 2907 330 2980 περὶ
368 2906 467 2960 τοῦ
502 2909 679 2976 Λόγου
720 2910 815 2965 τοῦ
856 2912 993 2968 Θεοῦ
1041 2916 1100 2968 ὲν
1138 2918 1205 2987 τῇ
1240 2916 1604 2988 ’Λποκαλύψει
1655 2919 1684 2972 ὁ

104 2995 444 3063 ’Δπόστολος,
477 2999 572 3053 καὶ
598 3001 629 3053 ό
655 3002 1046 3078 εὐαγγελιστὴς
1064 3047 1079 3073 ,
1110 3007 1211 3080 ἤδη
1253 3008 1311 3062 δὲ
1337 3009 1433 3064 καὶ
1467 3009 1555 3065 διὰ
1582 3012 1684 3085 τῆς

102 3089 527 3161 ’Λποκαλύψεως
584 3095 681 3148 κα).
723 3099 1030 3170 προφήτης,
1089 3101 1223 3172 φησὶ
1272 3101 1366 3157 τὸν
1416 3101 1510 3158 τοῦ
1544 3102 1681 3161 Θεοῦ

1802 589 1983 654 albus,
2012 597 2066 644 et
2094 587 2185 658 qui
2220 587 2444 644 sedebat
2468 603 2632 660 super
2665 603 2787 645 eum
2827 593 3122 648 vocabatur
3152 595 3377 667 Fidelis,

1799 691 1856 738 et
1893 678 2090 747 Verax,
2120 688 2176 735 et
2207 679 2494 749 iniustitia
2521 679 2734 750 iudicat
2762 692 2818 738 et
2847 695 3073 756 pugnat.
3103 685 3255 744 Oculi
3282 707 3379 746 au-

1799 785 1909 833 tem
1946 772 2086 843 ejus,
2109 773 2251 828 sicut
2276 772 2492 828 ﬂamma
2516 773 2658 845 ignis
2690 790 2704 827 :
2737 783 2793 832 et
2822 776 2876 831 in
2909 778 3085 847 capite
3109 777 3228 849 ejus
3255 783 3376 838 dia-

1799 868 2015 923 demata
2048 865 2237 932 multa,
2270 865 2478 923 habens
2505 882 2703 922 nomen
2729 868 3014 940 scriptum,
3043 873 3187 943 quod
3217 889 3378 933 nemo

1797 959 1949 1016 novit
1969 957 2071 1015 nisi
2101 958 2236 1029 ipse,
2265 964 2323 1014 et
2342 958 2564 1014 indutus
2582 968 2701 1015 erat
2730 969 2880 1015 veste
2900 961 3068 1017 tincta
3091 966 3377 1035 sanguine.

1797 1051 1865 1107 Ει
1887 1061 2123 1108 vocatur
2162 1064 2362 1107 nomen
2404 1051 2542 1123 ejus,
2597 1052 2790 1109 Sermo
2822 1052 2939 1109 Dei.
2975 1054 3041 1110 Et
3080 1057 3376 1125 exercitus,

1797 1145 1888 1215 qui
1920 1154 2045 1201 sunt
2075 1142 2131 1199 in
2175 1144 2336 1211 ctelo,
2375 1142 2748 1215 sequebantur
2775 1158 2898 1199 eum
2941 1145 2994 1201 in
3024 1148 3181 1217 equis
3212 1148 3376 1217 albis,

1796 1238 1979 1293 vestiti
2006 1238 2234 1311 byssino
2257 1240 2402 1307 albo,
2432 1247 2486 1294 et
2526 1254 2682 1310 puro,
2720 1247 2777 1294 et
2813 1255 2879 1296 ex
2910 1254 3006 1296 ore
3036 1237 3157 1315 ejus
3187 1258 3376 1313 proce-

1795 1331 1875 1387 dit
1902 1332 2111 1401 gladius
2154 1342 2368 1398 acutus,
2411 1340 2469 1387 ut
2508 1348 2574 1389 eo
2615 1333 2884 1401 percutiat
2926 1343 3137 1412 gentes,
3171 1345 3227 1390 et
3262 1337 3375 1408 ipse

1796 1431 1946 1494 reget
1974 1437 2070 1497 eos
2101 1424 2251 1496 virga
2298 1424 2499 1489 ferrea,
2540 1434 2597 1479 et
2631 1424 2745 1496 ipse
2773 1424 2946 1480 calcat
2982 1427 3225 1482 torcular
3260 1427 3374 1483 vini

1795 1512 1888 1570 ira:
1905 1514 2102 1571 furoris
2130 1516 2225 1572 Dei
2249 1515 2734 1587 omnipotentis,et
2760 1515 2921 1571 habet
2947 1516 2998 1571 in
3023 1519 3373 1589 vestimento,

1793 1615 1848 1662 et
1908 1606 1965 1663 in
2006 1606 2219 1665 femore
2259 1624 2357 1665 suo
2392 1622 2589 1663 nomen
2640 1614 2949 1682 scriptum:
2988 1610 3104 1668 Rex
3157 1627 3372 1682 regum,

1792 1710 1846 1756 et
1877 1701 2141 1757 Dominus
2175 1700 2598 1757 dominantium.
2632 1720 2651 1754 ι
2693 1703 2800 1758 Sed
2841 1704 3150 1760 necessario
3190 1714 3246 1760 et
3279 1706 3373 1762 ab-

1793 1791 1972 1849 solute
2020 1793 2202 1862 posuit
2246 1790 2487 1847 Joannes
2528 1792 2852 1848 vocabulum
2902 1793 3126 1861 Sermo,
3164 1804 3373 1852 etcum

1793 1886 2097 1956 adjectione
2110 1885 2298 1952 etiam,
2328 1883 2517 1941 Sermo
2542 1883 2661 1939 Dei.
2686 1883 2820 1940 Nam
2842 1885 2887 1941 si
2917 1886 3149 1943 alterum
3175 1892 3372 1947 tacuisc

1793 1988 1898 2044 set,
1923 1978 2268 2034 occasionem
2302 1977 2541 2032 habituri
2574 1991 2797 2033 eramus
2831 1988 3034 2049 prazter
3055 1994 3372 2052 germanam

1793 2070 2123 2127 sententiam
2190 2070 2549 2141 intelligendi,
2606 2078 2661 2125 et
2705 2072 2998 2128 abcrrandi
3050 2088 3080 2128 a
3140 2074 3371 2129 veritate

1792 2164 1957 2233 hujus
1987 2163 2239 2220 vocabuli
2288 2161 2516 2218 Sermo:
2547 2178 2612 2219 ac
2660 2165 2705 2220 si
2751 2165 3000 2222 absolute
3056 2168 3369 2237 scripsisset

1790 2254 2047 2321 Joannes,
2093 2252 2422 2318 Sermonem.
2448 2269 2550 2311 nec
2578 2255 2809 2313 dixisset
2850 2261 3016 2313 etiam
3053 2273 3176 2314 cum
3222 2258 3365 2330 adje-

1790 2349 1992 2417 ctione,
2034 2346 2341 2403 Sermonem
2387 2347 2524 2415 Dei,
2583 2362 2690 2404 non
2752 2348 3136 2405 didicissemus
3187 2361 3370 2422 aperte

1790 2440 1947 2496 hunc
1989 2440 2308 2497 Sermonem
2357 2456 2480 2498 esse
2536 2440 2857 2497 Sermonem
2912 2441 3031 2498 Dei.
3089 2442 3295 2500 Rursus
3325 2446 3371 2499 si

1791 2530 2097 2586 Sermonem
2144 2529 2243 2585 Dei
2283 2530 2548 2598 dixisset,
2601 2546 2703 2588 nec
2744 2532 2991 2590 absolute
3030 2532 3367 2604 Sermonem,

1790 2623 2177 2695 etiam.multos
2195 2622 2487 2681 Sermones
2504 2625 2769 2696 ﬁngentes
2781 2625 2939 2695 juxta
2961 2627 3279 2683 relationem
3303 2630 3371 2682 ad

1788 2731 2230 2789 unumquemque
2257 2732 2447 2773 eorum
2478 2718 2570 2790 qui
2600 2733 2853 2775 sermone
2880 2735 2944 2775 ac
2967 2721 3176 2777 ratione
3207 2729 3371 2777 utun-

1789 2820 1898 2878 tur,
1934 2810 2136 2866 frustra
2164 2810 2364 2867 multos
2389 2810 2609 2881 proprie
2648 2810 2730 2866 sic
2758 2811 3069 2867 nominatos
3105 2812 3370 2868 admisis-

1787 2916 1991 2959 semus.
2025 2900 2212 2971 Itaque
2259 2911 2409 2958 recte
2443 2901 2723 2973 apostolus
2761 2910 2817 2957 et
2853 2900 3210 2971 evangelista,
3252 2900 3369 2972 jam

1784 3008 1916 3050 vero
1939 2993 2106 3050 etiam
2147 3002 2375 3065 propter
2414 2994 2779 3066 Apocalypsin
2810 2997 3100 3065 propheta,
3158 2993 3368 3049 descri-

1785 3088 1922 3145 bens
1962 3088 2015 3143 in
2048 3086 2375 3159 Apocalypsi
2421 3086 2742 3143 Sermonem
2779 3087 2898 3152 Dei,
2929 3099 2990 3142 se
3019 3085 3112 3141 Dei
3145 3085 3368 3141 Sermo-

92 3181 258 3249 Λόγον
292 3183 604 3254 ἑωρακέναι
636 3187 694 3241 ἐν
728 3189 991 3259 ἀνεῳγότι
1022 3189 1101 3262 τῷ
1135 3191 1373 3263 οὐρανῷ,
1409 3193 1494 3263 ἐφ’
1529 3194 1679 3268 ῖππῷ

1789 3197 1908 3238 nem
1941 3180 2143 3236 vidisse
2168 3180 2364 3250 inquit,
2393 3187 2587 3250 aperto
2615 3179 2777 3247 caelo,
2805 3195 2947 3250 equo
2977 3178 3100 3235 albo
3125 3187 3367 3237 vectum.

91 3272 261 3345 λευκῷ
301 3275 622 3348 ὀχούμενον.
669 3279 735 3331 Τί
760 3280 818 3334 δὲ
863 3281 1159 3337 αἰνίττεται
1190 3283 1254 3338 τὸ
1283 3284 1557 3357 ἀνεῷχθαι
1589 3288 1679 3343 τὸν

90 3368 342 3439 οὐρανὸν,
373 3371 472 3424 καὶ
501 3372 530 3425 ό
563 3371 757 3438 λευκὸς
787 3375 986 3441 ἵππος,
1015 3378 1111 3431 καὶ
1147 3377 1207 3432 τὸ
1233 3378 1320 3433 ἐπ’
1348 3378 1513 3435 αὑτοῦ
1547 3381 1681 3436 καθ-

94 3457 304 3522 έζεσθαι
352 3461 449 3515 τὸν
496 3463 834 3537 καλούμενον
877 3467 973 3523 τοῦ
1019 3469 1156 3523 Θεοῦ
1196 3472 1403 3541 Λόγον,
1443 3473 1582 3545 πρὸς
1616 3474 1680 3528 τὸ

94 3546 227 3605 εἶναι
256 3552 394 3607 Θεοῦ
429 3555 606 3625 Λόγον
651 3559 746 3613 κα)⁸
801 3561 990 3616 πιστὸν
1034 3563 1128 3616 καὶ
1165 3564 1420 3638 ἀληθινὸν
1439 3605 1454 3630 ,
1495 3566 1590 3620 καὶ
1619 3568 1679 3621 ὲν

91 3642 395 3720 δικαιοσύνῃ
426 3651 720 3721 κρινοῦντα
733 3653 867 3726 (91')
887 3657 978 3709 καὶ
1005 3657 1344 3730 πολεμοῦντα
1363 3659 1674 3732 λεγόμενον,

68 3741 470 3809 ηϊατανοσιτέον,
502 3744 592 3798 ἴνα
619 3742 700 3798 ἔτι
723 3747 923 3816 μᾶλλον
949 3748 1406 3823 προϐιϐασθιῖψεν
1422 3751 1499 3823 τῷ
1515 3752 1677 3807 ἐκλα-

94 3828 206 3883 ϐεῖν
263 3832 330 3886 τὰ
363 3836 498 3905 περὶ
543 3834 641 3889 τοῦ
696 3838 868 3909 Λόγου
898 3839 993 3894 τοῦ
1038 3840 1198 3897 Θεοῦ.
1253 3842 1579 3899 Κεκλεῖσθαι
1616 3844 1675 3899 δὲ

95 3922 325 3994 ἡγοῦμαι
372 3926 467 3979 τὸν
489 3927 721 3999 οὐρανὸν
763 3933 876 3995 τοῖς
912 3932 1169 3998 ἀσεϐέσι,
1218 3936 1310 3988 καὶ
1348 3935 1448 4008 τὴν
1490 3936 1675 3991 εἰκόνα

93 4014 182 4067 τοῦ
215 4017 396 4086 χοῐκοῦ
436 4019 699 4092 φέρουσιν
721 4063 736 4086 ,
768 4022 1040 4096 ἀνεῷχθαι
1073 4025 1131 4078 δὲ
1164 4029 1277 4091 τοῖς
1317 4028 1547 4094 δικαίοις
1580 4031 1674 4085 κα)⁵

96 4109 526 4181 κεκοσμημένοις
569 4114 638 4183 τῇ
672 4111 769 4166 τοῦ
820 4115 1149 4188 ἐπουρανίου
1188 4118 1302 4191 (92)
1328 4120 1531 4174 εἰκόνι·
1563 4123 1675 4187 τοῖς

98 4200 191 4269 μιν
216 4203 322 4275 γὰρ
341 4245 357 4269 ,
410 4206 510 4260 ἅτε
561 4209 714 4263 κάτω
744 4212 1071 4282 τυγχάνουσι
1097 4252 1112 4278 ,
1164 4215 1262 4268 καὶ
1302 4216 1362 4268 ὲν
1392 4216 1558 4288 σαρκὶ
1590 4216 1671 4270 ἔτι

96 4293 420 4367 ὑπάρχουσιν
455 4300 882 4357 ἁποκέκλεισται
918 4301 989 4357 τὰ
1016 4305 1339 4376 κρείττονα,
1385 4307 1445 4360 ού
1478 4308 1675 4361 συνιεῖ-

100 4402 176 4439 σιν
197 4388 333 4443 αύτά
353 4431 369 4455 ,
399 4390 523 4444 οὐδὲ
546 4391 609 4445 τὸ
639 4392 835 4457 κάλλος
859 4394 1039 4449 αὐτῶν
1063 4394 1382 4467 δυναμένοις
1400 4437 1414 4463 ,
1447 4396 1571 4451 ἐπεὶ
1596 4396 1671 4470 μὴ

1786 3274 1926 3342 Quid
1970 3287 2102 3330 vero
2148 3272 2338 3328 innuat
2380 3272 2503 3327 ειειί
2548 3271 2780 3342 apertio,
2814 3282 2870 3329 ει
2894 3287 3070 3344 equus
3093 3272 3279 3339 albus,
3312 3282 3367 3328 et

1785 3382 1950 3439 super
1978 3368 2155 3438 ipsum
2191 3364 2367 3422 sessio
2402 3364 2547 3421 illius
2578 3367 2671 3436 qui
2711 3364 2908 3421 Sermo
2953 3365 3048 3421 Dei
3092 3374 3325 3422 vocatur
3347 3404 3366 3432 ,

1783 3459 1875 3530 qui
1906 3458 2095 3526 etiam,
2121 3467 2486 3529 praeterquam
2513 3468 2598 3516 est
2631 3457 2826 3514 Sermo
2872 3458 2992 3524 Dei,
3022 3457 3197 3513 ﬁdelis
3228 3458 3365 3513 dici-

1786 3564 1894 3617 tur,
1932 3560 1988 3609 et
2027 3567 2213 3621 verax,
2254 3561 2310 3609 et
2375 3553 2428 3608 in
2471 3552 2689 3621 justitia
2733 3552 2989 3625 judicans
3036 3560 3091 3606 et
3132 3550 3362 3617 bellans,

1780 3645 2243 3703 considerandum
2270 3653 2389 3711 est,
2423 3655 2482 3700 ut
2514 3659 2583 3701 eo
2613 3646 2787 3716 magis
2817 3643 3193 3714 proﬁciamus,
3237 3655 3364 3698 cum

1781 3734 2216 3792 intellexerimus
2263 3748 2383 3805 quae
2425 3735 2494 3789 ad
2540 3734 2633 3790 Dei
2691 3734 3010 3790 Sermonem
3064 3733 3361 3804 pertinent.

1779 3826 2014 3883 Proinde
2038 3826 2274 3884 arbitror
2295 3841 2397 3899 ego
2432 3826 2615 3898 impiis
2641 3835 2697 3882 et
2725 3834 3040 3883 terrestrem
3069 3826 3361 3897 imaginem

1778 3918 2116 3990 gerentibus,
2144 3919 2342 3975 cmlum
2366 3932 2488 3975 esse
2524 3918 2797 3984 clausum,
2839 3926 3087 3990 apertum
3111 3932 3243 3973 vero
3267 3917 3363 3988 ju-

1777 4011 1900 4077 stis,
1930 4009 2040 4083 5‘6
2087 4020 2143 4066 et
2178 4011 2264 4067 his
2304 4012 2396 4082 qui
2435 4011 2681 4083 insigniti
2714 4010 2916 4066 fuerint
2946 4010 3358 4082 superetelestis

1778 4106 2038 4177 imagine.
2069 4104 2339 4160 Nimirum
2376 4106 2560 4176 impiis
2591 4107 2808 4177 quidem
2853 4106 3002 4160 humi
3051 4106 3358 4161 etiamnum

1776 4201 2109 4270 repentibus,
2148 4208 2203 4254 et
2255 4200 2308 4255 in
2336 4214 2501 4255 carne
2527 4200 2942 4262 exsistentibus,
2970 4199 3354 4271 praestantiora
3467 4259 3470 4262 ,

1775 4302 1904 4348 sunt
1930 4291 2141 4359 clausa,
2171 4295 2297 4362 quia
2347 4307 2457 4348 non
2514 4293 2822 4365 intelligant
2866 4306 2929 4347 ea
2953 4332 2968 4358 ,
3004 4305 3107 4348 nec
3144 4292 3360 4363 possint

1773 4399 1962 4441 eorum
1987 4386 2447 4456 pulchritudinem
2470 4388 2620 4458 (quia
2644 4385 2857 4457 nolunt)
2876 4385 3168 4456 dispicere,
3196 4385 3357 4454 proni

99 4478 395 4549 Priimus,
448 4488 753 4550 κατανοεῖν,
803 4486 1207 4555 συγκύπτοντες
1254 4488 1401 4560 (9'5),
1454 4489 1549 4543 καὶ
1596 4489 1670 4562 μὴ

1794 4494 1875 4534 nec
1913 4481 2130 4550 erigere
2162 4495 2221 4535 se
2251 4490 2534 4547 conantes,
2568 4496 2691 4536 cum
2720 4480 2855 4552 justi
2895 4491 2951 4535 et
2993 4470 3354 4544 excellentes,

96 4573 408 4639 ὲπιδιδόντες
433 4577 632 4641 αὐτοὺς
665 4579 746 4642 είς
774 4578 835 4631 τὸ
862 4578 1196 4634 ἀνακύπτειν
1216 4598 1229 4611 ο
1259 4558 1373 4644 τοῖς
1404 4580 1461 4634 δὲ
1483 4558 1669 4652 διαφέέ

1792 4571 1905 4640 ιιιίιι
1929 4571 2021 4642 jus
2047 4572 2283 4626 civitatis
2322 4571 2374 4625 in
2404 4573 2560 4628 caelis
2590 4572 2827 4628 habeant
2848 4572 2918 4638 ",
2948 4572 3195 4627 caelestia
3225 4585 3359 4626 con-

100 4679 301 4732 ρουσιν,
349 4667 451 4721 ἆτε
496 4668 558 4721 τὸ
584 4668 886 4740 πολίτευμα
936 4669 1149 4741 ἔχουσιν
1190 4674 1250 4726 ὲν
1280 4672 1564 4744 οὐρανοῖς,
1600 4672 1669 4727 τὰ

98 4755 309 4829 οὐράνια
339 4762 408 4831 τῇ
433 4760 606 4816 κλειδὶ
628 4762 723 4817 τοῦ
746 4763 913 4818 Δαυῖδ
935 4764 1145 4835 ἀνέῳγε
1166 4762 1539 4837 θεωρούμενα,
1572 4764 1667 4819 τοῦ

100 4844 226 4900 θείου
252 4851 429 4918 Λόγου
466 4851 776 4922 ἀνοίγοντος
806 4853 967 4919 αὐτὰ,
1000 4856 1095 4908 καὶ
1133 4853 1522 4926 σαφηνίζοντος
1540 4894 1554 4920 ,
1582 4854 1670 4909 διὰ

98 4938 181 4991 τοῦ
201 4942 445 5012 ὀχεῖσθαι
468 4944 643 5017 ἴπταρ,
666 4948 872 5015 φωναῖς
902 4945 970 5001 τὰ
992 4947 1366 5018 σημαινόμενα
1392 4947 1669 5018 ἀπαγγελ-

101 5031 332 5100 λούσαιςο
358 5036 571 5109 λευκῷ,
624 5038 711 5093 διὰ
734 5039 795 5092 τὸ
824 5039 1055 5110 φανερὸν
1088 5039 1182 5093 καὶ
1227 5038 1290 5092 τὸ
1318 5038 1540 5104 λευκὸν,
1572 5040 1668 5093 καὶ

104 5128 342 5192 μάντεών
369 5131 472 5201 τῆς
502 5127 778 5200 γνώσεως.
806 5132 1109 5199 Καθέζεται
1139 5132 1195 5187 δὲ
1224 5133 1316 5187 ἐπὶ
1353 5133 1445 5187 τὸν
1474 5133 1665 5187 λευκὸν

108 5215 251 5273 tm
289 5222 321 5276 ό
361 5221 700 5294 καλούμενος
722 5224 956 5293 Πιστὸς,
1003 5224 1287 5298 ἱδρυμένος
1320 5224 1663 5299 βεϐαιότερον

164 5335 205 5368 ⁸³
228 5337 399 5409 Apoc.
436 5353 560 5405 nx,
601 5339 663 5394 ll
700 5347 756 5397 et
780 5354 896 5413 seq.
973 5340 1022 5374 “
1048 5339 1282 5412 Philipp.
1317 5356 1404 5407 ιιι,
1439 5341 1533 5397 20.

166 5452 267 5530 (ἓξ)
319 5453 796 5530 Ὲζδξδυμένοές-
815 5455 966 5530 Lege
992 5454 1350 5530 ἐνδεδυμένα-

170 5523 270 5595 (90)
312 5524 430 5580 Τοῦ
460 5523 676 5595 θυμοῦ.
708 5523 1052 5583 Desideratnr
1086 5529 1139 5582 in
1174 5523 1418 5584 editione
1457 5527 1655 5593 Huetii,

114 5592 487 5665 salisuppletnr
505 5592 547 5649 θ’
573 5597 732 5649 codd.
765 5596 1055 5653 Bodleiano
1082 5608 1136 5652 et
1162 5598 1482 5656 Barberino.

185 5664 268 5730 9i)
304 5664 791 5731 Hapao‘éé‘aoﬂat,
829 5677 934 5724 etc.
978 5667 1133 5724 Nullo
1168 5684 1334 5724 sensu
1379 5669 1495 5724 haec
1537 5670 1662 5723 red-

116 5732 336 5811 diderunt
376 5732 671 5811 Ferrarius
709 5747 769 5811 et
808 5737 1113 5811 Per-ionius.
1156 5738 1352 5811 Leges1
1388 5739 1658 5811 παρεκβέ-

118 5804 311 5882 ξςπθαι,
365 5808 631 5878 proclivis
690 5808 799 5862 erit
852 5804 1261 5877 interpretatio:
1306 5804 1654 5882 Παρεᾷιδέξοι-

121 5874 214 5933 σθαι
240 5874 416 5939 autem
444 5888 529 5937 est
558 5889 754 5949 preter
783 5874 1086 5951 germanam
1113 5874 1423 5941 sententiam
1455 5874 1657 5941 intelli-

1780 4662 2129 4734 templentur,
2158 4664 2374 4720 Davidis
2395 4665 2534 4721 clavi
2555 4676 2771 4734 aperta,
2798 4680 2990 4735 nempe
3019 4666 3204 4721 divino
3222 4664 3357 4719 Ser-

1778 4771 1940 4813 mone
1964 4758 2244 4829 aperiente
2271 4774 2335 4816 ea
2373 4771 2429 4815 et
2469 4760 2875 4827 manifestante,
2908 4774 2975 4813 eo
3005 4757 3149 4827 quod
3192 4756 3353 4809 veha-

1781 4865 1869 4910 tur
1900 4869 2063 4926 equo,
2101 4855 2203 4911 hoc
2244 4864 2328 4911 est
2360 4856 2587 4912 vocibus
2635 4853 2940 4926 signiﬁcata
2987 4847 3353 4935 renuntianti-

1777 4947 1913 5011 bus;
1939 4947 2085 5015 albo,
2115 4958 2342 5019 propter
2366 4949 2804 5019 perspicuam,et
2833 4941 3142 5007 candidam,
3181 4949 3237 4993 et
3266 4940 3351 4993 lu-

1776 5042 1953 5097 cidam
1973 5041 2357 5112 cognitionem.
2379 5040 2734 5096 Sedetautem
2754 5050 2917 5106 super
2933 5049 3134 5105 equum
3164 5032 3350 5089 album

1775 5132 1862 5189 ille
1893 5134 1986 5204 qui
2034 5142 2258 5189 vocatur
2284 5132 2480 5197 ﬁdelis,
2508 5132 2716 5187 ﬁrmius
2744 5139 2819 5195 et,
2850 5137 2906 5182 ut
2936 5128 3008 5182 ita
3030 5128 3230 5193 dicam,
3265 5138 3349 5180 re-

1773 5226 1948 5298 galius
1986 5226 2231 5283 insidens
2268 5228 2322 5282 in
2365 5226 2610 5291 vocibus,
2654 5240 2775 5297 quae
2813 5222 3052 5281 subverti
3084 5237 3192 5279 non
3219 5235 3357 5301 pos-.

1770 5472 1889 5522 σεῖε
1912 5466 1960 5509 ει
1992 5454 2275 5521 explicare.
2311 5454 2571 5511 "uerius.

1835 5525 1970 5596 (91⁸)
2011 5524 2364 5595 Κρινοῦντα.’
2387 5527 2551 5585 Forte
2583 5524 2925 5596 κρίνοντα,ιιι
2953 5531 3225 5596 congrua}
3249 5538 3346 5579 su.

1769 5592 1989 5670 periqri
2010 5592 2070 5670 et
2093 5595 2463 5670 inferioribus
2484 5592 2678 5670 κρίνει,
2695 5596 2987 5670 κρίνοντα,
3010 5592 3127 5670 ειζιζ
3176 5592 3366 5670 ξοην

1839 5665 1952 5738 (92)
1979 5666 2393 5738 Ἐπουρανίον.
2408 5665 2500 5738 Sic
2513 5663 2670 5738 Codd.
2695 5663 3013 5738 Bodleianus
3025 5663 3165 5738 eti-Ba
3173 5666 3311 5738 rberi
3323 5694 3341 5705 -

1768 5733 1909 5808 nus;
1932 5733 2072 5791 male
2091 5733 2217 5808 vero
2239 5737 2405 5790 editio
2434 5734 2612 5808 liuetii
2641 5736 2693 5790 in
2713 5745 2857 5808 textu
2881 5733 3337 5808 Ιιιιὺειὲπαρνίου.

1837 5807 1950 5878 (95)
1992 5807 2468 5878 Συγκύπτοντες.
2503 5807 2577 5861 lla
2608 5808 2777 5862 codex
2816 5804 3141 5864 Bodleianus
3163 5803 3180 5877 ᾗ
3229 5803 3341 5865 Rev

1762 5881 1880 5951 gius
1908 5876 2036 5936 vero
2060 5888 2113 5935 et
2142 5876 2490 5947 Barberinus,
2519 5878 2902 5948 ὲγκύπτοντες.
