3856 6524
495 322 605 382 119

1982 337 2306 397 ORIGENIS

3674 358 3773 414 HO

488 452 637 511 sunt,
671 459 735 501 ac
765 446 958 515 quovis
983 462 1124 519 equo
1163 448 1409 507 velocius
1448 466 1514 509 ac
1548 452 1785 511 celerius
1809 464 2065 524 currunt,

2175 458 2291 523 καὶ,
2329 459 2394 512 ἶν’
2424 458 2598 525 οὕτως
2621 460 2794 528 εἴπω,
2834 461 3259 540 βασιλικώτερον
3302 468 3363 522 ἐν
3392 473 3602 539 φωναῖς
3641 472 3771 527 ἀνα-

489 549 543 593 et
572 537 742 610 gloria
782 540 832 595 in
863 541 980 611 ipso
1008 542 1210 614 impetu
1252 554 1513 614 superant
1536 545 1912 604 adversarium
1944 565 2065 605 om-

487 646 610 687 nem
662 633 1012 691 simulantem
1065 653 1125 706 se
1164 654 1286 695 esse
1337 638 1702 708 Sermonem,
1766 628 2067 711 itidemque

486 725 837 783 simulantem
885 745 943 785 se
972 745 1094 787 esse
1124 733 1409 787 veritatem
1442 742 1498 790 et
1529 747 1881 806 apparentem
1921 739 2066 793 veri-

489 826 677 874 tatem.
696 816 940 877 Vocatur
967 833 1149 879 autem
1183 825 1358 882 lidelis
1380 827 1471 898 qui
1499 828 1648 883 sedet
1668 827 1720 883 in
1752 844 1892 899 equo
1917 829 2066 895 albo,

490 926 597 966 non
628 913 754 982 quia
791 915 955 970 ﬁdem
987 916 1146 974 alicui
1177 918 1415 988 habeat,
1455 920 1547 976 sed
1573 921 1702 992 quia
1735 921 1841 977 ﬁde
1872 923 2069 992 dignus

489 1004 581 1059 sit.
619 1003 752 1061 Nam
801 1007 950 1064 Mose
992 1017 1130 1067 teste
1172 1012 1241 1080 ⁸⁸,
1286 1013 1462 1069 ﬁdelis
1495 1023 1550 1069 ct
1578 1027 1744 1070 verax
1781 1025 1865 1070 est
1894 1016 2069 1072 Domi-

493 1109 615 1151 nus.
650 1097 826 1154 Verax
855 1109 939 1156 est
958 1102 1122 1157 etiam
1151 1102 1218 1158 ad
1250 1103 1618 1161 dill'erentiam
1662 1104 1891 1172 umbrae,
1921 1118 1977 1163 et
2007 1108 2070 1162 li-

492 1202 663 1257 gurae,
690 1199 747 1244 et
778 1189 1055 1261 imaginis,
1087 1195 1345 1263 quoniam
1382 1195 1505 1253 talis
1532 1205 1616 1253 est
1637 1197 1726 1254 ille
1757 1199 1951 1255 Sermo
1974 1201 2065 1271 qui

488 1290 573 1336 est
615 1282 666 1338 in
691 1283 831 1339 cado
856 1297 1089 1357 aperto;
1133 1303 1238 1344 non
1286 1290 1430 1346 enim
1463 1291 1590 1348 talis
1629 1300 1715 1349 est
1740 1291 1932 1350 Sermo
1961 1306 2071 1350 ter-

488 1375 682 1430 restris
711 1377 889 1447 qualis
914 1379 1323 1451 cmlestis,quia
1348 1380 1522 1437 factus
1540 1397 1671 1438 caro
1697 1399 1794 1455 per
1820 1387 2064 1457 umbras,

486 1474 545 1520 et
579 1467 807 1540 ﬁguras,
844 1480 897 1526 et
927 1472 1191 1543 imagines
1229 1475 1495 1546 loquitur.
1524 1475 1901 1537 Multitudines
1935 1498 2068 1554 ergo

487 1558 680 1617 eorum
716 1562 807 1633 qui
832 1574 1094 1633 putantur
1122 1574 1374 1637 credere,
1407 1573 1599 1629 umbra
1624 1574 1926 1642 Sermonis,
1959 1592 2066 1633 non

484 1665 619 1709 vero
653 1655 745 1712 illo
771 1655 1038 1714 Sermone
1063 1657 1157 1714 Dei
1188 1662 1282 1731 (ιυί
1317 1671 1404 1720 est
1436 1665 1489 1720 in
1528 1665 1672 1722 cmlo
1705 1679 1917 1738 aperto,
1945 1684 2069 1726 eru-

489 1742 738 1800 diuntur.
776 1746 1074 1820 Propterea
1113 1750 1383 1810 Jeremias
1420 1754 1598 1826 inquit
1625 1756 1672 1789 ⁸⁸
1718 1775 1733 1813 :
1768 1775 1789 1810 ι
1830 1756 2068 1830 Spiritus

2172 551 2448 624 τραπῆναι
2505 554 2580 625 μὴ
2626 554 2986 628 δυναμέναις,
3035 559 3239 625 παντὸς
3288 561 3458 617 ἵππου
3507 563 3770 637 ὀξύτερον

2175 645 2272 698 καὶ
2304 644 2491 716 τάχιον
2515 647 2838 718 τρεχούσαις
2860 690 2876 715 ,
2916 652 3013 706 καὶ
3038 653 3576 728 παρευδοκιμούσαις
3609 660 3677 712 ὲν
3705 663 3766 731 τῇ

2176 739 2319 810 φορᾷ
2351 738 2529 794 πάντα
2568 741 2661 797 τὸν
2700 743 3108 819 ἀνταγωνιστὴν
3138 748 3441 821 ὑποκριτὴν
3477 751 3666 820 Λόγου
3689 770 3770 806 νο-

2177 826 2467 901 μιζόμενον
2511 834 2718 903 Λόγον,
2744 836 2841 891 καὶ
2869 837 3127 910 ἀληθείας
3172 838 3436 897 δοκοῦσαν
3475 843 3765 916 ἀλήθειαν.

2176 922 2437 978 Καλεῖται
2462 924 2520 978 δὲ
2545 924 2743 994 Πιστὸς
2768 930 2798 983 6
2827 930 2922 984 ἐπὶ
2953 931 3049 986 τοῦ
3094 933 3289 989 λευκοῦ
3316 936 3483 990 ῖππου
3526 934 3648 1007 (94)
3667 976 3683 999 ,
3709 938 3765 990 οὐ

2173 1011 2263 1068 διὰ
2287 1014 2348 1068 τὸ
2373 1016 2653 1073 πιστεύειν
2670 1059 2685 1084 ,
2716 1020 2839 1075 ὅσον
2865 1021 2957 1077 διά
2984 1023 3045 1076 τὸ
3070 1026 3360 1092 πιστευτδς
3387 1025 3531 1082 εἶναι
3548 1069 3565 1092 ,
3607 1045 3769 1082 τουτ-

2175 1105 2290 1160 έστι
2310 1148 2325 1175 ,
2359 1107 2453 1162 τοῦ
2501 1111 2853 1168 πιστεύεσθαι
2886 1115 3056 1182 ἄξιος.
3102 1117 3308 1190 Κύριος
3336 1118 3465 1193 γὰρ,
3499 1121 3655 1176 κατά
3679 1121 3768 1174 τὸν

2168 1200 2437 1266 Μωῦσέα,
2465 1203 2656 1270 πιστὸς
2678 1207 2774 1261 καὶ
2788 1206 3061 1278 ἀληθινός.
3081 1211 3192 1265 Καὶ
3217 1211 3466 1283 ἀληθινὸς
3480 1213 3599 1286 γὰρ
3628 1213 3765 1285 πρὸς

2176 1286 2583 1369 ἀντιδιαστολὴν
2637 1296 2826 1361 σκιᾶς,
2861 1297 2955 1351 καὶ
2989 1298 3194 1367 τύπου,
3238 1301 3331 1356 καὶ
3362 1303 3607 1369 εἰκόνος·
3643 1305 3767 1359 ἐπεὶ

2175 1376 2415 1443 τοιοῦτος
2442 1368 2493 1434 ’6
2538 1383 2597 1437 ἐν
2628 1383 2708 1456 τῷ
2740 1386 3004 1459 ἀνεῳγότι
3049 1390 3262 1466 ούρανῷ
3293 1393 3485 1463 Λόγος.
3522 1368 3603 1449 Οὐ
3657 1398 3768 1468 γὰρ

2176 1469 2270 1522 ἐπὶ
2301 1469 2406 1541 γῆς
2429 1473 2457 1525 6
2482 1472 2724 1540 τοιοῦτος
2751 1475 2887 1550 (95),
2922 1479 3107 1546 ὁποῖος
3126 1484 3155 1537 6
3182 1485 3242 1537 ὲν
3268 1485 3515 1558 οὐρανῷ,
3543 1486 3649 1541 ἅτε
3678 1505 3767 1559 γε-

2176 1561 2399 1632 νόμενος
2426 1564 2597 1639 σὰρξ,
2631 1570 2725 1623 καὶ
2752 1570 2841 1625 διὰ
2874 1575 3034 1638 σκιᾶς
3066 1573 3162 1628 καὶ
3194 1576 3380 1632 τύπων
3404 1579 3498 1637 καὶ
3532 1581 3766 1635 εἰκόνων

2174 1650 2503 1727 λαλούμενος
2552 1660 2687 1732 (96).
2727 1663 2808 1719 Τά
2854 1665 2914 1719 δὲ
2956 1666 3136 1741 πλήθη
3167 1669 3277 1726 τῶν
3331 1675 3765 1729 πεπιστευκέναι

2175 1747 2545 1821 νομιζομένων
2577 1757 2644 1829 τῇ
2697 1759 2826 1830 σκιᾷ
2867 1758 2965 1813 τοῦ
2994 1762 3193 1832 Λόγου,
3225 1766 3318 1819 καὶ
3345 1766 3466 1837 ούχὶ
3509 1767 3596 1839 τῷ
3624 1768 3764 1841 ἀλη-

485 1835 649 1891 t'aciei
698 1847 900 1894 nostra:
946 1839 1196 1897 Christus
1244 1844 1530 1915 Dominus,
1561 1849 1649 1904 cui
1699 1849 2062 1909 diximuszln

2169 1839 2299 1913 θινῷ
2325 1843 2486 1917 Λόγῳ
2512 1845 2672 1913 Θεοῦ,
2701 1849 2758 1903 ὲν
2778 1850 2857 1922 τῷ
2877 1852 3139 1925 ἀνεῳγότι
3168 1856 3382 1929 οὐρανῷ
3408 1835 3763 1931 τυγχάνοντι,

485 1928 678 1984 umbra
707 1928 880 2002 ipsius
896 1931 1142 1990 vivemus
1165 1934 1220 1989 in
1244 1936 1516 2005 gentibus.
1531 1957 1552 1992 ι
1572 1936 1663 1995 Sic
1687 1939 1850 2012 igitur
1872 1942 2065 2002 Sermo

484 2022 579 2075 ille
609 2021 726 2087 Dei,
759 2023 852 2095 qui
874 2024 1075 2083 Fidelis
1102 2039 1353 2096 vocatur,
1404 2032 1568 2087 etiam
1606 2048 1770 2090 verax
1800 2046 2064 2106 vocatur,

481 2124 537 2168 et
573 2116 624 2170 in
649 2115 859 2186 justitia
893 2116 1102 2187 indicat
1138 2129 1194 2175 et
1247 2121 1444 2178 bellum
1473 2126 1636 2196 gerit,
1660 2132 1806 2199 quod
1845 2127 2063 2198 justitia

483 2206 602 2275 ipsa
632 2223 695 2264 ac
717 2208 926 2280 judicio
967 2212 1083 2282 ipso
1119 2213 1438 2271 facultatem
1469 2232 1500 2272 a
1537 2217 1648 2274 Deo
1673 2222 1953 2291 acceperit
1974 2221 2063 2290 iu-

482 2298 724 2364 dicandi,
759 2309 814 2358 et
842 2301 1201 2361 distribuendi
1236 2321 1303 2364 ex
1331 2306 1598 2378 dignitate
1633 2310 2059 2386 uniuscujusque

482 2387 714 2448 entium.
750 2392 925 2450 Nemo
951 2396 1097 2453 enim
1140 2413 1329 2455 eorum
1362 2403 1454 2474 qui
1491 2401 1762 2471 justitiam
1797 2422 1864 2464 ac
1891 2406 2065 2463 facul-

483 2491 650 2538 tatem
690 2483 970 2555 iudicandi
1000 2491 1259 2561 populum
1291 2494 1513 2563 habent,
1556 2498 1629 2554 ita
1659 2499 1710 2554 in
1743 2515 1838 2557 sua
1893 2501 2063 2572 ipsius

480 2581 663 2633 anima
693 2581 919 2638 omnino
957 2583 1271 2654 imprimere
1304 2590 1511 2657 poterit
1542 2602 1596 2646 et
1622 2591 1872 2663 iustitiae,
1894 2604 1950 2651 et
1972 2594 2067 2663 jn-

478 2670 694 2728 dicandi
719 2673 923 2746 figuras
946 2676 1186 2747 ipsas,et
1222 2681 1464 2748 ideas,ut
1485 2685 1634 2741 nulla
1675 2687 1727 2741 in
1760 2702 1820 2743 re
1837 2689 2065 2746 sitinfe-

480 2762 595 2816 rior
616 2777 681 2818 ea
702 2779 822 2833 qua:
837 2780 904 2824 ex
928 2783 990 2839 se
1005 2779 1088 2825 est
1103 2770 1343 2842 justitia,
1367 2782 1421 2830 et
1440 2789 1505 2832 eo
1526 2779 1668 2847 quod
1687 2793 1754 2835 ex
1773 2795 1832 2837 se
1855 2782 2063 2850 est,th-

481 2853 624 2909 dicio
639 2871 656 2908 :
669 2859 1126 2926 quemadmodum
1145 2880 1322 2935 neque
1336 2869 1427 2938 qui
1447 2869 1621 2940 pingit
1634 2870 1947 2944 imaginem,
1966 2892 2064 2946 po-

480 2952 552 3003 tis
572 2949 676 3004 erit
693 2950 904 3020 pictura
921 2954 1231 3025 exprimere
1252 2973 1447 3017 omnes
1471 2960 1549 3017 rei
1567 2963 1796 3033 depicta:
1816 2969 2062 3036 proprie-

480 3051 641 3099 tates.
674 3044 973 3116 Propterea
1000 3047 1258 3105 Davidem
1278 3051 1489 3119 dixisse
1501 3069 1628 3110 reor
1643 3056 1688 3088 ⁸⁷
1716 3076 1759 3113 :c
1780 3056 2063 3128 Nonjusti-

475 3135 794 3194 ticabiturin
810 3150 1107 3210 conspectu
1129 3151 1220 3197 tuo
1231 3144 1409 3201 omnis
1426 3145 1640 3214 vivens;
1653 3168 1672 3200 ι
1684 3165 1790 3205 non
1803 3152 1950 3207 enim
1967 3167 2062 3223 ge-

473 3229 708 3285 neratim
728 3228 836 3302 57
867 3232 1025 3302 dixit,
1055 3236 1233 3293 omnis
1253 3236 1436 3305 homo,
1468 3239 1584 3295 sive
1614 3243 1794 3299 omnis
1815 3245 2059 3313 angelus,

475 3325 573 3380 sed
605 3341 626 3377 ι
658 3328 840 3384 omnis
885 3328 1097 3395 vivens,
1133 3348 1154 3382 ι
1192 3331 1452 3400 quoniam
1492 3334 1657 3391 etiam
1691 3336 1735 3392 si
1772 3337 1898 3393 vitae
1940 3338 2066 3409 quis

475 3415 554 3471 sit
594 3416 895 3487 particeps,
940 3429 997 3476 et
1027 3422 1414 3480 mortalitatem
1458 3440 1686 3496 prorsus
1731 3431 2060 3496 excusserit,

476 3508 560 3564 sic
603 3524 779 3581 neque
823 3512 900 3567 tui
926 3515 1344 3584 comparatione
1370 3516 1663 3586 iustiﬁcari
1683 3523 1903 3591 poterit,
1941 3538 2065 3593 per-

476 3605 605 3662 inde
629 3617 794 3678 atque
839 3609 974 3666 vita.
1004 3608 1190 3685 Neque
1225 3612 1342 3668 ﬁeri
1374 3624 1553 3685 potest
1585 3625 1643 3671 nt
1672 3617 1763 3687 qui
1793 3618 2064 3690 particeps

476 3710 563 3753 est
596 3698 741 3762 vitae,
768 3707 825 3754 et
851 3701 922 3755 ob
967 3701 1068 3758 hoc
1105 3703 1297 3760 vivens
1325 3706 1657 3776 nominatur,
1692 3708 1807 3780 ipse
1829 3709 1901 3766 sit
1929 3711 2064 3777 vita,

476 3803 581 3844 nec
605 3789 697 3859 qui
729 3805 951 3863 compos
979 3803 1065 3851 est
1084 3792 1334 3865 iustitiae,
1370 3805 1426 3853 et
1468 3798 1672 3856 idcirco
1711 3800 1894 3872 justus
1925 3802 2064 3859 dici-

479 3890 606 3948 tur,
634 3883 859 3941 omnino
892 3885 995 3958 ipsi
1039 3885 1269 3956 justitia:
1302 3890 1630 3962 aequiparari
1672 3896 1893 3964 poterit.
1941 3892 2063 3951 Jam

474 3986 609 4031 vero
638 3980 1095 4046 quemadmodum
1123 3982 1191 4037 ad
1227 3981 1319 4038 Dei
1354 3982 1675 4042 Sermonem
1706 3987 1944 4057 pertinet
1970 3990 2065 4057 ju-

475 4066 661 4124 dicare
682 4069 736 4124 in
758 4068 970 4138 iustitia
1000 4072 1067 4139 ³ο,
1094 4073 1169 4129 ita
1197 4077 1362 4130 etiam
1393 4076 1462 4132 ad
1486 4077 1661 4146 ipsum
1689 4077 1928 4148 pertinet
1949 4078 2065 4134 bel-

475 4158 588 4215 lum
622 4175 814 4231 gerere
845 4162 901 4219 in
947 4163 1164 4232 justitia
1195 4182 1210 4219 :
1245 4176 1302 4222 ut
1333 4181 1400 4222 ex
1442 4182 1506 4224 eo
1548 4170 1692 4238 quod
1730 4172 1931 4226 dicitur
1966 4187 2065 4244 op-

473 4266 721 4325 pugnare
748 4254 893 4313 bunc
933 4257 990 4312 in
1041 4260 1291 4328 modum,
1316 4260 1416 4332 ipsi
1445 4259 1718 4334 Sermoni,
1747 4276 1804 4321 et
1834 4265 2065 4336 iustitia:

476 4346 753 4413 inimicos,
804 4349 1032 4406 sublatis
1071 4351 1159 4409 his
1190 4353 1282 4423 qui
1315 4370 1346 4410 a
1371 4355 1585 4413 ratione
1615 4367 1743 4414 sunt
1790 4360 1977 4426 alieni,
2008 4370 2065 4416 et

475 4437 748 4509 injustitia
787 4443 1025 4512 sublata,
1062 4445 1329 4504 inhabitet
1370 4459 1427 4505 et
1447 4448 1749 4521 justiﬁest;
1786 4452 2062 4524 expellens

2169 1934 2553 2027 μαθητεύεται.
2608 1941 2808 2015 Διόπερ
2838 1946 2867 1997 6
2912 1945 3180 2019 Ἱερεμίας
3233 1951 3407 2022 φησί’
3467 1971 3488 2005 ι
3524 1954 3764 2027 Πνεῦμα

2166 2026 2461 2100 προσώπου
2511 2032 2668 2104 ἡμῶν
2715 2033 2949 2107 Χριστὸς
2996 2038 3220 2111 Κύριος,
3266 2041 3327 2104 οὗ
3361 2048 3621 2121 εἴπομεν·

2163 2125 2230 2194 τῇ
2274 2127 2402 2197 σκιᾷ
2435 2125 2600 2181 αὑτοῦ
2633 2128 2913 2202 ζησόμεθα
2937 2134 2996 2188 ὲν
3029 2138 3141 2201 τοῖς
3167 2135 3398 2193 ἔθνεσιν.
3435 2159 3455 2193 ι
3491 2134 3675 2206 Οὗτος
3703 2141 3762 2196 δὲ

2165 2219 2193 2270 6
2213 2217 2384 2287 Λόγος
2412 2217 2525 2291 (97)
2549 2219 2643 2274 τοῦ
2665 2221 2825 2290 Θεοῦ,
2846 2222 2875 2274 6
2897 2223 3092 2291 Πιστὸς
3116 2229 3470 2303 καλούμενος,
3494 2234 3593 2288 καὶ
3622 2235 3764 2306 ἀλη-

2167 2309 2311 2375 θινὸς
2337 2311 2611 2379 καλεῖται,
2666 2315 2761 2369 καὶ¹
2809 2318 2868 2371 ὲν
2898 2316 3213 2396 δικαιοσύνῃ
3244 2324 3418 2394 κρίνει
3465 2327 3563 2379 καὶ
3597 2326 3766 2381 πολε·

2168 2405 2261 2475 μεῖ
2279 2443 2295 2469 ,
2321 2407 2387 2477 τῇ
2414 2406 2858 2482 αύτοδικαιοσύνῃ
2884 2410 2980 2465 καὶ
3008 2414 3321 2487 αύτοκρίσει
3352 2416 3413 2470 τὸ
3446 2419 3568 2472 κατ’
3596 2418 3764 2485 ἀξίαν

2165 2503 2396 2558 ἑκάστου
2450 2502 2560 2559 τῶν
2615 2504 2788 2560 ὄντων
2839 2505 3136 2577 ἀπονέμειν
3175 2507 3284 2562 ἀπὸ
3309 2508 3446 2563 Θεοῦ
3487 2510 3763 2567 δύνασθαι

2163 2593 2344 2649 λαϐὼν
2373 2597 2468 2651 καὶ
2500 2596 2710 2668 κρίνειν
2733 2614 2746 2627 ⁸
2789 2598 2962 2664 οὐδεὶς
2993 2600 3104 2671 γὰρ
3150 2598 3261 2655 τῶν
3300 2601 3647 2672 μετεχόντων
3681 2601 3764 2657 δι-

2165 2688 2460 2762 καιοσύνης
2481 2731 2496 2756 ,
2530 2690 2625 2744 καὶ
2652 2689 2753 2763 τῆς
2775 2689 2870 2746 τοῦ
2898 2691 3105 2763 κρίνειν
3132 2690 3260 2747 λαὸν
3280 2692 3585 2766 δυνάμεως,
3609 2693 3763 2748 οὕτω

2165 2781 2342 2853 πάντη
2395 2782 2843 2855 ὲναπομάξασθαι
2892 2782 3087 2839 ἑαυτοῦ
3140 2785 3206 2856 τῇ
3262 2782 3408 2855 ψυχῇ
3462 2784 3763 2856 δυνήσεται

2161 2872 2289 2938 τοὺς
2317 2870 2416 2943 τῆς
2443 2872 2793 2947 δικαιοσύνης
2814 2873 3041 2939 τύπους,
3074 2875 3171 2929 καὶ
3212 2875 3305 2929 τοῦ
3337 2874 3543 2948 κρίνειν
3563 2915 3580 2940 ,
3606 2874 3761 2931 ὥστε

2162 2967 2220 3019 ὲν
2245 2967 2437 3040 μηδενὶ
2462 2967 2682 3022 ἀποδεῖν
2703 2968 2801 3040 τῆς
2823 2967 3307 3040 αὐτοδικαιοσύνης
3334 2968 3429 3022 καὶ
3459 2969 3567 3039 τῆς
3586 2969 3761 3023 αὑτο-

2163 3059 2400 3131 κρίσεως
2424 3077 2439 3091 ο
2466 3059 2542 3124 ὡς
2563 3059 2685 3114 οὐδὲ
2716 3061 2744 3113 6
2777 3060 3005 3133 γράφων
3036 3059 3221 3114 είκόνα
3252 3057 3365 3125 οἶός
3392 3077 3450 3114 τε
3475 3059 3629 3114 ἔσται
3658 3078 3763 3131 με-

2162 3149 2414 3205 ταδοῦναι
2441 3151 2658 3206 πάντων
2696 3150 2804 3206 τῶν
2836 3151 2931 3206 τοῦ
2964 3152 3312 3225 γραφομένου
3339 3153 3647 3225 ἰδιωμάτων
3679 3157 3755 3227 τῇ

2167 3244 2376 3314 γραφῇ.
2409 3243 2509 3297 Διά
2536 3243 2695 3298 τοῦτο
2728 3244 2785 3297 δὲ
2814 3242 3060 3316 ἡγοῦμαι
3086 3245 3178 3301 τὸν
3218 3243 3381 3300 Δαυῖδ
3425 3244 3608 3315 λέγειν
3646 3246 3716 3300 τό
3740 3264 3757 3278 ·

2173 3354 2190 3386 ι
2221 3335 2296 3391 Οὐ
2323 3334 2742 3409 δικαιωθήσεται
2777 3336 3005 3392 ἐνώπιόν
3030 3354 3124 3391 σου
3150 3339 3256 3402 πᾶς
3281 3337 3390 3402 ζῶν
3409 3354 3423 3369 ·
3450 3356 3470 3390 ι
3540 3339 3602 3392 οὐ
3644 3339 3761 3412 γὰρ

2166 3428 2500 3497 ἁπαξαπλῶς
2526 3425 2646 3484 εἷπε
2676 3431 2784 3495 πᾶς
2802 3430 3111 3504 ἄνθρωπος,
3141 3431 3175 3503 ἢ
3199 3433 3310 3496 πᾶς
3335 3430 3588 3502 ἄγγελος,
3615 3432 3760 3490 ἀλλὰ

2174 3542 2192 3575 ι
2222 3525 2328 3589 πᾶς
2344 3523 2473 3590 grav-
2497 3545 2516 3578 ι
2543 3527 2647 3591 ὃτι,
2676 3525 2781 3581 κᾶν
2808 3525 2907 3598 τῆς
2931 3524 3076 3600 ζωῆς
3097 3545 3179 3592 τις
3210 3527 3433 3602 μετέχῃ,
3451 3529 3545 3584 καὶ
3571 3531 3757 3604 πάντη

2166 3615 2263 3688 τὴν
2311 3617 2612 3690 νεκρότητα
2644 3618 3027 3692 ἀποσείσηται,
3058 3619 3169 3674 οὐδ’
3197 3620 3372 3686 οὕτως
3416 3622 3491 3685 ὼς
3524 3623 3669 3694 πρὸς
3694 3624 3758 3679 σὲ

2164 3709 2519 3783 δικαιωθῆναι
2568 3711 2858 3785 δυνήσεται
2892 3713 3294 3786 παραπλησίως
3333 3717 3401 3786 τῇ
3452 3713 3587 3786 ζωῇ·
3629 3716 3759 3771 οὐδὲ

2165 3801 2387 3857 δυνατὸν
2408 3803 2499 3858 τὸν
2530 3803 2825 3875 μετέχοντα
2848 3804 2950 3876 τῆς
2974 3803 3138 3875 ζωῆς,
3166 3806 3262 3860 καὶ
3277 3805 3365 3860 διὰ
3386 3806 3543 3862 τοῦτο
3570 3807 3757 3873 ζῶντα

2166 3896 2593 3969 χρηματίζοντα,
2637 3896 2799 3952 αὐτὸν
2848 3896 3101 3965 γενέσθαι
3132 3896 3299 3969 ζωὴν,
3329 3899 3424 3953 καὶ
3462 3898 3555 3953 τὸν
3596 3900 3761 3972 μετέ.

2165 4008 2330 4063 χοντα
2357 3990 2725 4064 δικαιοσύνης,
2759 3991 2854 4046 καὶ
2878 3991 2968 4046 διὰ
2988 3991 3148 4046 τοῦτο
3179 3991 3386 4047 δίκαιον
3408 3991 3520 4064 (98)
3550 3992 3757 4047 καλούς-

2169 4098 2330 4154 μενον
2363 4081 2689 4153 ἐξισωθῆναι
2733 4083 2910 4153 πάντη
2952 4085 3020 4154 τῇ
3066 4082 3403 4156 δικαιοσύνῃ.
3450 4084 3655 4153 Ἔργον
3696 4084 3757 4138 δὲ

2163 4172 2259 4227 τοῦ
2305 4172 2480 4243 Λόγου
2512 4172 2609 4227 τοῦ
2646 4173 2781 4227 Θεοῦ
2823 4174 2933 4245 (99)
2963 4173 3151 4247 ὥσπερ
3188 4174 3394 4248 κρίνειν
3440 4177 3500 4229 ὲν
3539 4175 3756 4231 δικαιο-

2168 4263 2324 4336 σύνῃ,
2361 4263 2506 4318 οῦτω
2539 4264 2633 4318 καὶ
2678 4263 2938 4337 πολεμεῖν
2975 4265 3033 4318 ὲν
3064 4265 3402 4341 δικαιοσύνῃ,
3439 4266 3529 4333 ἵν’,
3556 4269 3624 4321 ὲκ
3654 4267 3756 4323 τοῦ

2163 4356 2290 4421 τοὺς
2322 4354 2550 4429 ἐχθροὺς
2586 4354 2731 4426 λόγῳ
2777 4356 2871 4410 καὶ
2915 4355 3230 4431 δικαιοσύνῃ
3275 4356 3419 4412 οὕτω
3462 4358 3753 4430 πολεμεῖν,

2165 4448 2576 4520 ἀναιρουμένων
2597 4446 2706 4501 τῶν
2735 4447 2942 4517 ἀλόγων
2969 4448 3182 4520 καὶτῆς
3205 4448 3443 4514 ἀδικίας,
3469 4448 3755 4518 λέγεσθαι,

476 4534 752 4589 contraria
786 4534 855 4590 ab
880 4537 1062 4592 anima
1111 4539 1254 4595 illius
1295 4542 1387 4612 qui
1440 4544 1634 4599 salutis
1676 4558 1863 4612 causa,
1894 4556 1955 4600 ut
1982 4549 2057 4601 ita

2169 4538 2425 4611 ἐνοικήσῃ
2469 4538 2564 4592 καὶ
2612 4535 2900 4610 δικαιώσῃ,
2944 4536 3222 4592 ἐκϐάλλων
3268 4538 3338 4593 τὰ
3385 4539 3608 4595 ἐναντία
3651 4541 3757 4612 τῆς

476 4624 680 4695 dicam,
717 4627 968 4697 captivus
998 4628 1174 4687 factus
1199 4642 1282 4688 est
1308 4648 1339 4691 a
1378 4634 1621 4691 Christo.
1673 4634 1779 4691 Sed
1811 4638 2057 4707 apertius

473 4733 707 4777 cernere
736 4737 1026 4792 possumus
1049 4726 1153 4783 hoc
1180 4727 1461 4785 Sermonis
1489 4728 1687 4785 bellum
1725 4731 1868 4800 quod
1896 4732 2056 4803 gerit,

474 4802 695 4883 quando
725 4815 843 4889 ipse
871 4816 1088 4887 quidem
1119 4815 1364 4891 fungitur
1393 4819 1663 4892 legatione
1685 4838 1783 4893 pro
1804 4802 2057 4891 veritate,

477 4905 617 4961 alter
646 4921 807 4972 vero,
836 4909 929 4979 qui
965 4925 1072 4965 non
1116 4921 1202 4966 est
1251 4909 1470 4980 Sermo,
1508 4917 1605 4970 sed
1641 4915 1796 4987 ﬁngit
1830 4931 1890 4973 se
1936 4931 2059 4973 esse

478 4994 834 5067 Sermonem;
870 5004 1109 5072 itemque
1147 5004 1403 5060 simulata
1433 5008 1653 5073 veritas,
1685 5025 1806 5078 quae
1845 5026 1950 5065 non
1978 5020 2062 5067 est

478 5088 701 5156 veritas,
732 5094 826 5147 sed
855 5097 1222 5164 mendacium,
1254 5100 1513 5166 praedicat
1535 5114 1594 5155 se
1614 5115 1736 5156 esse
1769 5101 1940 5172 ipsam
1970 5116 2061 5158 ve-

477 5181 718 5237 ritatem.
751 5182 907 5243 Tunc
931 5188 1076 5243 enim
1116 5199 1359 5246 armatus
1391 5189 1586 5247 Sermo
1615 5202 1803 5251 contra
1835 5195 2060 5250 menda-

550 5276 599 5309 ⁸⁵
623 5277 780 5332 Deut.
801 5292 973 5343 χχχιι,
1009 5280 1063 5333 4.
1154 5282 1201 5313 ⁸⁸
1240 5281 1444 5338 Tbren.
1474 5298 1548 5350 tv,
1569 5284 1662 5340 20.
1738 5286 1784 5320 ⁸⁷
1810 5284 1951 5342 Psal.
1981 5302 2146 5353 cun,

549 5369 661 5444 (94)
697 5370 766 5444 _'_0
799 5370 902 5444 ἐπὶ
942 5370 1049 5426 τοῦ
1079 5374 1302 5429 λευκοῦ
1345 5375 1556 5431 ἵππου.
1605 5375 1730 5434 Haec
1771 5378 1967 5434 desunt
2004 5379 2065 5434 in,

478 5440 667 5495 codice
697 5440 1015 5496 Bodleiano.

549 5512 666 5594 (95.)
708 5511 878 5592 COd-t'l.
916 5506 1239 5569 Bodleianus
1267 5523 1322 5570 et
1363 5516 1716 5587 Barberinus,
1756 5520 1785 5574 6
1823 5518 1935 5594 γὰρ
1963 5520 2058 5573 ἐπὶ

476 5581 581 5654 γῆς
604 5584 665 5636 ού
693 5581 955 5647 τοιοῦτος.

551 5654 664 5738 (96)
709 5655 888 5709 Codex
944 5653 1305 5724 Barberintts,
1355 5660 1723 5734 καλούμενος,
1771 5671 1829 5717 ιιι
1886 5661 2055 5717 editio

480 5724 680 5869 Ηιὶξιᾶ).
708 5795 949 5873 Legebat
970 5796 1280 5873 Ferrarius,
1311 5800 1485 5865 οὕτως
1513 5804 1569 5857 δὲ
1606 5808 1634 5858 6
1664 5805 1853 5873 Λόγος.

556 5870 669 5941 (98)
701 5868 804 5922 Διὰ
844 5868 1026 5926 τοῦτο
1084 5870 1340 5927 δίκαιον.
1390 5875 1481 5929 Sic
1522 5876 1684 5932 habet
1714 5868 1880 5934 codex
1914 5873 2055 5931 Bod-

2165 4633 2347 4704 ψυχῆς
2375 4630 2492 4699 τοῦ,
2529 4632 2595 4686 ἵν’
2643 4632 2816 4698 οὕτως
2844 4632 3005 4696 εἴπω,
3047 4632 3142 4685 ἐπὶ
3179 4632 3424 4705 σωτηρίᾳ
3461 4632 3755 4703 αἰχμαλω-

2165 4725 2441 4791 τισθέντος
2463 4726 2567 4779 ὑπὸ
2596 4724 2854 4799 Χριστοῦ.
2901 4724 3024 4778 Ἔτι
3061 4723 3119 4778 δὲ
3153 4723 3498 4797 μᾶλλόνὲστι
3529 4722 3625 4778 τὸν
3652 4722 3759 4778 τοῦ

2166 4820 2341 4889 Λόγου
2386 4818 2622 4890 πόλεμον
2671 4819 2819 4883 ἰδεῖν,
2849 4817 2909 4872 δν
2952 4818 3198 4891 πολεμεῖ,
3255 4818 3394 4874 ὲπάν
3435 4817 3601 4881 αὐτὸς
3651 4818 3759 4889 μὲν

2167 4911 2447 4986 πρεσϐεύῃ
2494 4912 2624 4984 περὶ
2657 4910 2935 4984 ἀληθείας,
2987 4913 3017 4965 6
3061 4913 3105 4967 δ’
3139 4910 3564 4985 ὑποκρινόμενος
3608 4904 3758 4965 εἶναι

2167 5005 2359 5073 Λόγος,
2385 5004 2448 5056 οὐ
2479 5002 2780 5077 Λόγοίῶν,
2817 5004 2964 5077 καὶὴ
3004 5004 3199 5076 ἑαυτὴν
3226 5004 3646 5078 ἁναγορεύσασα
3672 5003 3757 5077 (ι)

2165 5096 2447 5170 ἀλήθειαν,
2495 5098 2597 5152 οὐκ
2645 5098 2876 5171 ἀλήθεια
2930 5099 3295 5171 τυγχάνουσα,
3348 5098 3485 5153 ἀλλὰ
3528 5095 3758 5168 ψεῦδος,

2168 5189 2353 5263 φάσκῃ
2393 5185 2532 5245 εἶναι
2569 5191 2768 5265 ἑαυτὴν
2804 5191 2905 5264 τὴν
2949 5192 3230 5264 ἀλήθειαν.
3266 5190 3401 5246 Τότε
3440 5189 3552 5262 γὰρ
3607 5187 3758 5244 καθ-

2173 5286 2229 5339 2.
2304 5284 2350 5317 ⁸⁸
2373 5285 2543 5355 Apoc.
2570 5301 2687 5350 κη,
2721 5285 2807 5341 ll.

2166 5378 2411 5440 leianus;
2449 5373 2781 5430 Barberinus
2810 5383 2991 5430 autem
3029 5387 3085 5432 et
3106 5368 3328 5448 Regius,
3373 5373 3539 5430 αὐτοῦ
3571 5373 3638 5429 τὺ
3665 5374 3759 5431 δί-

2163 5464 2350 5598 ῗαέζ)
2373 5515 2590 5598 ςξοᾲθχ.
2616 5515 2966 5598 Bodleianns,
2996 5517 3200 5598 Ἔργον
3232 5516 3290 5570 δὲ
3325 5515 3422 5598 τοῦ
3445 5514 3622 5598 Λόγου
3640 5517 3758 5598 τοῦ

2163 5587 2299 5643 Θεοῦ
2318 5605 2331 5618 ·
2372 5587 2730 5658 Ιιειινιιονίίιιυε,
2760 5587 2961 5658 Ἔργον
2991 5587 3048 5641 δὲ
3074 5587 3238 5643 ’τοῦτο
3258 5587 3354 5642 τοῦ
3387 5587 3561 5658 Λόγου
3582 5604 3597 5620 ·
3640 5588 3756 5645 lle-

2164 5664 2309 5741 gius,
2336 5659 2537 5741 ’ἔργον
2644 5657 2841 5741 τούτου
2861 5658 3057 5727 Λόγου.
3084 5733 3095 5741 _
3336 5731 3392 5741 Μ

2238 5729 2316 5803 (1)
2347 5727 2457 5803 κω
2488 5730 2529 5803 ῄ
2551 5727 2781 5803 ἑαυτὴν
2806 5728 3291 5799 ἀναγορεύσασα.
3335 5731 3429 5785 Sic
3458 5740 3612 5803 recte
3647 5730 3757 5803 Ita-

2124 5820 2135 5825 ··
2163 5799 2257 5874 bet
2285 5799 2453 5874 eode;
2487 5799 2840 5874 Bodleianus;
2878 5802 3019 5858 uitale
3045 5813 3225 5859 autem
3258 5802 3428 5857 codex
3450 5800 3684 5871 lli-gius,
3714 5802 3757 5874 ἡ

2162 5870 2357 5926 ἑαυτοῦ
2389 5868 2487 5945 τὴν
2514 5868 2949 5946 ἀναγορεύσασα.
