3856 6522
123 345 200 402 lii
1189 332 1547 392 COMMENT.
1589 335 1656 390 lN
1693 334 1888 393 JOAN.
1929 332 2166 390 TOMUS
2200 331 2266 388 ll.

3243 337 3350 394 123

119 461 444 532 οπλισάμενος
468 458 497 511 6
533 455 710 526 Λόγος
753 451 904 508 κατὰ
937 449 1031 506 τοῦ
1058 450 1286 521 ψεύδους
1321 452 1509 507 ἀναλοῖ
1535 454 1662 508 αὐτὸ

1771 453 1938 519 cium,
1964 450 2095 506 illud
2120 448 2383 506 interﬁcit
2410 449 2608 520 spiritu
2642 451 2756 505 oris
2786 449 2892 519 sui,
2915 458 2970 507 et
2991 451 3221 509 destruit
3253 472 3350 528 ap-

118 559 180 628 τῷ
220 553 475 624 πνεύματι
507 548 904 622 τοῦ-στόματος
955 543 1143 606 αὑτοῦ,
1174 547 1268 598 καὶ
1301 549 1568 618 καταργεῑ
1598 549 1665 618 τῇ

116 648 372 720 ἐπιφανείᾳ
404 645 503 716 τῆς
536 643 839 716 παρουσίας
871 640 1061 696 αὐτοῦ.
1095 639 1203 696 Καὶ
1227 641 1331 711 δρα
1360 643 1409 695 εί
1447 641 1669 702 δύναται

116 744 234 800 κατὰ
279 742 337 795 τὸ
374 738 564 811 νοητὸν
605 736 780 792 ταῦτα
829 735 936 790 ὑπὸ
983 736 1078 789 τοῦ
1131 733 1454 788 ’Λποστόλου
1503 735 1561 788 ὲν
1599 738 1667 808 τῇ

115 838 231 910 πρὸς
254 827 659 898 Θεσσαλωικεῖς
711 828 1079 902 παρίστασθαι
1120 827 1431 900 Ἐπιστολῇ.
1467 826 1533 881 Τί
1559 829 1668 901 γάρ

115 932 210 983 ἐστι
240 929 295 981 τὸ
325 923 692 998 ἀναλούμενον
713 922 789 993 τῷ
819 919 1091 991 πνεύματι
1114 918 1208 973 τοῦ
1237 919 1505 990 στόματος
1528 917 1666 990 Χρι-

113 1020 250 1087 στοῦ,
295 1017 530 1090 Χριστοῦ
594 1016 958 1086 τυγχάνοντος
1015 1011 1194 1079 Λόγου
1262 1012 1358 1064 καὶ
1410 1009 1669 1081 ἀληθείας

112 1116 190 1168 καὶ
218 1112 418 1182 σοφίας,
451 1111 484 1181 ἢ
517 1109 582 1162 τὸ
617 1107 846 1179 ψεῦδοςς
884 1105 996 1158 Καὶ
1034 1105 1088 1158 τί
1122 1103 1184 1157 τὸ
1220 1103 1666 1175 καταργούμενον

110 1208 163 1274 τῇ
207 1202 484 1272 ἐπιφανείᾳ.
536 1201 637 1270 τῆς
690 1197 992 1268 παρουσίας
1033 1193 1291 1267 Χριστοῦ,
1349 1194 1540 1265 σοφίας
1573 1194 1666 1248 καὶ

113 1295 260 1362 Λόγου
303 1289 614 1360 νοουμένου,
649 1287 681 1359 ἢ
734 1288 842 1340 πᾶν
889 1285 952 1339 τὸ
1007 1283 1478 1355 ἐπαγγελλόμενον
1523 1279 1665 1337 εἷναι

115 1385 267 1456 σοφία,
325 1382 595 1453 τυγχάνον
647 1380 704 1434 δὲ
759 1379 817 1434 ἓν
875 1378 1102 1442 τούτων,
1144 1373 1218 1432 ὧν
1252 1378 1280 1430 ό
1307 1377 1440 1442 Θεὸς
1491 1377 1663 1449 δράσ-

113 1495 237 1530 σεται
261 1476 384 1540 τοὺς
424 1475 500 1546 μὴ
525 1475 686 1537 ὄντας
717 1474 783 1544 τῇ
813 1470 1042 1542 ἀληθινῇ
1075 1470 1239 1541 σοφίᾳ
1271 1470 1468 1539 σοφοὺς
1495 1467 1574 1539 (2)
1607 1470 1664 1521 ἐν

1771 546 2042 618 paritione
2081 543 2386 616 praesentiae
2427 560 2538 600 sua:
2561 545 2629 599 ⁸⁸.
2661 545 2729 600 Et
2755 545 2878 602 vide
2911 561 2978 601 an
3010 547 3125 603 inec
3153 565 3350 605 secun-

1771 641 1897 694 dum
1925 635 2228 707 spiritalem
2256 651 2478 691 sensum
2506 635 2838 692 subinnuere
2869 636 3106 693 voluerit
3124 641 3352 708 Aposto-

1771 730 1856 788 lus
1878 731 1931 785 in
1963 730 2205 798 Epistola
2247 730 2314 784 ad
2341 729 2882 790 Thessalonicenses.
2931 729 3070 798 Quid
3100 736 3242 789 enim
3265 747 3352 792 est

1769 826 1913 895 quod
1942 824 2136 894 spiritu
2161 823 2280 879 oris
2303 822 2509 879 Christi
2543 823 2894 889 interﬁcitur,
2934 841 3058 882 cum
3099 827 3351 884 Christus

1769 916 1842 970 sit
1889 915 2106 980 Sermo,
2137 916 2343 971 veritas
2366 924 2420 969 et
2453 916 2753 985 sapientia,
2812 919 2914 974 nisi
2963 921 3304 974 mendacium
3326 921 3352 975 ?

1769 1009 1835 1064 Et
1859 1009 1988 1079 quid
2016 1018 2098 1064 est
2134 1009 2263 1064 illud
2304 1011 2449 1081 quod
2477 1011 2782 1080 destrujtur
2826 1013 3168 1082 apparitione
3205 1029 3350 1083 prte-

1770 1104 1958 1160 sentiae
1978 1102 2206 1168 Christi,
2230 1104 2321 1173 qui
2345 1103 2614 1174 sapientia
2632 1115 2687 1160 et
2703 1104 2896 1160 Sermo
2913 1106 3346 1168 considerantur.

1768 1198 1876 1254 nisi
1919 1198 1973 1254 id
1999 1212 2162 1253 omne
2196 1202 2340 1268 quod
2373 1198 2664 1266 proﬁtetur
2714 1212 2774 1254 se
2824 1211 2946 1252 esse
2998 1198 3347 1266 sapientiam,

1768 1305 1932 1345 unum
1982 1305 2114 1345 vero
2139 1301 2225 1345 est
2255 1305 2321 1344 ex
2356 1289 2487 1357 illis,
2523 1290 2723 1360 quibus
2783 1289 3199 1360 comprehendit
3253 1303 3351 1345 eos

1767 1381 1861 1452 qui
1916 1397 2024 1437 non
2069 1391 2196 1437 sunt
2239 1383 2518 1452 sapientes
2549 1397 2682 1436 vera
2716 1382 3014 1452 sapientia,
3049 1381 3102 1435 in
3130 1381 3352 1435 vafritie

1766 1473 2051 1543 ipsorum?
2082 1472 2266 1540 Quare
2297 1473 2436 1528 mire
2464 1486 2528 1528 ac
2545 1487 2709 1542 supra
2737 1473 2952 1527 modum
2985 1471 3054 1527 de
3081 1471 3348 1526 Sermone

1769 1565 2043 1622 disserens
2066 1565 2327 1631 Joannes,
2369 1565 2462 1636 qui
2495 1579 2640 1634 equo
2667 1565 2792 1619 albo
2813 1565 3134 1626 vehebatur,
3171 1564 3349 1632 inquit

1767 1658 1931 1714 etiam
1951 1658 2115 1715 illud:
2135 1659 2314 1714 «Oculi
2337 1670 2515 1714 autem
2533 1659 2650 1729 ejus
2670 1659 2821 1715 velut
2847 1658 3063 1712 ﬁamma
3087 1658 3226 1728 ignis
3240 1658 3306 1710 “.
3322 1676 3342 1710 ι

109 1574 162 1642 τῇ
206 1569 501 1641 πανουργίᾳ
550 1567 764 1632 αὑτῶν;
803 1567 925 1619 Ὀτι
971 1565 1000 1617 6
1046 1564 1301 1635 Ἰωάννης
1345 1562 1665 1634 θαυμασιώ-

108 1682 220 1717 τατα
265 1665 319 1715 ὲν
365 1664 479 1724 τοῖς
521 1659 651 1731 περὶ
694 1657 790 1712 τοῦ
829 1657 1126 1728 ὀχουμένου
1168 1654 1245 1726 τῷ
1286 1654 1466 1726 λευκῷ
1509 1656 1662 1726 ’ίππῳ

110 1755 252 1822 Λάγου
282 1753 410 1823 φησὶ
439 1751 534 1804 καὶ
563 1751 640 1804 τό·
682 1769 700 1802 ι
741 1750 803 1803 Οἱ
832 1747 1099 1818 ὀφθαλμοὶ
1133 1747 1190 1800 δὲ
1232 1744 1396 1800 αὐτοῦ
1427 1746 1504 1809 ὡς
1529 1745 1662 1816 φλὸξ

1769 1746 1840 1803 Ut
1874 1747 2019 1804 enim
2054 1748 2272 1805 ﬂamma
2306 1750 2479 1815 clara,
2512 1751 2720 1819 pariter
2761 1759 2816 1805 et
2844 1749 3048 1814 lucida,
3070 1749 3184 1820 jam
3219 1763 3360 1810 vero

110 1847 268 1918 παρός.
304 1865 322 1898 ι
363 1845 458 1908 Ὧς
486 1844 594 1914 γὰρ
620 1844 654 1913 ή
693 1839 827 1912 φλὸξ
854 1840 1025 1911 πυρὸς
1053 1839 1114 1893 τὸ
1135 1838 1386 1910 λαμπρὸν
1415 1839 1535 1909 ἅμα
1565 1839 1660 1891 καὶ

1767 1840 1926 1895 etiam
1961 1841 2119 1912 ignea
2165 1851 2252 1897 est
2299 1851 2355 1899 et
2397 1842 2774 1913 consumptrix
2822 1841 3222 1907 materialium,
3269 1841 3350 1897 sic

111 1937 420 2008 ςωτιστικδν,
466 1936 547 1989 ἔτι
581 1935 641 1989 δὲ
679 1935 775 1988 καὶ
815 1932 1064 2005 πυρῶδες
1094 1931 1231 2003 ἔχει,
1267 1932 1362 1985 καὶ
1393 1930 1658 1985 ἀναλωτι-

1767 1933 1934 1998 oculi,
1971 1944 2030 1989 ut
2059 1936 2134 1991 ita
2169 1937 2374 2002 dicam,
2401 1937 2704 2002 Sermonis,
2730 1937 2931 2007 quibus
2959 1944 3015 1991 et
3039 1935 3156 2006 ipse
3177 1935 3347 2001 videt,

110 2032 185 2084 κὸν
225 2030 324 2083 τῶν
382 2028 732 2099 ὕλικωτέρων
757 2043 770 2056 ·
819 2025 992 2088 οὕτως
1043 2027 1114 2090 οἱ,
1157 2024 1224 2077 ἵν’
1266 2021 1441 2088 οὕτως
1494 2025 1655 2089 εἴπω,

1767 2038 1821 2084 et
1854 2029 2100 2100 quisquis
2128 2029 2273 2085 illius
2301 2029 2467 2086 fuerit
2488 2031 2790 2109 particeps,
2813 2040 3173 2101 praeterquam
3201 2030 3350 2099 quod

108 2123 333 2193 ὀφθαλμοὶ
355 2121 450 2175 τοῦ
479 2120 654 2190 Λόγου
682 2114 764 2184 οἷς
815 2119 1024 2192 βλέπει,
1075 2119 1168 2172 καὶ
1203 2120 1310 2181 πᾶς
1339 2118 1368 2170 6
1414 2118 1658 2190 μετέχων

1767 2123 2077 2193 percipiunt
2106 2122 2470 2193 intelligibilia
2503 2133 2600 2194 per
2629 2137 2691 2179 ea
2733 2138 2854 2193 quae
2891 2123 2941 2178 in
2976 2123 3096 2192 ipso
3128 2123 3342 2186 insunt,

107 2213 272 2279 αὐτοῦ,
313 2214 448 2286 πρὸς
480 2212 555 2286 τῷ
584 2212 674 2266 διά
709 2210 834 2281 τῶν,
859 2209 1283 2283 ἐνυπαρχουσῶν
1327 2209 1478 2281 αὐτῷ
1509 2203 1662 2264 όιντι-¹

1767 2215 2065 2272 conﬁciunt
2103 2226 2160 2272 et
2190 2217 2562 2274 demoliuntur
2591 2226 2888 2288 conceptus
2919 2217 3250 2281 crassiores,
3291 2225 3350 2272 et

106 2303 440 2375 λαμϐάνεσθαι
472 2303 582 2358 τῶν
611 2303 840 2376 νοητῶν,
884 2301 1142 2356 άναλοῦσι
1191 2303 1286 2356 καὶ
1335 2301 1656 2372 ἀφανίζουσι

105 2400 158 2450 τὰ
183 2397 471 2469 ὺλικώτερα
497 2397 592 2450 καὶ
618 2394 904 2468 παχύτερα
937 2393 1045 2448 τῶν
1082 2394 1400 2466 νοημάτωνο
1437 2395 1656 2448 πάντων

104 2491 148 2542 δὲ
196 2493 280 2562 τὴν
329 2491 623 2564 ἰσχνότητα
671 2491 768 2544 κα)⁵
831 2489 1139 2560 λεπτότητα
1197 2489 1507 2559 ἐκπέφευγε
1557 2489 1656 2560 τῆς

106 2582 320 2655 ἀληθείας
353 2585 421 2639 τὰ
475 2581 830 2638 όπωσποτοῦν
879 2581 1210 2653 ψευδόμενα.
1255 2582 1408 2635 Πάνυ
1456 2581 1514 2635 δὲ
1567 2598 1656 2634 τε-

105 2676 350 2744 τιγμένως
397 2674 540 2746 μετὰ
606 2673 699 2727 τὸν
741 2672 815 2744 (5)
883 2674 940 2725 ὲν
1007 2671 1322 2744 δικαιοσύνῃ
1368 2671 1646 2744 κρίνοντα,

107 2768 178 2820 καὶ
236 2769 365 2822 κατὰ
419 2769 481 2822 τὸ
534 2769 596 2821 ὲν
650 2766 968 2841 δικαιοσύνῃ
1024 2766 1231 2838 κρίνειν
1290 2764 1653 2836 πολεμοῦντα,

1767 2774 2183 2844 illuminantem,
2221 2776 2352 2832 illud
2405 2777 2780 2848 subjungitur,
2838 2779 2893 2833 in
2949 2778 3122 2848 ipsius
3173 2778 3352 2848 capite

108 2861 205 2931 ἑξῆς
235 2862 285 2916 δὲ
324 2861 384 2916 τδ
413 2862 490 2934 (4)
525 2861 784 2933 πολεμεῖν
837 2860 1174 2930 φωτίζοντα,
1223 2859 1551 2930 ἐπιφέρεται
1592 2858 1655 2913 τὺ

1767 2868 1933 2923 multa
1958 2884 2082 2925 esse
2111 2869 2420 2925 diademata
2445 2870 2512 2925 ⁹¹.
2545 2869 2680 2924 Nam
2711 2870 2758 2925 si
2798 2886 2962 2925 unum
2988 2880 3044 2926 et
3079 2870 3351 2925 uniforme

107 2955 179 3006 ἐπὶ
227 2954 318 3026 τὴν
369 2953 617 3026 κεφαλὴν
674 2948 816 3007 εἶναι
869 2952 1033 3006 αὑτοῦ
1095 2950 1270 3005 πολλὰ
1322 2951 1651 3020 διαδήματα.

1767 2973 1911 3020 esset
1938 2963 2281 3019 mendacium
2308 2965 2376 3018 de
2401 2979 2511 3034 quo
2547 2973 2824 3035 prostrato
2851 2979 3109 3018 coronam
3137 2963 3352 3034 accipe-

107 3047 155 3098 Εξ
179 3048 263 3116 μὲν
287 3047 390 3119 γὰρ
411 3046 470 3099 ἓν
500 3042 572 3119 ἦν
594 3047 688 3100 καὶ
712 3044 985 3118 μονοειδὲς
1011 3044 1072 3098 τὸ
1100 3044 1316 3115 ψεῦδος,
1341 3036 1536 3098 καθ’οὗ
1561 3043 1654 3098 τὸν

1767 3068 1845 3113 ret
1875 3057 2074 3123 victor,
2105 3056 2277 3112 ﬁdelis
2302 3068 2358 3113 et
2380 3071 2549 3112 verax
2572 3055 2790 3122 Sermo,
2801 3053 2926 3124 jure
2940 3055 3106 3110 etiam
3127 3056 3347 3120 Sermo,

107 3139 331 3209 στέφανον
374 3138 700 3210 ἡττωμένου
755 3136 1059 3207 ἐλάμϐανεν
1115 3139 1144 3189 6
1181 3137 1412 3207 νικήσας
1460 3134 1652 3198 πιστὸς

1767 3151 1853 3221 qui
1879 3158 2193 3220 superasset
2218 3149 2325 3204 Deo
2355 3157 2738 3218 repugnantes,
2771 3147 3008 3217 scriptus
3027 3144 3216 3202 fuisset
3243 3163 3351 3201 uno

104 3232 177 3283 ui
204 3232 440 3303 ἀληθινὸς
476 3230 676 3302 Λόγος,
708 3230 800 3284 καὶ
828 3229 885 3283 ἓν
911 3229 1148 3300 διάδημα
1192 3227 1537 3300 περικεῖσθαι
1569 3227 1657 3279 εὑ-

1767 3245 2070 3299 diatlemate
2096 3242 2410 3313 insignitus.
2459 3240 2617 3296 Nunc
2670 3250 2849 3295 autem
2884 3239 3052 3294 multa
3087 3254 3211 3292 cum
3241 3237 3349 3292 sint
3431 3246 3442 3250 '

104 3322 241 3392 λόγως
289 3324 686 3396 ἀναγέγραπτο
731 3325 759 3376 6
809 3323 1188 3394 ἐπικρατήσας
1240 3322 1349 3374 τῶν
1399 3319 1659 3374 ἐναντίων

1767 3335 2052 3391 mendacia
2087 3351 2208 3405 qua:
2244 3334 2569 3406 proﬁtentur
2597 3334 2906 3397 veritatem,
2936 3333 3196 3388 adversus
3227 3348 3351 3402 qua:

106 3417 210 3470 Θεοῦ
251 3417 432 3487 Λόγος·
471 3417 595 3470 νυνὶ
627 3416 684 3468 δὲ
727 3415 935 3469 πολλῶν
979 3415 1148 3469 όντων
1174 3414 1281 3468 τῶν
1318 3413 1658 3484 ἐπαγγελλο-

1767 3427 1967 3482 bellum
2004 3442 2204 3499 gerens
2241 3427 2330 3482 ille
2382 3427 2576 3482 Sermo
2627 3435 2949 3493 coronatur,
3006 3425 3172 3480 multa
3223 3433 3352 3480 sunt

108 3509 249 3579 μένων
273 3511 371 3582 τὴν
408 3509 676 3582 ἀλήθειαν
715 3508 948 3579 ψευδῶν,
982 3508 1102 3562 καθ’
1132 3501 1207 3563 ὧν
1247 3507 1660 3579 στρατευσάμε-

1767 3521 1927 3575 etiam
1967 3521 2274 3575 diademata
2323 3519 2490 3590 capiti
2545 3528 2746 3573 cuncta
2801 3518 3026 3574 victoris
3071 3518 3346 3587 imposita.

104 3619 173 3664 νος
193 3605 218 3656 ὁ
247 3604 409 3672 Λόγος
450 3601 841 3673 στεφανοῦται,
880 3603 1052 3656 πολλὰ
1085 3601 1347 3673 γινόμενα
1385 3601 1454 3655 τά
1483 3600 1661 3673 διαδή-

1767 3614 1906 3682 Quin
1937 3613 2101 3669 etiam
2133 3627 2579 3683 unamquamque
2603 3612 2873 3667 actionem
2911 3611 3166 3667 rebellem
3185 3626 3350 3681 supe-

107 3711 221 3763 ματα
245 3698 304 3767 τῇ
331 3695 548 3767 κεφαλῇ
572 3694 667 3749 τοῦ
696 3696 875 3750 πάντα
913 3694 1238 3766 νικήσαντος
1268 3695 1657 3766 περικείμενα,

1767 3719 1916 3770 rans,
1947 3703 2132 3759 multis
2157 3705 2372 3760 cor0nis
2402 3705 2472 3760 ob
2510 3704 2797 3760 victoriam
2831 3703 3186 3773 multiplicem
3221 3704 3354 3758 insi-

107 3788 182 3838 κιὶ
198 3787 419 3858 ἑκάστης
442 3787 502 3840 δὲ
522 3784 986 3856 ἁποστατησάσης
1006 3784 1289 3856 ἐνεργείας
1310 3785 1387 3855 (5)
1412 3784 1656 3856 κρατῶν,

1767 3797 1970 3868 gnitur.
2007 3797 2201 3853 Dictus
2236 3798 2401 3852 etiam
2427 3808 2549 3868 post
2582 3798 2888 3853 diademata
2913 3798 3075 3868 capiti
3098 3797 3351 3866 imposita

108 3878 245 3932 πολλὰ
277 3880 589 3952 διαδήματα
610 3877 690 3949 τῷ
729 3880 886 3950 νικᾷν
921 3877 1282 3950 περιτίθεται.
1326 3876 1483 3948 Ἑξῆς
1519 3875 1660 3950 μετὰ

1767 3904 1960 3943 nomen
1979 3887 2182 3942 habere
2200 3888 2488 3957 scriptum,
2509 3887 2652 3957 quod
2675 3901 2835 3942 nemo
2853 3887 3002 3942 novit
3020 3887 3120 3943 nisi
3141 3885 3258 3956 ipse
3281 3884 3351 3951 ”;

105 3973 450 4045 τὰδιαδήματα
462 4051 466 4055 Ι
478 3973 903 4043 ἀναγέγραπται
919 3971 1010 4041 ἔχε
1018 3989 1064 4025 ιν
1087 3970 1257 4042 ὄνομα
1274 3970 1661 4042 γεγραμμένον

1767 3981 1912 4036 novit
1940 3981 2086 4035 enim
2109 3979 2257 4035 solus
2282 3979 2528 4049 quaedam
2557 3981 2831 4034 animatus
2863 3979 2954 4033 hic
2980 3978 3196 4042 Sermo,
3228 3995 3352 4034 cum

106 4062 127 4114 ὃ
153 4065 298 4130 οὐδεὶς
324 4060 484 4128 οἶδεν,
515 4067 568 4118 εί
603 4066 678 4136 μὴ
699 4064 880 4127 αὐτός·
919 4058 1072 4128 οὗτος
1100 4061 1209 4135 γὰρ
1237 4066 1265 4117 6
1298 4062 1540 4134 ἔμψυχος
1559 4061 1662 4116 Λό-

1767 4074 1950 4130 nullus
1975 4072 2182 4129 intueri
2211 4073 2384 4143 possit
2417 4087 2480 4126 ea
2512 4087 2633 4142 qua:
2661 4071 2751 4127 ille
2794 4070 3235 4142 comprehendit,
3285 4084 3354 4126 eo

106 4173 176 4224 τις
216 4158 491 4212 ἐπίσταταί
542 4174 667 4212 τινα
717 4156 899 4227 μόνος,
927 4155 1016 4209 διὰ
1058 4155 1119 4208 τὸ
1162 4154 1550 4227 ὑποδεέστερον
1604 4155 1661 4207 ὲν

1767 4167 1912 4237 quod
1943 4182 2030 4220 res
2055 4181 2174 4236 qua:
2206 4169 2461 4222 continue
2497 4176 2834 4236 generantur
2859 4163 3016 4236 longe
3058 4164 3354 4223 inferiores

105 4253 190 4313 τοῖς
207 4250 316 4322 ἑῇς
339 4252 594 4320 γενητοῖς
611 4249 710 4320 τῆς
732 4246 950 4317 φύσεως
979 4245 1171 4310 αὐτοῦ,
1188 4245 1404 4310 οὐδενός
1427 4243 1608 4317 χωροῦ
1618 4261 1662 4298 v-

1767 4262 1874 4316 sint
1907 4273 2096 4315 natura
2125 4261 2311 4330 ipsius.
2345 4263 2528 4332 Atque
2561 4261 2729 4315 etiam
2763 4259 3020 4316 fortassis
3047 4258 3150 4313 soli
3186 4260 3356 4329 parti-

106 4359 174 4406 :o;
200 4344 362 4398 πάντα
387 4342 424 4396 ἃ.
452 4343 667 4404 ἐκεῖνος
700 4337 1113 4410 καταλαμϐάνει
1149 4337 1396 4410 θεωρεῖν.
1419 4337 1574 4407 Τάχα
1599 4335 1657 4388 δὲ

1767 4354 1914 4424 cipes
1943 4353 2086 4408 illius
2116 4351 2402 4410 Sermonis
2431 4354 2676 4423 quaedam
2704 4362 2907 4407 norunt
2934 4367 3055 4422 quae
3080 4361 3207 4406 sunt
3226 4351 3353 4404 ahs-

106 4431 178 4482 καὶ
214 4432 257 4483 οἱ
301 4431 620 4503 μετέχοντες
677 4429 887 4482 ἐκείνου
933 4428 1026 4482 τοῦ
1074 4427 1251 4498 Λόγου
1303 4427 1453 4499 μόνοι
1510 4426 1662 4498 παρὰ

1767 4439 1983 4493 condita
2033 4454 2142 4493 non
2189 4437 2646 4509 participantibus
2697 4437 2870 4491 illum.
2936 4435 3108 4492 Porro
3162 4434 3360 4490 Sermo

106 4524 202 4587 τοὺς
221 4524 289 4596 μὴ
317 4524 650 4596 μετέχοντας
675 4520 823 4577 ἴσασι
850 4520 924 4593 (6)
943 4521 1010 4575 τὰ
1037 4521 1111 4593 μὴ
1141 4522 1221 4584 είς
1247 4520 1492 4582 ὲκείνους
1515 4518 1658 4588 φθά-

1767 4524 1856 4580 ille
1894 4526 1984 4579 Dei
2021 4542 2126 4580 non
2159 4527 2337 4580 nudus
2367 4541 2395 4578 a
2424 4522 2634 4579 Joanne
2662 4525 2910 4578 cernitur
2947 4524 3017 4589 ",
3051 4525 3178 4579 dum
3213 4537 3359 4592 equo

108 4632 246 4670 νοντα.
279 4619 350 4672 Οὐ
397 4617 615 4690 γυμνὸς
661 4616 717 4670 δὲ
766 4615 844 4687 τῷ
890 4613 1117 4686 Ἰωάννῃ
1157 4616 1354 4686 ὁρᾶται
1389 4613 1468 4684 τῷ
1503 4613 1658 4684 ἵππῳ

1769 4612 1892 4665 albo
1909 4611 2145 4677 vehitur,
2172 4611 2264 4666 sed
2285 4608 2665 4665 circumdatus
2689 4619 2838 4664 veste
2861 4610 3130 4678 sanguine
3160 4608 3357 4672 tincta,

107 4710 352 4783 ὀχούμενος
380 4713 410 4764 ό
435 4711 540 4766 τοῦ
567 4710 704 4764 Θεοῦ
733 4709 932 4779 Λόγος·
970 4709 1364 4780 περιϐέϐληται
1392 4708 1502 4780 γὰρ
1527 4708 1657 4779 ἱμά-

1767 4701 2211 4771 quandoquidem
2266 4700 2516 4772 vestigiis
2559 4709 2615 4755 et
2668 4699 2816 4755 notis
2869 4698 3237 4754 circumdatus
3271 4703 3358 4750 cst

109 4819 192 4857 τιον
233 4806 579 4879 ὲρῥαμμένον
633 4803 850 4875 αἵματι,
886 4802 1119 4874 ἐπείπερ
1173 4803 1297 4873 ἴχνη
1347 4801 1657 4872 περίκειται

1769 4796 1961 4849 Sermo
1991 4791 2168 4850 factus
2197 4809 2350 4860 caro,
2381 4803 2436 4849 et
2465 4793 2670 4850 idcirco
2699 4794 2864 4848 etiam
2898 4801 3148 4846 mortuus
3172 4829 3187 4853 ,
3227 4787 3356 4856 quia

110 4898 411 4970 ὸγενόμενος
441 4900 621 4968 Λόγος
651 4896 811 4969 σὰρξ,
840 4898 935 4950 καὶ
978 4896 1068 4952 διὰ
1098 4897 1159 4950 τὸ
1185 4895 1469 4966 γεγονέναι
1521 4891 1659 4966 σὰρξ

1767 4902 1897 4943 caro
1948 4888 2144 4953 factus,
2195 4887 2268 4940 ita
2316 4897 2375 4942 nt
2409 4887 2728 4956 sanguinem
2768 4899 2934 4954 super
2964 4893 3164 4937 terram
3196 4895 3357 4935 suum

109 4990 371 5060 ἀπσθανὼν,
409 4993 491 5057 ὡς
527 4989 868 5064 πῳχυθῆναι
904 4989 1066 5044 αὑτοῦ
1115 4991 1209 5064 καὶ
1254 4985 1395 5060 αἷμα
1437 4988 1529 5040 ἐπὶ
1556 4984 1656 5057 τὴν

1767 4981 2088 5052 profuderit,
2108 4980 2279 5034 milite
2303 4979 2441 5035 latus
2457 4979 2576 5050 ejus
2590 4987 2879 5049 pungente.
2899 4972 3176 5029 Passionis
3207 4988 3360 5026 nam-

113 5082 206 5152 γῆν,
233 5085 480 5151 νύξαντος
523 5083 620 5138 τοῦ
655 5083 994 5155 στρατιώτου
1041 5083 1138 5154 τὴν
1176 5082 1416 5153 πλευρὰν
1450 5080 1614 5134 αὑτοῦ
1641 5096 1653 5109 ·

1767 5090 1873 5146 que
1913 5074 2074 5139 illius,
2098 5085 2153 5128 et
2186 5074 2456 5136 veritatis,
2483 5083 2536 5128 et
2562 5069 2794 5126 instituti
2845 5069 2968 5122 vitae
2993 5082 3155 5137 quam
3184 5065 3358 5120 tenuit

115 5177 280 5230 ἐκείνου
298 5180 388 5233 τοῦ
415 5180 648 5247 πάθους,
668 5179 808 5251 τάχα
825 5177 933 5251 γὰρ
949 5177 1055 5232 κᾶν
1080 5177 1228 5240 ὅπως
1252 5175 1382 5228 ποτὲ
1403 5177 1460 5227 ἐν
1478 5176 1543 5245 τῇ
1566 5172 1658 5226 τοῦ

1768 5169 1822 5224 in
1856 5182 2088 5236 corpore
2113 5177 2322 5231 nostro,
2355 5166 2501 5220 nulla
2542 5179 2642 5219 nos
2682 5178 2924 5232 unquam
2957 5163 3169 5217 tenebit
3217 5161 3359 5216 obli-

116 5270 250 5340 Λόγου
279 5273 591 5345 ὑψηλοτάτη
618 5273 715 5327 καὶ
735 5273 986 5342 άνωτάτῃ
1007 5268 1212 5341 θεωρίᾳ
1240 5267 1548 5339 γενώμεθα,
1566 5267 1662 5320 καὶ

1769 5262 1878 5325 vlo,
1904 5263 2070 5315 etiam
2104 5260 2148 5314 si
2171 5260 2401 5314 fortasse
2423 5254 2914 5326 quomodocunque
2943 5254 3357 5326 pervenerimus

206 5331 446 5437 ἀληθείας
477 5367 543 5420 οὐ
565 5331 755 5437 ’πάντη
782 5331 1198 5435 ἐπιλησόμεθα,¹
1220 5331 1319 5433 της
1355 5331 1414 5414 ὲν
1448 5331 1662 5431 σώματι

1771 5356 1836 5409 ad
1871 5354 2192 5409 altissimam
2227 5365 2634 5421 supernamque
2678 5349 2850 5421 ipsius
2881 5347 3163 5406 Sermonis
3188 5355 3242 5403 et
3263 5344 3359 5402 Fi-

171 5460 206 5492 ¹³
232 5461 268 5515 ιι
289 5460 484 5517 Thess.
533 5475 596 5516 Il.
673 5459 915 5529 ’°;Apoc.
952 5473 1070 5512 xu.
1116 5455 1204 5510 12.
1281 5455 1324 5488 ⁹¹
1356 5453 1486 5508 ibid.
1533 5453 1619 5508 ll.

1777 5449 1905 5506 ibid.
1934 5448 2022 5502 12.
2100 5446 2146 5478 ⁸³
2176 5445 2308 5502 ibid.
2382 5445 2429 5478 “
2452 5444 2583 5501 ibid.
2613 5444 2701 5501 15.

171 5553 230 5625 (ῗ)
287 5556 420 5622 τοὺς
485 5553 577 5624 μὴ
638 5552 819 5625 ὄντας
869 5550 944 5621 τῇ
999 5547 1266 5625 ἀκίηθινᾶ
1316 5554 1503 5625 σρφία
1557 5564 1666 5625 σθ’
1774 5544 2028 5625 τῷ,εέιή
2219 5612 2232 5625 ,
2364 5607 2416 5625 η.
2584 5609 2631 5625 ..
2698 5607 2764 5625 ..Α

123 5603 254 5691 poi}.
289 5603 420 5681 ilic?
453 5603 1669 5689 desitntviacditiiineﬂlliteti1:sedvsupplen-
1809 5603 1928 5692 Α’(ὅ)
1962 5612 2322 5692 Ἐνεργεζας.
2360 5607 2454 5692 _S_ic
2480 5609 2653 5692 codd.
2698 5607 3026 5692 Bodleiauus
3069 5614 3123 5660 et
3163 5603 3358 5660 Barbe-

128 5680 186 5748 iur
212 5680 235 5748 .2
263 5680 446 5752 conice
480 5695 801 5755 Bodleiano.
1239 5680 1252 5687 ’
1478 5680 1493 5688 ’
1519 5680 1531 5689 ’

1778 5680 1960 5749 riuus;
2001 5680 2328 5758 inale'editio
2358 5680 2894 5758 ιίιιιειίἱηὲναργείας.
3003 5747 3040 5758 “
3099 5741 3130 5758 ἡ
3170 5747 3181 5758 ,

174 5741 234 5834 is}
266 5741 852 5834 ὶῖὲὲὲἷτὲἷρῗέὶῐἾιε
881 5763 1042 5819 codd.
1087 5762 1404 5834 Bodleianus
1443 5769 1496 5816 et
1531 5759 1662 5815 Bar-

1812 5741 1816 5742 ν
1849 5759 1926 5827 (6)
1949 5741 2192 5834 ’Ἵσαςςα
2231 5751 2325 5834 _Ita
2381 5741 2744 5834 recte_'ltabet'
2782 5741 2954 5834 codex
3003 5741 3355 5812 Bodleiantts;

129 5824 336 5901 lyrinus;
376 5837 520 5892 male
557 5824 728 5890 editio
763 5833 972 5900 lluetii,
999 5835 1143 5888 κατὰ
1170 5833 1284 5896 τόν,
1310 5843 1420 5887 etc.
1779 5824 1921 5885 male
1962 5843 2088 5884 νει-ο
2113 5824 2314 5897 Regius
2340 5835 2394 5880 et
2419 5824 2772 5890 Barberinus,
2809 5824 2944 5873 ἰᾶσι.

180 5907 242 5978 (ι)
285 5900 461 5979 Ἑξῆς
484 5907 561 5962 δὲ
591 5906 682 5974 τό,
712 5915 819 5964 etc.
849 5905 1158 5977 Legendunt
1195 5906 1432 5972 videtur,
1459 5900 1586 5974 ἑξῆς
1609 5901 1668 5954 δὲ

1766 2312 1939 2380 magis
1970 2311 2286 2367 materiales
2311 2351 2329 2379 ,
2363 2310 2621 2368 omnibus
2671 2310 3166 2381 quotnodocunque
3195 2309 3349 2366 falsis

1764 2403 2128 2473 gracilitatem
2187 2412 2243 2458 et
2293 2405 2616 2458 tenuitatem
2682 2403 2928 2459 veritatis
2991 2403 3349 2473 fugientibus.

1766 2495 1934 2550 Valde
1967 2505 2149 2552 autem
2181 2495 2432 2552 ordinate
2457 2508 2749 2567 postquam
2781 2497 2996 2552 induxit
3027 2495 3349 2552 Sermonem

1757 2588 2100 2659 iudicantem
2135 2589 2186 2644 in
2212 2589 2427 2660 justitia
2462 2590 2531 2657 ⁹¹,
2565 2601 2623 2646 et
2659 2599 2719 2645 ut
2763 2589 2975 2660 judicet
3031 2589 3085 2644 in
3133 2588 3350 2657 justitia

1763 2679 1962 2736 bellum
1997 2691 2298 2751 gerentem,
2349 2682 2458 2754 58
2496 2692 2661 2753 atque
2705 2683 2902 2740 deinde
2954 2694 3080 2754 post
3124 2683 3348 2749 bellum,
