3922 6572
479 383 586 438 1⁸25

1943 373 2267 432 ORIGENlS

3644 372 3756 429 HL

478 476 534 528 lii
574 476 664 530 ttei
705 476 1240 547 contemplationem.
1269 474 1423 530 Hunc
1465 473 1562 529 Dei
1589 473 1910 530 Sermonem
1939 490 2054 531 caa-

2163 475 2318 546 ἡμῶν
2351 473 2646 546 γενομένης
2668 474 2734 528 δι’
2761 470 2926 528 αὐτοῦ
2963 470 3292 542 εἰσαγωγῆς.
3321 468 3514 541 Τούτῳ
3539 466 3616 538 τῷ
3647 469 3752 524 τοῦ

477 565 645 621 lestes
680 569 954 623 exercitus
979 582 1168 623 omnes
1193 575 1498 636 sequuntur
1518 567 1588 632 θ’,
1620 566 1938 622 Sermonem
1970 581 2056 622 se-

473 669 702 730 quentes
744 660 958 725 ducem,
982 670 1037 714 et
1069 661 1348 715 imitantes
1393 675 1516 715 eum
1548 660 1600 714 in
1647 660 1900 714 omnibus
1929 676 1943 712 :
1975 660 2054 713 id-

473 767 581 821 que
619 762 727 806 tum
757 753 990 806 maxime
1010 767 1132 807 cum
1167 767 1270 806 non
1303 765 1461 806 secus
1489 765 1554 805 ac
1583 751 1698 821 ipse
1734 751 2058 806 inscenduut

472 860 641 915 equos
671 844 864 910 albos;
916 845 1094 899 omnia
1129 845 1273 898 enim
1315 853 1500 913 aperta
1529 852 1657 898 sunt
1705 842 2056 914 intelligenti-

474 935 598 989 bus.
653 934 718 989 Et
762 934 1216 1004 quemadmodum
1262 932 1598 1002 fugitdolor,
1643 943 1698 986 et
1744 945 1971 996 maeror,
2002 941 2057 985 et

475 1027 769 1096 suspirium
809 1027 861 1080 in
899 1027 1006 1082 ﬁne
1058 1041 1261 1092 rerum,
1296 1027 1377 1082 sic
1405 1026 1643 1080 arbitror
1674 1024 1858 1097 fugere
1891 1025 2055 1079 etiam

473 1118 865 1175 obscuritatem
899 1128 954 1174 et
988 1119 1408 1180 dubitationem,
1457 1117 1718 1173 omnibus
1771 1116 2057 1185 sapientiae

475 1215 572 1270 Dei
614 1215 891 1285 mysteriis
949 1215 1240 1284 diligenter
1277 1221 1331 1268 et
1375 1210 1664 1266 manifeste
1716 1211 1769 1265 in
1810 1219 2056 1280 apertum

475 1305 776 1373 productis.
817 1304 1120 1360 Considera
1175 1319 1309 1358 vero
1344 1302 1497 1358 albos
1539 1296 1712 1371 equos
1745 1314 1934 1355 eorum
1965 1299 2057 1370 qui

475 1409 778 1467 sequuntur
798 1398 1120 1454 Sermonem
1139 1397 1207 1464 ",
1228 1397 1444 1452 indutos
1462 1395 1606 1460 albo,
1627 1403 1680 1450 et
1709 1409 1844 1463 puro
1865 1394 2054 1465 bysso;

474 1499 530 1544 et
571 1490 854 1545 considera
890 1505 1016 1543 num
1041 1489 1168 1559 quia
1202 1489 1396 1558 byssus
1439 1502 1470 1543 e
1510 1495 1657 1542 terra
1687 1486 1892 1554 oritur,
1928 1486 2058 1558 bys-

473 1582 589 1636 sina
629 1581 944 1636 indumenta
983 1580 1290 1651 signiﬁcent
1330 1578 1692 1651 proprietates
1749 1577 2057 1647 linguarum

475 1688 599 1741 qua:
652 1683 779 1728 sunt
833 1675 887 1728 in
939 1683 1122 1739 terra,
1153 1672 1352 1742 quibus
1404 1671 1607 1727 induta:
1672 1680 1798 1726 sunt.
1864 1684 2055 1734 voces,

477 1781 566 1820 res
592 1777 778 1836 aperte
821 1775 876 1821 et
918 1781 1052 1836 pure
1093 1766 1486 1838 significantes.
1521 1765 1644 1821 Haec
1683 1779 1865 1820 autem
1905 1781 2058 1821 sum-

2159 565 2294 619 Θεοῦ
2325 567 2481 637 Λόγῳ
2504 566 2573 620 τά
2604 568 2661 619 ἐν
2689 565 2766 636 τῷ
2794 563 3008 636 οὐρανῷ
3034 563 3422 636 στρατεύματα
3455 562 3754 616 ἀκολουθεῖ

2159 658 2356 722 πάντα,
2409 657 2565 729 Λόγῳ
2617 656 2860 728 ἑπόμενα
2914 655 3225 728 ἡγουμένῳ,
3281 659 3376 709 καὶ
3427 653 3755 726 μιμούμενα

2158 749 2319 804 αὑτὸν
2366 751 2425 803 ἐν
2452 751 2606 814 πᾶσι,
2637 751 2731 803 καὶ
2764 748 2998 820 μάλιστα
3026 747 3103 819 τῷ
3126 746 3519 818 ἐπιϐεϐηκέναι
3544 747 3753 817 ὁμοίως

2157 840 2305 912 αὐτῷ
2333 841 2522 906 ἵπποις
2548 841 2785 904 λευκοῖς·
2806 841 2984 894 πάντα
3013 841 3122 910 γὰρ
3148 839 3380 894 ἐνώπιον
3402 842 3516 904 τοῖς
3538 838 3749 893 νοοῦσι.

2158 933 2266 987 Καὶ
2286 935 2474 1006 ῶσπερ
2501 934 2709 1006 ἀπέδρα
2734 932 2809 1004 (7)
2840 933 3003 1005 ὀδύνη
3035 934 3130 987 καὶ
3147 933 3292 1005 λύπη
3317 933 3411 987 καὶ
3439 931 3754 1002 στεναγμὸς

2159 1027 2252 1081 ἐπὶ
2280 1026 2358 1097 τῷ
2396 1026 2539 1080 τέλει
2567 1025 2676 1080 τῶν
2704 1026 3069 1098 πραγμάτων,
3095 1025 3269 1092 οὕτως
3322 1021 3479 1096 οἶμαι
3525 1027 3611 1080 ὅτι
3643 1027 3753 1080 ἀπ-

2160 1119 2290 1191 έδρα
2305 1119 2539 1190 ἀσάφεια
2559 1121 2654 1173 καὶ
2671 1120 2892 1192 ἀπορία,
2902 1120 3118 1174 πάντων
3131 1119 3404 1190 ἐπιμελῶς
3417 1118 3515 1173 καὶ
3529 1137 3560 1172 τ
3571 1117 3754 1191 ρανῶς

2161 1212 2577 1283 προπιπτόντων
2603 1211 2711 1266 τῶν
2747 1213 2848 1283 τῆς
2873 1210 2968 1266 τοῦ
3003 1211 3139 1265 Θεοῦ
3175 1212 3368 1282 σοφίας
3401 1211 3747 1284 μυστηρίων.

2174 1302 2494 1373 Ἐπίσκεψαι
2517 1302 2573 1355 δέ
2599 1305 2727 1366 τοὺς
2758 1302 2987 1366 λευκοὺς
3022 1302 3222 1366 ἵππους
3253 1302 3362 1357 τῶν
3383 1301 3754 1356 ἀκολουθούν-

2158 1413 2267 1449 των
2306 1395 2386 1467 τῷ
2435 1395 2595 1466 Λόγῳ
2646 1396 3032 1467 ἐνδεδυμένους
3094 1395 3344 1466 βύσσινον
3393 1395 3589 1448 λευκὸν
3651 1394 3751 1446 καὶ

2161 1487 2419 1558 καθαρὸν,
2469 1489 2518 1540 εί
2556 1486 2630 1558 μὴ
2668 1488 2792 1540 ἐπεὶ
2837 1487 3034 1559 βύσσος
3074 1488 3182 1548 ἀπὸ
3219 1490 3324 1559 γῆς
3357 1487 3589 1557 γίνεταε,
3638 1487 3755 1540 τῶν

2161 1579 2252 1632 ἐπὶ
2286 1579 2391 1650 γῆς
2414 1579 2732 1646 διαλέκτων,
2771 1581 2837 1646 ἃς
2877 1583 3250 1653 ἠμφιεσμέναι
3278 1583 3415 1635 εἰσιν
3447 1583 3505 1634 αἱ
3547 1580 3756 1653 σημαί-

2160 1690 2350 1726 νουσαι
2391 1674 2566 1742 φωναὶ
2593 1673 2846 1746 καθαρῶς
2884 1673 2952 1728 τὰ
2984 1675 3304 1745 πράγματα,
3349 1674 3512 1727 τύποι
3542 1674 3757 1744 τυγχά⁹

2161 1783 2312 1820 νουσι
2340 1766 2409 1820 τὰ
2443 1765 2667 1836 βύσσινα
2704 1765 2997 1837 ἐνδύματα.
3031 1766 3216 1821 Ταῦτα
3255 1767 3320 1839 δὴ
3350 1768 3443 1821 ἐπὶ
3473 1766 3662 1819 πλεῖον
3687 1768 3756 1820 ἐκ

477 1868 566 1926 pta
595 1864 680 1914 ‘ex
720 1859 1072 1929 Apocalypsi,
1109 1876 1230 1928 qua:
1283 1860 1440 1914 docet
1475 1873 1572 1913 nos
1617 1857 1793 1927 qualis
1841 1858 1914 1914 sit
1950 1857 2057 1929 59

2162 1859 2258 1931 τῆς
2317 1859 2736 1930 ’Λποκαλύψεως
2785 1858 3140 1930 διδασκούσης
3193 1859 3323 1932 περὶ
3374 1859 3553 1928 Λόγου
3613 1859 3753 1912 Θεοῦ

477 1949 571 2006 Dei
605 1949 816 2017 Sermo,
846 1952 1110 2021 prolixius
1143 1953 1524 2018 tractavimus,
1559 1962 1617 2004 ttt
1653 1951 1963 2006 accuratius
1992 1963 2048 2004 et

2155 1953 2390 2025 εἴρηται,
2421 1953 2507 2008 ἴνα
2542 1953 2932 2025 ἀκριϐέστερον
2964 1952 3033 2006 τὰ
3063 1953 3193 2024 περὶ
3223 1951 3391 2006 αὐτοῦ
3436 1954 3752 2023 νοήσωμεν.

473 2045 726 2101 subtilius
760 2063 881 2116 quae
910 2049 978 2102 ad
1025 2049 1201 2118 ipsum
1239 2049 1560 2105 Sermonem
1589 2059 1837 2117 spectant
1875 2047 2367 2105 consideraremus.

548 2139 600 2196 5.
643 2139 747 2195 Hic
772 2152 884 2196 erat
927 2143 981 2196 in
1003 2143 1260 2214 principio
1287 2144 1428 2214 apud
1465 2142 1632 2197 Deum
1657 2143 1722 2197 ⁸⁷.
1752 2141 1821 2197 lis
1851 2143 1943 2212 qui
1967 2159 2060 2199 ac-

474 2252 664 2298 curate
692 2257 798 2298 non
829 2245 1119 2299 attendunt
1150 2245 1400 2300 diversas
1424 2245 1476 2298 in
1514 2243 1597 2298 his
1621 2258 1740 2314 quae
1764 2245 2056 2300 enuntian-

476 2354 564 2400 tur
599 2345 1031 2415 propositiones,
1065 2346 1337 2401 videbitur
1371 2346 1704 2416 evangelista
1735 2345 1923 2400 eadem
1964 2361 2052 2402 re-

475 2453 681 2512 petere.
728 2459 791 2499 ac
839 2444 884 2499 si
921 2444 1054 2500 nihil
1118 2443 1236 2515 plus
1268 2445 1475 2500 diceret
1505 2444 1590 2500 bis
1639 2442 1844 2508 verbis,
1903 2463 1919 2495 ι
1957 2442 2056 2499 Hic

475 2556 592 2601 erat
618 2547 671 2601 in
700 2548 966 2619 principio
989 2550 1130 2618 apud
1164 2547 1353 2613 Deum,
1391 2565 1410 2601 ι
1443 2561 1604 2618 quam
1637 2546 1743 2602 illis
1778 2565 1834 2603 τι
1878 2547 1945 2602 Et
1968 2545 2057 2603 ille

475 2651 674 2707 Sermo
707 2652 985 2722 eratapud
1014 2653 1203 2707 Deum.
1240 2671 1259 2706 ι
1291 2651 1398 2708 Sed
1428 2651 1781 2708 observemus
1830 2666 2056 2708 necesse

473 2765 581 2820 est,
617 2771 736 2822 nos,
777 2757 992 2826 quando
1043 2757 1298 2823 dicimus,
1345 2775 1364 2810 ‹
1416 2757 1510 2812 llle
1533 2760 1720 2815 Sermo
1758 2768 1876 2812 erat
1917 2757 2056 2827 apud

474 2849 716 2926 Deum,_t
768 2864 874 2902 non
923 2848 1210 2903 addiscere
1272 2847 1492 2918 quando
1537 2856 1678 2913 erat,
1710 2846 1796 2901 vel
1849 2847 1901 2900 in
1947 2861 2056 2916 quo

472 2950 592 2996 erat
629 2941 769 3011 apud
800 2942 988 3005 Deum,
1017 2940 1172 3012 juxta
1217 2949 1474 3010 quartum
1511 2941 1922 3009 pronuntiatum
1963 2939 2056 2992 ad-

471 3031 661 3088 ditum.
726 3031 862 3086 Nam
910 3041 1144 3102 quatuor
1184 3025 1457 3087 cum'siut
1498 3030 1600 3085 hoc
1641 3029 1844 3086 inloco
1891 3026 2057 3096 ἀξιὼ-

476 3142 643 3196 ματα,
679 3123 805 3196 [ltoc
831 3121 1355 3193 est,pronunliata,]
1387 3136 1507 3191 qua:
1541 3121 1707 3190 aliqui
1773 3125 2062 3194 προτάσεις

478 3218 608 3290 [hoc
659 3227 764 3285 est,
807 3217 1232 3288 propositiones]
1281 3214 1604 3285 appellant,
1649 3214 2059 3282 pronuntiatum

472 3319 725 3379 quartum
760 3320 841 3364 est
871 3324 885 3361 :
918 3327 936 3359 ι
983 3307 1079 3362 llic
1109 3316 1228 3362 erat
1259 3309 1311 3362 in
1342 3307 1608 3377 principio
1641 3304 1782 3375 apud
1811 3303 1998 3360 Deum.
2037 3322 2055 3355 ι

472 3395 701 3468 Insuper
749 3400 863 3452 haec
915 3395 1236 3466 propositio,
1301 3414 1319 3446 ι
1374 3395 1464 3450 llle
1510 3395 1702 3451 Sermo
1749 3403 1869 3450 erat
1919 3395 2062 3464 apud

477 3491 669 3556 Deum,
707 3509 727 3543 ι
764 3505 868 3545 non
917 3491 1105 3546 eadem
1141 3478 1225 3544 est
1257 3503 1378 3544 cum
1405 3489 1490 3543 illa
1510 3505 1628 3559 qum
1669 3488 1865 3557 inquit,
1912 3506 1930 3541 ι
1965 3486 2061 3542 Hic

472 3592 614 3648 erat,
653 3601 672 3634 ι
711 3597 817 3637 non
845 3582 1168 3652 simpliciter
1197 3582 1337 3651 apud
1363 3583 1569 3648 Deum;
1604 3581 1699 3636 sed
1733 3581 1949 3651 quando
1977 3580 2060 3635 vel

475 3676 530 3730 in
581 3691 691 3745 quo
726 3676 866 3746 apud
911 3675 1102 3730 Deum.
1151 3693 1169 3728 ι
1208 3674 1308 3730 llic
1356 3675 1542 3739 enim,
1587 3675 1796 3744 inquit,
1840 3682 1960 3730 erat
2005 3674 2058 3728 in

474 3768 742 3838 principio
771 3769 914 3838 apttd
942 3769 1144 3836 Deum;
1181 3788 1201 3824 ι
1223 3769 1350 3838 qttin
1381 3768 1542 3823 etiam
1573 3767 1699 3824 illud
1720 3768 1806 3822 hic
1837 3783 1936 3839 per
1970 3769 2063 3822 de—

476 3859 929 3915 monstrationem
978 3860 1388 3916 existimabitur
1412 3859 1648 3926 positum
1678 3857 1848 3914 fuisse
1886 3858 1968 3913 vel
1997 3858 2064 3912 de

475 3951 760 4018 Sermone,
778 3953 860 4008 vel
883 3954 948 4008 de
975 3954 1104 4019 Deo,
1128 3954 1195 4009 ab
1212 3968 1276 4008 eo
1293 3953 1383 4024 qui
1403 3953 1582 4008 minus
1599 3953 1888 4022 diligenter
1911 3952 2062 4007 iuve-

473 4045 755 4116 stigaverit
777 4086 793 4107 ,
820 4045 1055 4102 utetiam
1083 4047 1322 4101 inveniat
1349 4045 1892 4117 comprehensionem
1920 4045 2066 4114 prio-

475 4156 616 4207 rum,
631 4150 686 4196 et
710 4140 1246 4210 comprehensionem
1265 4139 1717 4195 considerationis
1739 4137 1900 4207 hujus
1913 4136 2064 4192 vocis

474 4231 681 4299 Sermo,
717 4242 772 4288 et
809 4232 970 4300 hujus
1011 4234 1160 4288 vocis
1189 4232 1350 4298 Deus,
1397 4232 1597 4287 factam
1638 4231 1690 4284 in
1719 4229 2057 4300 pronomine,

473 4327 656 4392 kie,ut
677 4326 792 4381 lucc
821 4326 1212 4380 demonstratio
1236 4325 1287 4378 in
1321 4341 1485 4378 unum
1518 4339 1581 4379 ea
1603 4331 1902 4392 congreget
1936 4336 2056 4391 quae

474 4418 907 4474 consideratione
924 4429 1050 4473 sunt
1075 4418 1285 4474 diversa
1309 4435 1323 4483 ;
1347 4431 1521 4487 neque
1545 4415 1693 4470 enim
1719 4415 1843 4468 dum
1869 4414 2054 4468 consi-

475 4512 728 4565 deramus
752 4509 915 4566 Deum
932 4511 1343 4566 consideramus
1360 4510 1711 4574 Sermonem;
1732 4521 1905 4575 neque
1926 4506 2054 4560 dum

473 4605 888 4660 consideramus
922 4603 1261 4668 Sermonem,
1286 4603 1699 4658 consideramus
1719 4598 1908 4653 Deum.
1932 4597 2081 4663 For-1

476 4697 637 4751 lassis
654 4705 833 4751 autem
860 4711 1068 4750 summa
1088 4704 1169 4750 est
1189 4706 1241 4751 et
1269 4695 1516 4751 collectio
1543 4695 1703 4749 trittm
1729 4691 2056 4761 propositio-

474 4803 606 4841 num
639 4787 692 4840 in
724 4801 882 4840 unam
915 4787 1094 4842 hanc:
1139 4805 1158 4838 ι
1189 4786 1289 4842 llic
1331 4795 1449 4842 erat
1501 4788 1553 4841 in
1601 4783 1866 4856 principio
1912 4783 2054 4852 apud

475 4882 640 4936 Deum
663 4897 707 4946 ς»
730 4892 996 4951 quatenus
1020 4883 1167 4935 enim
1199 4881 1250 4934 in
1276 4879 1541 4950 principio
1562 4885 1684 4933 erat
1709 4876 1926 4942 Sermo,
1947 4890 2054 4928 non

473 4975 840 5030 didiceramus
874 4977 1015 5044 quod
1043 4975 1184 5044 apud
1211 4975 1413 5038 Deum;
1442 4981 1715 5041 quatenus
1748 4984 1879 5025 vero
1912 4970 2052 5037 apud

475 5064 642 5120 Deum
659 5066 854 5122 Sermo
875 5066 967 5121 ille
992 5077 1135 5130 erat,
1151 5081 1258 5120 non
1277 5077 1673 5134 agnoveramus
1695 5070 1885 5130 aperte
1908 5062 2054 5130 quod

476 5157 528 5211 in
549 5158 822 5228 principio
859 5160 1000 5228 apud
1034 5161 1198 5213 Deum
1227 5165 1375 5220 erat;
1407 5165 1675 5225 quatenus
1703 5161 1886 5208 autem
1912 5154 2054 5208 Deus

474 5248 566 5303 ille
606 5249 799 5304 Sermo
829 5261 970 5314 erat,
995 5263 1170 5319 neque
1202 5248 1585 5304 declarahatur
1621 5245 1796 5314 ipsum
1824 5244 1876 5298 in
1909 5245 2058 5314 prin-

474 5342 617 5411 cipio
671 5358 814 5406 esse,
860 5357 1035 5410 neque
1081 5343 1222 5406 quod
1253 5340 1395 5410 apud
1430 5339 1595 5391 Deum
1645 5346 1784 5392 erat.
1822 5337 1973 5402 Quod
2009 5339 2053 5392 si

475 5434 692 5489 (licente
735 5435 1089 5504 evangelista,
1144 5451 1162 5483 ι
1205 5433 1303 5486 llic
1356 5441 1474 5486 erat
1517 5429 1569 5484 in
1615 5429 1884 5499 principio
1912 5433 2054 5499 apud

478 5525 812 5592 Deum,)sub
837 5526 1159 5597 pronomine
1183 5526 1608 5580 demonstrativo
1636 5523 1740 5590 hic,
1773 5523 2049 5596 intelliga-

545 5643 592 5675 νε
623 5642 756 5696 ἰδία,
801 5642 886 5697 14,
955 5640 1001 5674 ⁸⁸
1044 5639 1172 5693 ibid.
1248 5639 1292 5670 ⁸⁷
1325 5637 1480 5694 Joan.
1514 5655 1552 5704 ι,
1579 5637 1639 5693 2.

549 5733 626 5804 (7)
662 5734 768 5789 Καὶ
797 5733 1004 5800 ὥσπερ
1027 5730 1282 5804 ἀπέδρα.
1319 5739 1423 5804 etc.
1462 5732 1649 5785 Finem
1697 5745 1914 5800 quoque
1970 5733 2061 5790 hic

481 5800 860 5859 dztin'natoruttt
896 5803 1069 5870 pmttis
1104 5802 1316 5855 statuit.
1351 5800 1610 5856 “UETIUS.

558 5876 633 5946 t8)
669 5874 834 5929 Κατὰ
856 5869 1064 5937 δεῖξιν.
1094 5872 1184 5927 Sic
1217 5871 1411 5941 legitur
1439 5875 1490 5930 iu
1519 5869 2054 5947 codiceBodleiano;

2232 2146 2285 2200 5.
2322 2142 2508 2214 Οὗτος
2549 2143 2626 2217 ἦν
2663 2146 2734 2200 ἐν
2769 2144 2929 2215 ἀρχῇ
2972 2145 3121 2214 πρὸς
3158 2145 3266 2200 τὸν
3306 2144 3477 2199 eam».
3519 2143 3650 2207 Τοῖς
3677 2142 3757 2215 μὴ

2164 2236 2488 2309 ἀκριϐοῦσιν
2523 2237 2622 2302 τὰς
2651 2237 2944 2310 διαφόρους
2995 2238 3054 2290 ἐν
3103 2239 3215 2301 τοῖς
3248 2235 3758 2306 ἀπαγγελλομένοις

2159 2330 2474 2402 προτάσεις,
2508 2329 2648 2395 δόξει
2696 2330 3040 2399 ταυτολογεῖν
3077 2331 3104 2382 6
3131 2327 3546 2400 εύαγγελιστὴς,
3599 2328 3758 2381 οὐδὲν

2158 2423 2318 2476 πλέον
2375 2423 2548 2492 λέγων
2591 2424 2650 2476 ἐν
2690 2423 2802 2494 τῷ,
2843 2442 2861 2474 ι
2897 2418 3066 2487 Οὗτος
3104 2417 3172 2494 ἦν
3203 2423 3261 2475 ἐν
3303 2422 3445 2494 ἀρχῇ
3482 2419 3625 2492 πρὸς
3659 2421 3757 2475 τὸν

2155 2515 2306 2579 Θεόν,
2323 2514 2501 2585 »παρά
2529 2515 2590 2568 τό
2613 2514 2781 2568 «Kal
2804 2515 2832 2566 6
2851 2514 3020 2584 Λόγος
3041 2510 3109 2586 ἦν
3133 2514 3269 2584 πρὸς
3292 2513 3382 2567 τὸν
3405 2514 3559 2567 Θεόν.
3576 2533 3594 2565 ι
3638 2519 3752 2588 Τη-

2161 2607 2350 2680 ρητέον
2362 2605 2533 2670 δέ,ὅτι
2549 2607 2604 2660 ἐν
2627 2608 2726 2678 μὲν
2749 2607 2877 2679 τῷ,‹
2899 2609 2956 2662 '0
2979 2608 3151 2676 Λόγος
3179 2603 3246 2678 ἦν
3268 2607 3404 2678 πρὸς
3430 2607 3524 2660 τὸν
3541 2605 3698 2671 Θεόν,
3728 2625 3751 2659 ι

2157 2698 2218 2750 ού
2257 2697 2598 2768 μανθάνομεν
2629 2697 2688 2751 τὸ
2724 2698 2874 2763 πότε,
2911 2697 2943 2768 ἥ
2979 2700 3036 2752 ἐν
3069 2697 3174 2751 τίνι
3206 2693 3274 2769 ἦν
3311 2696 3446 2770 πρὸς
3472 2696 3568 2750 τὸν
3593 2696 3754 2761 Θεὸν,

2159 2789 2303 2844 κατά
2339 2790 2400 2844 τὸ
2439 2791 2700 2862 τέταρτον
2749 2790 2966 2862 ἀξίωμα
3016 2789 3411 2862 προσκείμενον
3436 2807 3452 2822 ·
3504 2790 3756 2863 τέσσαρα

2160 2880 2269 2953 γὰρ
2300 2879 2608 2952 ἀξιώματα,
2633 2882 2777 2953 ἆπερ
2796 2881 2952 2953 παρά
2974 2899 3083 2935 τισι
3117 2882 3410 2954 προτάσεις
3433 2881 3754 2946 καλοῦνται,

2161 2972 2308 3028 ἔστιν
2341 2974 2550 3039 ἐνθάδε,
2582 2968 2656 3028 ὧν
2686 2974 2746 3028 τὸ
2777 2975 3036 3047 τέταρτον
3058 2991 3074 3006 ⁸
3112 2994 3131 3027 ι
3169 2967 3340 3039 Οὗτος
3385 2971 3454 3047 ἦν
3489 2977 3548 3029 ἐν
3606 2976 3753 3048 ἀρχῇ

2160 3068 2296 3140 πρὸς
2321 3067 2410 3122 τὸν
2429 3067 2614 3121 Θεόνοι
2643 3068 2703 3120 ού
2726 3067 2920 3121 ταύτὸν
2951 3067 3009 3120 δὲ
3028 3067 3122 3133 τό,
3154 3085 3174 3120 ι
3214 3067 3273 3120 ὐ
3297 3067 3472 3136 Λόγος
3509 3063 3581 3138 ἦν
3615 3067 3759 3139 πρὸς

2159 3159 2250 3211 τὸν
2275 3158 2435 3223 Θεόν,
2457 3178 2475 3210 ι
2527 3158 2621 3212 καὶ
2645 3157 2736 3221 τό,
2773 3176 2790 3209 t
2826 3153 2996 3222 Οὗτος
3021 3153 3090 3230 ἦν
3112 3197 3127 3224 ,
3167 3177 3185 3210 ι
3221 3157 3342 3229 οὐχὶ
3378 3157 3571 3221 ἁπλῶς
3617 3158 3757 3230 πρὸς

2160 3251 2250 3304 τὸν
2305 3251 2464 3316 Θεὸν,
2501 3249 2638 3305 ἀλλὰ
2680 3250 2846 3311 πότε,
2892 3251 2925 3322 ἢ
2983 3252 3040 3304 ἐν
3094 3249 3202 3304 τίνι
3252 3249 3390 3323 πρὸς
3437 3250 3530 3304 τὸν
3581 3249 3716 3304 Θεόν
3743 3271 3754 3281 ·

2167 3362 2186 3394 ‹
2233 3337 2400 3408 Οὗτος
2428 3341 2564 3414 γάρ,
2602 3343 2798 3413 φησὶν,
2850 3337 2918 3413 ἦν
2953 3344 3010 3396 ἐν
3046 3342 3186 3414 ἀρχῇ
3233 3340 3371 3413 πρὸς
3401 3341 3494 3395 τὸν
3524 3341 3684 3394 Θεόν·
3732 3360 3752 3392 ι

2161 3435 2296 3489 ἀλλὰ
2353 3434 2545 3490 καὶτὸ
2621 3430 2799 3502 οὗτος
2873 3435 3016 3489 κατὰ
3070 3435 3232 3499 δεῖξιν
3289 3434 3366 3506 (8)
3441 3433 3757 3506 ἐκφερόμε-

2160 3545 2250 3583 νον
2275 3527 2663 3600 νομισθήσεται
2684 3527 2779 3580 ἐπὶ
2807 3526 2900 3580 τοῦ
2927 3527 3101 3596 Λόγου
3133 3526 3414 3598 τετάχθαι,
3448 3527 3482 3597 ἦ
3525 3527 3623 3580 ἐπὶ
3657 3525 3756 3579 τοῦ

2161 3619 2318 3687 Θεοῦ,
2353 3619 2457 3673 ὑπὸ
2494 3619 2589 3673 τοῦ
2648 3619 2722 3691 μὴ
2771 3619 3090 3691 ωχνὸτερον
3147 3618 3498 3690 ἐρευνῶντος,
3534 3619 3626 3672 ἵνα
3661 3618 3758 3670 καὶ
3842 3629 3849 3634 ‘

2162 3710 2296 3783 εὕρῃ
2369 3710 2628 3783 σύλληψιν
2686 3709 2794 3765 τῶν
2851 3711 3132 3782 προτέρων
3207 3709 3501 3780 γινομένην
3557 3711 3618 3763 ἐν
3685 3711 3753 3779 τῇ

2163 3802 2341 3872 οὗτος
2372 3804 2738 3877 προσηγορίᾳ,
2770 3804 2870 3876 τῆς
2901 3821 2959 3856 τε
2984 3805 3178 3873 Λόγος
3210 3802 3472 3867 ἐπινοίας,
3518 3803 3616 3857 καὶ
3655 3802 3758 3871 τῆς

2166 3899 2332 3964 Θεός,
2379 3897 2464 3950 ἵνα
2491 3898 2524 3968 ὴ
2552 3896 2716 3963 δεῖξις
2747 3897 3029 3967 συναγάγῃ
3063 3899 3142 3960 είς
3185 3896 3242 3950 ἒν
3287 3895 3358 3949 τὰ
3404 3898 3471 3966 τῇ
3535 3893 3758 3964 ἐπινοίᾳ

2163 3989 2425 4061 διάφορα·
2459 3990 2520 4042 ού
2551 3988 2660 4061 γάρ
2693 3991 2751 4043 ἐν
2785 3992 2851 4061 τῇ
2890 3988 3106 4060 ἐπινοίᾳ
3157 3990 3221 4059 τῇ
3247 3990 3439 4057 Λόγος
3493 3986 3572 4058 (9)
3603 3985 3754 4039 ἐστὶν

2162 4083 2196 4151 ἡ
2227 4082 2393 4147 Θεός,
2418 4079 2539 4132 οὐδὲ
2575 4082 2633 4134 ἐν
2656 4083 2722 4151 τῇ
2749 4083 2911 4146 Θεός,
2939 4081 2994 4151 ἡ,
3021 4081 3226 4149 Λόγος.
3253 4079 3405 4148 Τάχα
3431 4078 3488 4131 δὲ
3549 4095 3755 4148 συγκει-

2167 4170 2462 4242 φαλαίωσίς
2494 4171 2611 4224 ἐστι
2643 4171 2753 4223 τῶν
2786 4169 2953 4241 τριῶν
2989 4171 3302 4243 προτάσεων
3334 4171 3415 4232 εἰς
3445 4170 3573 4240 μίαν
3607 4171 3708 4240 τήν
3733 4185 3749 4199 ·

2091 4284 2136 4339 ο
2172 4283 2190 4315 ι
2221 4255 2388 4326 Οὗτος
2421 4259 2488 4335 ἦν
2521 4265 2580 4317 ἐν
2628 4263 2770 4335 ἀρχῇ
2804 4262 2943 4334 πρὸς
2965 4262 3057 4316 τὸν
3085 4262 3234 4316 Θεόν.
3274 4281 3293 4313 ι
3339 4259 3489 4314 Καθὸ
3538 4259 3650 4332 γὰρ
3693 4260 3753 4311 ἐν

2163 4355 2303 4426 ἀρχῇ
2345 4349 2412 4424 ἦν
2462 4355 2491 4406 6
2545 4354 2748 4423 Λόγος,
2798 4353 2857 4406 ού
2890 4352 3327 4425 μεμαθήκαμεν,
3368 4352 3450 4404 ὅτι
3490 4351 3631 4423 πρὸς
3661 4349 3754 4402 τὸν

2160 4449 2311 4504 Θεόνο
2331 4449 2466 4504 καθὸ
2489 4449 2545 4502 δὲ
2563 4449 2699 4518 πρὸς
2727 4450 2961 4503 τὸνθεὸν
2984 4449 3013 4502 6
3048 4445 3216 4516 Λόγος
3228 4442 3316 4518 ἦν,
3340 4446 3442 4499 οὐκ
3457 4444 3757 4513 ἐγινώσκο-

2163 4553 2260 4608 μεν
2282 4537 2490 4606 σαφῶς,
2504 4537 2587 4590 ὅτι
2607 4539 2664 4591 ἐν
2682 4539 2822 4610 ἀρχῇ
2852 4539 2989 4610 πρὸς
3017 4537 3110 4592 τὸν
3127 4537 3258 4591 Θεὸν
3275 4532 3362 4608 ἦν·
3378 4535 3515 4588 καθὸ
3537 4534 3598 4587 δὲ
3620 4534 3756 4598 Θεὸς

2157 4630 2186 4682 ὁ
2201 4629 2371 4698 Λόγος
2393 4628 2482 4702 ἦν,
2510 4630 2635 4684 οὔτε
2659 4630 2719 4683 τὸ
2741 4633 2798 4684 ἐν
2819 4632 2962 4703 ἀρχῇ
2989 4630 3151 4685 αὐτὸν
3173 4628 3308 4683 εἶναι
3334 4627 3612 4699 ἐδηλοῦτο,
3627 4625 3756 4680 οὕτε

2161 4722 2243 4774 ὅτι
2275 4722 2409 4793 πρὸς
2433 4722 2524 4775 τὸν
2551 4722 2683 4776 Θεὸν
2711 4722 3028 4795 ἐτύγχανεν.
3060 4725 3148 4778 Ἐν
3174 4723 3230 4777 δὲ
3249 4726 3338 4795 τῇ,
3371 4742 3389 4774 ι
3423 4718 3600 4790 Οὗτος
3611 4718 3679 4795 ἦν
3695 4723 3755 4776 ἐν

2162 4814 2302 4885 ἀρχῇ
2323 4815 2459 4885 πρὸς
2473 4814 2564 4870 τὸν
2593 4815 2748 4880 Θεόν,
2776 4836 2793 4868 ι
2821 4817 3132 4890 ἀπαγγελία
3180 4815 3271 4870 τοῦ
3310 4811 3511 4881 οὗτος,
3543 4816 3638 4869 ἐπὶ
3658 4813 3751 4869 τοῦ

2161 4905 2334 4973 Λόγου
2363 4907 2456 4960 καὶ
2477 4906 2612 4960 Θεοῦ
2639 4909 2949 4981 νοουμένου,
2973 4911 3067 4964 καὶ
3093 4909 3208 4974 τοῦ,
3234 4929 3253 4961 ι
3277 4911 3334 4963 ἐν
3364 4909 3530 4980 ἀρχῇ,
3563 4927 3582 4960 ο
3607 4909 3753 4962 οὓτω
3848 4916 3854 4921 ”

2163 4999 2588 5071 συναπτομένου,
2611 5000 2704 5054 τοῦ
2730 5020 2810 5066 τε,
2841 5003 2976 5074 πρὸς
3003 5003 3093 5058 τὸν
3120 5005 3270 5071 Θεόν,
3296 5000 3748 5074 προστιθεμένου,

2161 5091 2312 5144 οὐδὲν
2325 5091 2716 5163 παραλείπεται
2741 5094 2850 5147 τῶν
2877 5099 2934 5148 ἐν
2961 5099 3082 5160 ταῖς
3101 5097 3250 5168 τρισὶ
3274 5093 3628 5168 προτάσεσιν,
3643 5091 3670 5145 6
3687 5092 3748 5144 ού

2164 5187 2690 5258 συγκεφαλαιοῦται,
2745 5193 3128 5262 συναγομένων
3171 5191 3251 5252 εις
3300 5189 3378 5241 ἐν.
3419 5189 3563 5257 Ὅρα
3607 5185 3665 5238 δὲ
3697 5185 3746 5236 εί

2161 5277 2301 5331 κατὰ
2351 5279 2412 5331 τὸ
2438 5278 2616 5336 δισσὸν
2649 5281 3006 5352 ὀνομάζεσθαι
3036 5282 3096 5334 τὸ
3132 5301 3150 5332 ‹
3177 5283 3236 5334 ἐν
3272 5281 3436 5351 ἀρχῇ,
3471 5298 3489 5330 ι
3523 5277 3747 5333 δυνατὸν

2160 5372 2307 5442 ἡμᾶς
2337 5373 2627 5444 μανθάνειν
2666 5375 2965 5447 πράγματα
3011 5373 3121 5428 δύο·
3158 5373 3217 5426 ἓν
3251 5373 3369 5444 μὲν,
3407 5372 3488 5424 ὅτι
3518 5372 3576 5424 ἐν
3605 5369 3743 5438 ἀρχῇ

2156 5457 2224 5534 ἦν
2249 5465 2278 5517 6
2309 5464 2500 5534 Λόγος,
2529 5465 2604 5530 ὡς
2633 5468 2680 5519 εἰ
2717 5467 2811 5521 καὶ
2838 5465 2960 5520 καθ’
2993 5466 3154 5519 αὒτὸν
3177 5461 3265 5536 ἦν,
3301 5463 3395 5518 καὶ
3420 5461 3494 5533 μὴ
3527 5462 3745 5521 πάντως

2159 5554 2296 5626 πρός
2327 5573 2478 5610 τινα·
2515 5557 2701 5629 ἓτερον
2746 5557 2825 5620 δὲ,
2880 5557 2960 5609 ὅτι
2994 5556 3051 5608 ἐν
3081 5557 3222 5628 ἀρχῇ
3274 5554 3409 5626 πρὸς
3465 5553 3559 5607 τὸν
3610 5548 3742 5604 Θεὸν

2170 5735 2496 5790 Barherimts
2529 5735 2689 5790 habet
2715 5734 2856 5789 κατὰ
2889 5731 3064 5796 τάξιν.

2168 5804 2317 5934 Λόω)
2352 5806 2532 5862 Codex
2569 5805 2917 5871 Bodleiattus,
2952 5804 3041 5874 τῇ,
3071 5802 3262 5872 Λόγος,
3307 5801 3530 5874 Regius,
3576 5805 3736 5880 αὐτῇ,

2247 5893 2359 5943 νος.
3570 5906 3576 5914 .
