3922 6572
88 416 171 474 res
1224 421 1582 479 COMMENT.
1624 421 1694 480 IN

1803 424 1927 485 tAN.
1970 425 2211 484 TOMUS
2243 428 2308 484 ll.
3307 436 3411 494 ιειθ

82 532 155 609 ἦν,
185 535 275 589 καὶ
297 529 489 626 οἶμαι,
523 537 623 592 ὅτι
660 540 741 595 οὐ
777 541 984 611 ψεῦδος
1017 541 1184 596 εἰπεῖν
1218 543 1347 614 περὶ
1402 540 1590 607 αὐτοῦ,
1626 544 1706 597 ὅτι

1814 555 1922 610 tur,
1957 555 2012 601 et
2047 545 2261 613 Sermo,
2289 554 2345 601 et
2378 545 2545 613 Deus,
2571 557 2628 603 et
2660 547 2925 618 particula
2944 568 2962 604 ι
2985 552 3039 608 in
3063 553 3352 626 principio,
3379 578 3400 613 ι

82 635 126 685 ὲν
150 632 284 702 ἀρχῇ
314 624 412 701 ἦν,
454 630 565 685 καὶ
607 634 682 687 ὲν
721 637 886 710 ἀρχῇ
919 636 1051 708 πρὸς
1086 635 1177 689 τὸν
1209 635 1365 703 Θεὸν,
1406 636 1530 691 οὔτε
1568 637 1708 711 πρὸς

1816 641 1898 697 sic
1952 638 2332 711 conjungatur,
2356 640 2702 712 addaturque
2741 642 2927 709 etiam,
2955 661 2974 695 ι
3009 646 3147 715 apud
3177 624 3399 713 Deum,»

77 723 155 777 τὸν
176 722 305 776 Θεὸν
337 723 515 793 μόνον
548 728 911 799 τυγχάνων,
943 730 1062 783 ἐπεὶ
1083 729 1176 785 καὶ⁵
1208 731 1264 784 ὲν
1291 730 1433 802 ἀρχῇ
1463 725 1553 802 ἦν,
1581 729 1708 785 οὔτε

1815 733 1955 789 nihil
1982 732 2255 788 omittitur
2310 746 2505 788 eorum
2555 748 2679 804 qua:
2708 742 2835 789 sunt
2868 734 2921 790 in
2953 736 3126 792 tribus
3157 741 3406 809 proposi-

80 812 129 864 ἐν
153 813 287 882 ἀρχῇ
324 810 501 881 μόνον
537 812 657 882 ὢν,
697 818 814 871 καὶ
844 818 967 889 οὐχὶ
994 817 1127 891 πρὸς
1166 817 1259 872 τὸν
1292 818 1428 873 Θεὸν
1458 818 1555 885 ὣν,
1588 821 1708 875 ἐπεὶ

1816 825 2080 889 tionibus,
2121 825 2265 893 quod
2304 824 2622 879 summatim
2652 838 2761 879 non
2791 826 3286 895 comprehendatur
3314 845 3403 885 re-

83 921 99 954 ι
131 897 274 968 οὗτος
304 900 377 975 ἦν
422 907 489 959 ὲν
529 907 704 981 ἀρχῇ
744 911 898 983 πρὸς
926 910 1015 965 τὸν
1045 911 1196 966 Θεόν.
1227 932 1246 964 ι
1677 906 1682 911 “

1814 917 1992 974 dactis
2028 915 2203 971 tribus
2251 914 2717 985 propositionibus
2767 915 2822 970 in
2867 932 3059 972 unum.
3093 915 3230 974 Vide
3271 932 3404 974 vero

39 1013 132 1055 ,ιιι
159 996 265 1053 ﬁeri
298 998 485 1066 possit
529 1009 611 1054 ut
657 1001 852 1056 etiam
894 1005 1028 1058 duas
1075 1018 1164 1077 res
1211 1003 1483 1073 dicamus,
1522 1009 1650 1079 quia
1689 1012 1773 1069 bis
1812 1013 2048 1077 dicatur,
2092 1025 2112 1062 ι
2153 1007 2206 1063 in
2245 1006 2541 1078 principio,
2584 1024 2604 1061 ι
2639 1005 3121 1079 alteramquidem,
3162 1011 3305 1080 quod
3345 1011 3399 1065 in

81 1088 320 1159 principio
363 1099 497 1144 erat
540 1091 652 1148 ille
705 1092 941 1161 Sermo,
985 1095 1138 1167 quasi
1175 1097 1339 1153 etiam
1388 1114 1457 1156 ex
1505 1116 1563 1157 se
1599 1115 1768 1172 esset,
1804 1116 1859 1162 et
1893 1120 1999 1160 nou
2046 1101 2270 1158 omnino
2300 1101 2444 1171 apud
2474 1101 2754 1172 aliquem;
2793 1101 3020 1158 alteram
3046 1118 3213 1173 vero,
3255 1086 3401 1175 quod

78 1185 121 1238 in
163 1181 432 1253 principio
481 1185 655 1254 apud
715 1186 902 1243 Deum
948 1199 1084 1245 erat.
1126 1188 1413 1263 Meumque
1457 1204 1541 1250 est
1572 1196 1842 1266 judicium
1894 1196 2099 1265 absque
2142 1194 2430 1251 mendacio
2475 1195 2581 1250 dici
2620 1209 2779 1265 posse
2826 1196 2894 1251 de
2936 1209 3002 1251 co
3049 1198 3192 1267 quod
3238 1207 3294 1252 et
3343 1198 3397 1252 in

78 1273 317 1342 principio
350 1285 510 1365 erat,
548 1285 618 1333 et
657 1278 723 1334 in
778 1281 1049 1352 principio
1093 1284 1231 1353 apud
1264 1284 1458 1356 Deum,
1495 1304 1673 1360 neque
1704 1291 1976 1365 apudeo
2007 1291 2172 1345 Deum
2201 1288 2375 1345 solum
2413 1288 2702 1354 exsistens,
2736 1289 2990 1359 quoniam
3037 1289 3090 1344 in
3130 1288 3399 1361 principio

76 1370 192 1507 etalt;
216 1374 395 1509 mue
424 1362 483 1419 in
521 1366 842 1438 principio
877 1369 1048 1426 solum
1082 1373 1372 1444 exsistens,
1399 1384 1590 1433 etnon
1640 1378 1781 1448 apud
1822 1362 1993 1435 Deum
2029 1378 2299 1435 exsistens
2322 1416 2338 1443 ,
2385 1378 2644 1448 quoniam
2699 1395 2717 1430 ι
2751 1377 2841 1434 hic
2875 1390 2995 1435 erat
3028 1379 3082 1435 in
3131 1381 3397 1454 principio

76 1470 159 1509 anu
330 1470 407 1509 ιιι.
448 1473 472 1508 ι

76 1470 191 1525 apud
216 1470 407 1512 neum.
448 1473 472 1508 ι
944 1515 949 1519 .

131 1549 178 1604 6.
201 1548 409 1604 Πάντα
434 1549 522 1605 δι’
553 1554 784 1609 αὐτοῦ
829 1556 1087 1628 ἐγένετο.
1123 1560 1393 1617 Οὐδέποτε
1418 1564 1519 1635 τὴν
1552 1564 1704 1637 πρώ-

1811 1565 1827 1608 l
1880 1559 1936 1616 6.
1971 1556 2164 1615 Omnia
2190 1574 2285 1629 per
2306 1557 2478 1629 ipsum
2506 1559 2654 1629 facta
2673 1565 2795 1613 sunt
2825 1558 2890 1614 ⁸⁸.
2927 1557 3212 1629 Nunquam
3241 1561 3396 1630 prin-

76 1661 155 1713 την
175 1641 356 1714 χώραν
385 1642 516 1715 ἔχει
587 1646 662 1700 τὸ
733 1647 820 1701 δι’
851 1645 950 1717 οὗ,
974 1651 1229 1725 δευτέραν
1252 1655 1309 1710 δὲ
1336 1656 1425 1710 άεί
1444 1674 1459 1687 ·
1504 1652 1615 1711 οἷον
1642 1659 1701 1712 ὲν

1807 1653 1985 1723 cipem
2026 1649 2202 1705 locum
2227 1649 2395 1704 habet
2423 1648 2688 1719 particula
2707 1666 2801 1719 per
2821 1666 2975 1720 quem
2994 1690 3010 1717 ,
3043 1652 3138 1706 sed
3173 1667 3391 1721 semper

76 1736 128 1805 τῇ
165 1734 292 1805 πρὸς
336 1732 724 1808 Ῥωμαίους·
774 1759 796 1792 ί
839 1741 1053 1807 Παῦλος
1093 1744 1311 1813 δοῦλος,
1360 1750 1523 1823 φησι,
1565 1752 1701 1824 Χρι-

1807 1745 2134 1811 secundum,
2164 1741 2333 1798 veluti
2369 1743 2420 1797 in
2449 1742 2694 1813 Epistola
2717 1744 2784 1798 ad
2812 1745 3089 1801 Romanos
3105 1746 3176 1811 ”,
3208 1764 3227 1798 ι
3253 1746 3391 1800 Pau-

79 1824 180 1877 στοῦ
220 1824 399 1896 Ἰησοῦ
427 1866 446 1892 ,
509 1828 752 1901 κλητὸς
811 1834 1111 1900 ἀπόστολος
1142 1877 1157 1902 ,
1195 1838 1577 1912 ἀφωρισμένος
1620 1843 1701 1907 είς

1807 1838 1891 1894 lus
1925 1849 2141 1901 servus,
2179 1834 2375 1904 inquit,
2415 1832 2540 1889 Jesu
2564 1834 2791 1901 Christi,
2832 1844 3058 1891 vocatus
3095 1836 3162 1889 ad
3193 1853 3390 1893 munus

77 1888 380 1988 εόαηέίιον
409 1888 595 1985 θεοῦ,
620 1888 675 1974 ·.
709 1888 1703 2006 σεῖεροεπηγγεέίαεςονέιῖῑεῖέέέοςξῇ

1805 1888 2548 1999 ὲῶᾁέιίεῖιίἱιμὶετὲεειυε
2577 1888 2645 1978 ἐή
2696 1888 3052 1997 manus;
3092 1888 3389 1998 θεεξᾷᾇέιῖιι

77 2009 163 2061 τῶν
185 2009 347 2063 αὐτοῦ
386 2010 452 2063 ὲν
492 2011 791 2083 Γραφαῐς
822 2016 1014 2085 ἁγίαις
1044 2020 1169 2090 περὶ
1200 2019 1296 2075 τοῦ
1337 2021 1467 2077 Υίοῦ
1508 2024 1698 2091 αὑτοῦ,

77 2099 152 2153 τοῦ
195 2101 500 2172 γενομένου
570 2106 650 2159 ὲκ
720 2106 1051 2179 σπέρματος
1093 2111 1258 2166 Δαυῒδ
1304 2114 1449 2168 κατὰ
1497 2115 1699 2190 σάρκα,

77 2191 151 2244 τοῦ
183 2192 504 2265 ὁρισθέντος
542 2194 704 2251 Υίοῦ
747 2198 893 2251 Θεοῦ
929 2202 986 2254 ὲν
1023 2200 1268 2274 δυνάμει,
1315 2205 1455 2260 κατὰ
1485 2207 1701 2280 πνεῦμα

76 2282 358 2358 ἁγιωσύνης
381 2326 399 2351 ,
444 2286 514 2354 ἐξ
552 2288 955 2356 ἀναστάσεως
984 2292 1192 2365 νεκρῶν
1234 2295 1410 2368 Ἰησοῦ
1459 2299 1699 2370 Χριστοῦ

77 2376 151 2428 τοῦ
179 2378 386 2449 Κυρίου
422 2379 634 2451 ἡμῶν,
690 2381 771 2435 δι’
818 2378 884 2437 οῦ
936 2383 1199 2457 ἐλάϐομεν
1240 2388 1343 2460 τὴν
1393 2390 1556 2463 χάριν
1604 2393 1701 2447 καὶ

78 2469 354 2542 ἀποστολὴν
396 2472 488 2536 εἰς
520 2473 815 2546 ὑπακοὴν
857 2475 1096 2542 πίστεως
1130 2478 1189 2533 ὲν
1220 2482 1354 2534 πᾶσι
1401 2485 1514 2548 τοῖς
1554 2484 1702 2539 ἔθνε-

82 2577 145 2612 σιν
168 2560 300 2633 ὑπὲρ
325 2561 423 2616 τοῦ
462 2563 776 2634 ὀνόματος
799 2565 1024 2622 αὐτοῦ.»
1058 2569 1116 2622 '0
1140 2568 1249 2642 γάρ
1269 2570 1403 2636 Θεὸς
1437 2572 1497 2626 τὸ
1520 2574 1700 2645 Εὐαγ-

80 2651 228 2719 γέλιον
270 2654 476 2709 ἑαυτοῦ
539 2660 1056 2731 προεπηγγείλατο
1091 2661 1180 2717 διά
1211 2662 1322 2717 τῶν
1359 2666 1654 2738 προφητῶν
1681 2708 1697 2733 ,

82 2746 479 2818 ὑπηρετούντων
506 2748 642 2804 τῶν
680 2752 1015 2824 προφητῶν,
1048 2755 1141 2809 καὶ
1168 2755 1399 2827 ἐχόντων
1430 2757 1522 2812 τὸν
1543 2756 1699 2828 λόγον

78 2836 155 2889 τοῦ
203 2838 274 2892 δι’
297 2835 397 2905 οὗ,
439 2843 550 2896 καὶ
584 2843 802 2907 πάλιν,
832 2845 862 2898 ὁ
888 2843 1021 2910 Θεὸς
1045 2845 1209 2901 ἔδωκε
1246 2848 1406 2920 χάριν
1439 2850 1533 2903 καὶ
1563 2843 1717 2904 ἀπο-Γ

84 2931 249 3003 στολὴν
299 2935 385 3000 εἰς
430 2936 728 3007 ὑπακοὴν
775 2936 1019 3003 πίστεως
1073 2940 1131 2993 ὲν
1183 2942 1316 2994 πᾶσι
1369 2944 1481 3006 τοῖς
1522 2942 1699 2998 ἔθνεσι

84 3022 250 3096 Παύλῳ
299 3027 395 3080 καὶ
442 3031 575 3092 τοῖς
626 3029 896 3095 λοιποῖς·
954 3031 1049 3086 καὶ⁵
1109 3032 1279 3088 ἔδωκε
1328 3034 1415 3089 διὰ
1460 3036 1697 3109 Χριστοῦ

92 3117 240 3189 Ἰησοῦ
290 3119 387 3174 τοῦ
429 3121 735 3194 Σωτῆρος
765 3121 988 3193 ἔχοντος
1030 3124 1090 3178 τὸ
1128 3125 1202 3180 δι’
1229 3121 1323 3182 οὗ.
1364 3127 1475 3182 Καὶ
1530 3131 1588 3184 ἐν
1628 3132 1696 3202 τῇ

1804 2029 1933 2073 ante
1961 2013 2318 2087 [promiserat
2347 2026 2445 2083 per
2472 2013 2775 2083 prophetas
2814 2028 2942 2070 suos
2992 2014 3047 2070 in
3087 2014 3390 2085 Scriptnris

1803 2107 2010 2164 sanctis
2038 2106 2104 2163 de
2134 2104 2275 2161 Filio
2295 2119 2415 2171 suo,
2444 2105 2536 2176 qui
2564 2107 2782 2175 genitus
2814 2106 2915 2161 fuit
2944 2120 3011 2162 ex
3051 2108 3258 2164 semine
3281 2110 3386 2164 Da-

1801 2199 1893 2253 vid
1940 2200 2242 2255 secundum
2289 2210 2511 2252 carnem
2548 2213 2564 2250 :
2598 2196 2689 2266 qui
2740 2195 3049 2253 declaratus
3082 2197 3183 2254 fuit
3215 2199 3386 2256 Filius

1805 2292 1897 2347 Dei
1924 2305 2045 2347 cum
2077 2287 2341 2361 potentia,
2378 2290 2680 2344 secundum
2709 2287 2961 2359 spirituum
2997 2290 3387 2346 sanctiﬁcatio-

1804 2385 1908 2451 nis,
1936 2399 2004 2439 ex
2035 2398 2102 2440 eo
2132 2382 2279 2453 quod
2311 2382 2616 2438 resurrexit
2638 2397 2670 2437 e
2695 2381 2923 2436 mortuis
2950 2379 3109 2438 Iesus
3135 2383 3391 2440 Christus

1805 2477 2066 2533 Dominus
2116 2482 2339 2540 noster,
2375 2488 2471 2545 per
2498 2488 2662 2544 quem
2706 2474 3016 2544 accepimus
3044 2476 3296 2546 gratiam,
3332 2487 3388 2532 et

1802 2570 2084 2640 apostolici
2141 2568 2387 2625 muneris
2428 2566 2794 2633 iunctionem,
2830 2576 2886 2623 ut
2931 2568 3222 2625 obediatur
3263 2569 3387 2626 ﬁdei

1803 2664 1950 2717 inter
1988 2676 2181 2717 omnes
2233 2668 2426 2732 gentes
2474 2674 2639 2731 super
2684 2659 2856 2731 ipsius
2898 2662 3140 2717 nomine.
3183 2680 3203 2715 ι
3245 2662 3389 2718 Deus

1800 2755 1944 2809 enim
1971 2753 2327 2824 Evangelium
2346 2766 2504 2807 suum
2534 2754 3007 2824 praenuntiaverat
3027 2769 3127 2825 per
3154 2756 3389 2826 prophe-

1803 2854 1925 2914 tas,
1978 2845 2527 2903 subministrantibus
2583 2845 2902 2914 prophetis,
2951 2855 3004 2902 et
3057 2846 3389 2903 habentibus

1801 2948 2109 2990 sermonem
2145 2932 2309 2995 illius,
2347 2933 2435 2988 cui
2460 2934 2717 3003 competit
2745 2950 2839 3003 per
2855 2951 3027 3004 quem,
3055 2946 3110 2990 et
3139 2951 3382 3002 rursum,

1803 3026 1944 3083 Deus
1976 3027 2125 3084 dedit
2160 3025 2390 3098 gratiam
2438 3034 2495 3081 et
2536 3025 2823 3096 apostolici.
2864 3028 3107 3083 muneris
3147 3027 3385 3084 functio-

1801 3133 1925 3175 nent
1955 3118 2121 3174 Paulo
2149 3128 2205 3174 et
2230 3116 2480 3187 reliquis,
2512 3125 2573 3171 ut
2598 3117 2853 3172 obediaut
2884 3117 3008 3172 fidei
3035 3131 3228 3173 omnes
3254 3133 3387 3189 gen-

81 3208 195 3278 πρὸς
262 3209 621 3284 Ἐϐραίους,
699 3215 735 3267 ὁ
793 3213 961 3277 αὐτὸς
1021 3213 1234 3279 Παῦλός
1252 3233 1452 3288 φησιν·
1513 3236 1533 3269 ι
1577 3219 1695 3273 Ἐπ’

1806 3222 1916 3277 tes;
1958 3221 2013 3266 et
2037 3209 2185 3266 dedit
2215 3224 2312 3279 per
2351 3208 2627 3265 Christum
2660 3208 3012 3266 Servatorem
3040 3250 3059 3278 ,
3092 3211 3382 3268 habentem

83 3300 281 3371 ἐσχάτου
314 3303 427 3358 τῶν
455 3304 723 3377 ἡμερῶν
757 3303 1027 3376 ἐλάλησεν
1048 3309 1178 3378 ἡμῖν
1207 3309 1265 3361 ὲν
1292 3309 1427 3382 Υἰῷ,
1451 3310 1511 3364 ὃν
1530 3310 1693 3383 ἔθηκε

82 3392 386 3467 κληρονόμον
413 3396 695 3465 πάντων,
727 3398 801 3451 δι’
824 3390 887 3450 οὗ
916 3398 1008 3452 καὶ
1035 3400 1161 3464 τοὺς
1192 3398 1399 3465 αἰῶνας
1417 3402 1689 3475 έποίησε·ι

81 3485 315 3544 διδάσκων
349 3491 513 3562 ἡμᾶς
536 3531 553 3556 ,
604 3491 705 3545 ὅτι
762 3491 794 3545 ὁ
843 3489 978 3555 Θεὸς
1017 3491 1144 3556 τοὺς
1181 3492 1383 3558 αἰῶνας
1423 3495 1694 3563 πεποίηκε

80 3578 151 3632 διὰ
175 3581 260 3634 τοῦ
285 3583 443 3647 Υἰοῦ,
474 3584 541 3637 ὲν
572 3583 668 3656 τῷ
699 3583 841 3647 τοὺς
867 3582 1068 3649 αἰῶνας
1108 3585 1355 3654 γίνεσθαι
1397 3586 1491 3642 τοῦ
1518 3589 1693 3642 Μονο-

81 3676 242 3740 79:05;
285 3675 516 3748 ἔχοντος
548 3677 623 3731 τὸ
657 3676 749 3729 δι’
778 3671 880 3733 οὗ.
916 3675 1071 3731 Οὕτω
1118 3678 1298 3732 τοίνυν
1352 3680 1450 3736 καὶ
1506 3681 1693 3736 ἐνθάδε

84 3764 173 3834 (10)
206 3769 250 3819 εἰ
295 3769 483 3823 πάντα
522 3769 628 3824 διὰ
692 3768 801 3822 τοῦ
852 3768 1026 3839 Λόγου
1060 3770 1297 3842 ἐγένετο,
1341 3773 1440 3846 οὐχ
1473 3774 1576 3829 ὑπὸ
1599 3774 1693 3828 τοῦ

83 3856 228 3926 Λόγου
270 3860 521 3931 ἐγένετο,
572 3862 719 3917 ἀλλ’
792 3861 902 3916 ὑπὸ
941 3862 1251 3934 κρείττονος
1298 3864 1393 3918 καὶ
1446 3864 1694 3936 μείζονος

84 3953 210 4024 παρὰ
233 3954 322 4010 τὸν
349 3956 560 4025 Λόγον.
599 3955 721 4020 Τίς
773 3953 824 4008 δ’
878 3953 945 4009 ἂν
986 3954 1145 4021 ἄλλος
1188 3950 1343 4022 οὗτος
1381 3957 1624 4031 τυγχάνῃ
1658 3960 1690 4033 ἢ

84 4042 741 4117 ὸΠατήρςἘξετασ-τέον
770 4044 852 4111 δὲ,
878 4045 1113 4115 ἀληθοῦς
1144 4046 1298 4114 ὄντος
1322 4049 1440 4115 τοῦ,
1460 4069 1478 4102 ι
1509 4052 1694 4105 Πάντα

85 4132 137 4185 δι’
163 4136 314 4190 abso?»
339 4139 603 4215 ἐγένετο,
619 4158 642 4192 ι
675 4139 733 4191 εἰ
759 4138 860 4192 καὶ
884 4138 946 4192 τὸ
972 4138 1200 4210 Πνεῦμα
1221 4140 1283 4193 τὸ
1314 4118 1470 4210 ἅγιον
1496 4142 1562 4196 δι’
1592 4143 1694 4197 αὺ-

86 4226 159 4279 τοῦ
180 4229 407 4298 ἐγένετο.
432 4230 628 4304 Οἶμαι
664 4229 813 4304 γὰρ,
838 4230 922 4285 ὅτι
943 4230 1020 4303 τῷ
1051 4232 1150 4304 μὲν
1169 4232 1432 4304 φάσκοντι
1463 4236 1694 4309 γενητὸν

88 4319 192 4371 αὐτὸ
220 4317 377 4385 εἶναι,
415 4324 520 4377 καὶ
544 4321 898 4396 προϊεμένῳ
926 4322 1014 4376 τό·
1038 4341 1057 4375 ι
1089 4323 1273 4377 Πάντα
1293 4324 1362 4378 δι’
1382 4324 1549 4380 αὐτοῦ
1573 4327 1695 4398 ὲγέυ

87 4426 199 4479 veto,
223 4432 241 4466 ι
274 4415 593 4485 ἀναγκαῖον
632 4412 1263 4486 παραδέξασθαι,ὃτιτὸ
1287 4418 1443 4486 ἅγιον
1469 4416 1695 4489 Πνεῦμα

88 4505 155 4558 διὰ
180 4507 263 4560 τοῦ
290 4509 474 4579 Λόγου
515 4509 800 4579 ἐγένετο,
845 4506 1221 4581 πρεσϐυτέρου
1251 4508 1381 4581 παρ’
1412 4510 1547 4564 αὐτὸ
1580 4509 1692 4583 (ll)

1801 3302 2120 3374 particulam
2149 3317 2245 3372 per
2285 3318 2458 3372 quem.
2495 3301 2559 3356 Et
2594 3301 2647 3355 in
2671 3301 2908 3374 Epistola
2961 3303 3029 3358 ad
3081 3302 3335 3360 Hebraeos
3365 3304 3385 3336 ¹

1802 3396 1919 3465 ipse
1946 3394 2146 3450 Paulus
2198 3394 2397 3465 inquit,
2442 3412 2461 3447 ι
2498 3394 2554 3449 lu
2586 3395 2903 3451 novissimis
2945 3396 3139 3451 diebus
3174 3395 3388 3453 locutus

1801 3496 1887 3544 est
1913 3488 2070 3544 nobis
2098 3488 2151 3543 in
2188 3486 2349 3551 Filio,
2379 3504 2540 3559 quem
2585 3490 2769 3560 posuit
2802 3488 3078 3546 haeredem
3116 3489 3384 3555 omnium,

1802 3594 1900 3645 per
1922 3592 2083 3644 quem
2110 3578 2241 3635 fecit
2262 3588 2316 3634 et
2347 3579 2566 3646 saecula,
2595 3598 2614 3633 ι
2641 3581 2846 3637 docens
2876 3596 2976 3637 nos
2992 3579 3159 3636 Deum
3190 3581 3387 3636 saecula

1803 3671 2001 3727 fecisse
2044 3687 2141 3738 per
2170 3671 2367 3728 Filium
2394 3711 2410 3738 ,
2455 3671 2748 3742 Unigenito
2791 3672 3028 3728 habente
3061 3672 3383 3742 particulam

1799 3762 1880 3816 δι’
1904 3756 1985 3829 οῦ,
2006 3760 2082 3835 [id
2103 3770 2208 3829 est,
2225 3777 2316 3830 per
2330 3759 2528 3834 quem,]
2551 3763 2677 3818 dum
2697 3760 2892 3818 saecula
2921 3761 3136 3818 tierent.
3168 3760 3259 3818 Sic
3288 3761 3389 3833 ig?-

1804 3863 1891 3909 tur
1919 3853 2023 3910 hoc
2050 3853 2215 3909 etiam
2247 3853 2301 3912 in
2333 3852 2470 3921 loco,
2497 3853 2543 3911 si
2564 3855 2744 3910 omnia
2777 3869 2876 3924 per
2897 3853 3216 3911 Sermonem
3240 3853 3386 3909 facta

1801 3944 2041 4010 fuerunt,
2061 3960 2168 4000 non
2192 3960 2222 3999 a
2246 3946 2512 4001 Sermone
2538 3945 2681 4001 facta
2714 3945 3065 4012 fuerunt,sed
3094 3948 3164 4001 ab
3196 3960 3263 4002 eo
3291 3944 3384 4016 qui

1802 4042 1918 4113 ipso
1958 4040 2223 4096 Sermone
2253 4038 2427 4108 major
2472 4050 2579 4106 est,
2607 4055 2768 4110 quem
2798 4041 2923 4111 quis
2972 4039 3136 4094 alium
3181 4039 3386 4095 dixerit

1800 4149 1962 4205 quam
2007 4131 2222 4187 Patrem
2258 4132 2432 4202 ipsum
2467 4132 2875 4201 ?:Qumrendum
2904 4140 2991 4188 est
3025 4141 3081 4186 et
3125 4131 3282 4197 illud,
3311 4146 3383 4187 an

1802 4227 1917 4296 ipse
1944 4226 2108 4282 etiam
2149 4223 2386 4296 Spiritus
2408 4236 2633 4281 sanctus
2654 4226 2946 4297 peripsum
2976 4225 3049 4280 sit
3075 4222 3273 4290 factus,
3293 4238 3389 4280 ve-

1801 4305 1919 4375 rum
1947 4335 2068 4374 cum
2102 4319 2193 4385 sit,
2227 4319 2410 4374 omnia
2435 4333 2534 4389 per
2566 4316 2887 4374 Sermonem
2921 4318 3063 4374 facta
3095 4317 3283 4373 fuisse.
3305 4322 3385 4374 Ac

1803 4426 1924 4468 meo
1947 4411 2165 4482 quidem
2200 4410 2430 4482 judicio,
2462 4412 2507 4467 si
2538 4412 2661 4482 quis
2696 4412 2841 4467 dicat
2867 4410 3074 4467 factum
3104 4424 3231 4468 esse
3262 4408 3387 4479 Spi-

1802 4504 1968 4560 ritum
2016 4513 2289 4571 sauctum,
2320 4513 2376 4560 et
2406 4505 2665 4560 admittat
2709 4504 2893 4560 omnia
2921 4518 3021 4574 per
3060 4503 3385 4559 Sermonem

89 4596 161 4649 τοῦ
197 4599 365 4669 Λόγου
414 4601 846 4672 τυγχάνοντος.
899 4598 988 4671 Τῷ
1034 4600 1091 4653 δὲ
1141 4601 1217 4674 μὴ
1270 4601 1580 4675 βουλομένῳ
1634 4603 1697 4657 τὸ

1803 4595 1943 4653 facta
1974 4595 2166 4663 fuisse,
2195 4596 2241 4651 is
2270 4596 2435 4653 etiam
2471 4594 2706 4652 lateatnr
2736 4610 2959 4652 necesse
2981 4603 3088 4663 est,
3121 4593 3383 4664 Spiritum

90 4689 217 4757 ἅγιον
255 4693 488 4766 Πνεῦμα
517 4693 624 4748 διὰ
652 4690 765 4746 τοῦ
802 4688 1043 4764 Χριστοῦ
1074 4693 1380 4763 γεγονέναι,
1403 4694 1596 4748 ἕπεται
1632 4692 1693 4747 τὸ

90 4778 345 4853 ἀγέννητον
390 4784 538 4839 αὐτὸ
574 4783 789 4851 λέγειν
823 4780 1152 4854 (12),άληθῆ
1190 4782 1259 4838 τά
1301 4783 1360 4838 ὲν
1404 4783 1484 4855 τῷ
1518 4785 1696 4853 Εὐαγ-

89 4869 223 4940 γελίῳ
245 4872 420 4944 τούτῳ
452 4870 610 4928 εἶναι
668 4864 954 4944 ’κρίνοντι.
991 4874 1184 4926 Ἔσται
1221 4871 1279 4926 δέ
1310 4890 1396 4937 τις
1442 4874 1537 4928 καὶ
1579 4874 1698 4947 τρί-

90 4964 279 5038 τος(13)
304 4967 465 5040 παρὰ
492 4968 644 5032 τοὺς
681 4964 811 5029 δύο,
850 4965 944 5019 τόν
978 4982 1037 5019 τε
1068 4964 1158 5020 διὰ
1189 4966 1286 5021 τοῦ
1316 4966 1494 5037 Λόγου
1522 4984 1699 5040 παρα-

144 5053 185 5088 ’⁸
205 5055 359 5117 Joan.
407 5077 449 5126 ι,
510 5061 573 5116 5.

1800 4692 1976 4763 ipsum
2015 4705 2046 4746 a
2074 4690 2340 4746 Sermone
2384 4690 2611 4760 factum,
2656 4692 2912 4748 nimirum
2962 4689 3225 4747 Sermone
3264 4688 3386 4759 ipso

1801 4785 2112 4856 antiquiore
2156 4785 2459 4842 exsistente
2488 4786 2606 4856 ipso
2633 4784 2856 4857 Spiritu.
2883 4783 2988 4854 Qui
3004 4799 3135 4839 vero
3151 4780 3386 4837 noluerit

1801 4879 2065 4949 Spiritum
2098 4888 2345 4933 sanctum
2379 4893 2479 4949 per
2511 4878 2792 4934 Christum
2835 4877 3002 4932 fuisse
3041 4873 3264 4938 factum,
3291 4883 3382 4926 se-

1804 4968 1990 5039 quitur
2019 4978 2080 5023 ut
2100 4968 2316 5030 is.vera
2342 4969 2726 5042 credensquaa
2748 4969 2801 5024 in
2818 4968 2921 5023 hoc
2937 4962 3228 5035 Evangelio
3254 4971 3385 5019 sunt

690 5058 747 5092 ”
786 5073 910 5129 cap.
948 5074 990 5125 ι,
1020 5075 1163 5117 vers.
1194 5044 1345 5128 1,2
1384 5076 1539 5131 seqq.
1621 5061 1638 5093 ¹
1664 5076 1783 5132 cap.
1809 5078 1849 5127 ι,
1884 5077 2031 5119 vers.
2071 5063 2124 5131 l,
2156 5063 2213 5119 2.

148 5148 244 5220 (10)
275 5153 445 5224 οὕτω
488 5153 738 5207 τοίνυν
764 5150 871 5205 καὶ
911 5151 1142 5224 ἐνθάδε,
1166 5162 1275 5208 etc.
1312 5152 1569 5224 Imperite
1614 5153 1705 5209 hic

1821 5153 2016 5224 Patres
2046 5158 2320 5212 removeri
2349 5156 2539 5212 velint.
2566 5153 2797 5210 Basilius
2823 5150 3039 5224 quidem
3074 5149 3293 5224 1ιοιιιῑ1.Δ
3314 5150 3384 5206 l7

96 5215 249 5294 lapsus
272 5233 357 5279 est
395 5223 703 5294 Origenes
760 5236 914 5294 cum;
944 5237 974 5275 ιι
1035 5215 1195 5294 Patre
1249 5215 1430 5278 omnia
1479 5227 1700 5280 condita

98 5292 272 5355 statuit,
302 5309 411 5348 non
455 5291 652 5348 etiam
715 5306 753 5346 ιι
791 5291 990 5358 Verbo,
1043 5301 1106 5347 ιιι
1138 5293 1591 5351 demonstremus
1642 5297 1695 5350 in

101 5360 418 5428 Origeniam’s.
455 5364 769 5420 HDETIUS.

152 5432 247 5498 (tt)
283 5434 747 5503 Πρεσϐυτέρου
789 5432 929 5500 παρ’
952 5433 1126 5503 καύτό,
1165 5442 1272 5489 etc.
1325 5434 1451 5491 Hmc
1477 5436 1696 5492 videtur

103 5512 157 5622 tu!)
179 5503 284 5569 ejus
316 5502 574 5629 pentina
614 5502 848 5570 dicere,
881 5502 1032 5572 cujus
1065 5506 1394 5561 sententiam
1440 5510 1686 5578 exponit,

159 5588 184 5621 ιι
206 5586 266 5628 ex
297 5589 423 5629 sua.
494 5592 558 5629 ι).

104 5582 184 5622 non
206 5586 266 5628 ex
297 5589 423 5630 sua.
464 5582 558 5630 In.

156 5642 252 5718 (ιε)
303 5647 570 5718 fixeras
628 5641 709 5698 τὸ
761 5641 1097 5710 ἀγέννητον
1149 5646 1295 5700 αὐτὸ
1362 5647 1585 5718 λέγειν.
1632 5648 1691 5705 Si

106 5716 575 5789 perhdyéwngov,
658 5726 783 5789 pan
818 5725 1047 5771 creatum
1086 5753 1100 5778 ,
1166 5719 1248 5789 vel
1297 5734 1401 5771 non
1446 5716 1694 5789 igeuilum

108 5778 358 5870 iniustitiae,
394 5778 1321 5870 .Spiritui_sanrtoconveniet;
1385 5778 1579 5870 silpro
1629 5805 1719 5844 co‘

108 5854 217 5913 quod
242 5854 519 5928 principio
544 5863 725 5928 caret
763 5865 1074 5928 usurpetur,
1117 5871 1220 5928 non
1258 5858 1408 5913 item.
1443 5854 1579 5914 Iliun
1610 5871 1695 5913 est

111 5922 315 5981 tuream
368 5922 843 6009 appellationem
900 5922 935 5979 ιι
984 5922 1191 6003 Spiritu
1245 5940 1435 5986 sancto
1468 5929 1691 5986 vetusti

1812 5223 2012 5280 Contra
2060 5226 2262 5284 Sabell.
2320 5227 2524 5283 idcirco
2558 5221 2855 5295 Spiritum‘
2882 5232 3130 5278 sanctum
3165 5221 3233 5276 ab
3280 5221 3386 5279 hoc

1810 5295 2072 5351 vocabulo
2089 5297 2363 5366 prohibet,
2390 5297 2531 5367 quod
2561 5298 2677 5351 haec
2705 5303 2924 5367 captum
2942 5295 3208 5367 humanae
3236 5308 3384 5367 men:

1808 5366 1880 5421 tis
1906 5361 2164 5433 superent
2197 5388 2208 5423 :
2247 5361 2625 5425 Theodoretus
2669 5375 2852 5420 autem
2881 5361 3093 5431 Dialog.
3124 5364 3196 5433 κδ,
3235 5364 3381 5431 quod

1801 5450 1909 5491 vox
1936 5438 2201 5505 ejusmodi
2245 5438 2298 5492 in
2353 5437 2667 5507 Scripturis.
2693 5436 2866 5493 sacris
2908 5432 3137 5505 Spiritui
3188 5444 3382 5490 sancto

1800 5507 2028 5562 minime
2063 5507 2354 5563 tribuatur.
2385 5507 2460 5562 in.

3425 5544 3436 5583 ι

1872 5578 1986 5647 (15)
2022 5580 2236 5634 Ἔσται
2264 5576 2331 5631 δέ
2360 5595 2451 5644 τις
2474 5577 2575 5632 καὶ
2600 5578 2818 5646 τρίτος.
2837 5587 2945 5634 etc.
2974 5576 3107 5647 Haec
3138 5589 3261 5630 cum
3295 5590 3383 5630 sc-
3426 5576 3433 5591 ε

1799 5646 2113 5718 quentibus,
2140 5651 2208 5702 ad
2244 5650 2294 5702 id
2327 5648 2620 5718 usque.§ct
2652 5652 2733 5713 εἰς
2758 5649 2819 5702 τό
2846 5664 2860 5678 ·
2903 5646 3106 5700 Πάντα.
3137 5648 3380 5718 et_r.,sub

1798 5714 1962 5773 linem
2003 5714 2153 5773 nutu.
2207 5717 2259 5784 6,
2297 5714 2427 5787 qua!
2469 5720 2627 5775 uncis
2684 5719 3020 5778 inclusimus.
3074 5719 3127 5771 in
3179 5714 3377 5787 Ferra-

1799 5790 1953 5843 riana
1985 5786 2433 5859 interpretatione
2463 5806 2569 5845 non
2597 5800 2937 5859 comparent.
2955 5786 3377 5859 Observavintns

1797 5860 1998 5929 quippe
2030 5855 2145 5914 loca
2176 5859 2427 5929 Origeuis
2446 5862 2625 5930 aliqua
2656 5855 2927 5928 perversae
2955 5858 3221 5930 doctrinm
3252 5855 3374 5909 lube

1798 5926 2024 5999 manu,
2058 5930 2172 5987 sive
2204 5932 2256 5986 in
2281 5926 2465 6001 ipsius
2520 5926 2776 6000 auctoris,
2824 5930 2939 5987 sive
2994 5929 3049 5985 in
3106 5926 3373 5983 lectorum

2354 6025 2370 6047 ο
