  <div class='ocr_page' id='page_1' title='image "/cluster/home/n/w/nwhite01/storage/ocr_20150623/14/hvd.32044024333478/072.png"; bbox 0 0 3856 6532; ppageno 0'>
   <div class='ocr_carea' id='block_1_1' title="bbox 32 470 132 524">
    <p class='ocr_par' dir='ltr' id='par_1_1' title="bbox 32 470 132 524">
     <span class='ocr_line' id='line_1_1' title="bbox 32 470 132 524; baseline 0 -1"><span class='ocrx_word' id='word_1_1' title='bbox 32 470 132 524; x_wconf 70' lang='grc'><strong>129</strong></span> 
     </span>
    </p>
   </div>
   <div class='ocr_carea' id='block_1_2' title="bbox 1159 463 2219 525">
    <p class='ocr_par' dir='ltr' id='par_1_2' title="bbox 1159 463 2219 525">
     <span class='ocr_line' id='line_1_2' title="bbox 1159 463 2219 525; baseline -0.004 0"><span class='ocrx_word' id='word_1_2' title='bbox 1159 465 1518 525; x_wconf 78' lang='lat' dir='ltr'><strong>CDMMENT.</strong></span> <span class='ocrx_word' id='word_1_3' title='bbox 1555 465 1622 520; x_wconf 83' lang='lat' dir='ltr'><strong>IN</strong></span> <span class='ocrx_word' id='word_1_4' title='bbox 1655 463 1847 521; x_wconf 81' lang='lat' dir='ltr'><strong>JOAN.</strong></span> <span class='ocrx_word' id='word_1_5' title='bbox 1883 463 2121 520; x_wconf 81' lang='lat' dir='ltr'><strong>TOMUS</strong></span> <span class='ocrx_word' id='word_1_6' title='bbox 2155 463 2219 521; x_wconf 92' lang='grc'><strong>11.</strong></span> 
     </span>
    </p>
   </div>
   <div class='ocr_carea' id='block_1_3' title="bbox 3213 471 3318 530">
    <p class='ocr_par' dir='ltr' id='par_1_3' title="bbox 3213 471 3318 530">
     <span class='ocr_line' id='line_1_3' title="bbox 3213 471 3318 530; baseline 0.048 -5"><span class='ocrx_word' id='word_1_7' title='bbox 3213 471 3318 530; x_wconf 72' lang='grc'><strong>150</strong></span> 
     </span>
    </p>
   </div>
   <div class='ocr_carea' id='block_1_4' title="bbox 25 579 1638 661">
    <p class='ocr_par' dir='ltr' id='par_1_4' title="bbox 25 586 1638 661">
     <span class='ocr_line' id='line_1_4' title="bbox 25 586 1638 661; baseline -0.005 -15"><span class='ocrx_word' id='word_1_8' title='bbox 25 611 132 646; x_wconf 84' lang='grc' dir='ltr'><strong>των</strong></span> <span class='ocrx_word' id='word_1_9' title='bbox 166 591 291 644; x_wconf 72' lang='grc' dir='ltr'><strong>τῶν</strong></span> <span class='ocrx_word' id='word_1_10' title='bbox 325 591 446 644; x_wconf 72' lang='grc' dir='ltr'>ὑπὸ</span> <span class='ocrx_word' id='word_1_11' title='bbox 475 589 569 644; x_wconf 88' lang='grc' dir='ltr'><strong>τοῦ</strong></span> <span class='ocrx_word' id='word_1_12' title='bbox 600 589 814 661; x_wconf 75' lang='grc' dir='ltr'>Πατρὸς</span> <span class='ocrx_word' id='word_1_13' title='bbox 848 588 937 642; x_wconf 72' lang='grc' dir='ltr'>διὰ</span> <span class='ocrx_word' id='word_1_14' title='bbox 965 586 1204 660; x_wconf 79' lang='grc' dir='ltr'>Χριστοῦ</span> <span class='ocrx_word' id='word_1_15' title='bbox 1239 587 1638 658; x_wconf 77' lang='grc' dir='ltr'><strong>γεγενημένων.</strong></span> 
     </span>
    </p>
   </div>
   <div class='ocr_carea' id='block_1_5' title="bbox 1744 579 3311 661">
    <p class='ocr_par' dir='ltr' id='par_1_5' title="bbox 1746 579 3311 657">
     <span class='ocr_line' id='line_1_5' title="bbox 1746 579 3311 657; baseline 0.003 -19"><span class='ocrx_word' id='word_1_16' title='bbox 1746 583 1848 638; x_wconf 88' lang='lat' dir='ltr'><strong>bus</strong></span> <span class='ocrx_word' id='word_1_17' title='bbox 1880 599 2000 653; x_wconf 68' lang='lat' dir='ltr'><strong>qua:</strong></span> <span class='ocrx_word' id='word_1_18' title='bbox 2035 598 2064 636; x_wconf 91' lang='lat' dir='ltr'><strong>a</strong></span> <span class='ocrx_word' id='word_1_19' title='bbox 2101 579 2262 637; x_wconf 87' lang='lat' dir='ltr'><strong>Patre</strong></span> <span class='ocrx_word' id='word_1_20' title='bbox 2292 597 2392 653; x_wconf 84' lang='lat' dir='ltr'><strong>per</strong></span> <span class='ocrx_word' id='word_1_21' title='bbox 2419 582 2695 639; x_wconf 97' lang='lat' dir='ltr'><strong>Christum</strong></span> <span class='ocrx_word' id='word_1_22' title='bbox 2729 585 2948 640; x_wconf 87' lang='lat' dir='ltr'><strong>condita</strong></span> <span class='ocrx_word' id='word_1_23' title='bbox 2975 590 3138 652; x_wconf 80' lang='lat' dir='ltr'><strong>&#39;sunt,</strong></span> <span class='ocrx_word' id='word_1_24' title='bbox 3177 602 3311 657; x_wconf 76' lang='lat' dir='ltr'><strong>pra:-</strong></span> 
     </span>
    </p>
   </div>
   <div class='ocr_carea' id='block_1_6' title="bbox 27 680 1640 756">
    <p class='ocr_par' dir='ltr' id='par_1_6' title="bbox 27 680 1640 756">
     <span class='ocr_line' id='line_1_6' title="bbox 27 680 1640 756; baseline -0.004 -16"><span class='ocrx_word' id='word_1_25' title='bbox 27 687 133 740; x_wconf 74' lang='grc' dir='ltr'>Καὶ</span> <span class='ocrx_word' id='word_1_26' title='bbox 173 686 333 755; x_wconf 84' lang='grc' dir='ltr'>τάχα</span> <span class='ocrx_word' id='word_1_27' title='bbox 377 684 524 756; x_wconf 85' lang='grc' dir='ltr'>αῦτη</span> <span class='ocrx_word' id='word_1_28' title='bbox 567 686 714 738; x_wconf 73' lang='grc' dir='ltr'>ἐστὶν</span> <span class='ocrx_word' id='word_1_29' title='bbox 753 687 788 754; x_wconf 83' lang='grc' dir='ltr'><strong>ἡ</strong></span> <span class='ocrx_word' id='word_1_30' title='bbox 827 683 980 737; x_wconf 74' lang='grc' dir='ltr'>αἰτία</span> <span class='ocrx_word' id='word_1_31' title='bbox 1016 681 1126 753; x_wconf 76' lang='grc'><strong>(18)</strong></span> <span class='ocrx_word' id='word_1_32' title='bbox 1156 681 1248 735; x_wconf 91' lang='grc' dir='ltr'><strong>τοῦ</strong></span> <span class='ocrx_word' id='word_1_33' title='bbox 1279 680 1353 752; x_wconf 78' lang='grc' dir='ltr'>μὴ</span> <span class='ocrx_word' id='word_1_34' title='bbox 1399 683 1492 734; x_wconf 76' lang='grc' dir='ltr'><strong>καὶ</strong></span> <span class='ocrx_word' id='word_1_35' title='bbox 1539 681 1640 735; x_wconf 78' lang='grc' dir='ltr'><strong>αὐ-</strong></span> 
     </span>
    </p>
   </div>
   <div class='ocr_carea' id='block_1_7' title="bbox 25 772 1640 849">
    <p class='ocr_par' dir='ltr' id='par_1_7' title="bbox 25 772 1640 849">
     <span class='ocr_line' id='line_1_7' title="bbox 25 772 1640 849; baseline -0.002 -19"><span class='ocrx_word' id='word_1_36' title='bbox 25 777 203 831; x_wconf 72' lang='grc' dir='ltr'>τουιὸν</span> <span class='ocrx_word' id='word_1_37' title='bbox 229 776 616 849; x_wconf 73' lang='grc' dir='ltr'><strong>χρηματίζειν</strong></span> <span class='ocrx_word' id='word_1_38' title='bbox 647 776 740 829; x_wconf 88' lang='grc' dir='ltr'><strong>τοῦ</strong></span> <span class='ocrx_word' id='word_1_39' title='bbox 775 775 910 829; x_wconf 87' lang='grc' dir='ltr'>Θεοῦ</span> <span class='ocrx_word' id='word_1_40' title='bbox 936 814 950 839; x_wconf 92' lang='grc'><strong>,</strong></span> <span class='ocrx_word' id='word_1_41' title='bbox 985 776 1146 846; x_wconf 86' lang='grc' dir='ltr'>μόνου</span> <span class='ocrx_word' id='word_1_42' title='bbox 1173 773 1267 826; x_wconf 88' lang='grc' dir='ltr'><strong>τοῦ</strong></span> <span class='ocrx_word' id='word_1_43' title='bbox 1302 772 1640 843; x_wconf 88' lang='grc' dir='ltr'>Μονογενοῦς</span> 
     </span>
    </p>
   </div>
   <div class='ocr_carea' id='block_1_8' title="bbox 26 861 1639 940">
    <p class='ocr_par' dir='ltr' id='par_1_8' title="bbox 26 861 1639 940">
     <span class='ocr_line' id='line_1_8' title="bbox 26 861 1639 940; baseline -0.001 -19"><span class='ocrx_word' id='word_1_44' title='bbox 26 870 186 940; x_wconf 64' lang='grc' dir='ltr'>φύσει</span> <span class='ocrx_word' id='word_1_45' title='bbox 239 869 391 922; x_wconf 73' lang='grc' dir='ltr'>Υἱοῦ</span> <span class='ocrx_word' id='word_1_46' title='bbox 437 869 677 940; x_wconf 80' lang='grc' dir='ltr'>ἀρχῆθεν</span> <span class='ocrx_word' id='word_1_47' title='bbox 713 869 1094 939; x_wconf 82' lang='grc' dir='ltr'>τυγχάνοντος,</span> <span class='ocrx_word' id='word_1_48' title='bbox 1128 861 1190 921; x_wconf 78' lang='grc' dir='ltr'>οὗ</span> <span class='ocrx_word' id='word_1_49' title='bbox 1223 865 1446 938; x_wconf 79' lang='grc' dir='ltr'>χρῄζειν</span> <span class='ocrx_word' id='word_1_50' title='bbox 1494 865 1639 920; x_wconf 78' lang='grc' dir='ltr'>ἔοικε</span> 
     </span>
    </p>
   </div>
   <div class='ocr_carea' id='block_1_9' title="bbox 24 957 1636 1030">
    <p class='ocr_par' dir='ltr' id='par_1_9' title="bbox 24 957 1636 1030">
     <span class='ocr_line' id='line_1_9' title="bbox 24 957 1636 1030; baseline -0.001 -18"><span class='ocrx_word' id='word_1_51' title='bbox 24 960 79 1012; x_wconf 70' lang='grc' dir='ltr'>τὸ</span> <span class='ocrx_word' id='word_1_52' title='bbox 112 959 281 1026; x_wconf 79' lang='grc' dir='ltr'>ἆγιον</span> <span class='ocrx_word' id='word_1_53' title='bbox 310 958 578 1030; x_wconf 89' lang='grc' dir='ltr'>Πνεῦμα,</span> <span class='ocrx_word' id='word_1_54' title='bbox 610 958 984 1023; x_wconf 79' lang='grc' dir='ltr'>διακονοῦντος</span> <span class='ocrx_word' id='word_1_55' title='bbox 1011 959 1175 1012; x_wconf 77' lang='grc' dir='ltr'>αὐτοῦ</span> <span class='ocrx_word' id='word_1_56' title='bbox 1204 961 1268 1030; x_wconf 83' lang='grc' dir='ltr'>τῇ</span> <span class='ocrx_word' id='word_1_57' title='bbox 1297 957 1590 1013; x_wconf 81' lang='grc' dir='ltr'>ὑποστάσει</span> <span class='ocrx_word' id='word_1_58' title='bbox 1621 997 1636 1021; x_wconf 96' lang='grc'><strong>,</strong></span> 
     </span>
    </p>
   </div>
   <div class='ocr_carea' id='block_1_10' title="bbox 24 1048 1638 1123">
    <p class='ocr_par' dir='ltr' id='par_1_10' title="bbox 24 1048 1638 1123">
     <span class='ocr_line' id='line_1_10' title="bbox 24 1048 1638 1123; baseline 0.001 -18"><span class='ocrx_word' id='word_1_59' title='bbox 24 1055 77 1105; x_wconf 67' lang='grc' dir='ltr'>οὐ</span> <span class='ocrx_word' id='word_1_60' title='bbox 128 1053 306 1123; x_wconf 84' lang='grc' dir='ltr'>μόνον</span> <span class='ocrx_word' id='word_1_61' title='bbox 341 1055 437 1117; x_wconf 77' lang='grc' dir='ltr'><strong>εἰς</strong></span> <span class='ocrx_word' id='word_1_62' title='bbox 469 1054 532 1107; x_wconf 82' lang='grc' dir='ltr'><strong>τὸ</strong></span> <span class='ocrx_word' id='word_1_63' title='bbox 559 1049 721 1120; x_wconf 76' lang='grc' dir='ltr'>εἶναι,</span> <span class='ocrx_word' id='word_1_64' title='bbox 774 1053 910 1108; x_wconf 79' lang='grc' dir='ltr'>ἀλλὰ</span> <span class='ocrx_word' id='word_1_65' title='bbox 969 1053 1065 1107; x_wconf 75' lang='grc' dir='ltr'>καὶ</span> <span class='ocrx_word' id='word_1_66' title='bbox 1107 1053 1268 1122; x_wconf 76' lang='grc' dir='ltr'>σοφὸν</span> <span class='ocrx_word' id='word_1_67' title='bbox 1311 1048 1451 1106; x_wconf 77' lang='grc' dir='ltr'>εἶναι</span> <span class='ocrx_word' id='word_1_68' title='bbox 1480 1092 1494 1115; x_wconf 96' lang='grc'><strong>,</strong></span> <span class='ocrx_word' id='word_1_69' title='bbox 1544 1054 1638 1107; x_wconf 69' lang='grc' dir='ltr'><strong>καὶ</strong></span> 
     </span>
    </p>
   </div>
   <div class='ocr_carea' id='block_1_11' title="bbox 24 1145 1639 1220">
    <p class='ocr_par' dir='ltr' id='par_1_11' title="bbox 24 1145 1639 1220">
     <span class='ocr_line' id='line_1_11' title="bbox 24 1145 1639 1220; baseline 0.003 -24"><span class='ocrx_word' id='word_1_70' title='bbox 24 1145 270 1211; x_wconf 65' lang='grc' dir='ltr'>λογικὸν,</span> <span class='ocrx_word' id='word_1_71' title='bbox 315 1146 428 1199; x_wconf 71' lang='grc' dir='ltr'><strong>καὶ</strong></span> <span class='ocrx_word' id='word_1_72' title='bbox 460 1146 692 1209; x_wconf 78' lang='grc' dir='ltr'>δίκαιον,</span> <span class='ocrx_word' id='word_1_73' title='bbox 745 1146 838 1201; x_wconf 79' lang='grc' dir='ltr'><strong>καὶ</strong></span> <span class='ocrx_word' id='word_1_74' title='bbox 890 1148 999 1201; x_wconf 80' lang='grc' dir='ltr'>πᾶν</span> <span class='ocrx_word' id='word_1_75' title='bbox 1035 1147 1318 1201; x_wconf 87' lang='grc' dir='ltr'>ότιποτοῦν</span> <span class='ocrx_word' id='word_1_76' title='bbox 1370 1148 1476 1220; x_wconf 81' lang='grc' dir='ltr'><strong>χρὴ</strong></span> <span class='ocrx_word' id='word_1_77' title='bbox 1508 1147 1639 1202; x_wconf 76' lang='grc' dir='ltr'>αὐτὸ</span> 
     </span>
    </p>
   </div>
   <div class='ocr_carea' id='block_1_12' title="bbox 26 1237 1639 1313">
    <p class='ocr_par' dir='ltr' id='par_1_12' title="bbox 26 1237 1639 1313">
     <span class='ocr_line' id='line_1_12' title="bbox 26 1237 1639 1313; baseline 0.005 -26"><span class='ocrx_word' id='word_1_78' title='bbox 26 1238 165 1288; x_wconf 71' lang='grc' dir='ltr'>νοεῖν</span> <span class='ocrx_word' id='word_1_79' title='bbox 188 1238 512 1306; x_wconf 73' lang='grc' dir='ltr'>τυγχάνειν</span> <span class='ocrx_word' id='word_1_80' title='bbox 534 1278 549 1302; x_wconf 93' lang='grc'><strong>,</strong></span> <span class='ocrx_word' id='word_1_81' title='bbox 597 1237 740 1292; x_wconf 85' lang='grc' dir='ltr'><strong>κατά</strong></span> <span class='ocrx_word' id='word_1_82' title='bbox 781 1239 1016 1311; x_wconf 82' lang='grc' dir='ltr'>μετοχὴν</span> <span class='ocrx_word' id='word_1_83' title='bbox 1073 1238 1180 1294; x_wconf 89' lang='grc' dir='ltr'><strong>τῶν</strong></span> <span class='ocrx_word' id='word_1_84' title='bbox 1222 1241 1639 1313; x_wconf 80' lang='grc' dir='ltr'>προειρημένων</span> 
     </span>
    </p>
   </div>
   <div class='ocr_carea' id='block_1_13' title="bbox 21 1325 1636 1404">
    <p class='ocr_par' dir='ltr' id='par_1_13' title="bbox 21 1325 1636 1404">
     <span class='ocr_line' id='line_1_13' title="bbox 21 1325 1636 1404; baseline 0.005 -26"><span class='ocrx_word' id='word_1_85' title='bbox 21 1329 52 1396; x_wconf 71' lang='grc' dir='ltr'>ἡ</span> <span class='ocrx_word' id='word_1_86' title='bbox 61 1329 153 1396; x_wconf 83' lang='grc' dir='ltr'><strong>μῖν</strong></span> <span class='ocrx_word' id='word_1_87' title='bbox 169 1328 442 1398; x_wconf 77' lang='grc' dir='ltr'>Χριστοῦ</span> <span class='ocrx_word' id='word_1_88' title='bbox 473 1329 745 1385; x_wconf 82' lang='grc' dir='ltr'>ἐπινοιῶν.</span> <span class='ocrx_word' id='word_1_89' title='bbox 761 1325 928 1402; x_wconf 71' lang='grc' dir='ltr'>Οἶμαι</span> <span class='ocrx_word' id='word_1_90' title='bbox 945 1331 1002 1384; x_wconf 80' lang='grc' dir='ltr'>δὲ</span> <span class='ocrx_word' id='word_1_91' title='bbox 1026 1331 1087 1384; x_wconf 80' lang='grc' dir='ltr'><strong>τὸ</strong></span> <span class='ocrx_word' id='word_1_92' title='bbox 1109 1332 1260 1402; x_wconf 75' lang='grc' dir='ltr'>ἅγιον</span> <span class='ocrx_word' id='word_1_93' title='bbox 1277 1333 1502 1404; x_wconf 83' lang='grc' dir='ltr'>Πνεῦμα</span> <span class='ocrx_word' id='word_1_94' title='bbox 1518 1332 1636 1404; x_wconf 82' lang='grc' dir='ltr'>τὴν,</span> 
     </span>
    </p>
   </div>
   <div class='ocr_carea' id='block_1_14' title="bbox 29 1416 1639 1496">
    <p class='ocr_par' dir='ltr' id='par_1_14' title="bbox 29 1416 1639 1496">
     <span class='ocr_line' id='line_1_14' title="bbox 29 1416 1639 1496; baseline 0.006 -28"><span class='ocrx_word' id='word_1_95' title='bbox 29 1418 91 1468; x_wconf 75' lang='grc' dir='ltr'><strong>ἶν’</strong></span> <span class='ocrx_word' id='word_1_96' title='bbox 114 1416 304 1481; x_wconf 70' lang='grc' dir='ltr'>οὕτως</span> <span class='ocrx_word' id='word_1_97' title='bbox 327 1420 503 1484; x_wconf 79' lang='grc' dir='ltr'>εῐπω,</span> <span class='ocrx_word' id='word_1_98' title='bbox 522 1419 653 1492; x_wconf 78' lang='grc' dir='ltr'>ὕλην</span> <span class='ocrx_word' id='word_1_99' title='bbox 679 1419 784 1473; x_wconf 87' lang='grc' dir='ltr'><strong>τῶν</strong></span> <span class='ocrx_word' id='word_1_100' title='bbox 812 1421 920 1474; x_wconf 83' lang='grc' dir='ltr'><strong>ἀπὸ</strong></span> <span class='ocrx_word' id='word_1_101' title='bbox 954 1421 1089 1475; x_wconf 84' lang='grc' dir='ltr'>Θεοῦ</span> <span class='ocrx_word' id='word_1_102' title='bbox 1119 1423 1472 1494; x_wconf 74' lang='grc' dir='ltr'>χαρισμάτων</span> <span class='ocrx_word' id='word_1_103' title='bbox 1498 1441 1639 1496; x_wconf 88' lang='grc' dir='ltr'>παρ-</span> 
     </span>
    </p>
   </div>
   <div class='ocr_carea' id='block_1_15' title="bbox 25 1510 1638 1587">
    <p class='ocr_par' dir='ltr' id='par_1_15' title="bbox 25 1510 1638 1587">
     <span class='ocr_line' id='line_1_15' title="bbox 25 1510 1638 1587; baseline 0.006 -28"><span class='ocrx_word' id='word_1_104' title='bbox 25 1510 169 1578; x_wconf 77' lang='grc' dir='ltr'>ἐχειν</span> <span class='ocrx_word' id='word_1_105' title='bbox 238 1513 366 1574; x_wconf 75' lang='grc' dir='ltr'>τοῖς</span> <span class='ocrx_word' id='word_1_106' title='bbox 409 1510 482 1564; x_wconf 86' lang='grc' dir='ltr'>δι’</span> <span class='ocrx_word' id='word_1_107' title='bbox 515 1511 647 1565; x_wconf 75' lang='grc' dir='ltr'>αὐτὸ</span> <span class='ocrx_word' id='word_1_108' title='bbox 693 1511 788 1567; x_wconf 78' lang='grc' dir='ltr'><strong>καὶ</strong></span> <span class='ocrx_word' id='word_1_109' title='bbox 834 1512 935 1585; x_wconf 89' lang='grc' dir='ltr'><strong>τὴν</strong></span> <span class='ocrx_word' id='word_1_110' title='bbox 972 1512 1201 1584; x_wconf 74' lang='grc' dir='ltr'>μετοχὴν</span> <span class='ocrx_word' id='word_1_111' title='bbox 1227 1512 1392 1568; x_wconf 81' lang='grc' dir='ltr'>αὐτοῦ</span> <span class='ocrx_word' id='word_1_112' title='bbox 1424 1531 1638 1587; x_wconf 86' lang='grc' dir='ltr'>χρημα-</span> 
     </span>
    </p>
   </div>
   <div class='ocr_carea' id='block_1_16' title="bbox 23 1604 1640 1678">
    <p class='ocr_par' dir='ltr' id='par_1_16' title="bbox 23 1604 1640 1678">
     <span class='ocr_line' id='line_1_16' title="bbox 23 1604 1640 1678; baseline 0.005 -24"><span class='ocrx_word' id='word_1_113' title='bbox 23 1604 271 1666; x_wconf 76' lang='grc' dir='ltr'>τίζουσιν</span> <span class='ocrx_word' id='word_1_114' title='bbox 311 1604 533 1672; x_wconf 78' lang='grc' dir='ltr'>ἁγίοις,</span> <span class='ocrx_word' id='word_1_115' title='bbox 581 1605 679 1675; x_wconf 84' lang='grc' dir='ltr'><strong>τῆς</strong></span> <span class='ocrx_word' id='word_1_116' title='bbox 718 1605 1014 1677; x_wconf 80' lang='grc' dir='ltr'>εἰρημένης</span> <span class='ocrx_word' id='word_1_117' title='bbox 1059 1606 1191 1676; x_wconf 85' lang='grc' dir='ltr'>ῦλης</span> <span class='ocrx_word' id='word_1_118' title='bbox 1227 1605 1335 1660; x_wconf 88' lang='grc' dir='ltr'><strong>τῶν</strong></span> <span class='ocrx_word' id='word_1_119' title='bbox 1366 1607 1640 1678; x_wconf 87' lang='grc' dir='ltr'>χαρισμά-</span> 
     </span>
    </p>
   </div>
   <div class='ocr_carea' id='block_1_17' title="bbox 23 1697 1639 1771">
    <p class='ocr_par' dir='ltr' id='par_1_17' title="bbox 23 1697 1639 1771">
     <span class='ocr_line' id='line_1_17' title="bbox 23 1697 1639 1771; baseline 0.006 -26"><span class='ocrx_word' id='word_1_120' title='bbox 23 1713 126 1747; x_wconf 79' lang='grc' dir='ltr'><strong>των</strong></span> <span class='ocrx_word' id='word_1_121' title='bbox 167 1697 604 1768; x_wconf 75' lang='grc' dir='ltr'>ἐνεργουμένης</span> <span class='ocrx_word' id='word_1_122' title='bbox 640 1697 738 1767; x_wconf 83' lang='grc' dir='ltr'><strong>μὲν</strong></span> <span class='ocrx_word' id='word_1_123' title='bbox 766 1697 877 1751; x_wconf 80' lang='grc' dir='ltr'><strong>ἀπὸ</strong></span> <span class='ocrx_word' id='word_1_124' title='bbox 906 1697 1001 1750; x_wconf 90' lang='grc' dir='ltr'><strong>τοῦ</strong></span> <span class='ocrx_word' id='word_1_125' title='bbox 1027 1697 1183 1761; x_wconf 83' lang='grc' dir='ltr'>Θεοῦ,</span> <span class='ocrx_word' id='word_1_126' title='bbox 1214 1699 1639 1771; x_wconf 80' lang='grc' dir='ltr'>διακονουμένης</span> 
     </span>
    </p>
   </div>
   <div class='ocr_carea' id='block_1_18' title="bbox 24 1789 1638 1863">
    <p class='ocr_par' dir='ltr' id='par_1_18' title="bbox 24 1789 1638 1863">
     <span class='ocr_line' id='line_1_18' title="bbox 24 1789 1638 1863; baseline 0.001 -21"><span class='ocrx_word' id='word_1_127' title='bbox 24 1791 74 1843; x_wconf 68' lang='grc' dir='ltr'>δὲ</span> <span class='ocrx_word' id='word_1_128' title='bbox 251 1789 358 1844; x_wconf 85' lang='grc' dir='ltr'><strong>τοῦ</strong></span> <span class='ocrx_word' id='word_1_129' title='bbox 419 1790 685 1863; x_wconf 83' lang='grc' dir='ltr'>Χριστοῦ,</span> <span class='ocrx_word' id='word_1_130' title='bbox 737 1789 1059 1860; x_wconf 72' lang='grc' dir='ltr'>ὑφεστώσης</span> <span class='ocrx_word' id='word_1_131' title='bbox 1095 1789 1150 1842; x_wconf 83' lang='grc' dir='ltr'>δὲ</span> <span class='ocrx_word' id='word_1_132' title='bbox 1185 1790 1326 1844; x_wconf 85' lang='grc' dir='ltr'><strong>κατά</strong></span> <span class='ocrx_word' id='word_1_133' title='bbox 1375 1791 1438 1843; x_wconf 84' lang='grc' dir='ltr'><strong>τὸ</strong></span> <span class='ocrx_word' id='word_1_134' title='bbox 1485 1791 1638 1860; x_wconf 77' lang='grc' dir='ltr'>ἅγιον</span> 
     </span>
    </p>
   </div>
   <div class='ocr_carea' id='block_1_19' title="bbox 25 1883 1638 1955">
    <p class='ocr_par' dir='ltr' id='par_1_19' title="bbox 25 1883 1638 1955">
     <span class='ocr_line' id='line_1_19' title="bbox 25 1883 1638 1955; baseline 0.001 -20"><span class='ocrx_word' id='word_1_135' title='bbox 25 1883 277 1954; x_wconf 61' lang='grc' dir='ltr'>Πνεῦμα.</span> <span class='ocrx_word' id='word_1_136' title='bbox 336 1883 464 1938; x_wconf 79' lang='grc' dir='ltr'>Καὶ</span> <span class='ocrx_word' id='word_1_137' title='bbox 519 1885 658 1936; x_wconf 87' lang='grc' dir='ltr'>κινεῖ</span> <span class='ocrx_word' id='word_1_138' title='bbox 706 1901 771 1955; x_wconf 90' lang='grc' dir='ltr'><strong>με</strong></span> <span class='ocrx_word' id='word_1_139' title='bbox 822 1885 902 1947; x_wconf 79' lang='grc' dir='ltr'>εἰς</span> <span class='ocrx_word' id='word_1_140' title='bbox 955 1883 1016 1937; x_wconf 85' lang='grc' dir='ltr'>τὺ</span> <span class='ocrx_word' id='word_1_141' title='bbox 1058 1883 1215 1938; x_wconf 80' lang='grc' dir='ltr'>ταῦθ’</span> <span class='ocrx_word' id='word_1_142' title='bbox 1257 1883 1430 1948; x_wconf 77' lang='grc' dir='ltr'>οὕτως</span> <span class='ocrx_word' id='word_1_143' title='bbox 1493 1884 1638 1955; x_wconf 77' lang='grc' dir='ltr'>ἔχειν</span> 
     </span>
    </p>
   </div>
   <div class='ocr_carea' id='block_1_20' title="bbox 1740 676 3321 745">
    <p class='ocr_par' dir='ltr' id='par_1_20' title="bbox 1740 676 3321 745">
     <span class='ocr_line' id='line_1_20' title="bbox 1740 676 3321 745; baseline 0.004 -15"><span class='ocrx_word' id='word_1_144' title='bbox 1740 676 2063 731; x_wconf 88' lang='lat' dir='ltr'><strong>stantiorem</strong></span> <span class='ocrx_word' id='word_1_145' title='bbox 2103 690 2246 742; x_wconf 87' lang='lat' dir='ltr'><strong>csse,</strong></span> <span class='ocrx_word' id='word_1_146' title='bbox 2279 687 2336 730; x_wconf 91' lang='lat' dir='ltr'><strong>ut</strong></span> <span class='ocrx_word' id='word_1_147' title='bbox 2364 677 2510 745; x_wconf 90' lang='lat' dir='ltr'><strong>pium</strong></span> <span class='ocrx_word' id='word_1_148' title='bbox 2539 686 2594 731; x_wconf 91' lang='lat' dir='ltr'><strong>ct</strong></span> <span class='ocrx_word' id='word_1_149' title='bbox 2638 692 2825 732; x_wconf 82' lang='lat' dir='ltr'><strong>verum</strong></span> <span class='ocrx_word' id='word_1_150' title='bbox 2877 681 3224 738; x_wconf 71' lang='lat' dir='ltr'><strong>concedimus</strong></span> <span class='ocrx_word' id='word_1_151' title='bbox 3263 691 3321 737; x_wconf 88' lang='lat' dir='ltr'><strong>et</strong></span> 
     </span>
    </p>
   </div>
   <div class='ocr_carea' id='block_1_21' title="bbox 1741 769 3320 845">
    <p class='ocr_par' dir='ltr' id='par_1_21' title="bbox 1741 769 3320 845">
     <span class='ocr_line' id='line_1_21' title="bbox 1741 769 3320 845; baseline 0.005 -21"><span class='ocrx_word' id='word_1_152' title='bbox 1741 772 2125 841; x_wconf 87' lang='lat' dir='ltr'><strong>approbamus.</strong></span> <span class='ocrx_word' id='word_1_153' title='bbox 2157 769 2332 840; x_wconf 85' lang='lat' dir='ltr'><strong>Atque</strong></span> <span class='ocrx_word' id='word_1_154' title='bbox 2363 771 2477 825; x_wconf 64' lang='lat' dir='ltr'><strong>haec</strong></span> <span class='ocrx_word' id='word_1_155' title='bbox 2511 771 2742 827; x_wconf 88' lang='lat' dir='ltr'><strong>forsitan</strong></span> <span class='ocrx_word' id='word_1_156' title='bbox 2770 787 2933 829; x_wconf 87' lang='lat' dir='ltr'><strong>causa</strong></span> <span class='ocrx_word' id='word_1_157' title='bbox 2965 783 3050 829; x_wconf 88' lang='lat' dir='ltr'><strong>est</strong></span> <span class='ocrx_word' id='word_1_158' title='bbox 3075 789 3173 830; x_wconf 88' lang='lat' dir='ltr'><strong>cur</strong></span> <span class='ocrx_word' id='word_1_159' title='bbox 3206 775 3320 845; x_wconf 86' lang='lat' dir='ltr'><strong>ipse</strong></span> 
     </span>
    </p>
   </div>
   <div class='ocr_carea' id='block_1_22' title="bbox 1743 862 3320 938">
    <p class='ocr_par' dir='ltr' id='par_1_22' title="bbox 1743 862 3320 938">
     <span class='ocr_line' id='line_1_22' title="bbox 1743 862 3320 938; baseline 0.003 -18"><span class='ocrx_word' id='word_1_160' title='bbox 1743 865 1838 920; x_wconf 79' lang='lat' dir='ltr'><strong>Dei</strong></span> <span class='ocrx_word' id='word_1_161' title='bbox 1871 879 1976 919; x_wconf 92' lang='lat' dir='ltr'><strong>non</strong></span> <span class='ocrx_word' id='word_1_162' title='bbox 2012 862 2227 918; x_wconf 77' lang='lat' dir='ltr'><strong>dicatur</strong></span> <span class='ocrx_word' id='word_1_163' title='bbox 2257 878 2377 919; x_wconf 86' lang='lat' dir='ltr'><strong>esse</strong></span> <span class='ocrx_word' id='word_1_164' title='bbox 2415 864 2616 930; x_wconf 86' lang='lat' dir='ltr'><strong>Filius;</strong></span> <span class='ocrx_word' id='word_1_165' title='bbox 2647 867 2790 935; x_wconf 89' lang='lat' dir='ltr'><strong>quod</strong></span> <span class='ocrx_word' id='word_1_166' title='bbox 2822 865 2970 922; x_wconf 89' lang='lat' dir='ltr'><strong>solus</strong></span> <span class='ocrx_word' id='word_1_167' title='bbox 3001 866 3320 938; x_wconf 80' lang='lat' dir='ltr'><strong>Unigenitus</strong></span> 
     </span>
    </p>
   </div>
   <div class='ocr_carea' id='block_1_23' title="bbox 1741 957 3320 1029">
    <p class='ocr_par' dir='ltr' id='par_1_23' title="bbox 1741 957 3320 1029">
     <span class='ocr_line' id='line_1_23' title="bbox 1741 957 3320 1029; baseline 0.003 -17"><span class='ocrx_word' id='word_1_168' title='bbox 1741 974 1769 1012; x_wconf 91' lang='lat' dir='ltr'><strong>a</strong></span> <span class='ocrx_word' id='word_1_169' title='bbox 1810 957 2078 1029; x_wconf 90' lang='lat' dir='ltr'><strong>principio</strong></span> <span class='ocrx_word' id='word_1_170' title='bbox 2108 965 2302 1010; x_wconf 87' lang='lat' dir='ltr'><strong>natura</strong></span> <span class='ocrx_word' id='word_1_171' title='bbox 2345 957 2515 1012; x_wconf 83' lang='lat' dir='ltr'><strong>Filius</strong></span> <span class='ocrx_word' id='word_1_172' title='bbox 2547 959 2650 1025; x_wconf 91' lang='lat' dir='ltr'><strong>sit,</strong></span> <span class='ocrx_word' id='word_1_173' title='bbox 2693 974 2804 1028; x_wconf 90' lang='lat' dir='ltr'><strong>quo</strong></span> <span class='ocrx_word' id='word_1_174' title='bbox 2837 959 3078 1028; x_wconf 77' lang='lat' dir='ltr'><strong>indigere</strong></span> <span class='ocrx_word' id='word_1_175' title='bbox 3107 962 3320 1017; x_wconf 87' lang='lat' dir='ltr'><strong>videtur</strong></span> 
     </span>
    </p>
   </div>
   <div class='ocr_carea' id='block_1_24' title="bbox 1741 1051 3318 1124">
    <p class='ocr_par' dir='ltr' id='par_1_24' title="bbox 1741 1051 3318 1124">
     <span class='ocr_line' id='line_1_24' title="bbox 1741 1051 3318 1124; baseline 0.003 -18"><span class='ocrx_word' id='word_1_176' title='bbox 1741 1051 1978 1122; x_wconf 85' lang='lat' dir='ltr'><strong>Spiritus</strong></span> <span class='ocrx_word' id='word_1_177' title='bbox 2013 1061 2258 1113; x_wconf 83' lang='lat' dir='ltr'><strong>sanctus,</strong></span> <span class='ocrx_word' id='word_1_178' title='bbox 2292 1051 2640 1107; x_wconf 80' lang='lat' dir='ltr'><strong>ministrante</strong></span> <span class='ocrx_word' id='word_1_179' title='bbox 2683 1053 2850 1122; x_wconf 87' lang='lat' dir='ltr'><strong>ipsius</strong></span> <span class='ocrx_word' id='word_1_180' title='bbox 2883 1053 3178 1124; x_wconf 84' lang='lat' dir='ltr'><strong>hypostasi,</strong></span> <span class='ocrx_word' id='word_1_181' title='bbox 3209 1071 3318 1110; x_wconf 91' lang='lat' dir='ltr'><strong>non</strong></span> 
     </span>
    </p>
   </div>
   <div class='ocr_carea' id='block_1_25' title="bbox 1740 1144 3321 1219">
    <p class='ocr_par' dir='ltr' id='par_1_25' title="bbox 1740 1144 3321 1219">
     <span class='ocr_line' id='line_1_25' title="bbox 1740 1144 3321 1219; baseline 0.002 -20"><span class='ocrx_word' id='word_1_182' title='bbox 1740 1145 1912 1200; x_wconf 90' lang='lat' dir='ltr'><strong>solum</strong></span> <span class='ocrx_word' id='word_1_183' title='bbox 1945 1153 2004 1196; x_wconf 90' lang='lat' dir='ltr'><strong>ut</strong></span> <span class='ocrx_word' id='word_1_184' title='bbox 2055 1144 2148 1210; x_wconf 85' lang='lat' dir='ltr'><strong>sit,</strong></span> <span class='ocrx_word' id='word_1_185' title='bbox 2188 1144 2282 1199; x_wconf 90' lang='lat' dir='ltr'><strong>sed</strong></span> <span class='ocrx_word' id='word_1_186' title='bbox 2321 1153 2380 1199; x_wconf 91' lang='lat' dir='ltr'><strong>ut</strong></span> <span class='ocrx_word' id='word_1_187' title='bbox 2408 1144 2626 1213; x_wconf 82' lang='lat' dir='ltr'><strong>sapiens</strong></span> <span class='ocrx_word' id='word_1_188' title='bbox 2654 1146 2761 1211; x_wconf 87' lang='lat' dir='ltr'><strong>sit,</strong></span> <span class='ocrx_word' id='word_1_189' title='bbox 2793 1155 2849 1201; x_wconf 90' lang='lat' dir='ltr'><strong>et</strong></span> <span class='ocrx_word' id='word_1_190' title='bbox 2885 1148 3112 1202; x_wconf 86' lang='lat' dir='ltr'><strong>rationis</strong></span> <span class='ocrx_word' id='word_1_191' title='bbox 3149 1149 3321 1219; x_wconf 90' lang='lat' dir='ltr'><strong>parti-</strong></span> 
     </span>
    </p>
   </div>
   <div class='ocr_carea' id='block_1_26' title="bbox 1741 1236 3321 1308">
    <p class='ocr_par' dir='ltr' id='par_1_26' title="bbox 1741 1236 3321 1308">
     <span class='ocr_line' id='line_1_26' title="bbox 1741 1236 3321 1308; baseline 0.004 -19"><span class='ocrx_word' id='word_1_192' title='bbox 1741 1250 1886 1304; x_wconf 81' lang='lat' dir='ltr'><strong>ceps,</strong></span> <span class='ocrx_word' id='word_1_193' title='bbox 1912 1245 1968 1291; x_wconf 90' lang='lat' dir='ltr'><strong>et</strong></span> <span class='ocrx_word' id='word_1_194' title='bbox 1994 1237 2102 1308; x_wconf 76' lang='lat'><strong>62</strong></span> <span class='ocrx_word' id='word_1_195' title='bbox 2131 1236 2310 1305; x_wconf 86' lang='lat' dir='ltr'><strong>justus</strong></span> <span class='ocrx_word' id='word_1_196' title='bbox 2331 1280 2345 1302; x_wconf 94' lang='lat'><strong>,</strong></span> <span class='ocrx_word' id='word_1_197' title='bbox 2380 1247 2433 1291; x_wconf 89' lang='lat' dir='ltr'><strong>et</strong></span> <span class='ocrx_word' id='word_1_198' title='bbox 2468 1252 2626 1291; x_wconf 86' lang='lat' dir='ltr'><strong>omne</strong></span> <span class='ocrx_word' id='word_1_199' title='bbox 2667 1237 2717 1291; x_wconf 90' lang='lat' dir='ltr'><strong>id</strong></span> <span class='ocrx_word' id='word_1_200' title='bbox 2747 1239 2892 1308; x_wconf 89' lang='lat' dir='ltr'><strong>quod</strong></span> <span class='ocrx_word' id='word_1_201' title='bbox 2921 1255 3044 1294; x_wconf 90' lang='lat' dir='ltr'><strong>eum</strong></span> <span class='ocrx_word' id='word_1_202' title='bbox 3084 1254 3206 1298; x_wconf 85' lang='lat' dir='ltr'><strong>esse</strong></span> <span class='ocrx_word' id='word_1_203' title='bbox 3236 1243 3321 1296; x_wconf 88' lang='lat' dir='ltr'><strong>in-</strong></span> 
     </span>
    </p>
   </div>
   <div class='ocr_carea' id='block_1_27' title="bbox 1742 1327 3319 1403">
    <p class='ocr_par' dir='ltr' id='par_1_27' title="bbox 1742 1327 3319 1403">
     <span class='ocr_line' id='line_1_27' title="bbox 1742 1327 3319 1403; baseline 0.006 -22"><span class='ocrx_word' id='word_1_204' title='bbox 1742 1327 2088 1398; x_wconf 82' lang='lat' dir='ltr'><strong>telligendum</strong></span> <span class='ocrx_word' id='word_1_205' title='bbox 2126 1339 2232 1394; x_wconf 87' lang='lat' dir='ltr'><strong>est,</strong></span> <span class='ocrx_word' id='word_1_206' title='bbox 2262 1344 2329 1384; x_wconf 80' lang='lat' dir='ltr'><strong>ex</strong></span> <span class='ocrx_word' id='word_1_207' title='bbox 2359 1328 2563 1385; x_wconf 88' lang='lat' dir='ltr'><strong>Christi</strong></span> <span class='ocrx_word' id='word_1_208' title='bbox 2609 1331 2911 1400; x_wconf 85' lang='lat' dir='ltr'><strong>nationum,</strong></span> <span class='ocrx_word' id='word_1_209' title='bbox 2945 1348 3065 1403; x_wconf 63' lang='lat' dir='ltr'><strong>qua:</strong></span> <span class='ocrx_word' id='word_1_210' title='bbox 3099 1349 3129 1388; x_wconf 90' lang='lat' dir='ltr'><strong>a</strong></span> <span class='ocrx_word' id='word_1_211' title='bbox 3158 1335 3319 1391; x_wconf 87' lang='lat' dir='ltr'><strong>nobis</strong></span> 
     </span>
    </p>
   </div>
   <div class='ocr_carea' id='block_1_28' title="bbox 1739 1421 3317 1498">
    <p class='ocr_par' dir='ltr' id='par_1_28' title="bbox 1739 1421 3317 1498">
     <span class='ocr_line' id='line_1_28' title="bbox 1739 1421 3317 1498; baseline 0.007 -26"><span class='ocrx_word' id='word_1_212' title='bbox 1739 1421 1898 1490; x_wconf 84' lang='lat' dir='ltr'><strong>paulo</strong></span> <span class='ocrx_word' id='word_1_213' title='bbox 1928 1430 2055 1475; x_wconf 86' lang='lat' dir='ltr'><strong>ante</strong></span> <span class='ocrx_word' id='word_1_214' title='bbox 2083 1432 2523 1478; x_wconf 66' lang='lat' dir='ltr'><strong>commemorata:</strong></span> <span class='ocrx_word' id='word_1_215' title='bbox 2553 1434 2701 1490; x_wconf 84' lang='lat' dir='ltr'><strong>sunt,</strong></span> <span class='ocrx_word' id='word_1_216' title='bbox 2735 1427 3173 1495; x_wconf 85' lang='lat' dir='ltr'><strong>participatione.</strong></span> <span class='ocrx_word' id='word_1_217' title='bbox 3204 1427 3317 1498; x_wconf 82' lang='lat' dir='ltr'><strong>Ego</strong></span> 
     </span>
    </p>
   </div>
   <div class='ocr_carea' id='block_1_29' title="bbox 1740 1510 3314 1586">
    <p class='ocr_par' dir='ltr' id='par_1_29' title="bbox 1740 1510 3314 1586">
     <span class='ocr_line' id='line_1_29' title="bbox 1740 1510 3314 1586; baseline 0.004 -20"><span class='ocrx_word' id='word_1_218' title='bbox 1740 1521 1919 1567; x_wconf 89' lang='lat' dir='ltr'><strong>autem</strong></span> <span class='ocrx_word' id='word_1_219' title='bbox 1970 1511 2221 1567; x_wconf 80' lang='lat' dir='ltr'><strong>existimo</strong></span> <span class='ocrx_word' id='word_1_220' title='bbox 2273 1510 2537 1583; x_wconf 87' lang='lat' dir='ltr'><strong>Spiritum</strong></span> <span class='ocrx_word' id='word_1_221' title='bbox 2577 1526 2825 1571; x_wconf 87' lang='lat' dir='ltr'><strong>sanctum</strong></span> <span class='ocrx_word' id='word_1_222' title='bbox 2851 1556 2864 1579; x_wconf 92' lang='lat'><strong>,</strong></span> <span class='ocrx_word' id='word_1_223' title='bbox 2904 1527 2962 1570; x_wconf 93' lang='lat' dir='ltr'><strong>ut</strong></span> <span class='ocrx_word' id='word_1_224' title='bbox 2993 1517 3066 1571; x_wconf 88' lang='lat' dir='ltr'><strong>ita</strong></span> <span class='ocrx_word' id='word_1_225' title='bbox 3099 1519 3314 1586; x_wconf 88' lang='lat' dir='ltr'><strong>dicam,</strong></span> 
     </span>
    </p>
   </div>
   <div class='ocr_carea' id='block_1_30' title="bbox 1741 1603 3320 1681">
    <p class='ocr_par' dir='ltr' id='par_1_30' title="bbox 1741 1603 3320 1681">
     <span class='ocr_line' id='line_1_30' title="bbox 1741 1603 3320 1681; baseline 0.004 -23"><span class='ocrx_word' id='word_1_226' title='bbox 1741 1603 2023 1658; x_wconf 85' lang='lat' dir='ltr'><strong>materiam</strong></span> <span class='ocrx_word' id='word_1_227' title='bbox 2051 1604 2353 1672; x_wconf 79' lang='lat' dir='ltr'><strong>gratiarum</strong></span> <span class='ocrx_word' id='word_1_228' title='bbox 2382 1622 2504 1676; x_wconf 72' lang='lat' dir='ltr'><strong>qua:</strong></span> <span class='ocrx_word' id='word_1_229' title='bbox 2535 1621 2564 1660; x_wconf 89' lang='lat' dir='ltr'><strong>a</strong></span> <span class='ocrx_word' id='word_1_230' title='bbox 2599 1606 2710 1662; x_wconf 82' lang='lat' dir='ltr'><strong>Deo</strong></span> <span class='ocrx_word' id='word_1_231' title='bbox 2737 1607 3160 1677; x_wconf 84' lang='lat' dir='ltr'><strong>proficiscuntur</strong></span> <span class='ocrx_word' id='word_1_232' title='bbox 3189 1626 3320 1681; x_wconf 88' lang='lat' dir='ltr'><strong>sup-</strong></span> 
     </span>
    </p>
   </div>
   <div class='ocr_carea' id='block_1_31' title="bbox 1739 1695 3316 1767">
    <p class='ocr_par' dir='ltr' id='par_1_31' title="bbox 1739 1695 3316 1767">
     <span class='ocr_line' id='line_1_31' title="bbox 1739 1695 3316 1767; baseline 0.004 -19"><span class='ocrx_word' id='word_1_233' title='bbox 1739 1696 1987 1765; x_wconf 85' lang='lat' dir='ltr'><strong>peditare</strong></span> <span class='ocrx_word' id='word_1_234' title='bbox 2019 1695 2090 1750; x_wconf 85' lang='lat' dir='ltr'><strong>iis</strong></span> <span class='ocrx_word' id='word_1_235' title='bbox 2134 1695 2227 1764; x_wconf 91' lang='lat' dir='ltr'><strong>qui</strong></span> <span class='ocrx_word' id='word_1_236' title='bbox 2262 1711 2359 1766; x_wconf 92' lang='lat' dir='ltr'><strong>per</strong></span> <span class='ocrx_word' id='word_1_237' title='bbox 2389 1697 2566 1766; x_wconf 88' lang='lat' dir='ltr'><strong>ipsum</strong></span> <span class='ocrx_word' id='word_1_238' title='bbox 2621 1695 2846 1767; x_wconf 82' lang='lat' dir='ltr'><strong>ejusque</strong></span> <span class='ocrx_word' id='word_1_239' title='bbox 2877 1701 3316 1755; x_wconf 85' lang='lat' dir='ltr'><strong>communionem</strong></span> 
     </span>
    </p>
   </div>
   <div class='ocr_carea' id='block_1_32' title="bbox 1740 1785 3318 1858">
    <p class='ocr_par' dir='ltr' id='par_1_32' title="bbox 1740 1785 3318 1858">
     <span class='ocr_line' id='line_1_32' title="bbox 1740 1785 3318 1858; baseline 0.001 -18"><span class='ocrx_word' id='word_1_240' title='bbox 1740 1785 1914 1841; x_wconf 80' lang='lat' dir='ltr'><strong>sancti</strong></span> <span class='ocrx_word' id='word_1_241' title='bbox 1948 1795 2093 1850; x_wconf 88' lang='lat' dir='ltr'><strong>sunt,</strong></span> <span class='ocrx_word' id='word_1_242' title='bbox 2124 1786 2250 1841; x_wconf 91' lang='lat' dir='ltr'><strong>dum</strong></span> <span class='ocrx_word' id='word_1_243' title='bbox 2280 1790 2527 1853; x_wconf 85' lang='lat' dir='ltr'><strong>materia,</strong></span> <span class='ocrx_word' id='word_1_244' title='bbox 2557 1803 2720 1858; x_wconf 88' lang='lat' dir='ltr'><strong>quam</strong></span> <span class='ocrx_word' id='word_1_245' title='bbox 2754 1789 2864 1844; x_wconf 73' lang='lat' dir='ltr'><strong>dixi</strong></span> <span class='ocrx_word' id='word_1_246' title='bbox 2901 1790 3318 1856; x_wconf 85' lang='lat' dir='ltr'><strong>charismatum,</strong></span> 
     </span>
    </p>
   </div>
   <div class='ocr_carea' id='block_1_33' title="bbox 1742 1875 3322 1948">
    <p class='ocr_par' dir='ltr' id='par_1_33' title="bbox 1742 1875 3322 1948">
     <span class='ocr_line' id='line_1_33' title="bbox 1742 1875 3322 1948; baseline 0.004 -19"><span class='ocrx_word' id='word_1_247' title='bbox 1742 1891 1770 1930; x_wconf 89' lang='lat' dir='ltr'><strong>a</strong></span> <span class='ocrx_word' id='word_1_248' title='bbox 1808 1875 1916 1930; x_wconf 91' lang='lat' dir='ltr'><strong>Deo</strong></span> <span class='ocrx_word' id='word_1_249' title='bbox 1942 1876 2160 1946; x_wconf 82' lang='lat' dir='ltr'><strong>quidem</strong></span> <span class='ocrx_word' id='word_1_250' title='bbox 2191 1887 2470 1948; x_wconf 88' lang='lat' dir='ltr'><strong>operatur,</strong></span> <span class='ocrx_word' id='word_1_251' title='bbox 2512 1895 2541 1932; x_wconf 92' lang='lat' dir='ltr'><strong>a</strong></span> <span class='ocrx_word' id='word_1_252' title='bbox 2578 1879 2794 1934; x_wconf 90' lang='lat' dir='ltr'><strong>Christo</strong></span> <span class='ocrx_word' id='word_1_253' title='bbox 2834 1889 3012 1935; x_wconf 90' lang='lat' dir='ltr'><strong>autem</strong></span> <span class='ocrx_word' id='word_1_254' title='bbox 3041 1881 3322 1936; x_wconf 81' lang='lat' dir='ltr'><strong>ministra-</strong></span> 
     </span>
    </p>
   </div>
   <div class='ocr_carea' id='block_1_34' title="bbox 26 1960 1638 2048">
    <p class='ocr_par' dir='ltr' id='par_1_34' title="bbox 26 1974 1637 2048">
     <span class='ocr_line' id='line_1_34' title="bbox 26 1974 1637 2048; baseline 0.002 -21"><span class='ocrx_word' id='word_1_255' title='bbox 26 1976 328 2028; x_wconf 58' lang='grc' dir='ltr'>ὑπολαϐεῖν</span> <span class='ocrx_word' id='word_1_256' title='bbox 367 1975 616 2040; x_wconf 78' lang='grc' dir='ltr'>Παῦλος,</span> <span class='ocrx_word' id='word_1_257' title='bbox 651 1976 779 2046; x_wconf 71' lang='grc' dir='ltr'>περ).</span> <span class='ocrx_word' id='word_1_258' title='bbox 808 1975 1164 2046; x_wconf 86' lang='grc' dir='ltr'>χαρισμάτων</span> <span class='ocrx_word' id='word_1_259' title='bbox 1192 1974 1337 2029; x_wconf 73' lang='grc' dir='ltr'>οὕτω</span> <span class='ocrx_word' id='word_1_260' title='bbox 1364 1993 1465 2029; x_wconf 87' lang='grc' dir='ltr'><strong>που</strong></span> <span class='ocrx_word' id='word_1_261' title='bbox 1500 1976 1637 2048; x_wconf 86' lang='grc' dir='ltr'>γρά-</span> 
     </span>
    </p>
   </div>
   <div class='ocr_carea' id='block_1_35' title="bbox 1744 1960 3321 2048">
    <p class='ocr_par' dir='ltr' id='par_1_35' title="bbox 1744 1967 3321 2046">
     <span class='ocr_line' id='line_1_35' title="bbox 1744 1967 3321 2046; baseline 0.005 -25"><span class='ocrx_word' id='word_1_262' title='bbox 1744 1979 1847 2032; x_wconf 90' lang='lat' dir='ltr'><strong>tur,</strong></span> <span class='ocrx_word' id='word_1_263' title='bbox 1875 1983 1976 2038; x_wconf 90' lang='lat' dir='ltr'><strong>per</strong></span> <span class='ocrx_word' id='word_1_264' title='bbox 2007 1967 2266 2038; x_wconf 89' lang='lat' dir='ltr'><strong>Spiritum</strong></span> <span class='ocrx_word' id='word_1_265' title='bbox 2288 1983 2417 2025; x_wconf 87' lang='lat' dir='ltr'><strong>vero</strong></span> <span class='ocrx_word' id='word_1_266' title='bbox 2445 1979 2691 2027; x_wconf 89' lang='lat' dir='ltr'><strong>sanctum</strong></span> <span class='ocrx_word' id='word_1_267' title='bbox 2736 1974 2976 2028; x_wconf 81' lang='lat' dir='ltr'><strong>exsistit.</strong></span> <span class='ocrx_word' id='word_1_268' title='bbox 3015 1972 3166 2041; x_wconf 85' lang='lat' dir='ltr'><strong>Quod</strong></span> <span class='ocrx_word' id='word_1_269' title='bbox 3201 1975 3321 2046; x_wconf 84' lang='lat' dir='ltr'><strong>qui-</strong></span> 
     </span>
    </p>
   </div>
   <div class='ocr_carea' id='block_1_36' title="bbox 27 2067 1638 2140">
    <p class='ocr_par' dir='ltr' id='par_1_36' title="bbox 27 2067 1638 2140">
     <span class='ocr_line' id='line_1_36' title="bbox 27 2067 1638 2140; baseline 0.002 -21"><span class='ocrx_word' id='word_1_270' title='bbox 27 2085 166 2136; x_wconf 51' lang='grc' dir='ltr'>των·</span> <span class='ocrx_word' id='word_1_271' title='bbox 207 2089 227 2120; x_wconf 69' lang='grc' dir='ltr'><strong>ι</strong></span> <span class='ocrx_word' id='word_1_272' title='bbox 273 2069 604 2140; x_wconf 78' lang='grc' dir='ltr'>Διαιρέσεις</span> <span class='ocrx_word' id='word_1_273' title='bbox 659 2068 716 2120; x_wconf 75' lang='grc' dir='ltr'>δὲ</span> <span class='ocrx_word' id='word_1_274' title='bbox 763 2068 1120 2139; x_wconf 81' lang='grc' dir='ltr'>χαρισμάτων</span> <span class='ocrx_word' id='word_1_275' title='bbox 1165 2068 1308 2133; x_wconf 73' lang='grc' dir='ltr'>εἰσὶ,</span> <span class='ocrx_word' id='word_1_276' title='bbox 1344 2067 1404 2122; x_wconf 79' lang='grc' dir='ltr'>τὸ</span> <span class='ocrx_word' id='word_1_277' title='bbox 1434 2067 1478 2122; x_wconf 87' lang='grc' dir='ltr'>δ’</span> <span class='ocrx_word' id='word_1_278' title='bbox 1507 2068 1638 2122; x_wconf 82' lang='grc' dir='ltr'>αὐτὸ</span> 
     </span>
    </p>
   </div>
   <div class='ocr_carea' id='block_1_37' title="bbox 23 2159 1638 2232">
    <p class='ocr_par' dir='ltr' id='par_1_37' title="bbox 23 2159 1638 2232">
     <span class='ocr_line' id='line_1_37' title="bbox 23 2159 1638 2232; baseline 0.001 -22"><span class='ocrx_word' id='word_1_279' title='bbox 23 2159 250 2230; x_wconf 64' lang='grc' dir='ltr'>Πνεῦμα</span> <span class='ocrx_word' id='word_1_280' title='bbox 271 2177 287 2189; x_wconf 91' lang='grc'><strong>·</strong></span> <span class='ocrx_word' id='word_1_281' title='bbox 319 2163 429 2213; x_wconf 82' lang='grc' dir='ltr'><strong>καὶ</strong></span> <span class='ocrx_word' id='word_1_282' title='bbox 461 2159 758 2232; x_wconf 78' lang='grc' dir='ltr'>διαιρέσεις</span> <span class='ocrx_word' id='word_1_283' title='bbox 803 2159 1086 2213; x_wconf 84' lang='grc' dir='ltr'>διακονιῶν</span> <span class='ocrx_word' id='word_1_284' title='bbox 1120 2159 1248 2224; x_wconf 80' lang='grc' dir='ltr'>εἰσι,</span> <span class='ocrx_word' id='word_1_285' title='bbox 1295 2161 1390 2214; x_wconf 71' lang='grc' dir='ltr'><strong>κα)⁹</strong></span> <span class='ocrx_word' id='word_1_286' title='bbox 1419 2163 1446 2214; x_wconf 88' lang='grc' dir='ltr'><strong>ό</strong></span> <span class='ocrx_word' id='word_1_287' title='bbox 1478 2159 1638 2224; x_wconf 82' lang='grc' dir='ltr'>αὐτὸς</span> 
     </span>
    </p>
   </div>
   <div class='ocr_carea' id='block_1_38' title="bbox 23 2251 1638 2325">
    <p class='ocr_par' dir='ltr' id='par_1_38' title="bbox 23 2251 1638 2325">
     <span class='ocr_line' id='line_1_38' title="bbox 23 2251 1638 2325; baseline 0.002 -19"><span class='ocrx_word' id='word_1_288' title='bbox 23 2254 229 2325; x_wconf 72' lang='grc' dir='ltr'>Κύριος</span> <span class='ocrx_word' id='word_1_289' title='bbox 249 2271 266 2284; x_wconf 77' lang='grc' dir='ltr'><strong>ο</strong></span> <span class='ocrx_word' id='word_1_290' title='bbox 303 2255 413 2307; x_wconf 71' lang='grc' dir='ltr'>καὶ</span> <span class='ocrx_word' id='word_1_291' title='bbox 447 2251 753 2324; x_wconf 82' lang='grc' dir='ltr'>διαιρέσεις</span> <span class='ocrx_word' id='word_1_292' title='bbox 774 2253 1164 2325; x_wconf 79' lang='grc' dir='ltr'>ἐνεργημάτων</span> <span class='ocrx_word' id='word_1_293' title='bbox 1195 2254 1321 2318; x_wconf 69' lang='grc' dir='ltr'>εἰσὶ,</span> <span class='ocrx_word' id='word_1_294' title='bbox 1364 2254 1458 2309; x_wconf 75' lang='grc' dir='ltr'>καὶ</span> <span class='ocrx_word' id='word_1_295' title='bbox 1485 2255 1513 2307; x_wconf 85' lang='grc' dir='ltr'><strong>ό</strong></span> <span class='ocrx_word' id='word_1_296' title='bbox 1541 2255 1638 2309; x_wconf 83' lang='grc' dir='ltr'>αὐ-</span> 
     </span>
    </p>
   </div>
   <div class='ocr_carea' id='block_1_39' title="bbox 25 2345 1638 2421">
    <p class='ocr_par' dir='ltr' id='par_1_39' title="bbox 25 2345 1638 2421">
     <span class='ocr_line' id='line_1_39' title="bbox 25 2345 1638 2421; baseline 0.005 -25"><span class='ocrx_word' id='word_1_297' title='bbox 25 2347 109 2408; x_wconf 67' lang='grc' dir='ltr'>τὲνς</span> <span class='ocrx_word' id='word_1_298' title='bbox 139 2348 264 2398; x_wconf 72' lang='grc' dir='ltr'>ἐστι</span> <span class='ocrx_word' id='word_1_299' title='bbox 300 2346 473 2410; x_wconf 67' lang='grc' dir='ltr'>θεὸς,</span> <span class='ocrx_word' id='word_1_300' title='bbox 510 2347 541 2398; x_wconf 89' lang='grc' dir='ltr'><strong>ό</strong></span> <span class='ocrx_word' id='word_1_301' title='bbox 566 2345 803 2418; x_wconf 80' lang='grc' dir='ltr'>ἐνεργῶν</span> <span class='ocrx_word' id='word_1_302' title='bbox 827 2345 898 2399; x_wconf 83' lang='grc' dir='ltr'>τὰ</span> <span class='ocrx_word' id='word_1_303' title='bbox 923 2346 1100 2401; x_wconf 85' lang='grc' dir='ltr'>πάντα</span> <span class='ocrx_word' id='word_1_304' title='bbox 1129 2349 1186 2400; x_wconf 83' lang='grc' dir='ltr'>ὲν</span> <span class='ocrx_word' id='word_1_305' title='bbox 1215 2347 1400 2402; x_wconf 80' lang='grc' dir='ltr'>πᾶσιν.</span> <span class='ocrx_word' id='word_1_306' title='bbox 1434 2367 1451 2399; x_wconf 76' lang='grc' dir='ltr'><strong>ι</strong></span> <span class='ocrx_word' id='word_1_307' title='bbox 1484 2349 1638 2421; x_wconf 85' lang='grc' dir='ltr'>Ἔχει</span> 
     </span>
    </p>
   </div>
   <div class='ocr_carea' id='block_1_40' title="bbox 26 2438 1641 2511">
    <p class='ocr_par' dir='ltr' id='par_1_40' title="bbox 26 2438 1641 2511">
     <span class='ocr_line' id='line_1_40' title="bbox 26 2438 1641 2511; baseline 0.004 -21"><span class='ocrx_word' id='word_1_308' title='bbox 26 2440 75 2490; x_wconf 75' lang='grc' dir='ltr'>δὲ</span> <span class='ocrx_word' id='word_1_309' title='bbox 113 2439 491 2509; x_wconf 76' lang='grc' dir='ltr'>ὲπαπόρησιν</span> <span class='ocrx_word' id='word_1_310' title='bbox 519 2439 630 2509; x_wconf 82' lang='grc'><strong>(19)</strong></span> <span class='ocrx_word' id='word_1_311' title='bbox 661 2438 750 2492; x_wconf 84' lang='grc' dir='ltr'><strong>διά</strong></span> <span class='ocrx_word' id='word_1_312' title='bbox 769 2456 829 2492; x_wconf 90' lang='grc' dir='ltr'><strong>τε</strong></span> <span class='ocrx_word' id='word_1_313' title='bbox 859 2439 920 2492; x_wconf 92' lang='grc' dir='ltr'><strong>τό</strong></span> <span class='ocrx_word' id='word_1_314' title='bbox 939 2459 952 2474; x_wconf 84' lang='grc' dir='ltr'><strong>ο</strong></span> <span class='ocrx_word' id='word_1_315' title='bbox 980 2458 999 2490; x_wconf 76' lang='grc' dir='ltr'><strong>ι</strong></span> <span class='ocrx_word' id='word_1_316' title='bbox 1037 2440 1223 2494; x_wconf 79' lang='grc' dir='ltr'>Πάντα</span> <span class='ocrx_word' id='word_1_317' title='bbox 1245 2439 1311 2492; x_wconf 85' lang='grc' dir='ltr'>δι’</span> <span class='ocrx_word' id='word_1_318' title='bbox 1335 2439 1499 2494; x_wconf 79' lang='grc' dir='ltr'>αὑτοῦ</span> <span class='ocrx_word' id='word_1_319' title='bbox 1517 2443 1641 2511; x_wconf 82' lang='grc' dir='ltr'>ἐγέ-</span> 
     </span>
    </p>
   </div>
   <div class='ocr_carea' id='block_1_41' title="bbox 28 2526 1637 2602">
    <p class='ocr_par' dir='ltr' id='par_1_41' title="bbox 28 2526 1637 2602">
     <span class='ocr_line' id='line_1_41' title="bbox 28 2526 1637 2602; baseline 0.005 -23"><span class='ocrx_word' id='word_1_320' title='bbox 28 2546 162 2592; x_wconf 68' lang='grc' dir='ltr'>νετο,</span> <span class='ocrx_word' id='word_1_321' title='bbox 192 2550 213 2579; x_wconf 85' lang='grc'>›</span> <span class='ocrx_word' id='word_1_322' title='bbox 240 2529 346 2581; x_wconf 74' lang='grc' dir='ltr'><strong>καὶ</strong></span> <span class='ocrx_word' id='word_1_323' title='bbox 366 2526 696 2583; x_wconf 81' lang='grc' dir='ltr'>ἀκολουθεῖν</span> <span class='ocrx_word' id='word_1_324' title='bbox 713 2530 773 2582; x_wconf 80' lang='grc' dir='ltr'><strong>τὸ</strong></span> <span class='ocrx_word' id='word_1_325' title='bbox 796 2529 1043 2601; x_wconf 85' lang='grc' dir='ltr'>Πνεῦμα,</span> <span class='ocrx_word' id='word_1_326' title='bbox 1077 2532 1304 2602; x_wconf 84' lang='grc' dir='ltr'>γενητὸν</span> <span class='ocrx_word' id='word_1_327' title='bbox 1329 2531 1408 2598; x_wconf 81' lang='grc' dir='ltr'>ὃν,</span> <span class='ocrx_word' id='word_1_328' title='bbox 1431 2531 1520 2586; x_wconf 84' lang='grc' dir='ltr'>διὰ</span> <span class='ocrx_word' id='word_1_329' title='bbox 1544 2533 1637 2587; x_wconf 88' lang='grc' dir='ltr'><strong>τοῦ</strong></span> 
     </span>
    </p>
   </div>
   <div class='ocr_carea' id='block_1_42' title="bbox 25 2618 1636 2695">
    <p class='ocr_par' dir='ltr' id='par_1_42' title="bbox 25 2618 1636 2695">
     <span class='ocr_line' id='line_1_42' title="bbox 25 2618 1636 2695; baseline 0.003 -24"><span class='ocrx_word' id='word_1_330' title='bbox 25 2621 194 2688; x_wconf 72' lang='grc' dir='ltr'>Λόγου</span> <span class='ocrx_word' id='word_1_331' title='bbox 225 2619 559 2688; x_wconf 84' lang='grc' dir='ltr'>γεγονέναι,</span> <span class='ocrx_word' id='word_1_332' title='bbox 588 2618 706 2685; x_wconf 90' lang='grc' dir='ltr'><strong>πῶς</strong></span> <span class='ocrx_word' id='word_1_333' title='bbox 729 2621 890 2674; x_wconf 76' lang='grc' dir='ltr'>οἱονεὶ</span> <span class='ocrx_word' id='word_1_334' title='bbox 911 2623 1244 2692; x_wconf 78' lang='grc' dir='ltr'>προτιμᾶται</span> <span class='ocrx_word' id='word_1_335' title='bbox 1274 2622 1368 2676; x_wconf 90' lang='grc' dir='ltr'><strong>τοῦ</strong></span> <span class='ocrx_word' id='word_1_336' title='bbox 1398 2621 1636 2695; x_wconf 89' lang='grc' dir='ltr'>Χριστοῦ</span> 
     </span>
    </p>
   </div>
   <div class='ocr_carea' id='block_1_43' title="bbox 27 2711 1639 2786">
    <p class='ocr_par' dir='ltr' id='par_1_43' title="bbox 27 2711 1639 2786">
     <span class='ocr_line' id='line_1_43' title="bbox 27 2711 1639 2786; baseline 0.004 -22"><span class='ocrx_word' id='word_1_337' title='bbox 27 2714 77 2764; x_wconf 66' lang='grc' dir='ltr'>ἓν</span> <span class='ocrx_word' id='word_1_338' title='bbox 114 2728 223 2764; x_wconf 77' lang='grc' dir='ltr'>τισι</span> <span class='ocrx_word' id='word_1_339' title='bbox 287 2712 578 2785; x_wconf 72' lang='grc' dir='ltr'>Γραφαῖς,</span> <span class='ocrx_word' id='word_1_340' title='bbox 627 2713 685 2765; x_wconf 84' lang='grc' dir='ltr'><strong>ἐν</strong></span> <span class='ocrx_word' id='word_1_341' title='bbox 745 2711 844 2783; x_wconf 84' lang='grc' dir='ltr'><strong>μὲν</strong></span> <span class='ocrx_word' id='word_1_342' title='bbox 889 2713 968 2784; x_wconf 81' lang='grc' dir='ltr'><strong>τῷ</strong></span> <span class='ocrx_word' id='word_1_343' title='bbox 1024 2714 1221 2786; x_wconf 77' lang='grc' dir='ltr'>Ἡσαΐᾳ</span> <span class='ocrx_word' id='word_1_344' title='bbox 1251 2714 1639 2786; x_wconf 83' lang='grc' dir='ltr'>ὁμολογοῦντος</span> 
     </span>
    </p>
   </div>
   <div class='ocr_carea' id='block_1_44' title="bbox 29 2803 1634 2880">
    <p class='ocr_par' dir='ltr' id='par_1_44' title="bbox 29 2803 1634 2880">
     <span class='ocr_line' id='line_1_44' title="bbox 29 2803 1634 2880; baseline 0.004 -24"><span class='ocrx_word' id='word_1_345' title='bbox 29 2805 267 2871; x_wconf 75' lang='grc' dir='ltr'>Χριστοῦ</span> <span class='ocrx_word' id='word_1_346' title='bbox 315 2805 432 2875; x_wconf 73' lang='grc' dir='ltr'><strong>οὐχ</strong></span> <span class='ocrx_word' id='word_1_347' title='bbox 465 2803 574 2857; x_wconf 77' lang='grc' dir='ltr'><strong>ὑπὸ</strong></span> <span class='ocrx_word' id='word_1_348' title='bbox 623 2805 719 2858; x_wconf 89' lang='grc' dir='ltr'><strong>τοῦ</strong></span> <span class='ocrx_word' id='word_1_349' title='bbox 772 2805 986 2877; x_wconf 82' lang='grc' dir='ltr'>Πατρὸς</span> <span class='ocrx_word' id='word_1_350' title='bbox 1041 2806 1380 2862; x_wconf 82' lang='grc' dir='ltr'>ἀπεστάλθαι</span> <span class='ocrx_word' id='word_1_351' title='bbox 1438 2809 1634 2880; x_wconf 89' lang='grc' dir='ltr'>μόνου,</span> 
     </span>
    </p>
   </div>
   <div class='ocr_carea' id='block_1_45' title="bbox 28 2895 1640 2974">
    <p class='ocr_par' dir='ltr' id='par_1_45' title="bbox 28 2895 1640 2974">
     <span class='ocr_line' id='line_1_45' title="bbox 28 2895 1640 2974; baseline 0.004 -25"><span class='ocrx_word' id='word_1_352' title='bbox 181 2899 279 2949; x_wconf 67' lang='grc' dir='ltr'><strong>καὶ</strong></span> <span class='ocrx_word' id='word_1_353' title='bbox 307 2896 433 2950; x_wconf 77' lang='grc' dir='ltr'><strong>ὑπὸ</strong></span> <span class='ocrx_word' id='word_1_354' title='bbox 466 2895 564 2949; x_wconf 92' lang='grc' dir='ltr'><strong>τοῦ</strong></span> <span class='ocrx_word' id='word_1_355' title='bbox 593 2897 750 2965; x_wconf 81' lang='grc' dir='ltr'>ἁγίου</span> <span class='ocrx_word' id='word_1_356' title='bbox 772 2898 1091 2970; x_wconf 82' lang='grc' dir='ltr'>Πνεῦματος·</span> <span class='ocrx_word' id='word_1_357' title='bbox 1131 2899 1285 2974; x_wconf 69' lang='grc' dir='ltr'>(φησι</span> <span class='ocrx_word' id='word_1_358' title='bbox 1321 2902 1448 2973; x_wconf 90' lang='grc' dir='ltr'>γάρ·</span> <span class='ocrx_word' id='word_1_359' title='bbox 1481 2923 1498 2955; x_wconf 80' lang='grc' dir='ltr'><strong>ι</strong></span> <span class='ocrx_word' id='word_1_360' title='bbox 1529 2903 1640 2956; x_wconf 69' lang='grc' dir='ltr'><strong>Καὶ</strong></span> 
     </span>
    </p>
   </div>
   <div class='ocr_carea' id='block_1_46' title="bbox 27 2987 1638 3067">
    <p class='ocr_par' dir='ltr' id='par_1_46' title="bbox 27 2987 1638 3067">
     <span class='ocr_line' id='line_1_46' title="bbox 27 2987 1638 3067; baseline 0.007 -28"><span class='ocrx_word' id='word_1_361' title='bbox 27 2990 113 3041; x_wconf 53' lang='lat' dir='ltr'><strong>vi»</strong></span> <span class='ocrx_word' id='word_1_362' title='bbox 136 2987 359 3063; x_wconf 75' lang='grc' dir='ltr'>Κύριος</span> <span class='ocrx_word' id='word_1_363' title='bbox 382 2987 680 3044; x_wconf 69' lang='grc' dir='ltr'>ἁπέπειλέ</span> <span class='ocrx_word' id='word_1_364' title='bbox 702 3007 790 3062; x_wconf 85' lang='grc' dir='ltr'><strong>με,</strong></span> <span class='ocrx_word' id='word_1_365' title='bbox 807 2991 982 3045; x_wconf 79' lang='grc' dir='ltr'>καὶτὸ</span> <span class='ocrx_word' id='word_1_366' title='bbox 1001 2992 1222 3064; x_wconf 84' lang='grc' dir='ltr'>Πνεῦμα</span> <span class='ocrx_word' id='word_1_367' title='bbox 1242 2995 1406 3048; x_wconf 85' lang='grc' dir='ltr'>αὐτοῦ</span> <span class='ocrx_word' id='word_1_368' title='bbox 1423 2995 1489 3067; x_wconf 79' lang='grc'><strong>›)·</strong></span> <span class='ocrx_word' id='word_1_369' title='bbox 1511 2997 1567 3049; x_wconf 82' lang='grc' dir='ltr'>ὲν</span> <span class='ocrx_word' id='word_1_370' title='bbox 1581 2995 1638 3050; x_wconf 85' lang='grc' dir='ltr'>δὲ</span> 
     </span>
    </p>
   </div>
   <div class='ocr_carea' id='block_1_47' title="bbox 27 3082 1639 3160">
    <p class='ocr_par' dir='ltr' id='par_1_47' title="bbox 27 3082 1639 3160">
     <span class='ocr_line' id='line_1_47' title="bbox 27 3082 1639 3160; baseline 0.015 -37"><span class='ocrx_word' id='word_1_371' title='bbox 27 3082 96 3151; x_wconf 66' lang='grc' dir='ltr'><strong>τῷ</strong></span> <span class='ocrx_word' id='word_1_372' title='bbox 126 3082 478 3153; x_wconf 66' lang='grc' dir='ltr'>Εὐαγγελίῳ</span> <span class='ocrx_word' id='word_1_373' title='bbox 510 3082 704 3151; x_wconf 80' lang='grc' dir='ltr'>ἄφεσιν</span> <span class='ocrx_word' id='word_1_374' title='bbox 740 3084 840 3155; x_wconf 86' lang='grc' dir='ltr'>μὲν</span> <span class='ocrx_word' id='word_1_375' title='bbox 889 3085 1361 3157; x_wconf 77' lang='grc' dir='ltr'>ἐπαγγελλομένου</span> <span class='ocrx_word' id='word_1_376' title='bbox 1414 3089 1506 3141; x_wconf 75' lang='grc' dir='ltr'><strong>ἐπὶ</strong></span> <span class='ocrx_word' id='word_1_377' title='bbox 1535 3088 1639 3160; x_wconf 79' lang='grc' dir='ltr'><strong>τῆς</strong></span> 
     </span>
    </p>
   </div>
   <div class='ocr_carea' id='block_1_48' title="bbox 26 3176 1639 3252">
    <p class='ocr_par' dir='ltr' id='par_1_48' title="bbox 26 3176 1639 3252">
     <span class='ocr_line' id='line_1_48' title="bbox 26 3176 1639 3252; baseline 0.004 -24"><span class='ocrx_word' id='word_1_378' title='bbox 26 3180 96 3240; x_wconf 72' lang='grc' dir='ltr'>εἰς</span> <span class='ocrx_word' id='word_1_379' title='bbox 127 3177 302 3230; x_wconf 73' lang='grc' dir='ltr'>αὖτὸν</span> <span class='ocrx_word' id='word_1_380' title='bbox 334 3176 652 3248; x_wconf 86' lang='grc' dir='ltr'>ἁμαρτίας,</span> <span class='ocrx_word' id='word_1_381' title='bbox 683 3178 1117 3250; x_wconf 73' lang='grc' dir='ltr'>ἀποφαινομένου</span> <span class='ocrx_word' id='word_1_382' title='bbox 1145 3179 1202 3233; x_wconf 79' lang='grc' dir='ltr'>δὲ</span> <span class='ocrx_word' id='word_1_383' title='bbox 1233 3180 1363 3252; x_wconf 72' lang='grc' dir='ltr'>περὶ</span> <span class='ocrx_word' id='word_1_384' title='bbox 1413 3181 1514 3251; x_wconf 80' lang='grc' dir='ltr'>τῆς</span> <span class='ocrx_word' id='word_1_385' title='bbox 1557 3185 1639 3248; x_wconf 76' lang='grc' dir='ltr'>εἰς</span> 
     </span>
    </p>
   </div>
   <div class='ocr_carea' id='block_1_49' title="bbox 27 3271 1635 3346">
    <p class='ocr_par' dir='ltr' id='par_1_49' title="bbox 27 3271 1635 3346">
     <span class='ocr_line' id='line_1_49' title="bbox 27 3271 1635 3346; baseline 0.004 -24"><span class='ocrx_word' id='word_1_386' title='bbox 27 3272 80 3322; x_wconf 66' lang='grc' dir='ltr'>τὲ</span> <span class='ocrx_word' id='word_1_387' title='bbox 109 3271 272 3339; x_wconf 69' lang='grc' dir='ltr'>ἅγιον</span> <span class='ocrx_word' id='word_1_388' title='bbox 311 3271 558 3342; x_wconf 87' lang='grc' dir='ltr'>Πνεῦμα</span> <span class='ocrx_word' id='word_1_389' title='bbox 591 3271 957 3343; x_wconf 74' lang='grc' dir='ltr'>βλασφημίας,</span> <span class='ocrx_word' id='word_1_390' title='bbox 988 3272 1062 3336; x_wconf 88' lang='grc' dir='ltr'>ὼς</span> <span class='ocrx_word' id='word_1_391' title='bbox 1091 3272 1151 3326; x_wconf 80' lang='grc' dir='ltr'><strong>οὐ</strong></span> <span class='ocrx_word' id='word_1_392' title='bbox 1189 3273 1350 3344; x_wconf 89' lang='grc' dir='ltr'>μόνον</span> <span class='ocrx_word' id='word_1_393' title='bbox 1377 3275 1434 3328; x_wconf 85' lang='grc' dir='ltr'>ὲν</span> <span class='ocrx_word' id='word_1_394' title='bbox 1460 3274 1635 3346; x_wconf 84' lang='grc' dir='ltr'>τούτῳ</span> 
     </span>
    </p>
   </div>
   <div class='ocr_carea' id='block_1_50' title="bbox 25 3360 1638 3435">
    <p class='ocr_par' dir='ltr' id='par_1_50' title="bbox 25 3360 1638 3435">
     <span class='ocr_line' id='line_1_50' title="bbox 25 3360 1638 3435; baseline 0.004 -21"><span class='ocrx_word' id='word_1_395' title='bbox 25 3360 98 3431; x_wconf 72' lang='grc' dir='ltr'>τῷ</span> <span class='ocrx_word' id='word_1_396' title='bbox 131 3361 302 3415; x_wconf 74' lang='grc' dir='ltr'>αἰῶνι</span> <span class='ocrx_word' id='word_1_397' title='bbox 360 3362 446 3433; x_wconf 83' lang='grc' dir='ltr'>μὴ</span> <span class='ocrx_word' id='word_1_398' title='bbox 499 3362 768 3434; x_wconf 78' lang='grc' dir='ltr'>ἐσομένης</span> <span class='ocrx_word' id='word_1_399' title='bbox 824 3363 926 3433; x_wconf 78' lang='grc' dir='ltr'><strong>τῆς</strong></span> <span class='ocrx_word' id='word_1_400' title='bbox 973 3363 1221 3432; x_wconf 73' lang='grc' dir='ltr'>ἀφέσεως</span> <span class='ocrx_word' id='word_1_401' title='bbox 1271 3364 1350 3435; x_wconf 83' lang='grc' dir='ltr'>τῷ</span> <span class='ocrx_word' id='word_1_402' title='bbox 1395 3368 1473 3430; x_wconf 72' lang='grc' dir='ltr'>εἰς</span> <span class='ocrx_word' id='word_1_403' title='bbox 1505 3367 1638 3421; x_wconf 81' lang='grc' dir='ltr'>αὐτὸ</span> 
     </span>
    </p>
   </div>
   <div class='ocr_carea' id='block_1_51' title="bbox 27 3453 1638 3531">
    <p class='ocr_par' dir='ltr' id='par_1_51' title="bbox 27 3453 1638 3531">
     <span class='ocr_line' id='line_1_51' title="bbox 27 3453 1638 3531; baseline 0.004 -25"><span class='ocrx_word' id='word_1_404' title='bbox 27 3457 284 3526; x_wconf 48' lang='lat' dir='ltr'><strong>Eua-911w}</strong></span> <span class='ocrx_word' id='word_1_405' title='bbox 297 3471 504 3519; x_wconf 76' lang='grc' dir='ltr'>σαντι,</span> <span class='ocrx_word' id='word_1_406' title='bbox 551 3453 666 3508; x_wconf 78' lang='grc' dir='ltr'>ἀλλ’</span> <span class='ocrx_word' id='word_1_407' title='bbox 691 3454 813 3508; x_wconf 81' lang='grc' dir='ltr'>οὐδὲ</span> <span class='ocrx_word' id='word_1_408' title='bbox 847 3456 906 3508; x_wconf 79' lang='grc' dir='ltr'>ὲν</span> <span class='ocrx_word' id='word_1_409' title='bbox 937 3455 1015 3527; x_wconf 81' lang='grc' dir='ltr'>τῷ</span> <span class='ocrx_word' id='word_1_410' title='bbox 1055 3455 1322 3527; x_wconf 85' lang='grc' dir='ltr'>μέλλοντι.</span> <span class='ocrx_word' id='word_1_411' title='bbox 1369 3459 1480 3512; x_wconf 78' lang='lat' dir='ltr'><strong>Kal.</strong></span> <span class='ocrx_word' id='word_1_412' title='bbox 1531 3460 1638 3531; x_wconf 85' lang='grc' dir='ltr'><strong>μή·</strong></span> 
     </span>
    </p>
   </div>
   <div class='ocr_carea' id='block_1_52' title="bbox 29 3543 1640 3624">
    <p class='ocr_par' dir='ltr' id='par_1_52' title="bbox 29 3543 1640 3624">
     <span class='ocr_line' id='line_1_52' title="bbox 29 3543 1640 3624; baseline 0.004 -23"><span class='ocrx_word' id='word_1_413' title='bbox 29 3565 151 3602; x_wconf 55' lang='grc' dir='ltr'>ποτε</span> <span class='ocrx_word' id='word_1_414' title='bbox 181 3550 246 3602; x_wconf 72' lang='grc' dir='ltr'>οὗ</span> <span class='ocrx_word' id='word_1_415' title='bbox 299 3548 540 3612; x_wconf 80' lang='grc' dir='ltr'>πάντως</span> <span class='ocrx_word' id='word_1_416' title='bbox 582 3547 670 3601; x_wconf 79' lang='grc' dir='ltr'><strong>διὰ</strong></span> <span class='ocrx_word' id='word_1_417' title='bbox 697 3549 758 3601; x_wconf 80' lang='grc' dir='ltr'><strong>τὸ</strong></span> <span class='ocrx_word' id='word_1_418' title='bbox 783 3547 1107 3621; x_wconf 80' lang='grc' dir='ltr'>τιμιώτερον</span> <span class='ocrx_word' id='word_1_419' title='bbox 1143 3543 1281 3603; x_wconf 82' lang='grc' dir='ltr'>εἶναι</span> <span class='ocrx_word' id='word_1_420' title='bbox 1313 3552 1373 3605; x_wconf 86' lang='grc' dir='ltr'>τὸ</span> <span class='ocrx_word' id='word_1_421' title='bbox 1415 3553 1640 3624; x_wconf 87' lang='grc' dir='ltr'>Πνεῦμα</span> 
     </span>
    </p>
   </div>
   <div class='ocr_carea' id='block_1_53' title="bbox 27 3641 1640 3714">
    <p class='ocr_par' dir='ltr' id='par_1_53' title="bbox 27 3641 1640 3714">
     <span class='ocr_line' id='line_1_53' title="bbox 27 3641 1640 3714; baseline 0.005 -24"><span class='ocrx_word' id='word_1_422' title='bbox 27 3643 82 3691; x_wconf 68' lang='grc' dir='ltr'>τὴ</span> <span class='ocrx_word' id='word_1_423' title='bbox 107 3642 268 3709; x_wconf 66' lang='grc' dir='ltr'>ἅγιον</span> <span class='ocrx_word' id='word_1_424' title='bbox 289 3641 400 3695; x_wconf 82' lang='grc' dir='ltr'><strong>τοῦ</strong></span> <span class='ocrx_word' id='word_1_425' title='bbox 441 3641 702 3712; x_wconf 79' lang='grc' dir='ltr'>Χριστοῦ,</span> <span class='ocrx_word' id='word_1_426' title='bbox 738 3643 798 3694; x_wconf 86' lang='grc' dir='ltr'><strong>οὑ</strong></span> <span class='ocrx_word' id='word_1_427' title='bbox 824 3642 1032 3710; x_wconf 81' lang='grc' dir='ltr'>γίνεται</span> <span class='ocrx_word' id='word_1_428' title='bbox 1073 3643 1264 3712; x_wconf 80' lang='grc' dir='ltr'>ἄφεσις</span> <span class='ocrx_word' id='word_1_429' title='bbox 1297 3643 1374 3714; x_wconf 80' lang='grc' dir='ltr'><strong>τῷ</strong></span> <span class='ocrx_word' id='word_1_430' title='bbox 1403 3645 1480 3710; x_wconf 72' lang='grc' dir='ltr'><strong>εἰς</strong></span> <span class='ocrx_word' id='word_1_431' title='bbox 1509 3645 1640 3699; x_wconf 80' lang='grc' dir='ltr'>αὐτὸ</span> 
     </span>
    </p>
   </div>
   <div class='ocr_carea' id='block_1_54' title="bbox 29 3732 1640 3806">
    <p class='ocr_par' dir='ltr' id='par_1_54' title="bbox 29 3732 1640 3806">
     <span class='ocr_line' id='line_1_54' title="bbox 29 3732 1640 3806; baseline 0.001 -20"><span class='ocrx_word' id='word_1_432' title='bbox 29 3733 132 3804; x_wconf 75' lang='grc'><strong>(21))</strong></span> <span class='ocrx_word' id='word_1_433' title='bbox 169 3733 567 3806; x_wconf 68' lang='grc' dir='ltr'>ἡμαρτηκότι,</span> <span class='ocrx_word' id='word_1_434' title='bbox 614 3733 750 3786; x_wconf 84' lang='grc' dir='ltr'><strong>ἀλλά</strong></span> <span class='ocrx_word' id='word_1_435' title='bbox 795 3732 882 3786; x_wconf 89' lang='grc' dir='ltr'><strong>διά</strong></span> <span class='ocrx_word' id='word_1_436' title='bbox 929 3733 990 3786; x_wconf 81' lang='grc' dir='ltr'><strong>τὸ</strong></span> <span class='ocrx_word' id='word_1_437' title='bbox 1033 3733 1268 3806; x_wconf 87' lang='grc' dir='ltr'>Χριστοῦ</span> <span class='ocrx_word' id='word_1_438' title='bbox 1311 3734 1408 3806; x_wconf 78' lang='grc' dir='ltr'>μὲν</span> <span class='ocrx_word' id='word_1_439' title='bbox 1465 3735 1640 3789; x_wconf 89' lang='grc' dir='ltr'>πάντα</span> 
     </span>
    </p>
   </div>
   <div class='ocr_carea' id='block_1_55' title="bbox 35 3819 1642 3898">
    <p class='ocr_par' dir='ltr' id='par_1_55' title="bbox 35 3819 1642 3898">
     <span class='ocr_line' id='line_1_55' title="bbox 35 3819 1642 3898; baseline 0.002 -20"><span class='ocrx_word' id='word_1_440' title='bbox 35 3828 286 3896; x_wconf 77' lang='grc' dir='ltr'>μετέχειν</span> <span class='ocrx_word' id='word_1_441' title='bbox 349 3825 432 3878; x_wconf 77' lang='grc' dir='ltr'>τὰ</span> <span class='ocrx_word' id='word_1_442' title='bbox 476 3824 704 3894; x_wconf 79' lang='grc' dir='ltr'>λογικὰ,</span> <span class='ocrx_word' id='word_1_443' title='bbox 751 3819 833 3890; x_wconf 72' lang='grc' dir='ltr'>οἷς</span> <span class='ocrx_word' id='word_1_444' title='bbox 877 3824 1074 3878; x_wconf 84' lang='grc' dir='ltr'>δίδοται</span> <span class='ocrx_word' id='word_1_445' title='bbox 1123 3827 1418 3898; x_wconf 81' lang='grc' dir='ltr'>συγγνώμη</span> <span class='ocrx_word' id='word_1_446' title='bbox 1476 3845 1642 3898; x_wconf 88' lang='grc' dir='ltr'>μετα-</span> 
     </span>
    </p>
   </div>
   <div class='ocr_carea' id='block_1_56' title="bbox 29 3915 1638 3988">
    <p class='ocr_par' dir='ltr' id='par_1_56' title="bbox 29 3915 1638 3988">
     <span class='ocr_line' id='line_1_56' title="bbox 29 3915 1638 3988; baseline 0.004 -21"><span class='ocrx_word' id='word_1_447' title='bbox 29 3917 400 3988; x_wconf 66' lang='grc' dir='ltr'>ϐαλλομένοις</span> <span class='ocrx_word' id='word_1_448' title='bbox 457 3915 570 3968; x_wconf 71' lang='grc' dir='ltr'>ἀπὸ</span> <span class='ocrx_word' id='word_1_449' title='bbox 609 3915 716 3969; x_wconf 89' lang='grc' dir='ltr'><strong>τῶν</strong></span> <span class='ocrx_word' id='word_1_450' title='bbox 760 3917 1198 3987; x_wconf 86' lang='grc' dir='ltr'>ἁμαρτημάτων,</span> <span class='ocrx_word' id='word_1_451' title='bbox 1245 3917 1340 3971; x_wconf 90' lang='grc' dir='ltr'><strong>τοῦ</strong></span> <span class='ocrx_word' id='word_1_452' title='bbox 1391 3919 1448 3972; x_wconf 84' lang='grc' dir='ltr'>δὲ</span> <span class='ocrx_word' id='word_1_453' title='bbox 1482 3919 1638 3988; x_wconf 83' lang='grc' dir='ltr'>ἀγίου</span> 
     </span>
    </p>
   </div>
   <div class='ocr_carea' id='block_1_57' title="bbox 32 4007 1641 4082">
    <p class='ocr_par' dir='ltr' id='par_1_57' title="bbox 32 4007 1641 4082">
     <span class='ocr_line' id='line_1_57' title="bbox 32 4007 1641 4082; baseline 0.004 -22"><span class='ocrx_word' id='word_1_454' title='bbox 32 4009 363 4080; x_wconf 63' lang='grc' dir='ltr'>Πνεῦματος</span> <span class='ocrx_word' id='word_1_455' title='bbox 415 4008 544 4072; x_wconf 79' lang='grc' dir='ltr'>τοὺς,</span> <span class='ocrx_word' id='word_1_456' title='bbox 586 4007 1046 4080; x_wconf 62' lang='grc' dir='ltr'>κατηξιωμένους,</span> <span class='ocrx_word' id='word_1_457' title='bbox 1111 4009 1380 4082; x_wconf 82' lang='grc' dir='ltr'>μηδεμιᾶς</span> <span class='ocrx_word' id='word_1_458' title='bbox 1421 4009 1641 4081; x_wconf 76' lang='grc' dir='ltr'>εὔλογον</span> 
     </span>
    </p>
   </div>
   <div class='ocr_carea' id='block_1_58' title="bbox 33 4097 1640 4176">
    <p class='ocr_par' dir='ltr' id='par_1_58' title="bbox 33 4097 1640 4176">
     <span class='ocr_line' id='line_1_58' title="bbox 33 4097 1640 4176; baseline 0.006 -25"><span class='ocrx_word' id='word_1_459' title='bbox 33 4097 162 4155; x_wconf 74' lang='grc' dir='ltr'>εἶναι</span> <span class='ocrx_word' id='word_1_460' title='bbox 206 4101 569 4172; x_wconf 80' lang='grc' dir='ltr'>συγγνώμης</span> <span class='ocrx_word' id='word_1_461' title='bbox 592 4105 774 4173; x_wconf 84' lang='grc' dir='ltr'>τυχεῖν</span> <span class='ocrx_word' id='word_1_462' title='bbox 805 4101 941 4173; x_wconf 78' lang='grc' dir='ltr'>μετὰ</span> <span class='ocrx_word' id='word_1_463' title='bbox 978 4102 1311 4176; x_wconf 79' lang='grc' dir='ltr'>τηλικαύτης</span> <span class='ocrx_word' id='word_1_464' title='bbox 1339 4105 1433 4159; x_wconf 71' lang='grc' dir='ltr'><strong>καὶ</strong></span> <span class='ocrx_word' id='word_1_465' title='bbox 1457 4106 1640 4161; x_wconf 84' lang='grc' dir='ltr'>τοιαύ-</span> 
     </span>
    </p>
   </div>
   <div class='ocr_carea' id='block_1_59' title="bbox 35 4193 1640 4266">
    <p class='ocr_par' dir='ltr' id='par_1_59' title="bbox 35 4193 1640 4266">
     <span class='ocr_line' id='line_1_59' title="bbox 35 4193 1640 4266; baseline 0.005 -21"><span class='ocrx_word' id='word_1_466' title='bbox 35 4213 123 4264; x_wconf 80' lang='grc' dir='ltr'><strong>της</strong></span> <span class='ocrx_word' id='word_1_467' title='bbox 165 4193 503 4266; x_wconf 72' lang='grc' dir='ltr'>συμπνοίας</span> <span class='ocrx_word' id='word_1_468' title='bbox 543 4197 657 4258; x_wconf 87' lang='grc' dir='ltr'>τοῖς</span> <span class='ocrx_word' id='word_1_469' title='bbox 697 4196 777 4259; x_wconf 89' lang='grc' dir='ltr'>εἰς</span> <span class='ocrx_word' id='word_1_470' title='bbox 821 4193 882 4248; x_wconf 82' lang='grc' dir='ltr'><strong>τὸ</strong></span> <span class='ocrx_word' id='word_1_471' title='bbox 930 4196 1100 4249; x_wconf 76' lang='grc' dir='ltr'>κακὸν</span> <span class='ocrx_word' id='word_1_472' title='bbox 1142 4195 1221 4250; x_wconf 75' lang='grc' dir='ltr'>ἔτι</span> <span class='ocrx_word' id='word_1_473' title='bbox 1273 4197 1640 4254; x_wconf 74' lang='grc' dir='ltr'>ἀποπίπτουσι</span> 
     </span>
    </p>
   </div>
   <div class='ocr_carea' id='block_1_60' title="bbox 37 4284 1641 4359">
    <p class='ocr_par' dir='ltr' id='par_1_60' title="bbox 37 4284 1641 4359">
     <span class='ocr_line' id='line_1_60' title="bbox 37 4284 1641 4359; baseline 0.003 -22"><span class='ocrx_word' id='word_1_474' title='bbox 37 4288 120 4337; x_wconf 73' lang='grc' dir='ltr'><strong>καὶ</strong></span> <span class='ocrx_word' id='word_1_475' title='bbox 145 4284 607 4357; x_wconf 80' lang='grc' dir='ltr'>έκτρεπομένοις</span> <span class='ocrx_word' id='word_1_476' title='bbox 637 4284 748 4357; x_wconf 74' lang='grc'><strong>(21)</strong></span> <span class='ocrx_word' id='word_1_477' title='bbox 785 4284 884 4350; x_wconf 78' lang='grc' dir='ltr'>τὰς</span> <span class='ocrx_word' id='word_1_478' title='bbox 917 4285 1010 4339; x_wconf 89' lang='grc' dir='ltr'><strong>τοῦ</strong></span> <span class='ocrx_word' id='word_1_479' title='bbox 1037 4287 1436 4359; x_wconf 74' lang='grc' dir='ltr'>ἐνυπάρχοντος</span> <span class='ocrx_word' id='word_1_480' title='bbox 1469 4289 1641 4342; x_wconf 80' lang='grc' dir='ltr'>Πνεῦ-</span> 
     </span>
    </p>
   </div>
   <div class='ocr_carea' id='block_1_61' title="bbox 38 4377 1642 4454">
    <p class='ocr_par' dir='ltr' id='par_1_61' title="bbox 38 4377 1642 4454">
     <span class='ocr_line' id='line_1_61' title="bbox 38 4377 1642 4454; baseline 0.002 -22"><span class='ocrx_word' id='word_1_481' title='bbox 38 4397 197 4448; x_wconf 74' lang='grc' dir='ltr'>ματος</span> <span class='ocrx_word' id='word_1_482' title='bbox 249 4377 626 4449; x_wconf 79' lang='grc' dir='ltr'>συμϐουλίας.</span> <span class='ocrx_word' id='word_1_483' title='bbox 681 4379 745 4432; x_wconf 76' lang='grc' dir='ltr'><strong>Εἰ</strong></span> <span class='ocrx_word' id='word_1_484' title='bbox 793 4377 850 4432; x_wconf 81' lang='grc' dir='ltr'>δὲ</span> <span class='ocrx_word' id='word_1_485' title='bbox 897 4379 1038 4433; x_wconf 79' lang='grc' dir='ltr'>κατὰ</span> <span class='ocrx_word' id='word_1_486' title='bbox 1078 4379 1170 4433; x_wconf 82' lang='grc' dir='ltr'><strong>τὸν</strong></span> <span class='ocrx_word' id='word_1_487' title='bbox 1212 4380 1441 4436; x_wconf 73' lang='grc' dir='ltr'>Ἡσαΐαν</span> <span class='ocrx_word' id='word_1_488' title='bbox 1478 4383 1642 4454; x_wconf 68' lang='grc' dir='ltr'>φησιν</span> 
     </span>
    </p>
   </div>
   <div class='ocr_carea' id='block_1_62' title="bbox 33 4469 1642 4544">
    <p class='ocr_par' dir='ltr' id='par_1_62' title="bbox 33 4469 1642 4544">
     <span class='ocr_line' id='line_1_62' title="bbox 33 4469 1642 4544; baseline 0.004 -21"><span class='ocrx_word' id='word_1_489' title='bbox 33 4475 58 4523; x_wconf 76' lang='grc' dir='ltr'>ὁ</span> <span class='ocrx_word' id='word_1_490' title='bbox 104 4473 324 4544; x_wconf 79' lang='grc' dir='ltr'>Κύριος</span> <span class='ocrx_word' id='word_1_491' title='bbox 380 4470 549 4542; x_wconf 78' lang='grc' dir='ltr'>ἡμῶν</span> <span class='ocrx_word' id='word_1_492' title='bbox 588 4470 696 4524; x_wconf 76' lang='grc' dir='ltr'><strong>ὑπὸ</strong></span> <span class='ocrx_word' id='word_1_493' title='bbox 741 4469 836 4524; x_wconf 83' lang='grc' dir='ltr'><strong>τοῦ</strong></span> <span class='ocrx_word' id='word_1_494' title='bbox 885 4472 1103 4543; x_wconf 81' lang='grc' dir='ltr'>Πατρὺς</span> <span class='ocrx_word' id='word_1_495' title='bbox 1161 4473 1498 4528; x_wconf 81' lang='grc' dir='ltr'>ἀπεστάλθαι</span> <span class='ocrx_word' id='word_1_496' title='bbox 1546 4475 1642 4529; x_wconf 74' lang='grc' dir='ltr'><strong>καὶ</strong></span> 
     </span>
    </p>
   </div>
   <div class='ocr_carea' id='block_1_63' title="bbox 35 4563 1643 4641">
    <p class='ocr_par' dir='ltr' id='par_1_63' title="bbox 35 4563 1643 4641">
     <span class='ocr_line' id='line_1_63' title="bbox 35 4563 1643 4641; baseline 0.004 -25"><span class='ocrx_word' id='word_1_497' title='bbox 35 4565 118 4617; x_wconf 78' lang='grc' dir='ltr'><strong>τοῦ</strong></span> <span class='ocrx_word' id='word_1_498' title='bbox 178 4565 532 4635; x_wconf 81' lang='grc' dir='ltr'>Πνεύματος</span> <span class='ocrx_word' id='word_1_499' title='bbox 575 4563 741 4618; x_wconf 84' lang='grc' dir='ltr'>αὐτοῦ</span> <span class='ocrx_word' id='word_1_500' title='bbox 769 4605 784 4629; x_wconf 94' lang='grc'><strong>,</strong></span> <span class='ocrx_word' id='word_1_501' title='bbox 855 4564 970 4619; x_wconf 75' lang='grc' dir='ltr'>ἐστι</span> <span class='ocrx_word' id='word_1_502' title='bbox 1034 4565 1130 4620; x_wconf 76' lang='grc' dir='ltr'><strong>καὶ</strong></span> <span class='ocrx_word' id='word_1_503' title='bbox 1200 4565 1435 4621; x_wconf 77' lang='grc' dir='ltr'>ἐνταῦθα</span> <span class='ocrx_word' id='word_1_504' title='bbox 1514 4569 1643 4641; x_wconf 75' lang='grc' dir='ltr'>περὶ</span> 
     </span>
    </p>
   </div>
   <div class='ocr_carea' id='block_1_64' title="bbox 1741 2061 3317 2137">
    <p class='ocr_par' dir='ltr' id='par_1_64' title="bbox 1741 2061 3317 2137">
     <span class='ocr_line' id='line_1_64' title="bbox 1741 2061 3317 2137; baseline 0.004 -21"><span class='ocrx_word' id='word_1_505' title='bbox 1741 2061 1862 2116; x_wconf 88' lang='lat' dir='ltr'><strong>dem</strong></span> <span class='ocrx_word' id='word_1_506' title='bbox 1909 2071 1967 2115; x_wconf 91' lang='lat' dir='ltr'><strong>ut</strong></span> <span class='ocrx_word' id='word_1_507' title='bbox 1997 2063 2068 2115; x_wconf 90' lang='lat' dir='ltr'><strong>ita</strong></span> <span class='ocrx_word' id='word_1_508' title='bbox 2101 2076 2222 2116; x_wconf 91' lang='lat' dir='ltr'><strong>esse</strong></span> <span class='ocrx_word' id='word_1_509' title='bbox 2252 2071 2455 2131; x_wconf 88' lang='lat' dir='ltr'><strong>putem,</strong></span> <span class='ocrx_word' id='word_1_510' title='bbox 2505 2064 2635 2118; x_wconf 87' lang='lat' dir='ltr'><strong>facit</strong></span> <span class='ocrx_word' id='word_1_511' title='bbox 2664 2065 2862 2120; x_wconf 87' lang='lat' dir='ltr'><strong>Paulus</strong></span> <span class='ocrx_word' id='word_1_512' title='bbox 2893 2106 2908 2130; x_wconf 93' lang='lat'><strong>,</strong></span> <span class='ocrx_word' id='word_1_513' title='bbox 2943 2066 3034 2136; x_wconf 90' lang='lat' dir='ltr'><strong>qui</strong></span> <span class='ocrx_word' id='word_1_514' title='bbox 3083 2069 3317 2137; x_wconf 83' lang='lat' dir='ltr'><strong>quodam</strong></span> 
     </span>
    </p>
   </div>
   <div class='ocr_carea' id='block_1_65' title="bbox 1741 2150 3321 2222">
    <p class='ocr_par' dir='ltr' id='par_1_65' title="bbox 1741 2150 3321 2222">
     <span class='ocr_line' id='line_1_65' title="bbox 1741 2150 3321 2222; baseline 0.006 -18"><span class='ocrx_word' id='word_1_515' title='bbox 1741 2150 1865 2206; x_wconf 93' lang='lat' dir='ltr'><strong>loco</strong></span> <span class='ocrx_word' id='word_1_516' title='bbox 1893 2151 1914 2182; x_wconf 85' lang='grc'>³</span> <span class='ocrx_word' id='word_1_517' title='bbox 1947 2151 2228 2222; x_wconf 76' lang='lat' dir='ltr'><strong>de-gratiis</strong></span> <span class='ocrx_word' id='word_1_518' title='bbox 2257 2155 2560 2222; x_wconf 49' lang='lat' dir='ltr'><strong>scribiqhis</strong></span> <span class='ocrx_word' id='word_1_519' title='bbox 2589 2157 2807 2212; x_wconf 81' lang='lat' dir='ltr'><strong>verbis:</strong></span> <span class='ocrx_word' id='word_1_520' title='bbox 2841 2175 2859 2209; x_wconf 82' lang='grc' dir='ltr'><strong>ι</strong></span> <span class='ocrx_word' id='word_1_521' title='bbox 2891 2157 3198 2216; x_wconf 85' lang='lat' dir='ltr'><strong>Divisiones</strong></span> <span class='ocrx_word' id='word_1_522' title='bbox 3220 2175 3321 2214; x_wconf 92' lang='lat' dir='ltr'><strong>au-</strong></span> 
     </span>
    </p>
   </div>
   <div class='ocr_carea' id='block_1_66' title="bbox 1744 2242 3323 2317">
    <p class='ocr_par' dir='ltr' id='par_1_66' title="bbox 1744 2242 3323 2317">
     <span class='ocr_line' id='line_1_66' title="bbox 1744 2242 3323 2317; baseline 0.005 -21"><span class='ocrx_word' id='word_1_523' title='bbox 1744 2250 1848 2296; x_wconf 91' lang='lat' dir='ltr'><strong>tem</strong></span> <span class='ocrx_word' id='word_1_524' title='bbox 1875 2242 2171 2312; x_wconf 77' lang='lat' dir='ltr'><strong>gratiarum</strong></span> <span class='ocrx_word' id='word_1_525' title='bbox 2210 2251 2361 2308; x_wconf 90' lang='lat' dir='ltr'><strong>sunt,</strong></span> <span class='ocrx_word' id='word_1_526' title='bbox 2395 2245 2535 2300; x_wconf 91' lang='lat' dir='ltr'><strong>idem</strong></span> <span class='ocrx_word' id='word_1_527' title='bbox 2571 2256 2754 2301; x_wconf 86' lang='lat' dir='ltr'><strong>autem</strong></span> <span class='ocrx_word' id='word_1_528' title='bbox 2788 2246 3065 2317; x_wconf 86' lang='lat' dir='ltr'><strong>Spiritus:</strong></span> <span class='ocrx_word' id='word_1_529' title='bbox 3102 2257 3157 2304; x_wconf 92' lang='lat' dir='ltr'><strong>et</strong></span> <span class='ocrx_word' id='word_1_530' title='bbox 3179 2249 3323 2304; x_wconf 82' lang='lat' dir='ltr'><strong>divi-</strong></span> 
     </span>
    </p>
   </div>
   <div class='ocr_carea' id='block_1_67' title="bbox 1740 2337 3320 2410">
    <p class='ocr_par' dir='ltr' id='par_1_67' title="bbox 1740 2337 3320 2410">
     <span class='ocr_line' id='line_1_67' title="bbox 1740 2337 3320 2410; baseline 0.003 -19"><span class='ocrx_word' id='word_1_531' title='bbox 1740 2337 1925 2393; x_wconf 84' lang='lat' dir='ltr'><strong>siones</strong></span> <span class='ocrx_word' id='word_1_532' title='bbox 1954 2337 2414 2394; x_wconf 88' lang='lat' dir='ltr'><strong>ministrationum</strong></span> <span class='ocrx_word' id='word_1_533' title='bbox 2446 2349 2594 2407; x_wconf 91' lang='lat' dir='ltr'><strong>sunt,</strong></span> <span class='ocrx_word' id='word_1_534' title='bbox 2628 2341 2771 2396; x_wconf 90' lang='lat' dir='ltr'><strong>idem</strong></span> <span class='ocrx_word' id='word_1_535' title='bbox 2808 2353 2986 2397; x_wconf 89' lang='lat' dir='ltr'><strong>autem</strong></span> <span class='ocrx_word' id='word_1_536' title='bbox 3027 2343 3320 2410; x_wconf 86' lang='lat' dir='ltr'><strong>Dominus;</strong></span> 
     </span>
    </p>
   </div>
   <div class='ocr_carea' id='block_1_68' title="bbox 1741 2429 3318 2502">
    <p class='ocr_par' dir='ltr' id='par_1_68' title="bbox 1741 2429 3318 2502">
     <span class='ocr_line' id='line_1_68' title="bbox 1741 2429 3318 2502; baseline 0.003 -18"><span class='ocrx_word' id='word_1_537' title='bbox 1741 2440 1797 2485; x_wconf 89' lang='lat' dir='ltr'><strong>et</strong></span> <span class='ocrx_word' id='word_1_538' title='bbox 1823 2429 2124 2487; x_wconf 86' lang='lat' dir='ltr'><strong>divisiones</strong></span> <span class='ocrx_word' id='word_1_539' title='bbox 2151 2430 2526 2502; x_wconf 87' lang='lat' dir='ltr'><strong>operationum</strong></span> <span class='ocrx_word' id='word_1_540' title='bbox 2560 2441 2716 2500; x_wconf 89' lang='lat' dir='ltr'><strong>sunt,</strong></span> <span class='ocrx_word' id='word_1_541' title='bbox 2756 2433 2895 2488; x_wconf 88' lang='lat' dir='ltr'><strong>idem</strong></span> <span class='ocrx_word' id='word_1_542' title='bbox 2934 2443 3115 2488; x_wconf 89' lang='lat' dir='ltr'><strong>autem</strong></span> <span class='ocrx_word' id='word_1_543' title='bbox 3154 2433 3318 2502; x_wconf 88' lang='lat' dir='ltr'><strong>Deus,</strong></span> 
     </span>
    </p>
   </div>
   <div class='ocr_carea' id='block_1_69' title="bbox 1741 2521 3321 2591">
    <p class='ocr_par' dir='ltr' id='par_1_69' title="bbox 1741 2521 3321 2591">
     <span class='ocr_line' id='line_1_69' title="bbox 1741 2521 3321 2591; baseline 0.008 -17"><span class='ocrx_word' id='word_1_544' title='bbox 1741 2521 1836 2591; x_wconf 90' lang='lat' dir='ltr'><strong>qui</strong></span> <span class='ocrx_word' id='word_1_545' title='bbox 1870 2531 2129 2590; x_wconf 83' lang='lat' dir='ltr'><strong>Operatur</strong></span> <span class='ocrx_word' id='word_1_546' title='bbox 2157 2527 2339 2580; x_wconf 86' lang='lat' dir='ltr'><strong>omnia</strong></span> <span class='ocrx_word' id='word_1_547' title='bbox 2359 2524 2413 2580; x_wconf 90' lang='lat' dir='ltr'><strong>in</strong></span> <span class='ocrx_word' id='word_1_548' title='bbox 2431 2527 2727 2586; x_wconf 67' lang='lat' dir='ltr'><strong>omnibus.»</strong></span> <span class='ocrx_word' id='word_1_549' title='bbox 2749 2525 2923 2580; x_wconf 81' lang='lat' dir='ltr'><strong>Habet</strong></span> <span class='ocrx_word' id='word_1_550' title='bbox 2953 2534 3136 2580; x_wconf 78' lang='lat' dir='ltr'><strong>autem</strong></span> <span class='ocrx_word' id='word_1_551' title='bbox 3154 2525 3321 2580; x_wconf 79' lang='lat' dir='ltr'><strong>dubi-</strong></span> 
     </span>
    </p>
   </div>
   <div class='ocr_carea' id='block_1_70' title="bbox 1743 2615 3323 2687">
    <p class='ocr_par' dir='ltr' id='par_1_70' title="bbox 1743 2615 3323 2687">
     <span class='ocr_line' id='line_1_70' title="bbox 1743 2615 3323 2687; baseline 0.001 -17"><span class='ocrx_word' id='word_1_552' title='bbox 1743 2615 2191 2686; x_wconf 86' lang='lat' dir='ltr'><strong>tationem,quod</strong></span> <span class='ocrx_word' id='word_1_553' title='bbox 2223 2635 2242 2668; x_wconf 80' lang='grc' dir='ltr'><strong>ι</strong></span> <span class='ocrx_word' id='word_1_554' title='bbox 2266 2620 2455 2674; x_wconf 86' lang='lat' dir='ltr'><strong>omnia</strong></span> <span class='ocrx_word' id='word_1_555' title='bbox 2487 2634 2582 2687; x_wconf 90' lang='lat' dir='ltr'><strong>per</strong></span> <span class='ocrx_word' id='word_1_556' title='bbox 2604 2619 2778 2687; x_wconf 89' lang='lat' dir='ltr'><strong>ipsum</strong></span> <span class='ocrx_word' id='word_1_557' title='bbox 2805 2619 2944 2674; x_wconf 88' lang='lat' dir='ltr'><strong>facta</strong></span> <span class='ocrx_word' id='word_1_558' title='bbox 2971 2638 2990 2672; x_wconf 72' lang='grc' dir='ltr'><strong>ι</strong></span> <span class='ocrx_word' id='word_1_559' title='bbox 3019 2622 3150 2686; x_wconf 81' lang='lat' dir='ltr'><strong>sint,</strong></span> <span class='ocrx_word' id='word_1_560' title='bbox 3169 2628 3225 2674; x_wconf 92' lang='lat' dir='ltr'><strong>et</strong></span> <span class='ocrx_word' id='word_1_561' title='bbox 3255 2633 3323 2673; x_wconf 77' lang='lat' dir='ltr'><strong>ex</strong></span> 
     </span>
    </p>
   </div>
   <div class='ocr_carea' id='block_1_71' title="bbox 1740 2708 3320 2780">
    <p class='ocr_par' dir='ltr' id='par_1_71' title="bbox 1740 2708 3320 2780">
     <span class='ocr_line' id='line_1_71' title="bbox 1740 2708 3320 2780; baseline 0 -18"><span class='ocrx_word' id='word_1_562' title='bbox 1740 2722 1808 2762; x_wconf 90' lang='lat' dir='ltr'><strong>eo</strong></span> <span class='ocrx_word' id='word_1_563' title='bbox 1834 2717 2094 2779; x_wconf 84' lang='lat' dir='ltr'><strong>sequatur</strong></span> <span class='ocrx_word' id='word_1_564' title='bbox 2115 2749 2130 2775; x_wconf 94' lang='lat'><strong>,</strong></span> <span class='ocrx_word' id='word_1_565' title='bbox 2163 2719 2220 2764; x_wconf 92' lang='lat' dir='ltr'><strong>ut</strong></span> <span class='ocrx_word' id='word_1_566' title='bbox 2249 2709 2485 2780; x_wconf 88' lang='lat' dir='ltr'><strong>Spiritus</strong></span> <span class='ocrx_word' id='word_1_567' title='bbox 2517 2720 2760 2774; x_wconf 87' lang='lat' dir='ltr'><strong>sanctus,</strong></span> <span class='ocrx_word' id='word_1_568' title='bbox 2794 2710 2884 2779; x_wconf 87' lang='lat' dir='ltr'><strong>qui</strong></span> <span class='ocrx_word' id='word_1_569' title='bbox 2915 2708 3088 2764; x_wconf 79' lang='lat' dir='ltr'><strong>factus</strong></span> <span class='ocrx_word' id='word_1_570' title='bbox 3115 2719 3216 2776; x_wconf 87' lang='lat' dir='ltr'><strong>est,</strong></span> <span class='ocrx_word' id='word_1_571' title='bbox 3252 2709 3320 2763; x_wconf 89' lang='lat' dir='ltr'><strong>ab</strong></span> 
     </span>
    </p>
   </div>
   <div class='ocr_carea' id='block_1_72' title="bbox 1742 2801 3322 2874">
    <p class='ocr_par' dir='ltr' id='par_1_72' title="bbox 1742 2801 3322 2874">
     <span class='ocr_line' id='line_1_72' title="bbox 1742 2801 3322 2874; baseline 0.001 -18"><span class='ocrx_word' id='word_1_572' title='bbox 1742 2801 1860 2870; x_wconf 91' lang='lat' dir='ltr'><strong>ipso</strong></span> <span class='ocrx_word' id='word_1_573' title='bbox 1916 2801 2094 2858; x_wconf 86' lang='lat' dir='ltr'><strong>factus</strong></span> <span class='ocrx_word' id='word_1_574' title='bbox 2125 2804 2196 2859; x_wconf 89' lang='lat' dir='ltr'><strong>sit</strong></span> <span class='ocrx_word' id='word_1_575' title='bbox 2236 2821 2250 2858; x_wconf 92' lang='lat'><strong>:</strong></span> <span class='ocrx_word' id='word_1_576' title='bbox 2293 2805 2565 2873; x_wconf 87' lang='lat' dir='ltr'><strong>quomodo</strong></span> <span class='ocrx_word' id='word_1_577' title='bbox 2615 2803 2835 2859; x_wconf 81' lang='lat' dir='ltr'><strong>Christo</strong></span> <span class='ocrx_word' id='word_1_578' title='bbox 2889 2803 2944 2858; x_wconf 92' lang='lat' dir='ltr'><strong>in</strong></span> <span class='ocrx_word' id='word_1_579' title='bbox 2999 2804 3322 2874; x_wconf 84' lang='lat' dir='ltr'><strong>quibusdam</strong></span> 
     </span>
    </p>
   </div>
   <div class='ocr_carea' id='block_1_73' title="bbox 1743 2894 3323 2966">
    <p class='ocr_par' dir='ltr' id='par_1_73' title="bbox 1743 2894 3323 2966">
     <span class='ocr_line' id='line_1_73' title="bbox 1743 2894 3323 2966; baseline 0 -16"><span class='ocrx_word' id='word_1_580' title='bbox 1743 2894 2047 2964; x_wconf 89' lang='lat' dir='ltr'><strong>Scripturis</strong></span> <span class='ocrx_word' id='word_1_581' title='bbox 2075 2905 2462 2966; x_wconf 86' lang='lat' dir='ltr'><strong>anteponatur,</strong></span> <span class='ocrx_word' id='word_1_582' title='bbox 2501 2911 2622 2951; x_wconf 91' lang='lat' dir='ltr'><strong>cum</strong></span> <span class='ocrx_word' id='word_1_583' title='bbox 2660 2895 2913 2953; x_wconf 84' lang='lat' dir='ltr'><strong>Christus</strong></span> <span class='ocrx_word' id='word_1_584' title='bbox 2949 2895 3065 2965; x_wconf 88' lang='lat' dir='ltr'><strong>ipse</strong></span> <span class='ocrx_word' id='word_1_585' title='bbox 3104 2896 3156 2950; x_wconf 92' lang='lat' dir='ltr'><strong>in</strong></span> <span class='ocrx_word' id='word_1_586' title='bbox 3183 2894 3323 2950; x_wconf 87' lang='lat' dir='ltr'><strong>Isaia</strong></span> 
     </span>
    </p>
   </div>
   <div class='ocr_carea' id='block_1_74' title="bbox 1741 2975 3322 3057">
    <p class='ocr_par' dir='ltr' id='par_1_74' title="bbox 1741 2975 3322 3057">
     <span class='ocr_line' id='line_1_74' title="bbox 1741 2975 3322 3057; baseline 0.002 -18"><span class='ocrx_word' id='word_1_587' title='bbox 1741 2975 1958 3056; x_wconf 89' lang='lat' dir='ltr'><strong>quidem</strong></span> <span class='ocrx_word' id='word_1_588' title='bbox 1991 3001 2052 3042; x_wconf 90' lang='lat' dir='ltr'><strong>se</strong></span> <span class='ocrx_word' id='word_1_589' title='bbox 2080 3003 2188 3042; x_wconf 87' lang='lat' dir='ltr'><strong>non</strong></span> <span class='ocrx_word' id='word_1_590' title='bbox 2224 2987 2399 3043; x_wconf 86' lang='lat' dir='ltr'><strong>solum</strong></span> <span class='ocrx_word' id='word_1_591' title='bbox 2433 3002 2462 3042; x_wconf 91' lang='lat' dir='ltr'><strong>a</strong></span> <span class='ocrx_word' id='word_1_592' title='bbox 2493 2987 2689 3051; x_wconf 86' lang='lat' dir='ltr'><strong>Patre,</strong></span> <span class='ocrx_word' id='word_1_593' title='bbox 2721 2987 2814 3042; x_wconf 87' lang='lat' dir='ltr'><strong>sed</strong></span> <span class='ocrx_word' id='word_1_594' title='bbox 2849 2987 3016 3041; x_wconf 89' lang='lat' dir='ltr'><strong>etiam</strong></span> <span class='ocrx_word' id='word_1_595' title='bbox 3046 3001 3074 3040; x_wconf 91' lang='lat' dir='ltr'><strong>a</strong></span> <span class='ocrx_word' id='word_1_596' title='bbox 3111 2986 3322 3057; x_wconf 90' lang='lat' dir='ltr'><strong>Spiritu</strong></span> 
     </span>
    </p>
   </div>
   <div class='ocr_carea' id='block_1_75' title="bbox 1744 3078 3324 3146">
    <p class='ocr_par' dir='ltr' id='par_1_75' title="bbox 1744 3078 3324 3146">
     <span class='ocr_line' id='line_1_75' title="bbox 1744 3078 3324 3146; baseline -0.001 -12"><span class='ocrx_word' id='word_1_597' title='bbox 1744 3088 1936 3135; x_wconf 90' lang='lat' dir='ltr'><strong>sancto</strong></span> <span class='ocrx_word' id='word_1_598' title='bbox 1959 3081 2182 3136; x_wconf 88' lang='lat' dir='ltr'><strong>missum</strong></span> <span class='ocrx_word' id='word_1_599' title='bbox 2214 3094 2335 3137; x_wconf 86' lang='lat' dir='ltr'><strong>esse</strong></span> <span class='ocrx_word' id='word_1_600' title='bbox 2365 3081 2632 3146; x_wconf 80' lang='lat' dir='ltr'><strong>fateatur;</strong></span> <span class='ocrx_word' id='word_1_601' title='bbox 2662 3080 2738 3135; x_wconf 90' lang='lat' dir='ltr'><strong>ait</strong></span> <span class='ocrx_word' id='word_1_602' title='bbox 2767 3079 2912 3134; x_wconf 90' lang='lat' dir='ltr'><strong>enim</strong></span> <span class='ocrx_word' id='word_1_603' title='bbox 2938 3079 2961 3111; x_wconf 70' lang='grc'>⁸</span> <span class='ocrx_word' id='word_1_604' title='bbox 2986 3096 3000 3134; x_wconf 91' lang='lat'><strong>:</strong></span> <span class='ocrx_word' id='word_1_605' title='bbox 3039 3097 3057 3131; x_wconf 76' lang='grc' dir='ltr'><strong>ι</strong></span> <span class='ocrx_word' id='word_1_606' title='bbox 3085 3078 3150 3134; x_wconf 86' lang='grc' dir='ltr'>Ει</span> <span class='ocrx_word' id='word_1_607' title='bbox 3178 3094 3324 3133; x_wconf 90' lang='lat' dir='ltr'><strong>nunc</strong></span> 
     </span>
    </p>
   </div>
   <div class='ocr_carea' id='block_1_76' title="bbox 1742 3170 3326 3243">
    <p class='ocr_par' dir='ltr' id='par_1_76' title="bbox 1742 3170 3326 3243">
     <span class='ocr_line' id='line_1_76' title="bbox 1742 3170 3326 3243; baseline -0.002 -16"><span class='ocrx_word' id='word_1_608' title='bbox 1742 3171 2005 3227; x_wconf 86' lang='lat' dir='ltr'><strong>Dominus</strong></span> <span class='ocrx_word' id='word_1_609' title='bbox 2028 3171 2178 3226; x_wconf 86' lang='lat' dir='ltr'><strong>misit</strong></span> <span class='ocrx_word' id='word_1_610' title='bbox 2205 3187 2311 3238; x_wconf 89' lang='lat' dir='ltr'><strong>me,</strong></span> <span class='ocrx_word' id='word_1_611' title='bbox 2336 3173 2563 3243; x_wconf 85' lang='lat' dir='ltr'><strong>ejusque</strong></span> <span class='ocrx_word' id='word_1_612' title='bbox 2591 3171 2863 3241; x_wconf 86' lang='lat' dir='ltr'><strong>Spiritus;</strong></span> <span class='ocrx_word' id='word_1_613' title='bbox 2899 3189 2918 3222; x_wconf 69' lang='grc' dir='ltr'><strong>ι</strong></span> <span class='ocrx_word' id='word_1_614' title='bbox 2949 3171 3002 3224; x_wconf 88' lang='lat' dir='ltr'><strong>in</strong></span> <span class='ocrx_word' id='word_1_615' title='bbox 3029 3170 3326 3239; x_wconf 80' lang='lat' dir='ltr'><strong>Evangelio</strong></span> 
     </span>
    </p>
   </div>
   <div class='ocr_carea' id='block_1_77' title="bbox 1743 3266 3323 3336">
    <p class='ocr_par' dir='ltr' id='par_1_77' title="bbox 1743 3266 3323 3336">
     <span class='ocr_line' id='line_1_77' title="bbox 1743 3266 3323 3336; baseline -0.001 -16"><span class='ocrx_word' id='word_1_616' title='bbox 1743 3277 1921 3320; x_wconf 88' lang='lat' dir='ltr'><strong>autem</strong></span> <span class='ocrx_word' id='word_1_617' title='bbox 1972 3266 2349 3322; x_wconf 88' lang='lat' dir='ltr'><strong>remissionem</strong></span> <span class='ocrx_word' id='word_1_618' title='bbox 2388 3267 2670 3335; x_wconf 89' lang='lat' dir='ltr'><strong>promittat</strong></span> <span class='ocrx_word' id='word_1_619' title='bbox 2713 3267 2768 3320; x_wconf 87' lang='lat' dir='ltr'><strong>in</strong></span> <span class='ocrx_word' id='word_1_620' title='bbox 2823 3275 3052 3335; x_wconf 87' lang='lat' dir='ltr'><strong>peccato</strong></span> <span class='ocrx_word' id='word_1_621' title='bbox 3087 3268 3232 3336; x_wconf 86' lang='lat' dir='ltr'><strong>quod</strong></span> <span class='ocrx_word' id='word_1_622' title='bbox 3267 3267 3323 3320; x_wconf 85' lang='lat' dir='ltr'><strong>in</strong></span> 
     </span>
    </p>
   </div>
   <div class='ocr_carea' id='block_1_78' title="bbox 1743 3359 3323 3432">
    <p class='ocr_par' dir='ltr' id='par_1_78' title="bbox 1743 3359 3323 3432">
     <span class='ocr_line' id='line_1_78' title="bbox 1743 3359 3323 3432; baseline 0 -17"><span class='ocrx_word' id='word_1_623' title='bbox 1743 3361 1916 3432; x_wconf 86' lang='lat' dir='ltr'><strong>ipsum</strong></span> <span class='ocrx_word' id='word_1_624' title='bbox 1943 3359 2334 3426; x_wconf 89' lang='lat' dir='ltr'><strong>committitur;</strong></span> <span class='ocrx_word' id='word_1_625' title='bbox 2373 3359 2687 3429; x_wconf 91' lang='lat' dir='ltr'><strong>pronuntiet</strong></span> <span class='ocrx_word' id='word_1_626' title='bbox 2724 3373 2852 3413; x_wconf 83' lang='lat' dir='ltr'><strong>vero</strong></span> <span class='ocrx_word' id='word_1_627' title='bbox 2884 3359 2950 3414; x_wconf 89' lang='lat' dir='ltr'><strong>de</strong></span> <span class='ocrx_word' id='word_1_628' title='bbox 2985 3359 3323 3428; x_wconf 80' lang='lat' dir='ltr'><strong>blasphemia</strong></span> 
     </span>
    </p>
   </div>
   <div class='ocr_carea' id='block_1_79' title="bbox 1742 3452 3324 3522">
    <p class='ocr_par' dir='ltr' id='par_1_79' title="bbox 1742 3452 3324 3522">
     <span class='ocr_line' id='line_1_79' title="bbox 1742 3452 3324 3522; baseline 0 -14"><span class='ocrx_word' id='word_1_629' title='bbox 1742 3454 1796 3508; x_wconf 92' lang='lat' dir='ltr'><strong>in</strong></span> <span class='ocrx_word' id='word_1_630' title='bbox 1821 3464 2068 3508; x_wconf 84' lang='lat' dir='ltr'><strong>sanctum</strong></span> <span class='ocrx_word' id='word_1_631' title='bbox 2102 3452 2386 3522; x_wconf 87' lang='lat' dir='ltr'><strong>Spiritum,</strong></span> <span class='ocrx_word' id='word_1_632' title='bbox 2418 3468 2527 3508; x_wconf 92' lang='lat' dir='ltr'><strong>non</strong></span> <span class='ocrx_word' id='word_1_633' title='bbox 2557 3453 2674 3509; x_wconf 86' lang='lat' dir='ltr'><strong>fore</strong></span> <span class='ocrx_word' id='word_1_634' title='bbox 2705 3461 2764 3507; x_wconf 91' lang='lat' dir='ltr'><strong>ut</strong></span> <span class='ocrx_word' id='word_1_635' title='bbox 2800 3461 2981 3522; x_wconf 90' lang='lat' dir='ltr'><strong>pateat</strong></span> <span class='ocrx_word' id='word_1_636' title='bbox 3015 3468 3122 3508; x_wconf 90' lang='lat' dir='ltr'><strong>non</strong></span> <span class='ocrx_word' id='word_1_637' title='bbox 3146 3452 3324 3508; x_wconf 90' lang='lat' dir='ltr'><strong>solum</strong></span> 
     </span>
    </p>
   </div>
   <div class='ocr_carea' id='block_1_80' title="bbox 1742 3545 3324 3614">
    <p class='ocr_par' dir='ltr' id='par_1_80' title="bbox 1742 3545 3324 3614">
     <span class='ocr_line' id='line_1_80' title="bbox 1742 3545 3324 3614; baseline -0.001 -14"><span class='ocrx_word' id='word_1_638' title='bbox 1742 3547 1796 3601; x_wconf 92' lang='lat' dir='ltr'><strong>in</strong></span> <span class='ocrx_word' id='word_1_639' title='bbox 1834 3546 1934 3601; x_wconf 90' lang='lat' dir='ltr'><strong>hoc</strong></span> <span class='ocrx_word' id='word_1_640' title='bbox 1971 3547 2191 3614; x_wconf 66' lang='lat' dir='ltr'><strong>saeculo,</strong></span> <span class='ocrx_word' id='word_1_641' title='bbox 2220 3549 2316 3602; x_wconf 89' lang='lat' dir='ltr'><strong>sed</strong></span> <span class='ocrx_word' id='word_1_642' title='bbox 2349 3548 2510 3602; x_wconf 89' lang='lat' dir='ltr'><strong>etiam</strong></span> <span class='ocrx_word' id='word_1_643' title='bbox 2555 3547 2608 3601; x_wconf 93' lang='lat' dir='ltr'><strong>in</strong></span> <span class='ocrx_word' id='word_1_644' title='bbox 2638 3545 2821 3601; x_wconf 87' lang='lat' dir='ltr'><strong>futuro</strong></span> <span class='ocrx_word' id='word_1_645' title='bbox 2846 3546 2913 3600; x_wconf 88' lang='lat' dir='ltr'><strong>ad</strong></span> <span class='ocrx_word' id='word_1_646' title='bbox 2961 3547 3080 3612; x_wconf 88' lang='lat' dir='ltr'><strong>ejus</strong></span> <span class='ocrx_word' id='word_1_647' title='bbox 3109 3547 3324 3602; x_wconf 80' lang='lat' dir='ltr'><strong>veniam</strong></span> 
     </span>
    </p>
   </div>
   <div class='ocr_carea' id='block_1_81' title="bbox 1741 3638 3328 3711">
    <p class='ocr_par' dir='ltr' id='par_1_81' title="bbox 1741 3638 3328 3711">
     <span class='ocr_line' id='line_1_81' title="bbox 1741 3638 3328 3711; baseline -0.003 -17"><span class='ocrx_word' id='word_1_648' title='bbox 1741 3649 1797 3694; x_wconf 92' lang='lat' dir='ltr'><strong>et</strong></span> <span class='ocrx_word' id='word_1_649' title='bbox 1826 3639 2213 3694; x_wconf 87' lang='lat' dir='ltr'><strong>remissionem</strong></span> <span class='ocrx_word' id='word_1_650' title='bbox 2247 3639 2471 3694; x_wconf 89' lang='lat' dir='ltr'><strong>auditus</strong></span> <span class='ocrx_word' id='word_1_651' title='bbox 2499 3640 2548 3694; x_wconf 90' lang='lat' dir='ltr'><strong>ei</strong></span> <span class='ocrx_word' id='word_1_652' title='bbox 2581 3640 2671 3711; x_wconf 92' lang='lat' dir='ltr'><strong>qui</strong></span> <span class='ocrx_word' id='word_1_653' title='bbox 2715 3641 2768 3694; x_wconf 92' lang='lat' dir='ltr'><strong>in</strong></span> <span class='ocrx_word' id='word_1_654' title='bbox 2801 3640 2948 3694; x_wconf 85' lang='lat' dir='ltr'><strong>illum</strong></span> <span class='ocrx_word' id='word_1_655' title='bbox 2983 3638 3328 3708; x_wconf 82' lang='lat' dir='ltr'><strong>blasphema-</strong></span> 
     </span>
    </p>
   </div>
   <div class='ocr_carea' id='block_1_82' title="bbox 1742 3730 3325 3802">
    <p class='ocr_par' dir='ltr' id='par_1_82' title="bbox 1742 3730 3325 3802">
     <span class='ocr_line' id='line_1_82' title="bbox 1742 3730 3325 3802; baseline 0 -20"><span class='ocrx_word' id='word_1_656' title='bbox 1742 3733 1902 3786; x_wconf 81' lang='lat' dir='ltr'><strong>verit.</strong></span> <span class='ocrx_word' id='word_1_657' title='bbox 1942 3731 2007 3785; x_wconf 90' lang='lat' dir='ltr'><strong>Et</strong></span> <span class='ocrx_word' id='word_1_658' title='bbox 2044 3733 2282 3786; x_wconf 78' lang='lat' dir='ltr'><strong>fortasse</strong></span> <span class='ocrx_word' id='word_1_659' title='bbox 2310 3748 2416 3787; x_wconf 90' lang='lat' dir='ltr'><strong>non</strong></span> <span class='ocrx_word' id='word_1_660' title='bbox 2448 3742 2734 3802; x_wconf 84' lang='lat' dir='ltr'><strong>pr0pterea</strong></span> <span class='ocrx_word' id='word_1_661' title='bbox 2769 3732 2818 3786; x_wconf 84' lang='lat' dir='ltr'><strong>ei</strong></span> <span class='ocrx_word' id='word_1_662' title='bbox 2849 3733 2939 3801; x_wconf 91' lang='lat' dir='ltr'><strong>qui</strong></span> <span class='ocrx_word' id='word_1_663' title='bbox 2973 3731 3026 3787; x_wconf 94' lang='lat' dir='ltr'><strong>in</strong></span> <span class='ocrx_word' id='word_1_664' title='bbox 3060 3730 3325 3800; x_wconf 85' lang='lat' dir='ltr'><strong>Spiritum</strong></span> 
     </span>
    </p>
   </div>
   <div class='ocr_carea' id='block_1_83' title="bbox 1741 3821 3327 3895">
    <p class='ocr_par' dir='ltr' id='par_1_83' title="bbox 1741 3821 3327 3895">
     <span class='ocr_line' id='line_1_83' title="bbox 1741 3821 3327 3895; baseline -0.003 -17"><span class='ocrx_word' id='word_1_665' title='bbox 1741 3831 1987 3878; x_wconf 83' lang='lat' dir='ltr'><strong>sanctum</strong></span> <span class='ocrx_word' id='word_1_666' title='bbox 2015 3824 2340 3893; x_wconf 85' lang='lat' dir='ltr'><strong>peccaverit,</strong></span> <span class='ocrx_word' id='word_1_667' title='bbox 2374 3840 2480 3878; x_wconf 92' lang='lat' dir='ltr'><strong>non</strong></span> <span class='ocrx_word' id='word_1_668' title='bbox 2506 3823 2827 3895; x_wconf 79' lang='lat' dir='ltr'><strong>ignoscitur,</strong></span> <span class='ocrx_word' id='word_1_669' title='bbox 2849 3825 2992 3892; x_wconf 79' lang='lat' dir='ltr'><strong>quod</strong></span> <span class='ocrx_word' id='word_1_670' title='bbox 3019 3822 3136 3893; x_wconf 91' lang='lat' dir='ltr'><strong>ipse</strong></span> <span class='ocrx_word' id='word_1_671' title='bbox 3161 3821 3327 3877; x_wconf 90' lang='lat' dir='ltr'><strong>Chri-</strong></span> 
     </span>
    </p>
   </div>
   <div class='ocr_carea' id='block_1_84' title="bbox 1743 3911 3324 3985">
    <p class='ocr_par' dir='ltr' id='par_1_84' title="bbox 1743 3911 3324 3985">
     <span class='ocr_line' id='line_1_84' title="bbox 1743 3911 3324 3985; baseline -0.003 -14"><span class='ocrx_word' id='word_1_672' title='bbox 1743 3925 1829 3971; x_wconf 92' lang='lat' dir='ltr'><strong>sto</strong></span> <span class='ocrx_word' id='word_1_673' title='bbox 1880 3917 1954 3970; x_wconf 89' lang='lat' dir='ltr'><strong>sit</strong></span> <span class='ocrx_word' id='word_1_674' title='bbox 2002 3915 2319 3971; x_wconf 89' lang='lat' dir='ltr'><strong>honoratior</strong></span> <span class='ocrx_word' id='word_1_675' title='bbox 2370 3915 2531 3984; x_wconf 90' lang='lat' dir='ltr'><strong>eique</strong></span> <span class='ocrx_word' id='word_1_676' title='bbox 2584 3925 2990 3985; x_wconf 88' lang='lat' dir='ltr'><strong>anteponatur,</strong></span> <span class='ocrx_word' id='word_1_677' title='bbox 3047 3915 3140 3969; x_wconf 88' lang='lat' dir='ltr'><strong>scd</strong></span> <span class='ocrx_word' id='word_1_678' title='bbox 3179 3911 3324 3982; x_wconf 87' lang='lat' dir='ltr'><strong>quod</strong></span> 
     </span>
    </p>
   </div>
   <div class='ocr_carea' id='block_1_85' title="bbox 1745 4004 3325 4078">
    <p class='ocr_par' dir='ltr' id='par_1_85' title="bbox 1745 4004 3325 4078">
     <span class='ocr_line' id='line_1_85' title="bbox 1745 4004 3325 4078; baseline -0.006 -12"><span class='ocrx_word' id='word_1_679' title='bbox 1745 4008 1928 4066; x_wconf 87' lang='lat' dir='ltr'><strong>omnia</strong></span> <span class='ocrx_word' id='word_1_680' title='bbox 1961 4009 2013 4063; x_wconf 90' lang='lat' dir='ltr'><strong>in</strong></span> <span class='ocrx_word' id='word_1_681' title='bbox 2045 4007 2242 4078; x_wconf 87' lang='lat' dir='ltr'><strong>quibus</strong></span> <span class='ocrx_word' id='word_1_682' title='bbox 2267 4015 2353 4062; x_wconf 87' lang='lat' dir='ltr'><strong>est</strong></span> <span class='ocrx_word' id='word_1_683' title='bbox 2382 4007 2541 4072; x_wconf 86' lang='lat' dir='ltr'><strong>ratio,</strong></span> <span class='ocrx_word' id='word_1_684' title='bbox 2572 4006 2790 4063; x_wconf 89' lang='lat' dir='ltr'><strong>Christo</strong></span> <span class='ocrx_word' id='word_1_685' title='bbox 2818 4007 3169 4077; x_wconf 85' lang='lat' dir='ltr'><strong>participant,</strong></span> <span class='ocrx_word' id='word_1_686' title='bbox 3203 4004 3325 4074; x_wconf 91' lang='lat' dir='ltr'><strong>qui-</strong></span> 
     </span>
    </p>
   </div>
   <div class='ocr_carea' id='block_1_86' title="bbox 1743 4099 3324 4173">
    <p class='ocr_par' dir='ltr' id='par_1_86' title="bbox 1743 4099 3324 4173">
     <span class='ocr_line' id='line_1_86' title="bbox 1743 4099 3324 4173; baseline -0.005 -15"><span class='ocrx_word' id='word_1_687' title='bbox 1743 4105 1885 4169; x_wconf 89' lang='lat' dir='ltr'><strong>bus,</strong></span> <span class='ocrx_word' id='word_1_688' title='bbox 1922 4117 2044 4157; x_wconf 88' lang='lat' dir='ltr'><strong>cum</strong></span> <span class='ocrx_word' id='word_1_689' title='bbox 2093 4118 2122 4156; x_wconf 87' lang='lat' dir='ltr'><strong>a</strong></span> <span class='ocrx_word' id='word_1_690' title='bbox 2161 4101 2406 4173; x_wconf 87' lang='lat' dir='ltr'><strong>peccatis</strong></span> <span class='ocrx_word' id='word_1_691' title='bbox 2445 4101 2756 4165; x_wconf 87' lang='lat' dir='ltr'><strong>discedunt,</strong></span> <span class='ocrx_word' id='word_1_692' title='bbox 2801 4100 2958 4154; x_wconf 82' lang='lat' dir='ltr'><strong>venia</strong></span> <span class='ocrx_word' id='word_1_693' title='bbox 2987 4099 3190 4152; x_wconf 89' lang='lat' dir='ltr'><strong>datur:</strong></span> <span class='ocrx_word' id='word_1_694' title='bbox 3227 4110 3324 4151; x_wconf 88' lang='lat' dir='ltr'><strong>eos</strong></span> 
     </span>
    </p>
   </div>
   <div class='ocr_carea' id='block_1_87' title="bbox 1744 4191 3325 4265">
    <p class='ocr_par' dir='ltr' id='par_1_87' title="bbox 1744 4191 3325 4265">
     <span class='ocr_line' id='line_1_87' title="bbox 1744 4191 3325 4265; baseline -0.004 -15"><span class='ocrx_word' id='word_1_695' title='bbox 1744 4205 1925 4251; x_wconf 91' lang='lat' dir='ltr'><strong>autem</strong></span> <span class='ocrx_word' id='word_1_696' title='bbox 1956 4197 2050 4265; x_wconf 89' lang='lat' dir='ltr'><strong>qui</strong></span> <span class='ocrx_word' id='word_1_697' title='bbox 2091 4205 2284 4252; x_wconf 85' lang='lat' dir='ltr'><strong>sancto</strong></span> <span class='ocrx_word' id='word_1_698' title='bbox 2315 4195 2522 4264; x_wconf 85' lang='lat' dir='ltr'><strong>Spiritu</strong></span> <span class='ocrx_word' id='word_1_699' title='bbox 2565 4193 2714 4263; x_wconf 77' lang='lat' dir='ltr'><strong>digni</strong></span> <span class='ocrx_word' id='word_1_700' title='bbox 2756 4191 2986 4263; x_wconf 82' lang='lat' dir='ltr'><strong>judicati</strong></span> <span class='ocrx_word' id='word_1_701' title='bbox 3035 4198 3185 4256; x_wconf 89' lang='lat' dir='ltr'><strong>sunt,</strong></span> <span class='ocrx_word' id='word_1_702' title='bbox 3216 4201 3325 4244; x_wconf 86' lang='lat' dir='ltr'><strong>non</strong></span> 
     </span>
    </p>
   </div>
   <div class='ocr_carea' id='block_1_88' title="bbox 1745 4286 3327 4358">
    <p class='ocr_par' dir='ltr' id='par_1_88' title="bbox 1745 4286 3327 4358">
     <span class='ocr_line' id='line_1_88' title="bbox 1745 4286 3327 4358; baseline -0.006 -12"><span class='ocrx_word' id='word_1_703' title='bbox 1745 4303 2170 4347; x_wconf 87' lang='lat' dir='ltr'><strong>consentaneum</strong></span> <span class='ocrx_word' id='word_1_704' title='bbox 2223 4293 2294 4348; x_wconf 89' lang='lat' dir='ltr'><strong>sit</strong></span> <span class='ocrx_word' id='word_1_705' title='bbox 2324 4290 2541 4345; x_wconf 78' lang='lat' dir='ltr'><strong>veniam</strong></span> <span class='ocrx_word' id='word_1_706' title='bbox 2575 4286 2840 4358; x_wconf 87' lang='lat' dir='ltr'><strong>consequi</strong></span> <span class='ocrx_word' id='word_1_707' title='bbox 2869 4325 2886 4354; x_wconf 90' lang='lat'><strong>,</strong></span> <span class='ocrx_word' id='word_1_708' title='bbox 2924 4298 3048 4340; x_wconf 88' lang='lat' dir='ltr'><strong>cum</strong></span> <span class='ocrx_word' id='word_1_709' title='bbox 3085 4291 3237 4337; x_wconf 91' lang='lat' dir='ltr'><strong>tanto</strong></span> <span class='ocrx_word' id='word_1_710' title='bbox 3269 4290 3327 4338; x_wconf 87' lang='lat' dir='ltr'><strong>et</strong></span> 
     </span>
    </p>
   </div>
   <div class='ocr_carea' id='block_1_89' title="bbox 1747 4372 3324 4445">
    <p class='ocr_par' dir='ltr' id='par_1_89' title="bbox 1747 4372 3324 4445">
     <span class='ocr_line' id='line_1_89' title="bbox 1747 4372 3324 4445; baseline -0.005 -13"><span class='ocrx_word' id='word_1_711' title='bbox 1747 4379 1839 4433; x_wconf 91' lang='lat' dir='ltr'><strong>tali</strong></span> <span class='ocrx_word' id='word_1_712' title='bbox 1877 4379 2158 4445; x_wconf 89' lang='lat' dir='ltr'><strong>instinctu,</strong></span> <span class='ocrx_word' id='word_1_713' title='bbox 2201 4391 2276 4445; x_wconf 92' lang='lat' dir='ltr'><strong>et,</strong></span> <span class='ocrx_word' id='word_1_714' title='bbox 2305 4391 2364 4433; x_wconf 92' lang='lat' dir='ltr'><strong>ut</strong></span> <span class='ocrx_word' id='word_1_715' title='bbox 2398 4379 2469 4433; x_wconf 92' lang='lat' dir='ltr'><strong>ita</strong></span> <span class='ocrx_word' id='word_1_716' title='bbox 2500 4378 2696 4440; x_wconf 89' lang='lat' dir='ltr'><strong>dicam,</strong></span> <span class='ocrx_word' id='word_1_717' title='bbox 2736 4375 3095 4445; x_wconf 85' lang='lat' dir='ltr'><strong>inspiratione</strong></span> <span class='ocrx_word' id='word_1_718' title='bbox 3127 4372 3179 4426; x_wconf 91' lang='lat' dir='ltr'><strong>in</strong></span> <span class='ocrx_word' id='word_1_719' title='bbox 3203 4384 3324 4425; x_wconf 59' lang='lat' dir='ltr'><strong>mas</strong></span> 
     </span>
    </p>
   </div>
   <div class='ocr_carea' id='block_1_90' title="bbox 1745 4464 3325 4538">
    <p class='ocr_par' dir='ltr' id='par_1_90' title="bbox 1745 4464 3325 4538">
     <span class='ocr_line' id='line_1_90' title="bbox 1745 4464 3325 4538; baseline -0.006 -12"><span class='ocrx_word' id='word_1_720' title='bbox 1745 4471 1856 4526; x_wconf 92' lang='lat' dir='ltr'><strong>lum</strong></span> <span class='ocrx_word' id='word_1_721' title='bbox 1885 4475 2081 4529; x_wconf 87' lang='lat' dir='ltr'><strong>iterum</strong></span> <span class='ocrx_word' id='word_1_722' title='bbox 2120 4473 2446 4536; x_wconf 83' lang='lat' dir='ltr'><strong>relabentes,</strong></span> <span class='ocrx_word' id='word_1_723' title='bbox 2483 4479 2539 4526; x_wconf 91' lang='lat' dir='ltr'><strong>et</strong></span> <span class='ocrx_word' id='word_1_724' title='bbox 2571 4469 2801 4525; x_wconf 89' lang='lat' dir='ltr'><strong>consilia</strong></span> <span class='ocrx_word' id='word_1_725' title='bbox 2839 4467 3081 4538; x_wconf 91' lang='lat' dir='ltr'><strong>Spiritus</strong></span> <span class='ocrx_word' id='word_1_726' title='bbox 3109 4464 3325 4526; x_wconf 89' lang='lat' dir='ltr'><strong>sancti,</strong></span> 
     </span>
    </p>
   </div>
   <div class='ocr_carea' id='block_1_91' title="bbox 1745 4557 3328 4637">
    <p class='ocr_par' dir='ltr' id='par_1_91' title="bbox 1745 4557 3328 4637">
     <span class='ocr_line' id='line_1_91' title="bbox 1745 4557 3328 4637; baseline -0.009 -14"><span class='ocrx_word' id='word_1_727' title='bbox 1745 4568 1838 4637; x_wconf 89' lang='lat' dir='ltr'><strong>qui</strong></span> <span class='ocrx_word' id='word_1_728' title='bbox 1891 4568 1943 4623; x_wconf 93' lang='lat' dir='ltr'><strong>in</strong></span> <span class='ocrx_word' id='word_1_729' title='bbox 1983 4569 2065 4623; x_wconf 90' lang='lat' dir='ltr'><strong>eis</strong></span> <span class='ocrx_word' id='word_1_730' title='bbox 2116 4567 2275 4632; x_wconf 87' lang='lat' dir='ltr'><strong>inest,</strong></span> <span class='ocrx_word' id='word_1_731' title='bbox 2315 4574 2651 4637; x_wconf 91' lang='lat' dir='ltr'><strong>respuentes.</strong></span> <span class='ocrx_word' id='word_1_732' title='bbox 2697 4563 2851 4631; x_wconf 86' lang='lat' dir='ltr'><strong>Quod</strong></span> <span class='ocrx_word' id='word_1_733' title='bbox 2892 4561 2938 4617; x_wconf 88' lang='lat' dir='ltr'><strong>si</strong></span> <span class='ocrx_word' id='word_1_734' title='bbox 2969 4560 3021 4615; x_wconf 92' lang='lat' dir='ltr'><strong>id</strong></span> <span class='ocrx_word' id='word_1_735' title='bbox 3068 4557 3211 4629; x_wconf 90' lang='lat' dir='ltr'><strong>quod</strong></span> <span class='ocrx_word' id='word_1_736' title='bbox 3240 4565 3328 4610; x_wconf 83' lang='lat' dir='ltr'><strong>est</strong></span> 
     </span>
    </p>
   </div>
   <div class='ocr_carea' id='block_1_92' title="bbox 36 4649 1638 4732">
    <p class='ocr_par' dir='ltr' id='par_1_92' title="bbox 36 4657 1638 4731">
     <span class='ocr_line' id='line_1_92' title="bbox 36 4657 1638 4731; baseline 0.003 -21"><span class='ocrx_word' id='word_1_737' title='bbox 36 4659 118 4710; x_wconf 73' lang='grc' dir='ltr'><strong>τοῦ</strong></span> <span class='ocrx_word' id='word_1_738' title='bbox 167 4657 625 4721; x_wconf 76' lang='grc' dir='ltr'>ἀποστείλαντος</span> <span class='ocrx_word' id='word_1_739' title='bbox 671 4657 762 4710; x_wconf 84' lang='grc' dir='ltr'><strong>τὸν</strong></span> <span class='ocrx_word' id='word_1_740' title='bbox 806 4658 1041 4730; x_wconf 84' lang='grc' dir='ltr'>Χριστὸν</span> <span class='ocrx_word' id='word_1_741' title='bbox 1090 4659 1406 4731; x_wconf 76' lang='grc' dir='ltr'>Πνεῦματος</span> <span class='ocrx_word' id='word_1_742' title='bbox 1454 4661 1638 4715; x_wconf 80' lang='grc' dir='ltr'>ἀπολο·</span> 
     </span>
    </p>
   </div>
   <div class='ocr_carea' id='block_1_93' title="bbox 1744 4649 3324 4732">
    <p class='ocr_par' dir='ltr' id='par_1_93' title="bbox 1751 4649 3324 4732">
     <span class='ocr_line' id='line_1_93' title="bbox 1751 4649 3324 4732; baseline -0.008 -18"><span class='ocrx_word' id='word_1_743' title='bbox 1751 4660 1892 4730; x_wconf 90' lang='lat' dir='ltr'><strong>apud</strong></span> <span class='ocrx_word' id='word_1_744' title='bbox 1923 4660 2115 4715; x_wconf 87' lang='lat' dir='ltr'><strong>Isaiam</strong></span> <span class='ocrx_word' id='word_1_745' title='bbox 2141 4661 2425 4732; x_wconf 85' lang='lat' dir='ltr'><strong>scriptum,</strong></span> <span class='ocrx_word' id='word_1_746' title='bbox 2459 4658 2537 4713; x_wconf 90' lang='lat' dir='ltr'><strong>ait</strong></span> <span class='ocrx_word' id='word_1_747' title='bbox 2567 4656 2829 4713; x_wconf 86' lang='lat' dir='ltr'><strong>Servator</strong></span> <span class='ocrx_word' id='word_1_748' title='bbox 2853 4663 3042 4709; x_wconf 89' lang='lat' dir='ltr'><strong>noster</strong></span> <span class='ocrx_word' id='word_1_749' title='bbox 3069 4666 3127 4706; x_wconf 91' lang='lat' dir='ltr'><strong>se</strong></span> <span class='ocrx_word' id='word_1_750' title='bbox 3157 4666 3186 4704; x_wconf 91' lang='lat' dir='ltr'><strong>a</strong></span> <span class='ocrx_word' id='word_1_751' title='bbox 3218 4649 3324 4703; x_wconf 85' lang='lat' dir='ltr'><strong>Pa-</strong></span> 
     </span>
    </p>
   </div>
   <div class='ocr_carea' id='block_1_94' title="bbox 38 4749 1644 4824">
    <p class='ocr_par' dir='ltr' id='par_1_94' title="bbox 38 4749 1644 4824">
     <span class='ocr_line' id='line_1_94' title="bbox 38 4749 1644 4824; baseline 0.002 -19"><span class='ocrx_word' id='word_1_752' title='bbox 38 4753 356 4824; x_wconf 72' lang='grc' dir='ltr'>τησασθαι,</span> <span class='ocrx_word' id='word_1_753' title='bbox 423 4751 528 4821; x_wconf 75' lang='grc' dir='ltr'><strong>οὐχ</strong></span> <span class='ocrx_word' id='word_1_754' title='bbox 577 4750 655 4814; x_wconf 86' lang='grc' dir='ltr'>ὡς</span> <span class='ocrx_word' id='word_1_755' title='bbox 711 4749 871 4820; x_wconf 80' lang='grc' dir='ltr'>φύσει</span> <span class='ocrx_word' id='word_1_756' title='bbox 922 4751 1308 4824; x_wconf 81' lang='grc' dir='ltr'>διαφέροντος,</span> <span class='ocrx_word' id='word_1_757' title='bbox 1366 4753 1502 4808; x_wconf 79' lang='grc' dir='ltr'>ἀλλὰ</span> <span class='ocrx_word' id='word_1_758' title='bbox 1555 4755 1644 4810; x_wconf 86' lang='grc' dir='ltr'>διὰ</span> 
     </span>
    </p>
   </div>
   <div class='ocr_carea' id='block_1_95' title="bbox 38 4844 1640 4918">
    <p class='ocr_par' dir='ltr' id='par_1_95' title="bbox 38 4844 1640 4918">
     <span class='ocr_line' id='line_1_95' title="bbox 38 4844 1640 4918; baseline 0.004 -22"><span class='ocrx_word' id='word_1_759' title='bbox 38 4847 124 4916; x_wconf 72' lang='grc' dir='ltr'><strong>την</strong></span> <span class='ocrx_word' id='word_1_760' title='bbox 155 4844 490 4917; x_wconf 78' lang='grc' dir='ltr'>γενομένην</span> <span class='ocrx_word' id='word_1_761' title='bbox 540 4844 851 4915; x_wconf 77' lang='grc' dir='ltr'>οἰκονομίαν</span> <span class='ocrx_word' id='word_1_762' title='bbox 893 4844 996 4914; x_wconf 77' lang='grc' dir='ltr'>τῆς</span> <span class='ocrx_word' id='word_1_763' title='bbox 1032 4844 1498 4918; x_wconf 69' lang='grc' dir='ltr'>ἑνανθρωπήσεως</span> <span class='ocrx_word' id='word_1_764' title='bbox 1547 4847 1640 4902; x_wconf 89' lang='grc' dir='ltr'><strong>τοῦ</strong></span> 
     </span>
    </p>
   </div>
   <div class='ocr_carea' id='block_1_96' title="bbox 63 4937 1643 5010">
    <p class='ocr_par' dir='ltr' id='par_1_96' title="bbox 63 4937 1643 5010">
     <span class='ocr_line' id='line_1_96' title="bbox 63 4937 1643 5010; baseline 0.001 -18"><span class='ocrx_word' id='word_1_765' title='bbox 63 4940 160 4994; x_wconf 70' lang='grc' dir='ltr'>Γὶοῦ</span> <span class='ocrx_word' id='word_1_766' title='bbox 195 4939 302 4994; x_wconf 79' lang='grc' dir='ltr'><strong>τοῦ</strong></span> <span class='ocrx_word' id='word_1_767' title='bbox 340 4937 491 4991; x_wconf 73' lang='grc' dir='ltr'>Θεοῦ</span> <span class='ocrx_word' id='word_1_768' title='bbox 523 4977 539 5002; x_wconf 91' lang='grc'><strong>,</strong></span> <span class='ocrx_word' id='word_1_769' title='bbox 600 4937 997 5002; x_wconf 81' lang='grc' dir='ltr'>ὲλαττωθέντος</span> <span class='ocrx_word' id='word_1_770' title='bbox 1046 4938 1177 5010; x_wconf 81' lang='grc' dir='ltr'>παρ’</span> <span class='ocrx_word' id='word_1_771' title='bbox 1211 4938 1345 4993; x_wconf 78' lang='grc' dir='ltr'>αὐτὸ</span> <span class='ocrx_word' id='word_1_772' title='bbox 1390 4940 1486 4994; x_wconf 88' lang='grc' dir='ltr'><strong>τοῦ</strong></span> <span class='ocrx_word' id='word_1_773' title='bbox 1530 4940 1643 4993; x_wconf 87' lang='grc' dir='ltr'><strong>Σω-</strong></span> 
     </span>
    </p>
   </div>
   <div class='ocr_carea' id='block_1_97' title="bbox 41 5028 1642 5102">
    <p class='ocr_par' dir='ltr' id='par_1_97' title="bbox 41 5028 1642 5102">
     <span class='ocr_line' id='line_1_97' title="bbox 41 5028 1642 5102; baseline 0.003 -22"><span class='ocrx_word' id='word_1_774' title='bbox 41 5031 214 5102; x_wconf 55' lang='grc' dir='ltr'>τῆρος.</span> <span class='ocrx_word' id='word_1_775' title='bbox 277 5032 355 5086; x_wconf 76' lang='grc' dir='ltr'><strong>Εἰ</strong></span> <span class='ocrx_word' id='word_1_776' title='bbox 400 5028 460 5083; x_wconf 74' lang='grc' dir='ltr'>δὲ</span> <span class='ocrx_word' id='word_1_777' title='bbox 517 5029 576 5082; x_wconf 83' lang='grc' dir='ltr'>ὲν</span> <span class='ocrx_word' id='word_1_778' title='bbox 623 5028 797 5101; x_wconf 82' lang='grc' dir='ltr'>τούτῳ</span> <span class='ocrx_word' id='word_1_779' title='bbox 830 5029 941 5102; x_wconf 88' lang='grc'><strong>(22)</strong></span> <span class='ocrx_word' id='word_1_780' title='bbox 986 5031 1318 5102; x_wconf 86' lang='grc' dir='ltr'>προσκόπτει</span> <span class='ocrx_word' id='word_1_781' title='bbox 1350 5031 1428 5102; x_wconf 83' lang='grc' dir='ltr'><strong>τῷ</strong></span> <span class='ocrx_word' id='word_1_782' title='bbox 1462 5031 1642 5100; x_wconf 87' lang='grc' dir='ltr'>λέγειν</span> 
     </span>
    </p>
   </div>
   <div class='ocr_carea' id='block_1_98' title="bbox 43 5120 1642 5196">
    <p class='ocr_par' dir='ltr' id='par_1_98' title="bbox 43 5120 1642 5196">
     <span class='ocr_line' id='line_1_98' title="bbox 43 5120 1642 5196; baseline 0.003 -24"><span class='ocrx_word' id='word_1_783' title='bbox 43 5123 398 5191; x_wconf 59' lang='grc' dir='ltr'>ἠλαττῶσθαι</span> <span class='ocrx_word' id='word_1_784' title='bbox 450 5121 606 5194; x_wconf 83' lang='grc' dir='ltr'>παρὰ</span> <span class='ocrx_word' id='word_1_785' title='bbox 649 5120 713 5175; x_wconf 79' lang='grc' dir='ltr'>τὸ</span> <span class='ocrx_word' id='word_1_786' title='bbox 763 5121 920 5191; x_wconf 82' lang='grc' dir='ltr'>ἆγιον</span> <span class='ocrx_word' id='word_1_787' title='bbox 977 5121 1206 5194; x_wconf 85' lang='grc' dir='ltr'>Πνεῦμα</span> <span class='ocrx_word' id='word_1_788' title='bbox 1263 5124 1353 5178; x_wconf 86' lang='grc' dir='ltr'><strong>τὸν</strong></span> <span class='ocrx_word' id='word_1_789' title='bbox 1415 5123 1642 5196; x_wconf 79' lang='grc' dir='ltr'>Σωτῆρα</span> 
     </span>
    </p>
   </div>
   <div class='ocr_carea' id='block_1_99' title="bbox 110 5264 1201 5336">
    <p class='ocr_par' dir='ltr' id='par_1_99' title="bbox 110 5264 1201 5336">
     <span class='ocr_line' id='line_1_99' title="bbox 110 5264 1201 5336; baseline -0.005 -11"><span class='ocrx_word' id='word_1_790' title='bbox 110 5269 334 5328; x_wconf 73' lang='grc' dir='ltr'>ιιοοτ.</span> <span class='ocrx_word' id='word_1_791' title='bbox 373 5283 481 5336; x_wconf 78' lang='lat' dir='ltr'><strong>xu,</strong></span> <span class='ocrx_word' id='word_1_792' title='bbox 507 5265 629 5324; x_wconf 59' lang='grc' dir='ltr'><strong>ιθ.</strong></span> <span class='ocrx_word' id='word_1_793' title='bbox 701 5264 726 5298; x_wconf 71' lang='grc'><strong>⁸</strong></span> <span class='ocrx_word' id='word_1_794' title='bbox 753 5265 860 5322; x_wconf 84' lang='lat' dir='ltr'><strong>Isa.</strong></span> <span class='ocrx_word' id='word_1_795' title='bbox 889 5281 1074 5333; x_wconf 71' lang='grc' dir='ltr'>χιιίιι,</span> <span class='ocrx_word' id='word_1_796' title='bbox 1113 5265 1201 5322; x_wconf 86' lang='grc'><strong>16.</strong></span> 
     </span>
    </p>
   </div>
   <div class='ocr_carea' id='block_1_100' title="bbox 114 5403 1636 5486">
    <p class='ocr_par' dir='ltr' id='par_1_100' title="bbox 114 5403 1636 5486">
     <span class='ocr_line' id='line_1_100' title="bbox 114 5403 1636 5486; baseline -0.007 -16"><span class='ocrx_word' id='word_1_797' title='bbox 114 5415 220 5486; x_wconf 80' lang='lat' dir='ltr'><strong>(t8)</strong></span> <span class='ocrx_word' id='word_1_798' title='bbox 247 5413 380 5486; x_wconf 70' lang='lat' dir='ltr'><strong><em>Kal</em></strong></span> <span class='ocrx_word' id='word_1_799' title='bbox 423 5410 586 5486; x_wconf 68' lang='grc' dir='ltr'>τάχα</span> <span class='ocrx_word' id='word_1_800' title='bbox 635 5407 1013 5486; x_wconf 54' lang='grc' dir='ltr'>αρτη-ὲστὶν</span> <span class='ocrx_word' id='word_1_801' title='bbox 1050 5405 1371 5486; x_wconf 49' lang='lat' dir='ltr'><strong>gitimam,</strong></span> <span class='ocrx_word' id='word_1_802' title='bbox 1427 5403 1636 5460; x_wconf 88' lang='lat' dir='ltr'><strong>Similis</strong></span> 
     </span>
    </p>
   </div>
   <div class='ocr_carea' id='block_1_101' title="bbox 55 5475 1636 5552">
    <p class='ocr_par' dir='ltr' id='par_1_101' title="bbox 55 5475 1636 5552">
     <span class='ocr_line' id='line_1_101' title="bbox 55 5475 1636 5552; baseline -0.01 -7"><span class='ocrx_word' id='word_1_803' title='bbox 55 5475 156 5544; x_wconf 67' lang='lat' dir='ltr'><strong>fere</strong></span> <span class='ocrx_word' id='word_1_804' title='bbox 177 5475 265 5542; x_wconf 66' lang='lat' dir='ltr'><strong>est</strong></span> <span class='ocrx_word' id='word_1_805' title='bbox 297 5475 624 5552; x_wconf 53' lang='grc' dir='ltr'><strong>Βςιειὶιίἴέει)1</strong></span> <span class='ocrx_word' id='word_1_806' title='bbox 649 5482 740 5552; x_wconf 69' lang='grc'><strong>45,</strong></span> <span class='ocrx_word' id='word_1_807' title='bbox 779 5475 1280 5552; x_wconf 48' lang='grc' dir='ltr'>ΠτοεοτεΝνεεοιιὶ</span> <span class='ocrx_word' id='word_1_808' title='bbox 1311 5476 1406 5552; x_wconf 79' lang='lat' dir='ltr'><strong>lib.</strong></span> <span class='ocrx_word' id='word_1_809' title='bbox 1447 5491 1462 5529; x_wconf 88' lang='grc' dir='ltr'><strong>ι</strong></span> <span class='ocrx_word' id='word_1_810' title='bbox 1510 5492 1636 5552; x_wconf 50' lang='lat' dir='ltr'><strong>con:-</strong></span> 
     </span>
    </p>
   </div>
   <div class='ocr_carea' id='block_1_102' title="bbox 57 5546 1632 5622">
    <p class='ocr_par' dir='ltr' id='par_1_102' title="bbox 57 5546 1632 5622">
     <span class='ocr_line' id='line_1_102' title="bbox 57 5546 1632 5622; baseline -0.005 -14"><span class='ocrx_word' id='word_1_811' title='bbox 57 5570 130 5611; x_wconf 80' lang='lat' dir='ltr'><strong>mt</strong></span> <span class='ocrx_word' id='word_1_812' title='bbox 166 5546 879 5622; x_wconf 51' lang='lat' dir='ltr'><strong>Eunmium,&#39;Epiphauii</strong></span> <span class='ocrx_word' id='word_1_813' title='bbox 905 5546 1292 5622; x_wconf 56' lang='lat' dir='ltr'><strong>inﬁrmorum,</strong></span> <span class='ocrx_word' id='word_1_814' title='bbox 1344 5546 1632 5622; x_wconf 68' lang='lat' dir='ltr'><strong>Augustini</strong></span> 
     </span>
    </p>
   </div>
   <div class='ocr_carea' id='block_1_103' title="bbox 61 5615 1638 5688">
    <p class='ocr_par' dir='ltr' id='par_1_103' title="bbox 61 5615 1638 5688">
     <span class='ocr_line' id='line_1_103' title="bbox 61 5615 1638 5688; baseline -0.005 -8"><span class='ocrx_word' id='word_1_815' title='bbox 61 5627 146 5681; x_wconf 65' lang='lat' dir='ltr'><strong>liti.</strong></span> <span class='ocrx_word' id='word_1_816' title='bbox 177 5643 246 5684; x_wconf 74' lang='lat' dir='ltr'><strong>xv</strong></span> <span class='ocrx_word' id='word_1_817' title='bbox 273 5626 366 5680; x_wconf 81' lang='lat' dir='ltr'><strong>De</strong></span> <span class='ocrx_word' id='word_1_818' title='bbox 412 5623 454 5678; x_wconf 87' lang='grc' dir='ltr'><strong><em>Τ</em></strong></span> <span class='ocrx_word' id='word_1_819' title='bbox 457 5615 713 5684; x_wconf 67' lang='grc' dir='ltr'>τίηίι.,ὀζ</span> <span class='ocrx_word' id='word_1_820' title='bbox 736 5621 828 5688; x_wconf 82' lang='grc'><strong>26,</strong></span> <span class='ocrx_word' id='word_1_821' title='bbox 869 5631 924 5678; x_wconf 91' lang='lat' dir='ltr'><strong>et</strong></span> <span class='ocrx_word' id='word_1_822' title='bbox 953 5619 1045 5674; x_wconf 90' lang='lat' dir='ltr'><strong>lib.</strong></span> <span class='ocrx_word' id='word_1_823' title='bbox 1071 5634 1124 5672; x_wconf 88' lang='lat' dir='ltr'><strong>tu</strong></span> <span class='ocrx_word' id='word_1_824' title='bbox 1151 5617 1354 5674; x_wconf 84' lang='lat' dir='ltr'><strong>Contra</strong></span> <span class='ocrx_word' id='word_1_825' title='bbox 1387 5615 1638 5688; x_wconf 56' lang='lat' dir='ltr'><strong>Maximi-</strong></span> 
     </span>
    </p>
   </div>
   <div class='ocr_carea' id='block_1_104' title="bbox 63 5685 1638 5763">
    <p class='ocr_par' dir='ltr' id='par_1_104' title="bbox 63 5685 1638 5763">
     <span class='ocr_line' id='line_1_104' title="bbox 63 5685 1638 5763; baseline -0.007 -10"><span class='ocrx_word' id='word_1_826' title='bbox 63 5717 191 5762; x_wconf 66' lang='lat' dir='ltr'><strong>na,</strong></span> <span class='ocrx_word' id='word_1_827' title='bbox 225 5713 362 5763; x_wconf 78' lang='lat' dir='ltr'><strong>cap.</strong></span> <span class='ocrx_word' id='word_1_828' title='bbox 406 5695 492 5755; x_wconf 72' lang='lat' dir='ltr'><strong>ﬂ.</strong></span> <span class='ocrx_word' id='word_1_829' title='bbox 531 5685 871 5763; x_wconf 82' lang='lat' dir='ltr'><strong>aliorumque</strong></span> <span class='ocrx_word' id='word_1_830' title='bbox 895 5688 1264 5763; x_wconf 86' lang='lat' dir='ltr'><strong>ratiocinatio,</strong></span> <span class='ocrx_word' id='word_1_831' title='bbox 1285 5703 1408 5763; x_wconf 84' lang='lat' dir='ltr'><strong>cum</strong></span> <span class='ocrx_word' id='word_1_832' title='bbox 1439 5685 1638 5743; x_wconf 88' lang='lat' dir='ltr'><strong>Filium</strong></span> 
     </span>
    </p>
   </div>
   <div class='ocr_carea' id='block_1_105' title="bbox 67 5759 1642 5838">
    <p class='ocr_par' dir='ltr' id='par_1_105' title="bbox 67 5759 1642 5838">
     <span class='ocr_line' id='line_1_105' title="bbox 67 5759 1642 5838; baseline -0.008 -14"><span class='ocrx_word' id='word_1_833' title='bbox 67 5759 258 5824; x_wconf 69' lang='lat' dir='ltr'><strong>idcirco</strong></span> <span class='ocrx_word' id='word_1_834' title='bbox 297 5759 510 5838; x_wconf 71' lang='lat' dir='ltr'><strong>Filium</strong></span> <span class='ocrx_word' id='word_1_835' title='bbox 546 5765 652 5820; x_wconf 84' lang='lat' dir='ltr'><strong>dici</strong></span> <span class='ocrx_word' id='word_1_836' title='bbox 698 5759 914 5819; x_wconf 73' lang='lat' dir='ltr'><strong>etesse</strong></span> <span class='ocrx_word' id='word_1_837' title='bbox 961 5761 1169 5838; x_wconf 61' lang='lat' dir='ltr'><strong>volunt,</strong></span> <span class='ocrx_word' id='word_1_838' title='bbox 1197 5759 1371 5838; x_wconf 63' lang='lat' dir='ltr'><strong>quod</strong></span> <span class='ocrx_word' id='word_1_839' title='bbox 1414 5773 1480 5812; x_wconf 82' lang='lat' dir='ltr'><strong>ex</strong></span> <span class='ocrx_word' id='word_1_840' title='bbox 1527 5773 1642 5813; x_wconf 88' lang='lat' dir='ltr'><strong>uno</strong></span> 
     </span>
    </p>
   </div>
   <div class='ocr_carea' id='block_1_106' title="bbox 67 5828 1641 5906">
    <p class='ocr_par' dir='ltr' id='par_1_106' title="bbox 67 5828 1641 5906">
     <span class='ocr_line' id='line_1_106' title="bbox 67 5828 1641 5906; baseline -0.005 -13"><span class='ocrx_word' id='word_1_841' title='bbox 67 5841 304 5904; x_wconf 77' lang='lat' dir='ltr'><strong>oriatur;</strong></span> <span class='ocrx_word' id='word_1_842' title='bbox 346 5836 625 5906; x_wconf 88' lang='lat' dir='ltr'><strong>Spiritum</strong></span> <span class='ocrx_word' id='word_1_843' title='bbox 674 5845 924 5906; x_wconf 82' lang='lat' dir='ltr'><strong>sanctum</strong></span> <span class='ocrx_word' id='word_1_844' title='bbox 955 5831 1211 5906; x_wconf 83' lang='lat' dir='ltr'><strong>nec__dici</strong></span> <span class='ocrx_word' id='word_1_845' title='bbox 1243 5828 1480 5894; x_wconf 75' lang='lat' dir='ltr'><strong>Filium,</strong></span> <span class='ocrx_word' id='word_1_846' title='bbox 1535 5845 1641 5885; x_wconf 90' lang='lat' dir='ltr'><strong>nec</strong></span> 
     </span>
    </p>
   </div>
   <div class='ocr_carea' id='block_1_107' title="bbox 67 5901 1320 5979">
    <p class='ocr_par' dir='ltr' id='par_1_107' title="bbox 67 5901 1320 5979">
     <span class='ocr_line' id='line_1_107' title="bbox 67 5901 1320 5979; baseline -0.006 -17"><span class='ocrx_word' id='word_1_847' title='bbox 67 5925 197 5965; x_wconf 76' lang='lat' dir='ltr'><strong>esse.</strong></span> <span class='ocrx_word' id='word_1_848' title='bbox 217 5901 376 5979; x_wconf 68' lang='lat' dir='ltr'><strong>quod</strong></span> <span class='ocrx_word' id='word_1_849' title='bbox 393 5901 674 5979; x_wconf 71' lang='lat' dir='ltr'><strong>procedat</strong></span> <span class='ocrx_word' id='word_1_850' title='bbox 701 5921 766 5961; x_wconf 82' lang='lat' dir='ltr'><strong>ex</strong></span> <span class='ocrx_word' id='word_1_851' title='bbox 799 5905 1026 5979; x_wconf 83' lang='lat' dir='ltr'><strong>duobus.</strong></span> <span class='ocrx_word' id='word_1_852' title='bbox 1060 5901 1320 5979; x_wconf 60' lang='lat' dir='ltr'><strong>liuentis.</strong></span> 
     </span>
    </p>
   </div>
   <div class='ocr_carea' id='block_1_108' title="bbox 133 5969 1640 6051">
    <p class='ocr_par' dir='ltr' id='par_1_108' title="bbox 133 5969 1640 6051">
     <span class='ocr_line' id='line_1_108' title="bbox 133 5969 1640 6051; baseline -0.006 -17"><span class='ocrx_word' id='word_1_853' title='bbox 133 5969 460 6051; x_wconf 67' lang='lat' dir='ltr'><strong>(t9)&quot;E1ét</strong></span> <span class='ocrx_word' id='word_1_854' title='bbox 511 5975 584 6030; x_wconf 78' lang='grc' dir='ltr'>δὲ</span> <span class='ocrx_word' id='word_1_855' title='bbox 633 5976 1028 6046; x_wconf 72' lang='grc' dir='ltr'>ἐπαπόρησιν,</span> <span class='ocrx_word' id='word_1_856' title='bbox 1067 5983 1174 6030; x_wconf 88' lang='lat' dir='ltr'><strong>etc.</strong></span> <span class='ocrx_word' id='word_1_857' title='bbox 1233 5971 1364 6028; x_wconf 82' lang='lat' dir='ltr'><strong>Vide</strong></span> <span class='ocrx_word' id='word_1_858' title='bbox 1408 5969 1466 6027; x_wconf 89' lang='lat' dir='ltr'><strong>S.</strong></span> <span class='ocrx_word' id='word_1_859' title='bbox 1497 5971 1640 6026; x_wconf 84' lang='lat' dir='ltr'><strong>Tho-</strong></span> 
     </span>
    </p>
   </div>
   <div class='ocr_carea' id='block_1_109' title="bbox 1755 4744 3325 4826">
    <p class='ocr_par' dir='ltr' id='par_1_109' title="bbox 1755 4744 3325 4826">
     <span class='ocr_line' id='line_1_109' title="bbox 1755 4744 3325 4826; baseline -0.009 -18"><span class='ocrx_word' id='word_1_860' title='bbox 1755 4763 1836 4809; x_wconf 90' lang='lat' dir='ltr'><strong>tre</strong></span> <span class='ocrx_word' id='word_1_861' title='bbox 1865 4755 2090 4810; x_wconf 89' lang='lat' dir='ltr'><strong>missum</strong></span> <span class='ocrx_word' id='word_1_862' title='bbox 2129 4770 2271 4821; x_wconf 87' lang='lat' dir='ltr'><strong>esse,</strong></span> <span class='ocrx_word' id='word_1_863' title='bbox 2306 4765 2360 4810; x_wconf 89' lang='lat' dir='ltr'><strong>et</strong></span> <span class='ocrx_word' id='word_1_864' title='bbox 2387 4756 2454 4810; x_wconf 87' lang='lat' dir='ltr'><strong>ab</strong></span> <span class='ocrx_word' id='word_1_865' title='bbox 2497 4755 2667 4826; x_wconf 87' lang='lat' dir='ltr'><strong>ipsius</strong></span> <span class='ocrx_word' id='word_1_866' title='bbox 2716 4744 3325 4820; x_wconf 82' lang='lat' dir='ltr'><strong>Spiritu,.respouden-</strong></span> 
     </span>
    </p>
   </div>
   <div class='ocr_carea' id='block_1_110' title="bbox 1751 4837 3326 4905">
    <p class='ocr_par' dir='ltr' id='par_1_110' title="bbox 1751 4837 3326 4905">
     <span class='ocr_line' id='line_1_110' title="bbox 1751 4837 3326 4905; baseline -0.004 -5"><span class='ocrx_word' id='word_1_867' title='bbox 1751 4847 1880 4901; x_wconf 87' lang='lat' dir='ltr'><strong>dum</strong></span> <span class='ocrx_word' id='word_1_868' title='bbox 1928 4859 2014 4902; x_wconf 89' lang='lat' dir='ltr'><strong>est</strong></span> <span class='ocrx_word' id='word_1_869' title='bbox 2061 4847 2223 4903; x_wconf 90' lang='lat' dir='ltr'><strong>etiam</strong></span> <span class='ocrx_word' id='word_1_870' title='bbox 2257 4850 2361 4905; x_wconf 88' lang='lat' dir='ltr'><strong>hoc</strong></span> <span class='ocrx_word' id='word_1_871' title='bbox 2404 4847 2523 4903; x_wconf 90' lang='lat' dir='ltr'><strong>loco</strong></span> <span class='ocrx_word' id='word_1_872' title='bbox 2558 4846 2782 4902; x_wconf 90' lang='lat' dir='ltr'><strong>missum</strong></span> <span class='ocrx_word' id='word_1_873' title='bbox 2815 4855 2935 4900; x_wconf 87' lang='lat' dir='ltr'><strong>esse</strong></span> <span class='ocrx_word' id='word_1_874' title='bbox 2971 4837 3247 4894; x_wconf 76' lang='lat' dir='ltr'><strong>Christum</strong></span> <span class='ocrx_word' id='word_1_875' title='bbox 3293 4847 3326 4886; x_wconf 64' lang='grc' dir='ltr'>τι</span> 
     </span>
    </p>
   </div>
   <div class='ocr_carea' id='block_1_111' title="bbox 1752 4924 3326 5012">
    <p class='ocr_par' dir='ltr' id='par_1_111' title="bbox 1752 4924 3326 5012">
     <span class='ocr_line' id='line_1_111' title="bbox 1752 4924 3326 5012; baseline -0.01 -18"><span class='ocrx_word' id='word_1_876' title='bbox 1752 4939 1982 5010; x_wconf 88' lang='lat' dir='ltr'><strong>Spiritu,</strong></span> <span class='ocrx_word' id='word_1_877' title='bbox 2012 4956 2120 4996; x_wconf 91' lang='lat' dir='ltr'><strong>non</strong></span> <span class='ocrx_word' id='word_1_878' title='bbox 2151 4942 2296 5012; x_wconf 89' lang='lat' dir='ltr'><strong>quod</strong></span> <span class='ocrx_word' id='word_1_879' title='bbox 2345 4950 2538 4996; x_wconf 87' lang='lat' dir='ltr'><strong>natura</strong></span> <span class='ocrx_word' id='word_1_880' title='bbox 2580 4939 2814 5002; x_wconf 74' lang='lat' dir='ltr'><strong>differat,</strong></span> <span class='ocrx_word' id='word_1_881' title='bbox 2843 4934 2940 4991; x_wconf 88' lang='lat' dir='ltr'><strong>sed</strong></span> <span class='ocrx_word' id='word_1_882' title='bbox 2985 4939 3202 5000; x_wconf 87' lang='lat' dir='ltr'><strong>propter</strong></span> <span class='ocrx_word' id='word_1_883' title='bbox 3231 4924 3326 4980; x_wconf 83' lang='lat' dir='ltr'><strong>Fi-</strong></span> 
     </span>
    </p>
   </div>
   <div class='ocr_carea' id='block_1_112' title="bbox 1751 5015 3326 5100">
    <p class='ocr_par' dir='ltr' id='par_1_112' title="bbox 1751 5015 3326 5100">
     <span class='ocr_line' id='line_1_112' title="bbox 1751 5015 3326 5100; baseline -0.01 -14"><span class='ocrx_word' id='word_1_884' title='bbox 1751 5030 1808 5087; x_wconf 90' lang='lat' dir='ltr'><strong>lii</strong></span> <span class='ocrx_word' id='word_1_885' title='bbox 1847 5032 1943 5092; x_wconf 85' lang='lat' dir='ltr'><strong>Dei</strong></span> <span class='ocrx_word' id='word_1_886' title='bbox 1973 5034 2376 5090; x_wconf 86' lang='lat' dir='ltr'><strong>conservatoris</strong></span> <span class='ocrx_word' id='word_1_887' title='bbox 2408 5033 2578 5089; x_wconf 90' lang='lat' dir='ltr'><strong>nostri</strong></span> <span class='ocrx_word' id='word_1_888' title='bbox 2609 5071 2624 5098; x_wconf 94' lang='lat'><strong>,</strong></span> <span class='ocrx_word' id='word_1_889' title='bbox 2655 5031 2747 5100; x_wconf 87' lang='lat' dir='ltr'><strong>qui</strong></span> <span class='ocrx_word' id='word_1_890' title='bbox 2800 5042 2858 5084; x_wconf 91' lang='lat' dir='ltr'><strong>se</strong></span> <span class='ocrx_word' id='word_1_891' title='bbox 2889 5024 3030 5080; x_wconf 88' lang='lat' dir='ltr'><strong>infra</strong></span> <span class='ocrx_word' id='word_1_892' title='bbox 3063 5035 3184 5075; x_wconf 89' lang='lat' dir='ltr'><strong>eum</strong></span> <span class='ocrx_word' id='word_1_893' title='bbox 3221 5015 3326 5073; x_wconf 84' lang='lat' dir='ltr'><strong>mi-</strong></span> 
     </span>
    </p>
   </div>
   <div class='ocr_carea' id='block_1_113' title="bbox 1750 5115 3321 5194">
    <p class='ocr_par' dir='ltr' id='par_1_113' title="bbox 1750 5115 3321 5194">
     <span class='ocr_line' id='line_1_113' title="bbox 1750 5115 3321 5194; baseline -0.008 -14"><span class='ocrx_word' id='word_1_894' title='bbox 1750 5125 1908 5194; x_wconf 88' lang='lat' dir='ltr'><strong>nuit,</strong></span> <span class='ocrx_word' id='word_1_895' title='bbox 1966 5126 2022 5184; x_wconf 89' lang='lat' dir='ltr'><strong>in</strong></span> <span class='ocrx_word' id='word_1_896' title='bbox 2087 5127 2427 5184; x_wconf 86' lang='lat' dir='ltr'><strong>humanitate</strong></span> <span class='ocrx_word' id='word_1_897' title='bbox 2482 5125 2788 5190; x_wconf 84' lang='lat' dir='ltr'><strong>sumenda,</strong></span> <span class='ocrx_word' id='word_1_898' title='bbox 2839 5115 3321 5191; x_wconf 84' lang='lat' dir='ltr'><strong>dispensationem.</strong></span> 
     </span>
    </p>
   </div>
   <div class='ocr_carea' id='block_1_114' title="bbox 1739 5401 2432 5474">
    <p class='ocr_par' dir='ltr' id='par_1_114' title="bbox 1739 5401 2432 5474">
     <span class='ocr_line' id='line_1_114' title="bbox 1739 5401 2432 5474; baseline -0.003 -14"><span class='ocrx_word' id='word_1_899' title='bbox 1739 5418 1882 5460; x_wconf 88' lang='lat' dir='ltr'><strong>mam</strong></span> <span class='ocrx_word' id='word_1_900' title='bbox 1917 5417 1972 5473; x_wconf 90' lang='lat' dir='ltr'><strong>p.</strong></span> <span class='ocrx_word' id='word_1_901' title='bbox 2003 5409 2044 5468; x_wconf 90' lang='lat' dir='ltr'><strong>t,</strong></span> <span class='ocrx_word' id='word_1_902' title='bbox 2080 5419 2138 5474; x_wconf 91' lang='lat' dir='ltr'><strong>q.</strong></span> <span class='ocrx_word' id='word_1_903' title='bbox 2165 5404 2256 5470; x_wconf 76' lang='grc'><strong>45,</strong></span> <span class='ocrx_word' id='word_1_904' title='bbox 2287 5417 2345 5474; x_wconf 58' lang='grc' dir='ltr'><strong>ο,</strong></span> <span class='ocrx_word' id='word_1_905' title='bbox 2377 5401 2432 5458; x_wconf 93' lang='grc'><strong>8.</strong></span> 
     </span>
    </p>
   </div>
   <div class='ocr_carea' id='block_1_115' title="bbox 1779 5461 3435 5558">
    <p class='ocr_par' dir='ltr' id='par_1_115' title="bbox 1779 5461 3435 5558">
     <span class='ocr_line' id='line_1_115' title="bbox 1779 5461 3435 5558; baseline -0.004 -28"><span class='ocrx_word' id='word_1_906' title='bbox 1779 5461 1931 5558; x_wconf 43' lang='grc'><strong>,(20)</strong></span> <span class='ocrx_word' id='word_1_907' title='bbox 1953 5461 2492 5558; x_wconf 38' lang='grc' dir='ltr'>ροορχιΒοὶιΙεὲῇιιηιιδ</span> <span class='ocrx_word' id='word_1_908' title='bbox 2521 5477 2671 5528; x_wconf 89' lang='lat' dir='ltr'><strong>recte</strong></span> <span class='ocrx_word' id='word_1_909' title='bbox 2695 5467 2776 5532; x_wconf 79' lang='grc' dir='ltr'><strong>εἰς</strong></span> <span class='ocrx_word' id='word_1_910' title='bbox 2813 5465 2980 5521; x_wconf 70' lang='grc' dir='ltr'>αὑτός</span> <span class='ocrx_word' id='word_1_911' title='bbox 3014 5464 3187 5523; x_wconf 83' lang='lat' dir='ltr'><strong>codex</strong></span> <span class='ocrx_word' id='word_1_912' title='bbox 3219 5461 3328 5521; x_wconf 81' lang='lat' dir='ltr'><strong>Re-</strong></span> <span class='ocrx_word' id='word_1_913' title='bbox 3427 5516 3435 5524; x_wconf 93' lang='lat'><strong>.</strong></span> 
     </span>
    </p>
   </div>
   <div class='ocr_carea' id='block_1_116' title="bbox 1741 5545 2393 5618">
    <p class='ocr_par' dir='ltr' id='par_1_116' title="bbox 1741 5545 2393 5618">
     <span class='ocr_line' id='line_1_116' title="bbox 1741 5545 2393 5618; baseline -0.005 -19"><span class='ocrx_word' id='word_1_914' title='bbox 1741 5545 1893 5618; x_wconf 55' lang='lat' dir='ltr'><strong>gius,</strong></span> <span class='ocrx_word' id='word_1_915' title='bbox 1919 5547 2000 5609; x_wconf 74' lang='grc' dir='ltr'>εἰς</span> <span class='ocrx_word' id='word_1_916' title='bbox 2024 5545 2207 5608; x_wconf 83' lang='grc' dir='ltr'>αὐτόν,</span> <span class='ocrx_word' id='word_1_917' title='bbox 2235 5545 2393 5618; x_wconf 78' lang='lat' dir='ltr'><strong>male.</strong></span> 
     </span>
    </p>
   </div>
   <div class='ocr_carea' id='block_1_117' title="bbox 1814 5605 3329 5687">
    <p class='ocr_par' dir='ltr' id='par_1_117' title="bbox 1814 5605 3329 5687">
     <span class='ocr_line' id='line_1_117' title="bbox 1814 5605 3329 5687; baseline -0.009 -15"><span class='ocrx_word' id='word_1_918' title='bbox 1814 5616 1929 5687; x_wconf 79' lang='grc'><strong>(21)</strong></span> <span class='ocrx_word' id='word_1_919' title='bbox 1969 5605 2099 5685; x_wconf 67' lang='grc' dir='ltr'>Τοῖς</span> <span class='ocrx_word' id='word_1_920' title='bbox 2123 5605 2211 5683; x_wconf 63' lang='grc' dir='ltr'>εἰς·</span> <span class='ocrx_word' id='word_1_921' title='bbox 2237 5614 2304 5668; x_wconf 82' lang='grc' dir='ltr'>τὸ</span> <span class='ocrx_word' id='word_1_922' title='bbox 2336 5611 2528 5687; x_wconf 75' lang='grc' dir='ltr'>κακὸν</span> <span class='ocrx_word' id='word_1_923' title='bbox 2546 5613 2635 5687; x_wconf 62' lang='grc' dir='ltr'>ἔτι</span> <span class='ocrx_word' id='word_1_924' title='bbox 2670 5605 3208 5687; x_wconf 55' lang='grc' dir='ltr'>ἀποπζπτοινσιααὶ</span> <span class='ocrx_word' id='word_1_925' title='bbox 3231 5605 3329 5687; x_wconf 61' lang='grc' dir='ltr'><strong>ἐκ·</strong></span> 
     </span>
    </p>
   </div>
   <div class='ocr_carea' id='block_1_118' title="bbox 1742 5675 3330 5759">
    <p class='ocr_par' dir='ltr' id='par_1_118' title="bbox 1742 5675 3330 5759">
     <span class='ocr_line' id='line_1_118' title="bbox 1742 5675 3330 5759; baseline -0.008 -17"><span class='ocrx_word' id='word_1_926' title='bbox 1742 5675 2147 5759; x_wconf 71' lang='grc' dir='ltr'>τρὲπὸμένοὶς.</span> <span class='ocrx_word' id='word_1_927' title='bbox 2180 5675 2490 5759; x_wconf 77' lang='lat' dir='ltr'><strong>Legendum</strong></span> <span class='ocrx_word' id='word_1_928' title='bbox 2523 5684 2756 5759; x_wconf 75' lang='lat' dir='ltr'><strong>videtur,</strong></span> <span class='ocrx_word' id='word_1_929' title='bbox 2784 5680 2910 5744; x_wconf 77' lang='grc' dir='ltr'>τοὺς</span> <span class='ocrx_word' id='word_1_930' title='bbox 2944 5680 3024 5744; x_wconf 76' lang='grc' dir='ltr'>εἰς</span> <span class='ocrx_word' id='word_1_931' title='bbox 3062 5677 3122 5731; x_wconf 82' lang='grc' dir='ltr'>τὸ</span> <span class='ocrx_word' id='word_1_932' title='bbox 3160 5675 3330 5732; x_wconf 81' lang='grc' dir='ltr'>κακὸν</span> 
     </span>
    </p>
   </div>
   <div class='ocr_carea' id='block_1_119' title="bbox 1749 5753 3326 5902">
    <p class='ocr_par' dir='ltr' id='par_1_119' title="bbox 1749 5753 3326 5902">
     <span class='ocr_line' id='line_1_119' title="bbox 1749 5753 3017 5830; baseline -0.008 -17"><span class='ocrx_word' id='word_1_933' title='bbox 1749 5753 1830 5813; x_wconf 72' lang='grc' dir='ltr'>ἔτι</span> <span class='ocrx_word' id='word_1_934' title='bbox 1857 5753 2283 5820; x_wconf 56' lang='grc' dir='ltr'>ἀποπίπτοντας</span> <span class='ocrx_word' id='word_1_935' title='bbox 2295 5755 2389 5810; x_wconf 76' lang='grc' dir='ltr'>καὶ</span> <span class='ocrx_word' id='word_1_936' title='bbox 2427 5753 2882 5830; x_wconf 72' lang='grc' dir='ltr'>ἐκτρεπομένους.</span> <span class='ocrx_word' id='word_1_937' title='bbox 3011 5780 3017 5792; x_wconf 81' lang='grc' dir='ltr'><strong>ι</strong></span> 
     </span>
     <span class='ocr_line' id='line_1_120' title="bbox 1824 5813 3326 5902; baseline -0.009 -18"><span class='ocrx_word' id='word_1_938' title='bbox 1824 5830 1938 5902; x_wconf 81' lang='grc'><strong>(22)</strong></span> <span class='ocrx_word' id='word_1_939' title='bbox 1962 5833 2028 5886; x_wconf 74' lang='lat' dir='ltr'><strong>Et</strong></span> <span class='ocrx_word' id='word_1_940' title='bbox 2058 5829 2125 5884; x_wconf 81' lang='grc' dir='ltr'>δὲ</span> <span class='ocrx_word' id='word_1_941' title='bbox 2157 5830 2225 5884; x_wconf 78' lang='grc' dir='ltr'><strong>ἐν</strong></span> <span class='ocrx_word' id='word_1_942' title='bbox 2254 5828 2464 5895; x_wconf 85' lang='grc' dir='ltr'>τούτῳ,</span> <span class='ocrx_word' id='word_1_943' title='bbox 2503 5837 2612 5883; x_wconf 90' lang='lat' dir='ltr'><strong>etc.</strong></span> <span class='ocrx_word' id='word_1_944' title='bbox 2642 5825 2784 5894; x_wconf 78' lang='lat' dir='ltr'><strong>Lege</strong></span> <span class='ocrx_word' id='word_1_945' title='bbox 2811 5824 2873 5876; x_wconf 80' lang='grc' dir='ltr'><strong>Εἰ</strong></span> <span class='ocrx_word' id='word_1_946' title='bbox 2907 5819 2965 5876; x_wconf 85' lang='grc' dir='ltr'><strong>δέ</strong></span> <span class='ocrx_word' id='word_1_947' title='bbox 2999 5838 3082 5884; x_wconf 89' lang='grc' dir='ltr'><strong>τις</strong></span> <span class='ocrx_word' id='word_1_948' title='bbox 3108 5820 3165 5872; x_wconf 85' lang='grc' dir='ltr'>ὲν</span> <span class='ocrx_word' id='word_1_949' title='bbox 3198 5813 3326 5872; x_wconf 84' lang='grc' dir='ltr'>τού-</span> 
     </span>
    </p>
   </div>
   <div class='ocr_carea' id='block_1_120' title="bbox 1748 5921 1844 5972">
    <p class='ocr_par' dir='ltr' id='par_1_120' title="bbox 1748 5921 1844 5972">
     <span class='ocr_line' id='line_1_121' title="bbox 1748 5921 1844 5972; baseline -0.021 -16"><span class='ocrx_word' id='word_1_950' title='bbox 1748 5921 1844 5972; x_wconf 79' lang='grc' dir='ltr'>τῳ,</span> 
     </span>
    </p>
   </div>
  </div>
