3922 6530
617 436 710 491 151

2102 425 2260 483 OR-IG
2271 423 2424 482 ENIS
3767 426 3850 479 152

615 554 768 621 Quod
800 554 843 608 si
889 554 1010 624 quis
1045 566 1110 608 ex
1159 564 1226 606 eo
1265 547 1596 617 offenditur,
1647 549 1791 620 quod
1835 548 1890 603 in
1931 548 2172 602 sumend:

2293 545 2820 616 ένανθρωπήσαντα,
2858 539 3192 611 προσακτέον
3222 539 3383 596 αὐτὸν
3422 541 3533 596 ἀπὸ
3571 541 3675 596 τῶν
3706 542 3764 594 ὲν
3798 545 3848 612 τῇ

615 654 810 698 natura
841 645 1074 699 humana
1107 641 1248 697 infra
1299 641 1540 711 Spiritus
1585 641 1899 711 dignitatem
1933 639 2190 694 Servato-

615 750 730 790 rem
780 737 1123 792 imminutum
1173 735 1438 790 dixerim:
1480 736 1582 790 huc
1636 735 1684 788 ei
1723 733 2061 802 probandum
2105 741 2188 786 est

614 845 681 884 ex
718 829 784 883 iis
809 844 929 898 quae
954 830 1154 900 scripta
1181 840 1307 885 sunt
1336 831 1386 884 in
1418 829 1571 884 Pauli
1599 827 1666 881 ad
1701 825 1954 880 Hebraeos
1977 823 2199 894 Ερίιιιο-Δ

615 920 688 986 la,
723 922 774 976 in
807 935 911 990 qua
940 922 1105 976 etiam
1138 921 1344 993 angelis
1370 923 1637 977 minorem
1671 919 1778 990 63
1809 917 1988 972 .Iesum
2019 916 2186 970 fuisse

614 1025 837 1084 propter
860 1017 1049 1070 mortis
1073 1016 1479 1086 perpessionem
1499 1012 1807 1084 pronuntiat
1829 1029 1844 1076 ;
1869 1009 1945 1063 ait
1965 1009 2108 1064 enim
2132 1008 2181 1061 ἐ

618 1125 638 1159 ι
669 1105 804 1161 Eum
835 1117 1016 1162 autem
1070 1123 1164 1176 qut
1212 1107 1424 1162 modico
1465 1120 1627 1174 quam
1673 1103 1848 1174 angeli
1886 1102 2186 1156 minoratus

613 1210 695 1254 est
721 1241 736 1266 ,
786 1201 1033 1256 videmus
1072 1199 1256 1255 Jesum
1282 1241 1298 1267 ,
1336 1209 1561 1270 propter
1596 1198 1901 1268 passionem
1952 1193 2144 1249 mortis
2167 1233 2182 1260 ,

610 1291 780 1360 gloria
830 1303 884 1347 et
911 1293 1116 1348 honore
1161 1300 1504 1347 coronatum.
1545 1307 1564 1342 ι
1599 1288 1708 1345 Aut
1742 1289 1843 1343 hoc
1873 1287 2032 1341 etiam
2077 1283 2183 1339 dici

606 1395 783 1456 potest
810 1395 1006 1442 creata:
1034 1397 1244 1440 naturae
1273 1422 1290 1448 ,
1325 1393 1382 1438 ut
1412 1398 1442 1436 a
1471 1383 1733 1438 servitute
1768 1380 2024 1434 interitus
2062 1394 2185 1434 cor-

610 1479 982 1548 ruptionisque
1005 1479 1352 1539 liberaretur,
1393 1485 1556 1544 atque
1587 1473 1752 1527 etiam
1787 1472 2064 1527 hominum
2092 1486 2185 1541 ge-

606 1572 720 1626 neri
759 1571 918 1626 beata
954 1585 1019 1624 ac
1057 1568 1240 1624 divina
1274 1568 1515 1632 virtute,
1560 1574 1619 1621 ut
1655 1566 1727 1620 ita
1763 1564 1966 1631 dicam,
1999 1565 2180 1619 incar-

604 1672 731 1718 nata
763 1677 898 1732 opus
932 1661 1098 1718 fuisse
1127 1701 1144 1728 ,
1175 1677 1296 1732 quae
1328 1677 1390 1717 ea
1432 1662 1594 1715 etiam
1629 1674 1751 1729 quae
1779 1659 1831 1712 in
1869 1666 2010 1712 terra
2055 1667 2181 1712 sunt

604 1755 906 1824 corrigeret
933 1772 947 1821 ;
979 1763 1034 1810 et
1062 1753 1460 1823 quodammodo
1492 1753 1632 1806 hanc
1661 1751 1930 1806 actionem
1961 1749 2026 1804 ad
2055 1765 2181 1806 san-

605 1852 751 1899 ctum
779 1845 1038 1914 Spiritum
1071 1843 1370 1915 pertinere,
1399 1859 1559 1908 quam
1591 1858 1716 1898 cum
1745 1841 1892 1897 ferre
1915 1856 2019 1896 non
2051 1856 2178 1911 pos-

605 1949 711 2002 set,
736 1937 1080 1992 Servatorem
1114 1935 1272 1992 oﬂert
1294 1945 1348 1990 et
1377 1936 1652 2006 proponit,
1681 1943 1739 1990 ut
1767 1935 1858 2005 qui
1895 1933 2045 1990 solus
2078 1934 2178 1989 hoc

606 2038 880 2083 certamen
913 2039 1096 2096 posset
1123 2028 1430 2083 sustinere:
1463 2027 1624 2082 Pater
1652 2027 1815 2082 etiam
1843 2036 1899 2081 nt
1927 2026 2179 2095 princeps

601 2119 796 2174 Filium
828 2121 1070 2185 mittens,
1107 2135 1212 2174 una
1251 2119 1518 2191 Spiritum
1548 2135 1766 2190 quoque
1802 2121 1988 2186 mittit,
2019 2135 2176 2191 quem

601 2223 755 2267 certo
787 2221 1026 2281 tempore
1059 2214 1449 2269 descensurum
1488 2213 1554 2265 ad
1596 2212 1692 2267 Dei
1725 2212 1945 2279 Filium,
1976 2221 2033 2268 et
2071 2227 2175 2266 una

600 2303 880 2359 hominum
924 2304 1156 2361 salutem
1207 2317 1559 2376 cperaturum
1586 2303 2018 2375 eﬂ’ecturumque
2047 2321 2174 2377 pro-

599 2396 844 2452 miserat.
881 2395 932 2450 Id
974 2398 1116 2465 quod
1151 2397 1406 2468 perfecit,
1439 2405 1574 2464 tum,
1603 2413 1728 2454 cum
1759 2412 2022 2467 corporea
2051 2413 2173 2468 spe-

599 2487 685 2542 cie
740 2486 1004 2543 columbac
1053 2489 1120 2544 ad
1156 2505 1278 2543 eum
1331 2496 1453 2559 post
1486 2489 1761 2544 lavacrum
1797 2488 1998 2542 volavit
2031 2490 2072 2553 ε,
2122 2499 2178 2544 et

600 2580 854 2636 insistens
895 2598 998 2637 non
1046 2583 1311 2652 praeteriit
1352 2600 1364 2635 :
1404 2582 1548 2651 quod
1597 2580 1727 2637 fecit
1758 2580 1986 2637 fortasse
2034 2582 2175 2651 apud
2215 2625 2220 2628 .

597 2669 868 2738 homines,
896 2675 984 2742 qui
1012 2673 1125 2742 ejus
1157 2674 1496 2743 majestatem
1529 2674 1748 2730 assidue
1783 2673 1928 2730 ferre
1951 2689 2056 2730 non
2081 2691 2176 2745 po-

599 2772 795 2820 terant.
824 2765 1007 2836 Itaque
1037 2767 1352 2836 signiﬁcans
1382 2765 1622 2823 Joannes
1650 2778 1701 2822 et
1735 2768 1962 2837 loquens
1992 2769 2057 2822 de
2083 2783 2170 2822 co-

593 2855 839 2925 gnitione
872 2857 1126 2926 quisnam
1156 2858 1408 2914 Christus
1434 2870 1601 2925 esset,
1634 2873 1738 2914 non
1779 2859 1956 2914 solum
2001 2858 2176 2929 Spiri-

593 2959 681 3004 tus
707 2950 770 3002 ad
797 2947 982 3004 Jesum
1011 2951 1332 3006 descensum
1363 2960 1570 3018 narrat,
1593 2952 1687 3007 sed
1720 2936 1929 3023 prazter'
1951 2951 2174 3008 descen-

592 3055 712 3094 sum
743 3041 888 3095 illius
913 3042 966 3094 in
1000 3043 1116 3111 ipso
1156 3043 1491 3098 mansionem
1517 3045 1559 3099 ".
1595 3044 1868 3115 Scriptum
1913 3051 1997 3099 est
2025 3047 2170 3100 enim

591 3129 695 3184 hoc
717 3129 918 3186 dixisse
949 3129 1252 3188 Joannem:
1285 3153 1303 3186 ι
1331 3134 1432 3201 Qui
1458 3137 1606 3191 misit
1639 3150 1724 3192 me
1759 3136 2059 3206 baptizare,
2088 3138 2168 3192 di-

2291 637 2426 708 πρὸς
2475 636 2753 706 Ἑϐραίους
2802 633 3108 705 λεγομένων
3144 633 3423 708 Ἐπιστολῇ
3475 637 3570 690 καὶ
3628 635 3851 704 ἀγγέλων

2289 729 2544 784 ἐλάττονα
2570 728 2657 782 διὰ
2685 728 2744 780 τὸ
2773 726 3001 798 πάθημα
3040 724 3132 780 τοῦ
3173 725 3400 782 Θανάτου
3447 725 3849 798 ἀποφηναμένου

2287 821 2380 876 τοῦ
2415 820 2628 874 Παύλου
2655 820 2934 890 γεγονέναι
2965 818 3056 872 τὸν
3095 817 3337 890 Ἰησοῦν·
3375 819 3508 890 φησὶ
3532 819 3674 888 γάρ·
3709 836 3730 869 ι
3763 817 3851 869 Τὸν

2287 913 2344 966 δέ
2391 909 2561 984 βραχύ
2609 929 2659 964 τι
2702 912 2829 981 παρ’
2863 908 3126 978 ἀγγέλους
3167 909 3548 980 ἠλαττωμένον
3603 907 3851 978 βλέπομεν

2301 1002 2506 1074 Ἰησοῦν
2547 1001 2634 1055 διὰ⁸
2660 1001 2724 1054 τὸ
2770 1000 2998 1071 πάθημα
3033 999 3128 1052 τοῦ
3161 999 3392 1054 θανάτου
3433 999 3564 1072 δόξῃ
3595 997 3685 1052 καὶ
3729 999 3851 1068 τιμῇ

2287 1094 2752 1165 ἐστεφανωμένον.
2782 1111 2800 1144 ι
2829 1094 2898 1144 Ἦ
2919 1091 3062 1164 τάχα
3092 1091 3203 1146 ἔστι
3227 1093 3321 1144 καὶ
3353 1091 3510 1145 τοῦτο
3540 1092 3706 1143 εἰπεῖν
3726 1089 3850 1160 (‘25),

2285 1188 2367 1240 ὅτι
2398 1187 2567 1240 ἐδεῖτο
2592 1189 2624 1258 ή
2655 1185 2829 1248 κτίσις
2864 1183 3004 1256 ὑπὲρ
3032 1183 3126 1238 τοῦ
3172 1182 3602 1253 ἐλευθερωθῆναι
3634 1181 3739 1236 ἀπὸ
3766 1181 3854 1251 τῆς

2285 1279 2530 1341 δουλείας
2558 1277 2655 1349 τῆς
2687 1275 2912 1348 φθορᾶς,
2954 1273 3088 1329 ἀλλὰ
3120 1276 3212 1328 καὶ
3239 1272 3542 1345 ἀνθρώπων
3579 1273 3730 1342 γένος
3763 1289 3853 1342 μα-

2285 1372 2483 1444 καρίας
2531 1371 2625 1426 καὶ
2685 1370 2834 1435 θείας
2883 1369 3164 1440 δυνάμεως
3225 1365 3692 1437 ἐνανθρωπούσης,
3742 1365 3852 1435 ἥτις

2282 1464 2631 1537 διορθώσεται
2669 1464 2762 1517 καὶ
2791 1463 2860 1516 τὰ
2900 1463 2993 1516 ἐπὶ
3022 1462 3121 1531 τῆς
3153 1460 3255 1530 γῆς
3278 1476 3292 1488 ·
3353 1457 3448 1510 καὶ
3487 1456 3725 1525 ὡσπερεὶ
3764 1457 3850 1508 ἐπ-

2287 1555 2481 1610 έϐαλλέ
2505 1572 2622 1619 πως
2637 1555 2712 1626 τῷ
2731 1553 2871 1626 ἁγίῳ
2903 1552 3178 1623 Πνεύματι
3205 1551 3236 1620 ή
3261 1547 3459 1619 πρᾶξις
3486 1547 3647 1629 αῦτη,
3673 1547 3851 1618 ἥντινα

2283 1634 2574 1717 ὑπομένειν
2613 1645 2674 1698 οὐ
2724 1645 3017 1716 δυνάμενον
3056 1642 3164 1713 (24)
3205 1639 3564 1713 προϐάλλεται
3614 1639 3699 1692 τὸν
3753 1640 3852 1690 Σω-

2281 1741 2443 1813 τῆρα,
2471 1739 2546 1803 ὡς
2583 1738 2643 1792 τὸ
2673 1738 2989 1810 τηλικοῦτον
3021 1733 3180 1792 ἆθλον
3213 1735 3372 1806 μόνον
3414 1735 3659 1802 ἐνεγκεῖν
3697 1733 3850 1785 δυνά-

2285 1850 2464 1904 μενον,
2493 1829 2704 1886 καὶτοῦ
2743 1830 2958 1902 Πατρὸς
2994 1830 3068 1892 ὡς
3097 1828 3400 1900 ἡγουμένου
3444 1825 3851 1888 ἀποστέλλοντος

2280 1926 2369 1980 τὸν
2395 1925 2543 1989 Υίὸν,
2583 1923 2997 1980 συναποστέλλει
3019 1922 3112 1976 καλ⁵
3144 1919 3576 1993 συμπροπέμπει
3605 1919 3664 1972 τὸ
3705 1921 3852 1988 ἆγιον

2279 2018 2505 2090 Πνεῦμα
2551 2019 2735 2075 αὐτὸν,
2775 2020 2834 2070 ὲν
2874 2013 3051 2086 καιρῷ
3095 2013 3520 2085 ὑπισχνούμενον
3561 2012 3853 2083 καταϐῆναι

2281 2109 2420 2181 πρὸς
2461 2110 2551 2164 τὸν
2589 2109 2718 2164 Υἱὸν
2763 2109 2858 2162 τοῦ
2905 2106 3063 2171 Θεοῦ,
3117 2107 3210 2160 καὶ
3253 2107 3588 2177 συνεργῆσαι
3637 2107 3698 2176 τῇ
3753 2105 3853 2158 τῶν

2279 2201 2581 2274 ἀνθρώπων
2621 2203 2883 2276 σωτηρίᾳ.
2911 2199 3081 2256 Τοῦτο
3113 2200 3169 2253 δὲ
3199 2197 3498 2270 πεποίηκεν
3532 2198 3621 2252 ὅτε
3646 2196 3720 2268 τῷ
3757 2214 3854 2249 σω-

2282 2295 2495 2367 ματικῷ
2540 2295 2671 2349 εῖδει
2707 2296 2837 2349 ὡσεὶ
2882 2292 3181 2368 περιστερὰ
3227 2292 3336 2363 (‘25)
3377 2293 3671 2362 ἐφίπταται
3721 2291 3854 2359 μετᾶ

2277 2387 2336 2442 τὸ
2367 2387 2588 2455 λουτρὸν
2618 2385 2786 2458 αὐτῷ,
2815 2387 2910 2440 καὶ
2947 2384 3176 2438 ἐπιστὰν
3212 2383 3272 2437 οὐ
3309 2381 3680 2454 παρέρχεται·
3716 2381 3854 2451 τάχα

2277 2483 2334 2535 ἐν
2365 2478 2671 2552 ἀνθρώποις
2697 2478 2852 2532 τοῦτο
2891 2477 3247 2548 πεποιηκότος
3287 2474 3398 2548 (26)
3429 2476 3543 2537 τοῖς
3589 2473 3663 2544 μὴ
3699 2472 3857 2542 δυνη-

2277 2573 2446 2628 θεῖσιν
2493 2571 2850 2635 ἀδιαλείπτως
2880 2570 3072 2648 ιρέρειν.
3109 2567 3274 2622 αὐτοῦ
3315 2565 3412 2640 τὴν
3451 2565 3631 2629 δόξαν.
3664 2565 3857 2636 Διόπερ

2279 2667 2556 2740 σημαίνων
2594 2665 2706 2736 (27)
2752 2666 2780 2718 6
2831 2663 3086 2734 Ἰωάννης
3139 2661 3265 2732 περὶ
3308 2660 3404 2714 τοῦ
3451 2657 3658 2728 γνῶναι
3711 2657 3857 2719 ὅστις

2277 2761 2406 2815 ποτέ
2437 2760 2586 2812 ἐστιν
2612 2758 2641 2810 6
2670 2757 2903 2830 Χριστὸς
2921 2755 3041 2826 οὐχὶ
3066 2752 3232 2825 μόνην
3271 2753 3368 2824 τήν
3399 2752 3493 2806 ἐπὶ
3521 2749 3616 2806 τὸν
3655 2749 3859 2822 Ἰησοῦν

2275 2853 2575 2909 κατάϐασιν
2612 2850 2706 2905 τοῦ
2737 2850 3072 2916 Πνεῦματος,
3113 2845 3250 2901 άλλά
3280 2846 3418 2918 πρὸς
3457 2848 3523 2917 τῇ
3561 2845 3859 2900 καταϐάσει

2274 2947 2372 3019 τήν
2409 2948 2467 2998 ἐν
2510 2943 2659 3015 αὐτῷ
2708 2943 2894 3016 μονήν.
2941 2941 3254 3023 Γέγραπται
3300 2937 3407 3011 γὰρ
3443 2938 3724 3010 εἰρηκέναι
3775 2937 3859 2990 τὸν

2287 3040 2558 3110 Ἰωάννην,
2603 3039 2684 3090 ὅτι
2738 3055 2756 3086 ι
2841 3035 2898 3087 Ὀ
2952 3033 3174 3104 πέμψας
3230 3049 3297 3103 με
3342 3029 3628 3102 βαπτίζειν
3675 3025 3854 3083 εἶπεν·

2287 3129 2401 3198 Ἐφ’
2428 3129 2486 3181 ὃν
2514 3127 2580 3181 ἂν
2618 3127 2732 3200 ἴδῃς
2755 3125 2816 3180 τὸ
2842 3124 3065 3196 Πνεῦμα
3086 3123 3409 3179 καταϐαῖνον
3444 3124 3539 3178 καὶ
3571 3124 3732 3195 μένον
3776 3123 3857 3177 ἐπ’

590 3221 711 3276 xit:
744 3221 917 3291 Super
959 3239 1118 3294 quem
1154 3226 1361 3282 videris
1412 3226 1679 3298 Spiritum
1729 3229 2168 3293 descendentem,

2277 3218 2459 3282 αὑτὸν,
2503 3212 2655 3280 οὗτός
2697 3219 2846 3270 ἐστιν
2886 3218 2914 3270 ὁ
2961 3213 3234 3286 βαπτίζων
3283 3216 3341 3268 ἐν
3396 3213 3680 3285 Πνεῦματι
3721 3216 3862 3286 ἁγίῳ

589 3324 645 3368 et
671 3325 976 3371 manentem
1001 3333 1167 3388 super
1188 3334 1334 3385 eum,
1366 3320 1454 3376 hic
1475 3329 1558 3375 est
1581 3321 1668 3390 qui
1695 3321 1934 3392 baptizat
1964 3323 2014 3378 in
2055 3323 2169 3394 Spi-

590 3412 700 3461 ritu
728 3417 782 3462 et
808 3409 986 3479 igne'.
1021 3429 1040 3462 ι
1074 3409 1190 3465 Non
1215 3411 1361 3466 enim
1395 3413 1616 3478 dicitur,
1655 3432 1674 3466 ι
1703 3414 1878 3484 Super
1903 3430 2062 3484 quem
2096 3417 2169 3472 vi-

591 3499 738 3556 deris
760 3498 1020 3571 Spiritum
1050 3505 1469 3560 descendentem
1491 3524 1511 3557 ι
1545 3505 1739 3570 solum,
1773 3508 1914 3577 quod
1941 3506 2168 3564 fortasse

591 3591 755 3645 etiam
791 3594 856 3647 ad
895 3594 1031 3650 alios
1064 3596 1180 3665 ipse
1213 3596 1608 3665 descenderet,
1644 3599 1738 3654 sed
1783 3619 1801 3652 ι
1831 3600 2168 3656 descenden-

593 3693 699 3736 tem
739 3693 793 3739 et
829 3697 1135 3742 manentem
1182 3703 1346 3759 super
1377 3690 1574 3759 ipsum.
1605 3710 1625 3745 ι
1664 3691 1789 3748 Haec
1812 3703 1991 3748 autem
2027 3694 2164 3749 mul-

592 3784 703 3828 tum
727 3791 791 3830 ac
818 3777 908 3832 diu
931 3781 1242 3834 examinata
1273 3795 1402 3837 sunt
1427 3784 1580 3838 nobis
1606 3785 1817 3855 planius
1841 3795 1891 3841 et
1922 3789 2166 3857 apertius

589 3869 776 3925 videre
813 3873 1118 3932 volentibus
1145 3917 1160 3944 ,
1197 3880 1487 3947 quomodo,
1533 3879 1579 3934 si
1627 3879 1812 3934 omnia
1858 3894 1956 3949 per
1989 3881 2164 3951 ipsum

588 3963 732 4019 facta
767 3975 915 4033 sunt,
959 3967 1199 4039 Spiritus
1227 3970 1393 4026 etiam
1429 3985 1530 4040 per
1562 3970 1801 4026 Verbum
1837 3971 2014 4028 factus
2038 3983 2161 4038 est,

586 4057 680 4124 qui
721 4075 822 4112 una
856 4075 922 4114 ex
968 4061 1132 4117 rebus
1180 4063 1536 4118 inferioribus
1584 4079 1650 4118 eo
1693 4078 1790 4134 per
1836 4065 1975 4134 quod
2007 4064 2165 4118 facta:

586 4157 737 4212 sunt,
792 4149 1164 4220 intelligatur,
1206 4153 1420 4209 etiamsi
1473 4155 1636 4210 verba
1688 4155 1934 4224 quaedam
1964 4171 2064 4211 nos
2109 4156 2162 4210 in

585 4239 918 4294 contrariam
947 4252 1154 4311 partem
1188 4246 1406 4300 trahere
1436 4245 1741 4300 videantur.
1775 4245 1930 4314 Quod
1965 4248 2010 4302 si
2040 4249 2163 4317 quis

586 4328 937 4389 llebrazorum
978 4335 1329 4408 Evangelium
1377 4340 1638 4410 proferat,
1671 4342 1724 4396 in
1762 4357 1869 4411 quo
1903 4342 2161 4398 Servator

583 4420 700 4489 ipse
748 4423 860 4480 haec
891 4425 1053 4482 dicit:
1087 4429 1201 4502 64
1234 4450 1251 4483 ι
1283 4431 1441 4488 Modo
1472 4434 1684 4504 accepit
1720 4449 1806 4490 me
1846 4443 2020 4490 mater
2041 4449 2159 4489 mea

583 4523 803 4571 sanctus
833 4518 1092 4588 Spiritus,
1139 4537 1247 4578 uno
1299 4525 1620 4595 capillorum
1666 4541 1910 4581 meorum
1936 4565 1952 4589 ,
1984 4538 2039 4584 et
2073 4543 2160 4584 me

2277 3310 2371 3365 καὶ
2417 3311 2569 3380 πυρί.
2614 3328 2631 3361 ι
2668 3309 2742 3362 Οὐ
2774 3308 2883 3380 γὰρ
2926 3307 3162 3376 λέγεται,
3205 3325 3224 3358 ι
3287 3307 3400 3375 Ἐφ’
3428 3306 3486 3359 ὃν
3531 3305 3598 3360 ἂν
3644 3307 3762 3380 ἴδῃς
3806 3309 3862 3359 τὸ

2277 3403 2501 3474 Πνεῦμα
2543 3402 2886 3465 καταϐαῖνον,
2917 3420 2936 3452 ι
2987 3399 3167 3471 μόνον,
3219 3399 3360 3469 τάχα
3403 3400 3498 3452 καὶ
3546 3400 3634 3451 ἐπ’
3669 3399 3863 3460 ἄλλους

2275 3493 2711 3565 καταϐεϐηκότος
2744 3491 2930 3553 αὐτοῦ,
2963 3491 3097 3545 ἀλλὰ
3126 3509 3144 3543 ι
3192 3490 3542 3556 καταϐαῖνον,
3575 3490 3670 3545 καὶ
3697 3491 3871 3562 μένον,

2275 3589 2360 3640 ἐπ’
2392 3587 2570 3641 αὐτόν.
2603 3606 2619 3637 ι
2653 3584 2836 3640 Ταῦτα
2862 3585 2919 3638 δὲ
2956 3584 3184 3638 ἐπιπολὺ
3208 3584 3495 3656 ἐξήτασται
3526 3584 3864 3655 σαφέστερον

2277 3680 2403 3734 ἰδεῖν
2443 3679 2787 3750 βουλομένοις
2815 3677 2954 3743 πῶς,
2993 3679 3041 3730 εἰ
3088 3677 3269 3731 πάντα
3310 3677 3377 3730 δι’
3406 3677 3570 3731 αὑτοῦ
3614 3677 3860 3746 ἐγένετο,

2273 3772 2369 3825 καὶ
2395 3770 2454 3824 τὸ
2482 3769 2704 3842 Πνεῦμα
2739 3770 2828 3824 διά
2873 3768 2965 3823 τοῦ
3005 3770 3178 3839 Λόγου
3223 3771 3459 3839 ἐγένετο,
3493 3769 3552 3823 ἓν
3581 3770 3686 3823 τῶν
3719 3770 3864 3823 πάν-

2272 3878 2378 3916 των
2409 3861 2671 3931 τυγχάνον
2706 3860 3112 3932 ὑποδεεστέρων
3153 3861 3246 3914 τοῦ
3283 3861 3392 3932 (28)
3432 3860 3500 3914 δι’
3532 3854 3596 3914 οῦ
3643 3861 3868 3928 ἐγένετο

2271 3955 2580 4025 νοούμενον,
2623 3954 2672 4006 εἰ
2702 3953 2794 4007 καλ¹
2833 3952 3006 4017 λέξεις
3039 3953 3182 4018 τινές
3210 3954 3483 4025 περισπᾷν
3513 3954 3774 4025 ἡμᾶς,είς
3805 3953 3871 4005 τὸ

2274 4047 2521 4102 ἐναντίον
2559 4045 2827 4100 δοκοῦσιν.
2890 4046 3016 4102 Ἐὰν
3061 4046 3118 4100 δὲ
3160 4046 3444 4117 προσίεταί
3493 4064 3580 4110 τις
3627 4046 3688 4099 τὸ
3737 4045 3866 4099 καθ’

2284 4139 2567 4212 Ἐϐραίους
2601 4138 2951 4208 Εὑαγγέλιον,
2984 4139 3112 4194 ἔνθα
3146 4139 3304 4202 αὐτὸς
3345 4140 3374 4191 ό
3401 4139 3600 4212 Σωτήρ
3648 4157 3824 4210 φησιν
3850 4155 3866 4169 ⁸

2276 4251 2294 4284 ι
2337 4234 2496 4304 Ἀρτι
2520 4233 2678 4287 ἔλαϐέ
2708 4235 2834 4306 μεή
2865 4234 3048 4306 μήτηρ
3084 4251 3186 4305 μου
3214 4233 3275 4286 τὸ
3318 4233 3472 4302 ἅγιον
3523 4231 3756 4304 Πνεῦμα
3807 4234 3866 4285 ἐν

2275 4337 2374 4407 μιᾷ
2403 4334 2512 4388 τῶν
2536 4337 2736 4407 τριχῶν
2773 4354 2898 4407 μου,
2930 4338 3024 4390 καὶ
3057 4336 3328 4406 ἀπένεγκέ
3379 4354 3447 4408 με
3488 4338 3570 4402 είς
3619 4337 3682 4391 τὸ
3732 4337 3868 4408 ὅρος

2268 4436 2330 4488 τὸ
2362 4435 2503 4507 μέγα
2537 4434 2766 4506 Θαϐώρ’
2808 4455 2827 4487 ι
2861 4437 3199 4508 ἐπαπορήσει
3245 4435 3362 4499 πῶς
3393 4439 3578 4508 μήτηρ
3609 4434 3864 4509 Χριστοῦ

2268 4530 2330 4583 τὸ
2368 4528 2457 4582 διὰ
2482 4527 2576 4581 τοῦ
2626 4529 2802 4598 Λόγου
2840 4528 3208 4600 γεγενημένον
3250 4528 3476 4600 Πνεῦμα
3515 4531 3674 4599 ἆγιον
3717 4526 3871 4582 εἶναι

651 4629 674 4662 ⁵
705 4629 864 4687 ilebr.
897 4649 960 4699 ιι,
1004 4635 1058 4690 9.
1135 4639 1156 4670 °
1179 4637 1311 4694 Luc.
1349 4656 1430 4704 ιιι,
1458 4642 1552 4698 22.
1627 4643 1648 4675 "
1674 4641 1830 4698 Joan.
1857 4661 1896 4707 ι,
1923 4644 2013 4699 '52.
2089 4645 2111 4678 ⁸
2140 4645 2281 4701 ibid.‘

653 4747 861 4831 (25)“3
896 4750 1051 4831 τρχᾳ
1087 4753 1217 4831 ἐστὶ
1261 4756 1381 4831 καὶΔ
1405 4757 1581 4831 τοῦτο
1619 4757 1831 4822 εἰπεῖν,
1869 4768 1977 4815 etc.
2017 4758 2160 4813 Mor-

2275 4761 2386 4813 ilice
2408 4759 2576 4829 Regio
2601 4759 2821 4831 legitur,
2852 4759 2909 4811 ἓν
2935 4759 3043 4814 τῶν
3085 4759 3302 4814 πάντων
3336 4761 3625 4831 τυγχάνων
3660 4761 3871 4816 ὑποδει-

589 4819 659 4874 tis
687 4821 886 4888 quippe
913 4819 1114 4877 Christi
1154 4827 1477 4882 beneﬁcium
1507 4829 1574 4881 ad
1605 4819 1827 4883 creatas
1862 4844 1949 4882 res
1971 4845 2162 4885 omnes
2189 4887 2191 4890 ,

582 4891 860 5013 plertinere
899 4894 1088 4960 voluit,
1125 4905 1181 4949 ut
1229 4899 1280 4952 in
1323 4896 1663 4968 Origenianis
1696 4899 2158 4956 demonstramus.

636 4975 847 5013 uerius.

636 4975 847 5016 UI-ITIUS.

581 5029 627 5108 ξ,
656 5031 768 5099 (Ἡ)
805 5033 1065 5108 ,Ἦν-τινα
1099 5037 1424 5108 ὑπομένειν
1486 5040 1557 5092 οὐ
1618 5037 1980 5108 δυνάμενον,
2045 5048 2153 5093 etc.

583 5096 817 5179 nu.in
848 5109 1084 5179 generis
1136 5096 1436 5179 redemptio
1486 5109 1682 5163 Filiqu
1715 5096 1936 5179 quidem
1968 5096 2156 5178 potius

583 5127 817 5154 numam
869 5127 1084 5173 generis
1136 5127 1436 5179 reuempuo
1486 5127 1682 5163 rutum
1756 5127 1936 5163 niuem
1979 5127 2156 5178 ponus

582 5186 746 5238 quant
771 5172 1028 5242 Spiritum
1067 5190 1316 5233 sanctum
1348 5180 1598 5244 decebat,
1631 5189 1690 5232 ut
1715 5127 1879 5233 iiucet
1919 5180 2158 5233 Thomas

583 5255 636 5320 p.
675 5255 756 5305 ιιι,
781 5257 835 5311 q.
867 5245 920 5310 5,
951 5257 1054 5320 art.
1092 5250 1145 5303 8.
1192 5247 1432 5319 Uterque
1461 5259 1640 5303 autem
1694 5251 1745 5303 id
1791 5250 2036 5303 muneris
2063 5264 2158 5319 pa-

583 5317 962 5387 riternexsequi
995 5328 1231 5387 poterat.
1265 5320 1340 5372 In.

617 5450 629 5461 ε
653 5381 765 5453 (‘25)
801 5383 964 5439 Recte
986 5381 1152 5461 codex
1181 5387 1508 5443 Bodleianus
1531 5389 1850 5459 περιστερά,
1889 5387 2026 5443 male
2049 5389 2148 5444 Re-
2173 5401 2176 5403 '

987 5459 1010 5474 η

579 5465 700 5528 gms
721 5465 1034 5528 περιστερᾷ,

795 5524 1217 5600 gemmam.
1247 5527 1390 5596 Lege
1421 5529 1742 5600 πεποιηκός.

652 5594 764 5665 (‘27)
795 5599 1126 5662 Σημαίνων.
1159 5599 1300 5666 Lege
1328 5594 1623 5671 σημαίνει,”
1643 5612 1734 5653 aut
1759 5600 1802 5654 si
1830 5614 2017 5655 servas
2125 5631 2151 5641 -

652 5665 812 5723 ιίνων,
850 5668 994 5720 aliud
1024 5669 1245 5720 verbum
1285 5670 1474 5723 sumde
1501 5672 1644 5723 quod
1677 5681 1830 5723 regat
1865 5672 1988 5723 οὐγὶ
2051 5617 2149 5723 :2-

585 5665 812 5741 μαίνων,
837 5668 994 5741 aliud
1024 5665 1256 5741 verhuni
1285 5665 1480 5741 supple
1501 5672 1644 5738 quod
1677 5681 1830 5741 regat
1865 5672 1988 5740 οὐχὶ
2049 5665 2149 5741 μό-

578 5734 800 5807 νην-τὴν
832 5737 923 5788 ἐπὶ
943 5738 1033 5807 τὸν
1078 5736 1282 5807 Ἰησοῦν
1313 5734 1630 5805 κατάϐασιν,
1659 5734 1766 5796 ει(ξῖ

651 5805 761 5884 με)
800 5809 904 5884 Ἓν
928 5806 1046 5861 τῶν
1089 5805 1330 5884 adven)?
1375 5811 1686 5884 τυγχάνον
1708 5810 2156 5884 ὑποδεεστέρων

577 5878 704 5940 τοῦ,
741 5887 846 5932 etc.
875 5878 951 5932 Ita
981 5889 1131 5934 recte
1162 5881 1328 5934 habet
1355 5878 1524 5937 codex
1559 5880 1924 5948 Bodleianus;
1976 5878 2041 5935 in,
2061 5899 2154 5938 c0-

2267 4831 2499 4903 éatepog
2546 4830 2662 4894 τοῦ,
2707 4831 3004 4903 _e_tc.__Quae
3033 4840 3203 4903 ferte
3248 4833 3538 4903 manifesto
3589 4835 3868 4888 mendosa

2267 4899 2417 4955 Sunt.
2457 4901 2595 4954 Nam
2629 4901 2756 4970 quid
2805 4900 2904 4954 sibi
2963 4899 3123 4956 vellet
3173 4901 3454 4968 Origenes,
3491 4901 3672 4971 inquit
3707 4903 3872 4958 llncu

2267 4973 2394 5036 tius,
2427 4973 2470 5026 si
2509 4972 2776 5040 Spiritum
2831 4982 3080 5024 sanctum
3117 4989 3284 5025 ιιιιιιιιι
3324 4988 3355 5025 e
3393 4973 3561 5028 rebus
3594 4977 3872 5028 omnibus

2261 5057 2383 5111 qua:
2413 5057 2441 5096 a
2476 5042 2638 5096 Patre
2683 5051 2739 5095 et
2769 5040 2912 5095 Filio
2955 5042 3162 5097 habent
3197 5050 3256 5095 ut
3297 5043 3426 5105 sint,
3467 5044 3744 5097 minorem
3796 5062 3872 5099 eo

2261 5127 2382 5166 esse
2410 5113 2720 5182 scripsisset
2755 5128 2782 5164 a
2809 5127 2916 5178 quo
2945 5124 3030 5167 est
3057 5113 3077 5165 ’ἒ
3105 5114 3416 5179 Legendum
3445 5127 3577 5182 ergo
3605 5131 3619 5166 :
3654 5113 3716 5165 ἓν
3747 5115 3872 5168 τῶν

2263 5182 2481 5236 πάντων
2519 5181 2785 5254 τυγχάνον
2819 5182 3242 5254 ὑποδεεστέρων,
3275 5194 3379 5254 etc.
3421 5181 3677 5254 Spiritus
3734 5200 3872 5240 san-

2265 5265 2386 5307 ctus
2412 5269 2515 5306 una
2547 5265 2632 5307 est
2654 5268 2720 5306 ex
2751 5253 2817 5308 iis
2853 5256 3017 5307 rebus
3046 5253 3167 5322 quae
3185 5270 3250 5309 eo
3273 5253 3568 5308 inferiores
3593 5266 3728 5322 sunt
3760 5271 3872 5322 per

2265 5325 2410 5391 quod
2443 5333 2587 5377 sunt.
2633 5322 2787 5390 Quod
2839 5332 3020 5377 autem
3075 5324 3336 5392 Spiritum
3381 5333 3638 5379 sanctum
3669 5324 3872 5381 Verbo

2267 5394 2537 5449 minorem
2573 5395 2783 5455 statuit,
2819 5393 3255 5450 consentientem
3284 5393 3449 5448 habet
3479 5394 3868 5449 Athanasium

2260 5475 2400 5518 orat.
2429 5465 2465 5530 2
2493 5465 2708 5530 Advers.
2737 5463 2967 5530 Ariditas
2993 5480 3012 5518 :
3043 5463 3280 5530 Τοιαῦτα
3309 5464 3408 5530 μὲν
3433 5461 3526 5530 οὖν
3559 5468 3677 5528 τοῖς
3724 5467 3871 5519 Ἰου-

2255 5531 2422 5613 δαίοις
2441 5529 2516 5613 ως
2536 5527 2631 5582 άνθ
2641 5543 2819 5613 ρωπρς
2851 5528 3034 5613 έλεγεν
3054 5529 3083 5580 ὁ
3098 5527 3334 5613 ,Κύριοςλ
3357 5531 3470 5613 τοῖς
3491 5529 3548 5613 δέ
3574 5527 3872 5613 μαθηταῖς

2255 5599 2354 5668 τὴν
2397 5598 2658 5666 θεότητα,
2690 5597 2784 5650 καὶ¹
2823 5597 2921 5667 τήν
2954 5597 3350 5668 μεγαλειότητα
3371 5597 3590 5663 δεικνὺς
3620 5597 3871 5668 ἑαυτοῦ,

2257 5667 2454 5740 οὐκέτι
2475 5668 2736 5740 ἐλάττονα
2770 5667 3081 5740 έαυτὸνήτοῦ
3119 5667 3458 5740 Πνεῦματος,
3495 5670 3635 5724 άλλά
3667 5671 3872 5740 μείζο-

2258 5754 2344 5809 να.
2377 5738 2470 5809 καὶ
2507 5738 2619 5789 ἴσον
2659 5735 2788 5809 ὅντα
2821 5737 3100 5808 σημαίνων
3121 5779 3136 5801 ,
3167 5735 3340 5809 ἐδίδου
3392 5739 3492 5808 μὲν
3525 5741 3588 5793 τὸ
3619 5735 3872 5809 Πνεῦμα

2260 5806 2534 5878 καὶέλεγε
2556 5822 2570 5837 ο
2607 5825 2632 5878 ι.
2656 5806 2883 5878 -Λάϐετε
2904 5809 2966 5878 τὸ
2991 5808 3216 5878 Πνεῦμα
3246 5806 3402 5876 ἅγιον
3419 5827 3432 5840 ο
3466 5829 3485 5862 ι
3516 5813 3613 5865 καὶ
3648 5830 3670 5864 ι
3707 5806 3872 5878 Ἐγὼ

2261 5875 2392 5929 αὐτὸ
2419 5876 2761 5930 ἀποστέλλω·
2801 5896 2820 5928 ι
2855 5877 2982 5931 καί·
3021 5897 3039 5929 ι
3078 5875 3314 5942 Ἐκεῖνος
3337 5879 3436 5951 ἐμὲ
3461 5880 3702 5949 δοξάσει.
3731 5901 3753 5934 ι
3778 5875 3864 5923 4-
