3856 6560
125 455 223 512 153

1212 445 1576 505 COMMENT.
1611 444 1681 500 IN
1713 443 1906 502 JOAN.
1949 445 2192 504 TOMUS
2230 446 2295 505 ll.

3281 457 3383 512 134

124 571 361 624 δύναται.
409 569 598 624 Ταῦτα
633 567 689 623 δὲ
723 566 820 622 καὶ
852 567 1008 621 τοῦτο
1051 565 1110 620 οὐ
1147 567 1382 638 χαλεπὸν
1433 566 1675 639 ὲρμηνεῦ

1807 567 1862 623 in
1897 577 2133 622 montem
2168 582 2422 638 magnum
2454 566 2672 622 Tbahor
2697 568 2962 639 portavit;
2992 589 3010 622 ι
3042 570 3086 626 is
3117 571 3385 631 dubitabit

122 682 224 718 σαι.
259 663 322 716 Ei
355 662 466 734 γὰρ
490 664 518 716 ό
549 661 719 715 ποιῶν
741 660 802 713 τὸ
831 659 1043 730 θέλημα
1079 657 1192 727 (29)
1225 657 1320 711 τοῦ
1352 659 1566 728 Πατρὸς
1603 659 1696 713 τοῦ

119 758 172 809 ὲν
193 757 302 818 τοῖς
327 756 581 826 οὐρανοῖς
613 753 841 822 ἁδελφὸς
863 753 956 806 καὶ
985 751 1188 823 ἀδελφὴ
1221 752 1315 806 καὶ
1343 752 1525 824 μήτηρ
1549 752 1698 805 ἐστὶν

118 847 296 910 αὐτοῦ,
327 847 424 901 καὶ
452 846 644 916 φθάνει
671 845 732 898 τὸ
761 845 992 914 ἀδελφὸς
1030 843 1267 916 Χριστοῦ
1310 843 1480 915 ὄνομα
1509 844 1568 897 οὐ
1603 845 1700 916 μό-

118 937 309 990 νονὲπὶ
344 936 408 988 τὸ
440 935 550 989 τῶν
599 932 902 1006 ἀνθρώπων
945 933 1125 1002 γένος,
1176 932 1313 986 ἀλλὰ
1359 933 1454 986 καὶ
1498 933 1590 986 ἐπὶ
1630 934 1700 988 τὰ

115 1029 294 1084 τούτου
329 1028 612 1100 θειότερα·
646 1028 798 1081 οὐδὲν
836 1028 1034 1081 ἄτοπον
1087 1025 1241 1082 ἔσται
1286 1027 1483 1085 μᾶλλον
1518 1027 1700 1098 πάσης

116 1121 557 1191 χρηματιζούσης
590 1119 795 1191 μητρὸς
826 1117 1062 1190 Χριστοῦ
1096 1118 1185 1172 διὰ
1217 1118 1279 1172 τὸ
1321 1121 1494 1173 ποιεῖν
1522 1119 1582 1173 τὸ
1609 1119 1698 1172 θέ..

117 1215 254 1284 λημα
298 1211 398 1264 τοῦ
445 1213 504 1264 ἐν
543 1214 654 1276 τοῖς
700 1212 950 1284 οὐρανοῖς
1002 1210 1238 1282 Πατρὸς,
1261 1210 1322 1264 τὸ
1368 1211 1592 1280 Πνεῦμα
1637 1211 1698 1264 τὸ

117 1305 258 1370 Ξιγιον
292 1299 436 1356 εἶναι
494 1302 729 1376 μητέρα.
771 1303 890 1354 Ἔτι
916 1303 995 1366 εἰς
1027 1303 1118 1356 τόδ
1157 1321 1176 1352 ι
1217 1302 1399 1356 Πάντα
1427 1302 1494 1355 δι’
1531 1300 1696 1354 αὐτοῦ

117 1398 343 1465 ἐγένετο,
385 1417 404 1447 ι
441 1397 540 1450 καὶ
570 1396 742 1450 ταῦτα
778 1395 1058 1467 ζητητέον.
1099 1397 1177 1468 Τῇ
1219 1396 1430 1468 ἐπινοίᾳ.
1464 1397 1491 1450 ό
1526 1396 1698 1465 Λόγος

115 1491 288 1562 ἕτερός
338 1493 461 1544 ἐστι
510 1489 662 1562 παρὰ
711 1489 810 1560 τὴν
859 1489 1026 1561 ζωὴν,
1069 1491 1164 1543 καὶ
1201 1509 1219 1540 ι
1257 1490 1285 1543 ὃ
1317 1489 1538 1559 γέγονεν
1578 1492 1635 1545 ὲν
1672 1509 1690 1542 ι

115 1582 183 1653 τῷ
207 1583 366 1652 Λόγῳ
402 1603 419 1634 ι
469 1583 582 1654 ζωὴ
611 1578 699 1654 ἦν,
735 1583 827 1636 καὶ
867 1581 980 1654 ζωὴ
1009 1579 1078 1655 ἦν
1110 1583 1168 1637 τὸ
1201 1584 1316 1652 φῶς
1346 1583 1454 1637 τῶν
1489 1581 1697 1655 ἀνθρώ-

115 1692 240 1728 πων.
277 1694 296 1726 ι
322 1671 456 1747 Ἆρ’
489 1671 604 1739 οὖν,
639 1676 714 1739 ὡς
732 1671 922 1729 ’πάντα
947 1675 1014 1728 δι’
1047 1676 1210 1729 αὑτοῦ
1241 1677 1476 1745 ἐγένετο,
1519 1677 1613 1729 καὶ
1661 1677 1694 1746 ἡ

117 1767 217 1838 ζωὴ
244 1768 313 1820 δι’
340 1769 512 1822 αὐτοῦ
540 1770 789 1838 ὲγένετο;
816 1770 936 1840 ἥτις
967 1771 1082 1824 ἐστὶ
1107 1771 1168 1823 τὸ
1201 1771 1317 1840 φῶς
1343 1770 1450 1824 τῶν
1481 1770 1694 1843 ἀνθρώ-

114 1877 239 1924 πων,
286 1861 388 1914 καὶ
431 1863 489 1914 αἱ
536 1863 692 1916 ἄλλαι
732 1862 827 1916 τοῦ
880 1865 1130 1936 Σωτῆρος
1175 1865 1439 1918 ἐπίνοιαι·
1493 1863 1524 1934 ἢ
1571 1863 1694 1918 καθ’

1801 662 1890 732 qui
1944 660 2184 731 Spiritus
2231 669 2487 724 sanctus,
2526 661 2617 730 qui
2675 677 2774 730 per
2807 663 3042 717 Verbum
3080 665 3253 721 factus
3277 679 3382 731 cst,

1805 761 1981 808 mater
2007 751 2203 806 Christi
2236 765 2359 806 esse
2411 753 2600 820 possit.
2633 752 2737 806 Sed
2794 754 2909 807 haec
2942 764 3105 825 atque
3138 757 3239 810 hoc
3276 773 3382 812 non

1801 853 1884 900 est
1915 843 2131 898 diliicile
2165 843 2536 914 interpretari;
2570 845 2626 899 Si
2659 845 2802 898 enim
2839 845 2882 900 is
2913 845 3002 915 qui
3035 846 3165 901 facit
3193 849 3385 903 volun-

1802 947 1970 994 tatem
2001 936 2180 992 Patris
2212 939 2301 1007 qui
2337 937 2390 991 in
2419 938 2572 993 caelis
2600 946 2702 1005 est,
2736 937 2854 1005 ejus
2901 949 2984 993 cst
3011 949 3066 993 et
3109 940 3296 1003 frater,
3329 952 3384 997 et

1801 1043 1983 1091 soror,
2013 1038 2069 1083 et
2111 1037 2285 1083 mater
2305 1029 2361 1095 ’;
2404 1038 2457 1082 et
2497 1028 2683 1082 fratris
2710 1029 2913 1084 Christi
2943 1045 3135 1084 nomen
3165 1048 3269 1086 non
3296 1047 3384 1088 so-

1801 1121 1906 1176 ltnn
1937 1121 2005 1176 ad
2036 1137 2207 1191 genus
2237 1121 2511 1175 hominum
2545 1121 2712 1186 venit,
2746 1122 2841 1176 sed
2869 1124 3031 1177 etiam
3063 1124 3129 1178 ad
3168 1139 3229 1178 ea
3260 1141 3382 1195 quae

1798 1227 1865 1268 eo
1897 1211 2162 1265 diviniora
2202 1218 2346 1272 sunt,
2392 1209 2524 1265 nihil
2556 1209 2668 1277 jam
2700 1209 2994 1265 absurdum
3030 1212 3382 1282 alienumque

1799 1303 1925 1369 erit,
1959 1303 2079 1372 plus
2113 1302 2277 1358 etiam
2309 1317 2473 1372 quam
2527 1317 2622 1357 eos
2663 1305 2754 1370 qui
2805 1303 2946 1371 quod
2983 1302 3158 1358 Patris
3190 1304 3284 1373 qui
3323 1305 3377 1359 in

1798 1405 1954 1458 caelis
1984 1411 2066 1458 est
2112 1402 2447 1458 voluntatem
2483 1403 2712 1474 faciant,
2753 1403 2953 1459 Christi
2990 1414 3162 1460 mater
3189 1407 3378 1477 appeto

1796 1493 1997 1560 lantur,
2036 1502 2266 1548 matrem
2315 1509 2435 1549 esse
2484 1503 2732 1548 sanctum
2789 1491 3099 1568 Spiritum.)
3141 1497 3217 1551 Ad
3261 1499 3377 1553 haec

1797 1602 2103 1658 quaeramus
2140 1596 2354 1656 oportet
2392 1596 2448 1642 et
2481 1587 2565 1640 illa
2622 1587 2673 1641 in
2712 1587 2815 1642 hoc
2844 1588 3089 1643 dictum:
3130 1609 3147 1642 ι
3177 1590 3373 1646 Omnia

1795 1694 1891 1748 per
1926 1679 2098 1749 ipsum
2135 1679 2276 1733 facta
2331 1689 2475 1734 sunt.
2512 1698 2530 1730 ι
2569 1678 2761 1733 Sermo
2806 1679 3176 1735 intellectione
3204 1680 3372 1735 animi

1796 1770 1936 1825 alius
1970 1779 2054 1824 est
2085 1785 2114 1822 a
2144 1770 2275 1832 vita,
2311 1779 2365 1823 et
2399 1786 2416 1818 ι
2445 1769 2589 1837 quod
2625 1768 2824 1822 factum
2853 1778 2934 1822 est
2965 1769 3014 1823 in
3049 1789 3068 1822 ι
3111 1770 3374 1826 Sermone

1803 1881 1821 1914 ι
1855 1861 1962 1916 vita
1994 1867 2134 1927 erat,
2167 1869 2220 1914 et
2244 1859 2352 1912 vita
2382 1869 2496 1913 erat
2525 1858 2615 1912 lux
2644 1857 2922 1913 hominum
2955 1859 3018 1914 '°.
3054 1879 3072 1912 ι
3107 1862 3185 1914 An
3213 1862 3376 1930 igitur

117 1951 457 2023 ὑπεξαίρεσιν
475 1953 582 2006 τῶν
611 1956 666 2007 ὲν
696 1953 844 2025 αὖτῷ
869 1956 1087 2028 νοητέον
1108 1955 1169 2008 τό
1208 1973 1232 2007 τι
1275 1955 1460 2009 Πάντα
1496 1954 1562 2008 δι’
1592 1955 1678 2008 αὑ-

1795 1960 1850 2006 ut
1880 1951 2058 2006 omnia
2104 1966 2202 2021 per
2231 1951 2406 2020 ipsum
2452 1948 2594 2003 facta
2639 1957 2786 2013 sunt,
2815 1948 2893 2003 sic
2932 1950 3097 2004 etiam
3131 1951 3236 2004 vita
3277 1967 3377 2021 per

111 2045 192 2098 τοῦ
219 2046 439 2114 ἐγένετο
462 2063 477 2107 ;
511 2067 528 2097 ι
560 2049 695 2120 ὅπερ
710 2048 857 2102 δοκεῖ
880 2067 969 2121 μοι
993 2047 1133 2104 εἶναι
1151 2053 1415 2120 κρεῖττον.
1440 2050 1556 2104 Ἵνα
1578 2049 1688 2122 γὰρ

112 2139 430 2210 συγχωρηθῇ
469 2139 559 2192 διὰ
585 2140 677 2194 τοῦ
705 2142 988 2210 γεγονέναι
1021 2143 1118 2214 τὴν
1153 2142 1297 2214 ζωὴν
1347 2142 1407 2195 τὸ
1437 2142 1550 2212 φῶς
1579 2142 1688 2195 τῶν

111 2232 423 2303 ἀνθρώπων,
446 2233 499 2286 τί
527 2233 743 2288 λεκτὲον
761 2235 890 2307 περὶ
921 2235 1020 2306 τῆς
1053 2235 1550 2307 προεπινοουμὲνης
1576 2233 1687 2305 (50)

108 2323 191 2376 τοῦ
222 2325 404 2392 Λόγου
433 2325 661 2394 σοφίας;
694 2326 768 2379 Οὐ
797 2327 904 2400 γὰρ
937 2327 1107 2399 δήπου
1153 2328 1242 2381 διὰ
1283 2327 1375 2382 τοῦ
1413 2328 1587 2396 Λόγου
1628 2328 1690 2381 τὸ

111 2415 224 2485 περὶ
253 2416 344 2469 τὸν
371 2417 550 2484 Λόγον
575 2417 866 2489 γεγένηται
889 2434 902 2447 ·
937 2417 1077 2471 ὥστε
1104 2419 1272 2489 χωρὶς
1303 2417 1412 2471 τῶν
1439 2419 1686 2471 ὲπινοου-

113 2507 270 2575 μένων
301 2509 387 2580 τῷ
421 2510 664 2582 Χριστῷ,
696 2510 875 2564 πάντα
912 2509 1000 2563 διὰ
1036 2511 1130 2564 τοῦ
1167 2511 1344 2578 Λόγου
1393 2509 1684 2582 γεγένηται

109 2598 188 2650 τοῦ
231 2600 399 2664 Θεοῦ,
453 2604 781 2674 ποιήσαντος
830 2604 888 2656 ὲν
949 2603 1110 2674 σοφίᾳ
1143 2602 1282 2657 αὐτὰ
1317 2600 1409 2655 τοῦ
1445 2602 1682 2673 Πατρός·

115 2710 129 2737 ι
157 2690 332 2746 Πάντα
369 2693 507 2765 γὰρ,
538 2697 725 2767 φησὶν,
754 2697 812 2749 ὲν
837 2696 996 2769 σοφίᾳ
1032 2695 1314 2768 ἐποίησας,
1348 2713 1366 2746 ι
1398 2693 1458 2748 οὐ
1481 2693 1568 2748 διὰ
1591 2695 1691 2765 τῆς

111 2783 283 2850 σοφίας
308 2784 604 2855 ἐποίησας.

1793 2043 1964 2114 ipsmn
1992 2043 2133 2099 facta
2165 2055 2269 2108 est,
2303 2059 2424 2113 qua:
2452 2052 2534 2098 est
2559 2041 2650 2098 lux
2681 2041 2983 2107 hominum,
3014 2055 3064 2098 et
3098 2044 3215 2098 alia:
3245 2044 3373 2098 Ser—

1791 2135 1994 2191 vatoris
2034 2135 2469 2191 intellectiones:
2504 2135 2588 2190 vel
2638 2136 2820 2190 omnia
2868 2153 2965 2206 per
3008 2139 3183 2206 ipsum
3225 2135 3369 2192 facta

1794 2226 1960 2281 fuisse
1992 2226 2296 2297 intelligere
2318 2241 2456 2296 opus
2482 2235 2585 2291 est,
2611 2224 2872 2281 detractis
2902 2226 2985 2280 his
3013 2241 3135 2296 quae
3166 2227 3217 2281 in
3251 2227 3371 2296 ipso

1792 2325 1954 2381 sunt?
1981 2324 2131 2392 Quod
2165 2323 2298 2379 mihi
2331 2323 2525 2378 melius
2546 2339 2666 2379 esse
2696 2325 2932 2379 videtur.
2966 2322 3036 2380 Ut
3061 2326 3205 2379 enim
3238 2339 3370 2380 con-

1787 2417 2012 2471 cedatur
2036 2417 2211 2485 ipsum
2240 2416 2438 2471 fecisse
2467 2416 2671 2480 omnia,
2701 2431 2766 2472 eo
2800 2417 2942 2484 quod
2976 2417 3109 2482 vita,
3139 2432 3258 2487 quae
3287 2426 3372 2473 est

1786 2506 1874 2560 lux
1924 2506 2226 2570 hominum,
2280 2505 2421 2560 facta
2475 2505 2674 2570 fuerit,
2703 2508 2830 2576 quid
2864 2507 3151 2562 dicendum
3183 2509 3249 2562 de
3281 2523 3371 2564 sa-

1785 2599 1986 2671 pientia
2017 2613 2138 2668 quae
2178 2606 2302 2652 ante
2343 2597 2516 2666 ipsum
2567 2597 2885 2653 Sermonem
2939 2598 3369 2654 consideratur?

1788 2689 1921 2744 Nam
1955 2688 2196 2759 profecto
2231 2704 2328 2758 per
2353 2687 2671 2743 Sermonem
2715 2690 2916 2744 factum
2946 2706 3052 2745 non
3081 2700 3186 2755 est,
3223 2692 3367 2761 quod

1787 2778 2004 2835 excellit
2044 2777 2388 2833 Sermonem.
2446 2778 2625 2845 Quare
2663 2780 2846 2834 omnia
2895 2796 2994 2851 per
3045 2779 3364 2836 Sermonem

111 2872 255 2929 Deum
305 2875 460 2932 facta
493 2887 638 2944 sunt,
676 2887 875 2950 praeter
910 2894 972 2936 ea
1009 2897 1130 2952 quae
1158 2883 1573 2941 considerantur
1619 2884 1672 2939 in
1713 2881 1950 2945 Christo,
1981 2880 2108 2950 quia
2143 2877 2307 2934 Pater
2336 2878 2538 2956 fecerit
2556 2893 2618 2933 ea
2667 2879 2718 2933 in
2769 2880 3058 2950 sapientia,
3109 2897 3128 2931 ι
3171 2879 3364 2936 Omnia

108 2967 250 3031 enim,
276 2969 480 3040 inquit,
525 2971 577 3026 in
619 2973 885 3042 sapientia
918 2973 1096 3031 fecisti
1119 2977 1184 3042 η,
1215 2995 1234 3029 ι
1270 2992 1376 3031 non
1406 2993 1501 3048 per
1529 2976 1850 3048 sapientiam
1895 2973 2102 3028 fecisti.

169 3061 213 3113 7.
247 3061 485 3130 ἰδωμεν
533 3062 590 3116 δὲ
619 3063 707 3117 διὰ
737 3061 792 3117 τι
829 3065 1150 3137 πρόσκειται
1186 3067 1280 3120 τόο
1315 3086 1334 3118 ι
1371 3068 1482 3122 Καὶ
1509 3068 1678 3140 χωρὶς

1853 3065 1906 3118 7.
1943 3062 2234 3118 Videamus
2268 3059 2432 3116 etiam
2475 3058 2828 3129 quamobrem
2872 3060 3075 3115 dictum
3106 3059 3202 3124 sit,
3243 3077 3264 3112 ι
3296 3057 3362 3115 Et

106 3153 252 3207 αὐτοῦ
299 3154 526 3222 ἐγένετο
575 3156 698 3209 οὐδὲ
746 3156 836 3210 ’ἐν’
884 3177 902 3210 ι
943 3160 1053 3211 τισὶ
1091 3158 1193 3213 κᾶν
1235 3160 1382 3224 δόξαι
1432 3162 1684 3232 περιττὸν

108 3245 375 3315 τυγχάνειν
403 3247 464 3300 τό
485 3263 498 3272 ’
542 3265 560 3298 ι
603 3248 786 3320 Χωρὶς
816 3249 981 3303 αὐτοῦ
1015 3249 1232 3318 ἐγένετο
1257 3253 1375 3306 οὐδὲ
1400 3253 1476 3320 ἒν,
1516 3273 1534 3306 ›
1564 3257 1685 3308 ἐπι-

108 3335 385 3406 σερόμενον
419 3337 522 3406 τῷ⁶
572 3357 590 3388 ι
644 3340 827 3394 Πάντα
853 3339 916 3393 δι’
950 3341 1114 3395 αὑτοῦ
1149 3344 1380 3411 ἐγένετο.
1429 3365 1447 3397 ι
1483 3347 1545 3399 Ei
1573 3346 1682 3418 γὰρ

107 3426 194 3476 πᾶν
219 3427 511 3480 ότιποτοῦν
543 3426 631 3481 διὰ
656 3428 750 3482 τοῦ
778 3431 952 3499 Λόγου
991 3432 1306 3504 γεγένηται,
1335 3435 1487 3487 οῦδὲν
1513 3436 1681 3507 χωρὶς

105 3516 182 3569 τοῦ
208 3518 385 3586 Λόγου
413 3521 728 3592 γεγένηται.
755 3525 950 3578 Οὐκέτι
995 3525 1178 3596 μέντοι
1201 3543 1264 3594 γε
1301 3526 1680 3601 ἀκολουθεῖτῷ

104 3609 249 3678 gregi;
277 3611 374 3663 τοῦ
406 3611 588 3680 Λόγου
623 3615 950 3686 γεγενῆσθαί
993 3634 1045 3670 τι
1089 3617 1200 3688 (51)
1255 3615 1314 3670 τὸ
1352 3619 1529 3673 πάντα
1580 3619 1676 3674 τοῦ

104 3700 257 3767 Λόγου
299 3703 660 3774 γεγενῆσθαι.
707 3707 920 3772 Ἔξεστι
967 3707 1098 3780 γὰρ,
1135 3709 1347 3775 οὐδενὸς
1383 3712 1552 3784 χωρὶς
1584 3711 1675 3766 τοῦ

102 3790 254 3859 Λόγου
275 3796 676 3865 γεγενημένου,
719 3797 792 3868 μὴ
829 3798 986 3869 μόνον
1037 3799 1124 3852 διὰ
1169 3799 1263 3853 τοῦ
1306 3800 1481 3869 Λόγου
1515 3818 1675 3870 γεγο-

105 3881 230 3935 νέναι
269 3887 478 3951 πάντα,
533 3889 672 3942 ἀλλὰ
718 3891 811 3943 καὶ
856 3891 960 3945 ὑπὸ
1006 3891 1099 3945 τοῦ
1145 3893 1316 3962 Λόγου
1356 3894 1497 3948 τινά.
1555 3894 1675 3966 Χρὴ

111 3977 269 4029 τοίνυν
295 3979 503 4034 εἰδέναι
530 3980 647 4045 πῶς
679 3982 762 4035 δεῖ
784 3983 1002 4036 ἀκούειν
1039 3984 1134 4038 τοῦ
1183 3984 1399 4051 πάντα,
1431 3985 1524 4040 καὶ
1559 3987 1676 4052 πῶς

104 4067 182 4118 τοῦ
229 4069 435 4124 οὐδέν.
475 4073 714 4126 Δυνατὸν
759 4073 867 4144 γὰρ
911 4075 974 4127 ἐκ
1006 4074 1098 4128 τοῦ
1148 4075 1222 4146 μὴ
1270 4077 1674 4148 τετρανωκέναι

103 4160 398 4234 ἀμπέρας
419 4163 522 4226 τὰς
546 4163 1100 4232 λέξεις,ὲκδέξασθαι,
1147 4168 1250 4232 ὅτι,
1287 4169 1333 4221 εί
1375 4169 1551 4222 πάντα
1585 4169 1672 4223 διὰ

104 4251 178 4302 τοῦ
200 4253 373 4322 Λόγου
399 4256 644 4324 ἐγένετο,
679 4255 786 4309 τῶν
807 4257 864 4309 δὲ
897 4257 1113 4312 πάντων
1145 4260 1262 4313 ἐστὶ
1287 4260 1382 4314 καὶ
1409 4262 1442 4333 ἡ
1480 4261 1669 4327 κακία,

105 4343 179 4395 καὶ
204 4347 351 4398 πᾶσα
386 4347 419 4416 ἡ
455 4345 618 4417 χύσις
646 4347 746 4418 τῆς
778 4348 1072 4419 ἁμαρτίας,
1109 4352 1203 4403 καὶ
1229 4351 1297 4405 τὰ
1323 4352 1554 4424 πονηρὰ,
1591 4354 1671 4407 ὅτι

1785 3156 1902 3212 sine
1957 3155 2076 3225 ipso
2108 3154 2310 3209 factum
2333 3162 2416 3207 est
2460 3151 2594 3205 nihil
2628 3151 2692 3219 “,
2725 3171 2742 3203 ι
2777 3152 2990 3206 etiamsi
3037 3153 3361 3221 quibusdam

1783 3247 2033 3302 videatur
2061 3243 2390 3316 superﬂuum
2426 3259 2547 3298 esse
2597 3243 2752 3309 illud,
2787 3263 2805 3295 ι
2843 3243 2976 3298 Sine
3008 3245 3122 3314 ipso
3154 3245 3359 3301 factum

1779 3349 1862 3396 est
1889 3340 2043 3406 nihil,
2074 3358 2092 3391 ι
2118 3338 2263 3410 quod
2289 3337 2634 3408 subiungitur
2667 3337 2750 3391 his
2780 3337 3016 3392 verbiszt
3052 3337 3241 3393 Omnia
3265 3354 3362 3408 per

1781 3431 1955 3501 ipsum
2016 3431 2160 3486 facta
2209 3438 2357 3484 sunt.
2391 3449 2409 3482 ι
2451 3429 2508 3484 Si
2553 3444 2714 3483 omne
2753 3439 2808 3482 et
2846 3428 3106 3498 quidquid
3157 3431 3362 3486 dixeris

1780 3539 1877 3595 per
1907 3522 2228 3578 Sermonem
2257 3521 2464 3578 factum
2500 3519 2622 3584 fuit,
2656 3520 2789 3575 nihil
2821 3523 2943 3578 sine
2979 3522 3240 3577 Sermone
3274 3524 3358 3576 fa-

1779 3624 1926 3671 ctum
1955 3616 2073 3682 fuit,
2109 3627 2284 3670 tamen
2314 3629 2420 3669 non
2445 3614 2710 3684 sequitur,
2743 3616 2788 3668 si
2817 3614 2935 3669 sine
2962 3613 3224 3670 Sermone
3251 3630 3357 3670 non

1778 3705 1982 3762 factum
2030 3716 2114 3762 est
2160 3705 2363 3776 aliquid
2397 3747 2412 3770 ,
2465 3707 2647 3761 omnia
2695 3722 2792 3775 per
2841 3705 3162 3761 Sermonem
3217 3709 3357 3762 facta

1777 3798 1966 3854 fuisse.
1997 3797 2127 3852 Nam
2160 3799 2278 3854 fieri
2312 3807 2491 3868 potest
2518 3810 2595 3864 ut,
2626 3815 2749 3854 cum
2784 3799 2915 3853 nihil
2947 3800 3062 3853 sine
3094 3800 3359 3855 Sermone

1777 3887 1978 3943 factum
2013 3888 2204 3953 fuerit,
2261 3904 2366 3942 non
2419 3898 2626 3943 tantum
2679 3889 2860 3942 omnia
2903 3904 2998 3958 per
3031 3888 3353 3944 Sermonem

1776 3980 1914 4035 facta
1947 3980 2077 4046 sint,
2108 3981 2200 4034 sed
2235 3980 2414 4050 aliqua
2456 3982 2632 4036 solum
2677 3981 2745 4035 ab
2793 3982 2909 4050 ipso
2944 3981 3084 4035 faeta
3125 3981 3354 4036 fuerint.

1777 4071 2006 4128 Proinde
2058 4072 2431 4144 intelligamus
2483 4088 2705 4128 necesse
2745 4084 2868 4135 est,
2900 4088 3137 4142 quonam
3193 4083 3355 4142 pacto

1775 4167 2020 4235 accipere
2047 4165 2344 4220 debeamus
2387 4166 2713 4221 vocabulum
2760 4168 2962 4230 omnia,
2995 4175 3048 4220 et
3083 4169 3356 4235 quomodo

1775 4257 2091 4312 vocabulum
2127 4258 2280 4314 nihil.
2311 4257 2458 4314 Fieri
2489 4260 2636 4314 enim
2669 4268 2877 4328 potest,
2913 4259 2964 4312 ui
3019 4259 3351 4330 explanave-

1775 4348 1944 4404 rimus
1974 4360 2236 4419 utrasque
2263 4349 2561 4416 dictiones,
2596 4351 2639 4406 si
2673 4352 2856 4404 omnia
2905 4366 3002 4420 per
3029 4352 3350 4406 Sermonem

103 4437 372 4491 καὶταῦτα
400 4438 496 4491 διὰ
518 4439 614 4492 τοῦ
641 4439 815 4511 Λόγου
857 4443 1092 4512 ἐγένετο.
1135 4442 1304 4498 Τοῦτο
1346 4443 1400 4497 δὲ
1445 4444 1637 4514 ψεῦδος
1655 4463 1668 4475 ·

1789 4440 1914 4494 Facta
1942 4449 2087 4506 sunt,
2125 4452 2179 4496 et
2199 4443 2559 4511 appellatione
2588 4443 2827 4496 omnium
2861 4445 3354 4514 comprehendatur

103 4530 356 4599 κτίσματα
399 4532 502 4602 μὲν
525 4531 636 4602 γὰρ
657 4531 746 4586 διὰ
767 4534 860 4586 τοῦ
889 4535 1062 4603 Λόγου
1101 4535 1378 4604 γεγονέναι
1413 4536 1513 4588 οὐκ
1548 4535 1671 4590 ἄτο-

103 4635 200 4684 am,
234 4624 372 4676 ἀλλὰ
407 4625 506 4676 καὶ
539 4625 630 4677 διὰ
647 4625 740 4678 τοῦ
777 4627 950 4694 Λόγου
973 4626 1041 4680 τὰ
1071 4627 1378 4698 ἀνδραγαθή
1389 4645 1552 4698 ματα,
1577 4629 1671 4680 καὶ

103 4714 250 4769 πάντα
278 4717 347 4770 τὰ
371 4717 779 4789 κατορθώματα
814 4719 1206 4789 κατωρθῶσθαι
1237 4723 1346 4784 τοῖς
1379 4719 1670 4791 μακαρίοις

102 4807 214 4856 νοεῖν
237 4807 574 4875 ἀναγκαῖον
612 4808 797 4862 οὐκέτι
823 4809 878 4862 δὲ
908 4811 1001 4862 καὶ
1049 4809 1118 4862 τὰ
1149 4811 1524 4881 ἁμαρτήματα
1571 4810 1665 4863 καὶ

1789 4824 1987 4864 nonem
2059 4810 2231 4865 factas
2294 4810 2462 4866 fuisse
2517 4812 2649 4866 nihil
2710 4823 2795 4868 est
2841 4814 3060 4868 absurdi
3108 4831 3122 4867 :

1774 4541 1828 4586 et
1857 4532 2072 4597 vitium,
2111 4542 2166 4586 et
2203 4533 2381 4587 (annis
2422 4533 2559 4588 fusio
2591 4534 2823 4604 peccati,
2852 4545 2907 4589 et
2944 4537 3126 4591 omnia
3163 4553 3348 4606 prava,

1775 4635 1832 4679 ut
1887 4625 2253 4694 intelligamus
2300 4627 2467 4681 etiam
2520 4628 2636 4684 haec
2682 4643 2780 4696 per
2830 4628 3154 4686 Sermonem
3207 4630 3348 4686 facta

1774 4714 1963 4781 fuisse,
1998 4717 2141 4786 quod
2169 4726 2252 4771 est
2291 4717 2484 4771 falsum
2519 4737 2532 4772 :
2572 4729 2857 4774 creaturas
2905 4723 3046 4775 enim
3089 4737 3183 4790 per
3215 4721 3349 4775 Ser-

3185 4823 3348 4882 atque

101 4895 152 4946 τὰ
178 4899 580 4969 ἀποπτώματα.
627 4895 1118 4970 Ἐξειλήφασινοῦν
1157 4919 1301 4965 τινες
1323 4901 1432 4972 (52)
1453 4900 1529 4972 τῷ
1572 4902 1665 4955 ἀν-

1789 4899 1878 4971 55
1933 4901 2096 4955 etiam
2148 4901 2335 4957 beatos
2381 4902 2527 4956 viros
2566 4905 2746 4958 omnia
2792 4903 3048 4972 praeclare
3088 4903 3252 4968 facta,
3290 4913 3348 4958 et

101 4987 373 5043 υπὲστατον
422 4988 566 5044 εἶναι
590 4991 689 5061 τὴν
719 4992 916 5046 κακίαν
939 4994 957 5062 (
980 4991 1102 5046 οὕτε
1128 4993 1236 5066 γὰρ
1256 4989 1323 5065 ἦν
1343 4995 1436 5047 ἀπ’
1465 4993 1661 5066 ἀρχῆς,

102 5077 196 5133 οὔτε
230 5084 306 5147 εἰς
343 5083 442 5136 τὸν
477 5082 654 5137 αἰῶνα
683 5083 856 5157 ἔσται)
883 5084 1035 5138 ταῦτ’
1063 5080 1201 5139 εἶναι
1227 5085 1294 5138 τὰ
1323 5084 1518 5157 μηδὲν·
1565 5084 1660 5138 καὶ

1770 4992 1990 5061 egregia
2027 4991 2274 5048 facinora
2312 5007 2406 5062 per
2457 4994 2778 5049 Sermonem
2834 4995 3130 5064 peregisse,
3183 4997 3346 5052 nobis

1770 5083 2142 5138 necessarium
2179 5094 2263 5140 est
2285 5085 2589 5156 intelligere
2622 5100 2636 5138 :
2670 5101 2777 5140 non
2810 5085 2936 5140 item
2969 5101 3100 5142 vero
3137 5087 3344 5158 lapsus.

157 5217 379 5276 ’llatth.
407 5238 514 5287 xu,
550 5221 641 5278 50.
724 5221 944 5279 “Joan.
971 5222 1088 5290 1,5,
1116 5223 1170 5279 ι.
1245 5224 1282 5256 ¹¹
1309 5223 1449 5280 Psal.
1488 5222 1716 5290 cunei.
1794 5223 1838 5255 "
1864 5221 2022 5278 Joan.
2050 5238 2088 5290 ι,
2113 5223 2168 5278 5.

110 5353 236 5430 {Haec
247 5359 471 5428 quidem
487 5358 686 5414 Judzeis
701 5369 954 5430 tanquam
975 5360 1362 5415 homo'dicebat
1379 5357 1655 5414 Dominus.

111 5425 372 5500 Discipulis
410 5445 550 5483 vero
576 5425 918 5484 divinitatem
951 5439 1004 5484 et
1035 5431 1465 5499 magnitudinem
1498 5445 1653 5500 suam

109 5499 392 5570 ostendens.
426 5516 535 5554 non
583 5501 697 5569 jam
745 5501 976 5570 amplius
1012 5502 1276 5556 minorem
1329 5515 1387 5554 se
1422 5499 1650 5570 Spiritu,

1765 5359 2024 5502 ὂτὲἱξιῦἔατὺ
2063 5359 2303 5432 θέλημα·
2338 5357 2478 5415 male
2510 5357 2714 5430 Regius
2753 5360 2857 5414 :Ei
2893 5359 3003 5432 γὰρ
3045 5362 3231 5417 ὁποῖον
3279 5360 3344 5418 τὺ

1832 5499 1944 5572 (50)
1968 5502 2136 5556 Codd.
2172 5502 2372 5572 Regius
2393 5511 2448 5554 et
2466 5499 2828 5569 Barberinus,
2863 5504 3338 5572 Προεπινοουμέ-

109 5565 488 5644 Sitimajorem
536 5565 660 5625 esse
688 5565 1046 5644 et__:eipralem
1101 5565 1650 5644 significanteidabat

1925 5565 2280 5644 Bodleianus:
2313 5571 2737 5644 προνοουμένης.

110 5637 606 5710 quidem‘Spiritum
640 5650 693 5694 et
741 5637 957 5696 dicebat
985 5660 1000 5696 :
1034 5660 1051 5694 ι
1098 5637 1350 5710 Accipite
1376 5641 1640 5707 Spiritum

111 5718 317 5780 sanetum
348 5728 397 5763 ε»
448 5720 524 5775 et,
560 5729 579 5762 ι
623 5710 734 5778 Ego
764 5711 910 5764 illum
939 5712 1092 5766 mitto
1123 5729 1134 5763 :
1181 5730 1199 5764 ι
1235 5722 1319 5775 et,
1356 5729 1373 5762 ι
1408 5713 1524 5780 Ipse
1559 5725 1646 5764 me

113 5773 398 5851 [hriﬁcabit
438 5798 450 5833 :
498 5773 517 5831 ἰ
560 5773 840 5850 majorem,
879 5792 1099 5851 propter
1123 5773 1442 5851 dignitatern
1471 5792 1524 5835 et
1552 5796 1653 5834 au-

113 5848 377 5922 ctoritatem
411 5848 683 5922 originis;
719 5848 1016 5922 siqua—leui,
1047 5848 1280 5907 essentia
1323 5863 1376 5906 et
1428 5862 1648 5922 natura.

165 5916 254 5990 (i9)
304 5916 872 5978 Codex'Bodleianus
926 5916 1074 5979 recte
1137 5923 1300 5978 habet
1354 5923 1417 5975 Et
1466 5921 1576 5991 γὰρ
1617 5923 1646 5975 ὁ

1828 5645 1940 5712 (51)
1967 5641 2448 5714 Γεγενοῆσθαίτι.
2485 5641 2773 5698 Ferrarius
2823 5644 2973 5714 legit,
3007 5644 3080 5715 μὴ
3106 5642 3339 5715 γεγενῆ-

1757 5712 1902 5766 σθαι.

1835 5783 1947 5854 (5ἳ)
1988 5781 2420 5853 Ἐξειλήφασιν
2461 5779 2575 5842 οὖν
2616 5799 2794 5851 τινες,
2829 5793 2933 5841 etc.
2998 5782 3338 5854 Augustinus

1760 5853 1982 5925 Soliloq.
2015 5870 2135 5925 cap.
2159 5857 2214 5913 5.
