3856 6532
484 432 587 488 I35

1954 404 2278 480 ORIGENIS

3659 414 3752 469 I36

488 559 542 604 et
579 519 823 621 peccata.
868 549 1251 621 Exposuerunt
1295 549 1460 622 igitur
1492 549 1713 621 quidam
1737 589 1752 613 ,
1780 555 2063 618 prepterea

2174 543 2363 612 ὥσπερ
2402 539 2674 612 Ἑλλήνων
2701 538 2847 604 τινές
2883 556 3046 611 φασιν
3078 535 3218 594 εἶναι
3257 538 3363 594 τῶν
3396 536 3458 592 οῦ
3493 555 3654 592 τινων
3687 539 3754 591 τὰ

487 644 630 712 quod
688 659 792 698 non
838 643 1101 697 subsistat
1144 641 1333 696 vilium
1379 648 1595 712 (neque
1651 640 1794 695 enim
1846 639 1946 692 fuit
1994 639 2062 691 ab

483 735 662 799 initio,
715 751 778 790 ac
816 750 884 790 ne
925 735 977 788 in
1007 736 1264 792 sarculum
1303 734 1518 803 quidem
1568 731 1810 787 futurum
1840 729 1970 800 est),
1999 743 2062 783 ea

483 827 618 882 nihil
680 843 820 883 esse.
890 829 956 882 Et
1030 826 1486 897 quemadmodum
1551 822 1782 896 gentiles
1842 823 2059 892 quidam

481 935 699 990 genera,
728 930 779 976 et
802 921 1032 990 species,
1063 919 1229 975 veluti
1265 918 1490 983 animal,
1512 925 1566 973 et
1591 917 1889 980 hominem,
1927 909 2059 968 nihil

479 1027 600 1067 esse
630 1013 844 1080 dicunt,
880 1013 952 1066 ita
985 1013 1038 1067 hi
1083 1011 1330 1066 arbitrati
1378 1019 1506 1066 sunt
1551 1023 1671 1065 esse
1710 1022 1870 1064 omne
1907 1006 2057 1071 illud,

480 1105 624 1177 quod
661 1120 762 1162 nec
792 1121 821 1160 a
867 1103 1003 1170 Deo,
1038 1121 1137 1160 nec
1165 1119 1261 1175 per
1294 1104 1616 1158 Sermonem
1650 1098 1941 1170 sumpserit
1972 1114 2066 1167 ap-

481 1208 771 1268 parentem
835 1197 1272 1253 subsistentiam.
1348 1195 1413 1250 Et
1471 1195 1801 1249 adnotamus
1861 1207 1988 1246 num
2035 1205 2066 1246 e

485 1286 787 1358 Seripturis
861 1288 1070 1357 possint
1143 1287 1258 1341 haec
1337 1284 1750 1340 accuratissime
1827 1282 2060 1339 ostendi.

483 1380 753 1448 Quantum
787 1381 952 1450 igitur
996 1380 1190 1434 attinet
1224 1379 1289 1432 ad
1324 1377 1626 1449 signiﬁcata
1661 1373 1823 1447 hujus
1858 1375 2064 1431 vocula:

476 1473 631 1537 nihil,
659 1482 715 1528 et
733 1473 941 1527 vocula:
962 1489 1066 1526 non
1083 1455 1199 1536 ἐπε,
1231 1485 1534 1541 synonyma
1559 1467 1889 1524 videbuntur
1916 1481 2061 1534 esse,

476 1581 598 1619 cum
629 1580 731 1620 non
762 1580 860 1621 ens
894 1564 1113 1620 dicatur
1137 1563 1309 1630 nihil,
1339 1573 1395 1619 et
1421 1562 1560 1619 nihil
1587 1578 1694 1619 non
1725 1579 1844 1619 ens.
1879 1563 2064 1634 Itaque

477 1660 690 1714 videtur
712 1658 1005 1729 Apostolus
1028 1673 1136 1712 non
1165 1655 1312 1711 entia
1338 1656 1548 1720 dicere,
1589 1671 1695 1712 non
1729 1671 1849 1726 quae
1883 1656 2063 1711 outni-

478 1766 547 1806 no
573 1765 911 1821 nequaquam
935 1759 1083 1818 sunt,
1111 1749 1205 1804 sed
1237 1764 1300 1804 ea
1328 1764 1449 1820 quae
1478 1749 1593 1805 sint
1637 1763 1803 1819 prava
1824 1787 1840 1816 ,
1870 1748 2064 1804 existi-

476 1860 634 1898 mons
661 1859 825 1915 prava
858 1859 963 1899 non
1015 1842 1302 1898 exsistere.
1339 1859 1356 1890 ι
1383 1841 1514 1909 Quae
1559 1842 1705 1897 enim
1749 1857 1852 1897 non
1885 1851 2062 1904 erant,

476 1912 676 2008 inquit,
714 1938 852 1993 Deus
877 1938 1025 1992 velut
1052 1935 1202 1992 entia
1233 1935 1470 1989 vocavit.
1490 1934 1660 2002 pQuin
1684 1932 2062 1989 Mardocbaeus
2096 1912 2139 1968 Β

475 2033 638 2085 etiam
669 2031 723 2085 in
765 2030 905 2086 libro
947 2029 1144 2084 Esther
1168 2025 1326 2096 juxta
1362 2019 1742 2098 Septuaginta,
1782 2041 1888 2081 non
1921 2028 2067 2082 exsi-

480 2132 683 2182 stentes
706 2133 864 2179 vocat
887 2122 1136 2177 inimicos
1155 2120 1349 2185 Israel,
1369 2105 1556 2175 dicens
1581 2137 1595 2174 :
1629 2137 1648 2171 ι
1672 2118 1751 2175 Ne
1777 2120 2067 2176 tradideris

475 2227 748 2284 sceptrum
779 2225 952 2282 tuum,
999 2215 1250 2284 Domine,
1286 2230 1394 2270 non
1434 2215 1831 2271 exsistentihus
1875 2214 2012 2268 ‘3'“.
2040 2234 2059 2268 ι

477 2307 778 2363 Possumus
808 2308 972 2363 etiam
1006 2307 1300 2378 adjuugere
1328 2307 1602 2377 quomodo
1623 2315 1847 2377 propter
1877 2307 2064 2363 vitium

478 2401 608 2455 mali
637 2399 978 2472 appellentur
1006 2418 1114 2457 non
1162 2403 1533 2468 exsisteutes,
1574 2418 1644 2456 ex
1687 2401 1784 2457 Dei
1824 2403 2064 2467 nomine,

476 2495 620 2562 quod
650 2496 915 2564 scriptum
955 2503 1038 2549 est
1083 2495 1138 2550 in
1189 2495 1379 2550 Exodo
1413 2511 1425 2547 :
1461 2512 1480 2546 ι
1513 2494 1658 2549 Dixit
1699 2496 1850 2550 enim
1881 2491 2066 2548 Domi-

477 2602 579 2640 nus
603 2587 668 2639 ad
696 2585 877 2642 Mosen
903 2605 916 2641 :
941 2587 1229 2643 Exsistens
1257 2587 1362 2642 hoc
1389 2586 1521 2642 mibi
1552 2597 1636 2642 cst
1691 2602 1886 2642 nomen
1923 2587 1989 2642 ⁸⁸.
2042 2607 2061 2640 ι

475 2676 661 2732 Bonus
691 2676 833 2733 Deus
868 2679 981 2732 haec
1017 2677 1258 2748 loquitur
1299 2676 1506 2747 judicio
1557 2687 1769 2742 nostro,
1818 2678 1912 2746 qui
1962 2676 2068 2748 glo-

475 2773 687 2828 riamur
711 2788 833 2828 esse
865 2773 931 2828 de
960 2771 1200 2826 Ecclesia
1221 2810 1236 2836 ,
1276 2786 1438 2840 quem
1464 2769 1778 2839 gloriﬁcans
1806 2769 2068 2824 Servator

476 2866 608 2920 dicit
641 2884 654 2919 :
693 2883 713 2917 ι
754 2864 926 2920 Nemo
969 2865 1163 2930 bonus,
1199 2863 1307 2918 nisi
1345 2862 1491 2919 solus
1534 2863 1710 2930 Deus,
1745 2877 1941 2933 nempe
1975 2862 2066 2918 ille
2098 2885 2103 2891 ι

474 2957 661 3012 Pater.
698 2958 742 2989 ιδ
785 2975 804 3010 ι
842 2955 1011 3027 Igitur
1051 2959 1225 3013 bonus
1283 2956 1424 3012 idem
1466 2967 1548 3012 est
1578 2971 1699 3010 cum
1741 2956 2064 3012 exsislente.

474 3051 610 3106 Cum
637 3067 767 3106 vero
795 3050 994 3105 malum
1021 3059 1117 3104 aut
1149 3066 1377 3120 pravum
1420 3050 1758 3106 contrarium
1792 3050 1863 3104 sit
1899 3050 2063 3114 bono,

475 3153 532 3196 et
557 3141 891 3196 contrarium
916 3142 1203 3197 exsistenli
1231 3142 1303 3197 sit
1333 3157 1438 3196 non
1467 3142 1765 3206 exsistens,
1816 3141 2069 3209 sequitur

2169 636 2302 707 γένη
2338 633 2434 688 καὶ
2457 631 2526 686 τὰ
2543 633 2657 705 εἴδη
2676 633 2811 705 (55),
2827 627 2939 688 οἷον
2963 633 3024 687 τὸ
3049 633 3188 700 ζῶον
3223 633 3432 687 καὶτὸν
3447 632 3753 704 ἄνθρωπον,

2165 728 2338 791 οὕτως
2358 726 2626 780 ὑπέλαϐον
2648 727 2800 780 οὐδὲν
2819 727 3110 799 τυγχάνειν
3138 728 3247 780 πᾶν
3268 727 3328 780 τὸ
3349 726 3449 797 οὐχ
3469 725 3576 780 ὑπὸ
3597 724 3753 786 Θεοῦ,

2165 820 2286 873 οὐδὲ
2316 818 2405 872 διὰ
2434 819 2530 873 τοῦ
2559 819 2734 888 Λόγου
2775 818 2876 891 τὴν
2903 819 3168 874 δοκοῦσαν
3203 819 3462 872 σύστασιν
3513 817 3751 887 εἰληφός.

2165 911 2274 965 Καὶ
2308 911 2607 984 έφίσταμεν
2646 913 2694 965 εἰ
2727 912 2951 967 δυνατὸν
2979 912 3088 967 ἀπὸ
3116 911 3227 967 τῶν
3255 911 3487 983 Γραφῶν
3526 907 3755 980 πληκτι-

2167 1005 2384 1061 κώτατα
2430 1005 2602 1060 ταῦτα
2657 1005 3024 1079 παραστῆσαι.
3079 1006 3242 1058 Ὅσον
3285 1004 3465 1058 τοίνυν
3514 1004 3608 1057 ἐπὶ
3645 1005 3757 1066 τοῖς

2169 1099 2587 1172 σημαινομένοις
2629 1099 2724 1153 τοῦ
2777 1098 2980 1164 οὐδὲν,
3024 1099 3116 1152 καὶ
3160 1097 3256 1151 τοῦ
3315 1099 3428 1151 οὐκ
3470 1096 3564 1161 ὄν,
3615 1095 3756 1159 δόξει

2166 1187 2306 1248 εἶναι
2344 1191 2658 1266 συνώνυμα,
2707 1191 2802 1246 τοῦ
2849 1192 2950 1247 οὐκ
2989 1192 3142 1256 ὄντος
3182 1191 3398 1254 οὐδενὸς
3425 1189 3490 1245 ἂν
3523 1188 3756 1260 λεγομέο

2167 1303 2280 1351 νου,
2316 1287 2410 1340 καὶ
2441 1286 2532 1341 τοῦ
2560 1286 2774 1351 οὐδενὸς
2804 1287 2903 1340 οὐκ
2935 1285 3105 1350 ὄντος.
3141 1285 3396 1338 Φαίνεται
3429 1282 3487 1336 δὲ
3519 1285 3550 1337 6
3589 1283 3754 1336 Ἀπόο

2169 1381 2352 1446 στολος
2391 1379 2460 1434 τὰ
2497 1381 2597 1435 ούκ
2634 1380 2762 1434 ὄντα
2794 1379 2915 1451 οὐχ).
2957 1375 3186 1431 ἐπὶτῶν
3228 1375 3452 1448 μηδαμῆ
3491 1373 3757 1445 μηδαμῶς

2166 1473 2339 1528 ὄντων
2388 1473 2691 1546 ὀνομάζων,
2726 1471 2841 1527 ἀλλ’
2877 1470 2970 1524 ἐπὶ
3013 1469 3123 1523 τῶν
3163 1469 3476 1541 μοχθηρῶν,
3510 1466 3583 1540 μὴ
3628 1467 3759 1519 ὄντα

2166 1567 2496 1638 νομίζωντὰ
2537 1565 2770 1639 πονηρά·
2797 1583 2816 1616 ι
2869 1568 2950 1642 Τᾲ
2990 1564 3064 1636 μὴ
3116 1565 3242 1620 ὄντα
3279 1565 3424 1636 γὰρ,
3479 1565 3678 1634 φησιν,
3726 1559 3758 1610 ὁ

2167 1658 2300 1725 Θεὸς
2319 1661 2394 1726 ὡς
2421 1661 2554 1716 ὄντα
2585 1659 2864 1716 ἐκάλεσεν.
2881 1679 2899 1712 ι
2920 1658 3082 1713 Ἀλλὰ
3117 1657 3211 1712 καὶ
3235 1658 3264 1709 6
3295 1654 3666 1728 Μαρδοχαῖος,
3698 1655 3757 1707 ὲν

2166 1759 2232 1828 τῇ
2264 1754 2405 1809 κατὰ
2431 1753 2559 1816 τοὺς
2601 1752 3004 1825 Ἑϐδομήκοντα
3056 1749 3278 1823 Ἐσθὴρ,
3328 1749 3403 1823 μὴ
3436 1748 3603 1812 ὄντας
3634 1748 3758 1810 τοὺς

2168 1847 2395 1922 ἐχθροὺς
2426 1846 2520 1900 τοῦ
2562 1845 2779 1919 Ἰσραὴλ
2803 1845 2960 1899 καλεῖ
2988 1843 3195 1914 λέγων’
3231 1861 3249 1894 ι
3281 1842 3373 1915 Μὴ
3409 1841 3676 1914 παραδῷς
3701 1839 3759 1893 τὸ

2170 1941 2448 2014 σκῆπτρόν
2505 1957 2619 2004 σου,
2667 1937 2868 2010 Κύριε,
2922 1939 3033 2002 τοῖς
3082 1936 3157 2009 μὴ
3210 1931 3379 1990 οὖσιν.
3426 1954 3445 1986 ι
3493 1934 3608 1988 Καὶ
3648 1934 3758 1986 ἐστι

2169 2034 2538 2108 προσαγαγεῖν
2571 2029 2689 2096 πῶς
2721 2030 2810 2085 διὰ
2851 2030 2949 2103 τὴν
2983 2030 3185 2085 κακίαν
3222 2027 3296 2101 μὴ
3325 2028 3478 2091 ὄντες
3515 2027 3568 2080 οῖ
3595 2042 3764 2095 πονηο

2170 2127 2254 2200 ρο).
2283 2123 2778 2198 προσαγορεύονται
2817 2123 2882 2177 ὲκ
2912 2121 3007 2177 τοῦ
3046 2123 3104 2176 ὲν
3141 2123 3209 2194 τῇ
3267 2117 3464 2190 Ἐξόδῳ
3492 2118 3763 2190 ὀνόματος

2168 2221 2619 2294 ἀναγραφομένου
2665 2217 2759 2272 τοῦ
2794 2215 2960 2271 Θεοῦο
2999 2235 3017 2268 ι
3053 2212 3190 2270 Eine
3224 2214 3332 2287 γὰρ
3376 2212 3588 2286 Κύριος
3627 2211 3764 2283 πρὸς

2167 2314 2438 2383 Μωῦσῆνο
2506 2312 2564 2365 ’0
2591 2308 2691 2376 ὣν,
2721 2308 2881 2364 τοῦτό
2937 2308 3028 2380 μοι
3069 2309 3185 2361 ἐστι
3230 2307 3291 2360 τὸ
3324 2306 3514 2377 ὄνομα.
3561 2325 3580 2358 ι
3621 2300 3764 2358 Καθ’

2167 2409 2315 2480 ἡμᾶς
2346 2407 2403 2460 δὲ
2435 2407 2562 2470 τοὺς
2588 2403 2913 2476 εὐχομένους
2945 2401 3055 2472 (54)
3075 2396 3212 2455 εἶναι
3238 2399 3345 2454 ἀπὸ
3382 2399 3482 2470 τῆς
3532 2396 3767 2468 Ἐκκλη-

2170 2500 2311 2566 σίας,
2329 2502 2357 2553 6
2381 2498 2583 2567 ἀγαθὸς
2596 2497 2730 2560 Θεὸς
2759 2495 2936 2550 ταῦτά
2963 2511 3150 2566 φησιν,
3174 2493 3233 2548 ὃν
3250 2492 3488 2560 δοξάζων
3515 2492 3545 2544 ό
3570 2488 3766 2561 Σωτὴρ

2167 2596 2347 2666 λέγει’
2390 2614 2408 2646 ‹
2445 2593 2633 2656 Οὐδεὶς
2667 2591 2868 2662 ἀγαθὸς
2898 2593 2945 2644 εἰ
2986 2589 3059 2662 μὴ
3088 2585 3167 2654 εἷς
3198 2590 3226 2642 6
3253 2587 3385 2652 Θεὸς
3417 2588 3446 2640 6
3475 2587 3696 2658 Πατήρ.
3741 2604 3764 2640 ι

2168 2687 2374 2743 Οὐκοῦν
2402 2689 2430 2741 6
2455 2686 2658 2756 ἀγαθὸς
2683 2684 2762 2757 τῷ
2791 2685 2902 2739 ὄντι
2941 2685 2970 2737 6
3001 2684 3164 2747 αὐτός
3195 2685 3362 2737 ἐστιν.
3409 2680 3691 2736 Ἐναντιον
3713 2681 3769 2736 δὲ
3832 2679 3833 2684 “

2167 2783 2246 2854 τῷ
2273 2780 2464 2852 ἁγαθῷ
2496 2781 2557 2834 τὸ
2591 2779 2780 2845 κακὸν,
2813 2779 2846 2850 ἢ
2881 2776 2942 2831 τὸ
2975 2776 3232 2850 πονηρὸν,
3279 2777 3371 2831 καὶ
3410 2777 3658 2830 ἐναντίον
3688 2774 3767 2846 τῷ

2167 2877 2280 2930 ὄντι
2319 2875 2379 2928 τὸ
2427 2874 2527 2928 ούκ
2561 2872 2651 2926 ὄν·
2689 2865 2770 2936 οἷς
2807 2869 3108 2934 ἀκολουθεῖ,
3143 2871 3224 2924 ὅτι
3278 2870 3339 2923 τὸ
3384 2870 3626 2941 πονηρὸν
3674 2869 3768 2922 καὶ

2168 2969 2338 3026 κακὸν
2359 2967 2458 3021 οὐκ
2481 2967 2560 3020 ὄν.
2579 2965 2690 3021 Καὶ
2717 2965 2858 3037 τάχα
2876 2965 3032 3019 τοῦτο
3054 2964 3214 3036 έσηνε
3239 2965 3366 3027 τοὺς
3377 2963 3636 3028 εἰπόντας
3653 2963 3767 3036 (35)

2167 3065 2258 3118 τὸν
2287 3062 2530 3118 διάϐολον
2567 3055 2806 3133 μὴεῖναι
2837 3058 2973 3113 Θεοῦ
3011 3057 3404 3131 δημιούργημα
3427 3075 3440 3086 ·
3473 3057 3611 3112 καθὸ
3655 3064 3766 3128 γὰρ
3832 3063 3833 3080 ‘

2167 3157 2413 3221 διάϐολός
2434 3157 2601 3218 ἐστιν,
2617 3154 2716 3208 οὐκ
2736 3153 2851 3206 ἐστι
2870 3152 3004 3207 Θεοῦ
3025 3153 3413 3224 δημιούργημα
3436 3168 3449 3180 ·
3474 3143 3519 3219 ᾧ
3534 3151 3592 3205 δὲ
3629 3169 3772 3222 πμ-

478 3235 680 3288 malum
717 3243 768 3290 et
799 3249 1023 3305 pravum
1053 3249 1306 3289 essenon
1339 3233 1636 3288 exsislens.
1691 3233 1762 3287 Et
1809 3231 2063 3289 fortassis

2173 3254 2367 3326 ϐέϐηκε
2387 3250 2616 3320 διαϐόλῳ
2641 3244 2801 3313 εἶναι,
2819 3246 3045 3318 γενητὸς
3062 3244 3158 3311 ὣν,
3180 3243 3393 3308 οὐδενὸς
3415 3243 3644 3298 κτίστου
3674 3244 3769 3297 ὄν-

478 3327 579 3382 hac
605 3329 817 3383 ratione
859 3327 1078 3382 adducti
1112 3327 1332 3382 fuerunt
1355 3368 1371 3394 ,
1414 3326 1507 3396 qui
1551 3326 1739 3381 dicunt
1765 3325 2058 3391 diabolum

480 3434 588 3472 non
622 3434 743 3474 esse
769 3419 864 3474 Dei
889 3420 1168 3490 opiﬁcium
1202 3436 1214 3472 :
1243 3419 1297 3472 in
1327 3427 1591 3487 quantum
1626 3416 1772 3474 enim
1814 3417 2063 3474 diabolus

478 3523 584 3581 est,
641 3530 746 3570 non
777 3525 862 3570 est
894 3515 986 3571 Dei
1036 3515 1351 3585 opificium;
1399 3514 1452 3569 in
1483 3523 1747 3586 quantum
1798 3530 1927 3571 vero
1985 3515 2063 3570 illi

477 3607 706 3677 contigit
755 3607 970 3663 diabolo
1018 3622 1164 3675 esse,
1215 3609 1393 3664 lactus
1457 3623 1581 3662 cum
1615 3608 1706 3674 sit,
1765 3623 1887 3663 cum
1930 3607 2063 3663 nihil

479 3711 722 3753 creatum
755 3700 825 3753 sit
856 3709 1014 3755 extra
1077 3699 1247 3755 Deum
1296 3713 1542 3757 nostrum
1571 3740 1588 3766 ,
1632 3699 1728 3756 Dei
1777 3711 1859 3756 est
1908 3701 2064 3774 opili-

478 3790 622 3843 eiunt
667 3788 898 3863 (57),ut
941 3791 985 3846 si
1023 3793 1350 3862 parricidam
1411 3794 1518 3848 Dei
1546 3809 1682 3864 opus
1731 3809 1850 3850 esse
1902 3811 2066 3866 nega-

478 3897 685 3953 remus,
735 3901 840 3941 non
867 3887 1179 3945 auferentes
1209 3889 1382 3959 ipsum
1415 3904 1443 3941 a
1478 3889 1588 3944 Deo
1636 3886 1836 3943 factum
1871 3889 2061 3958 fuisse,

478 3976 532 4030 in
567 3988 830 4047 quantum
863 3981 1029 4038 homo
1062 3984 1173 4054 66
1195 3992 1299 4042 est.
1332 3982 1579 4053 Namque
1610 3995 1876 4053 ponentes
1895 3984 2058 4038 etiam

477 4083 599 4134 nos,
629 4085 752 4125 eum
798 4088 919 4127 esse
950 4077 1253 4145 sumpsisse
1284 4091 1313 4130 a
1350 4078 1494 4144 Deo,
1529 4078 1580 4130 in
1609 4085 1870 4145 quantum
1902 4075 2063 4131 homo

479 4174 587 4223 est,
617 4177 722 4217 non
751 4167 1006 4233 ponimus
1034 4168 1138 4222 hoc
1173 4184 1295 4222 eum
1332 4169 1662 4238 sumpsisse,
1699 4168 1752 4221 in
1796 4177 2059 4235 quantum

477 4263 560 4306 est
611 4255 950 4312 interfector.
1010 4257 1197 4329 Itaque
1271 4275 1461 4312 omnes
1518 4259 1904 4328 participantes
1964 4271 2061 4312 eus

480 4345 1054 4416 (participautautem
1100 4352 1272 4406 sancti
1299 4353 1555 4419 ),tnerito
1586 4360 1746 4405 erunt
1790 4351 2061 4406 exsisten-

2167 3363 2260 3411 τος
2289 3329 2466 3416 παρέξ
2502 3341 2596 3396 τοῦ
2623 3339 2756 3394 Θεοῦ
2785 3339 2962 3412 ἡμῶν,
2998 3337 3134 3392 Θεοῦ
3171 3341 3287 3392 ἐστι
3319 3337 3525 3409 κτίσμα
3546 3353 3560 3367 ο
3601 3337 3685 3402 ὡς
3721 3340 3769 3390 εἰ

2169 3437 2482 3508 ὲφάσκομεν
2514 3437 2608 3490 καὶ
2625 3434 2714 3488 τὸν
2747 3432 2911 3503 φονέα
2937 3432 3010 3505 μὴ
3033 3429 3172 3485 εἶναι
3189 3429 3323 3484 Θεοῦ
3340 3429 3768 3503 δημιούργημα,

2169 3531 2272 3584 ούκ
2315 3527 2664 3600 ἀναιροῦντες
2709 3525 2793 3590 τὸ,
2912 3523 3196 3596 ἄνθρωπός
3238 3523 3377 3589 ἐστι,
3426 3522 3771 3593 πεποιῆσθαι

2172 3621 2334 3675 αὐτὸν
2359 3619 2470 3691 (⁸56)
2502 3618 2608 3672 ὑπὸ
2654 3614 2811 3670 Θεοῦ.
2867 3614 3119 3678 Τιθέντες
3151 3613 3260 3686 γὰρ
3289 3615 3368 3676 τὸ,
3475 3613 3772 3686 ἄνθρωπος

2169 3711 2452 3784 τυγχάνει,
2499 3709 2608 3765 ἀπὸ
2647 3706 2783 3763 Θεοῦ
2836 3707 2998 3761 αὐτὸν
3041 3707 3103 3761 τὸ
3144 3704 3284 3761 εἶναι
3319 3706 3619 3778 εἰληφέναι,
3671 3708 3771 3763 καὶ

2171 3807 2332 3877 ἡμεῖς
2367 3804 2427 3858 ού
2448 3802 2668 3874 τίθεμεν
2693 3800 2773 3865 τὸ,
2868 3798 3062 3869 φονεύς
3101 3801 3268 3865 ἐστιν,
3308 3798 3416 3853 ἀπὸ
3447 3799 3584 3852 Θεοῦ
3619 3798 3772 3854 τοῦτ’
3832 3807 3833 3818 ‘

2172 3897 2333 3954 αὑτὸν
2352 3895 2650 3970 εἰληφέναι.
2674 3893 2884 3958 Πάντες
2903 3894 3001 3965 μὲν
3023 3888 3116 3947 οὖν
3129 3893 3178 3946 οἱ
3199 3892 3513 3964 μετέχοντες
3531 3890 3650 3963 58)
3671 3894 3772 3947 τοῦ

2169 3994 2321 4056 ὄντος
2359 3990 2669 4063 (μετέχουσι
2696 3989 2752 4042 δὲ
2776 3989 2826 4042 οἱ
2852 3986 3043 4058 ἅγιοι),
3073 3986 3313 4055 εὐλόγως
3338 3985 3404 4039 ἂν
3434 3984 3590 4050 ὄντες
3621 4005 3769 4059 χρη-

2173 4081 2479 4155 ματιζοιεν·
2509 4082 2556 4133 οἱ
2585 4079 2643 4133 δὲ
2670 4075 3116 4150 ἀποστραφέντες
3147 4073 3249 4145 τὴν
3300 4071 3394 4127 τοῦ
3429 4072 3584 4137 ὄντος
3627 4092 3769 4145 μετ-

2167 4176 2322 4247 οχὴν,
2348 4172 2426 4246 τῷ
2453 4170 2775 4244 ἐστερῆσθαι
2795 4169 2889 4224 τοῦ
2930 4167 3100 4233 ὄντος,
3133 4165 3420 4236 γεγόνασιν
3451 4165 3554 4219 οὐκ
3586 4165 3770 4231 ὄντες.

2169 4267 2512 4340 Προεὶπομεν
2554 4265 2632 4330 δὲ,
2683 4264 2765 4317 ὃτι
2813 4261 3129 4333 συνωνυμία
3179 4259 3296 4314 ἐστὶ
3335 4257 3430 4312 τοῦ
3473 4259 3576 4313 οὐκ
3607 4259 3770 4324 ὄντος

2170 4357 2266 4409 καὶ
2305 4353 2401 4408 τοῦ
2432 4354 2678 4418 οὐδενός·
2722 4352 2816 4406 καὶ
2858 4350 2946 4406 διὰ
2982 4350 3140 4405 τοῦτο
3186 4351 3236 4403 οἱ
3275 4350 3377 4404 ούκ
3419 4348 3574 4414 ὄντες
3610 4349 3771 4404 οὐδέν

552 4465 669 4499 '3'“
696 4465 853 4522 Esth.
885 4484 997 4535 xrv,
1030 4469 1116 4525 II.
1196 4470 1238 4503 “’
1263 4486 1383 4540 cap.
1408 4485 1490 4535 Ill,
1522 4485 1666 4524 vers.
1701 4467 1791 4524 14.
1870 4467 1914 4499 ³³
1943 4467 2111 4524 Marc.
2143 4487 2198 4536 ι,
2237 4472 2338 4538 l8;
2373 4472 2508 4528 Luc.
2542 4488 2694 4536 svnt,
2738 4471 2824 4527 I9.

551 4561 672 4636 (55)
694 4554 864 4614 Εἶναι
905 4558 1027 4636 τῶν
1078 4561 1150 4636 οὔ
1185 4577 1362 4636 τινων
1506 4561 1651 4636 γένη
1676 4558 1774 4636 καὶ
1803 4558 1876 4613 τὰ
1901 4557 2056 4627 εἴδη,
2093 4568 2137 4623 D
2165 4564 2351 4618 κακῶν
2383 4563 2740 4636 έστινᾷόλΘεός
2759 4580 2772 4593 ·
2799 4562 3066 4636 άγένητος
3091 4562 3205 4636 ἄρα
3224 4563 3252 4614 6
3284 4560 3549 4636 διάϐολος.
3593 4580 3614 4614 ι
3649 4561 3769 4622 υςι.

479 4631 588 4689 etc.
632 4632 746 4685 Iloc
770 4641 875 4697 est,
897 4631 1049 4700 juxta
1079 4633 1382 4686 doctrinam
1413 4631 1926 4702 Peripateticorum,
1971 4646 2055 4683 re-

482 4720 599 4758 rum
629 4718 750 4771 qua:
797 4718 902 4755 non
960 4711 1085 4772 sunt
1143 4703 1246 4757 hoc
1283 4703 1510 4772 aliquid,
1544 4701 1683 4756 sive
1721 4701 1839 4754 τόδε
1863 4717 1916 4753 τι
1947 4716 2057 4772 :7ea

482 4785 607 4829 sunt
639 4783 818 4826 autem
847 4773 916 4825 τὰ
941 4771 1195 4838 καθόλου,
1228 4773 1334 4840 vel,
1371 4771 1524 4842 juxta
1559 4772 1895 4839 Platanicos,
1929 4771 2067 4826 ideae

480 4845 844 4900 universales.
886 4843 1152 4899 Ilus'nus.

550 4914 662 4987 (δί)
695 4917 834 4970 Καθ’
861 4914 1018 4986 ἡμᾶς
1062 4916 1130 4968 δὲ
1162 4914 1305 4987 τοὺς
1350 4913 1740 4987 εὐχομένους,
1776 4926 1881 4987 εις.
1926 4910 2068 4987 Mar—

480 4979 709 5058 cionil'as
753 4979 1025 5058 suggillat,
1062 4979 1346 5058 οἰηθέντας
1399 4979 1604 5058 δίκαιον
1656 4979 1766 5058 μὲν
1803 4979 1941 5058 εἶναι
1974 4983 2067 5036 τὸν

478 5054 1084 5128 δημιουργὸν,“’ἁγαθὸν
1114 5054 1172 5112 δὲ
1217 5057 1308 5110 τὸν
1330 5055 1424 5110 τοῦ
1459 5054 1695 5128 Χριστοῦ
1724 5054 1963 5126 Πατέρα,
2009 5063 2068 5108 ut

483 5127 623 5252 23m;
655 5127 814 5183 habet
838 5127 1102 5198 Origenes
1127 5144 1288 5200 supra
1313 5139 1445 5184 tom.
1477 5143 1492 5181 ι
1519 5127 1574 5181 in
1598 5127 1884 5191 Joannem,
1915 5141 2063 5182 num.

559 5239 574 5251 .
623 5213 677 5252 ι).

481 5200 574 5254 40.
602 5200 677 5252 In.

552 5269 664 5340 (55)
692 5269 803 5324 Καὶ
827 5269 983 5340 τάχα
1008 5271 1181 5326 τοῦτο
1228 5271 1415 5339 ἔσηνε
1452 5267 1927 5340 τοὺς-εἰπόντας,
1957 5275 2062 5340 etc.

483 5338 818 5396 Vocabulum
877 5338 1036 5413 ἔσηνε
1088 5358 1191 5397 non
1263 5338 1530 5396 intellexit
1591 5338 1899 5413 Perionius,
1962 5339 2066 5413 hoc

481 5423 583 5474 est,
611 5414 909 5468 commovit.
949 5407 1209 5483 Origenes
1239 5416 1292 5468 in
1327 5413 1518 5466 Matth.
1552 5426 1623 5465 xx
1658 5427 1672 5466 :
1706 5409 1798 5483 Μὴ
1835 5407 2066 5483 σαινέτω

479 5483 537 5537 δὲ
564 5483 711 5557 ἡμᾶς
738 5484 786 5557 εἰ
817 5485 846 5538 6
875 5478 1228 5557 Σωτὴᾲοιο.
1283 5483 1428 5538 Infra
1477 5492 1608 5557 tom.
1648 5496 1701 5557 vt
1745 5478 1799 5557 in
1839 5478 2063 5557 ,Ιραηηη

480 5549 665 5627 nuntii
696 5572 718 5627 γε
751 5556 872 5610 Ὅτι
899 5557 928 5608 ὁ
953 5549 1142 5627 καιρὸς
1169 5554 1268 5627 τῆς
1298 5553 1536 5626 Χριστοῦ
1565 5549 2064 5627 ἐπιδημίαςλέσαινε

479 5625 570 5678 τὸν
607 5623 758 5680 λαόν.
795 5622 1066 5682 Caeterum
1090 5622 1369 5681 loco'huie
1403 5627 1632 5682 adsonat
1658 5622 1797 5677 alter
1827 5622 1916 5677 ille
1941 5622 2068 5690 Epi-

479 5697 666 5767 phanii
695 5699 886 5754 haeres.
911 5714 1059 5761 thv,
1088 5713 1210 5767 cap.
1248 5697 1310 5752 l9
1338 5714 1350 5750 :
1393 5697 1564 5750 Πόθεν
1600 5698 1630 5749 6
1659 5694 1876 5766 φθόνος,
1904 5693 2065 5767 όίάντ

480 5763 707 5840 τιλέγων
740 5771 873 5840 ἐρεῖ.
917 5770 978 5823 Εἰ
1024 5770 1132 5840 γὰρ
1159 5763 1306 5840 ’ἀπὸ
1324 5767 1416 5820 τοῦ
1447 5763 1855 5840 διαϐόλουνκαὶ
1897 5763 1984 5840 διά
2013 5763 2065 5840 τί

477 5834 718 5904 διάϐολος
763 5834 1012 5909 ἐγένετο;
1036 5834 1045 5839 ’
1071 5834 1132 5894 Εἰ
1162 5839 1400 5908 ἐγένετο,
1457 5839 1550 5892 καὶ
1576 5841 1604 5892 6
1628 5838 1856 5909 ποιήσας
1901 5834 2063 5909 αύτόν

478 5911 625 5966 ἐστιν
661 5907 832 5976 αἴτιος
859 5913 952 5967 τοῦ
995 5909 1132 5967 εἶναι
1166 5907 1354 5967 κακόν.
1412 5910 1552 5964 Ἀλλ’
1596 5907 1838 5972 ἀναίτιος
1884 5907 2061 5976 πάντη

2173 4635 2369 4705 denum
2439 4634 2638 4688 invidia
2689 4631 2928 4705 proiecta
2963 4631 3076 4698 'sit,
3133 4631 3494 4705 adversarius
3531 4638 3772 4705 qumrit.

2171 4704 2304 4758 Nam
2335 4705 2379 4758 si
2411 4719 2438 4756 a
2465 4703 3085 4775 diabolo—respondeas;
3115 4719 3212 4760 cur
3237 4704 3462 4775 omnino
3513 4703 3770 4760 diabolus

2170 4775 2426 4830 exstitit?
2455 4773 2511 4830 Si
2566 4775 2740 4830 factus
2771 4773 2890 4842 est;
2938 4776 3028 4846 qui
3061 4776 3306 4846 condidit
3359 4774 3533 4846 illuni,
3563 4788 3769 4832 auctor

2172 4846 2298 4900 ntali
2329 4845 2492 4901 debet
2523 4846 2721 4901 videri.
2755 4847 2916 4916 Atqui
2955 4844 3233 4901 malorum
3260 4860 3424 4900 causa
3454 4844 3595 4900 Dcus
3639 4863 3770 4902 esse

2172 4933 2276 4970 non
2311 4926 2518 4985 potest;
2572 4932 2745 4986 quare
2778 4918 2846 4970 ab
2897 4917 3045 4972 nullo
3099 4917 3398 4986 productus
3441 4927 3526 4971 est
3569 4916 3769 4973 diabo.

2171 4986 2273 5059 Ius.
2302 5006 2320 5038 ι
2356 4988 2708 5059 Marcionitas
2744 5003 2907 5057 porro
2957 4997 3013 5042 et
3043 4987 3181 5043 alios
3208 5002 3396 5059 eorum
3428 4999 3770 5059 symmystas

2170 5057 2258 5112 hic
2287 5059 2534 5128 designat
2565 5057 2846 5128 Origenes,
2874 5059 2966 5130 qui
3003 5062 3104 5112 tria
3130 5057 3397 5128 principia
3418 5057 3770 5130 statuebant,

2168 5145 2398 5198 quorum
2452 5130 2592 5186 Deus
2642 5130 2780 5184 alter
2829 5128 2974 5185 esset
3018 5129 3216 5194 bonus,
3253 5130 3495 5198 ignotus,
3543 5128 3770 5185 Christi

2171 5200 2358 5263 I'ater;
2415 5199 2555 5254 alter
2583 5199 2816 5256 Creator
2844 5209 2900 5254 et
2943 5199 3225 5269 cognitus;
3270 5209 3324 5253 et
3373 5198 3769 5255 tertius-inter

2171 5283 2463 5395 i‘urumque
2487 5271 2780 5396 15dizibolus.
2841 5269 3126 5343 Legendus
3165 5271 3500 5342 Epiphanius
3558 5271 3771 5329 bzcres.

2190 5357 2462 5396 'Ltl.Can.
2527 5381 2540 5395 .
2609 5357 2660 5394 ι).

2171 5355 2304 5403 un,
2341 5357 2462 5409 cap.
2487 5355 2540 5396 δ.
2586 5355 2660 5394 ID.

2242 5412 2356 5484 (56)
2386 5411 2758 5484 Πεποιῆο-θαι
2793 5413 3002 5480 αὐτόν,
3043 5419 3150 5469 etc.
3213 5410 3396 5467 Editio
3435 5409 3619 5466 Huetii
3662 5412 3769 5470 ha-

2166 5483 2260 5540 bet
2289 5483 2362 5556 μὴ
2392 5483 2740 5556 ςιξεποιῆσθαι.

2241 5553 2360 5625 (57)
2395 5553 2518 5609 Haac
2567 5553 2634 5608 ab
2662 5554 2952 5611 Ambrosio
3000 5553 3257 5610 Ferrario
3287 5553 3516 5620 omissa,
3571 5567 3640 5609 ac
3678 5554 3768 5612 in-

2171 5627 2568 5696 terpretatione
2603 5625 2843 5681 Perionii
2883 5626 3214 5696 supplentus.

2239 5693 2355 5768 (⁷58)
2390 5694 2777 5765 Μετέχοντες.
2841 5693 3024 5752 Ediiio
3069 5693 3274 5768 HueIii,
3306 5694 3380 5766 μὴ
3412 5694 3768 5767 μετέχοντες,

2169 5767 2478 5840 perperam.
2547 5769 2710 5825 Certe
2757 5769 2810 5824 in
2860 5768 3052 5825 codice
3082 5767 3373 5825 Bodleiano
3421 5785 3526 5822 non
3557 5769 3766 5839 legitur

2170 5840 2264 5910 μή·
