3922 6594
667 490 770 546 159

2135 475 2462 534 οιιιϐεΝιε
3789 484 3851 538 ιιι,

664 611 874 672 ﬁrmat,
903 606 1119 662 videtur
1163 611 1220 660 et
1264 599 1575 672 suspicatus
1632 599 1798 656 fuisse
1847 599 2153 662 veritatem,
2188 607 2238 654 et

2363 598 2552 668 Λόγος,
2574 598 2638 650 ἶν’
2662 597 2804 652 οὕτω
2826 598 2990 670 νοηθῇ
3013 599 3092 663 τὺ,
3122 599 3198 652 δι’
3223 596 3430 665 αὑτοῦ,
3462 597 3574 652 ἀλλ’
3591 599 3722 653 αὐτοῦ
3747 603 3850 672 ἐνερο

669 704 1012 773 impudenter
1037 699 1115 756 illi
1134 699 1455 754 adversatus
1489 696 1677 751 dicens
1710 712 1724 748 :
1755 693 1872 749 Non
1909 693 2052 748 enim
2080 691 2248 746 facie-

662 797 756 852 bat
793 796 910 865 ipse
941 793 1161 855 Sermo,
1197 801 1454 858 tanquam
1483 787 1551 841 ah
1576 786 1686 842 alio
1727 795 1986 857 Operante
2033 786 2128 853 (ut
2165 789 2246 842 sic

665 890 1062 961 intelligeretur
1116 884 1308 941 vocula
1339 898 1432 951 per
1464 896 1616 951 quem
1634 880 1678 949 ),
1710 880 1802 935 sed
1845 880 1960 948 ipso
1985 890 2247 948 operante

659 977 806 1033 alius
834 974 1090 1031 faciebat.
1111 972 1382 1029 Caeterum
1403 984 1511 1024 non
1545 967 1832 1037 praesentis
1865 977 1949 1023 est
1985 969 2246 1038 temporis

655 1064 900 1135 probare
947 1062 1092 1132 quod
1143 1058 1328 1115 mundi
1365 1055 1556 1126 Opifcx
1611 1065 1668 1110 et
1715 1055 2013 1112 fabricator
2049 1057 2244 1113 fecerit

663 1153 950 1218 mundum,
980 1166 1089 1206 non
1120 1149 1294 1205 factus
1320 1145 1570 1201 minister
1603 1142 1908 1209 Sermonis,
1951 1154 2006 1199 et
2050 1154 2245 1200 osten-

651 1245 796 1301 dere
825 1243 968 1314 quod
1021 1243 1219 1297 Sermo
1241 1279 1256 1300 ,
1297 1249 1354 1292 ut
1409 1235 1657 1289 minister
1687 1232 1947 1303 Opilicis,
1983 1234 2242 1288 mundum

661 1338 990 1393 condiderit.
1013 1335 1171 1391 Juxta
1199 1333 1371 1388 David
1411 1333 1555 1387 enim
1593 1331 1916 1401 prophetam
1952 1327 2022 1392 ’⁸,
2055 1346 2075 1379 ι
2102 1327 2243 1382 Deus

644 1427 820 1494 .dixit,
862 1436 918 1482 et
952 1425 1096 1480 facta
1147 1431 1313 1490 sunt;
1350 1421 1647 1487 mandavit,
1690 1428 1746 1473 et
1788 1427 1970 1473 creata
2004 1427 2168 1484 sunt;
2216 1435 2235 1468 ι

653 1518 940 1575 mandavit
969 1517 1116 1571 enim
1159 1516 1433 1585 ingenitus
1468 1514 1610 1568 Deus
1658 1511 2028 1582 Primogcnito
2060 1511 2242 1566 omnis

643 1621 943 1674 creatura»,
986 1618 1042 1664 ct
1082 1617 1266 1663 creata
1303 1617 1450 1672 sunt,
1509 1621 1616 1660 non
1668 1603 1847 1660 solum
1896 1604 2134 1659 mundus
2187 1613 2242 1658 ct

653 1721 781 1776 qua:
818 1713 946 1760 sunt
973 1702 1026 1757 in
1065 1703 1177 1766 illo,
1210 1715 1398 1756 verum
1431 1700 1594 1754 etiam
1623 1697 1828 1767 reliqua
1851 1697 2054 1763 omnia,
2089 1696 2241 1752 «sive

2354 689 2576 757 γοῦντος
2609 689 2794 761 ἕτερος
2839 689 3032 743 ἐποίει.
3083 690 3158 742 Οὐ
3191 687 3286 742 τοῦ
3332 691 3593 760 παρόντος
3627 689 3674 744 δέ
3715 693 3855 763 καιριῇ

2353 779 2568 850 ἐλέγξαι
2607 781 2691 846 τὸ,
2733 781 2808 852 μὴ
2837 782 2928 834 τὸν
2954 783 3297 854 Δημιουργὸν
3330 783 3603 856 ὑπηρέτην
3635 783 3711 837 τοῦ
3733 785 3856 853 Mm

2351 872 2716 944 γεγενημένον
2765 874 2859 928 τὸν
2915 874 3119 945 κόσμον
3172 875 3550 944 πεποιηκέναι,
3585 876 3665 929 καὶ
3697 876 3860 930 ἀποδει-

2353 964 2450 1018 κνύ
2460 983 2563 1031 ναι,
2584 965 2665 1019 ὅτι
2686 966 2966 1038 ὑπηρέτης
2981 965 3076 1020 τοῦ
3100 967 3443 1041 Δημιουργοῦ
3472 967 3727 1039 γενόμενος
3747 969 3773 1020 ό
3793 969 3862 1025 A5-

2352 1071 2448 1123 γος
2480 1055 2574 1108 τὸν
2602 1055 2806 1127 κόσμον
2835 1057 3228 1112 κατεσκεύασε.
3267 1058 3425 1113 Κατὰ
3460 1057 3570 1130 γὰρ
3597 1057 3674 1111 τὸν
3701 1061 3860 1129 προφή-

2350 1163 2450 1217 την
2481 1148 2669 1200 Δαυῖδ·
2710 1167 2729 1200 ι
2770 1149 2829 1202 ὐ
2862 1149 2994 1215 Θεὸς
3029 1146 3171 1214 εἷπε,
3219 1152 3311 1204 καὶ
3339 1151 3683 1223 ἐγενήθησαν·
3712 1151 3863 1207 ἐνετεί-

2349 1235 2500 1302 λατο,
2532 1238 2626 1291 καὶ
2660 1239 3015 1311 ἐκτίσθησαν·
3054 1260 3072 1292 ι
3103 1241 3404 1295 ἐνετείλατο
3434 1242 3540 1313 γὰρ
3577 1243 3602 1293 ό
3636 1242 3864 1314 ἀγέννητος

2349 1329 2481 1396 Θεὸς
2501 1330 2580 1402 τῷ
2604 1333 2943 1406 Πρωτοτόκῳ
2973 1334 3155 1404 πάσης
3189 1335 3441 1398 κτίσεως,
3467 1336 3562 1388 καὶ
3586 1334 3864 1406 ἐκτίσθησαν,

2347 1424 2408 1477 οὐ
2440 1425 2598 1496 μόνον
2627 1427 2658 1479 ό
2683 1426 2886 1498 κόσμος
2915 1429 3009 1481 καὶ
3032 1428 3100 1482 τά
3129 1430 3184 1482 ἐν
3215 1429 3382 1500 αὐτῷ,
3408 1428 3544 1482 άλλά
3565 1430 3649 1482 καὶ
3670 1428 3728 1482 τὰ
3749 1429 3864 1484 λοιπὰ

2349 1517 2548 1585 πάντα,
2573 1539 2591 1571 ι
2620 1520 2730 1572 εἴτε
2751 1518 2950 1591 θρόνοι,
2972 1522 3080 1573 sits
3110 1503 3450 1592 κυριότητες,
3482 1521 3590 1574 εἴτε
3612 1522 3754 1593 ἁρχαὶ
3775 1521 3864 1589 (ili).

2347 1610 2456 1662 εἴτε
2495 1609 2756 1677 ἐξουσίαι·
2804 1611 2981 1665 πάντα
3029 1611 3138 1683 γὰρ
3188 1612 3255 1666 δι’
3285 1611 3448 1667 αὑτοῦ
3498 1613 3592 1666 καὶ
3635 1615 3703 1676 εις
3753 1613 3864 1665 αὑτὸν

2348 1700 2615 1767 ἔκτισται,
2652 1705 2746 1756 καὶ
2771 1704 2930 1768 αὐτός
2965 1706 3079 1758 ἐστι
3113 1706 3219 1777 πρὸ
3250 1706 3488 1758 πάντων.
3536 1725 3553 1754 ι

661 1802 862 1866 throni,
896 1801 1013 1856 sive
1039 1797 1462 1860 dominationes,
1495 1796 1612 1852 sive
1637 1794 1993 1866 principatus,
2018 1794 2134 1851 sive
2166 1806 2464 1866 potestates
2489 1819 2502 1855 :
2527 1804 2708 1856 omnia
2740 1805 2884 1858 cnim
2910 1819 3004 1874 per
3032 1804 3201 1869 illum,
3237 1817 3288 1857 ct
3316 1807 3366 1857 in
3391 1805 3544 1858 illum
3567 1813 3732 1858 creata
3753 1812 3864 1858 sunt:

644 1904 714 1951 et
741 1895 856 1966 ipse
883 1903 966 1949 est
989 1903 1117 1949 ante
1150 1893 1335 1947 omnia
1364 1892 1429 1945 ἰ.
1465 1910 1485 1944 ι

730 1994 786 2049 9.
816 1991 898 2046 Ad
936 1991 1052 2046 brec
1076 1990 1128 2044 in
1161 1991 1262 2044 hoc
1291 1989 1494 2044 dictum
1527 2005 1542 2042 :
1586 2007 1605 2040 ι
1631 1987 1700 2043 Ει
1737 1988 1854 2044 sine
1887 1988 2004 2060 ipso
2035 1988 2233 2044 factum
2268 2011 2309 2066 Β

651 2097 744 2142 εει
796 2085 932 2140 nihil
964 2088 1032 2152 ",
1063 2104 1082 2138 ι
1141 2099 1247 2139 non
1299 2085 1503 2140 intacta
1559 2084 1793 2140 sinenda
1843 2093 1928 2141 est
1960 2085 2137 2140 oratio
2173 2085 2240 2140 de

658 2181 792 2237 vitio
825 2199 839 2236 :
869 2179 1122 2250 quamvis
1167 2178 1314 2234 enim
1353 2177 1646 2234 admodum
1697 2177 2042 2233 dissentanea
2079 2177 2240 2247 atque

544 2331 546 2334 ,
657 2271 928 2328 absimilis
983 2284 1109 2326 esse
1163 2269 1436 2334 videatur,
1505 2284 1607 2341 ego
1657 2270 1792 2324 nihil
1851 2269 2024 2325 ferme
2079 2269 2240 2327 facile

655 2364 1115 2421 contemnendum
1143 2377 1266 2418 esse
1295 2375 1514 2418 censeo.
1560 2361 1922 2430 Quaerendum
1963 2362 2109 2418 enim
2157 2372 2242 2419 est

654 2473 727 2513 an
760 2457 925 2512 etiam
954 2456 1144 2511 vitium
1177 2469 1274 2526 per
1301 2453 1459 2525 λόγον
1489 2453 1569 2527 [id
1603 2464 1685 2510 est
1703 2453 1998 2526 rationem]
2039 2453 2238 2510 factum

652 2551 750 2616 sit,
776 2550 1044 2606 sumendo
1077 2563 1220 2604 nunc
1261 2547 1418 2617 λόγον
1455 2547 1546 2620 [id
1574 2557 1658 2604 est
1689 2546 2002 2620 rationem]
2032 2557 2242 2602 attente

654 2654 714 2699 et
751 2643 1041 2713 diligenter
1071 2656 1169 2712 pro
1221 2655 1288 2696 eo
1329 2641 1472 2711 λόγῳ
1498 2639 1590 2710 qui
1641 2649 1727 2694 est
1782 2640 1837 2695 in
1885 2655 2234 2710 unoquoque,

645 2735 917 2806 quoniam
946 2745 1002 2790 et
1035 2735 1152 2803 ipse
1179 2732 1451 2802 ingenitus
1481 2743 1565 2790 est
1597 2733 1828 2804 singulis
1870 2732 1938 2786 ab
1983 2747 2049 2786 eo
2084 2732 2242 2802 Λόγῳ

651 2829 753 2898 qui
787 2839 907 2884 erat
953 2829 1002 2882 in
1052 2828 1347 2898 principio.
1386 2827 1567 2896 lnquit
1616 2826 1784 2897 igitur
1823 2825 2118 2894 Apostolus
2149 2825 2238 2877 υς

655 2940 683 2974 ’1
724 2922 857 2978 Sine
901 2922 1019 2992 lege
1079 2929 1358 2990 peccatum
1417 2930 1503 2976 est
1550 2929 1848 2984 mortuum,
1888 2937 1910 2971 ο
1962 2927 2016 2972 ει
2043 2917 2237 2972 addit:

657 3036 682 3068 4
715 3015 979 3071 Veniente
1014 3024 1195 3069 autem
1225 3015 1481 3068 inandato
1507 3054 1522 3079 ,
1560 3021 1847 3083 peccatum
1884 3011 2077 3066 revixit
2119 3011 2184 3069 ".
2217 3029 2236 3062 ι

659 3108 916 3162 universe
943 3107 1142 3162 docens
1174 3106 1239 3161 de
1278 3115 1536 3175 peccato,
1567 3107 1714 3175 quod
1743 3114 2026 3173 peccatum
2068 3103 2240 3172 ipsum

649 3201 861 3256 nullam
895 3199 1099 3256 haheat
1133 3199 1510 3269 operationem
1534 3235 1550 3261 ,
1590 3208 1880 3266 antequam
1925 3196 2111 3251 veniat
2156 3196 2238 3249 lex

653 3303 713 3350 et
737 3293 1078 3349 mandatum.
1110 3289 1348 3346 Proinde
1389 3304 1509 3343 cum
1557 3288 1714 3358 λόγος
1757 3287 1834 3360 [id
1863 3298 1947 3343 est
1988 3286 2147 3358 ratio]
2173 3287 2241 3341 sit

2413 1993 2533 2045 Ἔτι
2566 1996 2646 2058 εἰς
2677 1995 2764 2048 τό·
2805 2013 2822 2045 ι
2857 1994 3039 2067 Χωρὶς
3070 1993 3235 2048 αὑτοῦ
3272 1992 3490 2060 ἐγένετο
3522 1991 3637 2044 οὐδὲ
3667 1990 3736 2053 ἐν,
3766 1989 3864 2042 »οὖν

2342 2085 2690 2157 ἀγύμναστον
2719 2087 2902 2140 ἐατέον
2952 2089 3046 2140 καὶ
3084 2085 3175 2140 τὸν
3221 2086 3349 2157 περὶ
3383 2085 3482 2156 τῆς
3523 2083 3708 2147 κακίας
3733 2083 3854 2151 λόγον

2342 2181 2447 2234 κᾶν
2480 2181 2589 2253 γὰρ
2617 2180 2818 2252 σφόδρα
2850 2181 3212 2251 άπεμφαίνειν
3257 2180 3412 2250 δοκῇ,
3435 2179 3497 2232 οὐ
3534 2179 3668 2234 πάνυ
3697 2197 3744 2232 τι
3767 2179 3863 2232 δοκε

2346 2288 2436 2342 μοι
2464 2270 2936 2342 εὐκαταφρόνητον
2962 2267 3119 2324 εἶναι.
3149 2270 3418 2340 Ζητητέον
3444 2269 3556 2341 γὰρ
3584 2271 3629 2322 εἰ
3656 2269 3738 2322 καὶ
3761 2271 3789 2340 ἡ
3811 2287 3864 2322 κα

2343 2365 2438 2418 κία
2473 2364 2561 2420 διὰ
2605 2364 2699 2418 τοῦ
2743 2364 2902 2433 λόγου
2944 2363 3255 2434 γεγένηται,
3291 2362 3386 2416 νῦν
3442 2362 3604 2430 λόγου
3651 2362 3863 2436 προσεχώι

2343 2457 2756 2530 λαμϐανομένου
2791 2457 2886 2511 τοῦ
2924 2461 2980 2511 ἐν
3009 2456 3241 2527 ἑκάστῳ,
3277 2457 3352 2521 ὼς
3383 2474 3479 2510 και
3515 2456 3673 2520 αὐτὸς
3698 2456 3794 2508 ἀπὸ
3816 2455 3864 2507 τό

2346 2553 2404 2604 ἐν
2425 2551 2566 2623 ἀρχῇ
2586 2551 2758 2621 Λόγου
2785 2551 3001 2622 ἑκάστῳ
3035 2550 3344 2620 γεγένηται.
3364 2550 3502 2622 Φησὶ
3520 2551 3689 2604 τοίνυν
3707 2553 3734 2603 ό
3765 2547 3864 2600 Ἀπό

2347 2642 2549 2705 στολος·
2577 2660 2595 2693 ι
2621 2643 2803 2712 Χωρὶς
2818 2642 2982 2713 νόμου
2998 2641 3238 2713 ἁμαρτία
3265 2643 3452 2712 νεκρὰ,
3479 2659 3499 2694 ι
3530 2640 3622 2694 καὶ
3648 2639 3864 2709 ἐπιφέρει

2351 2753 2368 2786 ι
2421 2736 2710 2806 Ἐλθούσης
2746 2736 2804 2788 δέ
2842 2734 3082 2805 ἐντολῆς,
3117 2736 3148 2805 ἡ
3186 2735 3284 2805 μὲν
3317 2733 3564 2804 ἁμαρτία
3615 2732 3848 2802 ἁνέζησεσ

2345 2825 2649 2890 καθολικῶς
2680 2826 2788 2897 (47)
2815 2826 3081 2878 διδάσκων
3117 2826 3242 2896 περὶ
3267 2825 3364 2895 τῆς
3391 2824 3688 2894 ἁμαρτίας,
3714 2824 3782 2885 ὡς
3811 2838 3864 2892 μη

2343 2919 2534 2990 δεμίαν
2561 2918 2839 2989 ἐνέργειαν
2865 2917 3035 2986 αὐτῆς
3071 2917 3299 2987 ἐχούσης
3327 2916 3454 2986 πρὶν
3481 2915 3645 2986 νόμου
3672 2915 3760 2967 καὶ
3781 2915 3864 2965 ἐντι

2345 3009 2472 3080 λῆς”
2515 3008 2632 3072 πῶς
2663 3008 2721 3062 δὲ
2754 3007 2893 3078 ἔχων
2927 3009 2955 3060 ό
2986 3006 3140 3076 λόγος
3171 3006 3333 3077 νόμος
3389 3001 3529 3058 εἶναι
3581 3006 3672 3058 καὶ
3718 3000 3864 3058 ἐντολὶ

2345 3105 2439 3158 καὶ
2470 3104 2571 3157 οὐκ
2605 3103 2671 3157 ἂν
2716 3102 2801 3174 εἴη
2844 3101 3089 3173 ἁμαρτία
3131 3099 3206 3172 μὴ
3255 3100 3409 3164 ὄντος
3452 3098 3642 3171 νόμου,
3671 3095 3864 3170 (ἁμαρτέ

2344 3197 2452 3269 γὰρ
2506 3197 2580 3268 μὴ
2624 3195 2922 3263 ἐλλογεῖται
2974 3195 3049 3264 μὴ
3084 3193 3236 3256 ὄντος
3262 3192 3424 3264 νόμου
3446 3192 3486 3264 ·)
3520 3193 3614 3246 καὶ
3645 3193 3798 3247 πάλιν

2343 3288 2410 3342 ἂν
2457 3289 2542 3360 εῐη
2603 3287 2869 3360 ἁμαρτία,
2912 3285 2987 3358 μὴ
3032 3285 3184 3348 ὄντος
3233 3285 3424 3354 λόγου·
3455 3305 3474 3338 ι
3505 3287 3568 3339 El
3606 3305 3625 3338 ι
3656 3283 3762 3355 γάρ
3797 3279 3864 3353 ιίλ

653 3387 845 3457 aliquo
875 3385 1036 3441 modo
1061 3385 1144 3440 lex
1177 3391 1232 3439 et
1267 3382 1610 3446 mandatum,
1647 3392 1832 3438 etnon
1860 3381 1932 3437 sit
1960 3389 2237 3451 peccatum

2341 3377 2502 3453 ἦλθον
2527 3417 2542 3442 ,
2627 3382 2763 3452 φησι
2788 3418 2802 3442 ,
2866 3380 2959 3434 καὶ
3005 3380 3243 3451 ἐλάλησα
3285 3382 3491 3444 αὐτοῖς,
3530 3381 3799 3452 ἁμαρτίαν
3826 3378 3864 3432 o'.‘

652 3494 765 3534 non
793 3478 1098 3550 exsistente
1141 3476 1256 3547 lege
1285 3474 1330 3547 (ι
1367 3484 1649 3545 peccatum
1694 3474 1842 3529 enim
1876 3488 1982 3529 non
2009 3474 2239 3542 imputa-

653 3581 768 3636 tur,
822 3587 948 3625 cum
989 3584 1102 3624 non
1151 3569 1223 3622 sit
1253 3567 1337 3623 lex
1368 3567 1414 3598 "
1442 3567 1512 3636 ι),
1545 3567 1712 3622 etiam
1751 3573 1940 3621 rurs‘us
1981 3580 2087 3620 non
2137 3565 2240 3620 erit

652 3672 963 3734 peceatum,
991 3661 1035 3717 si
1063 3675 1167 3715 non
1201 3660 1273 3714 sit
1302 3661 1464 3726 ratio,
1500 3673 1623 3714 nam
1655 3658 1744 3714 «Si
1777 3672 1882 3713 non
1929 3655 2196 3712 venissem
2219 3694 2234 3720 ,

652 3754 829 3824 inquit
883 3757 949 3820 “,
1007 3763 1060 3810 et
1124 3751 1338 3807 locutus
1370 3753 1451 3807 eis
1489 3751 1710 3807 fuissem
1737 3790 1752 3814 ,
1801 3757 2084 3820 peccatum
2130 3763 2236 3802 non

649 3846 942 3901 haberent.
971 3865 991 3898 ι
1023 3844 1137 3916 68
1157 3844 1421 3900 Aufertur
1449 3844 1594 3900 enim
1627 3851 1926 3914 praetextus
1954 3840 2134 3896 omnis
2167 3839 2236 3895 ab

649 3953 717 3994 eo
753 3939 846 4009 qui
878 3936 1114 3993 voluerit
1154 3951 1214 3992 se
1256 3937 1324 3993 de
1352 3944 1577 4007 peccato
1603 3934 1908 3990 defendere
1930 3975 1946 4000 ,
1977 3933 2233 4003 quoniam

636 4032 890 4087 sermoni
926 4041 981 4086 et
1010 4030 1206 4085 rationi
1254 4030 1308 4084 in
1355 4045 1414 4086 se
1448 4028 1776 4092 exsistenti,
1818 4025 2236 4095 ostendentique

639 4121 780 4192 quid
815 4121 1112 4192 agendum,
1150 4134 1254 4173 non
1291 4120 1557 4188 paruerit.
1595 4117 1754 4174 Unde
1778 4115 1963 4171 omnia
1994 4115 2078 4172 vel
2119 4115 2234 4171 for-

637 4223 795 4270 tasse
821 4215 983 4269 etiam
1012 4214 1127 4282 ipsa
1158 4213 1434 4266 deteriora
1472 4210 1610 4266 facta
1639 4218 1768 4265 sunt
1795 4224 1892 4280 per
1932 4210 2228 4275 rationem,

639 4315 706 4362 et
737 4309 856 4362 sine
896 4308 1010 4376 ipsa
1055 4307 1491 4376 (exponentibus
1536 4305 1692 4360 nobis
1731 4303 2031 4376 simplicius
2068 4319 2234 4360 vocu-

649 4396 760 4452 lam
808 4399 980 4466 nihil)
1031 4397 1235 4451 factum
1278 4405 1362 4450 est
1413 4395 1566 4449 nihil.
1624 4393 1735 4450 Nec
1765 4397 1962 4450 rationi
2008 4395 2232 4449 onmiuo

647 4491 788 4547 vitio
813 4491 1134 4546 vertendum
1163 4500 1269 4554 est,
1308 4489 1352 4544 si
1393 4488 1576 4542 omnia
1607 4502 1702 4558 per
1732 4488 1906 4558 ipsam
1934 4487 2072 4542 facta
2098 4487 2228 4553 sint,

641 4590 707 4638 et
735 4582 856 4637 sine
884 4581 1002 4651 ipsa
1033 4579 1232 4634 factum
1259 4579 1330 4632 sit
1358 4577 1492 4633 nihil
1530 4594 1543 4632 :
1576 4576 2035 4647 quemadmodum
2055 4588 2230 4642 neque

648 4674 919 4746 magistro
943 4673 1076 4728 vitio
1098 4671 1418 4728 vertendum
1447 4680 1553 4734 est,
1599 4669 1690 4740 qui
1720 4667 1952 4724 discenti
1982 4679 2229 4722 necessa-

2341 3471 2488 3547 εἶχον
2535 3473 2667 3546 (48).
2707 3494 2726 3526 ι
2773 3476 2930 3528 Πᾶσα
2980 3475 3089 3548 γὰρ
3139 3475 3408 3547 πρόςασις
3470 3477 3786 3548 ἀφαιρεῖται
3835 3492 3864 3525 τι

2343 3565 2669 3638 βουλομένου
2720 3566 2814 3619 ἐπὶ
2875 3569 2940 3637 τῇ
3002 3566 3247 3638 ἁμαρτίᾳ
3289 3565 3738 3634 ἀπολογίσασθαι,
3771 3563 3864 3640 ista

2339 3659 2739 3732 ἐνυπάρχοντος
2799 3657 2956 3728 λόγου
3023 3660 3119 3713 καὶ
3177 3658 3638 3732 παραδεικνύντος
3712 3660 3741 3713 ὃ
3783 3667 3864 3729 ῐτρ

2339 3752 2496 3805 κτέον
2527 3751 2659 3822 (49),
2693 3750 2768 3823 μὴ
2807 3751 3063 3824 πείθηται
3095 3770 3179 3816 τις
3205 3752 3374 3823 αὐτῷ.
3411 3753 3568 3824 Τάχα
3614 3749 3708 3807 οὖν
3758 3751 3864 3804 πάντ

2341 3842 2505 3914 μέχρι
2535 3843 2628 3896 καὶ
2659 3842 2768 3898 τῶν
2794 3844 3052 3918 χειρόνων
3073 3843 3163 3898 διὰ
3191 3843 3284 3897 τοῦ
3312 3844 3469 3912 λόγου
3491 3844 3808 3915 γεγένηται,
3841 3859 3864 3896 κ

2337 3936 2503 4008 χωρὶς
2538 3935 2704 3991 αὐτοῦ
2748 3936 3136 4010 (ἁπλούστερον
3178 3936 3336 4008 ἡμῶν
3384 3937 3843 4008 ἐκλαμϐανὸντων

2337 4028 2537 4099 οὐδὲν)
2581 4030 2798 4099 ἐγένετο
2841 4030 3014 4085 οὐδέν.
3063 4030 3169 4083 Καὶ
3205 4029 3266 4081 ού
3295 4029 3513 4093 πάντως
3542 4029 3623 4100 τῷ
3664 4029 3811 4099 λόγῳ
3843 4030 3864 4082 ἐ

2337 4120 2560 4193 κλητέον
2582 4123 2631 4176 ει
2662 4123 2838 4176 πάντα
2867 4123 2934 4176 δι’
2957 4121 3121 4177 αὑτοῦ
3158 4121 3397 4190 ἐγένετο,
3433 4125 3527 4175 καὶ
3564 4125 3740 4193 χωρὶς
3773 4123 3864 4174 αὐτ

2335 4215 2556 4284 ἐγένετο
2613 4215 2726 4288 (50)
2755 4216 2874 4269 οὐδὲ
2909 4216 2999 4268 ἐν’
3045 4215 3121 4278 ὼς
3162 4213 3283 4267 οὐδὲ
3320 4215 3620 4285 ἐγκλητέον
3669 4214 3751 4285 τῷ
3800 4212 3864 4267 διὲ

2338 4307 2523 4379 σκάλῳ
2561 4306 2948 4380 παραδείξαντι
2975 4308 3044 4361 τὰ
3068 4307 3254 4361 δέοντα
3292 4306 3370 4377 τῷ
3411 4307 3769 4378 μανθάνοντι.
3804 4309 3864 4360 ἐπ

2333 4400 2422 4454 διὰ
2443 4399 2512 4454 τὰ
2540 4400 2729 4453 τούτου
2774 4400 3071 4472 μαθήματα
3105 4399 3300 4470 μηκέτι
3333 4400 3495 4464 τόπος
3532 4399 3864 4469 καταλείπηι

2334 4491 2413 4563 τῷ
2451 4493 2818 4565 ἁμαρτάνοντι
2870 4491 3184 4559 ἀπολογίας,
3234 4490 3310 4554 ὡς
3363 4491 3491 4562 περὶ
3546 4489 3804 4559 ἀγνοίας,
3851 4507 3864 4542 π

2337 4587 2570 4657 μάλιστα
2616 4585 2710 4640 ἐὰν
2750 4587 3032 4657 νοήσωμεν
3063 4581 3381 4638 διδάσκαλον
3423 4583 3521 4636 τοῦ
3565 4582 3864 4655 μανθάνον

2331 4678 2651 4752 ἀχώριστον.
2686 4682 2862 4734 υἱονεὶ
2899 4678 3007 4751 γὰρ
3050 4675 3365 4740 διδάσκαλος
3410 4675 3508 4728 τοῦ
3568 4675 3864 4747 μανθάνον

641 4769 730 4824 ria
761 4767 1090 4830 ostenderit,
1116 4781 1238 4821 cum
1271 4775 1490 4834 propter
1521 4763 1680 4832 hujus
1710 4761 2024 4833 disciplinas
2052 4757 2228 4813 nullus

2340 4773 2632 4845 άχὼριστὸς
2663 4775 2876 4836 ἐστιν,ό
2905 4770 3226 4843 ἐνυπάρχων
3259 4771 3324 4840 τῇ
3360 4769 3521 4838 φύσει
3553 4768 3672 4821 τῶν
3701 4767 3864 4836 λογικ

640 4859 980 4918 defensionis
1041 4859 1286 4928 peccanti
1343 4858 1668 4927 relinquitur
1719 4857 1920 4923 locus,
1999 4851 2227 4925 perinde

643 4952 800 5024 quasi
830 4951 1185 5024 ignoraverit,
1215 4950 1376 5020 idque
1394 4951 1698 5021 praesertim
1718 4988 1732 5015 ,
1765 4952 1814 5006 si
1841 4950 2212 5006 considerave-

646 5045 815 5101 rimus
848 5045 1169 5116 magistrum
1196 5060 1224 5096 a
1262 5043 1510 5099 discente
1542 5042 1968 5114 inseparabilem
2008 5060 2022 5097 :
2058 5043 2223 5098 veluti

639 5137 789 5192 enim
827 5137 1089 5208 magister
1121 5136 1595 5206 inseparabilisest
1627 5151 1656 5190 a
1681 5137 1952 5200 discente,
1974 5137 2055 5190 sic
2083 5136 2222 5191 ratio

647 5229 702 5284 in
731 5243 1056 5299 unoquoque
1083 5233 1174 5299 qui
1211 5230 1438 5286 rationis
1473 5241 1556 5285 est
1588 5244 1811 5299 compos
1837 5268 1854 5296 ,
1896 5231 2221 5285 naturaliter

637 5321 935 5386 cuiatem.
961 5338 1176 5394 semper
1208 5324 1412 5410 agenda
1446 5337 1749 5392 suggerens
1775 5363 1791 5388 ,
1837 5323 2002 5378 etiam
2033 5323 2078 5378 si
2112 5337 2220 5379 non

711 5414 761 5486 ’ξ
784 5414 927 5469 Psal.
962 5416 1220 5486 Xllll,v9.
1333 5418 1372 5447 "
1408 5416 1616 5472 Coloss.
1649 5431 1689 5479 ι,
1727 5415 1815 5484 l6,
1853 5417 1940 5471 l7.

647 5485 692 5516 "
719 5484 879 5540 Joan.
915 5501 1003 5551 xv,
1033 5486 1122 5540 22.

710 5577 826 5650 (46)
853 5579 990 5633 Ehe
1010 5580 1208 5650 ἀρχαι.
1244 5580 1368 5634 Ihec
1390 5581 1586 5636 desunt
1610 5582 1662 5636 in
1692 5581 1878 5637 codice
1908 5580 2218 5644 Bodleiano,
2302 5615 2304 5620 -
2331 5564 2335 5569 ’

641 5648 739 5704 sed
774 5650 1024 5718 leguntur
1059 5648 1110 5702 in
1141 5650 1441 5704 Barherino
1466 5663 1520 5706 et
1552 5651 1740 5714 Regio.

713 5718 1216 5790 ({7)Ka00.1még~.
1259 5721 1332 5773 Ita
1365 5722 1532 5775 codex
1580 5722 1899 5776 Bodleianus
1928 5720 2123 5790 sicque
2153 5719 2224 5775 le-

643 5788 718 5861 ait
739 5788 1062 5861 Ferrarius;
1098 5791 1150 5861 in
1194 5791 1378 5844 codice
1417 5791 1583 5861 Regio
1635 5807 1734 5846 nec
1785 5807 1889 5843 non
1927 5789 2221 5844 Barherino

643 5857 842 5927 legitur
865 5859 1171 5927 καθολικόν.

709 5926 826 5996 με)
859 5926 1061 5996 Εἶχον.
1120 5931 1191 5983 Ita
1228 5931 1395 5985 codex
1447 5931 1814 5992 Bodleiantts;
1851 5929 2048 6000 Regius
2089 5944 2218 5985 vero

635 6009 693 6053 et
720 6001 1067 6063 Barhcrinus,
1096 6001 1329 6064 εῖγοσαν.

2047 5417 2092 5448 ³³
2120 5415 2278 5472 Joan.
2308 5433 2348 5481 ι,
2371 5421 2424 5474 3.

2330 4866 2507 4934 λόγος,
2535 4865 2621 4917 ἀεὶ
2668 4863 2986 4918 ὁποδάλλων
3015 4863 3082 4916 τὰ
3116 4861 3389 4934 πρακτέα,
3444 4859 3552 4914 κᾶν
3601 4857 3864 4931 παρακοί

2331 4974 2429 5029 μεν
2462 4955 2623 5010 αὐτοῦ
2657 4955 2766 5007 τῶν
2799 4954 3047 5018 ἐντολῶν,
3084 4953 3408 5017 ἐπιδιδόντες
3429 4953 3638 5016 αὐτοὺς
3671 4954 3864 5023 ταῖςη

2326 5052 2462 5113 ναῖς,
2492 5050 2586 5102 καὶ
2617 5048 3108 5119 παραπεμπόμενοι
3147 5045 3245 5110 τὰς
3297 5045 3525 5115 ἀρίστας
3575 5042 3764 5097 αὐτοῦ
3820 5060 3864 5096 σι

2323 5138 2536 5203 ϐουλάς.
2577 5139 2788 5209 ’Ὠσπερ
2835 5137 2892 5191 δὲ
2943 5136 3193 5208 ὑπηρέτῃ
3238 5135 3318 5206 τῷ
3366 5133 3643 5206 ὀφθαλμῷ
3705 5135 3864 5188 ἐπὶ-ι

2327 5233 2631 5304 κρείττοσιν
2672 5233 2806 5303 ἡμῖν
2854 5229 3242 5300 γεγενημένῳ,
3293 5227 3388 5280 καὶ
3440 5227 3528 5296 ἐφ’
3578 5221 3663 5280 ὧν
3720 5227 3796 5279 οὐ
3862 5247 3863 5254 η

2329 5323 2436 5388 λῶς
2464 5324 2575 5395 (5|)
2603 5324 2820 5395 ὁρῶμεν
2847 5320 3129 5394 χρώμεθα,
3163 5319 3364 5390 ὁμοίως
3387 5319 3484 5373 καὶ
3513 5322 3581 5392 τῇ
3611 5320 3802 5390 ἀκοῇ,
3832 5320 3864 5372 ὅ

2523 5418 2569 5450 ’³
2594 5417 2751 5473 Rom.
2781 5433 2876 5483 vn,
2909 5417 2961 5471 8.
3057 5415 3107 5448 “
3141 5415 3270 5469 ihid.
3307 5411 3360 5468 9.
3463 5414 3510 5447 "
3539 5412 3723 5468 Rom.
3771 5428 3831 5478 v,

2402 5577 2517 5646 (l9)
2552 5575 2643 5646 Sic
2671 5574 2828 5630 codd.
2858 5572 3176 5628 Bodleianus
3206 5582 3261 5625 el
3288 5567 3670 5636 Barberinus;
3715 5567 3864 5641 Regi

2330 5651 2390 5702 τὸ
2417 5645 2717 5718 πρακτέον.

2401 5719 2512 5788 (50)
2546 5715 2673 5788 Kal
2707 5716 2888 5785 χωρὶς
2929 5711 3115 5788 αὐτοῇ
3148 5708 3406 5780 ἐγένετο.
3461 5708 3594 5788 H_a_3c
3625 5709 3863 5788 _c_les_t_rnl

2329 5780 2742 5911 codére'llegio,
2788 5780 2888 5840 sed
2940 5783 3260 5854 supplentur
3305 5797 3371 5834 ex
3405 5781 3566 5835 codd.
3624 5780 3864 5836 Bodlei;

2327 5871 2379 5913 et
2456 5874 2514 5911 ar
2539 5871 2732 5909 »ει-ιιιο.

2399 5929 2512 5997 (51)
2543 5928 2624 5979 Οὐ
2651 5923 2868 5990 καλῶς.
2932 5923 3006 5997 lla
3053 5923 3412 5997 rcc_te__hahct
3458 5923 3864 5997 codcx__B_-.\rb

2331 5992 2456 6062 nus,
2487 5992 2628 6052 male
2659 6011 2785 6053 vero
2813 5995 3010 6064 ltegius
3035 6004 3088 6050 et
3117 5993 3464 6064 Bodleiauus,
3492 5993 3600 6046 οὐκ
3628 5992 3855 6058 ἄλλως
