3856 6532
109 444 196 502 Nl
1189 439 1549 497 COMMENT.
1593 440 1659 498 IN
1697 440 1888 498 JOAN.
1929 442 2167 501 TOMUS
2193 443 2256 498 Il.

3259 451 3278 504 Ι
3290 452 3360 506 42

96 559 410 632 παρέχωμεν
435 559 664 623 ἑαυτοὺς
688 559 986 631 ἀκροάσεσι
1013 559 1246 632 κρίσεως
1270 560 1550 632 ᾀσμάτων,
1580 561 1658 616 κατ

1776 563 2094 619 obediamus
2133 564 2278 619 illius
2309 567 2618 636 prmceptis,
2674 565 3052 637 permittentes
3085 582 3182 624 nos
3211 571 3360 640 ipsos

89 653 197 707 τῶν
223 652 688 724 ἀπηγορευμένων
731 651 1117 723 ἀκουσμάτων,
1147 652 1320 716 οὓτως
1362 651 1673 726 ἐνυϐρίζον-

87 763 176 810 τες
195 744 281 800 τὸν
309 745 371 799 ἐν
397 746 532 818 ἡμῖν
556 744 734 814 λόγον,
765 745 861 799 καί⁵
890 744 992 798 οὐκ
1019 745 1098 809 είς
1126 744 1245 798 δέον
1277 745 1427 817 αὐτῷ
1458 745 1675 820 χρώμε-

81 855 185 904 νοι,
208 839 275 894 δι’
311 838 483 895 αὐτοῦ
511 837 934 913 παρανομοῦμεν
967 839 1048 903 είς
1075 840 1252 912 κρίμα
1287 843 1402 905 τοῖς
1429 841 1675 914 ἁμαρτά-

79 947 258 986 mm
283 931 709 1002 ἐνυπάρχοντος,
743 930 836 985 καὶ
869 929 958 986 διά
979 928 1140 984 τοῦτο
1169 931 1445 1004 κρίνοντος
1470 931 1562 986 τὸν
1597 931 1672 1004 μὴ

80 1027 294 1080 πάντων
323 1025 491 1079 αὑτὸν
523 1023 971 1096 προτιμήσανται
1021 1021 1147 1078 ὅθεν
1187 1024 1281 1078 καί
1326 1041 1517 1097 φησιν’
1553 1044 1572 1078 ι
1615 1026 1674 1080 '0

75 1118 230 1187 λόγος
267 1117 332 1172 δν
384 1117 647 1190 ἐλάλησα,
694 1117 857 1182 αὐτὸς
904 1119 1084 1190 κρινεῖ
1125 1117 1290 1190 ὑμᾶς,
1323 1137 1342 1171 ι
1377 1117 1490 1173 ἴσον
1529 1118 1674 1175 διδά-

72 1229 219 1266 σκων
246 1211 342 1283 τῷο
380 1210 524 1282 Ἐγὼ
553 1213 585 1267 ὀ
615 1211 807 1281 Λόγος,
837 1212 866 1265 ὁ
893 1213 951 1266 ὲν
984 1211 1114 1284 ὑμῖν
1133 1211 1222 1266 ἀεὶ
1245 1211 1474 1285 ὲνηχῶν,
1509 1211 1672 1280 αὐτὸς

67 1307 218 1378 ὑμᾶς
258 1305 631 1366 καταδικάσω,
654 1303 820 1359 τόπον
870 1305 1166 1376 ἀπολογίας
1209 1305 1672 1380 καταλειπόμενον

69 1400 295 1471 ἔχοντας
339 1397 615 1470 οὐδαμῶς.
661 1397 812 1466 Δόξει
862 1397 1112 1470 μέντοιγε
1177 1398 1457 1470 βιαιοτέρα
1532 1395 1672 1456 εἶναι

68 1491 209 1564 αὕτη
238 1493 273 1564 ἡ
308 1492 531 1563 ἐκδοχὴ,
567 1491 726 1546 ἀλλον
773 1491 872 1564 μὲν
917 1491 1092 1561 Λόγον
1124 1491 1216 1546 τὸν
1249 1494 1308 1546 ὲν
1331 1493 1476 1565 ἀρχῇ
1514 1493 1673 1565 ἡμῶν

67 1585 434 1657 ὲξειληφὸτων
473 1586 567 1642 τὸν
613 1586 751 1659 πρὸς
796 1585 886 1640 τὸν
943 1585 1098 1650 Θεὸν,
1140 1585 1233 1641 τὸν
1282 1585 1414 1640 Θεὸν
1463 1587 1636 1657 Λόγον
1653 1605 1666 1620 ·

1777 656 2148 727 voluptatibus
2176 667 2232 714 et
2261 661 2741 729 praetermittentes
2763 660 2967 730 optima
3009 659 3156 715 illius
3185 665 3364 720 consi-

1776 746 1867 801 lia.
1918 746 1989 804 Ut
2015 756 2198 802 autem
2243 749 2406 806 oculo
2445 749 2603 805 nobis
2651 749 2720 804 ad
2774 749 2917 805 bona
2953 748 3204 804 ministro
3236 751 3363 806 dato

1774 841 1938 894 etiam
1981 839 2262 895 abutimur
2292 839 2346 895 in
2377 841 2466 896 his
2507 855 2629 912 qua:
2674 841 2901 896 honeste
2937 855 3044 894 non
3090 840 3362 908 videmus,

1777 931 2003 1004 perinde
2034 941 2199 1003 atque
2232 933 2288 988 in
2314 933 2502 988 auditu
2537 932 2792 996 facimus.
2821 948 2944 989 cum
2989 941 3230 989 attentos
3261 947 3362 989 nos

1775 1024 2083 1098 pmbemus
2157 1025 2528 1096 diiudicandis
2586 1026 2822 1083 canticis
2883 1026 3362 1098 auditionibusque

1777 1117 1936 1173 nobis
1971 1117 2178 1184 vetitis,
2234 1118 2315 1175 sic
2364 1119 2756 1175 contumeliam
2813 1118 3110 1175 inferentes
3157 1117 3360 1174 rationi

1774 1222 1896 1277 quae
1923 1208 1975 1264 in
2009 1208 2167 1265 nobis
2193 1209 2362 1278 inest,
2388 1226 2492 1268 nec
2519 1211 2609 1267 ubi
2633 1220 2852 1281 oportet
2880 1210 2968 1267 illa
3001 1219 3236 1279 utentes,
3266 1223 3362 1279 per

1776 1301 1945 1372 ipsam
1984 1302 2426 1374 transgredimur
2450 1304 2649 1374 legem,
2678 1319 2799 1375 qua:
2831 1304 3189 1374 peccantibus
3217 1301 3362 1358 inest

1773 1395 1840 1449 ad
1874 1393 2166 1464 judicium,
2199 1402 2258 1452 et
2289 1395 2496 1452 idcirco
2545 1411 2672 1452 eum
2721 1397 2982 1467 judicans
3033 1395 3126 1466 qui
3181 1395 3360 1466 ipsam

1770 1487 2027 1544 omnibus
2075 1503 2182 1544 non
2217 1489 2546 1560 praetulerit.
2602 1489 2758 1546 Unde
2811 1491 2977 1546 etiam
3026 1488 3203 1559 inquit
3257 1487 3302 1520 "
3342 1503 3356 1540 :

1777 1598 1796 1632 ι
1818 1577 2037 1645 Sermo,
2057 1595 2218 1650 quem
2242 1581 2456 1638 locutus
2478 1597 2623 1646 sum,
2649 1581 2766 1652 ipse
2790 1580 3177 1637 condemnabit
3192 1593 3308 1645 vos,
3335 1596 3355 1630 ι

65 1677 242 1742 ἄλλως
270 1679 330 1734 δὲ
353 1678 520 1733 αὑτὸν
544 1667 840 1743 νοούντων,¹
862 1679 957 1733 ἅτε
991 1679 1051 1731 οὐ
1090 1678 1248 1749 μόνον
1278 1679 1371 1732 ἐπὶ
1393 1679 1500 1734 τῶν
1535 1697 1658 1752 προ-

1774 1670 2006 1739 perinde
2037 1672 2197 1742 quasi
2225 1671 2457 1734 diceret.
2491 1671 2606 1743 Ego
2642 1673 2731 1727 ille
2765 1672 2959 1741 Λόγος,
3006 1671 3096 1725 ille
3125 1670 3181 1724 in
3207 1670 3360 1724 vobis

66 1775 394 1846 ηγουμένων
441 1771 942 1845 δημιουργημάτων
982 1770 1080 1825 τόδ
1119 1791 1136 1822 ι
1169 1771 1353 1826 Πάντα
1399 1771 1466 1825 δι’
1503 1769 1658 1826 αὐτοί

1773 1761 2062 1828 insonans,
2095 1763 2211 1834 ipse
2235 1778 2332 1818 vos
2353 1764 2750 1831 condemnabo,
2780 1766 2872 1834 qui
2906 1763 3112 1818 nullum
3138 1763 3360 1817 omnino

65 1869 308 1939 ἐγένετο,
345 1888 367 1922 ι
399 1866 656 1937 λέγεσθαι
685 1866 1018 1936 ὲφάσκομεν,
1046 1863 1182 1919 ἀλλά
1216 1865 1310 1919 καὶ
1331 1864 1424 1918 ἐπὶ
1450 1864 1658 1920 πάντων

1773 1855 2109 1912 defensionis
2143 1855 2399 1912 relictum
2425 1856 2641 1913 habetis
2668 1856 2869 1913 locum.
2904 1858 3101 1912 Verum
3120 1855 3360 1912 coactior

63 1965 170 2018 ὑπὸ
193 1963 311 2036 (52)
338 1961 451 2016 τῶν
493 1957 727 2029 λογικῶν
754 1955 1162 2029 πραττομένων,
1199 1950 1258 2010 οὗ
1286 1956 1445 2026 λόγου
1472 1958 1658 2030 χωρὶς,

1773 1949 2045 2006 videbitur
2067 1965 2187 2008 esse
2212 1951 2327 2008 haec
2357 1952 2740 2023 intelligentia,
2764 1951 3163 2023 exponentibus
3199 1950 3358 2005 nobis

57 2053 220 2108 οὐδὲν
247 2050 658 2124 ἁμαρτάνομεν.
691 2048 801 2102 Καὶ
828 2045 1088 2118 ζητητέον
1116 2048 1164 2100 εί
1199 2045 1292 2100 καὶ
1330 2047 1420 2100 τὸν
1447 2049 1503 2101 ὲν
1528 2050 1658 2120 ἡμῖν

1771 2043 1935 2099 alium
1983 2043 2156 2115 Λόγον
2203 2044 2258 2100 in
2303 2043 2572 2115 principio
2613 2044 2966 2101 exsistentem
3009 2042 3183 2114 Λόγον
3215 2042 3358 2112 apud

59 2145 223 2213 λόγον
259 2144 352 2197 τὸν
377 2141 538 2196 αὐτὸν
568 2139 788 2194 λεκτέον
815 2137 894 2211 τῷ
914 2141 972 2193 ὲν
999 2139 1142 2211 ἀρχῇ
1179 2138 1274 2193 καὶ
1304 2139 1383 2211 τῷ
1407 2139 1542 2211 πρὸς
1571 2140 1658 2194 τὸν

1772 2137 1968 2205 Deum;
2015 2136 2183 2193 Deum
2206 2136 2417 2208 Λόγον;
2450 2137 2615 2192 alium
2653 2147 2836 2192 autem
2877 2136 3055 2207 ipsum
3101 2135 3357 2190 conside-

53 2236 221 2302 Θεὸν,
252 2235 349 2289 καὶ
371 2232 448 2306 τῷ
468 2231 590 2304 Θεῷ
616 2231 794 2302 Λόγῳ,
833 2230 1068 2303 μάλιστα
1093 2231 1216 2284 ἐπεὶ
1241 2231 1340 2302 οὐχ
1371 2231 1447 2296 ὡς
1478 2232 1670 2305 ἑτέρου

57 2329 262 2382 τούτου
290 2327 654 2398 τυγχάνοντος
689 2324 838 2398 παρά
863 2323 954 2377 τὸν
986 2324 1044 2378 ὲν
1076 2323 1217 2396 ἀρχῇ
1251 2322 1387 2398 πρὸς
1427 2323 1516 2378 τὸν
1538 2323 1671 2378 Θεὸν

58 2423 265 2492 Λόγον,
295 2421 471 2475 ἔοικεν
501 2420 529 2474 ό
558 2417 878 2480 ’Λπόστολος
902 2417 1173 2473 διδάσκειν
1215 2417 1306 2471 τόσ
1336 2437 1352 2471 ι
1389 2417 1481 2491 Μὴ
1511 2419 1669 2494 εἴπῃς

55 2518 119 2569 ἐν
151 2518 222 2587 τῇ
251 2514 454 2586 καρδία
485 2530 580 2567 σου
599 2529 612 2542 ·
642 2511 738 2577 Τίς
771 2509 1104 2582 ἀναδήσεται
1143 2513 1222 2576 είς
1269 2510 1361 2565 τὸν
1403 2511 1666 2584 οὐρανόνς

56 2609 315 2664 τσυτέστι
348 2605 586 2679 Χριστὸν
614 2602 1046 2676 καταγαγεῖΨῆ,
1076 2602 1159 2668 τίς
1186 2602 1556 2674 καταϐήσεται
1589 2605 1670 2668 είς

56 2703 158 2774 τὴν
185 2700 432 2756 ἄὸυσσον
453 2715 468 2765 ;
491 2697 740 2752 τουτέστι
764 2695 1000 2769 Χριστὸν
1020 2695 1084 2749 ὲκ
1113 2695 1320 2768 νεκρῶν
1349 2696 1658 2766 ἀναγαγεῖν.

1771 2705 1854 2752 est
1889 2712 1957 2751 an
2003 2700 2048 2753 is
2075 2696 2255 2769 λόγος,
2289 2699 2381 2769 qui
2416 2699 2469 2753 in
2505 2697 2662 2754 nobis
2683 2707 2788 2763 est,
2849 2697 2990 2752 idem
3019 2695 3092 2750 sit
3125 2709 3248 2749 cum
3285 2708 3354 2746 eo

70 2791 240 2846 Ἀλλά
283 2791 340 2845 τί
386 2790 536 2860 λέγει
573 2791 608 2862 ἡ
643 2788 872 2861 Γραφή;
911 2785 1110 2857 Ἐγγύς
1140 2804 1233 2840 σου
1273 2786 1334 2841 τὸ
1373 2787 1525 2859 ῥῆμά
1551 2789 1658 2841 ἐστι

1772 2789 1864 2860 qui
1910 2799 1993 2847 est
2018 2791 2073 2847 in
2103 2793 2394 2864 principio,
2419 2801 2475 2848 et
2500 2791 2592 2863 qui
2625 2801 2710 2848 est
2732 2791 2872 2862 apud
2899 2791 3090 2855 Deum,
3128 2797 3184 2842 et
3211 2785 3356 2839 Deus

59 2885 274 2958 σφόδρα
298 2885 361 2938 ὲν
378 2883 458 2956 τῷ
481 2881 710 2954 στόματί
736 2898 850 2947 σου,
885 2879 981 2934 καὶ
1006 2881 1063 2934 ὲν
1094 2881 1159 2951 τῇ
1194 2877 1391 2952 καρδία
1421 2896 1534 2933 σου.
1571 2897 1591 2933 ι

1773 2881 1971 2952 Λόγος,
2044 2885 2350 2956 praesertim
2402 2886 2657 2957 quoniam
2726 2894 2987 2953 tanquam
3049 2883 3152 2937 hoc
3207 2880 3352 2951 λόγῳ

53 2981 237 3037 altero
268 2994 381 3036 non
411 2979 708 3036 exsisteute
737 2978 804 3033 ab
825 2992 891 3034 eo
923 2976 1082 3047 Λόγῳ
1107 2975 1201 3045 qui
1229 2985 1313 3032 est
1347 2977 1398 3030 in
1429 2976 1696 3048 principio
1725 2980 1868 3048 apud
1896 2979 2086 3047 Deum,
2117 2981 2364 3038 videatur
2389 2981 2684 3052 Apostolus
2713 2981 2844 3036 illud
2877 2980 3079 3035 docere
3107 2977 3154 3010 ³⁸
3179 2995 3193 3032 :
3223 2995 3242 3028 ι
3270 2974 3351 3030 Ne

55 3075 272 3130 dixeris
303 3074 362 3128 in
391 3074 558 3130 corde
587 3083 682 3128 tuo
710 3087 726 3128 :
755 3071 892 3142 Quis
922 3072 1184 3128 ascendet
1203 3071 1256 3126 in
1280 3070 1516 3126 omium?
1535 3072 1638 3128 hoc
1663 3073 2040 3130 estChristum
2063 3075 2331 3133 deducere
2363 3076 2513 3149 :69
2534 3077 2616 3133 vel
2644 3076 2766 3148 quis
2787 3073 3084 3131 descendet
3108 3072 3160 3126 in
3185 3070 3352 3140 abys-

50 3171 222 3224 sum?
249 3170 360 3225 hoc
397 3177 483 3225 est
511 3167 790 3224 Christum
821 3181 888 3223 ex
920 3165 1150 3222 mortuis
1197 3165 1480 3222 reducere.
1532 3165 1641 3224 Sed
1670 3168 1800 3239 quid
1828 3170 1960 3226 dicit
1997 3169 2280 3242 Scriptura
2309 3172 2396 3227 "‘l
2427 3169 2611 3246 Prope
2659 3181 2713 3230 te
2739 3171 2964 3228 verbum
2993 3177 3077 3227 est
3113 3166 3268 3224 valde
3297 3167 3353 3224 in

48 3282 150 3323 ore
178 3276 281 3325 tuo
305 3276 367 3324 et
389 3267 443 3322 in
470 3266 637 3323 corde
664 3275 779 3321 tuo.
816 3283 838 3318 ι

1775 2228 2042 2292 rantibus,
2107 2229 2236 2301 quia
2274 2245 2382 2285 non
2421 2229 2595 2285 solum
2643 2231 2712 2287 de
2761 2229 3054 2301 praecipuis
3097 2227 3354 2299 opiﬁciis,

1772 2322 1953 2376 Omnia
2001 2338 2097 2394 per
2126 2323 2306 2394 ipsum
2347 2322 2492 2379 facta
2525 2322 2690 2380 fuisse
2720 2323 2826 2379 dici
2861 2323 3125 2387 diximus,
3162 2334 3356 2376 verum

1773 2415 1936 2470 etiam
1966 2415 2034 2472 de
2073 2416 2328 2474 omnibus
2360 2432 2482 2489 qua:
2514 2416 2652 2473 ﬁunt
2684 2416 2752 2472 ab
2791 2417 2876 2472 his
2923 2415 3016 2487 qui
3065 2414 3228 2485 λόγου
3279 2411 3357 2486 [et

1776 2507 2039 2583 rationis]
2089 2518 2215 2564 sunt
2259 2519 2573 2580 compotes,
2618 2510 2738 2566 sine
2781 2523 2888 2580 quo
2929 2507 3074 2580 λόγῳ
3129 2505 3220 2580 [id
3273 2514 3358 2560 est

1775 2601 2009 2676 ratione]
2040 2603 2174 2659 nihil
2211 2619 2528 2674 peccamus.
2558 2603 2780 2674 Insuper
2803 2603 3154 2676 quzerendum
3187 2601 3354 2656 etiam

125 3363 194 3415 Ὅ
237 3362 497 3432 τέτοκεν
527 3359 598 3416 ὲν
625 3357 788 3425 αὐτῷ
814 3357 925 3428 (55)
954 3355 1066 3427 ζωὴ
1105 3351 1206 3428 ἦν,
1237 3355 1338 3411 καὶ
1377 3355 1416 3424 ἡ
1443 3352 1554 3422 ζωὴ
1585 3347 1658 3423 ἦν

1844 3353 2094 3422 10.ριιοά
2120 3355 2322 3426 factum
2344 3365 2420 3413 est
2444 3373 2498 3411 in
2517 3357 2630 3428 ipso
2648 3357 2752 3412 vita
2769 3367 2907 3423 erat,
2923 3367 2970 3412 et
3002 3357 3109 3412 vita
3126 3356 3224 3412 illa
3239 3366 3352 3412 erat

49 3457 116 3511 τὸ
339 3453 464 3510 τῶν
494 3451 842 3522 ἀνθρώπων.
874 3451 1028 3504 Ἐστι
1065 3451 1190 3505 τινὰ
1235 3449 1490 3522 δόγματα
1531 3449 1664 3521 παρ’

51 3549 313 3620 Ἕλλησι,
343 3544 658 3618 καλούμενα
690 3541 992 3616 παράδοξα,
1033 3541 1114 3614 τῷ
1139 3542 1258 3597 κατ’
1286 3541 1484 3606 αὐτοὺς
1509 3540 1663 3612 σοφῷ

50 3644 294 3697 πλεῖστα
333 3641 443 3696 ὅσα
474 3638 861 3711 προσάπτοντα
891 3636 1032 3708 μετά
1061 3653 1208 3700 τινος
1251 3633 1582 3702 ἀποδείξεως
1626 3632 1662 3706 ἢ

47 3733 405 3807 φαινομένης
431 3729 780 3798 ἀποδείξεως,
816 3727 960 3784 καθά
988 3745 1122 3800 φησι
1162 3727 1323 3800 μόνον
1357 3725 1453 3780 καὶ
1485 3725 1664 3781 πάντα

48 3831 140 3884 τὸν
173 3827 351 3898 σοφὸν
384 3820 524 3879 εἶναι
557 3822 730 3896 ίερέα,
752 3821 831 3894 τῷ
867 3821 1026 3894 μόνον
1051 3819 1146 3876 καὶ
1180 3820 1357 3876 πάντα
1381 3819 1473 3874 τὸν
1501 3817 1664 3888 σοφὸν

49 3922 383 3992 ἐπιστήμην
418 3917 564 3990 ἔχειν
594 3915 698 3987 τῆς
729 3913 823 3969 τοῦ
856 3911 992 3970 Θεοῦ
1035 3912 1353 3985 Θεραπείας·
1381 3911 1475 3966 καὶ
1501 3909 1664 3983 μόνον

47 4018 146 4072 καὶ
173 4016 368 4070 πάντα
399 4013 492 4066 τὸν
521 4009 684 4080 σοφὸν
723 4005 862 4064 εἷναι
895 4006 1203 4080 ἐλεύθερον,
1227 4002 1476 4070 ἐξουσίαν
1496 4003 1661 4056 αὐτο-

51 4109 307 4181 πραγίας
334 4104 454 4162 ἀπὸ
486 4101 581 4158 τοῦ
615 4101 760 4158 θείου
785 4099 952 4173 νόμου
976 4098 1255 4172 εἰληφότα.
1284 4096 1396 4150 Καὶ
1435 4095 1536 4168 τὴν
1577 4094 1665 4160 ὲξ-

47 4205 246 4260 ουσίαν
285 4201 350 4255 δὲ
383 4197 654 4272 ὁρίζονται
694 4195 922 4268 νόμιμον
966 4193 1291 4265 ἐπιτροπήν,
1328 4190 1437 4244 Καὶ
1484 4188 1538 4242 τί
1583 4187 1663 4242 δεῖ

48 4300 146 4354 νῦν
170 4298 335 4370 ἡμᾶς
379 4293 561 4362 λέγειν
594 4290 724 4364 περὶ
766 4288 876 4343 τῶν
929 4286 1090 4342 καλου
1099 4285 1274 4358 μένων
1318 4281 1660 4356 παραδόξων,

49 4391 261 4463 πολλῆς
284 4387 463 4459 οὔσης
499 4387 598 4458 τῆς
632 4385 713 4448 είς
749 4381 890 4437 αὐτά
913 4377 1316 4456 πραγματείας,
1342 4377 1437 4430 καὶ
1474 4373 1665 4446 δεομέ-

49 4505 156 4540 νων
179 4481 541 4554 συγκρίσεων
578 4477 692 4550 (54)
723 4477 822 4548 τῆς
849 4475 986 4548 πρὸς
1017 4473 1078 4528 τὸ
1113 4472 1359 4544 βούλημα
1383 4470 1484 4542 τῆς
1516 4469 1662 4543 Γρα-

1772 3450 2149 3505 lux/taminiam
2163 3451 2230 3507 ³ο.
2250 3452 2508 3520 Quaedam
2532 3461 2656 3508 sunt
2675 3455 2813 3524 apud
2831 3451 3059 3523 gentiles
3077 3453 3351 3521 dogmata,

1772 3542 2046 3611 paradoxa
2070 3557 2188 3613 qua:
2205 3544 2674 3615 vocant,sapienti
2707 3559 2806 3600 suo
2840 3545 3130 3601 tribuentia
3162 3559 3352 3614 quam.

1771 3633 2025 3705 plurima,
2058 3651 2183 3690 cum
2208 3638 2444 3706 quadam
2470 3636 2934 3695 demonstratione
2955 3638 3040 3694 vel
3067 3639 3350 3710 apparenti

1769 3723 2254 3790 demonstratione,
2270 3727 2423 3794 juxta
2448 3742 2568 3796 quae
2588 3727 2843 3798 inquiunt
2864 3729 3038 3784 solum
3060 3739 3115 3786 et
3134 3745 3351 3786 onmem

1768 3810 2071 3880 sapientem
2102 3826 2226 3868 esse
2269 3815 2730 3880 sacerdotem;eo
2752 3819 2896 3886 quod
2937 3819 3086 3876 solus
3131 3823 3352 3892 sapiens

1768 3903 1944 3956 cultus
1971 3901 2140 3957 divini
2168 3903 2493 3972 sapientiam
2517 3914 2735 3975 teneat;
2759 3909 2932 3965 solum
2963 3913 3126 3969 etiam
3150 3926 3203 3970 et
3230 3933 3352 3974 om-

1768 4004 1890 4045 nem
1917 3990 2217 4060 sapientem
2252 3991 2502 4066 inquiunt
2530 4010 2650 4052 esse
2680 3996 2931 4068 liberum,
2958 4010 3214 4074 tanquam
3255 4009 3350 4077 qui

1767 4085 2040 4154 acceperit
2069 4083 2375 4141 libertatem
2404 4101 2472 4142 ex
2503 4089 2672 4144 animi
2705 4091 2786 4147 sui
2811 4097 3080 4150 sententia
3111 4113 3350 4168 operan-

1768 4174 1821 4232 di
1849 4191 1878 4230 a
1903 4175 2021 4248 lege
2054 4175 2259 4245 divina,
2288 4177 2599 4236 libertatein
2627 4183 2792 4239 etiam
2811 4185 3133 4246 deﬁnientes
3163 4192 3346 4263 legiti-

1767 4281 1910 4321 mam
1937 4267 2370 4338 permissionem.
2394 4270 2461 4326 Et
2481 4273 2610 4344 quid
2628 4288 2763 4345 opus
2779 4285 2864 4331 est
2881 4293 2982 4335 nos
3005 4297 3148 4338 nunc
3164 4285 3351 4342 dicere

1766 4358 1835 4415 de
1856 4360 1941 4415 his
1960 4376 2082 4432 qua:
2099 4365 2372 4432 paradoxa
2391 4367 2751 4438 appellantur,
2774 4383 2897 4425 cum
2921 4373 3147 4430 multum
3167 4392 3351 4449 opem

1765 4459 2076 4515 insumatur
2108 4458 2160 4513 in
2197 4460 2302 4526 eis,
2339 4469 2395 4516 et
2437 4476 2500 4516 ea
2552 4478 2674 4533 quae
2716 4465 2785 4520 ab
2829 4465 2963 4537 ipsis
2993 4472 3350 4530 euuntiantur

49 4580 157 4653 φῆς
338 4549 436 4628 δπ*
465 4549 645 4627 αὐτῶν
671 4568 814 4625 κατά
837 4566 907 4621 τά
940 4563 1216 4639 παράδοξα
1252 4557 1658 4632 ἀπαγγελλομέ-

1771 4550 1914 4621 iuxta
1958 4549 2267 4620 paradoxa,
2317 4549 2609 4608 collatione
2661 4563 2858 4624 egeant
2906 4571 3030 4612 cum
3069 4559 3351 4618 voluntate

49 4693 178 4737 νων,
212 4671 310 4725 ἵνα
343 4667 441 4722 ἐπὶ
471 4665 634 4719 τίνων
677 4664 706 4717 ό
744 4662 844 4735 τῆς
886 4657 1195 4722 Θεοσεσείας
1228 4655 1386 4726 λόγος
1414 4656 1658 4727 συνηχεί,

1768 4643 2089 4717 Scriptura,
2118 4653 2177 4700 ut
2211 4644 2265 4700 in
2295 4647 2492 4715 quibus
2532 4647 2712 4704 cultus
2745 4648 2916 4705 divini
2954 4651 3092 4706 ratio
3117 4667 3349 4708 concor-

49 4722 482 4820 ’ἐπί-τίνων
513 4757 574 4813 τὸ
603 4722 844 4812 ὲναντίόν
885 4756 997 4818 τοῖς
1041 4751 1133 4808 ὑπ’
1173 4722 1397 4806 ἐκείνων
1429 4722 1653 4820 λεγομέ-

1771 4738 1880 4806 det,
1909 4745 1965 4794 et
1991 4739 2047 4794 in
2088 4737 2284 4809 quibus
2315 4741 2657 4795 contrarium
2683 4741 2836 4809 velit,
2865 4741 2951 4798 his
2979 4758 3100 4813 qua:
3139 4745 3206 4799 ab
3237 4744 3346 4799 illis

49 4877 160 4924 νοις
211 4857 501 4930 βούλεται,
533 4849 882 4924 παραστῆσαι
936 4843 1286 4917 δυνηθῶμεν;
1338 4840 1553 4897 Τούτων
1602 4839 1660 4892 δὲ

52 4956 184 5025 ἡμῖν
221 4951 424 5024 μνήμη
462 4945 755 5016 γεγένηται
799 4939 1020 5012 ζητοῦσι
1050 4937 1112 4993 τό
1132 4954 1144 4966 '
1193 4955 1213 4990 ι
1247 4938 1314 4989 Ὅ
1347 4934 1570 5025 γέγονεν
1600 4933 1659 4986 ὲν

55 5021 206 5116 ἀετῷ
224 5021 359 5112 ’ζωὴ
387 5035 479 5111 ἦν,
524 5055 544 5088 ι
571 5035 662 5089 διά
686 5033 748 5087 τδ
774 5031 939 5088 οἱονεὶ
965 5027 1044 5100 τῷ
1073 5025 1379 5116 χαρακτῆρι
1411 5021 1656 5116 τῶν-παῖ

58 5109 321 5206 ραδόξανδ,
345 5109 449 5181 καὶ
479 5127 531 5179 εί
573 5123 656 5177 δεῖ
694 5124 890 5182 εἰπεῖν,
927 5115 1354 5190 παραδοξότερον
1396 5110 1548 5185 παρὰ
1585 5109 1658 5165 τά

13 5267 28 5280 .
57 5228 141 5278 ὑπ’
198 5221 433 5277 ἐκείνων
489 5216 759 5288 λεγόμενα
814 5211 1075 5267 δύνασθαι
1123 5210 1189 5265 ἀν
1227 5226 1350 5263 τινα
1389 5207 1657 5278 ἑπόμενον

57 5319 118 5384 τῇ
141 5314 338 5385 Γραφῇ
361 5309 535 5377 δεῖξαι
557 5305 784 5361 τοιαῦτα
807 5304 1051 5358 πλείονα.
1091 5300 1216 5355 Ἐἀν
1242 5299 1352 5372 γάρ
1369 5300 1656 5370 νοήσωμεν

61 5412 144 5464 τὸν
173 5411 235 5462 ὲν
265 5408 416 5479 ἀρχῇ
451 5403 644 5472 Λόγον,
677 5401 769 5455 τὸν
802 5399 936 5472 πρὸς
964 5397 1056 5452 τὸν
1077 5391 1242 5459 Θεὸν,
1273 5393 1363 5448 τὸν
1378 5391 1520 5447 Θεὸν
1550 5391 1653 5448 Λό-

61 5521 169 5570 791,
196 5500 345 5571 τάχα
371 5493 718 5568 δυνησόμεθα
754 5492 915 5566 μόνον
945 5491 1038 5544 τὸν
1060 5487 1275 5555 τούτου,
1303 5485 1448 5540 καθά
1483 5484 1658 5539 τοιοῦ-

1766 4831 2044 4896 dicuntur,
2062 4833 2351 4889 ostendere
2373 4831 2686 4902 possimus?
2710 4832 2911 4889 Horum
2931 4843 3112 4889 autem
3135 4849 3164 4887 a
3191 4835 3348 4892 nobis

1767 4924 1970 4979 mentio
1995 4921 2136 4978 facta
2161 4933 2244 4979 est
2272 4923 2675 4994 inquirentibus
2696 4923 2825 4978 illud
2853 4946 2865 4979 :
2910 4943 2929 4976 ι
2956 4923 3108 4991 Quod
3144 4925 3348 4983 factum

1765 5027 1850 5071 est
1875 5015 1930 5070 in
1963 5017 2081 5085 ipso
2102 5017 2213 5072 vita
2245 5027 2387 5085 erat,
2412 5035 2432 5070 ι
2463 5025 2750 5088 propterea
2770 5017 2914 5086 quod
2948 5017 3120 5088 possit
3149 5018 3347 5090 aliquis

1765 5107 2104 5178 Scripturam
2151 5123 2410 5178 sequens,
2463 5107 2740 5178 complura
2794 5106 3107 5176 huiusmodi
3158 5122 3345 5166 osten-

1761 5201 1910 5268 dere,
1949 5216 2069 5270 qua:
2108 5199 2341 5256 formam
2397 5199 2562 5256 veluti
2613 5199 2854 5254 habeant
2898 5201 3343 5269 paradoxorum:

1762 5307 1988 5364 qumque
2030 5293 2193 5347 etiam
2223 5291 2288 5364 (si
2322 5291 2472 5361 quid,
2507 5291 2657 5360 quod
2690 5289 2864 5362 magis
2898 5291 2969 5346 sit
3007 5292 3344 5362 paradoxon,

1761 5402 1900 5458 opus
1926 5395 2010 5442 est
2044 5384 2252 5455 dicere)
2289 5383 2460 5456 magis
2487 5381 2601 5438 sint
2632 5386 2906 5452 paradoxa
2937 5399 3097 5454 quam
3131 5399 3251 5454 qua:
3279 5384 3346 5438 ab

1767 5481 1872 5538 illis
1917 5482 2192 5538 dicuntur.
2234 5477 2368 5535 Nam
2405 5477 2452 5534 si
2494 5477 3024 5534 consideraverimus
3064 5477 3236 5546 Λόγον
3268 5475 3344 5551 [id

125 5642 170 5676 "
202 5639 366 5697 Joan.
403 5653 508 5703 ιιι,
535 5627 630 5693 ιε.
709 5636 756 5668 ’⁸
783 5635 940 5691 Rom.
973 5649 1028 5701 x,
1057 5631 1115 5699 6,
1139 5631 1193 5690 7.
1271 5630 1316 5663 "
1340 5629 1496 5686 Deut.
1524 5645 1653 5696 xxx,

1771 5667 1776 5681 .
1855 5625 1900 5658 ³⁸
1934 5623 2096 5680 Joan.
2130 5637 2167 5690 ι,
2200 5621 2256 5686 3,
2277 5618 2334 5676 4.

127 5761 241 5831 (58)
282 5761 438 5814 ’Υπό
465 5758 627 5814 deest
657 5757 717 5831 in
767 5755 1005 5831 editione
1030 5751 1256 5831 _Huetii,
1308 5750 1402 5807 sed
1434 5748 1650 5820 supple-

69 5826 148 5884 tur
176 5826 402 5886 εέσιάιι.
438 5829 746 5884 Barherino
773 5840 824 5880 et
862 5826 1174 5881 Bodleiano.
1558 5840 1570 5853 θ

127 5906 234 5976 (53)
264 5907 338 5956 Ὃ
367 5901 626 5976 Tirone:
658 5899 728 5951 ἐν
752 5897 932 5976 aurci),
969 5911 1076 5950 etc.
1137 5893 1203 5976 In
1239 5892 1479 5976 editione
1511 5890 1650 5976 llue-j

69 5964 296 6032 tii'deest
330 5964 412 6039 ἐν,
444 5964 627 6041 ἐιυοά
681 5969 959 6040 suppletur
1004 5982 1033 6022 e
1067 5964 1226 6023 codd.
1275 5964 1563 6020 Bodleiano
1598 5971 1652 6016 et

1757 5745 2080 5801 Barberino.
2122 5742 2260 5797 llinc
2297 5748 2503 5795 tomum
2549 5738 2770 5794 tertium
2815 5735 3129 5807 auspicatur
3164 5733 3339 5789 codex

1758 5817 2105 5879 Bodleianus,
2137 5827 2299 5882 quem
2331 5821 2551 5882 secutus
2587 5810 2801 5882 videtur
2823 5806 3134 5882 Ferrarius.

1829 5887 1941 5958 (54)
1990 5873 2388 5955 Συγκρίσεων.
2465 5881 2775 5952 Legendum
2838 5877 3052 5932 videtur
3116 5873 3340 5951 συγκρί-

1765 5975 1921 6024 σεως.
