3856 6534
601 381 698 437 MS

2084 326 2409 426 omcéms
2758 400 2802 429 ι.
3738 380 3804 434 lll

591 510 674 556 est
715 495 1008 570 rationem]
1043 505 1099 552 et
1142 493 1339 551 Filium
1384 491 1478 549 Dei
1526 494 1579 548 in
1606 493 1874 566 principio
1901 475 2156 551 exsistan-

2264 512 2374 562 τος,
2405 495 2695 569 μετέχοντα
2743 496 2960 567 λογικὸν
3006 499 3202 564 εἰπεῖν,
3237 497 3379 552 ὥστε
3430 497 3524 553 καὶ
3569 498 3803 571 ἀποσήπ-

599 602 706 646 tem
747 590 1012 644 rationem
1061 588 1202 658 apud
1248 589 1436 652 Deum,
1463 595 1517 642 et
1546 587 1811 643 rationem
1839 588 2026 655 Deum,
2055 587 2164 643 for-

593 685 758 739 IaSsis
796 698 918 738 eum
950 681 1149 745 solum,
1180 682 1275 750 qui
1303 680 1462 750 hujus
1487 679 1766 750 particeps
1794 680 1887 746 sit,
1914 680 1966 737 in
1991 695 2160 752 quan-

595 787 707 828 I-tllll
744 783 826 829 est
865 773 1017 839 talis,
1048 771 1279 826 rationis
1321 784 1580 840 capacem
1610 771 1791 826 dicere
1822 772 2120 842 poterimus
2147 789 2160 825 :

593 868 732 924 adeo
760 876 818 922 ut
847 866 1196 922 enuntiemus
1235 863 1410 919 solum
1447 870 1694 918 sanctum
1738 862 1966 918 rationis
1998 877 2164 932 capa-

595 977 708 1018 cem
735 977 878 1018 esse.
908 961 1143 1016 Rursum
1169 960 1216 1014 si
1246 956 1679 1012 intellexerimus
1725 954 1924 1011 factam
1956 956 2008 1011 in
2038 955 2167 1012 Ser-

595 1071 754 1110 mone
783 1053 970 1118 vitam,
996 1052 1150 1121 juxta
1178 1066 1303 1106 eum
1334 1052 1426 1121 qui
1471 1051 1605 1106 dicit
1626 1051 1670 1083 ³⁸
1703 1067 1718 1104 :
1755 1068 1773 1101 ι
1803 1049 1912 1118 Ego
1940 1063 2061 1104 sum
2087 1047 2167 1102 vi-

595 1156 670 1213 ta,
697 1165 715 1198 ι
749 1144 945 1201 dicturi
973 1158 1160 1198 sumus
1195 1142 1466 1198 neminem
1493 1150 1648 1196 extra
1673 1138 1872 1196 Christi
1901 1137 2060 1192 ﬁdem
2089 1137 2166 1192 vi-

595 1252 742 1305 vere,
767 1238 860 1293 sed
894 1251 1087 1292 omnes
1115 1243 1358 1290 mortuos
1395 1247 1540 1298 esse,
1565 1233 1656 1303 qui
1684 1231 1792 1288 Deo
1822 1245 1927 1285 non
1955 1229 2164 1297 vivant,

591 1331 811 1401 etquod
853 1329 1036 1384 vivere
1079 1327 1318 1398 ipsorum
1347 1327 1419 1382 sit
1445 1325 1629 1380 vivere
1663 1333 1905 1395 peccato,
1933 1329 1987 1377 et
2010 1319 2166 1376 idcir-

589 1437 676 1488 co,
701 1431 759 1476 ut
789 1421 862 1476 ita
888 1421 1088 1486 dicam,
1121 1418 1305 1474 vivere
1333 1420 1572 1489 ipsorum
1617 1417 1687 1472 ad
1729 1424 1959 1470 mortem
1996 1413 2166 1484 perti-

543 1571 546 1574 _
589 1522 734 1569 neat.
779 1512 989 1582 inspice
1024 1525 1154 1567 vero
1199 1525 1268 1566 an
1305 1525 1413 1566 non
1451 1511 1552 1566 hoc
1598 1509 1920 1579 frequenter
1961 1520 2163 1578 propo-

590 1615 722 1660 nant
747 1605 941 1660 divinae
970 1603 1295 1672 Scriptura},
1328 1601 1527 1658 alicubi
1565 1601 1862 1657 Servatore
1899 1597 2116 1653 dicente
2144 1609 2159 1647 :

593 1717 612 1750 ι
653 1701 846 1754 Annon
895 1697 1100 1765 legistis
1135 1695 1278 1764 quod
1325 1693 1530 1750 dictum
1574 1701 1657 1746 est
1712 1691 1764 1745 iu
1817 1690 1950 1748 rubo
1993 1707 2007 1742 :
2051 1687 2163 1758 Ego

593 1789 736 1846 Deus
765 1788 1070 1851 Abraham,
1095 1795 1150 1842 et
1182 1786 1322 1842 Deus
1351 1787 1521 1853 lsaac,
1552 1794 1605 1841 et
1638 1785 1780 1840 Deus
1812 1773 2022 1839 Iacob?
2047 1781 2161 1836 Non

587 1890 673 1936 est
695 1881 837 1936 Deus
869 1888 1227 1945 mortuorum,
1259 1879 1356 1932 sed
1399 1875 1698 1931 viventium
1724 1875 1786 1939 ³³,
1816 1894 1834 1928 ι
1864 1885 1919 1931 et
1951 1896 1961 1930 :
1995 1893 2012 1925 ι
2036 1872 2154 1929 Non

2268 587 2390 642 σθαι
2417 587 2504 655 ἂν,
2531 589 2613 641 ὅτι
2644 589 2804 660 μόνος
2833 591 2862 642 ὸ
2898 588 3049 659 ἁγιος
3081 589 3314 659 λογικός.
3343 589 3512 644 Πάλιν
3556 589 3650 642 ὲὰν
3680 593 3801 644 συνῶ-

2267 697 2367 752 μεν
2404 680 2502 753 τῆν
2534 679 2831 752 γενομένην
2857 684 2915 736 έν
2950 682 3028 754 τῷ
3059 684 3218 754 Λόγῳ
3246 683 3413 755 ζωὴν,
3455 683 3548 737 τὸν
3595 684 3806 738 εἰπόντα·

2273 791 2291 824 ⁸
2337 771 2476 842 Ἐγώ
2515 774 2632 844 ειμι
2665 773 2699 844 ἡ
2734 771 2868 845 ζωὴ,
2911 793 2929 825 ³
2974 773 3206 846 ἐροῦμεν
3239 775 3442 846 μηδένα
3472 774 3578 828 τῶν
3617 774 3717 843 ἔξω

2267 865 2500 930 πίστεως
2531 864 2767 938 Χριστοῦ
2799 867 2919 936 ζῇν,
2950 866 3158 932 πάντας
3188 863 3328 922 εἶναι
3359 870 3587 940 νεκροὺς
3613 871 3731 933 τοὺς
3759 872 3811 941 μὴ

2267 956 2474 1021 ζῶντας
2503 956 2643 1028 Θεῷ,
2666 949 2726 1010 τό
2756 975 2816 1011 τε
2859 957 2958 1030 ζῇν
2996 958 3174 1013 αὐτῶν
3211 958 3310 1032 ζῇν
3356 956 3494 1016 εἶναι
3537 962 3636 1033 τῆς
3675 963 3810 1034 ἁμαρ-

2264 1049 2386 1113 τίας
2415 1048 2549 1121 (55),
2582 1047 2676 1103 καὶ
2713 1048 2800 1102 διὰ
2832 1049 3010 1115 τοῦτο,
3052 1051 3117 1103 ἵν’
3149 1050 3322 1117 οὕτως
3368 1053 3523 1118 είπω,
3553 1054 3651 1125 ζῇν
3684 1053 3810 1108 θανά-

2265 1157 2356 1194 του
2390 1140 2694 1211 τυγχάνειν.
2731 1141 3054 1214 Ἐπίστησον
3085 1143 3141 1197 δὲ
3186 1145 3234 1198 εί
3279 1143 3354 1215 μὴ
3387 1144 3546 1198 τοῦτο
3579 1145 3811 1217 πολλαχιῦ

2265 1233 2592 1303 παριστᾶσιν
2619 1234 2676 1286 αἱ
2699 1231 2838 1287 θεῖαι
2867 1235 2906 1287 Γ
2911 1237 3080 1307 ραφαὶ
3107 1235 3167 1288 τὸ
3187 1238 3320 1290 ὅπου
3349 1236 3447 1307 μὲν
3476 1237 3568 1290 τοῦ
3596 1238 3813 1310 Σωτῆρος

2267 1322 2594 1392 φάσκοντοςο
2625 1343 2645 1376 ι
2665 1325 2736 1378 Ἦ
2759 1325 2856 1379 οὐκ
2887 1325 3158 1397 ἀνέγνωτε
3199 1327 3258 1382 τὸ
3296 1326 3458 1400 ῥηθὲν
3491 1328 3583 1381 ἐπὶ
3622 1329 3719 1399 τῆς
3741 1329 3812 1398 βά-

2263 1430 2389 1466 τουο
2425 1413 2566 1484 Ἐγὼ
2598 1414 2730 1480 Θεὸς
2763 1416 3033 1490 Ἀϐραὰμ,
3063 1421 3157 1474 καὶ
3197 1419 3326 1484 Θεὸς
3359 1419 3570 1482 Ἰσαὰκ,
3601 1422 3696 1474 καὶ
3717 1421 3814 1484 Θεὸς

2279 1502 2504 1571 Ἰακώ6;
2537 1505 2650 1560 Οὐκ
2677 1506 2792 1561 ἔστι
2820 1506 2952 1574 Θεὸς
2981 1511 3210 1583 νεκρῶν,
3241 1511 3376 1565 ἀλλά
3399 1509 3638 1576 ζώντων,
3668 1532 3687 1563 ι
3717 1514 3812 1566 καί·

2272 1615 2290 1648 ι
2330 1596 2403 1650 Οὐ
2450 1597 2866 1671 δικαιωθήσεται
2912 1602 3246 1657 κατενώπιον
3294 1619 3388 1656 σου
3428 1604 3538 1668 πᾶς
3567 1603 3697 1668 ζῶν.
3729 1606 3814 1657 »Τί

2262 1685 2321 1740 δὲ
2365 1688 2492 1760 περὶ
2540 1689 2704 1744 αὑτοῦ
2747 1691 2926 1761 λέγειν
2960 1693 3040 1748 δεῖ
3071 1693 3164 1748 τοῦ
3200 1694 3332 1748 Θεοῦ
3370 1695 3403 1766 ἢ
3437 1693 3532 1748 τοῦ
3566 1695 3812 1768 Σωτῆρο;;

2277 1779 2699 1852 Ἀμφιὸάλλεται
2727 1783 2836 1857 γάρ
2862 1785 3122 1856 ὁποτέρου
3146 1784 3283 1840 εἶναι
3305 1788 3337 1859 ή
3362 1786 3595 1856 λέγουσα
3637 1789 3696 1841 έν
3731 1791 3815 1850 τοῖς

2262 1876 2568 1946 προφήταις
2602 1879 2782 1948 φωνή·
2825 1897 2844 1928 ι
2881 1878 2967 1932 Ζῶ
3000 1877 3131 1948 ἑγὼ,
3167 1878 3315 1948 λέγει
3346 1879 3570 1952 Κύριος.
3613 1899 3634 1931 ι

585 1973 976 2044 justiﬁeabitur
1005 1973 1056 2028 in
1089 1979 1381 2042 conspectu
1415 1978 1508 2026 tuo
1530 1968 1711 2026 omnis
1733 1969 1924 2024 vivens
1950 1967 2016 2021 ³³.
2053 1987 2073 2022 ι
2106 1966 2372 2023 Caeterum
2398 1968 2528 2038 quid
2552 1968 2736 2025 dicere
2773 1986 2908 2041 opus
2937 1982 3022 2026 est
3044 1973 3110 2027 de
3135 1973 3248 2040 ipso
3273 1972 3381 2026 Deo
3409 1972 3491 2026 vel
3525 1971 3820 2044 Servatmei

586 2068 896 2137 Ambigitur
925 2065 1070 2121 enim
1105 2064 1280 2119 utrius
1311 2063 1383 2118 sit
1414 2077 1514 2118 vox
1555 2061 1642 2117 illa
1672 2076 1792 2132 qua;
1817 2057 1956 2131 apud
1986 2061 2276 2131 prophetas
2307 2059 2438 2114 dicit
2470 2079 2482 2114 :
2515 2079 2534 2113 ι
2571 2058 2704 2116 Vivo
2733 2078 2855 2133 ego,
2882 2063 3014 2152 dicit
3040 2063 3298 2119 Dominus
3322 2061 3387 2118 “.
3423 2082 3443 2117 ι

657 2162 766 2233 70
804 2161 892 2216 Η.
929 2161 1008 2216 Ac
1044 2159 1334 2230 principio
1387 2158 1608 2228 quidem
1654 2147 1940 2212 videamus
1988 2155 2156 2209 illud:

2344 2155 2430 2209 11.
2461 2156 2572 2209 Καὶ
2599 2155 2812 2228 πρῶτόν
2843 2175 2905 2227 γε
2932 2147 3128 2230 ἴδωμεν
3152 2158 3233 2212 τό·
3267 2177 3286 2210 ι
3325 2158 3436 2212 Οὐκ
3465 2159 3581 2213 ἔστι
3611 2159 3740 2224 Θεὸς
3760 2176 3824 2212 νε-

590 2273 610 2306 ι
639 2252 756 2308 Non
781 2261 863 2309 est
884 2252 1025 2308 Deus
1053 2259 1411 2315 mortuorum,
1437 2251 1532 2304 sed
1556 2249 1850 2304 viventium
1869 2249 1934 2314 ³⁵,
1963 2265 1981 2299 ι
2016 2249 2159 2316 quod

587 2348 814 2417 perinde
863 2347 1010 2401 valet
1057 2354 1219 2416 atque
1271 2345 1400 2400 illud
1433 2363 1445 2399 :
1475 2343 1590 2399 Non
1663 2351 1748 2401 est
1812 2351 2156 2416 peccatorum

583 2440 753 2506 Deus,
787 2439 880 2494 sed
907 2447 1219 2494 sanctorum
1265 2437 1427 2492 Deus.
1462 2434 1712 2508 Magnum
1752 2437 1896 2491 extim
1924 2435 2160 2505 patriar-

585 2533 812 2587 charum
863 2546 1083 2596 munus,
1117 2531 1280 2588 Deum
1323 2530 1440 2587 vice
1489 2530 1572 2586 sui
1632 2528 1872 2584 nominis
1937 2527 2156 2582 illorum

587 2623 1052 2679 nomenclaturam
1103 2622 1433 2692 applicuisse
1471 2636 1583 2677 suae
1623 2620 1860 2690 propria:
1909 2617 2151 2689 appella-

588 2714 720 2768 tioni
757 2713 886 2778 Dei;
923 2713 1382 2782 quemadmodum
1418 2713 1583 2768 etiam
1631 2710 1830 2765 Paulus
1859 2709 2105 2780 inquit"
2140 2725 2154 2761 :

579 2822 610 2856 Α
643 2802 870 2873 Propter
909 2803 1050 2873 quod
1101 2818 1206 2857 non
1265 2800 1539 2856 erubescit
1582 2800 1728 2856 Deus
1779 2801 1958 2855 vocari
2017 2799 2159 2854 Deus

571 2895 842 2961 ripsorum.
869 2911 888 2945 ι
922 2891 1105 2962 Itaque
1137 2891 1276 2948 Deus
1300 2900 1385 2948 est
1425 2902 1641 2962 patrum
1679 2901 1733 2947 et
1764 2891 2005 2946 omnium
2021 2907 2159 2969 san-

579 2995 828 3049 ctorum;
867 2998 969 3039 nec
1013 2983 1143 3038 alibi
1189 2983 1449 3053 scriptum
1520 2984 1783 3053 reperias,
1823 2981 1990 3038 Deum
2037 2997 2160 3038 esse

583 3075 816 3145 alicujus
860 3075 1153 3146 impiorum
1188 3074 1381 3130 Deum.
1416 3074 1474 3129 Si
1507 3089 1638 3144 ergo
1668 3075 1812 3130 Deus
1839 3087 2154 3130 sanctorum

578 3177 685 3232 est,
722 3177 779 3224 et
805 3167 951 3224 Deus
978 3166 1277 3222 viventimn
1310 3180 1432 3221 esse
1459 3166 1678 3233 dicitur,
1706 3167 1890 3220 sancti
1913 3175 2043 3220 sunt
2075 3166 2156 3220 vi-

583 3269 774 3316 ventes
804 3271 861 3316 et
906 3259 1152 3315 viventes
1195 3258 1394 3337 sancti,
1419 3258 1616 3329 quippe
1639 3273 1763 3314 cum
1793 3268 2016 3314 sanctus
2047 3274 2154 3313 non

578 3354 656 3408 sit
690 3362 846 3408 extra
897 3353 1161 3417 viventes,
1213 3366 1314 3406 nec
1359 3352 1560 3422 aliquis
1601 3351 1711 3421 jam
1737 3353 1810 3406 sit
1841 3351 2029 3407 vivens
2064 3353 2158 3421 qui

581 3459 710 3500 cum
741 3444 858 3515 ipsa
885 3444 994 3499 vita
1031 3459 1140 3500 non
1175 3447 1342 3500 etiam
1372 3446 1476 3502 hoc
1503 3447 1699 3502 habeat
1727 3457 1784 3500 ut
1814 3447 1884 3502 sit
1912 3459 2152 3503 sanctus.

2265 2246 2433 2320 κρῶν,
2463 2248 2598 2302 ἀλλὰ
2630 2247 2866 2316 ζώντων,
2903 2269 2922 2302 ι
2954 2249 3065 2304 ἴσον
3091 2249 3384 2323 δυνάμενον
3416 2251 3527 2323 τῷ·
3561 2253 3679 2306 Οὐκ
3707 2252 3825 2304 ἐστιν

2265 2341 2624 2413 ἁμαρτωλῶν,
2678 2340 2814 2396 ἀλλὰ
2855 2342 3023 2412 ἁγίων
3066 2343 3216 2408 Θεός.
3259 2343 3483 2416 Μεγάλη
3521 2345 3633 2416 γὰρ
3681 2345 3827 2415 δωρεὰ

2265 2435 2375 2496 τοῖς
2404 2435 2790 2506 πατριάρχαις,
2819 2433 2878 2488 τὸ
2909 2433 3000 2487 τὸν
3043 2434 3176 2488 Θεὸν
3215 2435 3334 2489 ἀντὶ
3376 2436 3645 2507 ὀνόματος

2266 2522 2399 2594 ἅψαι
2424 2523 2522 2596 τὴν
2544 2525 2765 2578 ἐκείνων
2794 2525 3085 2596 ὀνομασίαν
3107 2529 3174 2598 τῇ
3197 2525 3326 2590 Θεὸς
3358 2527 3463 2597 ἰδίᾳ
3486 2527 3660 2580 αὑτοῦ
3691 2545 3828 2599 προς-

2266 2616 2464 2688 ηγορίᾳ
2482 2632 2496 2648 ⁸
2534 2616 2675 2671 καθὰ
2703 2617 2796 2670 καὶ
2829 2618 2856 2671 ὁ
2876 2617 3085 2681 Παῦλος
3116 2635 3283 2689 φησι·
3311 2637 3329 2669 ι
3355 2619 3446 2672 Διὸ
3475 2620 3576 2673 οὐκ
3600 2621 3830 2690 έπαιηέ-

3697 2455 3828 2489 προς-

2229 2709 2231 2711 ’
2266 2723 2416 2760 νεται
2436 2708 2464 2761 ὁ
2479 2707 2610 2771 Θεὸς
2635 2707 2766 2771 Θεὸς
2795 2707 3072 2762 καλεῖσθαι
3102 2709 3300 2763 αὐτῶν.
3317 2728 3334 2761 ι
3354 2710 3564 2764 Οὐκοῦν
3587 2710 3720 2775 Θεός
3740 2712 3830 2762 ἐστι

2265 2798 2374 2852 τῶν
2396 2799 2647 2871 πατέρων
2679 2799 2772 2853 καὶ
2810 2800 3026 2853 πάντων
3059 2797 3167 2852 τῶν
3188 2799 3385 2868 ἁγίων·
3417 2801 3512 2854 καὶ
3536 2801 3640 2854 οὐκ
3666 2803 3730 2856 ἄν
3753 2819 3832 2853 πιυ

2265 2891 2749 2963 ἀναγεγραμμένον
2776 2891 3078 2962 εὑρίσκοιτο
3097 2892 3186 2945 τὸν
3208 2891 3339 2946 Θεὸν
3356 2888 3491 2946 εἶναι
3511 2893 3605 2948 τὸν
3629 2893 3763 2947 Θεόν
3781 2909 3837 2944 1:-

2265 2999 2356 3046 νος
2378 2982 2486 3036 τῶν
2511 2982 2743 3036 ἀσεϐῶν.
2768 2983 2830 3035 El
2855 2981 3031 3037 τοίνυν
3051 2985 3078 3036 ὁ
3104 2981 3236 3046 Θεὸς
3258 2984 3426 3051 ἁγίων
3453 2985 3570 3037 ἐστὶ
3601 2985 3701 3038 καὶ
3729 2983 3837 3044 Bst;

2267 3073 2482 3140 ζώντων
2531 3070 2667 3128 εἶναι
2709 3074 2946 3144 λέγεται,
2991 3075 3040 3127 οί
3087 3075 3228 3142 ἅγιοι
3264 3073 3461 3139 ζῶντές
3505 3078 3634 3140 εἱσι,
3673 3075 3762 3129 καὶ
3802 3077 3838 3127 oi

2266 3167 2467 3232 ζῶντες
2495 3167 2660 3237 ἁγιοι,
2687 3166 2808 3221 οὔτε
2839 3168 2994 3237 ἁγίου
3022 3168 3173 3230 ὄντος
3197 3167 3301 3232 ἔξω
3321 3169 3429 3221 τῶν
3463 3168 3708 3234 ζώντων,
3737 3169 3837 3221 οετε

2267 3261 2466 3325 ζῶντος
2487 3260 2912 3331 χρηματίζοντος
2947 3261 3125 3331 μόνον,
3148 3261 3239 3314 καὶ
3267 3260 3385 3331 οὐχὶ
3414 3261 3530 3332 μετ“
3561 3261 3733 3315 αὐτοῦ
3765 3257 3838 3312 τοῦ

2266 3350 2364 3425 ζῇν
2415 3353 2524 3424 (56)
2556 3351 2770 3423 ἔχοντος
2815 3353 2909 3406 καὶ
2939 3352 3000 3406 τὸ
3044 3352 3197 3421 ἁγιον
3229 3353 3390 3406 αὑτὸν
3435 3356 3750 3424 τυγχάνειν.
3785 3355 3838 3406 Ti

2264 3447 2644 3518 παραπλήσιον
2681 3445 2738 3499 δέ
2768 3447 2882 3498 ἐστι
2911 3446 3006 3499 καὶ
3037 3445 3129 3498 ἐπὶ
3159 3445 3278 3498 τοῦ·
3321 3464 3338 3497 ι
3380 3447 3754 3518 Εὐαρεστήσω

583 3533 727 3590 Μειιι
771 3533 886 3590 fere
914 3534 984 3590 de
1020 3548 1086 3590 eo
1116 3535 1465 3591 sentiendum
1497 3545 1582 3592 est
1610 3537 1754 3606 quod
1786 3538 1862 3592 ait
1883 3537 1925 3569 ⁸⁷
1965 3556 1978 3591 :
2010 3556 2028 3589 ι
2060 3536 2154 3594 Hi-

2264 3538 2452 3610 Κυρίῳ
2483 3539 2542 3591 ἐν
2573 3537 2726 3610 χώρᾳ
2753 3535 2990 3602 ζώντων,
3033 3557 3050 3588 ι
3089 3537 3244 3591 ἰδεῖν⁸
3273 3537 3349 3600 ὡς
3380 3540 3427 3590 εί
3461 3538 3651 3606 ἔλεγεν
3688 3541 3746 3592 ἐν
3769 3540 3838 3589 τὰς

579 3625 775 3681 lariter
821 3624 1053 3683 allectus
1092 3641 1188 3683 ero
1227 3641 1357 3698 erga
1401 3627 1686 3682 Dominum
1725 3629 1777 3684 in
1818 3631 2036 3701 regione
2078 3632 2158 3687 vi-

583 3716 866 3783 ventium;
903 3735 923 3770 ›
961 3718 1186 3788 perinde
1232 3733 1298 3774 ac
1347 3719 1395 3774 si
1430 3719 1654 3775 dixisset
1687 3721 1742 3776 in
1784 3722 1980 3778 ordine
2031 3738 2157 3778 san-

580 3817 816 3876 etorum,
846 3809 931 3866 vel
960 3810 1012 3864 in
1038 3809 1160 3867 loco
1185 3820 1527 3879 sanctorum,
1557 3826 1752 3884 nempe
1775 3815 1944 3869 animi
1972 3815 2157 3870 hilari-

581 3905 694 3954 tate
721 3901 958 3970 proprie,
991 3901 1075 3957 vel
1111 3902 1164 3957 in
1203 3903 1415 3972 ordine,
1451 3903 1536 3959 vel
1588 3905 1641 3960 in
1696 3903 1815 3962 loco
1844 3915 2157 3962 sanctorum

577 3987 900 4055 exsistente,
927 4000 981 4046 et
1024 3993 1250 4061 perinde
1301 3995 1455 4063 quasi
1505 3995 1686 4049 nullus
1736 4011 1857 4051 eam
1900 3995 2057 4065 plene
2087 3996 2159 4051 sit

534 4091 541 4096 '
580 4092 956 4148 possessurus,
988 4082 1078 4150 qui
1111 4082 1194 4138 vel
1226 4085 1292 4138 ad
1321 4085 1566 4140 ordinem
1594 4095 1934 4152 sanctorum,
1976 4087 2058 4142 vel
2089 4089 2175 4143 ad.

580 4165 762 4224 l0cum
789 4181 1099 4227 sanctorum
1131 4189 1237 4228 non
1286 4177 1620 4244 pervenerit,
1650 4178 1717 4232 ad
1747 4191 1908 4246 quem
1935 4181 2157 4232 accedat

579 4269 794 4329 oportet
829 4262 1075 4332 quisquis
1115 4264 1218 4320 hac
1259 4263 1314 4319 in
1361 4267 1472 4320 vita
1544 4266 1850 4335 perceperit
1907 4268 2153 4322 umbram

581 4351 747 4406 veluti
788 4362 843 4408 et
883 4354 1174 4424 imaginem
1215 4370 1358 4413 verae
1398 4356 1716 4412 hilaritatis.
1748 4355 1884 4424 Quin
1915 4357 2044 4412 illud
2063 4357 2152 4414 “z

587 4461 606 4494 ι
635 4442 751 4498 Νοιι
789 4443 1178 4515 justiﬁeabitur
1199 4463 1382 4504 coram
1421 4449 1533 4506 Deo
1570 4451 1750 4507 omnis
1773 4450 1983 4516 vivens,
2011 4470 2031 4503 ι
2067 4451 2156 4506 de-

580 4535 753 4591 clarat
785 4538 1082 4605 neminem,
1106 4542 1503 4611 quantumlibet
1541 4545 1779 4612 beatum,
1811 4544 1856 4600 si
1887 4559 2010 4600 cum
2045 4545 2154 4600 Deo

579 4644 643 4684 ac
683 4628 895 4698 justitia
947 4631 1116 4701 ipsius
1161 4631 1496 4702 conferatur,
1529 4636 1843 4705 justllicari,
1897 4637 2059 4693 veluti
2105 4640 2150 4694 si

579 4720 687 4777 tale
709 4721 967 4792 quiddam
994 4723 1166 4779 altero
1189 4726 1439 4796 exemplo
1467 4728 1770 4784 diceremus
1793 4727 1944 4786 :Non
1970 4729 2152 4801 splen-

577 4814 729 4869 debit
775 4813 996 4872 lucerna
1041 4816 1151 4871 ulla
1189 4831 1376 4872 coram
1412 4819 1557 4886 sole;
1587 4821 1894 4891 splendebit
1928 4823 2148 4893 quidem

577 4905 754 4962 omnis
781 4906 1022 4976 lucerna,
1050 4911 1144 4964 sed
1172 4917 1284 4964 tum
1328 4925 1448 4964 cum
1485 4913 1762 4968 radiorum
1797 4914 1929 4971 solis
1966 4915 2150 4985 splen-

2261 3629 2342 3696 ξει
2364 3629 2554 3698 ἁγίων,
2573 3629 2606 3701 ἢ
2626 3633 2682 3682 έν
2703 3628 2780 3700 τῷ
2799 3629 2949 3701 τόπῳ
2977 3629 3083 3683 τῶν
3108 3630 3278 3698 ἁγίων
3298 3630 3393 3702 τῆς
3423 3631 3631 3701 κυρίως
3663 3632 3838 3703 εὐαρεν

2261 3721 2531 3791 στήσεως,
2562 3719 2681 3792 ἦτοι
2713 3723 2770 3774 ὲν
2801 3723 2864 3792 τῇ
2895 3720 3046 3786 τάξει
3074 3722 3184 3774 τῶν
3218 3722 3409 3792 ἁγίων,
3439 3722 3472 3793 ἢ
3511 3723 3570 3774 ὲν
3594 3722 3681 3793 τῷ
3707 3724 3838 3794 τόπῳ

2257 3809 2366 3863 τῶν
2401 3810 2572 3880 ἁγίων
2608 3812 2981 3884 τυγχανούσης
3000 3829 3012 3843 ·
3047 3813 3258 3866 οὐδέπω
3288 3813 3472 3885 ἄκρως
3493 3813 3838 3885 εὐαρεστοῦνο

2257 3919 2348 3966 τος
2373 3901 2466 3955 τοῦ
2500 3901 2572 3973 μὴ
2602 3905 2683 3966 είς
2713 3902 2813 3974 τὴν
2842 3902 2994 3970 τὰξιν
3035 3903 3145 3957 τῶν
3174 3904 3345 3972 ἁγίων
3384 3904 3794 3975 κεχωρηκὸτος,
3821 3901 3838 3972 ἦ

2255 3995 2351 4048 τοῦ
2387 3994 2461 4067 μὴ
2487 3996 2567 4058 εἰς
2589 3995 2680 4048 τὸν
2714 3996 2877 4049 τόπον
2904 3995 3011 4049 τῶν
3044 3996 3212 4066 ἁγίων
3237 3996 3640 4068 γεγενημένου·
3680 4001 3766 4060 εἰς
3799 3998 3838 4052 r31

2257 4086 2502 4158 χωρῆσαι
2531 4087 2709 4158 δεήσει
2755 4089 2929 4142 πάντα
2966 4087 3056 4141 τὸν
3107 4088 3270 4142 οἱονεὶ
3317 4087 3474 4142 σκιὰν
3522 4090 3620 4142 καὶ
3668 4090 3838 4142 εἰκόνι

2256 4177 2356 4248 τῆς
2405 4178 2814 4249 εὑαρεστήσεως
2861 4178 2960 4250 τῆς
3003 4179 3262 4250 ἀληθινῆς
3312 4180 3370 4232 ὲν
3419 4178 3496 4250 τῷ
3530 4178 3636 4250 βίῳ
3676 4182 3838 4254 τούτη

2257 4268 2744 4340 προσανειληφότα.
2794 4269 2904 4322 Καὶ
2953 4270 3045 4321 τό·
3081 4289 3098 4321 ι
3145 4268 3219 4323 Οὐ
3272 4270 3746 4342 δικαιωθήσεσθαι
3799 4271 3838 4326 δέ

2217 4375 2220 4377 ·
2257 4359 2378 4413 κατ’
2423 4358 2652 4413 ἐνώπιον
2706 4359 2800 4414 τοῦ
2849 4359 2984 4414 Θεοῦ
3035 4362 3213 4414 πάντα
3261 4360 3457 4426 ζῶντα,
3500 4381 3519 4414 ι
3553 4362 3741 4433 δηλοῖ,
3780 4366 3837 4416 ὅτ

2255 4451 2331 4514 ὡς
2354 4453 2464 4522 (57)
2492 4452 2628 4524 πρὸς
2652 4452 2783 4506 Θεὸν
2810 4453 2905 4506 καὶ
2931 4453 3028 4524 τὴν
3055 4455 3112 4506 έν
3133 4453 3283 4524 αὐτῷ
3300 4453 3650 4526 δικαιοσύνην
3673 4457 3838 4516 οὑδεὶέ

2254 4544 2669 4618 δικαιωθήσεται
2701 4545 2809 4601 τῶν
2833 4548 2972 4602 πάνυ
3009 4548 3315 4620 μακαρίων,
3345 4547 3420 4611 ὡς
3441 4549 3488 4600 εἰ
3524 4548 3624 4600 καὶ
3664 4551 3838 4618 ὲλέγο

2258 4652 2359 4706 μεν
2389 4637 2481 4690 ἐπὶ
2513 4637 2700 4709 ἑτέρου
2732 4638 3177 4709 παραδείγματος
3217 4639 3488 4693 τοιοῦτοντ
3522 4640 3600 4692 Οὐ
3656 4647 3837 4710 φωτιεέ

2255 4730 2362 4793 πᾶς
2381 4728 2570 4801 λύχνος
2602 4729 2830 4785 ἐνώπιον
2872 4733 3056 4804 ἡλίου*
3110 4735 3302 4802 φωτιεῖ
3336 4733 3433 4802 μὲν
3457 4731 3566 4804 γὰρ
3595 4736 3718 4798 τεᾶς
3766 4735 3838 4788 λε.

2257 4839 2401 4893 χνος,
2430 4824 2542 4877 ἀλλ’
2571 4826 2698 4878 ὅταν
2732 4825 2807 4898 μὴ
2833 4825 3242 4898 καταυγάζηται
3269 4826 3375 4879 ὑπὸ
3403 4826 3576 4896 ἡλίου.
3609 4829 3838 4882 Δικαιω

2252 4915 2477 4987 θήσεται
2501 4917 2557 4970 δὲ
2591 4919 2683 4970 καὶ
2716 4920 2823 4982 πᾶς
2863 4918 2992 4984 ζῶν,
3013 4919 3128 4974 ἀλλ’
3155 4920 3255 4973 οὐκ
3282 4918 3510 4973 ἐνώπιον
3543 4921 3643 4974 τοῦ
3674 4924 3828 4976 Θεοῦ

577 4989 711 5044 dore
739 5009 846 5048 non
873 4994 1202 5052 illustratur.
1231 4994 1632 5054 Justiﬁcabitur
1658 5001 1822 5056 etiarn
1855 5004 2035 5060 omnis
2069 5005 2152 5060 vi-

2264 5008 2337 5060 5τε
2362 5010 2476 5072 τοῖς
2503 5010 2652 5062 κάτω
2691 5010 3058 5082 συγκρίνεται,
3091 5011 3185 5063 καὶ
3219 5010 3326 5062 ὑπὸ
3362 5010 3456 5064 τοῦ
3491 5012 3740 5078 σκότους
3774 5032 3838 5068 κε

577 5091 728 5145 vens,
760 5091 816 5135 at
848 5098 975 5140 vero
1022 5101 1130 5142 non
1162 5100 1348 5142 coram
1383 5086 1494 5144 Deo
1521 5088 1937 5158 justillcabitur,
1974 5110 2150 5164 quan-

2264 5098 2632 5170 κρατημένοις,
2683 5097 2920 5171 παρόἷς
2961 5099 3165 5170 λὰμψει
3213 5101 3391 5155 αὐτῶν
3432 5101 3494 5154 τὸ
3546 5102 3698 5170 φῶς.
3753 5108 3838 5160 K1

575 5168 644 5223 do
673 5181 798 5224 cum
825 5172 930 5228 illis
951 5188 1301 5246 comparatur
1333 5181 1427 5250 qui
1472 5179 1686 5236 inlerne
1709 5184 1976 5250 habitant,
2017 5187 2142 5256 qul-

557 5271 682 5330 que
709 5262 948 5318 tenebris
977 5266 1312 5337 detinentur,
1341 5271 1482 5342 apud
1511 5287 1648 5343 quos
1693 5273 1899 5330 lucebit
1922 5276 2142 5334 illorum

574 5347 688 5406 lux.
731 5348 802 5405 Et
847 5352 971 5410 vide
1030 5371 1157 5412 num
1213 5361 1312 5416 hac
1364 5364 1575 5420 ratione
1621 5363 2028 5435 intelligendum
2073 5368 2147 5423 sit

2247 5188 2350 5259 ὅρα
2377 5191 2426 5241 εἰ
2457 5190 2595 5242 κατά
2623 5190 2905 5244 τοῦτοκαὶ
2945 5192 3006 5244 τὸ
3052 5193 3111 5244 ὲν
3137 5189 3215 5261 τῷ
3239 5191 3554 5262 Εὐαγγελίῳ
3584 5197 3837 5265 νοητέον

2217 5309 2220 5314 -
2254 5298 2273 5330 ι
2301 5279 2592 5350 Λαμψὰτω,
2603 5282 2664 5335 τὸ
2692 5279 2808 5352 φῶς
2829 5283 2982 5353 ὑμῶν
3003 5284 3312 5356 ἔμπροσθεν
3336 5284 3443 5336 τῶν
3467 5282 3825 5356 ἀνθρώπων·

2251 5367 2313 5425 οὐ
2335 5372 2444 5445 γάρ
2461 5389 2474 5404 ·
2504 5372 2784 5445 Λαμψὰτω
2803 5374 2862 5428 τὸ
2890 5375 3004 5445 φῶς
3033 5377 3185 5448 ὑμῶν
3205 5373 3511 5447 ἔμπροσθεν
3535 5376 3630 5429 τοῦ
3666 5381 3837 5433 Θεοῦ

644 5484 879 5573 ’ἈροειεῖΞ
903 5506 980 5573 ρ,
1003 5490 1093 5573 ξὸ,
1171 5494 1214 5526 ³²
1243 5495 1534 5573 λίποι-χιι,
1557 5497 1648 5573 26,
1676 5498 1768 5555 27.
1845 5501 1890 5534 ³³
1926 5501 2067 5559 Psal.
2099 5517 2156 5558 cx

2264 5546 2270 5567 ,
2303 5505 2360 5560 2.
2448 5505 2493 5538 ³⁸
2523 5504 2683 5561 Num.
2710 5524 2821 5573 xiv,
2843 5507 2934 5564 9.8.
3009 5509 3054 5542 ⁸⁸
3082 5507 3249 5564 Marc.
3286 5521 3382 5572 xtl,
3411 5507 3504 5563 ‘27.
3587 5506 3637 5540 “
3663 5509 3838 5570 Hebr

573 5567 649 5624 ut,
675 5557 759 5614 l6.
835 5560 879 5598 ⁸⁷
910 5561 1051 5618 Psal.
1089 5579 1234 5630 cxrv,
1259 5566 1314 5619 9.
1389 5568 1435 5600 ³⁸
1471 5557 1802 5634 Ρέα1.ἐκι.ιι.
1835 5573 1889 5628 2.

641 5672 765 5762 (55)_
792 5670 911 5762 τῆς¹
931 5677 1234 5762 ᾀμαρῖτίας.
1255 5678 1452 5759 .Codex
1485 5681 1824 5756 Bodleianus,
1852 5691 1917 5760 τῇ
1961 5691 2144 5762 ἁμαρ-

571 5741 680 5812 τίᾳ,
719 5741 771 5797 et
805 5741 872 5797 ita
903 5741 1356 5815 legit'b‘errarius.

642 5806 750 5886 (56)
782 5818 915 5870 Μετ’
943 5806 1128 5874 ἇὺτοῦ
1159 5819 1262 5873 τοῦ
1302 5818 1424 5891 ζῇν.
1470 5826 1559 5882 Sic
1589 5806 2140 5897 codtivaudleianus;

2255 5685 2454 5759 Regius
2481 5697 2533 5759 et
2567 5683 2911 5759 Barlreriutts,
2947 5688 3084 5759 μετά
3121 5685 3214 5740 τοῦ
3240 5685 3358 5757 ζῇν.

2326 5755 2436 5824 (57)
2480 5756 2593 5828 Ὣς.
2648 5754 2747 5828 Sic
2777 5754 3327 5823 codex'Bodleianus';
3385 5755 3588 5828 Regius
3615 5771 3674 5814 et
3708 5762 3838 5822 Bar

2256 5829 2337 5882 bet
2355 5828 2495 5892 inus,
2525 5826 2676 5888 ώσεί,
2704 5838 2806 5881 etc.
