3856 6524
30 423 127 477 H5

1009 406 1012 410 ’
1121 402 1509 483 comem.
1547 425 1613 482 ιιι
1654 425 1846 482 JOAN.
1888 425 2128 483 remus
2167 427 2227 482 Il.

3190 440 3292 495 146

17 540 169 595 τοῦτο
200 536 314 614 γάρ
346 540 397 595 εί
427 538 754 605 ἐνετέλλετο,
791 537 1055 595 ἀδύνατον
1083 540 1152 594 ἂν
1183 539 1352 595 ἐδίδου
1377 538 1617 613 ἐντολὴν,

1724 540 1891 599 etiam
1924 539 2060 597 illud
2104 543 2247 612 quod
2279 549 2363 599 est
2407 541 2460 598 in
2493 541 2786 616 Evangelia
2810 545 2854 584 ⁸⁸
2882 563 2898 605 :
2928 565 2948 600 ι
2977 546 3178 604 aneat
3205 551 3298 607 lux

17 633 141 687 ὡσεὶ
174 635 278 688 καὶ
316 635 430 690 τοῖς
457 632 669 705 λύχνοις
707 631 976 704 ἐμψύχοις
1010 627 1161 687 οὖσιν
1196 633 1416 704 ἐντολὴν
1442 633 1610 688 ἐδίδου

17 729 70 780 τδ
99 726 320 799 λάμψαι
350 726 412 780 τὸ
466 725 583 796 φῶς
625 724 808 780 αὐτῶν
841 724 1150 797 ἔμπροσθεν
1181 725 1274 779 τοῦ
1305 724 1479 796 ἡλίου.
1501 724 1612 796 Οὐχ

17 821 58 870 oi
89 818 353 889 τυχόντες
380 813 474 872 οῦν
502 817 654 888 μόνοι
686 817 792 871 τῶν
825 815 1042 882 ζώντων
1073 818 1134 870 ού
1159 816 1612 888 δικαιωθήσονται

19 909 360 965 κατενώπιον
407 909 501 963 τοῦ
548 908 708 974 Θεοῦ,
756 907 893 963 ἀλλὰ
920 908 1013 962 καὶ
1047 909 1098 963 οἱ
1132 907 1211 973 ὼς
1245 912 1302 964 ἐν
1333 908 1466 974 ζῶσι
1505 907 1613 962 τῶν

18 1002 315 1055 ἐλαττόνων
348 1001 728 1074 διαφέροντες·
773 1000 807 1072 ἢ
843 1001 980 1073 ὅπερ
1016 1001 1238 1071 μᾶλλον,
1267 1003 1441 1074 ἆμαή
1475 1002 1612 1056 πάν-

19 1114 113 1147 των
162 1095 282 1148 τῶν
333 1093 552 1161 ζώντων
595 1093 939 1167 δικαιοσύνηζ
957 1093 1019 1147 ού
1064 1093 1485 1166 δικαιωθήσεται
1537 1093 1614 1158 ὡς

21 1188 146 1257 πρὸς
173 1186 280 1260 τὴν
307 1187 404 1240 τοῦ
427 1185 564 1240 Θεοῦ
590 1185 957 1257 δικαιοσύνην,
987 1186 1063 1252 ὡς
1095 1188 1145 1240 εί
1175 1186 1270 1240 καὶ
1297 1186 1414 1258 ἅμα
1437 1186 1616 1240 πάντα

18 1280 77 1333 τὰ
107 1280 202 1334 ἐπὶ
225 1280 338 1351 γῆς
365 1279 656 1354 νυκτερινὰ
699 1279 1022 1350 συναγαγὼν
1074 1279 1230 1351 φῶτα
1275 1279 1508 1350 ἔφασκον
1538 1279 1612 1350 μὴ

15 1371 270 1424 δύνασθαι
312 1369 492 1426 ταῦτα
542 1370 796 1440 φωτίζειν
846 1370 922 1434 ὡς
972 1370 1110 1442 πρὸς
1159 1370 1258 1434 τὰς
1296 1369 1483 1424 τούτου
1521 1369 1614 1422 τοῦ

19 1463 156 1531 ἡλίου
188 1463 393 1530 αὐγάς.
442 1461 579 1516 Κατ’
606 1460 944 1515 ἐπανάϐασιν
973 1461 1030 1514 δέ
1071 1462 1137 1514 ἐκ
1171 1460 1282 1514 τῶν
1311 1460 1616 1533 εἰρημένων

21 1554 229 1623 νιιητέον
255 1554 360 1607 καὶ
386 1554 450 1607 τό
471 1571 484 1583 ·
523 1572 541 1604 t
579 1553 664 1606 Ζῶ
692 1552 824 1621 ἐγὼ,
856 1553 1006 1621 λέγει
1028 1553 1251 1625 Κύριος.
1293 1573 1310 1604 ι
1343 1553 1494 1623 Τάχα
1520 1553 1614 1605 τοῦ

21 1648 215 1715 κυρίως
244 1645 377 1718 ζῇν,
409 1646 644 1717 μάλιστα
669 1647 734 1699 ἐκ
765 1645 871 1700 τῶν
898 1646 1204 1718 εἰρημένων
1228 1644 1470 1719 περὶτοῦ
1495 1645 1614 1716 ζῇν,

21 1740 159 1810 παρά
184 1739 341 1810 μόνῳ
371 1741 732 1810 τυγχάνοντος
753 1739 830 1810 τῷ
852 1738 990 1811 Θεῷ.
1019 1739 1130 1793 Καὶ
1149 1741 1251 1812 ὅρα
1279 1741 1327 1793 εί
1349 1739 1440 1793 διὰ
1459 1737 1618 1793 τοῦτο

19 1831 230 1884 δύναται
253 1833 286 1884 ὁ
314 1830 642 1894 Ἀπόστολος
671 1830 784 1902 (58)
805 1830 905 1902 τὴν
925 1832 1004 1894 εἰς
1021 1829 1326 1903 ὑπερϐολὴν
1343 1830 1618 1902 ὑπεροχὴν

1717 641 1903 691 vestra
1933 647 2120 690 coram
2155 633 2502 701 hominibus;
2529 655 2547 689 ι
2582 651 2689 694 non
2720 639 2866 696 enim
2897 640 3070 697 dixit:
3095 641 3300 701 Luceat

1719 725 1812 782 lux
1838 735 2022 783 vestra
2069 741 2256 784 coram
2297 729 2429 797 Deo,
2459 729 2659 802 alioqui
2708 743 3040 806 praeceptum
3076 737 3302 795 daturus

1718 813 2079 887 impossibile,
2121 816 2167 872 si
2213 816 2317 874 hoc
2353 820 2726 890 praecepisset,
2755 824 2978 894 perinde
3028 840 3094 881 ac
3129 827 3172 882 si
3214 827 3302 883 lu-

1719 908 1902 965 cernis
1945 908 2202 965 animatis
2246 912 2623 981 prmeepisset,
2658 914 2736 969 uti
2778 914 2869 970 lux
2928 917 3173 987 ipsorum
3207 934 3304 974 co-

1720 1014 1838 1056 ram
1862 1000 1977 1057 sole
2005 999 2236 1056 luceret.
2265 1000 2630 1070 Quamobrem
2672 1020 2778 1061 non
2811 1008 2971 1064 modo
2998 1008 3188 1080 vulgus
3217 1010 3301 1063 vi-

1719 1094 1960 1148 ventium
2026 1107 2132 1148 non
2179 1093 2570 1162 justiﬁeabitnr
2627 1111 2812 1153 coram
2862 1098 2993 1166 Deo,
3053 1103 3148 1157 sed
3201 1115 3302 1158 nec

1719 1182 1883 1237 etiam
1919 1181 1977 1238 hi
2010 1182 2104 1254 qui
2147 1198 2245 1240 ceu
2291 1184 2434 1240 inter
2483 1186 2726 1245 viventes
2773 1187 3123 1248 inferioribus
3164 1206 3306 1263 pta-

1719 1282 1906 1341 stant;
1949 1273 2206 1346 quodque
2253 1275 2425 1347 magis
2469 1277 2636 1332 etiam
2679 1289 2785 1345 est,
2819 1281 3062 1335 omnium
3108 1283 3301 1338 viven-

1722 1364 1857 1420 tium
1895 1364 1949 1420 in
1999 1381 2170 1422 unum
2201 1365 2434 1424 collecta
2460 1367 2696 1437 Iustitia,
2732 1373 3144 1442 comparatione
3175 1373 3301 1441 Dei,

1723 1471 1830 1512 non
1863 1455 2280 1526 iustiﬁcabitur,
2308 1457 2533 1529 perinde
2561 1473 2627 1513 ac
2653 1457 2699 1516 si
2732 1459 3029 1520 luminibus
3054 1479 3178 1535 qua:
3204 1479 3298 1521 su-

1723 1562 1820 1618 per
1860 1557 2062 1604 terram
2091 1557 2218 1604 sunt
2259 1549 2545 1606 nocturnis
2577 1549 2631 1604 in
2675 1566 2844 1607 unum
2875 1553 3124 1611 collectis
3157 1555 3302 1612 dice-

1726 1655 1836 1696 rem
1868 1655 1990 1713 ego,
2026 1640 2145 1698 ileri
2193 1657 2299 1698 non
2333 1658 2514 1713 posse,
2550 1645 2630 1700 uti
2673 1645 3023 1716 splendorem
3053 1628 3304 1717 aderant,

1725 1735 1828 1806 71
1866 1735 2214 1806 splendorum
2246 1736 2406 1807 hujus
2441 1737 2572 1793 solis
2608 1738 3046 1809 comparatione.
3081 1740 3188 1796 Per
3213 1755 3304 1798 re-

1725 1828 2044 1896 petitionem
2089 1841 2223 1884 vero
2267 1843 2457 1884 eorum
2504 1845 2628 1900 qua:
2652 1832 2918 1896 diximus,
2949 1833 3306 1890 consideran-

21 1926 206 1992 νοήσας
242 1922 352 1993 τῆς
390 1923 539 1993 ζωῆς
572 1922 667 1977 τοῦ
704 1922 864 1988 Θεοῦ,
915 1924 1010 1976 καὶ
1035 1922 1202 1987 ἀξίως
1246 1921 1383 1977 Θεοῦ
1425 1922 1617 1986 συνιεὶς

1725 1919 1852 1974 dum
1881 1919 2042 1976 etiam
2061 1919 2194 1975 illud
2223 1929 2345 1977 est:
2375 1938 2395 1974 ι
2430 1921 2566 1978 Vivo
2593 1937 2717 1992 ego,
2743 1923 2878 1979 dicit
2908 1923 3176 1981 Dominus
3199 1925 3303 1992 “,s

17 2016 100 2068 τό·
140 2035 157 2068 t
190 2015 282 2069 Ζῶ
305 2014 441 2083 ἐγὼ,
474 2016 624 2084 λέγει
658 2015 882 2087 Κύριος,
920 2033 938 2066 ι
984 2013 1264 2085 εἰρηκέναι
1299 2014 1426 2086 περὶ
1456 2011 1616 2078 Θεοῦ,

25 2128 42 2158 ι
68 2111 94 2160 ὁ
110 2110 274 2178 μόνος
298 2107 444 2180 ἔχων
465 2108 788 2170 ἀθανασίαν,
814 2127 831 2160 ι
853 2107 1064 2172 οὐδενὸς
1076 2106 1186 2162 τῶν
1208 2105 1360 2179 παρά
1373 2107 1464 2160 τὸν
1485 2105 1618 2160 Θεὸν

19 2199 222 2263 ζώντων
252 2199 481 2272 ἔχοντος
500 2201 601 2272 τὴν
631 2200 901 2273 ἄτρεπτον
930 2199 1105 2271 πάντη
1134 2200 1228 2253 καὶ
1261 2198 1618 2254 ἀναλλοίωτον

21 2291 172 2361 ζωήν.
205 2293 323 2346 Καὶ
357 2293 410 2346 τί
448 2291 775 2364 διστάζομεν
807 2293 936 2364 περὶ
974 2291 1084 2346 τῶν
1111 2291 1336 2359 λοιπῶν,
1367 2292 1456 2346 ὅτε
1496 2291 1618 2346 ούδέ

1723 2027 1849 2068 cum
1891 2013 2172 2084 proprium
2205 2013 2411 2080 vivere,
2444 2013 2716 2084 prmeipue
2743 2029 2812 2071 ex
2844 2016 2928 2073 his
2959 2033 3080 2088 qua:
3109 2020 3178 2075 de
3219 2019 3304 2076 vl-

1724 2108 1902 2161 vendo
1941 2105 2323 2171 disseruimus,
2355 2121 2524 2175 penes
2553 2107 2728 2162 solum
2753 2109 2826 2162 sit
2857 2109 3046 2166 Deum.
3078 2111 3146 2166 Et
3177 2112 3304 2170 vide

1725 2213 1853 2253 num
1885 2197 1956 2253 ob
1990 2197 2093 2252 hoc
2127 2197 2298 2268 possit
2323 2198 2617 2268 Apostolus
2649 2202 2702 2257 in
2753 2203 3084 2274 hyperbolen
3129 2219 3304 2276 usque

1726 2291 2071 2346 considerata
2101 2289 2196 2346 Dei
2229 2290 2354 2346 vitae
2393 2293 2744 2360 excellentia,
2776 2306 2852 2362 et,
2882 2305 2942 2351 ut
2969 2296 3192 2366 dignum
3220 2305 3307 2354 est

19 2384 295 2455 όΧριστὺς
331 2384 461 2455 ἔσχε
493 2385 591 2457 τὴν
626 2385 718 2438 τοῦ
753 2384 965 2456 Πατρὸς
999 2383 1327 2448 ἀθανασίαν;
1360 2383 1617 2452 ἐγεύσατο

1727 2381 1861 2448 Deo,
1899 2380 2204 2453 intelligens
2236 2381 2364 2438 illud
2393 2400 2408 2438 :
2438 2401 2456 2436 ι
2485 2383 2620 2442 Vivo
2655 2401 2776 2458 ego,
2805 2388 2944 2444 dicit
2971 2388 3254 2456 Dominus,
3279 2407 3302 2444 ι

22 2473 117 2545 γὰρ
142 2477 287 2546 ὑπὲρ
313 2477 520 2540 παντὸς
544 2476 797 2532 θανάτου.

1727 2473 1793 2530 de
1816 2472 1929 2528 Deo
1963 2472 2236 2530 dixisse“
2270 2490 2286 2529 :
2323 2475 2462 2544 «Qui
2507 2477 2654 2535 solus
2707 2479 2874 2535 habet
2920 2479 3304 2535 immortalita-

25 2579 140 2633 tem,
175 2591 194 2623 ι
237 2572 398 2626 nullo
434 2583 633 2642 praeter
667 2575 836 2627 Deum
875 2572 1196 2637 vlventinm,
1231 2570 1628 2626 immutabilem
1658 2569 2169 2641 inalterabilemque
2194 2569 2537 2629 divinitatem
2569 2573 2823 2632 habente.
2863 2575 2929 2631 Et
2960 2577 3090 2647 quid
3126 2576 3305 2632 ambi-

24 2665 186 2729 gimus
221 2664 294 2720 de
327 2665 566 2729 exteris,
607 2666 823 2734 quando
853 2681 919 2719 ne
942 2664 1196 2720 Christus
1223 2662 1440 2734 quidem
1469 2662 1650 2719 Patris
1680 2661 1930 2718 habuerit
1961 2661 2476 2719 immortalitatem?
2513 2680 2638 2722 nam
2668 2681 2768 2738 pro
2801 2682 3128 2740 quocunque
3153 2683 3306 2726 mor-

26 2767 116 2807 tem
150 2756 400 2826 gustavit
421 2757 488 2810 δ’.

84 2849 230 2918 Ἀμα
252 2848 316 2902 δὲ
355 2848 702 2914 ἐξετάζοντες
727 2848 796 2903 τὰ
821 2847 1064 2920 περὶτοῦ
1087 2848 1186 2922 ζῇν
1210 2849 1306 2904 τοῦ
1327 2846 1489 2915 Θεοῦ,
1513 2849 1608 2904 καὶ

27 2939 170 3011 ζωῇ,
209 2941 342 3010 ἥτις
360 2939 510 2993 ἐστὶν
529 2943 559 2994 ό
585 2941 838 3012 Χριστὸς,
873 2941 969 2994 καὶ
990 2939 1211 3005 ζώντων
1238 2943 1296 2995 ἐν
1324 2939 1480 3013 χώρᾳ
1507 2940 1614 3014 ἰδίᾳ

1795 2844 1884 2902 12.
1925 2844 2061 2900 Cum
2092 2857 2226 2900 vero
2269 2844 2608 2916 inquiramus
2636 2847 2704 2904 de
2736 2847 2822 2903 his
2863 2862 2986 2918 qua:
3019 2850 3085 2904 ad
3133 2850 3303 2908 Deum

1719 2936 1994 2992 viventem
2037 2935 2335 3006 pertinent,
2381 2946 2438 2992 et
2484 2939 2552 2994 de
2591 2937 2702 2992 vita
2747 2953 2870 3009 qua:
2907 2949 2994 2995 est
3025 2938 3302 3008 Christus,

24 3033 414 3102 τδτχανόντων,
451 3035 547 3086 καὶ
583 3032 801 3097 ζώντων
825 3035 885 3087 ού
931 3033 1328 3106 δικαιουμένων
1377 3033 1614 3088 ἐνώπιον

1724 3029 1896 3100 deque
1928 3027 2239 3085 viventibus
2259 3029 2356 3099 qui
2387 3038 2516 3085 sunt
2546 3029 2600 3086 in
2627 3045 2728 3087 sua
2763 3032 3010 3102 regione,
3037 3044 3202 3104 atque
3232 3035 3303 3091 de

27 3122 102 3174 τοῦ
128 3123 286 3186 Θεοῦ,
331 3123 651 3187 ἀκολούθως
681 3124 892 3187 τούτοις
920 3123 1349 3195 παρατιθέμενοι
1376 3124 1456 3178 τό·
1491 3142 1512 3176 t
1556 3123 1615 3178 '0

31 3217 168 3282 μίνκ
207 3216 358 3286 ἔχων
395 3216 718 3280 ἀθανασίαν,
763 3235 782 3269 ι
823 3215 891 3270 τὰ
915 3217 1289 3288 ὑπονοούμενα
1324 3232 1617 3288 συμπαρα-

27 3307 296 3378 ληψόμεθα
335 3309 472 3379 περὶ
499 3307 594 3361 τοῦ
622 3310 729 3362 πᾶν
774 3308 1056 3362 ότιποτοῦν
1083 3308 1301 3377 λογικὸν
1328 3308 1402 3381 μὴ
1431 3309 1618 3362 ούσιω-

29 3399 118 3462 δὼς
148 3399 318 3469 ἔχειν,
375 3399 452 3462 ὡς
487 3398 790 3470 ἀχώριστον
821 3398 1190 3471 συμϐεϐηκὸς,
1216 3401 1316 3472 τὴν
1349 3397 1617 3471 μακαριό-

29 3507 169 3558 erga.
210 3491 348 3544 Ἐὰν
372 3490 483 3561 γὰρ
511 3489 815 3562 ἀχώριστον
843 3491 942 3562 ἔχῃ
976 3491 1076 3562 τὴν
1115 3491 1495 3563 μακαριότητα
1523 3492 1619 3545 καὶ

28 3586 111 3652 τὴν
141 3581 572 3654 προηγουμένην
591 3579 755 3650 ζωὴν,
774 3581 891 3646 πῶς
915 3581 996 3635 ἐτι
1016 3581 1170 3636 ἐσται
1193 3582 1393 3655 ἀληθὲς
1406 3583 1468 3636 τὸ
1490 3584 1620 3656 περὶ

29 3674 108 3726 τοῦ
138 3674 273 3728 Θεοῦ
299 3673 718 3745 λεγόμενονοιὉ
743 3674 900 3746 μόνος
925 3674 1036 3746 (59)
1057 3675 1197 3746 ἔχων
1223 3674 1556 3742 ἀθανασίαν;
1593 3695 1612 3728 ι

31 3764 133 3836 Xpi;
153 3765 411 3835 μέντοιγε
437 3765 656 3829 εἰδέναι,
680 3765 761 3820 ὅτι
789 3765 913 3819 τινὰ
944 3767 973 3820 ό
1008 3765 1200 3838 Σωτὴρ
1236 3767 1335 3838 οὐχ
1357 3766 1508 3838 αὑτῷ
1544 3761 1618 3820 εῖ-

33 3878 101 3911 ναι
123 3860 254 3931 (60),
287 3858 414 3913 ἀλλ’
440 3857 672 3931 ἑτέροις,
699 3858 822 3912 τινὰ
848 3859 906 3912 δέ
941 3858 1092 3930 αὐτῷ
1121 3859 1218 3914 καὶ
1253 3858 1483 3931 ἐτέροιςο
1521 3859 1619 3930 ζη-

33 3953 202 4021 τητέον
229 3954 289 4008 δέ
322 3952 386 4006 εἴ
403 3967 526 4005 τινα
559 3949 737 4023 ἐαυτῷ
775 3950 868 4004 καὶ
899 3950 1095 4005 οὐδενί.
1131 3949 1328 4020 Σαφῶς
1364 3949 1464 4021 μὲν
1509 3948 1620 4022 γάρ

33 4046 218 4118 ἑτέροις
246 4046 379 4101 ἐστὶ
415 4043 646 4117 ποιμὴν,
673 4044 775 4116 οὐχ
812 4044 888 4109 ὡς
912 4045 961 4099 οἰ
987 4044 1138 4117 παρά
1161 4043 1470 4116 ἀνθρώποις
1497 4059 1610 4097 ποι-

37 4138 177 4208 μένες
203 4140 403 4212 θνησιν
430 4141 497 4192 ἐκ
520 4137 617 4192 τοῦ
640 4137 948 4210 ποιμαίνειν
981 4139 1061 4203 είς
1089 4137 1284 4192 ἐαυτὸν
1303 4135 1618 4208 λαμϐάνων,

37 4234 75 4281 εἰ
99 4232 165 4302 μὴ
188 4233 300 4303 ἄρα
338 4231 444 4304 τὴν
482 4231 592 4285 τῶν
620 4231 1062 4303 ποιμαινομένων
1097 4230 1371 4302 ὠφέλειαν
1407 4229 1495 4284 διά
1534 4247 1624 4300 φι-

39 4323 375 4393 λανθρωπίαν
406 4323 542 4378 ἰδίαν
565 4318 704 4378 εἶναι
733 4323 1026 4392 λογίσαιτο·
1049 4323 1184 4378 ἀλλὰ
1206 4323 1301 4378 καὶ
1330 4321 1449 4386 ὁδός
1473 4323 1621 4376 ἐστιν

1718 3119 2027 3177 viventibus
2053 3120 2221 3176 etiam
2256 3119 2344 3176 his
2368 3121 2461 3191 qui
2499 3136 2686 3176 coram
2723 3122 2834 3180 Deo
2856 3139 2962 3178 non
2988 3123 3308 3193 jnstillcan-

1719 3221 1827 3278 tur,
1860 3219 2260 3280 consequenter
2293 3211 2382 3267 his
2423 3221 2760 3283 apponentes
2791 3231 2808 3268 :
2842 3231 2860 3266 ι
2884 3213 2988 3282 Qui
3021 3215 3170 3272 solus
3206 3214 3308 3270 ha-

1718 3304 1809 3358 bet
1860 3302 2328 3360 immortalitatem
2351 3303 2420 3370 “,
2451 3322 2472 3356 ι
2514 3305 2722 3377 pariter
2752 3307 2916 3362 etiam
2964 3322 3304 3364 assumemus

1717 3410 1841 3466 qua:
1881 3395 2388 3469 subintelliguntur,
2423 3413 2617 3470 nempe
2647 3399 2792 3470 quod
2836 3415 3000 3456 omne
3038 3399 3304 3471 quidquid

1719 3489 1922 3545 dixeris
1971 3490 2205 3546 rationis
2253 3506 2454 3562 capax,
2484 3505 2591 3546 non
2621 3491 2825 3548 habeat
2864 3491 3305 3548 substantialiter

1719 3578 1840 3650 (ceu
1889 3579 2256 3652 inseparabile
2303 3580 2582 3652 accidens)
2624 3581 3043 3639 beatitudinem.
3091 3582 3226 3638 Nam
3253 3582 3302 3639 si

1720 3671 2142 3741 inseparabilem
2195 3672 2393 3729 habeat
2437 3673 2829 3730 beatitudinem
2876 3683 2934 3730 et
2973 3674 3304 3745 pmcipuam

1719 3760 1906 3826 vitam,
1957 3763 2230 3830 quomodo
2277 3776 2466 3818 verum
2503 3763 2616 3819 erit
2649 3763 2782 3819 illud
2813 3765 2955 3834 quod
2983 3765 3050 3820 de
3079 3765 3192 3822 Deo
3217 3765 3303 3821 di-

1719 3851 1864 3907 citur
1896 3868 1910 3906 :
1947 3869 1966 3904 I
1990 3852 2091 3920 Qui
2134 3853 2281 3908 solus
2314 3855 2480 3911 habet
2525 3856 3076 3912 immortalitatem?»
3112 3857 3304 3913 Scien-

1720 3942 1849 3998 dum
1880 3952 1964 4000 est
1991 3953 2236 4000 attamen
2269 3944 2624 4002 Servatorem
2649 3959 2754 4002 non
2788 3961 2910 4001 esse
2935 3944 3041 4001 sibi
3068 3945 3170 4016 ipsi
3202 3943 3306 3999 ali-

1719 4051 1847 4108 qua,
1885 4037 1980 4095 sed
2009 4038 2164 4104 aliis;
2197 4037 2378 4109 aliqua
2417 4052 2549 4094 vero
2587 4047 2643 4094 et
2666 4037 2770 4108 ipsi
2798 4049 2854 4092 et
2896 4037 3038 4092 aliis.
3075 4037 3303 4106 Insuper

1720 4128 2070 4198 quaerendum
2116 4137 2202 4184 est
2248 4144 2320 4184 an
2357 4128 2540 4199 aliqua
2582 4129 2700 4200 ipse
2738 4128 2939 4184 habeat
2963 4143 3084 4199 quae
3124 4127 3304 4184 nullus

1720 4219 1880 4276 alius.
1909 4218 2158 4291 Namque
2201 4219 2379 4290 palam
2419 4221 2540 4276 aliis
2565 4229 2652 4276 est
2700 4229 2931 4291 pastor:
2962 4235 3068 4286 non
3096 4220 3238 4275 sicut
3264 4219 3303 4275 ii

1721 4314 1813 4384 qui
1855 4314 1998 4385 apud
2040 4313 2292 4371 homines
2335 4323 2582 4385 pastores
2630 4324 2780 4380 sunt,
2815 4313 3106 4370 utilitatem
3150 4315 3216 4369 ad
3245 4327 3306 4371 se

39 4420 221 4490 ἑτέροις
273 4419 508 4492 ὁμοίως,
558 4421 654 4474 καὶ
699 4419 862 4491 θύρα,
917 4419 1367 4491 ὁμολογουμένως
1418 4419 1478 4474 δὲ
1526 4420 1617 4476 καὶ

1727 4406 1948 4463 trahens
1995 4420 2064 4462 eo
2109 4408 2253 4476 quod
2301 4417 2510 4478 pascat,
2552 4407 2656 4462 nisi
2702 4406 2842 4463 forte
2867 4421 3057 4463 eorum
3083 4407 3176 4476 qui
3207 4421 3306 4477 pa-

40 4513 228 4580 ρἂδος·
256 4511 448 4583 ἐαυτῷ
475 4511 533 4566 δὲ
565 4511 662 4565 καὶ
693 4513 898 4586 ἑτέροις
933 4512 1116 4582 σοφία,
1146 4511 1287 4583 τάχα
1317 4511 1375 4566 δὲ
1405 4511 1498 4566 καὶ
1522 4512 1612 4566 λό-

38 4619 133 4668 γος.
175 4603 456 4676 Ζητητέον
487 4603 545 4657 δὲ
576 4603 626 4656 εί
659 4607 1001 4676 συστήματος
1051 4603 1422 4679 θεωρημάτων
1463 4604 1614 4670 ὄντος

39 4691 86 4742 ἑν
132 4692 299 4764 αὐτῷ,
351 4690 493 4745 καθὸ
526 4692 688 4761 σοφία
743 4693 910 4757 ἐστὶν,
965 4692 1080 4746 ἐστι
1128 4693 1251 4748 τινὰ
1281 4693 1614 4767 θεωρήματα

40 4784 277 4858 ἀχὼρητα
310 4785 576 4858 ’τῇ-λοιπῇ
618 4786 749 4857 παρ’
778 4785 941 4840 αὑτὸν
982 4788 1214 4859 γεννητῇ
1249 4785 1428 4858 φύσει,
1458 4788 1616 4842 ἅτινα

41 4871 155 4931 οἶδεν
185 4876 398 4948 ἐαυτῷ.
437 4877 546 4930 Καὶ
575 4877 675 4931 οὐκ
713 4875 1073 4942 ἀνεξέταστον
1096 4876 1256 4946 λόγον
1290 4876 1476 4931 ἐατέον
1523 4876 1614 4932 διὰ

41 4970 121 5039 τὴν
133 4970 258 5042 περὶ
270 4967 379 5024 τοῦ
409 4967 564 5039 ἀγίου
592 4967 911 5039 Πνεύματος
932 4967 1236 5022 εὐλάϐειαν
1269 4969 1352 5023 ὅτι
1378 4967 1478 5039 μὲν
1503 4967 1613 5040 γάρ

45 5062 254 5115 nisini:
279 5059 438 5131 αὐτῷ
475 5059 864 5131 μαθητεύεται,
897 5058 1086 5129 σαφῶς
1114 5059 1225 5132 (61)
1255 5061 1320 5114 ἐκ
1337 5058 1430 5114 τοῦ
1457 5059 1612 5129 λεγο-

47 5152 184 5218 μένου
222 5153 362 5225 περὶ
404 5152 763 5224 παρακλήτου
812 5151 908 5206 καὶ
939 5152 1097 5221 ἀγίου
1143 5152 1480 5224 Πνεύματος,
1533 5155 1616 5209 ὅτι

51 5262 64 5290 ι
98 5245 183 5297 Ἐκ
207 5245 304 5298 τοῦ
334 5243 474 5316 ἐμοῦ
504 5243 753 5315 λήψεται,
787 5243 882 5297 καὶ
906 5244 1198 5314 ἀναγγελεῖ
1227 5245 1373 5316 ὑμῖν.
1409 5265 1428 5297 ι
1457 5247 1522 5300 Εἰ
1560 5246 1617 5299 δὲ

53 5335 469 5408 μαθητευόμενον
508 5335 620 5407 (62)
666 5336 843 5390 πάντα
875 5337 1062 5407 χωρεῖ,
1104 5335 1140 5390 ἀ
1170 5337 1490 5401 ἐνατενίζων
1539 5337 1618 5409 τῷ

110 5490 355 5548 "lauit.
380 5507 440 5560 v,
473 5491 563 5548 16.
637 5489 687 5524 ⁸⁸
711 5491 870 5549 Num.
913 5509 1024 5560 xnv,
1049 5493 1140 5549 ‘28.
1215 5495 1259 5526 “
1291 5495 1306 5549 Ι
1333 5494 1474 5550 Tim.
1501 5513 1575 5563 vn,
1611 5495 1701 5554 16.

110 5618 209 5690 (58)
247 5622 618 5694 Ἀπόστολος
657 5625 808 5680 deest
849 5627 900 5681 in
941 5627 1180 5684 editione
1203 5628 1485 5694 llnctiana,
1515 5631 1610 5684 sed

62 5695 328 5746 nstitnitnr
360 5708 392 5748 e
421 5693 621 5747 codice
655 5695 967 5754 Bodleiano.

113 5761 213 5830 (59)
245 5762 803 5840 QodesDodleianus
833 5779 888 5824 et
908 5839 911 5840 ν
935 5768 1267 5825 Barberinus
1299 5781 1446 5826 recte
1472 5771 1501 5824 ὁ
1529 5768 1618 5840 μό-

63 5843 152 5894 νης,
186 5833 325 5890 male
371 5835 543 5891 editio
597 5831 859 5896 Huetiana
904 5839 957 5897 in
1003 5848 1154 5896 textu
1206 5841 1369 5898 habet
1405 5841 1467 5896 οὐ
1515 5831 1615 5912 μό-

65 5915 146 5963 νος.

1722 4508 1949 4556 scantur
2000 4499 2318 4564 utilitatem,
2368 4499 2726 4570 benignitatis
2776 4513 2964 4563 causa,
3019 4498 3302 4569 propriam

1722 4605 1845 4648 esse
1902 4600 2138 4662 reputet.
2189 4590 2331 4658 Quin
2374 4590 2537 4648 etiam
2598 4592 2687 4646 via
2721 4600 2826 4657 est,
2875 4590 2998 4647 aliis
3047 4591 3304 4647 similiter

1721 4685 1890 4740 etiam
1942 4685 2170 4750 ostium,
2194 4682 2310 4754 jam
2341 4683 2509 4738 etiam
2557 4683 2608 4738 in
2650 4682 2904 4740 confesso
2932 4694 3017 4740 est
3043 4683 3188 4753 quod
3231 4681 3306 4738 sit

1721 4779 1889 4832 etiam
1935 4778 2130 4849 virga;
2174 4776 2280 4833 sibi
2316 4791 2447 4832 vero
2489 4776 2588 4847 ipsi
2619 4786 2673 4832 et
2703 4777 2825 4832 aliis
2856 4776 3159 4846 sapientia;
3189 4772 3302 4829 for-

1725 4871 1887 4927 tassis
1915 4871 2080 4927 etiam
2123 4870 2283 4940 λόγος
2327 4869 2404 4942 [id
2454 4879 2538 4925 est
2587 4869 2770 4941 ratio].
2811 4867 3171 4936 Qumrendum
3217 4871 3303 4921 est

1723 4964 1946 5035 insuper
1972 4979 2100 5019 nunt
2135 4978 2206 5020 ex
2233 4966 2296 5020 ea
2325 4963 2675 5019 multitudine
2720 4960 3154 5031 speculationum
3180 4971 3302 5026 qua

1720 5066 1848 5113 sunt
1875 5055 1928 5111 in
1960 5057 2100 5128 ipso,
2133 5056 2187 5111 in
2233 5065 2499 5126 quantum
2533 5054 2799 5124 sapientia
2829 5060 2936 5118 est,
2962 5050 3072 5105 sint
3103 5049 3302 5119 aliqua:

1722 5148 2126 5220 speculationes
2158 5147 2301 5219 apud
2335 5148 2534 5219 ipsum,
2567 5159 2702 5216 quas
2735 5142 2944 5213 reliqua
2981 5151 3176 5197 natura
3201 5156 3300 5210 ge-

1725 5251 1913 5298 nerata
1969 5242 2252 5314 percipere
2327 5250 2567 5310 nequeat
2639 5250 2976 5307 quarumque
3035 5233 3140 5290 sibi
3199 5234 3301 5303 ipsi

1725 5337 2014 5394 scientiam
2057 5345 2323 5394 reservet.
2363 5334 2474 5391 Nec
2529 5331 2900 5388 inexnminata
2946 5327 3300 5401 relinquenda

1755 5495 1824 5529 "'
1849 5495 2013 5552 llebr.
2043 5511 2104 5560 ll,
2131 5496 2186 5552 9.
2256 5493 2340 5548 ⁸³1
2367 5492 2506 5548 Tim.
2535 5506 2609 5560 vr,
2643 5491 2730 5547 16.

1813 5630 1904 5700 60)
1927 5631 2118 5686 Εἶναι.
2154 5629 2463 5702 chundnm
2492 5629 2705 5702 videtur
2729 5627 2867 5684 ἐστί.

1814 5703 1903 5772 Gl)
1937 5703 2164 5772 Σαφῶς.
2205 5700 2346 5768 Lege
2379 5700 2568 5770 σαφές.

1794 5711 1904 5836 (δίς
1937 5711 2164 5772 Σαφῶς.
2206 5711 2346 5768 Lege
2379 5711 2568 5770 σαφές.
3079 5767 3090 5778 ,
3199 5767 3210 5779 .

1794 5774 1884 5844 (62
1934 5772 2096 5828 mea
2135 5773 2788 5848 μαθητεοόμειίοῃεῑε.
2844 5767 2980 5848 Quia
3013 5777 3302 5848 scientiam

1723 5835 2033 5912 ceteraque
2079 5835 2473 5899 munia'hahét
2519 5841 2757 5911 Spiritus
2803 5835 3027 5895 sanctus
3074 5852 3102 5889 a
3137 5835 3299 5912 Filio,

1724 5911 1984 5985 tanquam
2019 5932 2047 5971 a
2077 5914 2438 5985 processionis
2462 5913 2749 5985 principio,
2779 5919 3051 5979 utcunque
3090 5911 3304 5963 ratione
