3856 6534
554 382 660 439 M7

1984 377 2322 436 ORIGENIS'
3698 395 3775 450 με

552 509 638 556 εει
661 498 835 554 oratio
862 506 1084 570 propter
1109 497 1344 569 Spiritus
1366 497 1540 554 sancti
1570 495 1927 553 reverentiam
1957 513 1972 551 :
1998 512 2122 552 nam

2232 495 2404 568 lla-:91
2457 496 2761 567 ἀρχόμενος
2807 497 2838 551 6
2881 494 3009 562 Υἱὸς
3065 497 3342 567 γινώσκει,
3393 497 3779 572 ἐπιμελέστερον

551 591 696 664 quod
745 590 907 646 etiam
946 589 1058 662 ipse
1117 589 1184 646 ab
1233 588 1327 645 illo
1384 589 1701 654 edoceatur,
1735 586 1903 656 liquet
1954 601 2025 642 ex
2056 601 2123 642 eo

549 682 695 754 quod
724 683 793 738 de
825 681 1100 752 paraclelo
1123 689 1180 736 et
1212 687 1404 735 sancto
1436 677 1642 749 Spiritu
1679 675 1881 731 dicitur
1899 673 1944 708 “
1973 693 1991 729 ι
2015 673 2124 730 «De

549 788 672 828 meo
696 772 946 843 accipiet,
981 780 1035 826 et
1055 768 1402 825 annuntiabit
1426 769 1621 834 vobis;
1650 786 1669 820 ι
1692 769 1786 824 sed
1811 766 2126 836 diligentius

550 863 934 934 inquirendum
965 871 1051 918 εει
1075 878 1145 916 an
1166 877 1288 917 eum
1319 861 1548 917 docetur
1576 859 1757 916 omnia
1783 857 1984 928 capiat,
2016 857 2124 928 72

549 972 672 1025 qua:
711 956 902 1013 deﬁxis
931 955 984 1010 in
1022 953 1238 1010 Patrem
1282 952 1454 1009 oculis
1484 967 1514 1006 a
1543 949 1810 1024 principio
1855 949 2125 1006 exsistens

550 1048 723 1104 Filius
753 1047 1023 1120 agnoscit.
1055 1045 1111 1102 Si
1135 1060 1267 1117 ergo
1302 1044 1563 1101 Servator
1593 1042 1771 1113 aliqua
1796 1040 2016 1112 quidem
2043 1049 2126 1099 est

551 1143 695 1210 aliis,
725 1141 907 1212 aliqua
942 1154 1074 1196 vero
1099 1137 1325 1195 forsitan
1353 1137 1457 1194 sibi
1498 1135 1623 1206 ipsi,
1655 1149 1828 1205 eaque
1853 1133 1938 1189 vel
1968 1133 2123 1200 nulli,

548 1234 636 1290 vel
685 1234 800 1298 uni,
835 1231 923 1289 vel
972 1231 1179 1303 paucis,
1214 1229 1641 1285 examinandum
1672 1235 1756 1283 est
1789 1234 1969 1283 utrum
1999 1224 2127 1282 Ser-

548 1337 723 1390 valor,
755 1335 1023 1397 quatenus
1049 1331 1134 1378 est.
1173 1323 1280 1378 vita
1323 1322 1409 1377 illa
1461 1335 1581 1390 quae
1619 1318 1760 1376 facta
1797 1327 1883 1376 est
1911 1319 1964 1374 in
2001 1317 2128 1374 Ser-

546 1433 732 1485 mone,
784 1419 888 1474 sibi
933 1417 1037 1487 ipsi
1091 1425 1147 1472 et
1198 1416 1316 1471 aliis
1369 1415 1440 1471 sit
1485 1414 1616 1479 vita,
1661 1428 1728 1468 an
1773 1411 1934 1476 aliis;
1987 1420 2042 1464 et
2081 1412 2124 1465 si

547 1511 691 1574 aliis.
721 1509 919 1581 quibus
945 1509 1088 1566 aliis.
1119 1507 1481 1576 Quamobrem
1526 1506 1572 1562 si
1603 1506 1713 1561 vita
1757 1513 1814 1562 et
1836 1503 1926 1559 lux
1953 1503 2128 1558 homi-

550 1620 682 1658 num
712 1603 853 1658 idem
892 1611 1042 1667 sunt,
1069 1601 1246 1671 inquit
1273 1599 1420 1654 enim
1451 1616 1466 1652 :
1501 1617 1520 1652 ι
1543 1596 1696 1664 Quod
1725 1596 1929 1654 factum
1955 1604 2040 1652 est
2074 1596 2124 1650 in

549 1694 670 1763 ipso
703 1693 809 1747 vita
854 1702 997 1758 erat,
1037 1700 1092 1748 et
1119 1692 1228 1746 vita
1267 1689 1359 1746 illa
1397 1698 1517 1746 erat
1556 1689 1645 1744 lux
1692 1688 1975 1744 hominum
1993 1688 2062 1756 “,
2101 1706 2122 1740 ι

2227 585 2504 658 ζητητέον.
2539 588 2602 640 Et
2623 588 2801 641 τοίνυν
2825 590 2856 642 6
2879 588 3068 662 Σωτὴρ
3095 589 3132 644 6.
3161 589 3261 661 μέν
3290 606 3413 645 τινα
3438 591 3667 664 ἑτέροις,
3687 596 3780 647 τινὰ

2224 679 2281 732 δὲ
2304 680 2442 751 τάχα
2464 679 2565 734 ποῦ
2589 680 2758 752 αὐτῷ,
2790 683 2938 756 καὶῆ
2965 682 3159 748 οὐδενὶ,
3181 683 3220 756 ἣ
3245 681 3402 756 ένιῆ
3429 685 3650 755 ὀλίγοις,
3673 687 3781 741 καθὸ

2226 767 2341 842 ζωή
2372 771 2518 824 ἐστιν
2535 771 2854 844 ἠγενομένη
2877 774 2935 826 ὲν
2959 772 3038 844 τῷ
3061 773 3238 845 Λόγῳ,
3265 773 3619 846 βασανιστέον
3651 777 3782 831 πότε-

2229 879 2321 934 ρον
2354 862 2504 934 αὐτῷ
2524 863 2618 916 καὶ
2641 864 2847 936 ἑτέροις
2873 865 2985 936 ζωή
3021 866 3190 933 ἐστιν,
3226 866 3259 938 ἢ
3294 866 3528 939 ἑτέροις,
3567 869 3662 922 καὶ
3689 869 3783 922 te.

2231 969 2342 1022 ροις
2362 954 2472 1007 τισὶ
2492 953 2720 1019 τούτοις.
2758 956 2821 1010 Et
2845 955 2915 1027 δὴ
2935 957 3132 1012 ταύτόν
3152 959 3268 1013 ἐστι
3293 957 3405 1032 ζωὴ
3435 959 3530 1014 καὶ
3565 960 3680 1030 φῶς
3696 960 3784 1013 τῶν

2226 1041 2549 1114 ἀνθρώπων,
2589 1045 2727 1116 φησὶ
2756 1046 2884 1118 γάρ’
2912 1065 2931 1098 ι
2965 1049 3076 1102 Καὶ
3103 1048 3132 1102 6
3172 1050 3395 1120 γέγονεν
3429 1053 3490 1105 ὲν
3517 1051 3670 1124 αὐτῷ
3692 1052 3787 1123 ζωὴ

2225 1128 2314 1205 ἦν,
2334 1135 2428 1189 καὶ
2449 1134 2560 1209 ζωὴ
2578 1131 2647 1209 ἦν
2674 1137 2735 1190 τὸ
2757 1137 2871 1209 φῶς
2891 1138 3000 1213 τῶν
3015 1140 3333 1211 ἀνθρώπων
3357 1164 3375 1196 ι
3395 1143 3456 1198 τὸ
3483 1144 3544 1198 δὲ
3565 1145 3682 1215 φῶς
3697 1145 3788 1199 τῶν

2227 1223 2528 1298 ἀνθρώπων
2547 1229 2708 1283 τινῶν
2740 1231 2858 1284 ὲστι
2880 1230 3018 1300 φῶς,
3051 1233 3325 1288 καὶτοῦτο
3356 1235 3416 1288 οὐ
3449 1236 3674 1291 πάντων
3699 1236 3790 1291 τῶν

2227 1316 2481 1386 λογικῶν,
2499 1318 2623 1374 ὅσον
2639 1320 2730 1372 ἐπὶ
2751 1320 2815 1374 τὸ
2830 1320 3044 1376 κεῖσθαι
3065 1323 3151 1389 τὸ,
3171 1324 3518 1394 ἀνθρώπων,
3540 1326 3679 1380 ἀλλᾶ
3701 1328 3790 1380 τῶν

2227 1409 2527 1482 ἀνθρώπων
2553 1413 2671 1468 ἐστὶ
2703 1413 2838 1484 φῶςο
2871 1416 2954 1489 εἴη
2989 1416 3054 1470 ἂν
3097 1417 3193 1472 καὶ
3221 1415 3334 1491 ζωὴ
3368 1418 3693 1490 ἀνθρώπων,
3731 1414 3791 1474 ὧν

2227 1502 2322 1556 καὶ
2352 1501 2466 1572 φῶς
2488 1503 2624 1557 ἐστι·
2651 1493 2767 1559 και
2785 1507 2919 1560 καθὸ
2953 1507 3087 1580 ζωὴ,
3113 1508 3322 1579 λέγοιτο
3351 1509 3416 1564 ἃν
3445 1513 3475 1564 6
3497 1511 3690 1585 Σωτὴρ
3713 1513 3791 1582 οὐχ

2227 1594 2396 1667 αὐτῷ,
2426 1597 2560 1653 ἀλλὰ
2574 1598 2782 1672 ἑτέροις
2814 1597 2954 1656 εἶναι
2977 1601 3113 1675 ζωὴ,
3135 1596 3211 1658 ὧν
3237 1605 3356 1657 ἐστι
3376 1605 3470 1658 καὶ
3511 1604 3648 1676 φῶς.
3669 1605 3794 1676 Λύτη

2226 1689 2282 1742 δὲ
2322 1692 2358 1762 ἡ
2385 1692 2498 1766 ζωὴ
2531 1692 2608 1765 τῷ
2644 1693 2787 1766 λόγῳ
2817 1696 3118 1766 ἐπιγίνεται
3146 1696 3448 1770 ἀχώριστος
3482 1698 3652 1752 αὐτοῦ
3681 1702 3779 1771 μετῖ

549 1798 604 1844 ει
650 1787 738 1842 lux
780 1789 1063 1844 hominum
1113 1786 1424 1856 aliquorum
1465 1793 1550 1840 est
1582 1784 1697 1850 lux,
1752 1791 1806 1839 et
1860 1783 1978 1839 haec
2012 1799 2120 1839 non

2232 1785 2290 1838 τὸ
2327 1785 2673 1854 ἐπιγενέσθαι
2719 1786 3080 1858 τυγχάνουσα’
3120 1788 3278 1859 λόγον
3310 1789 3422 1863 γὰρ
3465 1791 3796 1864 προϋπάρξαι

548 1881 791 1936 omnium
830 1881 922 1953 qui
974 1853 1340 1936 rationis—sint
1367 1891 1624 1950 capaces,
1653 1885 1944 1949 propterea
1974 1876 2120 1946 quod

2232 1875 2320 1928 τὸν
2347 1853 2676 1948 καθαίροντα
2719 1853 3022 1949 τὴνιίιυχὴν
3055 1879 3112 1932 ὲν
3236 1853 3522 1950 ψυχῇύεῖξ
3541 1879 3633 1934 ἵνα
3681 1853 3798 1949 pars

548 1973 727 2028 addita
761 1973 830 2028 sit
858 1973 1046 2028 vocula
1077 1972 1370 2039 hominum,
1423 1971 1520 2028 sed
1570 1969 1852 2026 hominum
1895 1976 1978 2024 est
2008 1967 2121 2034 lux,

548 2066 652 2120 vita
686 2066 791 2122 erit
821 2067 985 2122 etiam
1036 2067 1338 2134 hominum,
1387 2079 1618 2136 quorum
1671 2062 1833 2119 etiam
1867 2061 1960 2116 lux
1988 2073 2072 2118 est
2106 2078 2121 2113 :

547 2163 598 2208 et
632 2152 686 2208 in
735 2165 996 2223 quantum
1027 2164 1111 2210 est
1146 2154 1276 2222 vita,
1327 2154 1432 2210 dici
1478 2162 1656 2226 potest
1705 2151 1967 2209 Servator
2013 2167 2121 2209 non

547 2244 644 2299 sibi
679 2246 802 2314 ipsi,
830 2247 927 2300 sed
981 2245 1103 2300 aliis
1129 2245 1262 2312 vita,
1294 2259 1524 2316 quorum
1555 2253 1639 2300 est
1663 2244 1828 2300 etiam
1853 2243 1966 2301 lux.
1997 2243 2124 2301 llaec

2229 1967 2418 2023 τοῦτον
2453 1968 2550 2023 καὶ
2562 1970 2660 2040 τὴν
2689 1971 2782 2024 ἀπ’
2803 1970 2968 2024 αὐτοῦ
3011 1970 3302 2043 κάθαρσιν,
3323 1973 3504 2043 πάσης
3534 1987 3797 2044 περιαιρε-

2230 2058 2416 2132 θείοης
2448 2061 2773 2133 νεκρότητος
2811 2063 2905 2117 καὶ
2941 2063 3245 2130 ἀσθενείας,
3278 2066 3313 2137 ἡ
3351 2065 3665 2137 ἀκραιφνὴς
3705 2063 3802 2134 ζωὴ

2231 2152 2522 2225 ἐγγένηται
2549 2153 2702 2226 παρὰ
2721 2155 2882 2209 παντὶ
2895 2155 2973 2228 τῷ
2997 2156 3092 2211 τοῦ
3123 2157 3319 2228 Λόγου,
3336 2157 3472 2212 καθὸ
3497 2157 3633 2221 Θεός
3649 2158 3798 2217 ἐστιν,

2229 2246 2392 2301 αὐτὸν
2426 2249 2710 2321 ποιήσαντι
2736 2247 3065 2321 χωρητικόν.

548 2353 676 2393 sane
724 2339 830 2394 vita
884 2341 934 2393 in
966 2339 1124 2410 Λόγῳ
1157 2337 1285 2411 [Ιιοε
1327 2348 1412 2394 εει
1460 2341 1514 2394 in
1558 2337 1654 2394 Dei
1688 2335 1856 2411 Filio]
1899 2337 1959 2394 fit
1998 2338 2392 2411 inseparabilis
2443 2341 2513 2398 ab
2566 2343 2683 2413 ipso
2734 2342 3027 2410 exsistens,
3075 2343 3238 2399 simul
3287 2354 3451 2415 atque
3498 2342 3645 2398 facta
3702 2340 3802 2394 fue-

548 2431 654 2498 rit;
686 2431 1029 2500 praeexsistat
1053 2431 1200 2487 enim
1231 2431 1387 2501 λόγος
1419 2430 1496 2502 [id
1524 2440 1610 2488 est
1641 2445 1847 2500 sermo,
1887 2431 2004 2488 sive
2039 2432 2224 2508 ratio,]
2259 2434 2310 2490 in
2344 2435 2524 2491 anima
2567 2448 2814 2507 oportet,
2870 2440 2963 2509 qui
3016 2439 3192 2510 ipsam
3233 2445 3538 2508 expurget,
3583 2445 3646 2491 ιιι
3702 2442 3804 2504 post

547 2528 710 2593 hunc,
757 2534 812 2582 et
863 2525 932 2581 ab
971 2526 1088 2597 ipso
1124 2526 1538 2597 provenientem
1585 2527 1987 2599 purgationem,
2025 2529 2173 2584 omni
2224 2544 2446 2599 prorsus
2495 2531 2673 2588 ablata
2736 2533 3158 2590 mortificatione
3206 2541 3262 2588 et
3317 2529 3806 2597 infirmitate,pura

547 2621 867 2692 sinceraque
895 2621 1004 2677 vita
1040 2621 1391 2692 ingeneretur
1416 2620 1558 2693 apud
1584 2635 1802 2677 omnem
1827 2621 1921 2691 qui
1952 2621 2141 2678 fecerit
2165 2624 2400 2696 seipsum
2429 2640 2683 2695 capacem
2714 2626 3015 2692 Sermonis,
3040 2628 3091 2680 in
3115 2635 3372 2696 quantum
3399 2621 3542 2676 Deus
3570 2633 3678 2676 est.

616 2717 706 2771 15.
747 2717 1016 2772 Caeterum
1069 2718 1176 2772 duo
1220 2715 1536 2787 singulatim
1587 2713 1928 2772 observanda
1971 2724 2120 2784 sunt,

546 2805 960 2878 diﬂ‘erentiaque
1013 2821 1202 2862 eorum
1265 2814 1524 2863 accurate
1575 2805 2122 2877 examinanda:pri-

543 2914 694 2955 mum
726 2899 946 2971 quidem
983 2919 996 2954 :
1034 2899 1205 2969 Λόγος
1238 2897 1314 2971 [id
1338 2906 1421 2954 est
1461 2896 1788 2970 SermoJ-est
1823 2897 1873 2953 in
1913 2897 2122 2968 princi-

545 2993 667 3063 pio;
695 2992 892 3048 deinde
920 2991 1065 3062 quod
1098 2993 1209 3047 vita
1240 2992 1294 3046 in
1321 2989 1607 3047 Sermone.
1640 2989 1749 3047 Sed
1775 2989 1972 3047 Sermo
1998 2991 2121 3062 qui-

545 3087 666 3140 dem
711 3084 764 3138 in
821 3084 1090 3154 principio
1154 3099 1260 3139 non
1299 3092 1384 3139 est
1439 3082 1614 3139 factus
1647 3100 1663 3136 :
1698 3097 1799 3139 nec
1823 3087 1969 3139 enim
1993 3083 2117 3148 fuit,

545 3176 763 3246 quando
790 3176 1113 3247 principium
1154 3175 1317 3231 fuerit
1368 3177 1572 3245 absque
1609 3174 1875 3232 Sermone
1926 3184 1983 3231 et
2043 3192 2128 3230 ra—

545 3271 714 3337 tione,
740 3283 904 3341 quam
933 3269 1002 3325 ob
1031 3283 1254 3324 causam
1303 3268 1505 3323 dicitur
1532 3285 1545 3321 :
1579 3285 1598 3320 ι
1623 3267 1676 3322 In
1706 3267 1980 3338 principio
2003 3265 2130 3323 Ser-

546 3379 636 3419 mo
662 3364 865 3419 erat“.
899 3381 917 3415 ι
952 3367 1022 3421 At
1050 3378 1180 3418 vero
1223 3363 1332 3417 vita
1364 3363 1416 3417 in
1447 3363 1605 3435 Λόγῳ
1637 3361 1715 3435 [id
1738 3372 1820 3420 est
1841 3362 2129 3436 Sermone]

547 3473 654 3512 non
685 3467 824 3524 erat,
857 3459 951 3512 sed
999 3457 1143 3512 facta
1172 3467 1276 3525 est,
1313 3456 1753 3527 quandoquidem
1787 3458 1896 3513 vita
1928 3467 2011 3512 est
2039 3456 2128 3510 lux

547 3547 857 3613 hominum;
882 3564 1004 3603 cum
1028 3548 1172 3604 enim
1199 3548 1362 3603 homo
1387 3547 1620 3602 nondum
1650 3557 1814 3617 esset,
1844 3563 2018 3619 neque
2038 3547 2128 3602 lux

549 3639 832 3695 hominum
859 3649 1001 3706 erat,
1044 3640 1392 3696 considerata
1422 3638 1544 3695 luce
1570 3638 2017 3712 homiuumjuxta
2047 3655 2131 3695 re-

548 3729 805 3786 lationem
836 3733 902 3787 ad
923 3732 1188 3788 homines.
1221 3733 1487 3788 Caeterum
1513 3748 1672 3789 nemo
1699 3748 1798 3788 nos
1829 3743 2018 3804 urgeat
2045 3748 2130 3785 ra-

549 3833 636 3878 tus
666 3839 764 3880 nos
789 3825 903 3880 haec
932 3825 1301 3896 temporaliter
1316 3829 1624 3890 enuntiare,
1643 3826 1835 3882 ordine
1854 3825 2125 3895 exigente,

548 3916 804 3985 primmn,
853 3927 909 3973 et
960 3921 1282 3985 secundum,
1314 3929 1370 3975 et
1398 3935 1518 3992 qua:
1560 3920 1845 3988 deinceps,
1909 3917 2127 3972 etiamsi

548 4017 766 4076 tempus
804 4025 909 4062 non
941 4009 1272 4076 inveniatur,
1311 4009 1530 4079 quando
1564 4009 1835 4063 ternarius
1866 4022 2126 4061 numerus

548 4109 640 4153 aut
658 4110 884 4169 quartus
905 4102 1326 4171 haudquaquam
1348 4117 1376 4155 a
1392 4114 1644 4158 sermone
1657 4098 1922 4155 substrati
1947 4109 2123 4153 erant.

554 4190 624 4246 Ut
651 4191 814 4262 igitur
849 4209 867 4243 ι
898 4193 1080 4248 omnia
1111 4210 1206 4263 per
1235 4197 1407 4260 ipsum
1445 4193 1586 4248 facta
1610 4200 1758 4255 sunt,
1803 4210 1822 4244 ι
1858 4205 1964 4246 non
2009 4205 2129 4244 om-

549 4282 641 4337 nia
673 4299 770 4352 per
797 4284 975 4355 ipsum
1005 4287 1182 4350 erant,
1218 4304 1236 4336 ι
1265 4294 1320 4340 ει
1347 4285 1464 4341 sine
1500 4286 1616 4354 ipso
1665 4284 1866 4338 factum
1914 4289 1997 4336 est
2041 4281 2124 4335 ni-

553 4373 647 4438 hil,
674 4393 694 4428 ι
731 4389 835 4430 non
881 4376 998 4430 sine
1037 4376 1153 4446 ipso
1190 4386 1311 4431 erat
1347 4377 1515 4441 nihil;
1549 4376 1629 4431 sic
1686 4373 1869 4444 «quod
1922 4371 2125 4428 factum

2299 2718 2578 2791 Τηρητέον
2618 2719 2675 2773 δὲ
2715 2719 2783 2774 τὰ
2833 2719 2927 2773 δύο
2964 2719 3042 2786 ἓν,
3090 2719 3185 2774 καὶ
3215 2717 3314 2791 τὴν
3346 2714 3614 2788 διαφοράν
3643 2712 3812 2767 αὐτῶν

2225 2810 2561 2877 ἐξεταστέον·
2600 2812 2818 2884 πρῶτον
2853 2812 2951 2884 μὲν
2980 2812 3091 2884 γὰρ
3118 2812 3176 2865 ὲν
3208 2809 3306 2882 τῷ
3341 2808 3514 2877 Λόγος
3553 2808 3612 2861 ἐν
3655 2805 3808 2876 ἀρχῇ·

2224 2906 2476 2979 δεύτερον
2508 2905 2566 2960 δὲ
2589 2907 2646 2958 ὲν
2671 2904 2768 2976 τῷ·
2801 2903 2914 2977 ζωὴ
2948 2906 3006 2959 ὲν
3027 2904 3204 2976 Λόγῳ.
3246 2901 3405 2955 Ἀλλὰ
3437 2900 3610 2970 Λόγος
3640 2900 3740 2971 μὲν
3762 2901 3814 2951 ὲν

2227 3000 2369 3071 ἀρχῇ
2405 2999 2506 3052 οὐκ
2538 2997 2774 3067 ἐγένετο,
2811 2997 2911 3050 οὐκ
2940 2992 3008 3068 ἦν
3033 2996 3142 3069 γὰρ
3163 2996 3302 3066 ὅτεὴ
3326 2991 3469 3065 ἀρχὴ
3496 2992 3697 3060 ἄλογος
3732 2986 3814 3062 ἦν,

2229 3091 2309 3144 διὸ
2333 3091 2571 3160 λέγεται’
2597 3109 2615 3142 ι
2668 3091 2756 3144 Ἐν
2788 3091 2929 3161 ἀρχῇ
2960 3085 3030 3161 ἦν
3069 3090 3097 3142 ὁ
3133 3088 3324 3157 Λόγος·
3363 3105 3382 3137 ι
3420 3085 3534 3156 ζωὴ
3565 3085 3624 3139 δὲ
3655 3087 3714 3138 ὲν
3748 3083 3816 3152 τῷ

2233 3183 2391 3256 Λόγῳ
2431 3184 2531 3237 οὐκ
2558 3178 2647 3254 ἦν,
2690 3181 2829 3236 ἀλλὰ
2869 3180 2985 3254 ζωὴ
3016 3181 3256 3250 ἐγένετο,
3283 3178 3336 3232 εἴ
3362 3195 3425 3248 γε
3455 3177 3569 3248 ζωή
3603 3179 3724 3231 ἐστι
3762 3175 3819 3227 τὸ

2233 3271 2350 3341 φῶς
2377 3272 2486 3326 τῶν
2517 3269 2842 3344 ἀνθρώπων.
2880 3273 3010 3324 Ὅτε
3026 3270 3137 3341 γὰρ
3155 3269 3366 3323 οὐδέπω
3394 3267 3689 3339 ἄνθρωπος
3733 3264 3817 3338 ἦν,

2232 3362 2350 3416 οὐδὲ
2390 3362 2507 3434 φῶς
2547 3363 2654 3417 τῶν
2687 3362 2989 3436 ἀνθρώπων
3012 3357 3102 3434 ἦν,
3135 3361 3230 3414 τοῦ
3254 3359 3430 3431 φωτὸς
3464 3358 3576 3412 τῶν
3610 3358 3821 3430 ἀνθρώ-

2232 3471 2350 3509 πων
2378 3455 2519 3510 κατὰ
2542 3455 2641 3528 τὴν
2663 3455 2798 3528 πρὸς
2812 3453 3133 3529 ἀνθρώπους
3153 3453 3336 3524 σχέσιν
3359 3452 3678 3520 νοουμένου.
3706 3455 3822 3522 Μη-

2231 3551 2341 3615 δεὶς
2357 3550 2401 3604 δ’
2427 3552 2578 3623 ἡμᾶς
2600 3549 2846 3615 θλιϐέτω,
2877 3549 3144 3620 χρονικῶς
3171 3545 3411 3616 οἰόμενος
3436 3544 3609 3598 ταῦτα
3643 3546 3824 3613 ἀπαγ-

2231 3640 2462 3711 γέλλειν,
2495 3641 2592 3711 τῆς
2633 3638 2843 3706 τάξεως
2874 3639 2934 3692 τὸ
2977 3636 3192 3710 πρῶτον
3227 3635 3406 3691 καὶτὸ
3434 3635 3696 3706 δεύτερον
3732 3636 3829 3689 καὶ

2230 3734 2299 3788 τά
2329 3732 2530 3804 ἐφεξῆς
2574 3730 2930 3802 ἀπαιτούσης,
2965 3729 3068 3783 κᾶν
3121 3728 3310 3800 χρόνος
3359 3726 3434 3800 μὴ
3471 3727 3824 3798 εὑρίσκηται.

2231 3828 2320 3882 ὅτε
2342 3828 2412 3882 τὰ
2436 3824 2542 3894 ὑπὸ
2585 3824 2679 3879 τοῦ
2709 3824 2884 3893 Λόγου
2925 3821 3336 3892 ὐποδαλλόμενα
3365 3818 3548 3892 τρίτα,
3598 3818 3703 3873 καὶ
3738 3817 3829 3872 τὲ-

2230 3938 2404 3993 ταρτα
2418 3918 2669 3990 οὐδαμῶς
2684 3912 2772 3989 ἦν.
2814 3918 2912 3970 Ὃν
2942 3915 3142 3988 τρόπον
3157 3915 3336 3969 τοίνυν
3359 3934 3377 3965 ι
3413 3911 3595 3966 πάντα
3616 3911 3692 3966 δι’
3725 3913 3829 3966 αὐ-

2229 4014 2324 4066 τοῦ
2365 4011 2601 4081 ἐγένετο,
2637 4030 2655 4062 ι
2691 4009 2786 4064 καὶ
2837 4009 2959 4080 οὐχὶ
2999 4008 3178 4063 πάντα
3211 4007 3280 4061 δι’
3324 4003 3490 4060 αὐτοῦ
3539 3999 3637 4074 ἦν,
3675 4021 3696 4055 ι
3733 4005 3830 4074 καὶ

2231 4104 2400 4176 χωρὶς
2443 4104 2610 4157 αὐτοῦ
2651 4103 2868 4173 ἐγένετο
2891 4101 3013 4156 οὐδὲ
3052 4100 3131 4164 ἒν,
3165 4119 3185 4152 ι
3219 4097 3340 4170 οὐχὶ
3365 4097 3419 4150 δὲ
3442 4096 3615 4168 χωρὶς
3657 4094 3830 4150 αὐτοῦ

2229 4190 2298 4266 ἦν
2329 4192 2439 4265 (65)
2476 4195 2598 4248 οὐδὲ
2631 4194 2710 4247 ἓν·
2737 4193 2911 4257 οὕτως
2938 4213 2956 4245 ι
2990 4191 3019 4246 6
3049 4191 3271 4261 γέγονεν
3292 4189 3349 4242 ὲν
3381 4186 3552 4258 αὐτῷ,
3588 4205 3606 4237 ι
3638 4188 3769 4257 οὐχὶ
3805 4184 3830 4238 6

2228 4281 2298 4358 ἦν
2321 4288 2380 4342 ὲν
2403 4285 2573 4357 αὐτῷ,
2603 4306 2620 4336 ι
2659 4284 2772 4356 ζωὴ
2813 4278 2902 4355 ἦν.
2934 4302 2953 4334 ι
2987 4281 3096 4335 Kal.
3119 4279 3280 4334 πάλιν
3301 4277 3418 4348 οὐχὶ
3446 4275 3475 4329 6
3504 4274 3737 4343 ἐγένετο
3775 4276 3830 4325 ὲν

2230 4380 2394 4451 ἀρχῇ,
2421 4380 2450 4433 6
2486 4377 2656 4446 Λόγος
2682 4371 2771 4448 ἦν,
2797 4374 2933 4430 ἀλλὰ
2959 4373 2988 4428 6
3010 4367 3079 4444 ἦν
3108 4373 3165 4424 ὲν
3186 4371 3350 4442 ἀρχῇ,
3371 4366 3540 4436 Λόγος
3566 4361 3660 4437 ἦν.
3693 4367 3830 4420 Τινᾶ

553 4468 714 4523 estin
751 4469 886 4537 ipso,
916 4487 936 4520 ι
971 4484 1076 4523 non
1122 4471 1267 4540 quod
1299 4479 1418 4526 erat
1470 4474 1523 4525 in
1579 4468 1717 4540 ipso,
1747 4466 1898 4524 «vita
1929 4476 2068 4522 erat.
2101 4485 2120 4518 ι

2235 4472 2484 4545 μέντοιγε
2516 4468 2626 4524 τῶν
2652 4467 3002 4538 ἀντιγράφων
3031 4465 3166 4536 ἔχει,
3200 4463 3296 4517 καὶ
3321 4461 3460 4531 τάχα
3488 4459 3590 4513 οὐκ
3621 4460 3830 4514 ἀπιθάα

555 4559 620 4615 Ει
655 4577 845 4617 rursus
875 4577 982 4617 non
1018 4564 1158 4632 quod
1189 4564 1391 4620 factum
1419 4572 1504 4619 est
1528 4563 1580 4618 in
1612 4562 1901 4634 principio,
1927 4559 2124 4618 Sermo

553 4663 693 4722 erat,
719 4653 812 4710 sed
843 4655 988 4724 quod
1013 4665 1133 4710 erat
1162 4655 1213 4710 in
1246 4655 1534 4727 principio,
1577 4654 1769 4711 Sermo
1797 4661 1938 4709 erat.
1971 4652 2130 4721 Quat-

553 4746 675 4801 dam
713 4755 892 4803 tamen
920 4747 1277 4818 exemplaria,
1310 4757 1366 4804 et
1393 4748 1640 4805 fortassis
1665 4763 1770 4804 non
1799 4745 2132 4814 improbabi-

553 4836 695 4906 liter,
724 4838 924 4895 habent
952 4855 966 4892 :
1007 4858 1025 4892 ι
1055 4838 1212 4906 Quod
1245 4840 1446 4896 factum
1478 4847 1583 4906 est,
1613 4840 1666 4894 iu
1697 4839 1820 4910 ipso
1854 4839 1962 4893 vita
1990 4845 2125 4892 εει.»

554 4927 709 4994 Quod
735 4930 784 4984 si
817 4931 927 4986 vita
968 4931 1112 4988 idem
1155 4943 1244 4986 est
1292 4947 1414 4986 cum
1446 4930 1564 4986 luce
1611 4931 1918 4999 hominum,
1949 4928 2132 4984 nullus

555 5021 650 5087 qui
685 5021 756 5076 sit
787 5023 838 5078 in
872 5025 1116 5080 tenebris
1145 5023 1299 5091 vivit,
1333 5039 1434 5079 nec
1462 5023 1604 5077 ullus
1625 5023 1924 5078 viventium
1961 5020 2128 5076 estin

556 5112 818 5180 tenebris,
861 5130 983 5170 cum
1011 5116 1190 5172 omnis
1233 5117 1328 5186 qui
1353 5115 1499 5179 vivit,
1540 5117 1584 5170 is
1615 5116 1779 5170 etiam
1812 5117 1882 5172 sit
1907 5116 1960 5170 in
1986 5117 2127 5186 luce,

2233 4581 2358 4629 νως·
2392 4582 2410 4614 ι
2457 4564 2522 4616 Ὃ
2557 4562 2802 4632 γέγονεν,
2845 4562 2902 4614 ὲν
2928 4557 3078 4629 αὐτῷ
3107 4556 3218 4627 ζωή
3259 4557 3426 4608 ἐστιν.
3458 4573 3475 4603 ι
3510 4553 3575 4604 Εἰ
3606 4550 3670 4604 δὲ
3716 4552 3830 4622 ζωὴ

2234 4657 2430 4711 ταύτόν
2461 4657 2577 4709 ἐστι
2601 4653 2681 4725 τῷ
2707 4653 2816 4707 τῶν
2841 4651 3143 4724 ἀνθρώπων
3167 4648 3325 4719 φωτὶ,
3355 4645 3530 4709 οὐδεὶς
3552 4647 3613 4699 ὲν
3647 4647 3830 4714 σκότῳ

2234 4749 2517 4820 τυγχάνων
2544 4747 2632 4819 ζῇ,
2651 4747 2746 4800 καὶ
2775 4744 2948 4808 οὐδεὶς
2967 4742 3076 4796 τῶν
3102 4739 3318 4808 ζώντων
3349 4740 3405 4792 ὲν
3433 4737 3613 4808 σκότῳ
3651 4738 3830 4791 ἐστίν.

2249 4841 2410 4895 Ἀλλὰ
2443 4842 2550 4904 πᾶς
2584 4844 2612 4894 ὁ
2636 4837 2742 4903 ζῶν
2768 4838 2861 4892 καὶ
2891 4838 2947 4890 ὲν
2975 4835 3116 4904 φωτὶ
3145 4832 3402 4903 ὑπάρχει,
3437 4829 3530 4884 καὶ
3562 4830 3680 4893 πᾶς
3708 4831 3739 4883 6
3778 4832 3830 4883 tv

2236 4933 2374 5002 (pth
2408 4931 2667 5002 ὑπάρχων
2697 4929 2784 5001 ζῇ’
2820 4927 2958 4982 ὥστε
2992 4927 3153 4998 μόνον
3189 4925 3282 4979 τὸν
3310 4922 3484 4989 ζῶντα
3507 4922 3606 4974 καὶ
3641 4923 3830 4976 πάντα

2238 5019 2378 5077 εἶναι
2413 5021 2589 5091 φωτὸς
2622 5019 2752 5074 υἱόν·
2780 5018 2957 5090 φωτὸς
2991 5018 3049 5072 δὲ
3081 5017 3216 5081 υἱὸς,
3251 5007 3312 5069 οὗ
3341 5013 3546 5085 λάμπει
3589 5011 3668 5067 τὰ
3694 5015 3830 5085 ἔργα

2237 5113 2544 5187 ἔμπροσθεν
2571 5112 2680 5166 τῶν
2708 5108 3029 5182 ἀνθρώπων.

558 5214 612 5258 ει
641 5206 820 5259 omnis
844 5209 934 5276 qui
965 5209 1035 5263 sit
1069 5211 1121 5264 in
1175 5209 1314 5278 luce,
1368 5211 1416 5266 is
1453 5211 1616 5264 etiam
1673 5211 1844 5275 vivat,
1884 5210 1990 5282 73
2029 5215 2164 5268 adeo
2191 5221 2250 5267 ut
2282 5214 2452 5278 solus,
2483 5219 2537 5266 ct
2569 5210 2744 5264 omnis
2775 5207 2962 5260 vivens
2994 5203 3063 5258 sit
3105 5200 3239 5256 lucis
3269 5198 3446 5264 ﬁlius;
3475 5193 3620 5251 filius
3642 5207 3830 5255 auten

557 5299 715 5364 lucis,
749 5300 902 5367 cujus
930 5304 1144 5357 luceant
1164 5318 1330 5373 opera
1357 5317 1542 5359 coram
1575 5302 1884 5357 hominibus
1903 5303 1970 5356 ⁵⁷.

628 5433 850 5492 “Jcan.
883 5452 994 5502 xvr,
1026 5437 1113 5492 Η.
1186 5437 1233 5468 ⁴⁸
1269 5437 1400 5493 ibid.
1440 5453 1478 5506 ι,
1510 5437 1564 5505 5,
1593 5438 1645 5493 4.
1723 5437 1768 5468 ⁵⁸
1797 5436 1930 5492 ibid.
1967 5437 2015 5494 Ι.
2086 5436 2125 5484 ⁸⁷

2232 5435 2354 5489 ιιιΙι.
2384 5449 2436 5498 v,
2465 5434 2550 5488 16.

557 5568 786 5636 originis
809 5569 914 5624 dici
968 5577 1147 5635 potest
1175 5569 1242 5622 ah
1271 5585 1335 5625 eo
1369 5572 1614 5632 edoctus.
1668 5569 2125 5638 quemadmodum

557 5642 748 5694 eadem
773 5640 838 5692 de
885 5654 1049 5693 causa
1082 5654 1180 5708 per
1212 5639 1563 5695 Athanasium
1592 5642 1836 5696 oratione
1869 5639 1903 5693 2
1942 5652 2126 5694 contra

559 5710 804 5780 Arianos,
841 5726 894 5780 p.
918 5709 1042 5769 557,
1076 5709 1279 5780 νηιίιιοτ
1313 5710 1401 5765 ἱΙΙο
1429 5713 1773 5779 praedicatur.
1813 5709 2127 5764 Periculose

560 5796 688 5832 vero
720 5779 981 5849 Origenes
1035 5779 1122 5835 hic
1155 5781 1335 5834 vocari
1389 5781 1500 5834 vult
1554 5783 1608 5834 in
1655 5783 2005 5848 ιιιιεεειίοηειιι
2056 5797 2124 5834 an

561 5849 796 5921 Spiritus
836 5861 1074 5918 sanctus,
1117 5865 1274 5921 quem
1317 5852 1498 5908 doceri
1538 5868 1568 5908 a
1619 5851 1754 5909 Filio
1785 5868 1852 5908 ex
1901 5849 2128 5906 Joannis

2237 5587 2349 5636 χιι,
2392 5571 2479 5635 M,
2521 5569 2748 5641 colligit,
2798 5566 2990 5641 οιιιιιῑιιΔ
3020 5565 3357 5641 εεβίοιχιιιτρ
3403 5559 3578 5617 Filius
3625 5575 3830 5634 εοεαε]

2236 5635 2358 5708 scit,
2393 5635 2857 5710 quamvis'sancti
2900 5636 3136 5708 Spiritus
3173 5635 3481 5697 εὐλάϐειαν,
3511 5651 3531 5684 ι
3562 5648 3829 5692 reverens

2238 5714 2386 5772 tiam,
2415 5709 2433 5764 ι
2487 5709 2823 5779 profiteatur.

2307 5771 2419 5853 (63)
2451 5771 2634 5840 Codex
2669 5779 3018 5845 Bodleianus,
3048 5771 3137 5849 ἦν,
3173 5775 3397 5848 Regius,
3431 5773 3687 5844 ἐγένετο.
