3856 6580
111 358 243 419 149

1222 356 1581 412 (ΣΟΜΜΕΝΤ.
1624 356 1687 411 IN
1726 355 1919 412 JOAN.
1955 354 2193 412 TOMUS
2229 356 2293 413 ll.

3282 366 3387 419 ίὸυ

204 477 293 532 υ.
324 473 489 529 Πάλιν
517 473 638 527 ἐπεί
667 474 782 527 ἐστι
805 473 871 527 τὰ
904 472 1382 545 παραλελειμμένα
1414 472 1522 527 τῶν
1560 474 1702 527 ἐναν-

1892 474 1976 529 ιι.
2015 473 2242 539 Rursus,
2292 475 2546 544 quoniam
2577 490 2639 529 ex
2669 474 2751 530 his
2780 489 2903 545 quae
2933 474 3289 533 disseruimus
3318 485 3386 535 de

112 565 265 619 τίων
286 562 516 618 νοεῖσθαι
547 565 611 616 ἐκ
647 561 758 615 τῶν
789 563 1096 634 εἰρημένων
1125 562 1253 634 περὶ
1294 560 1402 617 τῶν
1434 562 1710 632 ἐναντίων,

112 658 349 727 λέγεται
367 656 426 710 δὲ
460 655 588 728 περὶ
612 654 759 726 ζωῆς
782 655 877 707 καὶ
915 654 1093 724 φωτὸς
1125 653 1448 726 ἀνθρώπων,
1472 655 1713 709 ἐναντίον

109 750 175 802 δὲ
204 754 281 824 τῇ
308 750 420 822 ζωῇ
446 747 698 813 θάνατος,
729 748 823 802 καὶ
837 747 1078 803 ἐναντίον
1101 748 1240 817 φωτὶ
1263 746 1564 822 ἀνθρώπων
1590 749 1714 803 σκό-

115 858 213 906 τος
250 840 574 912 ἀνθρώπων,
609 841 756 895 ἔστιν
792 840 942 903 ἰδεῖν,
973 840 1056 894 ὅτι
1086 842 1116 894 6
1157 841 1217 894 ἐν
1250 840 1429 912 σκότῳ
1465 839 1575 895 τῶν
1614 841 1711 895 ἀν-

108 933 359 1006 θρώπων
382 934 668 1006 τυγχάνων
701 935 759 987 ὲν
788 932 1005 1005 θανάτῳ
1033 933 1171 999 ἐστὶ,
1206 932 1303 987 καὶ
1332 934 1361 986 6
1392 932 1461 987 τά
1484 933 1577 988 τοῦ
1612 933 1710 989 θα-

108 1026 288 1081 νάτου
315 1026 575 1097 πράττων
596 1025 697 1080 οὐκ
716 1024 979 1097 ἀλλαχόσε
1003 1024 1097 1080 τοῦ
1129 1026 1352 1090 σκότους
1377 1026 1543 1081 ἐστίν.
1577 1026 1637 1080 Ὀ
1655 1026 1713 1080 δὲ

112 1119 484 1189 μνημονεύων
514 1117 609 1173 τοῦ
639 1118 796 1183 Θεοῦ,
841 1118 937 1172 ὲάν
960 1136 1025 1189 γε
1065 1118 1276 1190 νοῶμεν
1308 1119 1358 1173 τί
1387 1119 1450 1174 τὸ
1498 1136 1710 1190 μνημο-

106 1211 302 1265 νεύειν
330 1211 522 1276 αὐτοῦ,
551 1213 654 1266 οὐκ
685 1212 831 1266 ἐστιν
853 1215 912 1266 ὲν
938 1210 1016 1283 τῷ
1045 1211 1279 1284 θανάτῳ,
1312 1211 1529 1267 κατὰτὸ
1558 1214 1710 1286 εἰρη-

110 1305 309 1375 μένον·
359 1323 379 1356 ι
415 1305 529 1357 Οὐκ
583 1303 730 1358 ἔστιν
774 1307 832 1358 ὲν
878 1304 957 1375 τῷ
1006 1302 1222 1375 θανάτῳ
1273 1305 1302 1357 6
1357 1303 1710 1376 μνημονεύων

111 1413 239 1451 σου.
289 1417 307 1449 ι
346 1397 471 1451 Εἴτε
504 1397 562 1452 δὲ
611 1399 801 1462 σκότος
850 1397 1154 1471 ἀνθρώπων
1192 1396 1303 1451 εἴτε
1339 1396 1593 1465 θάνατος,
1646 1398 1707 1451 ού

110 1490 284 1558 φύσει
303 1489 532 1544 τοιαῦτά
587 1492 754 1556 ἐστιν,
797 1490 956 1545 ἀλλου
1004 1491 1185 1560 λόγου·
1218 1510 1235 1543 ι
1285 1491 1473 1562 Ἡμεῖς
1530 1490 1712 1562 ἥμεθά

108 1597 254 1636 ποτε
305 1582 521 1647 σκότος,
564 1583 659 1636 νῦν
689 1583 747 1636 δὲ
780 1582 894 1652 φῶς
928 1584 985 1637 ὲν
1023 1584 1234 1656 Κυρίῳ,
1274 1604 1292 1635 ι
1340 1582 1444 1637 κᾶν
1478 1582 1710 1655 μάλιστα

109 1675 269 1742 ἀγιοι
320 1675 419 1729 καὶ
467 1677 827 1746 πνευματικοὶ
873 1666 976 1747 ἤδη
1019 1674 1468 1747 χρηματίζωμεν.
1523 1675 1709 1740 Οὕτως

107 1765 269 1828 ὅστις·
300 1767 426 1820 ποτ’
447 1767 515 1820 ἂν
547 1767 657 1839 (64)
748 1767 958 1830 σκότος,
987 1767 1177 1839 ὥσπερ
1200 1766 1257 1820 δὲ
1281 1766 1527 1829 δεκτικὸς
1548 1765 1660 1838 (65)
1681 1768 1710 1820 6

1816 566 2127 632 contrariis,
2162 565 2388 637 intelligi
2430 576 2654 635 possunt
2683 568 2960 623 contraria
2996 570 3383 639 praetermissa,

1812 654 2104 710 disseritur
2132 664 2310 710 autem
2345 658 2413 711 de
2439 657 2546 711 vita
2579 667 2637 712 et
2667 657 2785 712 luce
2818 656 3128 726 hominum,
3159 671 3380 717 contra-

1813 747 1954 803 rium
1985 756 2163 804 autem
2197 748 2323 805 vita:
2351 765 2496 805 mors
2529 760 2651 819 est,
2679 759 2734 805 et
2763 751 3097 807 contrarium
3139 753 3247 808 luci
3278 753 3380 808 hn-

1812 838 2021 894 minum
2068 840 2303 896 tenebrae
2333 841 2613 897 hominum
2644 881 2661 907 ,
2691 842 2880 898 videre
2911 851 3000 899 est
3026 845 3170 914 quod
3198 845 3291 915 qui
3328 847 3382 901 in

1814 930 2055 988 tenebris
2077 932 2308 988 exsistat
2347 932 2652 1000 hominum,
2682 936 2728 990 is
2768 935 2934 990 etiam
2975 937 3050 992 sit
3084 937 3136 991 in
3182 948 3383 1006 morte,

1811 1032 1867 1080 et
1897 1040 2016 1094 qua:
2041 1026 2237 1081 mortis
2260 1037 2571 1098 suntagens
2605 1044 2710 1083 non
2748 1028 2880 1085 alibi
2912 1030 2985 1086 sit
3014 1045 3175 1101 quam
3209 1031 3262 1086 in
3293 1042 3377 1087 te-

1812 1115 2018 1171 nebris.
2074 1117 2262 1186 Atqui
2301 1132 2508 1172 memor
2544 1127 2630 1172 est
2675 1119 2810 1183 Dei,
2851 1120 2895 1174 si
2943 1121 3382 1179 consideraveri-

1811 1221 1932 1263 mus
1958 1209 2086 1277 quid
2118 1209 2190 1264 sit
2217 1225 2513 1265 memorem
2555 1225 2676 1267 esse
2702 1211 2816 1276 Dei,
2849 1227 2954 1267 non
2985 1221 3069 1268 est
3103 1215 3156 1268 in
3184 1225 3381 1287 morte,

1806 1296 1963 1369 juxta
1992 1301 2120 1357 illud
2162 1302 2303 1371 quod
2354 1302 2554 1357 dicitur
2585 1302 2630 1335 “
2662 1322 2676 1357 :
2706 1320 2725 1355 ι
2765 1302 2904 1356 Nihil
2934 1304 3008 1359 rei
3056 1321 3177 1361 cum
3211 1321 3383 1364 morte

1812 1390 1976 1447 habet
2002 1431 2018 1458 ,
2051 1393 2140 1462 qui
2176 1408 2383 1448 memor
2413 1403 2498 1449 est
2545 1396 2642 1449 tui.
2687 1415 2704 1447 ι
2737 1395 2820 1452 Att
2850 1413 2978 1454 vero
3011 1402 3248 1457 tenebrae
3283 1404 3381 1458 ho-

1812 1483 2016 1539 minum
2044 1494 2100 1540 et
2141 1501 2289 1541 mors
2326 1497 2522 1541 natura
2554 1487 2681 1542 talia
2729 1489 2838 1544 sint
2862 1531 2878 1552 ,
2918 1506 3126 1559 necne,
3158 1494 3382 1551 alterius

1810 1587 1892 1633 est
1916 1577 2368 1634 considerationis
2418 1601 2429 1635 :
2466 1598 2484 1630 ι
2522 1579 2630 1635 Νοε
2664 1596 2881 1640 eramus
2903 1585 3197 1655 aliquando
3231 1594 3383 1641 tene—

1809 1671 1943 1735 brae,
1979 1686 2125 1727 nunc
2156 1682 2336 1727 autem
2363 1672 2454 1729 lux
2487 1674 2538 1728 in
2575 1673 2805 1731 Domino
2835 1679 2907 1744 δ’,
2953 1697 2972 1731 ι
3003 1679 3219 1735 etiamsi
3253 1694 3383 1734 san-

1809 1762 1880 1816 cti
1913 1761 2340 1833 spiritualesque
2357 1763 2471 1835 jam
2513 1764 2697 1836 aliquo
2733 1770 2968 1825 maxime
2998 1780 3158 1839 pacto
3189 1773 3380 1826 simus.

109 1856 331 1922 Παῦλος
346 1859 541 1923 axi/ro;
570 1858 647 1913 ὣν
668 1860 858 1929 γέγονε
877 1859 970 1913 τοῦ
992 1859 1244 1928 γενέσθαι
1264 1857 1378 1928 φῶς
1411 1860 1469 1912 ὲν
1492 1859 1702 1931 Κυρίῳ.

1810 1851 2068 1923 Quisquis
2102 1852 2203 1909 fuit
2227 1855 2520 1925 aliquando
2554 1859 2809 1927 tenebras,
2843 1860 3018 1919 factus
3044 1872 3128 1919 est
3159 1865 3382 1934 perinde

110 1948 277 2001 Κατὰ
302 1948 361 2001 δὲ
393 1950 522 2014 τοὺς
555 1949 834 2023 οἰομένους
881 1949 1020 2005 εἶναι
1070 1949 1256 2019 φύσεις
1306 1949 1703 2021 πνευματικὰς,

109 2037 309 2113 ὥσπερ
334 2040 429 2094 τὸν
462 2040 673 2095 Παῦλον
707 2043 801 2097 καὶ
834 2044 962 2108 τοὺς
997 2042 1187 2111 ἁγίους
1223 2042 1575 2108 ἀποστόλους,
1605 2045 1707 2097 οὐκ

107 2127 229 2185 οἶδα
252 2135 304 2186 εί
338 2131 575 2199 σώζεται
615 2137 675 2190 τὸ
713 2137 805 2190 τὸν
834 2135 1204 2208 πνευματικὸν
1242 2131 1382 2189 εἷναί
1421 2154 1549 2191 ποτε
1582 2137 1708 2191 σκό-

107 2241 221 2290 τος,
271 2226 369 2280 καὶ
420 2228 647 2300 ὕστερον
692 2230 854 2284 αὐτὸν
913 2230 1195 2298 γεγονέναι
1258 2229 1393 2299 φῶς’
1441 2231 1490 2282 εἰ
1537 2228 1646 2302 γὰρ
1677 2232 1705 2284 ό

111 2319 487 2388 πνευματικός
516 2338 646 2375 ποτε
670 2324 858 2387 σκότος
884 2316 972 2394 ἦν,
1003 2323 1032 2374 ό
1056 2322 1238 2393 χοϊκός
1258 2322 1340 2386 τίς
1369 2322 1546 2387 ὲστιν;
1578 2322 1641 2375 EE
1659 2320 1705 2375 δ’

108 2408 330 2480 ἀληθὲς,
369 2414 454 2467 ὃτι
483 2414 545 2467 τὺ
570 2415 757 2479 σκότος
786 2415 1068 2485 γεγονέναι
1093 2414 1202 2485 (66)
1233 2413 1368 2485 φῶς,
1399 2413 1483 2479 τίς
1509 2415 1543 2487 ἡ
1573 2416 1707 2469 ἀπο-

110 2502 391 2574 κλήρωσις
410 2506 504 2560 τοῦ
535 2506 610 2578 μὴ
637 2509 744 2561 πᾶν
777 2508 967 2571 σκότος
994 2506 1253 2561 δύνασθαι
1274 2506 1526 2576 γενέσθαι
1554 2507 1703 2577 φῶς;

111 2595 171 2646 ἓξ
199 2595 279 2668 μὴ
315 2597 432 2670 γὰρ
458 2598 552 2651 ἐπὶ
592 2598 808 2653 Παύλου
839 2599 1074 2670 ἐλέγετο,
1098 2600 1181 2654 ὅτι
1207 2620 1225 2651 ι
1259 2600 1478 2672 Ἥμεθά
1498 2618 1627 2654 ποτε
1648 2603 1706 2654 ὲν

113 2686 310 2759 σκότῳ,
341 2688 439 2743 νῦν
458 2690 781 2761 δὲφωτεινοὶ
814 2692 873 2746 ὲν
904 2693 1109 2765 Κυρίῳ
1144 2712 1163 2744 ι
1192 2693 1286 2746 ἐπὶ
1313 2693 1370 2747 δὲ
1397 2686 1472 2747 ὧν
1500 2694 1704 2748 οἴονται

112 2779 326 2847 φύσεων
350 2781 762 2853 ἀπολλυμένων,
784 2785 866 2838 ὃτι
900 2786 1088 2850 σκότος
1114 2780 1278 2856 ἦσαν,
1304 2785 1336 2857 ἢ
1365 2785 1555 2850 σκότος
1576 2786 1703 2848 εἶσὶ,

113 2866 211 2918 κᾶν
239 2869 433 2941 χώραν
458 2868 604 2942 εἶχεν
633 2874 666 2943 ή
701 2874 828 2943 περὶ
869 2873 1084 2944 φύσεων
1112 2874 1386 2939 ὑπόθεσις.
1422 2876 1560 2929 Νυνὶ
1589 2875 1645 2929 δὲ
1676 2876 1706 2929 6

114 2960 322 3026 [Ia-316.;
384 2980 519 3035 φησι
560 2966 841 3033 γεγονέναι
872 2968 1000 3022 ποτὲ
1036 2967 1246 3032 σκότος,
1284 2965 1379 3021 νῦν
1411 2968 1466 3022 δὲ
1501 2968 1616 3038 φῶς
1645 2969 1704 3023 ὲν

116 3051 321 3124 Κυρίῳ,
352 3054 431 3117 ὡς
456 3054 683 3109 δυνατοῦ
716 3057 868 3120 ὄντος
894 3057 987 3111 τοῦ
1022 3060 1246 3123 σκότους
1278 3062 1358 3123 εἰς
1392 3062 1507 3131 φῶς
1534 3079 1700 3134 μετα-

112 3147 311 3202 ὢλεῖν.
338 3150 418 3203 Οὐ
447 3152 683 3220 χαλεπὸν
704 3153 759 3207 δὲ
785 3154 853 3207 τά
873 3155 1001 3228 περὶ
1027 3156 1227 3221 παντὸς
1251 3157 1474 3224 σκότους
1494 3159 1704 3233 ἀνθρὼ-
1729 3201 1771 3258 C

113 3258 245 3304 πων,
287 3243 389 3296 καὶ
418 3244 546 3316 περὶ
588 3244 705 3298 τοῦς
728 3245 957 3301 θανάτου
985 3248 1178 3303 τούτου
1211 3251 1572 3322 τυγχάνοντος
1620 3254 1698 3326 τῷ

113 3334 286 3406 σκότῳ
332 3335 445 3390 τῶν
476 3336 777 3410 ἀνθρώπων
820 3339 1094 3411 ἐπιμελῶς
1128 3342 1256 3396 ἰδεῖν
1298 3344 1361 3396 ἐκ
1395 3343 1501 3399 τῶν
1542 3348 1697 3419 εἰρη-

116 3425 309 3492 μένων,
344 3426 408 3479 τὸ
423 3427 768 3500 ἐνδεχόμενον
799 3430 1011 3502 ὁρῶντα
1035 3431 1135 3503 τῆς
1173 3433 1273 3499 ἐπὶ,
1298 3432 1357 3486 τὸ
1389 3435 1570 3505 χεῖρον
1606 3435 1700 3489 καί

113 3517 357 3584 κρεῖττον
391 3517 625 3571 ἑκάστου
662 3518 984 3592 μεταϐολῆς.

1806 1954 1972 2016 atque
2000 1943 2223 2013 Paulus,
2272 1950 2508 2004 tenebrae
2545 1964 2673 2005 cum
2710 1962 2855 2010 esset
2882 1994 2900 2021 ,
2930 1968 3101 2025 capax
3129 1963 3185 2011 et
3225 1965 3385 2025 aptus

1808 2046 1868 2093 ut
1887 2038 2043 2094 lieret
2071 2037 2162 2094 lux
2188 2041 2241 2094 in
2261 2040 2507 2101 Domino.
2532 2041 2685 2100 Haud
2706 2061 2834 2102 vero
2855 2048 2970 2104 scio
2996 2064 3063 2104 an
3082 2048 3241 2122 juxta
3262 2050 3382 2120 opi-

1807 2129 2023 2186 nionem
2051 2146 2243 2187 eornm
2274 2134 2371 2203 qui
2397 2144 2625 2192 naturas
2663 2148 2857 2192 rentur
2900 2139 3214 2210 spirituales
3237 2182 3254 2209 ,
3283 2156 3380 2196 ve-

1808 2219 1904 2276 luti
1939 2220 2165 2277 Paulum
2199 2239 2263 2279 ac
2291 2235 2509 2282 sanctos
2545 2229 2819 2297 apostolos
2843 2270 2857 2296 ,
2884 2233 3180 2299 consistat,
3215 2234 3380 2304 Spiri-

1810 2316 2008 2372 tualem
2043 2333 2164 2373 esse
2203 2318 2493 2389 aliquando
2524 2323 2779 2378 tenebras
2802 2365 2818 2389 ,
2867 2325 3152 2396 ipsumque
3192 2336 3379 2396 postea

1806 2409 1984 2466 lucem
2014 2409 2130 2465 ﬁeri
2163 2427 2178 2476 ;
2211 2426 2333 2466 nam
2365 2412 2409 2467 si
2434 2413 2745 2493 spiritualis
2779 2418 3013 2472 tenebrae
3057 2418 3381 2488 quandoque

1807 2503 1929 2571 fuit,
1967 2505 2247 2561 terrestris
2272 2505 2485 2575 qualis?
2512 2505 2665 2575 Quod
2694 2509 2738 2565 si
2767 2526 2952 2565 verum
2982 2520 3089 2576 est,
3125 2513 3381 2567 tenebras

1809 2597 1981 2653 factas
2010 2597 2181 2653 fuisse
2208 2597 2407 2665 lucem,
2436 2615 2681 2669 quamam
2709 2603 2919 2671 privata
2952 2604 3151 2660 electio
3179 2586 3262 2661 esi
3284 2621 3382 2661 cur

1806 2703 1914 2744 non
1944 2703 2137 2745 omnes
2168 2690 2407 2746 tenebrae
2433 2690 2526 2747 lux
2559 2693 2672 2748 ﬁeri
2706 2694 2955 2766 queant?
2996 2696 3106 2751 Nisi
3142 2696 3288 2751 enim
3316 2697 3384 2752 do

1806 2779 1976 2835 Paulo
2021 2782 2229 2838 dictum
2282 2780 2596 2839 fuisset“:
2629 2802 2648 2835 ι
2710 2784 2936 2841 Erainus
2984 2787 3278 2856 aliquando
3326 2785 3382 2842 in

1808 2872 2072 2940 tenebris,
2100 2889 2245 2928 nunc
2288 2883 2467 2930 autem
2495 2874 2660 2929 lucidi
2688 2889 2811 2929 cum
2841 2874 3093 2942 Domino,
3125 2895 3142 2927 ι
3178 2877 3247 2932 de
3277 2876 3384 2933 illis

1805 2980 1936 3021 vero
1969 2980 2107 3036 quos
2133 2966 2474 3021 arbitrantur
2506 2976 2715 3020 naturae
2754 2965 3046 3036 deperdita:
3073 3006 3089 3031 ,
3123 2970 3380 3036 quoniam

1808 3059 2043 3114 tenebrat
2070 3067 2230 3114 erant
2255 3069 2310 3115 et
2357 3060 2596 3116 tenebrae
2638 3068 2766 3127 sunt
2789 3098 2808 3125 ,
2844 3060 3019 3115 locum
3062 3061 3249 3132 utique
3281 3063 3381 3117 ha-

1807 3150 2013 3206 buisset
2041 3165 2229 3207 eorum
2264 3152 2331 3208 de
2363 3152 2571 3208 naturis
2606 3152 2949 3223 hypothesis.
2999 3151 3157 3210 Nunc
3191 3164 3378 3209 autem

1805 3244 2005 3302 Paulus
2039 3246 2217 3317 inquit
2246 3261 2305 3302 se
2334 3247 2627 3317 aliquando
2678 3247 2932 3303 tenebras
2963 3248 3132 3305 fuisse
3160 3290 3176 3316 ,
3208 3264 3380 3304 nunc-

1804 3352 1910 3407 que
1936 3352 2058 3393 esse
2089 3339 2261 3394 lucem
2287 3339 2339 3395 in
2373 3339 2619 3408 Domino,
2651 3343 2805 3412 quasi
2837 3343 2889 3396 in
2928 3343 3103 3399 lucem
3139 3344 3380 3398 tenebrat

1807 3431 2043 3486 transire
2092 3431 2321 3501 possint.
2356 3431 2510 3488 Haud
2559 3444 2740 3490 autem
2783 3435 3000 3492 dillicile
3030 3444 3115 3491 est
3145 3450 3379 3491 cernen-

1808 3531 1914 3578 tem
1980 3523 2409 3595 uniuscujusque
2456 3526 2861 3597 contingentem
2913 3526 3269 3582 mutationcm
3322 3525 3376 3579 in

116 3612 300 3666 melius
335 3613 419 3666 vel
469 3617 519 3666 in
554 3614 705 3683 pejus
736 3654 752 3679 ,
800 3616 1090 3683 diligenter
1138 3616 1447 3685 perspicere
1494 3632 1560 3672 ex
1620 3617 1705 3672 his
1748 3631 1870 3688 quae
1916 3616 2196 3681 diximus,
2245 3631 2368 3689 qua
2414 3618 2481 3674 ad
2528 3634 2719 3676 omnes
2766 3621 3016 3676 tenebras
3057 3621 3376 3687 hominum,

115 3717 161 3757 et
190 3725 316 3771 quae
364 3710 429 3761 ad
464 3709 603 3763 hunc
636 3720 863 3764 mortem
905 3712 957 3764 in
993 3710 1235 3767 tenebris
1275 3714 1556 3769 hominum
1592 3713 1945 3769 exsistentem
1983 3712 2276 3782 pertinent.

177 3800 326 3853 Πάνυ
359 3800 417 3853 δὲ
451 3800 641 3870 βιαίως
673 3801 813 3856 κατά
832 3802 922 3856 τὸν
953 3803 1117 3857 τόπον
1148 3805 1438 3876 γενόμενος
1462 3805 1492 3858 6
1530 3805 1687 3876 Ἦρα·

116 3892 299 3956 κλὲων,
337 3892 420 3944 τό·
461 3912 480 3944 t
526 3894 592 3946 Ὃ
629 3893 849 3962 γέγονεν
886 3896 944 3950 ἐν
976 3896 1125 3967 αὐτῷ
1157 3895 1270 3968 ζωὴ
1302 3893 1391 3969 ἦν,
1443 3916 1461 3950 ι
1493 3896 1698 3969 ἐξείλη-

1880 3805 1965 3861 15.
2014 3804 2283 3861 Caeterum
2322 3806 2477 3862 valde
2509 3816 2696 3861 coacte
2746 3806 2811 3862 ad
2862 3806 3007 3861 hunc
3059 3815 3378 3861 contextum

1802 3894 2024 3950 veniens
2051 3894 2349 3951 lleracleon
2385 3915 2398 3952 :
2441 3914 2461 3949 ι
2498 3896 2650 3964 Quod
2691 3896 2893 3953 factum
2920 3905 3005 3954 est
3035 3898 3087 3951 in
3123 3899 3239 3967 ipso
3263 3898 3376 3952 vita

119 4002 208 4053 φεν
249 3986 379 4039 ἀντὶ
429 3984 549 4050 τοῦ,
590 3985 660 4038 ἐν
693 3983 872 4052 αὐτῷ.
926 3989 1006 4051 είς
1051 3988 1176 4053 τοὺς
1216 3988 1537 4062 ἀνθρώπους
1572 3990 1695 4054 τοὺς

1810 3986 1988 4043 erat"
2021 4004 2035 4041 :
2070 4005 2090 4039 ι
2129 3987 2183 4041 in
2226 3987 2342 4056 ipso
2392 3988 2778 4058 interpretatus
2830 3998 2917 4045 est
2960 3988 3013 4043 in
3063 3988 3375 4044 hominibus

118 4076 538 4148 πνευματικούς·
569 4078 729 4130 οἱονεὶ
758 4078 954 4132 ταύτὸν
986 4080 1214 4150 νομίσας
1243 4074 1382 4135 εἷναι
1407 4080 1498 4134 τὸν
1522 4080 1695 4149 Λόγον

1810 4076 2182 4147 spiritualibus
2212 4096 2226 4133 :
2256 4078 2415 4149 quasi
2447 4077 2773 4135 Sermonem
2809 4089 2864 4135 et
2887 4079 3197 4149 spirituales
3228 4079 3373 4137 idem

120 4167 203 4219 καὶ
239 4170 376 4231 τοὺς
407 4152 828 4238 πνευματκούς.
865 4169 929 4223 Ei
973 4170 1066 4223 καὶ
1101 4170 1177 4242 μὴ
1218 4169 1407 4240 σαφῶς
1438 4170 1592 4225 ταῦτ’
1627 4172 1697 4226 ετ-

1810 4187 1922 4229 esse
1964 4173 2267 4229 arbitratus
2303 4174 2485 4230 luerit.
2541 4172 2653 4229 Etsi
2689 4188 2795 4229 non
2842 4182 3032 4243 aperte
3062 4173 3115 4228 id
3148 4172 3372 4238 dixerit,

123 4274 264 4330 ρηκε,
295 4258 400 4313 καὶ
424 4259 667 4331 ὡσπερεὶ
684 4260 999 4331 αίτιολογῶν
1017 4277 1201 4333 φησιν·
1224 4281 1241 4313 ι
1273 4262 1446 4328 Αὐτὸς
1464 4262 1574 4336 γάρ
1599 4262 1698 4335 τὴν

1810 4277 1859 4320 ι
1899 4264 2065 4322 veluti
2113 4279 2334 4321 causam
2385 4264 2639 4331 reddens,
2674 4264 2851 4334 inquit
2879 4280 2894 4320 :
2923 4281 2943 4317 ι
3003 4264 3180 4334 Ipsam
3225 4262 3374 4319 enim

123 4350 335 4423 πρώτην
374 4351 655 4423 μόρφωσιν
684 4351 782 4424 τὴν
806 4354 948 4409 κατὰ
969 4353 1066 4426 τὴν
1094 4353 1309 4422 γένεσιν
1340 4358 1526 4422 αὐτοῖς
1555 4375 1697 4430 παρ-

1810 4356 2033 4427 primam
2080 4355 2464 4412 formationem
2490 4398 2507 4424 ,
2534 4357 2717 4428 quoad
2764 4363 2946 4412 ortum
2975 4357 3208 4425 attinet,
3238 4354 3373 4426 ipsis

124 4443 265 4513 ἐεχεο
300 4443 377 4497 τὰ
415 4443 508 4496 ὑπ’
536 4443 695 4498 ἀλλου
728 4445 973 4516 παρέντα
993 4447 1073 4512 εἰς
1102 4450 1317 4522 μορφὴν
1345 4450 1439 4504 καὶ
1469 4452 1550 4515 είς
1584 4468 1698 4521 φω-

1810 4444 2036 4515 praebuit
2057 4484 2073 4512 ,
2108 4448 2177 4501 ab
2202 4445 2310 4501 alio
2339 4447 2707 4515 pratermissa
2743 4447 2794 4501 in
2828 4445 3057 4502 formam
3089 4485 3106 4511 ,
3153 4455 3210 4501 et
3242 4445 3373 4502 illu-

124 4534 297 4605 mpr
320 4535 420 4589 καὶ
433 4535 803 4608 παραγραφὴν
832 4536 965 4591 ἰδίαν
988 4537 1213 4609 ἀγαγὼν
1238 4541 1332 4595 καὶ
1348 4540 1649 4606 ἀναδείξας.
1674 4561 1695 4596 ι

124 4624 188 4678 Ού
212 4627 572 4700 παρετήρησε
596 4627 653 4681 δὲ
679 4628 771 4681 καὶ
793 4628 854 4682 τὸ
880 4631 1009 4703 περὶ
1020 4630 1130 4685 τῶν
1148 4633 1531 4704 πνευματικῶν
1548 4635 1701 4706 παρά

123 4719 189 4789 τῷ
231 4720 438 4793 Παύλῳ
487 4722 817 4794 λεγομένων,
863 4724 946 4777 ὅτι
982 4722 1301 4797 ἀνθρώπους
1325 4722 1525 4790 αὐτοὺς
1560 4722 1701 4781 εἶναι

124 4810 490 4882 datatim-qus“
544 4829 564 4862 ι
606 4811 852 4883 Ψυχικός
906 4812 1193 4884 ἄνθρωπος
1244 4814 1305 4868 οὐ
1362 4813 1577 4887 δέχεται
1629 4815 1699 4870 τά

126 4901 204 4954 τοῦ
232 4901 550 4974 πνεύματος
576 4903 670 4957 τοῦ
697 4904 851 4958 Θεοῦο
886 4906 1068 4978 μωρία
1098 4906 1207 4978 γάρ
1227 4908 1375 4960 ἐστιν
1403 4906 1569 4978 αὐτῷ’
1592 4910 1622 4962 6
1644 4907 1702 4963 δὲ

128 4997 483 5067 πνευματικὸς
522 4997 803 5069 ἀνακρίνει
836 4997 1033 5053 πάντα.
1073 5019 1093 5052 ι
1148 4999 1340 5070 Ἡμεῖς
1365 4998 1475 5072 γὰρ
1509 5000 1571 5053 οὐ
1605 5000 1703 5072 μά-

127 5100 211 5157 την
228 5089 395 5142 αὑτόν
424 5106 607 5161 φαμεν
634 5090 726 5143 ἐπὶ
748 5088 845 5144 τοῦ
868 5090 1240 5163 πνευματικοῦ
1274 5092 1351 5164 μὴ
1378 5091 1699 5164 προστεθει-

133 5176 264 5232 κέναι
304 5180 395 5245 τὸ,
443 5179 752 5253 ἄνθρωπος·
800 5183 1048 5253 κρεῖττον
1096 5181 1206 5254 γὰρ
1250 5180 1284 5253 ἢ
1342 5181 1630 5253 ἄνθρωπος
1672 5184 1703 5237 6

133 5272 502 5344 πνευματικὸς,
513 5271 609 5327 τοῦ
635 5272 928 5346 ἀνθρώπου
952 5274 1072 5346 ἦτοι
1096 5274 1156 5326 ὲν
1179 5272 1325 5345 ψυχῇ
1348 5273 1384 5344 ἢ
1411 5273 1469 5326 ὲν
1486 5272 1698 5345 σώματι

62 5422 77 5443 γλ
134 5360 235 5432 ἢέν
255 5365 691 5439 συναμφοτέροις
730 5365 841 5438 (67)
874 5363 1443 5438 χαρακτηριζομένου,
1486 5366 1606 5438 οὐχὶ
1644 5365 1701 5420 δὲ

191 5504 232 5538 ⁸³
252 5505 395 5561 Psal.
420 5520 496 5571 vt,
516 5507 574 5564 6.
655 5505 701 5542 δ’
726 5507 922 5579 Epltes.
953 5522 1004 5572 ν,
1033 5506 1087 5563 8.
1164 5506 1212 5539 ⁸ο
1238 5506 1366 5563 ibid.
1441 5506 1486 5539 ‘”
1513 5506 1671 5564 Joan.
1708 5523 1743 5574 I,
1766 5507 1824 5563 3.

161 5622 292 5706 Y(lict)
320 5623 531 5689 Οὕτως
552 5622 721 5690 ὅστις
743 5622 873 5677 ποτ’
900 5622 999 5687 ἄν,
1026 5631 1135 5678 ειε.
1172 5623 1462 5681 Ferrarius
1488 5624 1700 5696 legebat

140 5705 293 5825 ﬂigi
329 5765 571 5835 "ac:er
612 5762 682 5817 δὲ
710 5763 1002 5835 δεκτικός,
1037 5773 1144 5820 etc.
1186 5763 1497 5835 Legendum
1542 5764 1694 5821 vide-

146 5838 228 5893 tur,
256 5833 503 5897 δεκτικὸς
529 5832 718 5903 ὥσπερ
737 5835 765 5887 ὁ
792 5833 1023 5901 Παῦλος,
1059 5847 1164 5890 etc.

1800 4534 2188 4602 minationem,
2240 4545 2297 4590 et
2340 4535 2759 4591 delineatiouem
2802 4535 3081 4605 propriam
3124 4532 3371 4600 ducens,

1797 4637 1853 4682 et
1877 4625 1987 4700 ⁷4
2017 4630 2330 4684 ostendens.
2369 4645 2389 4679 ι
2428 4625 2544 4681 Non
2577 4627 2891 4683 observavit
2920 4634 3101 4681 autem
3138 4624 3367 4679 Paulum

1798 4721 1866 4777 de
1889 4720 2266 4790 spiritualibus
2299 4721 2629 4790 loquentem,
2666 4734 2761 4773 eos
2786 4720 3035 4773 homines
3064 4732 3207 4784 esse,
3240 4716 3372 4771 reti-

1799 4814 1979 4869 cuisse
2008 4830 2023 4866 :
2059 4830 2078 4865 t
2123 4812 2391 4869 Animalis
2416 4816 2564 4867 enim
2592 4854 2608 4879 ,
2642 4814 2815 4881 inquit
2842 4852 2857 4875 ,
2891 4811 3054 4866 homo
3086 4826 3190 4863 non
3228 4808 3368 4862 reci-

1799 4904 1878 4976 pit
1905 4919 2026 4975 qua:
2052 4916 2179 4961 sunt
2205 4904 2444 4975 Spiritus
2478 4904 2569 4960 Dei
2615 4922 2630 4958 :
2672 4904 2902 4960 stultitia
2939 4902 3082 4956 enim
3113 4907 3196 4955 est
3235 4898 3312 4954 illi
3353 4915 3369 4952 :

1799 5006 1857 5051 at
1896 4996 2196 5068 spiritualis
2222 4998 2403 5052 omnia
2438 4997 2704 5068 dijudicat
2733 4997 2802 5051 ".
2837 5014 2857 5048 ι
2899 4993 3008 5049 Nos
3050 4992 3197 5048 enim
3232 4991 3369 5047 dici-

1800 5107 1921 5147 mus
1943 5107 2048 5147 non
2079 5092 2176 5148 abs
2202 5107 2262 5147 re
2289 5108 2482 5148 nomen
2514 5093 2747 5148 hominis
2772 5106 2801 5145 a
2830 5088 2996 5144 Paulo
3043 5085 3375 5159 praetermis-

1801 5198 1946 5250 sum,
1976 5198 2100 5239 cum
2124 5184 2464 5252 spiritualem
2503 5184 2728 5245 diceret,
2755 5194 2820 5234 eo
2847 5179 2990 5250 quod
3026 5174 3371 5249 praestantius

1800 5274 2059 5349 quiddam
2097 5275 2397 5342 spiritualis
2422 5275 2533 5337 sit,
2578 5288 2742 5343 quam
2777 5273 2938 5327 homo
2970 5291 2984 5327 :
3020 5284 3213 5339 nempe
3267 5268 3368 5321 ho-

1811 5365 1975 5427 mine,
2014 5363 2097 5419 vel
2129 5365 2182 5419 in
2215 5364 2421 5429 anima,
2454 5360 2536 5416 vel
2569 5361 2622 5416 in
2650 5374 2899 5432 corpore,
2926 5359 3009 5414 vel
3038 5357 3093 5412 in
3128 5354 3375 5423 utrisque

1930 5508 1976 5540 “
2013 5505 2035 5561 l
2069 5507 2194 5563 Cor.
2219 5520 2256 5560 tt
2285 5544 2301 5570 ,
2344 5503 2434 5558 M.

1870 5621 1984 5696 (66)
2010 5620 2358 5696 remiserat.
2402 5618 2543 5691 Lege
2573 5619 2784 5690 γέγονε,
2817 5616 2902 5673 vel
2947 5613 3258 5687 przecedens
3293 5612 3373 5665 ὅτι

1801 5691 2117 5749 mutandum
2149 5693 2200 5745 in
2224 5691 2361 5746 ἐστί.
2792 5758 2805 5760 _
3007 5756 3019 5760 ,
3125 5752 3161 5760 ._
3221 5750 3253 5760 ..
3295 5750 3304 5760 .

1871 5763 1982 5833 (67)
2023 5763 2091 5817 Ἢ
2113 5761 2719 5833 ἐὴίσυναμεροτέροις.
2782 5758 2894 5833 Sic_
2922 5756 3089 5809 rmlex
3125 5750 3373 5806 Bodleia-

1812 5851 1911 5889 nus
1936 5831 2151 5899 {editio
2175 5831 2460 5897 lluetiana,
2497 5833 2528 5904 ἢ
2562 5837 2655 5885 σὺν
2691 5831 3037 5900 ἀμφοτέροις.
