3856 6584
324 401 332 410 _
450 306 554 410 ist

1889 307 2214 368 ORIGENIS

3631 299 3760 356 152

451 449 678 502 formam
726 444 1070 516 accipiente:
1105 457 1208 499 non
1252 441 1323 495 ita
1377 453 1510 494 vero
1554 438 1606 492 in
1655 434 1848 506 spiritu
1875 474 1890 500 ,
1941 432 2027 487 his

2171 424 2225 480 αὶ
2255 425 2314 478 ὲν
2345 422 2422 496 τῷ
2445 422 2650 477 τούτων
2681 420 2936 494 θειοτέρῳ
2970 420 3258 493 πνεύματι·
3289 413 3351 476 οὗ
3384 421 3530 475 κατὰ
3561 436 3760 492 μετο-

451 542 608 612 lnnge
642 538 952 603 diviniore;
1004 535 1305 594 secundum
1340 532 1496 602 cujus
1545 529 2019 603 participationem

452 635 839 704 praeralentem
876 641 963 687 est
994 628 1312 700 Spiritualis.
1347 627 1612 682 Pr:eterea
1646 637 1779 680 vero
1810 636 1931 691 qua:
1953 619 2021 673 ad

451 728 614 782 talem
646 723 957 796 Opinionem
991 729 1274 791 spectant,
1309 717 1393 774 vel
1438 715 1557 772 sine
1595 712 1874 786 apparenti
1925 716 2021 766 de-

453 816 850 872 monstratione
881 814 1151 875 enuntiat.
1183 827 1252 867 ne
1282 811 1611 866 mediocrem
1643 807 1860 877 quidem
1901 819 2026 875 per:

453 908 764 963 suasionem
815 907 1084 976 attingere
1110 904 1293 959 valens
1321 943 1336 967 ,
1385 897 1707 958 disserendo
1756 896 1824 950 de
1877 895 2026 951 hisce

455 1000 639 1056 rebus.
676 999 784 1056 Sed
822 998 887 1054 de
910 997 1002 1054 illo
1022 997 1306 1053 hactenus.

528 1095 620 1151 16.
649 1094 764 1165 Age
798 1107 930 1147 vero
979 1092 1319 1161 inquiramus
1344 1089 1508 1143 etiam
1541 1101 1640 1142 nos
1659 1084 1786 1146 hoc,
1817 1077 2028 1136 scilicet

459 1202 588 1241 num
621 1185 730 1241 vita
764 1194 884 1241 erat
908 1182 1187 1238 hominum
1219 1190 1426 1236 tantum
1457 1180 1546 1234 lux
1569 1220 1585 1246 ,
1616 1187 1671 1234 et
1699 1192 1802 1232 non
1847 1179 2028 1246 potius

461 1277 701 1350 cujusvis
726 1278 780 1330 in
813 1275 1147 1331 beatitudine
1173 1271 1510 1329 exsistentis.
1550 1270 1684 1324 Nam
1715 1270 1760 1325 si
1789 1287 1808 1321 ι
1842 1269 1950 1322 vita
1977 1277 2028 1323 et

461 1373 552 1427 lux
589 1370 868 1426 hominum
905 1389 924 1422 ι
960 1370 1101 1424 idem
1137 1375 1284 1430 sunt,
1311 1377 1367 1420 et
1399 1363 1680 1419 hominum
1718 1371 1927 1417 tantum
1959 1363 2032 1416 sit

460 1461 664 1516 Christi
703 1461 815 1525 lux,
849 1459 1129 1515 hominum
1163 1464 1372 1511 tantum
1403 1455 1568 1509 etiam
1601 1455 1712 1508 vita
1749 1454 1850 1507 erit
1879 1471 1893 1508 :
1926 1455 2032 1508 hoc

459 1562 639 1608 autem
689 1553 954 1622 suspicari
1005 1565 1158 1621 aeque
1199 1548 1427 1604 stultum
1458 1561 1542 1604 est
1571 1556 1734 1617 atque
1764 1545 1986 1616 impium
2016 1585 2033 1612 ,

460 1645 865 1716 refragantibus
915 1644 1037 1699 aliis
1086 1639 1388 1713 Scriptdris
1423 1640 1550 1696 huic
1602 1638 1978 1708 intelligentia
2017 1655 2030 1692 :

2123 517 2226 590 χὴν
2265 515 2670 588 ἐπικρατοῦσαν
2699 513 3026 586 χρηματίζει
3064 513 3094 567 ὁ
3135 514 3522 586 πνευματικός.
3573 517 3761 582 ’Ἅμα

2122 612 2179 666 δὲ
2213 612 2305 664 καὶ
2327 609 2396 663 τὰ
2416 610 2515 678 τῆς
2539 606 2794 679 τοιαύτης
2827 606 3154 672 ὑποθέσεως,
3186 607 3356 679 χωρὶς
3385 607 3488 662 κᾶν
3531 621 3762 676 φαινο-

2127 701 2292 775 μένης
2322 699 2669 765 ἀποδείξεως,
2707 697 3089 768 ἀποφαίνεται,
3130 699 3254 752 οὐδὲ
3282 697 3447 770 μέχρι
3481 698 3607 768 τῆς
3645 713 3760 748 rru-

2124 791 2326 863 χούσης
2354 789 2711 859 πιθανότητος
2745 787 2950 858 φθάσαι
2979 791 3059 853 εἰς
3085 788 3178 842 τὸν
3203 790 3332 860 περὶ
3367 789 3594 844 τούτων
3624 786 3758 860 (68)

2125 883 2370 954 δυνηθεὶς
2399 881 2576 950 λόγον.
2613 882 2725 934 Καὶ
2745 879 2917 934 ταῦτα
2953 881 3053 951 μὲν
3076 882 3204 952 περί
3227 881 3459 937 ἐκείνου.

2197 1088 2333 1158 Φέρε
2363 1087 2530 1141 δὲκαὶ
2574 1089 2736 1159 ἡμεῖς
2769 1087 2864 1140 καὶ
2902 1087 3057 1142 τοῦτο
3087 1087 3436 1160 ζητήσωμεν,
3465 1088 3515 1142 εἰ
3535 1089 3576 1160 ἠ
3618 1086 3759 1157 ζωὴ

2128 1175 2195 1251 ἦν
2211 1181 2385 1251 μόνων
2405 1177 2706 1252 ἀνθρώπων
2727 1179 2863 1250 φῶς,
2882 1180 2976 1233 καί
2995 1178 3068 1252 μὴ
3093 1180 3296 1244 παντὸς
3323 1178 3673 1235 οὑτινοσοῦν
3689 1182 3761 1234 ἐν

2135 1273 2494 1345 μακαριότητι
2510 1273 2888 1344 τυγχάνοντος.
2933 1273 3057 1328 Ἐὰν
3074 1275 3182 1346 γὰρ
3205 1272 3401 1330 ταύτδδ
3439 1271 3511 1347 ἦν
3557 1294 3584 1327 α
3624 1273 3761 1344 ζωὴ

2132 1369 2225 1420 καὶ
2258 1365 2373 1436 φῶς
2411 1363 2732 1437 ἀνθρώπων,
2781 1385 2800 1417 ι
2837 1368 2932 1420 καί
2976 1366 3153 1438 μόνων
3196 1366 3502 1439 ἀνθρώπων
3543 1366 3652 1437 εἴη
3691 1367 3762 1420 τὸ

2117 1459 2226 1513 ,τοῦ
2243 1457 2480 1530 Χριστοῦ
2511 1456 2646 1526 φῶς,
2673 1458 2848 1528 μόνων
2872 1457 3173 1532 ἀνθρώπων
3208 1459 3304 1514 καὶ
3333 1461 3368 1531 ή
3394 1460 3534 1532 ζωὴ⁹
3568 1460 3761 1513 τοῦτο

2134 1551 2178 1605 δ’
2197 1548 2601 1620 ὑπολαμϐάνειν
2628 1550 2776 1603 ἐστὶν
2796 1549 2999 1620 ἠλίθιον
3030 1551 3151 1622 ἅμα
3195 1552 3289 1606 καί
3319 1551 3540 1615 ἁσεῦὲς,
3587 1552 3762 1606 ἀντι-

2141 1640 2531 1714 μαρτυρουσῶν
2575 1640 2683 1694 τῶν
2717 1640 2895 1696 ἄλλων
2918 1641 3150 1712 Γραφῶν
3181 1642 3352 1716 ταύτῃ
3387 1645 3455 1715 τῇ
3497 1643 3746 1713 ὲκδοχῇ

461 1739 731 1807 siquidem
765 1737 981 1807 quando
1015 1734 1388 1803 proﬁciemus,
1417 1732 1620 1788 erimus
1653 1740 1907 1801 tanquam
1940 1746 2034 1802 pa-

2171 1738 2292 1807 [γε.
2318 1739 2448 1791 ὅταν
2475 1738 2858 1810 προκόψωμεν,
2891 1737 3163 1807 ἰσάγγελοι
3191 1737 3450 1808 ἐσόμεθα.
3486 1736 3670 1792 Οὕτω
3694 1737 3758 1789 δὲ

463 1845 554 1885 res
586 1829 793 1900 angelis
823 1830 891 1882 ".
929 1827 1036 1882 Sed
1079 1827 1160 1882 sic
1197 1825 1514 1881 solvendum
1565 1832 1649 1880 est
1696 1823 1918 1879 dubium
1945 1862 1962 1888 ,
1990 1823 2035 1878 si

2175 1828 2327 1882 υτέον
2349 1829 2410 1883 τὸ
2431 1827 2726 1900 ἀπορηθὲν,
2753 1828 2872 1899 οὐχὶ
2899 1827 3016 1882 εἴτι
3039 1828 3256 1898 λέγεταί
3282 1847 3468 1892 τινων,
3499 1829 3756 1883 ἐκείνων

464 1923 593 1996 quid
625 1923 928 1993 aliquorum
970 1935 1091 1976 esse
1116 1919 1353 1986 dicatur,
1382 1933 1488 1973 non
1517 1917 1775 1972 continuo
1810 1916 1938 1972 illud
1969 1913 2037 1970 ad

466 2030 560 2070 eos
587 2013 730 2070 solos
759 2013 824 2067 de
847 2011 1040 2083 quibus
1071 2010 1124 2064 id
1161 2009 1382 2075 dicitur,
1407 2007 1705 2077 pertinere.
1739 2005 1832 2062 Sic
1869 2005 2041 2074 igitur

465 2123 574 2162 non
610 2107 655 2162 si
686 2107 795 2160 vita
832 2106 922 2159 lux
954 2105 1230 2160 hominum
1261 2103 1484 2168 dicitur,
1519 2101 1798 2156 hominum
1831 2109 2037 2156 tantum

467 2210 551 2254 est
605 2199 716 2254 lux.
770 2197 993 2253 Poterat
1034 2196 1180 2252 enim
1233 2194 1395 2258 addi,
1444 2195 1553 2248 vita
1605 2201 1726 2248 erat
1762 2194 2038 2248 hominum

470 2303 678 2346 tantum
715 2292 805 2345 lux
843 2309 857 2346 :
899 2290 1012 2345 ﬁeri
1059 2289 1205 2344 enim
1254 2297 1434 2358 potest
1480 2296 1536 2341 ut
1587 2287 1675 2340 lux
1719 2285 1996 2341 hominum
2023 2326 2038 2351 ,

470 2387 697 2440 aliorum
749 2398 1006 2455 quoque,
1059 2392 1420 2454 praeterquam
1474 2380 1750 2435 hominum
1807 2381 1877 2436 sit
1923 2380 2037 2447 lux,

469 2479 693 2548 perinde
717 2485 880 2548 atque
911 2492 1031 2532 cum
1062 2476 1314 2530 animalia
1354 2474 1599 2545 quaedam
1634 2482 1688 2529 et
1719 2475 1916 2544 plantae
1947 2476 2043 2530 ho-

473 2554 711 2626 minibus
749 2569 1100 2639 suppeditant
1129 2570 1271 2623 unde
1297 2567 1532 2635 alantur,
1563 2576 1742 2622 tamen
1776 2565 1882 2621 alia
1911 2581 2043 2636 quo-

471 2673 577 2727 que
633 2665 832 2727 praeter
887 2657 1136 2713 homines
1192 2657 1338 2712 alere
1389 2665 1633 2728 possunt.
1688 2655 1800 2713 Hoc
1864 2666 2044 2712 autem

474 2750 778 2820 exemplum
815 2764 882 2805 ex
917 2749 1310 2805 consuetudine
1364 2756 1638 2819 sumptum
1695 2757 1799 2804 est.
1843 2748 2045 2804 Verum

476 2845 756 2898 enimvero
783 2843 1002 2912 dignum
1035 2849 1118 2897 est
1164 2849 1223 2894 ut
1277 2855 1308 2895 e
1358 2838 1662 2910 Scripturis
1695 2838 1787 2894 Dei
1836 2839 2043 2910 Spiritu

473 2932 700 3000 proditis
724 2932 903 2987 simile
925 2929 1296 2986 conferamus.
1323 2925 1561 2984 Proinde
1592 2928 1698 2984 hoc
1733 2929 1784 2983 in
1816 2928 1933 2984 loco
1959 2929 2046 2984 in-

473 3019 743 3086 quirimus
770 3035 897 3074 num
939 3018 1234 3089 quidquam
1284 3018 1571 3090 prohibeat
1598 3058 1614 3084 ,
1661 3017 1833 3075 lucem
1869 3019 2049 3074 homi-

2145 1921 2320 1994 μόνων
2351 1919 2469 1974 ἐστὶ
2497 1920 2558 1974 τὸ
2595 1920 2904 1992 λεγόμενον.
2938 1920 3127 1991 Οὕτως
3161 1915 3255 1976 οὖν
3286 1922 3406 1994 οὐχὶ
3443 1916 3756 1996 ᾖλέγεται

2143 2013 2260 2084 φῶς
2307 2012 2630 2085 ἀνθρώπων,
2654 2013 2828 2084 μόνων
2851 2013 2947 2067 ἀνθ
2958 2012 3154 2085 ρώπων
3179 2013 3295 2067 ἐστὶ
3327 2014 3464 2084 φῶς·
3502 2014 3756 2069 ἐδύνατο

2143 2105 2252 2176 γὰρ
2285 2103 2662 2176 προσκεῖσθαι,
2685 2105 2718 2176 ἡ
2756 2103 2868 2175 ζωὴ
2891 2099 2960 2175 ἦν
2988 2105 3048 2158 τὸ
3067 2103 3174 2158 τῶν
3213 2105 3523 2177 ἀνθρώπων
3549 2106 3757 2177 μόνων

2144 2196 2280 2265 φῶς.
2314 2196 2531 2264 Ἔξεστι
2556 2195 2666 2268 γὰρ
2697 2196 2758 2249 τὸ
2787 2195 2904 2264 φῶς
2933 2195 3380 2269 τῶνάνθρώπων,
3408 2198 3508 2251 καὶ
3523 2199 3756 2270 ἑτέρων

2144 2289 2296 2362 παρὰ
2323 2288 2449 2353 τοὺς
2476 2287 2795 2360 ἀνθρώπους
2839 2283 2976 2342 εἶναι
3012 2288 3145 2359 φῶς·
3179 2288 3255 2353 ὼς
3283 2287 3459 2355 ἔξεστι
3499 2288 3643 2342 τάδε
3682 2289 3758 2341 τὰ

2144 2379 2280 2446 ζῶα,
2315 2381 2410 2435 καὶ
2435 2380 2562 2434 τάδε
2586 2379 2655 2434 τὰ
2685 2380 2826 2450 φυτὰ
2857 2379 3158 2453 ἀνθρώπων
3195 2379 3326 2434 ὄντα
3352 2380 3590 2452 τροφὴν,
3650 2379 3756 2433 καὶ

2146 2473 2346 2544 ἐτέρων
2377 2472 2526 2546 παρὰ
2557 2474 2683 2536 τοὺς
2715 2471 3035 2543 ἀνθρώπους
3063 2471 3130 2526 τὰ
3158 2471 3297 2526 αὐτὰ
3325 2466 3464 2527 εἶναι
3496 2473 3753 2544 τροφήν.

2145 2567 2255 2620 Καὶ
2283 2565 2440 2619 τοῦτο
2487 2565 2583 2636 μὲν
2618 2565 2725 2619 ἀπὸ
2771 2565 2872 2635 τῆς
2912 2562 3198 2635 συνηθείας
3243 2564 3305 2617 τὸ
3353 2563 3753 2636 παράδειγμα’

2146 2654 2292 2720 ἄξιον
2311 2655 2367 2710 δὲ
2395 2655 2500 2709 ἀπὸ
2527 2654 2636 2708 τῶν
2669 2653 3041 2709 θεοπνεύστων
3069 2653 3242 2723 λόγων
3279 2653 3463 2722 ὅμοιον
3494 2653 3754 2706 ἀντιπα-

2151 2748 2419 2818 ραϐαλεῖν.
2468 2746 2684 2801 Ἐνθάδε
2716 2746 2895 2801 τοίνυν
2938 2745 3207 2818 ζητοῦμεν
3251 2748 3300 2800 εἰ
3333 2747 3499 2817 μηδὲν
3529 2745 3754 2798 κωλύει

2147 2841 2207 2894 τὸ
2236 2841 2349 2910 φῶς
2379 2839 2489 2894 τῶν
2517 2838 2816 2910 ἀνθρώπων
2854 2839 2946 2892 καὶ
2981 2838 3184 2910 ἐτέρων
3207 2833 3344 2892 εἶναι
3373 2837 3509 2906 φῶς·
3545 2837 3755 2906 λέγον-

2148 2950 2260 2996 τες,
2285 2933 2368 2986 ὅτι
2411 2932 2552 3003 οὐχὶ,
2583 2931 2705 2985 ἐπεὶ
2750 2930 2968 3001 λέγεται
3007 2949 3025 2980 ι
3068 2930 3181 3000 φῶς
3217 2928 3544 3002 ἀνθρώπων,
3576 2949 3601 2982 ι
3645 2929 3752 3000 ἤδη

2149 3025 2572 3080 ἀποκέκλεισται
2618 3025 2712 3077 καί
2753 3024 2957 3096 ἑτέρων
3010 3023 3162 3093 παρὰ
3216 3022 3343 3086 τοὺς
3407 3020 3755 3094 ἀνθρώπους

476 3129 602 3166 num
633 3128 754 3168 esse
785 3113 948 3166 etiam
984 3112 1160 3166 lucem
1194 3111 1447 3176 aliorum,
1497 3110 1760 3175 dicentes,
1796 3121 2046 3181 propter-

2171 3116 2496 3188 ιρειττόνων,
2540 3114 2574 3186 ἢ
2620 3114 2893 3186 ἄνθρωποι
2931 3113 3043 3184 (69)
3081 3113 3280 3184 ὁμοίων
3322 3107 3458 3165 εἶναι
3491 3111 3612 3182 (70)
3676 3111 3757 3173 ὠς

477 3219 539 3258 ea
583 3203 726 3271 quod
774 3203 989 3258 dicatur
1031 3221 1050 3256 ι
1102 3202 1193 3255 lux
1246 3201 1550 3266 hominum,
1589 3220 1608 3253 ι
1636 3217 1740 3256 non
1779 3202 1890 3272 jam
1927 3201 2049 3259 ideo

478 3294 692 3349 excludi
737 3295 966 3349 aliorum
1003 3309 1222 3364 quoque
1253 3293 1564 3349 hominibus
1588 3294 2050 3362 praestandorum,

480 3387 564 3441 vel
616 3386 930 3442 hominibus
974 3386 1266 3451 similium,
1311 3384 1476 3439 veluti
1527 3386 1700 3442 lucem
1738 3401 1880 3444 esse.
1917 3386 2050 3442 Nam

481 3493 605 3531 cum
644 3478 717 3532 sit
739 3479 1030 3548 scriptum,
1058 3479 1224 3535 Deum
1259 3495 1380 3537 esse
1409 3481 1576 3536 Deum
1627 3481 1900 3537 Abraham
1928 3520 1944 3546 ,
1996 3489 2050 3536 et

483 3569 651 3624 Deum
686 3567 870 3634 Isaac,
904 3581 958 3625 et
982 3570 1148 3627 Deum
1187 3570 1358 3628 Jacob
1389 3574 1455 3638 ",
1490 3573 1580 3642 qui
1615 3572 1891 3639 voluerit,
1923 3573 2050 3642 quia

484 3659 690 3714 dictum
720 3664 810 3726 sit,
849 3679 868 3714 ι
908 3663 1017 3716 vita
1048 3673 1166 3716 erat
1213 3664 1300 3719 lux
1344 3666 1624 3720 hominum
1659 3663 1950 3732 ",ilucem
1983 3667 2053 3720 ad

486 3749 692 3805 nullum
728 3751 894 3806 alium
927 3761 1291 3823 praeterquam
1325 3756 1392 3810 ad
1440 3756 1690 3812 homines
1734 3757 2010 3826 pertinere
2035 3796 2052 3822 ,

485 3843 761 3898 existimet
803 3854 1016 3915 oportet
1045 3846 1092 3900 is
1139 3848 1257 3915 pari
1306 3849 1504 3914 modo,
1545 3849 1712 3903 Deum
1747 3848 1947 3905 nullius
1976 3848 2055 3904 al-

489 3933 660 3988 terius
709 3933 876 3989 Deum
925 3950 1088 4001 esse,
1144 3937 1248 3991 nisi
1281 3945 1488 3992 tantum
1540 3939 1728 3993 horum
1760 3940 1919 3995 trium
1955 3956 2051 4012 pa-

489 4037 651 4081 trum.
671 4027 866 4085 Verum
890 4029 1019 4084 Elia:
1047 4029 1291 4099 profecto
1314 4031 1475 4086 etiam
1492 4032 1597 4103 75
1619 4045 1701 4087 est
1721 4033 1860 4088 Deus
1881 4035 1960 4101 “;
1982 4045 2056 4102 et,

487 4126 546 4170 nt
573 4119 751 4188 inquit
776 4118 963 4174 Judith
992 4121 1063 4186 ",
1092 4122 1264 4190 patris
1292 4123 1375 4176 sui
1403 4123 1637 4193 Symeon
1659 4163 1675 4187 ,
1705 4133 1868 4195 atque
1893 4126 2055 4182 etiam

486 4209 840 4265 Hebraeorum
865 4218 951 4265 est
979 4210 1123 4267 Deus
1155 4212 1222 4266 ⁸⁸.
1253 4212 1616 4277 Quamobrem
1671 4217 1717 4269 si
1768 4216 1901 4270 nihil
1934 4233 2059 4288 pro-

2153 3208 2287 3278 φῶς.
2332 3206 2773 3277 Ἀναγέγραπται
2806 3205 2860 3259 δὲ
2884 3207 2913 3260 ὸ
2938 3205 3070 3268 Θεὸς
3107 3203 3240 3268 Θεὸς
3271 3199 3411 3256 εἶναι
3455 3202 3752 3274 Ἀϐραὰμ,

2153 3299 2248 3355 καὶ
2277 3298 2409 3364 Θεὸς
2451 3297 2658 3364 Ἰσαὰκ,
2681 3297 2776 3352 καὶ
2802 3297 2936 3361 Θεὸς
2974 3294 3190 3350 Ἰακώϐ·
3223 3297 3252 3349 ὁ
3275 3294 3338 3366 δὴ
3387 3293 3752 3366 βουλόμενος,

2153 3392 2346 3464 ἐπειδὴ
2373 3393 2609 3464 εἰρηται,
2650 3410 2668 3444 ι
2693 3392 2727 3462 ἡ
2762 3390 2874 3464 ζωὴ
2894 3387 2963 3462 ἦν
2990 3391 3049 3445 τὸ
3080 3390 3197 3461 φῶς
3217 3389 3325 3443 τῶν
3355 3387 3700 3461 ἀνθρώπων,
3730 3407 3748 3438 ›

2153 3485 2214 3539 τὸ
2239 3486 2355 3554 φῶς
2391 3485 2614 3556 μηδενὸς
2647 3484 2835 3556 ἐτέρου
2869 3479 3009 3540 εἶναι
3033 3484 3068 3556 ἦ
3109 3484 3216 3537 τῶν
3243 3481 3566 3554 ἀνθρώπων,
3597 3482 3754 3534 κατὰ

2154 3578 2217 3632 τὸ
2267 3577 2451 3648 ὅμοιον
2494 3577 2739 3647 οἰήσεται
2785 3576 2879 3630 τὸν
2934 3575 3066 3630 Θεὸν
3139 3575 3407 3646 Ἀϐραὰμ,
3454 3573 3554 3630 καὶ
3609 3573 3753 3627 Θεὸν

2167 3669 2372 3735 Ἰσαὰκ,
2407 3669 2501 3721 καὶ
2543 3667 2674 3721 Θεὸν
2714 3665 2930 3733 Ἰακὼϐ,
2971 3666 3201 3738 μηδενὸς
3223 3660 3362 3720 εἶναι
3393 3664 3530 3718 Θεὸν
3566 3663 3605 3735 ἢ
3638 3665 3754 3716 τῶν

2157 3759 2320 3832 τριῶν
2350 3759 2522 3830 μόνων
2551 3757 2755 3812 τούτων
2794 3757 3066 3831 πατέρων.
3106 3757 3262 3810 Ἔστι
3289 3756 3399 3827 (Ἠ)
3435 3755 3491 3810 δέ
3521 3773 3586 3824 γε
3654 3755 3753 3808 καὶ

2170 3851 2347 3905 Ἡλίου
2378 3849 2530 3914 Θεὸς,
2563 3850 2678 3913 καὶ,
2708 3848 2783 3912 ὥς
2810 3866 2974 3921 φησιν
3019 3848 3228 3912 Ἰουδίθ,
3265 3846 3359 3900 τοῦ
3393 3845 3600 3918 πατρὸς
3647 3846 3750 3900 αύ-

2157 3943 2258 4013 τῆς
2297 3940 2542 4013 Συμεὼν,
2573 3942 2668 3995 καί⁸
2706 3941 2839 4006 Θεὸς
2874 3941 2982 3994 τῶν
3025 3940 3314 4012 Ἐϐραίων.
3353 3939 3553 4010 Διόπερ
3595 3937 3752 3991 κατᾶ

2164 4039 2225 4092 τὸ
2272 4041 2477 4110 ὅμοιον,
2507 4039 2555 4092 εἰ
2603 4037 2769 4109 μηδὲν
2807 4035 3004 4090 κωλύει
3043 4030 3181 4090 εῖναι
3219 4035 3382 4088 αὑτὸν
3408 4033 3503 4087 καὶ
3535 4032 3751 4103 ἑτέρων

2164 4131 2316 4195 Θεὸν,
2350 4130 2501 4184 οὐδὲν
2531 4129 2730 4183 κωλύει
2775 4123 2913 4184 εῖναι
2940 4128 3003 4181 τὸ
3030 4127 3146 4200 φῶς
3179 4127 3288 4182 τῶν
3310 4124 3620 4197 ἀνθρώπων
3653 4123 3749 4178 καί

2165 4224 2367 4296 ἐτέρων
2388 4223 2540 4295 παρὰ
2573 4223 2699 4286 τοὺς
2734 4220 3051 4294 ἀνθρώπους
3068 4220 3204 4291 φῶς.

493 4303 640 4358 hibet
667 4303 833 4357 Deum
859 4303 1084 4359 aliorum
1116 4317 1332 4371 αιιοίιυο
1358 4317 1478 4358 esse
1507 4304 1696 4370 Deum,
1731 4305 1919 4361 eodem
1963 4312 2123 4369 modo
2156 4314 2290 4369 nihil
2317 4313 2605 4385 prohibeat
2633 4320 2869 4382 oportet,
2899 4313 3076 4368 lucem
3101 4310 3386 4367 hominum
3421 4322 3544 4365 esse
3577 4307 3749 4364 etiam

492 4397 743 4463 aliorum,
781 4404 1144 4466 praeterquam
1182 4393 1490 4460 hominum,
1523 4394 1719 4450 lucem.

563 4487 651 4542 17.
697 4487 869 4542 Porro
909 4487 1050 4542 alius
1094 4487 1361 4558 quispiam
1396 4487 1563 4542 etiam
1603 4487 1912 4546 testimonio
1966 4491 2059 4550 illo
2088 4497 2138 4558 ι)

493 4588 652 4634 utens
685 4601 700 4634 :
740 4598 760 4631 ι
805 4578 1091 4636 Faciamus
1127 4579 1401 4635 hominem
1431 4578 1498 4632 ad
1547 4577 1835 4649 imaginem
1881 4590 1937 4637 et
1979 4583 2059 4639 si-

495 4669 854 4725 militudinem
886 4678 1129 4724 nostram
1156 4668 1526 4734 ",nhominem
1569 4683 1689 4726 esse
1712 4669 1862 4734 dicit,
1895 4673 2060 4742 quid-

493 4763 622 4833 quid
656 4764 722 4816 ad
754 4762 1044 4831 imaginem
1075 4770 1132 4817 et
1167 4761 1579 4816 similitudinem
1609 4761 1699 4817 Dei
1729 4763 1802 4816 sit
1831 4762 2061 4829 factum,

494 4856 797 4912 innumeris
837 4855 1020 4910 hacin
1053 4869 1113 4909 re
1155 4864 1313 4909 utens
1362 4854 1649 4923 exemplis,
1679 4853 1814 4908 nihil
1857 4854 2059 4911 referre

495 4948 808 5018 Scripturaa,
846 4947 1119 5002 hominem
1167 4945 1314 4999 dicat
1342 4961 1408 4998 an
1444 4945 1694 5012 angelum
1730 4962 1743 4998 :
1772 4945 1838 4998 de
1868 4943 2059 4999 eodem

495 5040 639 5093 enim
691 5039 934 5110 subjecto
958 5037 1156 5094 alicubi
1191 5037 1315 5105 poni
1357 5036 1532 5108 angeli
1564 5047 1617 5090 et
1644 5035 1878 5091 hominis
1903 5052 2060 5092 voca-

495 5130 721 5197 bulum,
775 5130 1232 5201 quemadmodum
1289 5130 1341 5184 in
1400 5129 1575 5183 tribus
1625 5127 1728 5183 illis
1771 5128 1862 5193 qui
1918 5128 2059 5198 apud

565 5293 613 5326 ⁵³
645 5291 833 5346 Matth.
865 5307 1000 5355 χιιι,
1028 5292 1119 5348 50.
1190 5292 1238 5326 ⁸⁵
1269 5293 1436 5348 Exod.
1465 5307 1547 5353 Ill,
1585 5289 1639 5352 6.
1680 5291 1768 5353 15,
1799 5290 1895 5351 l6;
1945 5305 2013 5345 tv.
2043 5289 2096 5346 5.

2239 4489 2433 4552 ’Ἄλλος
2481 4486 2539 4541 δέ
2587 4503 2709 4552 τις,
2777 4485 3263 4557 προσχρησάμενος
3321 4482 3428 4553 τῷ·
3497 4499 3516 4532 ι
3578 4481 3750 4558 Ποιήτ

2169 4596 2352 4652 σωμεν
2396 4577 2682 4648 ἄνθρωπον
2726 4576 2845 4629 κατ’
2885 4575 3067 4628 εἰκόνα
3117 4575 3212 4629 καὶ
3242 4571 3500 4644 ὁμοίωσιν
3543 4572 3749 4642 ἡμετέ-

2171 4690 2290 4745 ραν,
2344 4691 2361 4724 ι
2401 4672 2512 4724 πᾶν
2546 4669 2608 4722 τὸ
2645 4670 2764 4722 κατ’
2807 4669 2990 4721 εἰκόνα
3034 4667 3129 4721 καὶ
3159 4665 3415 4736 ὁμοίωσιν
3449 4663 3749 4735 γενόμενον

2167 4763 2304 4817 Θεοῦ
2356 4761 2640 4833 ἄνθρωπον
2695 4755 2833 4813 εἷναί
2867 4776 3033 4830 φησι,
3085 4758 3299 4831 μυρίοις
3345 4756 3629 4828 χρώμενος
3667 4756 3748 4817 εἰς

2166 4853 2326 4908 τοῦτο
2369 4851 2826 4924 παραδείγμασιν,
2869 4850 2952 4903 ὅτι
2983 4850 3135 4904 οὐδὲν
3165 4847 3408 4922 διαφέρει
3443 4849 3509 4919 τῇ
3549 4847 3745 4919 Γραφῇ

2166 4947 2447 5018 ἄνθρωπον
2479 4945 2512 5016 ἢ
2544 4943 2772 5015 ἄγγελον
2801 4943 2995 5012 φάναι·
3028 4942 3122 4994 ἐπὶ
3148 4940 3257 5012 γὰρ
3283 4939 3377 4993 τοῦ
3409 4937 3579 4992 αὑτοῦ
3611 4939 3744 4992 ὑπο⁴

2168 5037 2419 5109 κειμένου
2442 5039 2503 5090 ού
2521 5039 2695 5090 κεῖται
2717 5035 2829 5108 (7‘2)
2851 5037 2885 5108 ἡ
2909 5035 3136 5103 ἄγγελος
3160 5032 3255 5086 καὶ
3270 5031 3554 5101 ἄνθρωπος
3571 5048 3743 5102 προσ-

2165 5129 2396 5203 ηγορία·
2461 5129 2648 5202 ὥσπερ
2724 5129 2817 5181 ἐπὶ
2875 5126 2984 5181 τῶν
3041 5124 3388 5191 ξενισθέντων
3451 5123 3606 5195 παρὰ
3664 5121 3742 5189 τῷ

2166 5293 2212 5324 ⁸⁸
2237 5292 2396 5349 Joan.
2434 5309 2480 5359 ι,
2514 5293 2569 5346 4.
2649 5291 2694 5324 ⁸⁸
2719 5289 2782 5344 IV
2816 5289 2948 5362 Reg.
2989 5304 3050 5356 ιι,
3084 5288 3171 5343 Η.
3263 5287 3307 5319 ³⁷
3333 5284 3540 5342 Judith.
3577 5282 3734 5350 tx,2.

497 5364 543 5396 ⁸⁸
568 5362 739 5417 Exod.
769 5378 852 5428 ιιι,
885 5362 974 5428 18;
1011 5377 1062 5429 ν,
1094 5364 1160 5428 ’5;
1188 5379 1284 5428 vlt,
1313 5364 1400 5431 16;
1433 5379 1506 5430 Ix,
1535 5363 1588 5428 1,
1629 5361 1730 5426 ίός
1758 5376 1811 5427 x,
1845 5361 1900 5415 '5.
1978 5361 2024 5392 ⁸⁸

2175 5379 2251 5428 ,1,
2277 5363 2366 5418 26.

497 5565 514 5618 1
570 5493 684 5576 (68)
714 5494 963 5549 Τούτων.
1005 5494 1080 5548 Ita
1114 5497 1284 5552 codex
1314 5495 1635 5552 Bodleianus
1660 5509 1674 5559 ;
1702 5490 1922 5562 RegiIIS.
1955 5504 2067 5546 ma-

520 5582 567 5618 C.
592 5581 800 5618 τουτον.

520 5582 567 5629 e,
592 5581 800 5618 τουτον.

569 5636 681 5699 (69)
712 5638 1058 5703 Ἄνθρωποι.
1099 5633 1241 5700 Lege
1269 5635 1590 5705 ἀνθρώποις.
1618 5702 1621 5704 _

571 5707 681 5773 (70)
723 5701 921 5773 Ely-dc.
973 5705 1064 5759 Sic
1123 5708 1292 5760 codex
1345 5701 1698 5772 liodleiantts;
1765 5701 1966 5772 Regius
2012 5708 2066 5755 et

501 5771 843 5842 Bntbet‘inus,
883 5771 1012 5844 εἷεν,
1042 5774 1202 5830 male.

2237 5495 2350 5576 (71)
2380 5495 2575 5576 "Eg-zz.
2612 5493 2688 5548 Ita
2717 5492 2884 5549 codex
2910 5491 3271 5560 Bodleianus;
3302 5488 3502 5560 Regius
3523 5494 3578 5542 ct
3606 5485 3738 5540 Bar-

2165 5566 2409 5623 berinus.
2444 5565 2544 5617 ἔτι.

2237 5634 2349 5704 (³12)
2386 5637 2470 5688 Οὐ
2499 5633 2701 5704 κεῐςαι.
2745 5631 2842 5686 Vel
2875 5631 3158 5692 delendum
3206 5631 3289 5698 ού,
3334 5628 3418 5686 vel
3453 5627 3735 5699 legendum

2170 5705 2294 5770 ποῦ,
2325 5703 2400 5760 uti
2430 5705 2559 5774 legit
2584 5703 2894 5758 Ferrarius.
