3856 6524
106 361 124 412 l
136 360 192 412 53

1176 355 1547 444 COMMENT.
1579 358 1644 415 IN
1681 357 1872 416 JOAN.
1910 355 2150 414 mnus
2188 356 2252 411 ιι.

3243 364 3345 418 ιιςι

115 464 338 538 Ἀϐραὰμ
370 466 562 538 τριῶν,
602 466 697 522 καὶ
731 465 1038 538 γενομένων
1063 466 1122 520 ὲν
1151 467 1406 538 Σοδόμοις
1433 467 1547 533 δύο,
1577 469 1652 522 κα

1775 468 2051 522 Abraham
2097 469 2333 538 hospitio
2377 469 2532 525 fuere
2582 471 2794 540 excepti
2841 472 2909 537 ‘°,
2943 481 2998 526 et
3032 474 3084 528 in
3134 477 3345 534 duobus

102 561 149 610 ἐν
169 558 265 628 ὅλῳ
286 555 363 629 τῷ
393 557 576 630 εἰρμῷ
607 558 708 630 τῆς
741 558 964 631 Γραφῆς
990 557 1079 611 ὁτὲ
1107 560 1205 629 μὲν
1229 557 1423 629 ἄνδρες
1441 597 1456 624 ,
1499 558 1588 612 ὁτὲ
1611 559 1666 614 δὲ

100 649 297 719 ἄγγελοι
330 646 471 704 εἶναι
503 651 773 720 λέγονται.
823 649 968 721 Πλὴν
995 650 1023 701 0
1059 648 1217 703 τοῦτο
1248 649 1486 720 νομίζων
1529 653 1666 723 ἐρεῖ,

96 745 185 803 ὅτι,
209 741 395 816 ὥσπερ
419 742 573 815 παρὰ
605 747 718 807 τοῖς
741 741 1194 812 ὁμολογουμένοις
1219 742 1332 812 (73)
1360 740 1668 814 ἀνθρώποις

97 832 220 887 εἰσὶν
263 834 504 905 ἄγγελοι,
549 835 625 898 ὡς
659 835 687 887 0
733 833 1010 907 Ζαχαρίας
1048 832 1253 902 λέγων·
1317 853 1336 886 ι
1402 834 1668 904 Ἀγγελος

96 923 217 979 Θεοῦ
250 927 358 997 ἐγὼ
405 927 524 998 μεθ’
559 925 712 997 ὑμῶν
758 927 896 998 εἰμι,
939 925 1090 995 λέγει
1118 925 1323 997 Κύριος
1365 927 1668 998 παντοκρά-

100 1036 229 1090 τωρ·
266 1038 285 1071 ι
323 1020 417 1073 καὶ
445 1020 474 1072 0
517 1019 787 1090 Ἰωάννης,
828 1019 958 1090 περὶ
987 1011 1048 1072 οὗ
1077 1019 1420 1090 γέγραπται*
1463 1038 1482 1072 ι
1534 1021 1663 1074 Ἰδοὺ

100 1112 198 1178 ἐγὼ
216 1111 526 1165 ἀποστέλλω
551 1111 640 1164 τὸν
664 1109 891 1180 ἄγγελόν
915 1128 1018 1182 μου
1047 1111 1154 1183 πρὸ
1178 1111 1470 1184 προσώπου
1493 1129 1608 1178 σου,
1639 1131 1658 1164 ι

98 1205 253 1269 οὕτως
279 1205 371 1260 καὶ
400 1207 451 1258 οἱ
489 1204 582 1258 τοῦ
612 1204 746 1258 Θεοῦ
780 1203 998 1273 ἄγγελοι
1031 1202 1183 1276 παρὰ
1219 1203 1278 1256 τὸ
1319 1203 1479 1276 ἔργον
1509 1204 1666 1258 τοῦτο

99 1297 498 1370 χρηματίζωσι,
544 1298 638 1350 καὶ
679 1297 741 1350 οὐ
780 1295 934 1367 παρὰ
971 1295 1074 1366 τὴν
1104 1295 1265 1364 φύσιν
1296 1295 1488 1367 ἄνδρες
1532 1297 1663 1368 κλη-

97 1390 280 1454 θέντες.
323 1391 435 1443 Καὶ
473 1389 555 1443 έτι
596 1389 796 1462 μᾶλλον
828 1379 1301 1460 παραμυθήσεται,
1325 1389 1407 1441 ὅτι
1433 1389 1527 1442 ἐπὶ
1554 1388 1663 1444 τῶν

98 1482 405 1551 κρειττόνων
431 1481 712 1552 δυνάμεων
746 1479 816 1533 τὰ
843 1479 1082 1551 ὀνόματα
1111 1480 1230 1550 οὐχὶ
1261 1479 1474 1549 φύσεων
1508 1479 1662 1544 ζώων

97 1570 226 1623 ἐστὶν
260 1571 520 1640 ὀνόματα,
557 1569 689 1623 ἀλλὰ
729 1568 955 1635 τάξεων,
985 1562 1061 1622 ὧν
1085 1569 1180 1640 ἥδε
1219 1586 1304 1630 τις
1334 1571 1430 1624 καὶ
1454 1569 1547 1641 ἥδε
1577 1569 1664 1624 λο-

94 1663 208 1734 γικὴ
240 1663 401 1732 φύσις
427 1663 678 1734 τέτευχεν
713 1662 822 1716 ἀπὸ
843 1661 979 1715 Θεοῦ
1000 1679 1014 1694 ο
1051 1661 1240 1734 θρόνος
1268 1661 1377 1733 γὰρ
1396 1663 1498 1717 οὐκ
1522 1657 1662 1727 εἶδος

96 1753 220 1816 ζὼου
260 1755 397 1826 (74),
430 1755 552 1808 οὐδὲ
595 1755 760 1827 ἁρχὴ,
790 1754 911 1808 οὐδὲ
941 1755 1222 1825 κυριότης,
1258 1754 1380 1807 οὐδὲ
1419 1753 1658 1821 ἐξουσία,

101 1847 220 1901 ἀλλὰ
256 1847 502 1919 ὀνόματα
562 1847 942 1918 πραγμάτων,
993 1848 1079 1915 ἐφ’
1125 1840 1199 1899 ὧν
1246 1845 1556 1918 ἐτάχθησαν
1617 1849 1666 1900 οἱ

91 1939 215 1992 οὕτω
241 1940 799 2012 προσαγορευόμενοι,
825 1932 903 1992 ὧν
933 1938 994 1992 τὸ
1021 1938 1378 2009 ὑποκείμενον
1404 1939 1506 1991 οὐκ
1534 1936 1664 1991 ἄλλο

90 2030 137 2081 τί
155 2033 292 2084 ἐστιν
324 2031 359 2102 ἢ
386 2031 697 2103 ἄνθρωπος,
726 2033 821 2086 καὶ
850 2030 929 2101 τῷ
969 2029 1316 2100 ὑποκειμένῳ
1346 2027 1662 2100 συμϐέϐηκε

91 2119 142 2172 τὸ
168 2120 336 2193 θρόνῳ
364 2117 527 2187 εἶναι,
564 2123 598 2194 ἢ
630 2122 933 2194 κυριότητι,
963 2120 998 2192 ἢ
1024 2120 1191 2192 ἀρχῇ,
1220 2119 1254 2192 ἢ
1285 2118 1522 2190 ἐξουσίᾳ.
1553 2118 1663 2172 Καὶ

89 2211 141 2262 ὲν
172 2212 244 2283 τῷ
295 2215 476 2286 Ἰησοῦ
511 2215 567 2268 δὲ
595 2214 671 2286 τῷ
704 2214 799 2268 τοῦ
833 2215 989 2287 Ναυῆ
1027 2217 1204 2269 κεῖται
1234 2213 1328 2267 τό·
1375 2211 1553 2283 Ὠφθη
1585 2211 1664 2283 τῷ

101 2303 260 2375 Ἰησοῦ
289 2305 578 2379 ἄνθρωπος
618 2309 675 2360 ἐν
716 2306 948 2379 Ἱεριχὼ,
986 2307 1044 2371 ὃς
1077 2323 1268 2379 φησιν’
1310 2323 1329 2358 ι
1387 2303 1530 2373 Ἐγὼ
1561 2304 1661 2376 ἀρ-

88 2396 436 2468 χιστράτηγος
480 2399 686 2471 Κυρίου
728 2398 1012 2471 δυνάμεως
1051 2399 1170 2451 νυνὶ
1208 2397 1582 2469 παραγέγονά.
1635 2415 1655 2448 ι

91 2486 230 2538 Κατὰ
268 2487 430 2541 τοῦτο
469 2485 584 2554 οὖν,
632 2489 708 2553 ὡς
756 2491 870 2544 ἴσον
906 2489 1235 2561 δυνάμενον,
1271 2489 1568 2562 ὲκλήψεται
1600 2489 1664 2544 τὺ

89 2577 191 2644 φῶς
209 2578 316 2632 τῶν
345 2579 651 2652 ἀνθρώπων
681 2582 774 2635 καὶ
808 2583 924 2651 φῶς
959 2582 1158 2646 παντὸς
1191 2581 1430 2651 λογικοῦ,
1462 2583 1662 2648 παντὸς

89 2668 287 2738 λογικοῦ
327 2671 407 2743 τῷ
439 2675 559 2726 κατ’
590 2674 773 2727 είκόνα
800 2673 895 2728 καὶ
933 2674 1192 2745 ὁμοίωσιν
1221 2670 1360 2728 εἶναι
1398 2674 1534 2729 Θεοῦ
1563 2677 1660 2731 άν-

88 2760 289 2831 θρώπου
321 2765 702 2836 τυγχάνοντος.
751 2767 825 2820 Τὸ
861 2767 991 2819 αὐτὸ
1025 2768 1274 2838 μέντοιγέ
1313 2769 1428 2821 ἐστι
1455 2769 1662 2841 τριχῶς

87 2855 490 2929 ὀνομαζόμενον,
521 2858 649 2925 Φῶς
675 2859 792 2912 τῶν
819 2861 1167 2929 ἀνθρώπων,
1199 2863 1294 2916 καὶ
1321 2860 1658 2928 ἁπαξαπλῶς

87 2947 222 3015 Φῶς.
253 2951 349 3003 καὶ
380 2950 510 3018 Φῶς
554 2953 878 3019 ἀληθινόν
913 2951 1029 3022 φῶς
1069 2953 1167 3024 μὲν
1196 2948 1290 3008 οὖν
1333 2954 1658 3025 ἀνθρώπων,

91 3039 214 3105 ἦτοι,
241 3041 318 3106 ῶς
349 3043 856 3116 πφαποδέδεικται,
893 3045 1103 3109 οὐδενὸς
1135 3045 1436 3110 κωλύοντος
1465 3046 1525 3100 τὸ
1567 3047 1660 3100 ὲκ-

87 3129 367 3203 λαμϐάνειν
403 3137 497 3190 καὶ
540 3137 745 3210 ἐτέρων
778 3138 930 3210 παρὰ
965 3138 1058 3193 τὸν
1098 3137 1384 3210 ἄνθρωπον
1412 3133 1553 3192 εἶναι
1599 3137 1657 3191 τὺ

85 3225 209 3291 φῶς,
233 3227 266 3297 ἢ
297 3228 516 3282 πάντων
545 3229 655 3282 τῶν
681 3230 934 3300 λογικῶν,
957 3231 1046 3285 διὰ
1069 3231 1132 3285 τὸ
1164 3233 1284 3285 κατ’
1313 3231 1496 3286 εἰκόνα
1522 3229 1656 3284 Θεοῦ

83 3318 349 3384 γεγονὼαι
377 3319 476 3373 ἀνθ
485 3320 683 3392 ρώπων
713 3322 1084 3394 καλουμένων.
1347 3306 1355 3309 -

1773 558 1866 627 qui
1903 557 2156 629 Sodomis
2187 557 2408 613 fuerunt
2440 559 2506 623 “,
2536 571 2593 616 et
2617 560 2671 614 in
2705 570 2818 616 tota
2853 561 3152 632 Scriptura:
3177 567 3342 634 serie,

1771 650 2070 720 aliquando
2097 651 2318 721 quidem
2351 652 2525 722 angeli
2553 693 2570 719 ,
2601 653 2894 724 aliquando
2923 670 3052 711 vero
3094 655 3346 714 homines

1769 757 1892 798 esse
1921 743 2197 798 dicuntur.
2229 743 2370 810 Quin
2400 746 2590 808 etiam,
2625 746 2720 816 qui
2754 747 2860 802 hoc
2887 746 3208 812 existimat,
3260 751 3345 804 di-

1767 844 1855 888 cet
1883 834 2025 902 quod
2058 843 2116 888 ut
2162 835 2408 892 homines
2438 838 2613 892 vocali
2645 849 2771 894 sunt
2799 840 2977 908 angeli
2999 881 3016 907 ,
3065 841 3207 910 apud
3236 857 3334 897 eos

1767 941 1901 996 quos
1929 925 2103 996 palam
2141 925 2369 984 cernere
2395 939 2478 984 est
2520 945 2643 986 esse
2673 931 2940 996 homines,
2976 933 3335 1001 quemadmo-

1766 1018 1894 1074 dum
1953 1018 2252 1075 Zacharias
2283 1021 2470 1098 tlicens
2501 1039 2515 1076 :
2557 1040 2576 1074 ι
2613 1022 2851 1092 Angelus
2901 1023 2995 1078 Dei
3032 1040 3132 1094 ego
3165 1026 3344 1080 vobis-

1765 1126 1890 1166 cum
1938 1127 2080 1180 sum,
2110 1112 2242 1181 dicit
2266 1113 2524 1169 Dominus
2545 1117 2891 1185 omnipotens
2917 1118 2963 1150 “
2998 1133 3014 1171 :
3057 1135 3080 1172 ι
3112 1117 3347 1174 etJoano

1773 1218 1895 1266 nes,
1922 1203 1990 1259 de
2013 1218 2122 1273 quo
2154 1205 2416 1274 scriptum
2443 1215 2526 1260 est
2553 1207 2599 1238 "
2637 1224 2652 1261 :
2689 1227 2708 1260 ι
2743 1207 2883 1263 Ecce
2911 1223 3012 1280 ego
3055 1209 3213 1265 mitto
3239 1226 3341 1265 an-

1764 1293 1944 1364 gelum
1996 1309 2173 1350 mcum
2209 1306 2335 1349 ante
2366 1295 2561 1352 faciem
2603 1304 2773 1364 tuam,
2819 1317 2838 1350 ι
2895 1299 2976 1354 sic
3027 1300 3191 1354 etiam
3242 1299 3339 1355 Dei

1763 1387 1938 1457 angeli
1971 1388 2076 1442 hoc
2107 1388 2374 1444 vocabulo
2406 1403 2802 1458 nuncupantur,
2829 1401 3052 1462 propter
3078 1391 3340 1457 cilicium,

1763 1489 1817 1533 et
1839 1494 1944 1534 non
1976 1487 2200 1549 propter
2225 1491 2476 1534 naturam
2509 1482 2682 1535 vocati
2713 1481 2838 1536 viri.
2867 1482 3134 1538 Praeterea
3165 1485 3340 1554 magis

1761 1573 1925 1625 etiam
1950 1571 2051 1626 hoc
2067 1572 2443 1627 corroborabit
2459 1575 2713 1641 quoniam
2736 1576 2951 1629 nomina
2972 1576 3024 1630 in
3043 1576 3336 1632 virtutibus

1761 1663 2236 1732 pra-stautioribus
2286 1680 2393 1718 non
2451 1679 2772 1719 naturarum
2834 1667 3150 1720 animalium
3207 1681 3337 1722 sunt

1762 1755 2006 1823 nomina,
2054 1757 2150 1812 sed
2201 1756 2474 1820 ordinum,
2508 1773 2645 1827 quos
2673 1758 2789 1813 tunc
2837 1768 2893 1814 et
2934 1759 3050 1816 haec
3099 1761 3336 1818 rationis

1700 1847 1740 1902 Β
1769 1862 1994 1919 compos
2045 1858 2237 1902 natura
2288 1847 2482 1903 sortita
2535 1849 2672 1902 sita
2724 1849 2877 1904 Deo:
2913 1851 3143 1907 thronus
3189 1853 3336 1910 enim

1767 1955 1872 1994 non
1901 1939 2112 2010 species
2150 1939 2403 1995 animalis
2427 1951 2532 2007 est,
2570 1957 2745 2013 neque
2772 1942 3130 2012 principatus,
3159 1959 3339 2013 neque

1764 2031 2082 2097 dominatio,
2133 2047 2309 2102 neque
2337 2042 2576 2101 potestas
2609 2034 2820 2103 species
2864 2043 2992 2089 sunt
3040 2035 3291 2090 animalis
3319 2076 3338 2102 ,

1764 2123 1862 2177 sed
1901 2137 2084 2177 rerum
2128 2122 2347 2177 nomina
2376 2161 2392 2188 ,
2441 2124 2493 2178 itt
2541 2122 2739 2193 quibus
2768 2123 3002 2178 ordinati
3039 2134 3206 2189 sunt,
3241 2127 3336 2195 qui

1764 2215 1845 2270 sic
1879 2213 2228 2285 appellantur
2255 2254 2271 2280 ,
2301 2230 2534 2287 quorum
2566 2217 2868 2286 subjectum
2902 2216 3036 2271 nihil
3072 2217 3218 2272 aliud
3241 2219 3337 2284 sit,

1762 2322 1926 2377 quam
1963 2308 2156 2371 homo,
2181 2307 2821 2379 culsubjectocontingat
2854 2324 2976 2365 esse
2999 2310 3080 2366 vel
3113 2311 3339 2377 throno,

1765 2399 1847 2452 vel
1895 2399 2278 2465 dominationi,
2307 2398 2392 2455 vel
2424 2400 2755 2470 principatui
2777 2442 2793 2469 ,
2833 2404 2914 2458 vel
2959 2403 3236 2472 potestati.
3268 2403 3338 2458 Et

1766 2491 1819 2546 in
1849 2489 1976 2546 Jcsu
2007 2491 2159 2547 Nave
2179 2492 2405 2562 ponitur
2447 2493 2606 2559 illud,
2637 2493 2796 2550 Visus
2826 2504 2908 2549 est
2942 2493 3070 2550 Jesu
3103 2495 3206 2564 ipsi
3235 2495 3338 2550 ho-

1763 2596 1854 2637 mo
1892 2581 1945 2636 in
1981 2580 2240 2647 Jericho,
2293 2583 2388 2652 qui
2438 2583 2658 2652 lnquit:
2698 2600 2717 2635 t
2753 2583 2866 2654 Ego
2916 2599 3037 2639 sum
3083 2587 3340 2654 princeps

1762 2674 2038 2730 exercitus
2065 2673 2324 2743 potentiae
2352 2673 2588 2738 Domini,
2638 2690 2780 2730 nunc
2805 2675 3011 2731 accessi
3055 2673 3122 2728 “.
3174 2693 3194 2728 ι
3237 2674 3340 2730 Se-

1763 2765 1999 2821 cundum
2042 2763 2146 2817 hoc
2175 2778 2306 2833 ergo
2333 2801 2352 2829 ,
2381 2773 2438 2817 ut
2466 2779 2622 2833 teque
2646 2764 2850 2830 valens,
2882 2765 3338 2836 interpretabitnr

1761 2856 1940 2912 lucem
1987 2855 2268 2910 hominum
2323 2854 2500 2909 lucem
2553 2857 2718 2910 etiam
2747 2871 2870 2911 esse
2899 2856 3197 2924 cujuslibet
3243 2857 3334 2926 qui

1762 2949 1990 3003 rationis
2020 2948 2092 3003 sit
2126 2961 2370 3016 compos,
2398 2947 2600 3016 quippe
2624 2947 2752 3016 quia
2779 2947 2849 3002 sit
2874 2947 3059 3015 homo,
3085 2948 3154 3001 ad
3187 2947 3331 3001 ima-

1760 3042 1938 3113 ginem
1977 3051 2032 3095 et
2087 3039 2507 3096 similitudinem
2563 3042 2682 3096 Dei.
2731 3039 2875 3097 Sane
2904 3041 2994 3094 lux
3024 3042 3140 3110 ipsa
3175 3039 3336 3094 trifa-

1763 3135 1899 3187 riam
1936 3131 2268 3197 nominatur,
2315 3131 2408 3184 tua:
2437 3131 2705 3185 hominum
2727 3171 2744 3196 ,
2775 3141 2830 3187 et
2869 3131 3190 3200 simpliciter
3217 3130 3336 3199 lux,

1765 3236 1820 3280 et
1846 3225 1939 3280 lux
1976 3241 2119 3279 nera.
2155 3225 2334 3296 Atque
2377 3224 2476 3278 lux
2515 3224 2734 3294 quidem
2780 3234 2863 3279 est
2900 3223 3202 3288 hominum,
3252 3222 3336 3276 vel

1764 3316 1908 3387 quod
1935 3356 1952 3384 ,
1984 3324 2047 3370 ut
2083 3325 2210 3370 ante
2255 3325 2534 3372 ostensum
2575 3326 2700 3382 est,
2732 3315 2865 3370 nihil
2899 3315 3181 3385 prohibeat
3210 3329 3332 3368 eam

86 3410 372 3481 intelligere
399 3413 577 3468 lucem
625 3417 789 3470 etiam
822 3416 1052 3471 aliorum
1083 3424 1279 3486 prater
1308 3416 1581 3472 hominem
1611 3428 1754 3480 esse,
1791 3411 1873 3465 vel
1908 3409 2052 3478 quod
2077 3423 2267 3465 omnes
2296 3409 2391 3481 qui
2422 3410 2650 3466 rationis
2671 3417 2796 3466 sunt
2829 3417 3128 3478 compotes,
3152 3406 3336 3464 homi-

93 3521 180 3562 nes
204 3518 489 3574 verentur,
524 3509 645 3577 quia
682 3509 808 3564 facti
841 3511 953 3564 sint
979 3511 1045 3564 ad
1071 3511 1361 3583 imaginem
1394 3519 1448 3564 et
1476 3507 1886 3564 similitudinem
1919 3504 2034 3559 Dei.

157 3601 303 3653 Ἐπεὶ
357 3599 414 3652 δὲ
477 3599 593 3668 φῶς
652 3599 990 3667 ἁπαξαπλῶς
1041 3601 1273 3656 ἐνταῦθα
1331 3603 1430 3673 μὲν
1462 3605 1492 3656 0
1531 3603 1648 3656 Σω-

83 3691 194 3763 τὴρ,
230 3693 285 3745 ἐν
305 3693 364 3747 δὲ
385 3695 452 3764 τῇ
481 3683 758 3766 Καθολικῇ
784 3693 876 3748 τοῦ
902 3693 1066 3748 αὐτοῦ
1096 3694 1342 3749 Ἰωάννου
1359 3693 1644 3766 Ἐπιστολῇ

80 3781 286 3852 λέγεται
326 3787 357 3837 0
389 3784 523 3850 Θεὸς
547 3781 687 3839 εἷναι
718 3785 854 3856 φῶς,
890 3788 918 3839 0
957 3786 1056 3858 μέν
1094 3804 1176 3850 τις
1201 3786 1370 3840 οἴεται
1409 3786 1519 3858 (75)
1554 3787 1648 3839 καὶ

81 3877 313 3930 ἐντεῦθεν
361 3876 864 3941 κατασκευάζεσθαι
895 3881 960 3950 τῇ
1003 3879 1160 3952 οὐσίᾳ
1193 3878 1266 3950 μὴ
1307 3878 1648 3950 διεστηκέναι

78 3968 160 4020 τοῦ
192 3968 319 4021 Υἱοῠ
351 3969 443 4021 τὸν
469 3969 725 4041 Πατέρα’
767 3970 795 4022 0
839 3969 896 4024 δέ
933 3987 1018 4034 τις
1055 3962 1446 4042 ἀκριϐέστερον
1484 3971 1653 4042 τηρή-

79 4073 184 4122 σας.
209 4061 238 4112 0
274 4060 374 4113 καὶ
400 4051 717 4132 ὑγιέστερον
758 4060 951 4130 λέγων,
995 4063 1158 4133 φήσει
1189 4062 1250 4115 οὐ
1285 4061 1482 4115 ταύτὸν
1513 4056 1652 4114 εἶναι.

76 4150 130 4203 τὸ
156 4156 342 4220 φαῖνον
377 4155 436 4206 ὲν
472 4156 536 4224 τῇ
574 4153 765 4225 σκοτίᾳ
801 4154 937 4223 φῶς,
972 4155 1068 4208 καὶ
1118 4154 1193 4225 μὴ
1237 4153 1654 4225 καταλαμϐανό-

79 4261 224 4310 μενον
270 4244 369 4298 ὑπ’
401 4245 596 4316 αὐτῆς,
643 4245 736 4298 καὶ
772 4245 834 4298 τὸ
879 4245 1014 4315 φῶς,
1054 4247 1112 4299 ὲν
1155 4239 1200 4314 ᾧ
1237 4245 1490 4317 οὐδαμῶς
1534 4247 1651 4299 ἐστι

78 4337 271 4391 σκοτία.
309 4337 388 4390 Τὸ
429 4337 528 4407 μὲν
555 4338 664 4409 γὰρ
704 4340 893 4406 φαῖνον
918 4339 975 4390 ὲν
999 4340 1065 4409 τῇ
1094 4337 1282 4410 σκοτίᾳ
1314 4337 1450 4407 φῶς,
1483 4325 1648 4390 οἱονεὶ

76 4426 358 4498 ἐπέρχεται
413 4431 481 4500 τῇ
534 4428 742 4499 σκοτίᾳ·
789 4429 884 4482 καὶ
937 4427 1264 4499 διωκόμενον
1309 4429 1402 4482 ὑπ’
1449 4429 1642 4498 αὐτῆς,

77 4519 180 4584 καὶ,
242 4521 310 4574 ἶν’
367 4521 545 4586 οὕτως
603 4521 764 4586 εἴπω,
824 4520 1304 4593 ἐπιϐουλευόμενον
1365 4521 1425 4573 οὐ
1476 4537 1647 4574 κατα-

76 4608 433 4680 λαμϐάνεται·
477 4615 539 4668 τὸ
573 4615 629 4669 δὲ
689 4616 824 4686 φῶς,
878 4616 936 4669 ὲν
986 4608 1032 4684 ᾧ
1076 4613 1303 4685 οὐδεμία
1361 4613 1478 4666 ἐστὶ
1519 4629 1648 4666 σκο-

75 4707 172 4770 τία,
196 4707 325 4760 οὔτε
364 4708 544 4777 φαίνει
574 4711 632 4764 ἐν
663 4712 729 4781 τῇ
775 4709 984 4781 σκοτίᾳ,
1017 4708 1139 4762 οὔτε
1178 4706 1276 4779 τὴν
1315 4706 1490 4778 ἀρχὴν
1524 4705 1648 4758 διώ-

77 4815 215 4853 κεται
258 4801 360 4854 ὑπ’
409 4801 602 4873 αὐτῆς,
651 4802 739 4855 ἵνα
781 4801 878 4855 καὶ
928 4801 1005 4866 ὡς
1053 4798 1219 4853 νικῶν
1259 4799 1647 4870 ἀναγράφηται

136 4923 176 4953 ⁸⁸
195 4922 340 4978 Gen.
373 4939 530 4990 mu,
552 4923 588 4976 2
609 4932 664 4979 et
687 4939 802 4993 seq.

77 4990 193 5046 Luc.
225 5011 322 5057 vn,
355 4995 444 5047 27.
519 4989 585 5026 ⁷⁵⁵
614 4993 730 5050 Jos.
762 4989 816 5058 ι,
851 4995 941 5058 l3,
973 4995 1059 5049 Η.
1144 4993 1189 5025 ⁸⁵
1219 4992 1236 5045 Ι
1267 4991 1425 5047 Joan.
1460 5007 1500 5056 ι,
1543 4989 1599 5045 5.

134 5090 240 5158 (75)
271 5091 506 5158 Ὥσπερ
566 5091 725 5159 παρὰ
771 5090 895 5157 τοῖς
947 5089 1500 5160 ὁμολογουμένοιςε-
1534 5098 1640 5160 etc.

77 5156 492 5230 Observavimus
517 5156 679 5228 supra
708 5163 772 5215 ad
805 5156 1062 5230 Origenis
1088 5156 1214 5214 tom.
1243 5156 1321 5214 in
1353 5159 1409 5230 in
1445 5156 1641 5230 Matth.

78 5245 220 5285 ιιιιιιηι
281 5233 392 5284 hoc
449 5229 624 5285 fuisse
676 5229 922 5301 exiejus’
965 5231 1332 5301 dogmatibus,
1389 5229 1644 5285 homines

72 5313 276 5355 sam-tos
314 5302 546 5365 angelos
572 5316 715 5355 esse.
757 5300 1022 5357 Hunnus.

132 5371 240 5441 (74)
268 5372 503 5439 Gpéroc
523 5370 637 5439 γὰρ
654 5373 769 5426 οὐκ
800 5367 961 5438 εἶδος
990 5369 1157 5441 ἄξιον,
1181 5378 1288 5441 etc.
1309 5368 1406 5441 7E:
1431 5369 1534 5434 hoc
1561 5369 1642 5426 lo-

74 5451 132 5492 co
167 5439 225 5494 et
265 5441 706 5511 precedentihus
745 5442 954 5512 angelis
1012 5449 1090 5512 et,
1118 5439 1637 5512 hominibusdunam

74 5510 416 5580 gamdemque
469 5520 726 5566 naturam
793 5510 1010 5567 videtur
1057 5511 1330 5580 Origenes;
1373 5510 1634 5566 tribuere.

80 5575 225 5648 Hujus
251 5575 421 5650 super
461 5596 526 5651 ea
569 5597 629 5636 re
658 5583 963 5638 doctrinam
1015 5582 1134 5639 fuse
1159 5575 1240 5635 'in
1295 5578 1632 5651 Origent'ant's

76 5649 434 5717 expendimus.
476 5649 553 5705 In.

134 5722 237 5792 (75)
280 5722 337 5774 '0
372 5723 491 5791 μέν
519 5741 610 5787 τις
635 5723 839 5785 οἴεται.
870 5730 979 5780 etc.
1036 5722 1169 5777 Hinc
1206 5734 1394 5774 ansam
1426 5720 1632 5792 calum-

81 5791 238 5846 niandi
271 5793 530 5861 Origenis
564 5795 731 5860 arripi
764 5794 986 5847 minime
1033 5805 1189 5859 posse
1219 5799 1401 5845 monet
1438 5791 1628 5845 Ferra-

79 5865 209 5931 rius;
259 5881 370 5921 nou
421 5866 570 5921 enim
621 5864 832 5921 Patrem
879 5863 1112 5933 ejusdem
1162 5877 1286 5918 esse
1313 5861 1628 5918 substantiae

1831 3597 1941 3670 76
1975 3599 2063 3655 £8.
2099 3597 2238 3666 Quia
2285 3611 2416 3652 vero
2445 3595 2534 3649 lux
2582 3593 2906 3662 simpliciter
2955 3593 3059 3649 hoc
3103 3591 3159 3647 in
3214 3589 3333 3646 loco

1761 3688 2024 3745 Servator
2048 3730 2062 3754 ,
2099 3691 2152 3744 in
2188 3689 2358 3758 ipsius
2387 3702 2516 3742 vero
2545 3686 2772 3742 Joannis
2805 3685 3085 3741 Catholica
3113 3683 3333 3753 Epistoo

1759 3786 1807 3841 la
1836 3787 1906 3854 “,
1940 3787 2080 3844 Deus
2103 3786 2193 3840 lux
2226 3799 2346 3840 esse
2377 3783 2598 3847 dicitur,
2631 3781 2770 3835 alius
2795 3781 3012 3850 quidem
3045 3779 3329 3833 existimat

1756 3880 1920 3934 etiam
1949 3879 2074 3934 hinc
2105 3877 2286 3948 colligi
2315 3917 2330 3942 ,
2372 3876 2586 3931 Patrem
2621 3890 2650 3927 a
2690 3873 2832 3928 Filio
2861 3871 3166 3927 substantia
3215 3886 3322 3925 non

1750 3971 1988 4028 differre.
2022 3970 2124 4039 Qui
2166 3985 2296 4025 vero
2327 3979 2382 4026 et
2429 3967 2746 4038 diligentius
2787 3963 3093 4021 observarit
3137 3973 3195 4019 et
3243 3977 3330 4016 re-

1754 4066 1893 4121 ctius
1943 4064 2153 4119 locutus
2199 4061 2382 4126 fuerit,
2414 4061 2556 4116 dicet
2583 4075 2689 4113 non
2724 4058 2863 4113 idem
2898 4072 3037 4122 esse,
3091 4056 3180 4110 lux
3211 4070 3333 4124 quze

1749 4157 1803 4212 itt
1834 4155 2077 4211 tenebris
2111 4153 2328 4220 luceat,
2361 4153 2428 4206 ab
2456 4150 2564 4205 illis
2600 4164 2707 4205 non
2733 4147 3103 4218 apprehensa,
3137 4153 3192 4199 et
3235 4143 3326 4196 lux

1749 4248 1804 4304 in
1839 4265 1944 4318 qua
1996 4247 2418 4315 haudquaquam
2473 4244 2583 4298 sint
2634 4242 2896 4297 tenebrae.
2947 4237 3226 4306 Siquidem
3263 4249 3328 4288 ea

1753 4341 1846 4396 lux
1873 4358 1992 4411 qua:
2028 4341 2080 4396 in
2118 4339 2361 4395 tenebris
2393 4339 2536 4392 lucet
2565 4377 2581 4402 ,
2613 4344 2870 4405 tanquam
2900 4331 3216 4403 supervenit
3246 4340 3329 4384 te-

1756 4435 1942 4488 nebris
1971 4451 1985 4500 ;
2024 4446 2259 4500 cumque
2293 4431 2361 4485 ab
2385 4430 2519 4499 ipsis
2540 4429 2970 4500 persecutionem
2995 4425 3328 4494 patitur,et,

1755 4532 1812 4577 ttt
1835 4523 1909 4579 ita
1948 4525 2150 4588 dicam,
2188 4521 2403 4575 insidiis
2435 4519 2660 4590 petitur,
2690 4535 2794 4574 non
2826 4516 3326 4587 comprehenditur.

1751 4616 1822 4670 At
1857 4615 1947 4669 lux
1982 4615 2034 4669 in
2069 4630 2171 4684 qua
2207 4614 2367 4669 nulla!
2400 4622 2529 4670 sunt
2560 4613 2819 4675 tenebm,
2853 4623 3032 4680 neque
3078 4609 3221 4662 lucet
3269 4607 3323 4660 itt

1755 4706 2013 4772 tenebris,
2055 4719 2232 4775 neque
2276 4705 2386 4760 ullo
2418 4705 2580 4760 modo
2609 4703 2678 4759 ab
2711 4702 2844 4772 ipsis
2885 4699 3321 4771 persecutionem

1750 4799 1979 4869 patitur,
2001 4809 2060 4854 ut
2081 4814 2181 4855 ceu
2215 4800 2444 4856 vincens
2467 4797 2683 4871 publice
2714 4794 3045 4858 declaretur,
3075 4790 3219 4861 quod
3253 4794 3324 4842 ab

890 4924 937 4958 ~“
975 4923 1107 4978 ibid.
1141 4938 1256 4982 x-tx,
1278 4922 1338 4992 il.
1421 4921 1466 4954 “
1499 4920 1652 4992 Aggm

1787 4921 1870 4978 15.
1952 4921 1997 4954 ⁵³
2031 4921 2261 4978 Malach.
2291 4936 2375 4988 ιιι,
2410 4921 2470 4989 l;
2507 4918 2698 4974 Matth.
2726 4933 2801 4984 ιι,
2838 4915 2940 4980 1ος
2979 4911 3148 4967 Marc.
3180 4925 3222 4975 ι,
3252 4905 3321 4968 2:

1750 5102 1812 5158 ac
1843 5087 2041 5142 Filium
2090 5100 2298 5158 negare
2352 5085 2442 5140 hic
2485 5073 3084 5158 A_damantiu_m,‘_quod
3135 5071 3326 5158 multis

1751 5157 1869 5227 ipse
1903 5157 2104 5226 alioqui
2135 5143 2266 5212 locis
2299 5164 2487 5227 aperte
2507 5155 2694 5227 docet:
2731 5149 2824 5204 sed
2849 5143 3184 5227 Inliciari_ex
3219 5143 3323 5227 hoc

1747 5214 1866 5284 loco
1901 5229 1951 5284 id
1985 5214 2162 5296 colligi
2190 5214 2366 5296 posse.
2425 5225 2494 5279 At
2521 5223 2902 5296 lucetn_tatnen
2938 5232 3062 5296 quae
3093 5214 3321 5296 lucetin

1749 5299 2010 5363 tenebris,
2060 5285 2338 5369 Christum
2374 5309 2570 5369 nempe
2616 5290 2800 5369 quiin
2851 5285 3114 5369 mundum
3150 5285 3321 5369 venit,

1745 5377 1799 5424 et
1827 5359 2076 5424 naturam
2103 5361 2392 5423 humanam
2426 5359 2618 5426 induit,
2647 5377 2676 5415 a
2707 5360 2824 5415 luce
2853 5359 2941 5412 illa
2970 5371 3090 5426 qua:
3119 5359 3317 5426 nonin

1749 5441 1986 5494 tenebris
2013 5439 2189 5508 lucet,
2225 5436 2388 5508 Patre
2419 5425 2704 5508 videlicet,
2750 5425 3053 5508 sepa_rat;et
3095 5425 3322 5508 inferio-

1743 5525 1855 5563 rem
1881 5509 2108 5574 statuit;
2145 5495 2222 5561 ait
2245 5507 2387 5560 enim
2415 5495 2429 5559 ξ
2464 5498 2533 5574 ᾬ
2561 5501 2618 5556 δὲ
2642 5501 2786 5574 λόγῳ
2808 5495 3047 5574 όᾼῐζᾳτὴρ
3071 5497 3169 5567 τῆς
3195 5495 3322 5574 ἀλης

1741 5579 1890 5645 θείας
1919 5579 2052 5643 Θεὸς
2097 5567 2300 5631 πλείων
2324 5576 2440 5630 ἐστὶ
2469 5567 2563 5629 καὶ
2597 5567 3137 5645 μείζώνῆάλήθεια·
3159 5567 3261 5645 καὶ
3288 5567 3320 5620 0

1739 5639 1926 5725 Πατῆρ
1955 5639 2248 5725 div-copia;
2275 5647 2544 5725 ,κρείττων
2579 5639 2695 5725 ἔστι
2723 5642 2818 5724 καὶ
2843 5639 3114 5725 διᾳφέρων
3154 5639 3315 5725 me???

1739 5721 1857 5791 φία,
1880 5707 2079 5792 ”τούτῳ
2119 5707 2376 5792 ὗπερέχει
2417 5717 2512 5792 τοῦ
2552 5710 2691 5792 εἶναι
2727 5707 3315 5792 φῶςάλιδθινόνκνιιιε

1738 5778 1791 5848 et
1820 5778 1937 5864 qua:
1961 5778 2428 5862 scq'uutttu'r."Sed
2464 5791 2529 5846 dc
2561 5789 2645 5845 his
2673 5778 3112 5854 itt'Ot-ivent'auis.
3149 5778 3226 5834 lo.
