3856 6614
534 445 638 502 155

531 562 665 631 ipsis
689 559 1141 634 persequentibus
1166 575 1272 616 non
1309 558 1380 616 sit
1409 560 1766 630 apprehensa.
1801 555 1986 614 Tertio
2018 556 2098 613 di-
2127 561 2174 618 Δ

530 660 677 711 citur
703 656 818 710 haec
841 656 952 719 lux,
981 671 1000 706 ι
1034 653 1127 707 lux
1153 666 1281 708 vera
1323 652 1389 705 ⁸⁸.
1431 673 1451 706 ι
1495 651 1611 719 Qua
1643 652 1894 720 portione
1917 660 2100 707 autem

533 747 696 802 Pater
733 745 998 811 veritatis,
1046 743 1188 800 Dens
1225 743 1458 815 amplior
1502 755 1560 800 et
1605 744 1782 814 major
1815 752 1896 799 est
1937 758 2100 814 quam

531 838 766 905 veritas;
793 847 848 892 et
881 836 1044 891 Pater
1072 851 1196 891 cum
1218 836 1288 890 sit
1315 837 1618 906 sapientiae,
1647 836 1842 892 melior
1881 845 1936 891 et
1965 851 2103 904 pra:-

529 930 763 984 stantior
813 938 896 984 est
921 927 1212 997 sapientia,
1252 927 1352 983 hac
1395 928 1559 982 etiam
1603 927 1853 998 portione
1881 935 2104 996 superat

530 1022 704 1077 lucem
742 1034 865 1076 esse
891 1035 1097 1074 veram.
1143 1020 1400 1088 Apertius
1437 1029 1617 1075 autem
1659 1018 1880 1073 Patrem
1931 1027 1984 1072 et
2019 1017 2104 1074 Fi-

528 1116 660 1170 lium
687 1115 822 1171 duas
849 1113 1116 1169 exsistere
1142 1113 1291 1169 luces
1340 1130 1436 1183 per
1460 1114 1578 1168 haec
1603 1153 1618 1176 ,
1663 1130 1692 1168 a
1719 1112 1922 1168 Davide
1961 1113 2101 1169 scie-

530 1221 651 1263 mus
698 1207 906 1277 psalmo
951 1205 1144 1275 quinto
1187 1215 1243 1260 et
1292 1207 1573 1276 trigesimo
1601 1189 1915 1271 “7,..dicettte
1946 1225 2006 1260 τι
2046 1207 2099 1260 1η

529 1299 733 1355 lumine
786 1309 879 1354 tuo
922 1297 1227 1354 videbimus
1277 1298 1478 1354 lumen.
1533 1317 1550 1350 ι
1602 1298 1802 1353 Eadem
1835 1314 1972 1354 sane
2009 1297 2100 1352 lux

529 1389 810 1445 hominum
845 1389 896 1443 in
942 1389 1181 1444 tenebris
1211 1389 1434 1454 lucens,
1477 1408 1496 1441 ι
1536 1390 1625 1444 lux
1655 1405 1780 1443 vera
1809 1429 1824 1452 ,
1863 1407 1882 1441 ι
1918 1390 1970 1442 in
2015 1405 2100 1444 se-

525 1481 820 1548 quentibus
849 1480 1125 1551 Evangelii
1163 1481 1249 1534 lux
1274 1495 1394 1534 esse
1431 1481 1614 1534 mttudi
1640 1481 1860 1543 dicitur,
1887 1481 2101 1536 dicente

523 1572 651 1628 Jesu
681 1572 728 1605 ⁸⁸
754 1588 769 1626 :
798 1590 818 1624 ε
857 1573 968 1644 Ego
1003 1587 1125 1628 sum
1161 1572 1250 1626 lux
1278 1572 1487 1627 mundi.
1525 1591 1542 1626 ι
1573 1571 1753 1640 Quare
1783 1587 1956 1642 neque
1995 1574 2100 1628 hoc

525 1668 767 1716 sinamus
797 1678 902 1716 non
946 1664 1384 1719 animadversum
1418 1704 1433 1729 ,
1467 1679 1564 1718 cur
1589 1705 1604 1725 .
1659 1679 1781 1718 cmn
1832 1666 2100 1733 potuisset

526 1752 769 1807 scribere
799 1753 990 1820 :Quod
1039 1755 1238 1810 factum
1274 1765 1357 1810 est
1408 1755 1460 1810 in
1495 1756 1613 1825 ipso
1643 1754 1734 1810 lux
1774 1767 1894 1810 erat
1923 1758 2099 1812 homi-

531 1858 686 1911 num,
713 1854 769 1899 et
797 1843 886 1898 lux
937 1845 1219 1900 hominum
1265 1847 1374 1901 vita
1404 1856 1544 1910 erat,
1583 1847 1914 1902 contrarium
1947 1851 2096 1904 fece-

523 1935 619 2002 rit,
671 1950 989 2006 przeponens
1057 1939 1224 1993 vitam
1273 1937 1384 1992 luci
1464 1938 1788 2003 hominum,
1847 1941 2096 2010 quamvis

523 2025 664 2082 idem
689 2027 760 2081 sit
795 2045 816 2079 ι
841 2027 948 2082 vita
975 2046 995 2079 ι
1028 2037 1083 2083 et
1108 2047 1128 2080 ι
1153 2028 1245 2082 lux
1270 2028 1548 2085 hominum
1576 2029 1644 2095 θ’,
1677 2048 1694 2083 ι
1716 2042 1772 2086 et
1803 2030 2094 2087 dicendum

522 2117 666 2184 quod
703 2118 756 2172 in
792 2117 876 2173 his
919 2119 1012 2188 qui
1058 2120 1352 2190 participes
1379 2132 1504 2176 sunt
1534 2122 1680 2188 vitae,
1711 2138 1830 2192 quae
1879 2134 1965 2179 est
2004 2124 2096 2179 lux

519 2208 824 2274 hominum,
861 2211 1093 2280 primum
1130 2213 1285 2269 nobis
1311 2224 1568 2269 occurrat
1594 2215 1740 2285 ipsos
1764 2218 1945 2273 vivere
1977 2218 2091 2273 vita

519 2297 683 2354 beata
731 2310 787 2356 et
828 2310 988 2358 antea
1028 2304 1208 2369 dicta;
1259 2307 1454 2360 deinde
1495 2320 1590 2363 eos
1625 2307 1889 2363 illustrari
1925 2325 2095 2379 :sup-

519 2402 758 2460 ponatur
781 2395 926 2450 enim
951 2395 1137 2451 vivere
1162 2407 1408 2468 oportet,
1439 2408 1495 2452 ut
1528 2399 1716 2456 vivens
1751 2400 2094 2458 illuminatus

518 2483 655 2551 ﬁat;
703 2501 807 2542 nec
849 2503 1191 2560 consequens
1244 2490 1414 2546 fuisse
1457 2493 1749 2549 illuminari
1780 2510 1901 2550 eum
1932 2536 1948 2560 ,
2001 2500 2090 2567 qui

517 2577 756 2634 nondum
796 2581 1104 2638 intellectus
1146 2581 1342 2640 fuisset
1388 2586 1596 2652 vivere,
1641 2597 1697 2643 et
1742 2590 2090 2660 superinduci

517 2667 901 2727 illuminationi
927 2671 1106 2744 ipsum
1138 2675 1342 2732 vivere.
1378 2676 1639 2745 Quamvis
1668 2681 1814 2736 enim
1850 2682 1994 2737 idem
2022 2685 2094 2740 sit

520 2775 540 2810 ι
582 2759 689 2815 vita
718 2779 738 2813 ι
781 2772 836 2818 et
868 2783 888 2816 ι
915 2763 1005 2818 lux
1039 2765 1343 2833 hominum,
1371 2787 1390 2819 ›
1420 2770 1887 2828 considerationes
1912 2783 2090 2831 tamen

514 2853 808 2908 secundum
844 2854 993 2910 aliud
1020 2863 1073 2911 et
1095 2856 1244 2910 aliud
1272 2868 1585 2914 sumuntur.
1628 2859 1754 2918 Haec
1787 2863 1972 2934 itaque
1999 2867 2090 2922 lux

515 2941 793 2998 hominum
837 2946 1035 3002 dicitur
1062 2949 1227 3002 etiam
1276 2949 1368 3003 lux
1409 2952 1652 3020 gentium
1684 2955 1823 3023 apud
1852 2958 2089 3027 prophe-

518 3045 629 3088 tam
664 3033 856 3090 lsaiam
886 3038 953 3102 "°,
979 3037 1137 3107 juxta
1188 3039 1318 3095 illud
1353 3060 1368 3094 :
1409 3059 1425 3092 ι
1459 3041 1595 3096 Ecce
1619 3044 1774 3111 posui
1808 3055 1858 3099 te
1913 3049 1965 3100 in
2009 3057 2090 3103 te—

395 3137 400 3144 '
512 3135 841 3181 stamentum
893 3127 999 3199 77
1029 3131 1282 3200 generis,
1327 3132 1380 3186 in
1429 3132 1604 3188 lucem
1636 3137 1877 3204 gentium
1917 3152 1932 3192 :
1969 3159 1988 3192 ι
2037 3150 2092 3195 et

513 3218 641 3272 huic
663 3217 765 3273 luci
795 3221 1033 3276 conlisus
1065 3223 1232 3278 David
1263 3224 1315 3280 in
1362 3237 1519 3282 sexto
1551 3237 1607 3283 et
1637 3229 1897 3300 vigesimo
1947 3233 2089 3301 psal-
2116 3266 2159 3325 ο

513 3321 604 3362 mo
625 3308 671 3339 "
699 3309 916 3380 inquit:
959 3330 978 3365 ι
1026 3314 1286 3373 Dominus
1314 3315 1641 3375 illuminatio
1681 3333 1802 3377 mea
1855 3331 1913 3379 et
1941 3323 2089 3381 salus

406 3475 411 3484 ι
513 3415 652 3467 mea,
675 3417 836 3474 quem
873 3405 1117 3464 timebo?
1145 3431 1165 3463 ι

584 3563 670 3620 l9.
701 3563 848 3622 Sane
863 3567 931 3623 ad
948 3582 1042 3624 eos
1057 3569 1146 3640 qui
1173 3569 1379 3642 ﬁngunt
1397 3571 1701 3631 fabulosum
1718 3576 1786 3633 de
1797 3579 2015 3637 saeculis
2032 3580 2087 3637 in

511 3656 988 3728 conjugationibus
1010 3673 1396 3730 commentum,
1415 3676 1471 3722 et
1500 3667 1822 3726 existimant
1839 3686 1870 3726 a
1905 3683 2088 3731 mente

510 3757 567 3804 et
604 3749 836 3806 veritate
870 3766 1207 3823 sermonem,
1234 3760 1512 3830 vitamque
1535 3759 1651 3831 jam
1683 3769 1812 3819 ante
1851 3765 2087 3823 emissos

510 3849 564 3895 et
587 3841 886 3910 productos
920 3844 1116 3913 fuisse,
1150 3847 1294 3904 haud
1343 3851 1638 3908 absurdum
1670 3862 1754 3910 est
1793 3856 1923 3912 talia
1969 3873 2086 3914 mo-

509 3946 636 3987 vere
682 3935 867 3990 dubia.
904 3937 1190 4004 Quomodo
1224 3943 1370 3998 enim
1405 3945 1515 4001 vita
1567 3949 1862 4018 sermonis,
1894 3958 1952 4005 ut
1984 3951 2084 4022 ipsi

510 4024 753 4094 tradunt,
785 4029 985 4099 conjux
1012 4045 1136 4087 esse
1164 4036 1332 4090 sumit
1363 4037 1417 4090 in
1451 4038 1650 4094 marito
1677 4039 1701 4093 ?
1727 4058 1746 4093 ι
1776 4040 1934 4108 Quod
1964 4042 2082 4098 fac-

508 4123 622 4170 tum
663 4127 748 4173 est
778 4137 800 4173 ι
838 4123 1008 4189 enim,
1052 4125 1248 4195 inquit,
1300 4145 1319 4180 ι
1355 4129 1409 4183 in
1441 4131 1563 4201 ipso
1600 4150 1620 4185 ι
1670 4131 1905 4204 (scilicet
1948 4151 2085 4206 prae-

507 4206 654 4263 dicto
675 4213 953 4282 sermone)
991 4233 1010 4268 ι
1045 4217 1160 4272 vita
1197 4229 1316 4275 erat
1348 4221 1416 4276 ⁷³.
1456 4241 1476 4275 ι
1517 4221 1708 4280 Dicant
1748 4240 1879 4298 ergo
1929 4231 2084 4286 nobis

507 4301 778 4367 quomodo
798 4303 995 4374 conjux
1016 4309 1287 4365 sermonis
1316 4310 1425 4366 vita
1451 4310 1594 4368 facta
1628 4315 1702 4370 sit
1726 4315 1778 4371 in
1805 4331 2083 4388 sermone,

510 4400 568 4446 et
602 4395 875 4462 quomodo
913 4397 1027 4467 ipsa
1079 4399 1186 4455 vita
1231 4401 1414 4472 potius
1441 4419 1606 4474 quam
1651 4421 1832 4463 sermo
1879 4408 1968 4465 lux
2010 4411 2084 4467 sit

507 4485 808 4543 hominum.
836 4488 1035 4546 Verum
1072 4493 1352 4550 enimvero
1397 4497 1681 4568 probabile
1732 4509 1836 4568 est,
1872 4511 1931 4556 ut
1975 4503 2079 4558 viri

1997 445 2320 504 ORIGENIS

3681 448 3761 501 156

2202 554 2281 626 τῷ
2325 553 2400 626 μὴ
2438 553 2951 627 καταλαμϐάνεσθαι
2977 555 3066 608 ὑπ’
3097 554 3268 626 αὐτῆς
3294 552 3614 628 διωκούσης.
3646 557 3763 628 ‘pr-

2201 665 2294 701 τον
2339 643 2408 720 ἦν
2455 647 2515 701 τὸ
2570 647 2860 719 λεγόμενον
2892 646 3051 701 τοῦτο
3095 648 3156 702 τὸ
3191 648 3328 718 φῶς,
3383 667 3402 701 ι
3446 649 3564 718 φῶς
3598 650 3764 721 ἀληθι-

2203 742 2311 798 νόν.
2353 761 2370 794 ι
2397 736 2468 814 ᾯ
2497 740 2553 794 δὲ
2576 741 2721 811 λόγῳ
2748 742 2777 794 ὁ
2803 740 2993 812 Πατὴρ
3027 740 3126 811 τῆς
3152 740 3409 812 ἀληθείας
3427 740 3561 804 Θεὸς
3585 741 3764 794 πλείων

2203 833 2320 886 ἐστὶ
2357 832 2452 885 καὶ
2497 830 2696 903 μείζων
2746 831 2779 902 ἢ
2823 830 3050 903 ἀλήθεια
3088 831 3233 904 (76)·
3272 833 3366 887 καὶ
3407 835 3435 886 ὁ
3476 833 3665 904 Πατὴρ
3704 832 3764 886 ὣν

2205 923 2396 993 σοφίας
2428 923 2692 996 κρείττων
2737 924 2854 977 ἐστὶ
2894 923 2990 978 καὶ
3035 923 3310 996 διαφέρων
3354 925 3388 996 ἢ
3438 925 3601 994 σοφία
3647 925 3764 995 (77),

2199 1015 2375 1085 τούτῳ
2407 1015 2662 1086 ὑπερέχει
2685 1015 2782 1068 τοῦ
2815 1009 2954 1068 εἶναι
2984 1015 3101 1084 φῶς
3133 1015 3402 1088 ἀληθινόν.
3436 1015 3766 1088 Παραστατι-

2202 1103 2440 1176 κώτερον
2471 1105 2528 1158 δὲ
2561 1104 2655 1158 δύο
2696 1106 2849 1175 φῶτα
2880 1106 2972 1160 τὸν
3004 1106 3228 1178 Πατέρα
3258 1107 3352 1160 καὶ
3381 1107 3472 1162 τὸν
3507 1108 3636 1162 Υίὺν
3671 1109 3766 1163 ἀπὸ

2200 1193 2294 1248 τοῦ
2324 1194 2486 1248 Δαυῖδ
2508 1195 2796 1266 τυγχάνειν
2827 1195 2916 1249 διὰ
2940 1194 3145 1250 τούτων
3181 1195 3461 1267 εἰσόμεθα,
3497 1198 3590 1250 ὅτε
3617 1200 3761 1270 φησὶ»

2201 1287 2258 1338 ὲν
2290 1285 2594 1357 τριακοστῷ
2626 1287 2861 1358 πέμπτῳ
2885 1286 3084 1359 ψαλμῷ
3110 1304 3123 1317 ·
3173 1308 3193 1339 ι
3245 1289 3332 1341 Ἐν
3360 1289 3499 1359 φωτί
3528 1307 3622 1342 σου
3657 1290 3772 1360 ὀψό-

2203 1379 2342 1450 μεθα
2373 1378 2508 1449 φῶς.
2544 1399 2562 1432 ι
2589 1380 2767 1433 Ταὺτὸ
2789 1379 2846 1432 δὲ
2879 1380 3009 1433 αὐτὸ
3032 1381 3092 1434 τὸ
3115 1381 3228 1452 φῶς
3254 1381 3362 1435 τῶν
3394 1381 3696 1454 ἀνθρώπων
3717 1383 3772 1437 τὸ

2199 1472 2259 1524 ὲν
2301 1475 2368 1544 τῇ
2423 1471 2612 1544 σκοτίᾳ
2646 1475 2852 1543 φαῖνον,
2890 1492 2908 1525 ι
2949 1473 3010 1526 τὸ
3041 1473 3293 1546 ἀληθινὸν
3326 1474 3460 1544 φῶς,
3505 1494 3523 1527 ι
3571 1476 3630 1529 ὲν
3669 1478 3770 1538 τοῖς

2199 1562 2326 1634 ἑξῆς
2359 1563 2450 1617 τοῦ
2485 1564 2813 1634 Εὑαγγελίου
2849 1565 2964 1634 φῶς
2989 1565 3081 1618 τοῦ
3126 1565 3330 1637 κόσμου
3365 1567 3798 1638 ἀναγορεύεται,.

2200 1655 2501 1724 φάσκοντος
2544 1656 2738 1729 Ἰησοῦ’
2775 1676 2794 1708 ι
2836 1656 2978 1726 Ἐγώ
3001 1659 3116 1729 εἰμι
3142 1658 3203 1711 τὸ
3231 1658 3348 1728 φῶς
3371 1659 3465 1713 τοῦ
3493 1661 3722 1732 κόσμου.

2200 1747 2333 1800 Οὐδὲ
2365 1746 2522 1802 τοῦτο
2545 1749 2602 1802 δὲ
2629 1750 3089 1822 ἀπαρασήμαντον
3123 1750 3394 1822 ἐάσωμεν,
3431 1753 3537 1816 ὃτι,
3568 1753 3746 1824 ἐνδεχο

2203 1839 2363 1909 μένου
2397 1840 2726 1912 γεγράφθαι·
2771 1843 2835 1895 Ὃ
2865 1840 3086 1910 γέγονεν
3125 1843 3184 1897 ὲν
3228 1843 3376 1915 αὐτῷ
3419 1844 3537 1914 φῶς
3573 1841 3642 1918 ἦν
3674 1845 3774 1898 τῶν

2132 1911 2172 1967 Β
2199 1911 2521 2002 ἀνθρώπων,
2577 1933 2672 1985 καὶ
2713 1932 2774 1985 τὸ
2807 1931 2922 2002 φῶς
2960 1934 3070 1988 τῶν
3118 1911 3566 2008 ἀνθρώπωννζωὴ
3598 1911 3691 2008 ἦν,
3723 1933 3777 1989 τὺ

2198 2023 2463 2076 ἀνάπαλιν
2497 2025 2798 2097 πεποίηκε·
2856 2026 3150 2096 προτάσσει
3197 2027 3305 2100 γάρ
3348 2028 3447 2101 τὴν
3479 2029 3629 2101 ζωὴν
3670 2030 3776 2099 (‘78)

2197 2113 2289 2167 τοῦ
2310 2114 2418 2168 τῶν
2435 2114 2736 2187 ἀνθρώπων
2757 2119 2955 2187 φωτὸς,
2980 2122 3028 2173 εἰ
3051 2121 3144 2174 καὶ
3176 2121 3372 2174 ταύτόν
3402 2123 3519 2175 ὲστι
3550 2122 3666 2194 ζωὴ
3691 2124 3780 2176 καὶ

2197 2205 2498 2278 ἀνθρώπων
2533 2207 2666 2277 φῶς,
2693 2209 2772 2281 τῷ
2801 2214 3154 2284 προαπαντᾷν
3181 2214 3328 2284 ἡμᾶς
3356 2214 3448 2267 ἐπὶ
3476 2214 3584 2268 τῶν
3625 2233 3782 2285 μετε-

2197 2299 2398 2369 χόντων
2425 2299 2522 2371 τῆς
2557 2301 2701 2373 ζωῆς
2734 2304 3108 2376 τυγχανούσης
3140 2306 3233 2359 καὶ
3266 2307 3442 2376 φωτὸς
3477 2307 3784 2378 ἀνθρώπιον
3815 2370 3818 2374 ,

2195 2390 2255 2443 τὸ
2280 2393 2379 2462 ζῇν
2405 2393 2602 2457 αὐτοὺς
2627 2395 2726 2466 τὴν
2754 2397 3160 2469 προειρημένην
3189 2398 3338 2451 θείαν
3369 2396 3514 2470 ζωὴν
3546 2400 3702 2471 παρά
3725 2400 3784 2454 τὺ

2197 2485 2534 2553 πεφωτίσθαι
2551 2503 2563 2517 ’
2592 2487 2912 2542 ὑποκεῖσθαι
2943 2489 3051 2561 γὰρ
3079 2490 3240 2544 δεῖτὸ
3265 2488 3383 2562 ζῇν,
3411 2492 3476 2546 ἵν’
3499 2495 3528 2546 ὁ
3551 2491 3664 2556 ζῶν
3690 2511 3788 2547 πε-

2196 2575 2535 2645 φωτισμένος
2566 2578 2817 2648 γένηταιο
2852 2579 2951 2632 οὐκ
2991 2575 3058 2651 ἦν
3108 2580 3164 2634 δὲ
3196 2580 3489 2635 ἀκόλουθον
3540 2584 3786 2652 πεφωτί-

2197 2664 2321 2720 σθαι
2348 2666 2438 2720 τὸν
2469 2667 2694 2740 μηδέπω
2723 2669 2820 2741 ζῇν
2851 2671 3194 2744 νενοημένον,
3219 2674 3310 2726 καὶ
3333 2671 3676 2741 ἐπιγίνεσθαι
3707 2676 3788 2746 τῷ

2195 2757 2534 2827 πεφωτίσθαι
2557 2760 2617 2812 τὸ
2639 2757 2758 2832 ζῇν.
2782 2763 2845 2815 Εἰ
2866 2763 2973 2834 γὰρ
2995 2764 3089 2816 καὶ
3108 2764 3304 2818 ταύτόν
3323 2765 3469 2818 ἐστιν
3499 2785 3518 2816 ι
3554 2767 3589 2836 ἡ
3616 2765 3738 2837 ζωὴ
3766 2787 3782 2817 ι

2195 2849 2286 2901 καὶ
2338 2869 2356 2900 ι
2397 2849 2458 2903 τὸ
2483 2850 2599 2920 φῶς
2628 2851 2736 2905 τῶν
2767 2853 3088 2926 ἀνθρώπων,
3141 2875 3159 2907 ›
3197 2856 3310 2909 ἀλλ’
3343 2858 3402 2910 αἴ
3430 2875 3493 2925 γε
3541 2858 3790 2911 ἐπίνοιαι

2195 2939 2318 2995 καθ’
2352 2941 2538 3013 ἕτερον
2585 2943 2679 2996 καὶ
2709 2943 2895 3014 ἕτερον
2939 2945 3050 3017 (79)
3083 2947 3469 3019 λαμϐάνονται.
3511 2948 3693 3002 Τοῦτο
3734 2949 3789 3001 δὲ

2193 3032 2254 3086 τὸ
2280 3032 2396 3102 φῶς
2428 3033 2536 3090 τῶν
2565 3034 2868 3107 ἀνθρώπων
2900 3039 2993 3091 καὶ
3023 3038 3138 3108 φῶς
3161 3039 3330 3093 ἐθνῶν
3363 3039 3514 3111 παρά
3541 3039 3622 3111 τῷ
3660 3059 3793 3112 1:90-

2195 3125 2342 3198 φήτῃ
2383 3125 2577 3197 Ἡσαΐᾳ
2600 3126 2817 3196 λέγεται
2844 3130 2983 3183 κατά
3007 3131 3085 3184 τό⁸
3126 3151 3144 3182 ι
3196 3133 3325 3186 Ἰδοὺ
3356 3133 3576 3186 τέθεικά
3608 3150 3676 3186 σε
3709 3136 3793 3198 εἰς

2193 3215 2460 3288 διαθήκην
2505 3217 2728 3286 γένους,
2769 3221 2848 3284 είς
2897 3221 3014 3291 φῶς
3065 3221 3267 3276 ἐθνῶν·
3312 3244 3330 3276 ι
3365 3224 3459 3278 καὶ
3489 3224 3678 3296 τούτῳ
3711 3226 3795 3295 τῷ

2192 3311 2331 3380 φωτὶ
2349 3310 2623 3374 πεποιθὼς
2640 3311 2668 3363 ό
2690 3313 2852 3366 Δαυῖδ
2868 3331 3031 3386 φησιν
3058 3317 3114 3368 ὲν
3137 3315 3366 3387 είκοστῷ
3386 3316 3532 3388 ’ἐκτῳ
3548 3316 3793 3390 ψαλμῷ·

2196 3420 2215 3452 ι
2256 3401 2460 3474 Κύριος
2488 3403 2768 3475 φωτισμός
2799 3422 2923 3476 μου,
2954 3406 3050 3459 καὶ
3078 3409 3262 3480 σωτήρ
3295 3425 3417 3480 μου,
3451 3409 3576 3464 τίνα
3607 3413 3798 3486 φοϐη-

2192 3495 2428 3566 θήσομαι
2449 3513 2463 3562 ;
2513 3515 2532 3548 ι

2257 3587 2400 3659 Πρὸς
2432 3587 2490 3642 δὲ
2529 3589 2654 3653 τοὺς
2704 3589 2805 3660 τὴν
2852 3591 2981 3661 περὶ
3022 3588 3233 3644 αἰώνων
3277 3591 3384 3662 (80)
3432 3593 3805 3650 ἀναπλάσανε-

2186 3695 2287 3741 τας
2313 3681 2372 3732 ὲν
2412 3677 2694 3749 συζυγίαις
2729 3680 3074 3752 μυθολογίαν,
3104 3682 3198 3734 καὶ
3227 3683 3501 3754 οἰομένους
3541 3686 3658 3740 ὑπὸ
3695 3687 3805 3741 νοῦ

2187 3771 2282 3825 καὶ
2331 3770 2587 3843 ἀληθείας
2633 3771 3030 3844 προϐεϐλῆσθαι
3087 3772 3244 3842 λόγον
3298 3775 3393 3830 καὶ
3455 3774 3634 3849 ζωὴν,
3688 3781 3806 3832 οὐκ

2186 3864 2449 3920 ἀπίθανον
2481 3865 2575 3918 καὶ
2602 3864 2775 3919 ταῦτα
2805 3864 3102 3937 ἀπορῆσαι.
3150 3866 3274 3932 Πῶς
3304 3869 3414 3939 γὰρ
3449 3869 3481 3938 ἡ
3518 3872 3654 3923 κατ’
3689 3875 3810 3926 αὐ-

2186 3957 2314 4022 τοὺς
2355 3957 2586 4027 σύζυγος
2614 3957 2708 4010 τοῦ
2736 3957 2894 4026 λόγου
2937 3957 3050 4029 ζωὴ
3076 3958 3138 4011 τὸ
3165 3960 3444 4029 γεγονέναι
3471 3962 3530 4012 έν
3558 3961 3645 4033 τῷ
3691 3981 3807 4017 συ-

2186 4049 2336 4120 ζύγῳ
2387 4050 2691 4121 λαμϐάνει;
2742 4069 2760 4102 ι
2815 4053 2879 4105 Ὃ
2921 4052 3114 4121 γέγονε
3163 4071 3181 4104 ι
3227 4052 3356 4123 γάρ,
3402 4053 3594 4124 φησὶν,
3665 4073 3687 4106 ι
3739 4058 3813 4108 ὲν

2185 4141 2335 4214 αὐτῷ
2365 4163 2383 4194 ι
2411 4143 2673 4215 (δηλονότι
2698 4142 2776 4215 τῷ
2807 4144 3191 4217 προειρημένῳ
3218 4143 3394 4216 λόγῳ)
3431 4163 3449 4196 ι
3481 4143 3602 4218 ζωὴ
3632 4142 3738 4218 ἦν.
3781 4168 3805 4200 ι

2184 4232 2510 4302 Λεγέτωσαν
2537 4229 2630 4287 οὖν
2664 4236 2795 4305 ἡμῖν
2835 4235 2952 4298 πῶς
2986 4237 3019 4307 ἡ
3069 4234 3302 4304 σύζυγος
3331 4234 3424 4289 τοῦ
3456 4235 3629 4306 λόγου
3669 4218 3815 4312 {cui}

2183 4324 2404 4394 γέγονεν
2437 4327 2495 4379 ὲν
2536 4324 2612 4397 τῷ
2655 4326 2818 4398 λόγῳ,
2869 4329 2964 4381 καὶ
3002 4327 3120 4393 πῶς
3163 4327 3361 4399 μᾶλλον
3391 4327 3486 4381 τοῦ
3522 4328 3702 4399 λόγου
3769 4336 3813 4406 ἡ

2185 4413 2299 4488 ζωὴ
2334 4416 2450 4486 φῶς
2479 4418 2594 4470 ἐστι
2624 4416 2733 4472 τῶν
2766 4418 3091 4490 ἀνθρώπων.
3123 4420 3286 4485 Εἰκὸς
3317 4420 3372 4474 δὲ
3402 4421 3534 4486 τοὺς
3566 4423 3824 4493 εὐγνω-

2187 4507 2544 4580 μονεστέρους
2612 4510 2670 4563 ὲν
2732 4512 2850 4574 ταῖς
2917 4509 3208 4583 ζητήσεσιν
3271 4512 3820 4586 ἀνατρεπομένους,

507 4575 731 4635 meliore
775 4589 953 4637 mente
983 4585 1224 4654 praediti,
1275 4588 1369 4657 qui
1414 4591 1805 4659 quaestionibus
1853 4609 2071 4665 permo-

2204 4575 2490 4672 ιιληγέντψας
2517 4600 2622 4653 ὑπὸ
2647 4599 2742 4654 τοῦ
2773 4575 3200 4675 ἐπαπορήματος
3226 4603 3338 4678 (81)
3366 4575 3829 4681 ἀντερωτήσεξν

503 4679 697 4726 ventur
749 4673 1090 4732 dubitatione
1127 4679 1229 4734 hac
1275 4683 1533 4750 perculsi,
1583 4699 1650 4740 ex
1705 4686 1936 4744 adverso
1975 4699 2070 4746 nos

502 4763 866 4836 interrogent,
917 4780 1275 4842 urgeautqne,
1324 4773 1378 4828 ni
1434 4775 1805 4837 invenerimus
1853 4797 2074 4838 causam

500 4871 599 4926 per
631 4875 796 4930 quam
827 4876 1008 4919 sermo
1051 4879 1160 4920 uon
1193 4866 1265 4922 sit
1308 4867 1489 4924 dictus
1518 4870 1610 4925 lux
1647 4872 1946 4939 hominum,
1980 4876 2075 4930 sed

501 4953 607 5007 vita
633 4971 754 5025 qua:
784 4957 926 5014 facta
970 4970 1054 5016 est
1093 4961 1145 5016 in
1184 4977 1435 5019 sermone
1479 4965 1600 5035 ipso
1638 4984 1652 5034 ;
1689 4967 1887 5035 quibus
1949 4969 2073 5024 talia

500 5048 995 5114 respondebimus:
1023 5054 1189 5110 vitam
1235 5059 1340 5112 hoc
1385 5057 1438 5111 in
1466 5057 1586 5114 loco
1618 5075 1723 5114 non
1754 5074 1874 5115 eam
1910 5060 2072 5116 intel-

499 5134 586 5204 ligi
621 5153 782 5228 quam
809 5148 1177 5204 communiter
1218 5152 1546 5224 participant
1567 5165 1622 5210 et
1647 5155 1878 5212 rationis
1907 5171 2069 5228 capa-

2182 4693 2352 4764 ἡμᾶς,
2379 4694 2471 4747 καὶ
2499 4695 2693 4758 αὐτοὺς
2727 4693 3096 4767 θλιϐομένους,
3142 4696 3238 4751 ὲάν
3283 4698 3357 4770 μὴ
3389 4697 3660 4770 εὕρωμεν
3703 4707 3830 4758 αι-

2179 4786 2320 4853 τίαν,
2351 4787 2416 4841 δι’
2444 4787 2511 4859 ἢν
2558 4788 2680 4858 οὐχὶ
2714 4788 2872 4858 λόγος
2909 4788 3122 4862 εἴρηται
3150 4791 3212 4844 τὸ
3257 4791 3370 4862 φῶς
3413 4792 3524 4848 τῶν
3552 4795 3830 4867 ἀνθρὼ-

2181 4896 2319 4942 πων,
2379 4878 2493 4932 ἀλλ’
2526 4881 2559 4950 ἡ
2601 4880 2866 4952 γενομένη
2910 4879 2970 4934 ὲν
3008 4879 3087 4952 τῷ
3132 4881 3276 4952 λόγῳ
3319 4883 3461 4956 ζωή·
3501 4885 3655 4958 πρὸς
3691 4891 3830 4956 οὓς

2179 4970 2405 5026 τοιαῦτα
2455 4971 2930 5044 ἀποκρινούμεθα·
2981 4973 3103 5027 ’Ότι
3151 4973 3265 5047 ζωὴ
3311 4975 3549 5032 ἐνταῦθα
3602 4982 3735 5054 οὒκ
3783 4988 3830 5060 ἡ

2181 5062 2333 5134 κοινὴ
2374 5061 2606 5130 λογικῶν
2637 5062 2730 5116 καὶ
2764 5060 2974 5130 ἀλόγων
3017 5060 3256 5131 λέγεται,
3289 5064 3404 5118 ἀλλ’
3437 5066 3470 5136 ἡ
3522 5067 3830 5138 ἐπιγινο.

2180 5155 2317 5227 μένη
2344 5153 2421 5226 τῷ
2455 5156 2512 5208 ὲν
2545 5156 2676 5226 ἡμῖν
2704 5152 3184 5225 συμπληρουμένῳ
3213 5155 3356 5228 λόγῳ
3381 5156 3482 5226 τῆς
3525 5165 3830 5238 μετοχῆς

572 5229 617 5318 ξε
641 5227 799 5318 ,[οιιη.
835 5253 874 5304 ι,
901 5237 956 5294 9.
1029 5241 1073 5273 ⁸⁷
1102 5243 1257 5302 Vers.
1290 5246 1378 5304 10.
1453 5248 1499 5280 ⁸⁸³
1528 5248 1661 5303 ibid.
1691 5264 1808 5316 vni,
1837 5249 1924 5306 12.
1978 5227 2088 5305 ,³³1

2204 5291 2206 5301 .
2237 5267 2278 5316 ι,
2306 5251 2360 5304 4.
2424 5248 2470 5280 το
2497 5249 2630 5318 Cap.
2660 5261 2792 5311 xui,
2818 5260 2962 5300 vers.
2993 5242 3048 5302 6.
3124 5247 3168 5278 '“
3204 5244 3356 5304 Vers.
3395 5251 3442 5302 i.
3524 5249 3568 5280 "
3609 5227 3830 5316 luat...

501 5315 538 5366 ι,
566 5301 620 5367 5,
647 5302 701 5358 4.

568 5393 996 5473 (πῆΜείξων-ἲὶ
1026 5403 1297 5470 ἀλήθεια.
1365 5405 1457 5460 Sic
1509 5405 1680 5461 codex
1725 5406 2071 5473 Bodleianns,

499 5477 680 5532 recte;
718 5472 890 5522 codex
920 5469 1141 5542 Regius,
1173 5475 1375 5547 μείζων
1403 5475 1652 5548 ἀλήθεια.

569 5557 682 5637 (7-7)
714 5559 1015 5637 Διαφέρων
1039 5563 1318 5637 ἣ-σοερία.
1371 5567 1448 5622 lta
1493 5569 1662 5623 codex
1711 5567 2074 5637 Bodleianus;

500 5623 722 5698 Regius,
749 5623 1046 5703 διαφέρων,
1142 5623 1324 5705 σοφία.

572 5720 684 5796 (78)
713 5722 883 5790 Ζωήν
917 5727 1089 5796 ,ἀεθει
1131 5727 1185 5781 iu
1235 5729 1475 5786 editione
1510 5730 1796 5796 lluetiana,
1843 5733 1937 5786 sed
1981 5749 2078 5788 ex-

503 5799 608 5844 stat
645 5793 696 5846 iu
723 5797 882 5849 codd.
915 5795 1211 5854 Bodleiano
1238 5809 1293 5854 et
1322 5799 1639 5858 Barherino.

572 5881 683 5955 (79)
720 5885 827 5942 Καὶ
860 5885 1080 5958 ἕτερον.
1123 5890 1239 5949 Non
1279 5905 1552 5965 comparet
1583 5895 1636 5951 in
1663 5896 1898 5954 editione
1932 5895 2074 5952 llnc-

2179 5406 2344 5480 tiana,
2367 5404 2459 5480 sed
2486 5406 2792 5480 restituitur
2813 5422 2844 5462 e
2868 5408 3022 5480 codd.
3046 5407 3339 5480 Bodleiano
3366 5420 3421 5464 et
3438 5409 3830 5480 Barherino.

2245 5478 2356 5549 (80)
2397 5474 2548 5544 Πρὸς
2588 5475 2658 5529 δὲ
2690 5477 2832 5544 τοὺς
2877 5478 2994 5546 τὴν
3037 5479 3171 5546 περὶ
3203 5481 3453 5544 αἰώνων,
3486 5496 3604 5536 etc.
3669 5474 3830 5545 Vah.

2174 5547 2498 5631 leu‘tiuiit‘nos
2547 5563 2863 5631 eorumque.
2893 5563 3282 5631 consectaneos
3338 5550 3585 5631 intellige
3614 5598 3635 5631 ,_
3693 5569 3829 5631 qu;

2177 5619 2289 5672 haec
2341 5615 2577 5672 Eonuut
2639 5615 3021 5690 τερατεύματα
3073 5635 3106 5675 e
3157 5621 3454 5674 Platonicis
3516 5615 3678 5682 ideis
3730 5615 3829 5690 ’ἐξ

2177 5700 2460 5756 poetarum
2497 5693 2804 5744 Graecorum
2849 5690 3114 5761 theologia
3161 5693 3564 5749 conﬁnxerunt.
3627 5697 3830 5761 llus.

2179 5773 2318 5813 τως.

2248 5827 2359 5905 )
2399 5827 2900 5905 Ἐπαπορήματομς.
2933 5829 3023 5885 Sic
3054 5832 3224 5889 codex
3259 5831 3628 5905 Bodleianus;
3667 5849 3830 5904 edi

2182 5899 2252 5954 tio
2292 5899 2572 5967 lluctiaua,
2610 5901 3057 5972 ὑπαπορήματος.
