3922 6528
159 409 239 464 157
1257 406 1616 467 COMMENT.
1655 407 1727 465 1N
1756 404 1958 466 JOAN.
1986 402 2226 463 TOMUS
2247 401 2314 459 ll.

3323 403 3424 460 I38

155 522 240 577 ἀπὸ
264 518 348 574 τοῦ
379 519 608 592 πρώτου
647 521 1080 598 λαμϐανομένης
1108 523 1267 595 λόγου
1287 541 1302 558 ο
1334 524 1430 580 καὶ
1461 523 1602 581 κατὰ
1634 524 1710 596 μὲί

1842 538 1936 580 ces
1964 533 2020 580 et
2062 523 2246 584 bruta,
2296 517 2390 576 sed
2433 532 2554 575 eam
2589 531 2712 590 qua
2738 519 3023 590 completas
3052 520 3105 575 in
3135 521 3294 576 nob's
3331 539 3419 576 ra-

154 613 200 666 τὸ
225 611 642 682 ἀποστραφῆναι
681 615 1088 688 τὴν⁹δοκοῦσαν
1133 614 1296 688 ζωὴν,
1339 615 1440 670 οὐκ
1479 611 1648 669 οὖσαν
1677 613 1734 668 δὲ

153 705 352 778 ἀληθῶς,
383 705 477 760 καὶ
511 707 724 763 ποθεῖν
759 712 1008 785 χωρῆσαι
1038 710 1137 782 τὴν
1159 709 1374 783 άληθῶς
1403 708 1548 780 ζωὴν
1580 708 1735 781 πρῶ-

152 816 223 852 τον
267 799 636 872 κοινωνοῦμεν
695 805 866 876 αὐτῇ,
900 805 1020 875 ἥτις
1063 802 1330 875 γενομένη
1377 802 1436 855 ὲν
1470 802 1602 872 ἡμῖν
1637 801 1734 855 καὶ

151 892 297 959 φωτὸς
325 889 586 959 γνώσεως
633 895 948 960 ὑπόστασις
985 896 1216 965 γίνεται.
1255 894 1368 949 Καὶ
1411 893 1552 965 τάχα
1591 891 1730 965 αὕτη

150 981 300 1054 ﬁgat;
340 983 468 1055 παρ’
515 979 609 1050 οἷς
664 987 774 1058 μὲν
809 989 1032 1060 δυνάμει
1075 988 1171 1044 καὶ
1198 988 1298 1042 οὐκ
1334 986 1584 1060 ἐνεργείᾳ
1616 987 1734 1056 φῶς

149 1077 260 1137 ἐστι,
284 1078 390 1139 τοῖς
411 1075 482 1130 τὰ
527 1077 643 1148 τῆς
689 1079 953 1149 γνώσεως
987 1080 1262 1146 ἐξετάζειν
1305 1081 1378 1152 μὴ
1412 1079 1730 1152 φιλοτιμου-

151 1168 320 1239 μένοις,
347 1171 477 1240 παρ’
502 1171 738 1243 ἑτέροις
764 1173 825 1227 δὲ
851 1174 944 1227 καὶ
975 1173 1224 1246 ἐνεργείᾳ
1243 1172 1556 1244 γενομένοις
1591 1173 1726 1242 φῶς·

146 1265 274 1334 δῆλον
300 1264 374 1330 δὲ,
407 1265 491 1319 ὅτι
524 1268 674 1340 παρ’
721 1265 808 1334 οἷς
836 1269 1194 1342 κατορθοῦται
1223 1269 1284 1323 τὸ
1311 1269 1417 1322 ὑπὸ
1455 1267 1550 1322 τοῦ
1585 1267 1732 1321 Παύ-

147 1355 220 1408 λου
242 1358 755 1430 προσ-τεταγμένον·
794 1380 813 1412 ε
847 1360 1080 1433 Ζηλοῦτε
1104 1360 1174 1415 τὰ
1201 1362 1514 1434 χαρίσματα
1543 1360 1728 1432 κρείτ-

146 1464 268 1510 τονα,
293 1466 310 1497 ι
346 1447 582 1518 μείζονα
628 1450 694 1504 δὲ
733 1453 845 1506 τῶν
887 1453 1244 1526 χαρισμάτων
1280 1451 1342 1506 τὸ
1381 1452 1475 1506 καὶ
1509 1452 1729 1505 πάντων

133 1538 563 1611 ’προτεταγμένον
585 1585 605 1610 ,
647 1543 833 1613 ὅσπερ
855 1545 971 1599 ἐστὶ
999 1543 1157 1613 λόγος
1193 1545 1412 1614 σοφίαςο
1439 1544 1531 1598 καὶ
1553 1542 1730 1614 τούτῳ

144 1627 301 1682 ἕπεται
342 1628 505 1699 λόγος
562 1631 864 1701 γνώσεως.
913 1633 1048 1706 Περὶ
1087 1633 1144 1688 δὲ
1188 1635 1288 1707 τῆς
1329 1633 1593 1705 διαφορᾶς
1632 1633 1730 1686 αὐ-

143 1721 245 1786 τῶν,
272 1725 718 1797 παρακειμένων
757 1727 1007 1799 ἀλλήλοις
1043 1727 1155 1782 τῶν
1190 1727 1607 1800 σημαινομένων
1641 1743 1728 1780 σο-

144 1813 246 1882 φίας
267 1817 356 1870 καὶ
375 1815 678 1886 γνώσεως,
704 1819 768 1873 οὐ
805 1819 899 1873 τοῦ
929 1819 1192 1892 παρόντος
1225 1819 1372 1873 ἐστὶν
1401 1820 1577 1873 εἰπεῖν
1605 1835 1728 1872 και-

144 1906 236 1975 poi.

1839 617 1977 674 tioni
2028 612 2380 686 supervenit,
2434 621 2652 682 sumpta
2704 613 3128 684 participatione
3174 615 3283 669 ἀπὸ
3321 615 3419 672 τοῦ

1837 708 2055 783 πρώτου
2090 706 2251 777 λόγου
2299 705 2436 779 [hoc
2474 711 2557 760 est
2590 719 2620 758 a
2667 703 2880 760 ratione
2915 705 3136 779 prima].
3176 707 3333 777 cuius
3365 709 3419 765 in

1836 802 2032 874 primis
2069 799 2196 855 vita:
2248 797 2546 870 participes
2587 794 2875 865 ellicimnr,
2917 806 2976 853 ut
3011 800 3080 853 ab
3119 811 3422 870 apparente

1835 906 1938 948 nec
1987 905 2117 947 vere
2167 889 2468 946 exsistente
2503 887 2614 942 vita
2661 887 3020 957 abducamur,
3063 890 3229 945 vitam
3272 891 3420 949 illam

1835 998 1968 1040 vere
1993 982 2355 1038 exsistentem
2386 993 2581 1049 capere
2606 978 3006 1047 desiderantes,
3032 998 3138 1053 qua
3163 995 3418 1056 percepta

1836 1093 1961 1134 mox
1996 1078 2050 1132 in
2082 1077 2242 1133 nobis
2272 1075 2404 1132 oriri
2436 1075 2602 1129 etiam
2629 1073 2862 1132 dicimus
2889 1076 3302 1133 fundamentum
3337 1080 3419 1135 lu.

1833 1169 1915 1226 cis
1961 1167 2310 1239 cognitionis.
2369 1166 2433 1221 Et
2484 1163 2734 1221 fortassis
2779 1164 2894 1234 ipsa
2942 1167 3062 1222 haec
3105 1173 3219 1223 vita
3251 1184 3418 1240 penes

1834 1260 2098 1331 quosdam
2160 1252 2378 1330 quidem
2431 1261 2699 1330 potentia,
2757 1276 2864 1316 non
2917 1271 3064 1325 actu,
3123 1261 3212 1315 lux
3282 1272 3415 1328 est;

1833 1369 2029 1422 nempe
2053 1368 2219 1422 penes
2262 1369 2359 1408 eos
2399 1355 2490 1423 qui
2533 1353 2756 1408 minime
2786 1369 2910 1425 quae
2949 1355 3016 1408 ad
3046 1354 3417 1426 cognitionem

1842 1447 2121 1516 pertinent
2179 1446 2461 1516 inquirere
2504 1447 2842 1503 contendunt
2890 1464 2907 1515 ;
2961 1446 3104 1516 apud
3144 1447 3414 1517 quosdam

1831 1553 1964 1594 vero
1993 1548 2119 1593 actu
2151 1538 2317 1593 etiam
2351 1537 2550 1614 factos.
2573 1539 2686 1608 jam
2727 1539 2902 1594 lucem
2933 1554 2950 1604 ;
2991 1553 3129 1610 quos
3157 1553 3254 1593 eos
3289 1552 3416 1593 esse

1830 1632 2173 1702 perSpicuum
2211 1641 2296 1687 est
2325 1633 2415 1701 qui
2443 1631 2592 1687 Pauli
2616 1640 2947 1703 praeceptum
2970 1647 3094 1686 cum
3123 1631 3282 1684 laude
3311 1631 3414 1684 itn-

1830 1725 2115 1797 pleverint.
2188 1725 2442 1780 nimirum
2499 1741 2512 1778 :
2568 1742 2588 1776 ι
2651 1722 3012 1779 Emulamini
3069 1723 3410 1779 charismata

1833 1816 2049 1871 utiliora
2074 1815 2144 1883 ⁷³,
2179 1833 2197 1868 ι
2227 1815 2424 1886 quibus
2451 1813 2882 1870 cltarismatibus
2914 1813 3103 1869 utilius
3131 1812 3263 1868 illud
3303 1822 3410 1878 est,

1760 1886 1800 1945 Β
1830 1908 1972 1979 quod
2001 1907 2255 1962 omnibus
2289 1907 2451 1962 etiam
2491 1904 2853 1975 praeponitur,
2894 1918 3093 1975 nempe
3127 1903 3412 1974 sapientia:

140 2017 309 2064 sermo,
343 2017 509 2072 quem
567 2019 709 2060 mox
753 2005 1083 2076 cognitionis
1113 2020 1294 2062 sermo
1324 2005 1588 2073 sequitur.
1627 2002 1749 2058 Jam
1791 2018 1923 2058 vero
1953 2001 2082 2070 quid
2123 1998 2380 2056 differant
2409 1999 2552 2054 inter
2581 2010 2641 2052 se
2666 1996 2952 2068 sapientiae
2990 2006 3044 2054 et
3086 1995 3414 2067 cognitionis

140 2091 407 2163 signiﬁcata
459 2095 592 2164 ipsa
655 2107 854 2152 mutuo
904 2096 1043 2150 inter
1076 2111 1136 2150 se
1175 2095 1393 2157 collata,
1435 2111 1542 2150 non
1592 2103 1678 2149 est
1717 2093 2000 2162 prtesentis
2037 2092 2296 2162 temporis
2325 2091 2629 2147 disserere.

190 2188 268 2242 20.
295 2188 396 2242 Kal
427 2187 498 2242 τὸ
533 2187 678 2257 φῶς
704 2189 779 2241 ἐν
805 2186 880 2256 τῇ
905 2189 1115 2253 σκοτίᾳ
1141 2187 1358 2254 φαίνει,
1382 2185 1480 2238 καὶ
1506 2185 1542 2253 ἡ
1574 2199 1713 2238 σκο-

138 2280 212 2333 τιά
232 2278 367 2333 αὐτὸ
391 2281 467 2335 οὐ
508 2279 886 2333 κατέλαϐεν.
918 2280 1036 2332 Ἔτι
1065 2280 1193 2349 περὶ
1229 2276 1323 2331 τοῦ
1351 2276 1460 2330 τῶν
1497 2275 1712 2348 ἀνθρώ-

137 2386 247 2437 πων,
273 2371 388 2424 ἐπεὶ
410 2371 830 2442 προτέτακται,
858 2369 1125 2441 ζητοῦμεν
1157 2369 1352 2438 φωτὸς,
1387 2363 1540 2439 οἶμαι
1567 2367 1610 2421 δ’
1631 2369 1712 2422 ὅτι

139 2465 213 2517 καὶ
234 2463 318 2516 τοῦ
340 2463 603 2517 ἐναντίου
627 2463 972 2532 καλουμένου
1000 2461 1238 2525 σκοτίας
1263 2460 1327 2515 ἂν
1351 2460 1408 2514 δὲ
1435 2459 1544 2527 (82)
1569 2459 1713 2514 οῦτω

137 2545 524 2619 δοκιμασθείσης
579 2549 701 2603 τῶν
741 2549 1046 2621 ἀνθρώπων
1078 2551 1244 2622 φημὶ,
1279 2550 1358 2604 δτι
1393 2551 1536 2622 τάχα
1563 2569 1712 2621 γενι-

138 2640 209 2690 se":
235 2641 342 2694 ἐστι
367 2641 430 2694 τὸ
463 2639 594 2710 φῶς
635 2639 758 2694 τῶν
788 2640 1088 2714 ἀνθρώπων
1118 2640 1213 2696 δύο
1240 2640 1421 2696 ίδικῶν
1454 2643 1714 2715 πραγμά-

137 2746 248 2783 των·
277 2732 477 2803 ὁμοίως
510 2731 575 2785 δὲ
613 2733 716 2786 καὶ
746 2734 782 2804 ἡ
819 2734 1007 2788 σκοτία
1039 2734 1239 2791 αὐτῶν.
1272 2735 1428 2788 Ἐστι
1469 2734 1579 2807 γὰρ
1621 2735 1713 2790 τὸν

134 2823 179 2875 τὺ
203 2823 304 2892 φῶς
329 2823 440 2879 τῶν
471 2823 806 2897 ἀνθρώπων
838 2827 1194 2899 κεκτημένον,
1224 2828 1319 2882 καὶ
1351 2828 1712 2883 κοινωνοῦντα

134 2916 217 2969 τῶν
247 2917 423 2987 αὐγῶν
463 2916 676 2982 αὐτοῦ,
717 2917 858 2989 ἔργα
891 2920 1067 2989 φωτὸς
1118 2921 1385 2975 ἐπιτελεῖν
1418 2922 1513 2976 καὶ
1544 2921 1709 2990 γινώ-

133 3023 256 3058 σκειν
307 3005 706 3078 φωτιζόμενον
754 3007 872 3077 φῶς
917 3007 1169 3076 γνώσεως
1189 3026 1203 3039 ·
1237 3009 1299 3062 τὸ
1337 3009 1394 3063 δὲ
1446 3009 1712 3081 ἀνάλογον

131 3098 206 3150 καὶ
226 3100 284 3152 ἐκ
306 3099 411 3152 τῶν
440 3099 729 3153 ἐναντίων
759 3099 997 3171 νοητέον,
1027 3100 1137 3154 τῶν
1161 3118 1220 3154 τε
1256 3101 1545 3173 μοχθηρῶν
1575 3103 1715 3174 πρά-

1896 2185 1987 2239 20.
2023 2182 2090 2236 Et
2119 2185 2215 2238 lux
2243 2186 2295 2237 in
2323 2183 2554 2237 tenebris
2592 2182 2756 2250 lucet,
2798 2192 2849 2239 et
2890 2183 3118 2239 lenebra:
3155 2200 3272 2239 eam
3302 2201 3410 2243 non

1826 2277 2283 2348 apprehendertml
2331 2276 2398 2332 ⁷⁸.
2449 2279 2644 2335 Adhuc
2687 2279 2752 2334 de
2784 2278 3065 2334 hominum
3097 2277 3240 2344 luce,
3271 2295 3410 2348 quo-

1825 2370 1970 2422 niam
2008 2371 2061 2422 in
2093 2368 2286 2428 ordine
2311 2369 2483 2438 prima
2514 2380 2620 2436 est,
2644 2370 2996 2440 inquirimus,
3025 2379 3189 2439 atque
3218 2381 3406 2438 etiam,

1822 2458 2038 2528 Opinor,
2071 2457 2136 2512 de
2161 2456 2277 2526 ejus
2315 2461 2614 2523 contrario,
2649 2474 2839 2528 nempe
2868 2459 3136 2521 tenebris,
3187 2460 3253 2513 de
3284 2461 3408 2526 qui-

1827 2551 1926 2604 bus
1990 2550 2226 2604 nondum
2279 2551 2686 2620 inquisivimns.
2751 2549 2828 2606 De
2881 2535 3164 2605 hominum
3225 2560 3404 2605 autent

1821 2641 1965 2706 luce,
2015 2641 2260 2713 inquam,
2300 2643 2556 2712 quoniam
2594 2641 2826 2698 fortasse
2869 2642 2958 2696 lux
3002 2643 3281 2697 hominum
3313 2658 3408 2713 ge-

1821 2751 1923 2790 nus
1969 2744 2054 2791 est
2099 2735 2331 2788 duarum
2387 2735 2710 2805 specialium
2771 2751 2952 2791 rerum
2995 2753 3011 2803 ;
3062 2746 3227 2806 atque
3281 2735 3396 2806 78

1818 2829 1981 2882 etiam
2035 2826 2281 2882 similiter
2333 2826 2593 2882 tenebrae.
2656 2827 2939 2898 Contingit
2979 2829 3152 2892 enim,
3202 2839 3262 2882 ut
3305 2829 3398 2897 qui

1818 2919 1991 2977 lucem
2054 2919 2330 2974 hominum
2383 2919 2719 2989 possederit,
2769 2931 2825 2975 et
2878 2919 3231 2988 splendorum
3279 2920 3398 2988 ejus

1819 3013 2092 3083 particeps
2121 3012 2309 3076 fuerit,
2341 3026 2504 3081 opera
2542 3011 2681 3066 lucis
2705 3012 2978 3081 perﬁciat,
3007 3022 3062 3065 et
3099 3010 3401 3066 illustratus

1820 3105 2063 3160 scientia:
2105 3104 2280 3159 lucem
2326 3113 2622 3174 cognoscat
2665 3123 2678 3159 :
2717 3104 2859 3159 idem
2909 3104 3026 3173 pari
3077 3106 3286 3158 ratione
3332 3119 3400 3158 ex

130 3191 240 3277 ξεων
262 3193 479 3265 καὶτῆς
513 3191 904 3266 νομιζομένης
939 3192 1212 3263 γνώσεως,
1245 3195 1343 3248 οὐκ
1377 3194 1544 3268 οὔσης
1573 3195 1710 3250 κατὰ

1818 3199 2104 3254 contrariis
2149 3199 2569 3254 existimandum
2621 3207 2730 3263 est,
2776 3199 2965 3268 pravis
2994 3197 3249 3252 videlicet
3295 3212 3396 3251 ac-

130 3276 388 3353 ἀλήθειαν,
439 3284 538 3337 τὸν
574 3283 750 3353 λόγον
776 3285 875 3356 τῆς
916 3285 1136 3350 σκοτίας
1177 3285 1429 3356 ἑχόντων.
1472 3287 1582 3340 Καὶ
1627 3289 1711 3342 ὅτι

133 3376 213 3444 μὲν
260 3378 324 3432 τὰ
360 3377 667 3448 πρακτικὰ
704 3377 824 3446 φῶς
855 3380 884 3432 6
917 3379 1060 3450 ίερδς
1103 3375 1212 3433 οἵδε
1259 3380 1438 3450 λόγος,
1475 3380 1638 3452 φησὶν
1683 3383 1712 3435 6

139 3466 364 3531 Ἠσαίας·
409 3488 428 3520 ‹
468 3470 630 3523 Διότι
676 3469 800 3539 φῶς
828 3469 898 3524 τὰ
934 3471 1331 3543 προστάγματά
1359 3489 1452 3526 σου
1486 3473 1578 3526 ἐπὶ
1609 3473 1710 3544 τῆς

127 3559 237 3627 γῆς·
270 3581 287 3612 ι
332 3563 429 3616 καὶ
461 3564 492 3616 6
521 3560 705 3616 Δαυῖδ
739 3564 799 3615 ὲν
834 3560 904 3636 ιη’
933 3564 1162 3636 ψαλμῷ·
1197 3583 1216 3616 ι
1274 3564 1339 3618 Ἦ
1370 3565 1560 3637 ἐντολὴ
1595 3567 1709 3619 Κυ-

128 3651 222 3719 ρίου
249 3654 550 3726 τηλαυγὴς,
590 3653 918 3725 φωτίζουσα
956 3654 1294 3728 ὸφθαλμούς·
1337 3676 1358 3710 ι
1393 3657 1476 3711 ὅτι
1502 3656 1560 3710 δὲ
1593 3655 1710 3727 φῶς

127 3743 251 3814 παρὰ
275 3745 340 3799 τὰ
372 3747 805 3819 προστάγματα
841 3747 935 3802 καὶ
961 3747 1061 3812 τὰς
1098 3747 1320 3812 ἐντολάς
1348 3748 1464 3802 ἐστί
1491 3767 1542 3802 τι
1563 3750 1706 3820 γνὼ-

128 3846 241 3896 σεως
272 3834 422 3907 παρά
460 3852 578 3890 τινι
619 3835 738 3889 τῶν
781 3834 1002 3891 Δώδεκα
1055 3835 1324 3910 εὕρομενο
1361 3857 1380 3891 ι
1436 3839 1706 3913 Σπείρατε

126 3923 308 3988 ἑαυτοῖς
329 3927 409 3991 είς
431 3926 828 3998 δικαιοσύνην,
851 3930 1158 4002 τρυγήσατε
1184 3932 1265 3995 είς
1293 3932 1506 4004 καρπὸν
1537 3932 1704 4006 ζωῆς,

127 4017 365 4082 ςωτίσατε
411 4021 648 4086 ἑαυτοῖς
701 4020 823 4089 φῶς
867 4021 1136 4092 γνώσεως.
1199 4043 1218 4078 ι
1279 4025 1368 4090 ὀς
1407 4026 1517 4098 γὰρ
1556 4027 1706 4092 ὄντος

125 4108 198 4160 καὶ
233 4109 414 4182 ἑτέρου
457 4112 660 4183 φωτὸς
693 4111 850 4184 παρὰ
891 4113 991 4178 τὰς
1024 4113 1246 4180 ἐντολὰς
1279 4117 1381 4188 τῆς
1425 4117 1702 4187 γνώσεως,

123 4196 309 4268 λέγεται
351 4204 439 4269 τὸ,
489 4223 512 4257 σ
547 4203 841 4260 Φωτίσατε
874 4206 1088 4271 ἑαυτοῖς
1118 4206 1254 4278 φῶς,
1305 4229 1324 4260 ο
1371 4209 1470 4281 οὐχ
1514 4209 1704 4275 ἁπλῶς

124 4289 234 4358 φῶς,
265 4292 400 4348 ἀλλὰ
431 4296 602 4350 ποῖον
640 4294 798 4364 φῶς;
833 4296 914 4351 ὅτι
953 4297 1016 4351 τὸ
1055 4298 1156 4370 τῆς
1185 4299 1458 4369 γνώσεως.
1493 4301 1556 4354 Εἰ
1593 4299 1702 4374 γὰρ

124 4386 213 4437 πᾶν
236 4387 366 4454 φῶς,
395 4389 426 4441 6
463 4389 713 4458 φωτίζει
747 4387 1030 4461 ἄνθρωπος
1070 4390 1268 4462 ἑαυτῷ,
1304 4391 1420 4461 φῶς
1447 4391 1703 4462 γνώσεως

121 4467 191 4545 ἦν,
227 4479 400 4551 μάτην
433 4479 786 4553 προσέκειτο
813 4479 894 4546 τὸ,
953 4499 973 4533 ι
1023 4481 1298 4536 Φωτίσατε
1337 4485 1547 4548 ἑαυτοῖς
1585 4484 1702 4555 φῶς

1817 3289 2076 3353 tionibus,
2118 3296 2170 3343 et
2200 3287 2432 3342 scientia
2477 3303 2600 3358 quae
2649 3289 2910 3357 opinione
2946 3289 3168 3358 quidem
3202 3288 3280 3352 lit,
3315 3302 3402 3343 re-

1813 3395 1943 3436 vera
1977 3395 2084 3435 non
2121 3380 2201 3447 Iit,
2245 3379 2513 3434 rationem
2562 3378 2893 3434 habentibus
2935 3380 3300 3434 tenebrarum.
3333 3379 3398 3434 Et

1811 3470 1957 3540 quod
1990 3469 2209 3540 quidem
2253 3483 2341 3524 res
2375 3469 2444 3523 ad
2475 3470 2744 3538 agendum
2787 3479 2945 3539 aptas
2994 3469 3172 3524 lucem
3219 3469 3397 3525 soleat

1812 3562 2099 3632 Scriptura
2131 3576 2293 3618 saera
2321 3561 2528 3628 dicere,
2564 3563 2745 3633 inquit
2771 3560 3051 3618 Isaias":
3088 3579 3108 3614 ι
3142 3561 3221 3617 Eo
3249 3562 3397 3631 quod

1810 3655 1904 3712 lux
1953 3655 2066 3712 sint
2097 3656 2354 3712 mandata
2388 3667 2477 3712 tua
2510 3671 2675 3728 super
2709 3665 2936 3722 terram,
2973 3673 2992 3709 ι
3041 3663 3095 3710 et
3125 3653 3296 3709 David
3338 3656 3394 3710 in

1809 3749 2023 3806 decimo
2053 3757 2251 3806 octavo
2281 3749 2494 3820 psalmo
2520 3748 2566 3781 ⁷⁸
2598 3765 2612 3802 :
2653 3767 2672 3801 ι
2709 3747 3023 3803 Mandatum
3062 3749 3271 3803 Domini
3312 3748 3396 3802 ln-

1808 3841 1991 3897 cidum
2043 3841 2364 3897 illuminans
2430 3842 2643 3896 oculos.
2709 3859 2727 3893 ι
2799 3839 2955 3907 Quod
3018 3855 3145 3896 vero
3197 3851 3395 3911 praeter

1808 3932 2068 3988 mandata
2093 3940 2150 3988 et
2177 3941 2448 4004 praecepta
2489 3931 2580 3986 lux
2615 3931 2684 3986 sit
2717 3932 2964 4002 quaedam
3001 3933 3263 3997 scientiae,
3303 3933 3391 3987 in-

1808 4025 2055 4080 venimus
2096 4024 2237 4094 apud
2263 4021 2552 4095 quemdam
2581 4037 2649 4078 ex
2679 4021 2968 4079 Duodecim
2999 4043 3010 4079 :
3048 4041 3068 4076 ι
3110 4021 3393 4079 Seminate

1806 4118 1960 4174 vobis
1982 4117 2111 4188 ipsis
2128 4117 2195 4172 ad
2213 4115 2508 4186 justitiam,
2527 4116 2858 4172 vindemiate
2879 4116 2945 4171 ad
2964 4117 3201 4172 fructum
3231 4117 3380 4183 vitae,

1808 4206 2118 4265 illuminate
2164 4207 2318 4264 vobis
2359 4207 2493 4279 ipsis
2535 4206 2718 4264 lucem
2769 4207 3013 4264 scientiae
3038 4209 3104 4264 ⁷⁷.
3138 4228 3158 4263 ι
3211 4207 3391 4264 Veluti

1805 4303 1950 4357 enim
1987 4301 2297 4358 exsistente
2325 4301 2436 4356 alia
2469 4301 2587 4357 luce
2616 4301 2860 4357 scientiae
2881 4311 3079 4370 praeter
3107 4302 3388 4369 mandata,

1806 4395 2011 4450 dicitur
2040 4409 2057 4451 :
2099 4412 2120 4447 ι
2156 4395 2464 4452 llluminate
2487 4397 2644 4452 vobis
2670 4396 2799 4467 ipsis
2829 4394 3029 4461 lucem,
3070 4413 3090 4450 ι
3127 4409 3233 4450 non
3257 4394 3391 4450 sim-

1808 4487 2026 4559 pliciter
2049 4487 2248 4556 lucem,
2273 4489 2367 4544 sed
2389 4487 2606 4559 qualem
2633 4489 2657 4543 ?
2683 4503 2880 4560 nempe
2909 4488 3086 4543 lucem
3117 4486 3384 4543 scientize.

122 4566 362 4634 γνώσεως.
403 4589 424 4624 ι
465 4569 656 4624 Πάλιν
691 4569 778 4623 ὅτι
816 4571 850 4642 ἡ
900 4570 1089 4625 σκοτία
1119 4572 1212 4624 ἐπὶ
1251 4572 1362 4628 τῶν
1409 4572 1700 4647 μοχθηρῶν

1818 4580 1940 4638 Nam
1970 4583 2015 4638 si
2043 4583 2251 4654 quaevis
2280 4580 2392 4648 lux,
2429 4596 2596 4652 quam
2631 4581 2736 4636 sibi
2767 4581 2929 4637 homo
2958 4579 3248 4644 illuminat,
3295 4579 3385 4632 lux

123 4656 270 4729 ἔργων
293 4660 840 4734 παραλαμϐάνεται,
888 4661 1128 4717 διδάσκει
1151 4664 1181 4717 6
1207 4664 1367 4731 αὐτὸς
1390 4668 1448 4722 ὲν
1460 4669 1524 4740 τῇ
1548 4669 1696 4723 Ἐπι-

123 4753 254 4825 στολῇ
295 4757 562 4828 Ἰωάννης
595 4755 854 4826 φάσκων,
881 4757 962 4810 ὅτι
985 4775 1004 4808 ι
1046 4757 1172 4812 Ἐὰν
1191 4757 1553 4829 εἶπωμεν,ὅτι
1579 4776 1696 4814 κοι-

119 4844 287 4898 νωνίαν
311 4845 519 4918 ἔχομεν
576 4845 704 4918 μετ’
754 4845 941 4912 αὐτοῦ,
977 4848 1072 4902 καὶ
1113 4850 1173 4903 ὲν
1205 4849 1284 4921 τῷ
1314 4850 1494 4904 σκότει
1537 4869 1694 4924 περιο

120 4936 390 5008 τατοῦμεν,
441 4936 800 5008 ψευδόμεθα,
855 4937 949 4990 καὶ
996 4938 1056 4991 οὐ
1104 4939 1366 5010 ποιοῦμεν
1417 4941 1516 5012 τὴν
1563 4942 1698 5015 άλη-

120 5023 269 5080 Θειαν·
307 5048 324 5081 ι
362 5031 462 5084 καὶ
498 5029 713 5084 πάλιν·
767 5046 787 5080 ι
840 5029 898 5084 '0
930 5029 1102 5100 λέγων
1143 5032 1200 5084 ὲν
1240 5032 1319 5102 τῷ
1359 5034 1499 5102 φωτὶ
1537 5027 1696 5098 εἶναι,

119 5123 195 5173 καὶ
233 5124 320 5176 τὸν
373 5124 627 5195 ἀδελφὸν
671 5121 840 5178 αὑτοῦ
884 5126 1078 5196 μισῶν,
1122 5128 1180 5181 ὲν
1207 5130 1275 5200 τῇ
1322 5129 1513 5203 σκοτίᾳ
1548 5131 1698 5187 ἐστὶν

120 5211 201 5277 ἕως
224 5215 341 5288 άρτι
365 5234 380 5248 ο
422 5237 443 5270 ι
479 5217 588 5271 καὶ
629 5215 745 5270 ἐπ’
784 5234 803 5267 ε
854 5217 912 5270 '0
943 5217 1002 5272 δὲ
1029 5219 1206 5290 μισῶν
1233 5220 1325 5276 τὸν
1349 5221 1579 5292 ἀδελφὸν
1605 5225 1698 5279 αὐ-

121 5292 209 5369 τοῦ,
231 5311 282 5361 ἐν
313 5312 380 5381 τῇ
426 5309 644 5379 σκοτίᾳ
670 5307 812 5372 ἐστὶ,
850 5310 942 5364 καὶ
969 5313 1026 5364 ὲν
1065 5314 1132 5382 τῇ
1165 5313 1354 5384 σκοτίᾳ
1381 5319 1691 5386 περιπατεῖ,

121 5399 191 5450 καὶ
229 5401 321 5456 οὐκ
360 5399 476 5457 οἶδε
541 5401 656 5455 ποῦ
699 5401 921 5470 ὑπάγει,
971 5405 1052 5457 ὅτι
1096 5407 1130 5476 ή
1166 5407 1354 5460 σκοτία
1416 5408 1693 5479 ἐτύφλωσε

119 5492 218 5554 τοὺς
239 5494 562 5567 ὀφθαλμοὺς
589 5492 784 5549 αὑτοῦ.
833 5513 853 5547 ι
894 5495 966 5550 Τὸ
995 5495 1101 5568 γὰρ
1139 5501 1198 5552 ὲν
1225 5499 1303 5569 τῷ
1334 5501 1510 5571 σκότῳ
1538 5521 1694 5575 περι-

1806 4675 2054 4733 scientias
2091 4682 2261 4744 esset,
2301 4675 2503 4732 frustra
2545 4674 2792 4731 additum
2840 4671 3071 4729 fuisset:
3123 4690 3143 4725 ι
3175 4671 3386 4727 lllumi-

1805 4779 1935 4824 nate
1993 4768 2148 4825 vobis
2192 4768 2329 4839 ipsis
2379 4769 2554 4825 lucem
2605 4767 2869 4824 scientia}.
2909 4784 2930 4820 ι
2983 4763 3194 4820 Rursus
3237 4761 3385 4832 quod

1808 4863 2047 4918 tenebrae
2074 4863 2140 4918 de
2171 4864 2354 4933 pravis
2380 4862 2640 4934 operibus
2665 4868 2972 4924 sumantur,
3012 4857 3124 4926 ipse
3146 4853 3384 4910 Joannes

1808 4953 1860 5009 in
1893 4969 1991 5010 sua
2035 4955 2193 5012 docet
2239 4955 2476 5025 Epistola
2532 4955 2719 5008 dicens
2761 4950 2807 4982 "
2848 4967 2864 5005 :
2908 4966 2928 4999 ι
2977 4945 3035 5001 Si
3076 4945 3382 5001 dixerimus

1803 5047 1948 5115 quod
1982 5046 2532 5102 communicationem
2557 5059 2680 5099 cum
2713 5042 2832 5110 ipso
2858 5037 3143 5103 habemus,
3171 5045 3226 5091 et
3257 5050 3380 5091 am-

1803 5133 2060 5191 bulamus
2110 5134 2164 5189 in
2223 5134 2485 5198 tenebris,
2524 5131 2843 5194 mentimur,
2885 5136 2940 5180 et
2987 5141 3094 5182 non
3143 5125 3380 5182 facimus

1802 5227 2129 5294 veritatem;
2163 5246 2184 5280 ι
2232 5236 2288 5282 et
2333 5241 2523 5280 rursus
2564 5222 2648 5277 ⁷⁹;
2705 5237 2725 5274 ι
2761 5219 2866 5287 Qui
2913 5219 3050 5275 dicit
3087 5234 3146 5275 se
3176 5220 3230 5272 in
3259 5219 3382 5274 luce

1800 5333 1942 5384 esse,
1973 5325 2030 5374 et
2066 5317 2294 5373 fratrem
2325 5329 2485 5371 suum
2524 5313 2662 5378 odit,
2698 5310 2752 5364 in
2793 5309 3030 5365 tenebris
3072 5319 3156 5365 est
3205 5325 3377 5380 usque

1803 5410 2006 5466 modo:
2047 5429 2067 5464 ι
2104 5419 2160 5466 et
2191 5409 2371 5464 adhuc
2409 5406 2456 5439 ⁸ο
2497 5423 2510 5460 :
2559 5423 2578 5457 ι
2616 5403 2718 5472 Qui
2761 5404 2876 5459 odit
2928 5403 3151 5458 fratrem
3188 5418 3371 5465 suum,

1801 5503 1854 5557 in
1884 5502 2126 5558 tenebris
2167 5511 2272 5568 est,
2311 5509 2367 5556 et
2398 5499 2450 5554 in
2479 5497 2722 5553 tenebris
2749 5497 3016 5562 ambulat,
3067 5508 3170 5551 nec
3225 5497 3377 5548 novit

172 5584 394 5665 lCnr.
430 5605 542 5665 an,
572 5589 800 5665 ‘61.“?
829 5588 982 5665 ξοοιι.
1012 5606 1051 5657 l,
1078 5590 1134 5648 5-.
1227 5595 1275 5626 ⁷⁸
1306 5597 1436 5665 Cap.
1486 5612 1635 5661 xxt't,
1685 5612 1710 5652 v

1818 5637 1831 5653 .
1875 5599 1930 5654 9.
2007 5599 2056 5630 ⁷⁸
2112 5597 2267 5653 Vers.
2304 5595 2358 5650 9.
2447 5593 2493 5626 ⁷⁷
2521 5591 2648 5650 Ose.
2683 5589 2852 5656 x,12.
2939 5585 3214 5650 ⁷⁸110³11.
3248 5603 3288 5656 ι,
3313 5587 3371 5644 6.

120 5651 291 5713 "ibid.
326 5677 386 5726 ιι,
421 5662 480 5717 9.
526 5651 535 5653 '
571 5659 622 5691 ιο
653 5660 789 5716 ibid.
825 5661 909 5714 ll.

176 5726 306 5821 (δεῖ
332 5752 451 5826 Τοῦ
507 5752 806 5821 ἐναντίου
861 5754 1235 5826 καλουμένου
1282 5756 1560 5822 σκοτίαςο
1608 5754 1684 5810 ἂν

123 5816 188 5873 δέ.
213 5816 310 5878 etc.
348 5823 530 5878 l‘lane
559 5892 562 5893 ν
595 5819 851 5893 corrupta
896 5827 1007 5880 lucc
1041 5816 1200 5888 sunt,
1246 5842 1364 5893 qua:
1404 5828 1479 5879 sit:
1505 5816 1679 5880 'resti-

125 5898 232 5958 luas,
255 5894 343 5947 τοῦ
368 5892 636 5948 ἐναντίου
672 5892 1003 5962 καλουμένου
1038 5892 1430 5960 σκοτίαςοῦπω
1455 5897 1567 5951 δοκι
1577 5915 1681 5968 μοι·

1791 5755 2194 5830 σθείσης.“Τῶν
2245 5755 2570 5830 άνθρώπων,
2615 5767 2720 5813 etc.
2759 5754 3148 5830 Praeivitihuic
3185 5769 3372 5830 emcn-

1791 5825 1996 5900 dationi
2041 5825 2538 5900 Ferrar_i_ns,'quem
2566 5831 2646 5900 sic
2678 5830 2870 5898 legisse
2898 5841 2964 5882 ex
2996 5827 3164 5899 ipsius
3196 5827 3364 5882 inter-

1790 5899 2096 5967 pretatione
2126 5897 2410 5970 conjicere
2425 5911 2528 5956 est.
2563 5897 2826 5956 "unus.
