3856 6552
478 438 581 496 159

1903 435 2240 494 ὈΕΙΟΕΝΙΒ

3618 437 3718 493 160

477 568 586 622 quo
616 554 798 614 vadat,
831 548 955 619 quia
993 546 1230 602 tenebrte
1256 555 1670 602 exsiccaverunt
1713 545 1884 616 ipsius
1913 561 2041 605 ocu-

2151 549 2341 604 πατείν
2375 545 2630 618 ἐμφαίνει
2661 545 2759 616 τὴν
2797 539 3005 614 ψεκτὴν
3047 543 3277 614 πρᾶξινο
3311 543 3405 599 καὶ
3446 543 3509 599 τὸ
3549 551 3718 618 μισεῖν

482 647 586 709 los,
619 662 640 697 ι
676 643 941 712 siquidem
984 656 1080 712 per
1107 639 1534 697 ambulationem
1588 640 1640 694 in
1692 641 1930 696 tenebris
1963 641 2046 697 in-

478 738 624 794 dicat
687 735 964 791 actionem
1023 731 1459 803 vituperabilem.
1509 733 1648 801 Quin
1703 733 1868 787 etiam
1919 732 2045 788 odio

356 820 364 826 ’
480 826 735 897 prosequi
781 823 1010 880 fratrem
1053 838 1237 890 suum,
1286 838 1467 881 nonne
1519 822 1700 893 lapsus
1739 832 1821 878 est
1869 824 1936 879 ab
1979 839 2046 880 ea

477 933 600 986 qua:
646 916 861 987 proprie
910 923 1132 971 vocatur
1177 914 1466 970 scientia?
1515 914 1670 982 Quod
1720 923 1902 970 autem
1951 916 2043 986 qui

479 1011 696 1080 ignorat
725 1008 927 1074 divina,
956 1015 1178 1077 propter
1204 1006 1378 1076 ipsmn
1424 1006 1674 1076 ignorare
1706 1005 1759 1060 in
1805 1007 2046 1063 tenebris

477 1101 737 1165 ambulet,
775 1099 951 1170 inquit
978 1098 1256 1154 David“:
1316 1116 1335 1150 ι
1371 1096 1486 1152 Νοη
1522 1106 1913 1167 cognoverunt,
1952 1113 2045 1152 ne-

477 1208 587 1260 que
641 1191 1049 1258 intellexerunt,
1096 1191 1148 1246 in
1186 1189 1425 1245 tenebris
1480 1188 1782 1243 ambulant.
1832 1207 1850 1240 ι
1909 1187 2043 1245 lllud

477 1297 608 1338 vero
638 1283 891 1345 observa,
916 1296 984 1336 an
1018 1280 1221 1336 idcirco
1244 1279 1459 1334 dicatur
1477 1279 1562 1336 ⁸²ι
1596 1297 1616 1332 ι
1654 1279 1792 1335 Deus
1815 1279 1902 1334 lux
1936 1287 2043 1346 est,

475 1383 528 1428 et
560 1373 793 1429 tenebrae
822 1374 875 1427 in
910 1387 977 1428 eo
1007 1388 1073 1429 ne
1099 1387 1219 1427 una:
1247 1371 1466 1441 quidem
1504 1380 1652 1437 sunt,
1705 1391 1723 1425 ι
1769 1387 1874 1426 non
1916 1372 2044 1442 quia

477 1479 596 1518 num
618 1464 725 1518 sint
752 1463 1008 1527 tenebrae,
1036 1463 1131 1519 sed
1161 1462 1242 1517 vel
1271 1472 1492 1533 propter
1530 1478 1700 1532 genus
1724 1463 1919 1534 duplex
1963 1471 2046 1519 te-

475 1555 790 1619 nebrarum,
828 1558 908 1610 vel
940 1555 1106 1609 etiam
1135 1570 1260 1624 quta
1287 1569 1622 1624 unaquaeque
1645 1556 1861 1627 species
1894 1565 2044 1612 tene-

476 1644 697 1698 brarum
745 1645 942 1700 multas
983 1647 1178 1700 haheat
1227 1661 1426 1714 pravas
1469 1649 1734 1713 actiones,
1781 1657 1836 1703 et
1878 1647 2044 1703 multa

476 1735 610 1789 falsa
639 1735 912 1807 dogmata,
947 1735 1129 1806 plures
1163 1747 1290 1792 sunt
1327 1739 1583 1801 tenebrae,
1624 1755 1856 1808 quarum
1898 1739 2042 1794 nulla

475 1828 527 1881 in
560 1829 671 1884 Deo
702 1840 804 1884 est.
841 1829 1027 1899 Neque
1073 1828 1217 1884 enim
1263 1830 1466 1885 dictum
1516 1828 1708 1886 fuisset
1750 1832 1816 1886 de
1859 1838 2047 1888 sancto

2147 639 2204 694 δὲ
2230 639 2318 693 τὸν
2339 638 2567 708 ἀδελφὸν
2592 637 2779 700 αὐτοῦ,
2800 637 2862 690 οὐ
2884 637 2983 708 τῆς
3008 635 3208 707 κυρίως
3223 637 3562 711 καλουμένης
3587 638 3719 708 γνὼ-

2147 734 2287 798 σεὼς
2308 733 2452 786 ἐστιν
2485 731 2829 802 ἅπόπτωμα;
2861 731 2982 783 Ὅτι
3002 729 3059 784 δὲ
3088 731 3182 784 καὶ
3210 732 3238 784 6
3264 729 3475 800 ἀγνοῶν
3505 732 3575 785 τά
3607 732 3720 786 θεῖα

2147 825 2268 878 κατ’
2303 821 2434 876 αὐτὸ
2458 821 2518 876 τὸ
2551 823 2765 890 ἀγνοεῖν
2809 822 2867 876 ὲν
2901 821 3080 875 σκότει
3111 820 3511 893 διαπορεύεται,
3561 823 3720 892 φησιν

2145 919 2174 972 6
2206 917 2399 970 Δαυῖδ’
2447 933 2468 969 ι
2523 917 2638 970 Οὐκ
2681 914 2946 984 ἔγνωσαν,
2983 915 3104 969 οὐδὲ
3149 915 3410 986 συνῆκαν,
3453 917 3511 969 ὲν
3545 916 3722 968 σκότει

2144 1006 2572 1080 διαπορεύονται.
2617 1025 2636 1058 ι
2684 1005 3007 1077 Ἐπίστησον
3037 1004 3093 1058 δὲ
3129 1004 3238 1076 τῷο
3293 1025 3312 1057 ι
3357 1006 3415 1060 '0
3443 1005 3577 1070 Θεὸς
3608 1005 3723 1075 φῶς

2147 1102 2283 1166 ὲστί,
2317 1100 2409 1154 καὶ
2439 1098 2627 1153 σκοτία
2652 1100 2708 1152 ὲν
2741 1097 2891 1169 αὐτῷ
2912 1099 3011 1153 οὐκ
3047 1098 3194 1152 ἐστιν
3231 1098 3475 1170 οὐδεμία,
3509 1118 3530 1152 ι
3563 1099 3612 1151 εἰ
3650 1099 3723 1169 μὴ

2146 1190 2236 1244 διὰ
2268 1189 2423 1244 τοῦτο
2457 1190 2671 1259 λέγεται
2714 1188 2794 1260 τῷ
2837 1186 2978 1242 εἶναι
3031 1187 3106 1260 μὴ
3155 1187 3282 1258 μίαν
3334 1187 3573 1252 σκοτίαν,
3609 1187 3724 1240 ἀλλ’

2145 1285 2263 1355 ἦτοι
2297 1283 2384 1337 διὰ
2417 1283 2478 1337 τὸ
2517 1281 2733 1352 γενικὸν
2771 1282 2882 1344 δύο,
2925 1282 2959 1352 ἢ
2992 1282 3088 1335 κα)⁸
3128 1280 3214 1334 διὰ
3242 1281 3302 1335 τὸ
3332 1279 3453 1333 καθ’
3490 1280 3719 1333 ἕκαστον

2143 1376 2254 1429 τῶν
2315 1375 2495 1430 ίδικῶν
2554 1375 2755 1439 πολλὰς
2793 1371 2935 1428 εῖναι
2985 1373 3216 1446 πράξεις
3273 1373 3574 1446 μοχθηρὰς,
3628 1375 3723 1426 καὶ

2148 1467 2315 1522 πολλά
2353 1468 2596 1539 δόγματα
2622 1467 2813 1538 ψευδῆ,
2839 1465 3029 1520 πολλαί
3059 1469 3166 1520 εξσι
3195 1466 3424 1529 σκοτίαι,
3459 1459 3547 1532 ὧν¹
3575 1466 3725 1518 οὐδε-

2149 1558 2248 1630 μία
2274 1560 2332 1612 ὲν
2364 1558 2441 1630 τῷ
2462 1559 2582 1630 Θεῷ
2615 1561 2782 1624 ἐστιν,
2812 1556 2913 1612 οὐκ
2937 1558 3002 1612 ἂν
3027 1556 3308 1627 λεχθέντος
3335 1557 3426 1610 ἐπὶ
3448 1556 3543 1610 τοῦ
3567 1557 3725 1625 ἁγίου

2144 1649 2174 1702 ὅ
2205 1665 2367 1720 φησιν
2411 1649 2440 1701 6
2483 1649 2693 1721 Σωτὴρ,
2743 1650 2839 1702 τό·
2890 1667 2909 1702 ι
2959 1649 3147 1719 Ὑμεῖς
3198 1650 3321 1701 ἐστε
3362 1649 3423 1702 τὸ
3465 1648 3582 1718 φῶς
3633 1648 3728 1701 τοῦ

2149 1742 2374 1813 κόσμου,
2433 1762 2452 1795 ι
2489 1744 2569 1796 ὅτι
2612 1742 2729 1812 φῶς
2769 1743 2886 1795 ἐστι
2937 1740 3031 1795 τοῦ
3085 1741 3289 1812 κόσμου
3338 1741 3368 1794 6
3412 1741 3589 1811 ἅγιος,
3634 1759 3704 1795 κα

2151 1833 2338 1887 σκοτία
2372 1833 2472 1886 οὐκ
2499 1833 2645 1887 ἔστιν
2676 1835 2734 1886 ὲν
2763 1832 2912 1904 αὐτῷ
2937 1832 3180 1904 οὐδεμία.

474 1921 617 1991 quod
646 1920 727 1974 ait
751 1920 1000 1978 Salvator
1036 1922 1122 1978 °’:
1162 1941 1181 1975 ι
1215 1921 1323 1978 Vos
1357 1923 1490 1978 estis
1533 1923 1624 1977 lux
1673 1922 1881 1990 mundi,
1917 1941 1936 1975 ι
1975 1927 2228 1993 quoniam
2258 1925 2346 1980 lux
2387 1927 2571 1981 mundi
2621 1935 2704 1982 est
2739 1939 2980 1992 sanctus,
3016 1943 3034 1977 ι
3069 1935 3123 1981 et
3146 1927 3382 1981 tenebrze
3417 1927 3471 1981 in
3504 1941 3572 1983 eo
3620 1942 3730 1983 non

473 2025 600 2070 sunt
637 2014 755 2069 ullae
782 2016 850 2071 ⁸⁵.
884 2035 903 2070 ι

543 2108 635 2164 21.
671 2109 905 2165 Proinde
933 2120 1138 2180 quaeret
1167 2110 1365 2181 aliquis
1394 2127 1409 2164 :
1439 2109 1496 2165 Si
1526 2108 1779 2165 de'Patre
1810 2109 2041 2180 positum

2216 2109 2448 2180 Ζητήσει
2471 2107 2528 2162 δέ
2561 2124 2677 2172 τις*
2715 2108 2778 2162 El
2816 2108 2908 2162 ἐπὶ
2943 2108 3036 2162 τοῦ
3077 2107 3290 2180 Πατρὸς
3337 2106 3594 2160 τέτακται
3631 2105 3728 2158 τό·

473 2211 556 2260 est
592 2203 739 2272 quod
794 2203 1031 2258 tenebrae
1073 2203 1233 2258 nulla:
1260 2204 1369 2258 sint
1408 2203 1461 2257 in
1497 2217 1586 2268 eo,
1631 2203 1902 2274 quomodo
1942 2218 2042 2258 ceu

477 2309 586 2348 rem
612 2294 871 2349 eximiam
905 2303 958 2349 et
984 2296 1310 2365 praecipuam
1345 2293 1454 2366 79
1503 2295 1606 2349 hoc
1646 2294 1699 2348 in
1746 2293 1864 2365 ipso
1894 2294 2041 2348 dice-

479 2403 597 2442 mus
631 2401 775 2451 esse,
809 2401 930 2440 cum
961 2389 1028 2441 de
1061 2386 1350 2440 Servatore
1393 2399 1610 2456 quoque
1649 2386 1859 2440 dicatur
1897 2385 2041 2455 quod

475 2474 700 2531 omnino
728 2476 798 2531 sit
822 2476 1184 2546 impeccabilis
1205 2475 1268 2543 ⁸⁵,
1302 2475 1374 2531 ita
1397 2483 1459 2530 ut
1485 2489 1612 2529 eum
1643 2475 1886 2530 dicamus
1916 2489 2037 2529 esse

476 2565 651 2622 lucem
681 2567 735 2622 in
773 2584 877 2636 qua
925 2570 1086 2622 nullae
1129 2568 1239 2623 sint
1290 2568 1567 2623 tenebrae?
1611 2569 1689 2624 Ex
1733 2579 1886 2638 parte
1933 2568 2036 2622 ita-

473 2667 580 2722 que
625 2651 985 2709 differentiam
1039 2653 1092 2706 in
1132 2654 1506 2725 superioribus
1547 2656 1904 2713 ostendimus.
1947 2656 2042 2710 At-

475 2760 580 2812 que
614 2745 912 2799 etiamnum
945 2744 1054 2800 illis
1085 2745 1348 2801 audacius
1374 2747 1660 2811 addemus,
1685 2745 1732 2802 si
1762 2744 2042 2803 Christum

474 2849 581 2887 non
636 2845 1024 2905 agnoscentem
1065 2849 1348 2906 peccatum
1392 2838 1523 2894 fecit
1559 2837 1722 2894 Pater
1759 2853 1858 2907 pro
1890 2838 2045 2895 nobis

472 2935 776 2993 peccatum,
805 2927 850 2982 si
876 2925 1027 2993 fecit,
1053 2933 1296 2998 inquam,
1329 2930 1472 2984 Deus
1516 2929 1604 2984 ille
1638 2929 1915 2986 Christum
1945 2943 2046 3000 pro

473 3017 629 3073 nobis
660 3028 962 3088 peccatum,
995 3021 1100 3076 dici
1133 3039 1241 3078 non
1282 3039 1439 3094 posse
1473 3025 1541 3080 de
1579 3039 1668 3089 eo,
1712 3042 1732 3076 ι
1779 3022 2044 3079 Tenebrae

473 3107 526 3160 in
561 3124 626 3163 eo
655 3125 758 3164 non
791 3121 917 3166 sunt
945 3111 1068 3166 ulla:
1102 3111 1170 3165 ⁸⁸.
1205 3132 1225 3165 ι
1271 3114 1531 3179 Quamvis
1553 3114 1696 3168 enim
1732 3129 1752 3163 ι
1802 3113 1858 3166 in
1892 3111 2046 3166 simi-

471 3197 753 3255 litudinem
782 3203 970 3258 carnis
1010 3203 1217 3273 peccati
1256 3202 1368 3274 (85)
1411 3202 1516 3274 [de
1557 3213 1782 3272 peccato
1817 3202 2048 3257 damna-

472 3292 551 3345 vit
598 3289 756 3348 Jesus
798 3305 1102 3365 peccatum,
1154 3314 1174 3348 ι
1219 3297 1361 3365 quod
1403 3294 1820 3350 similitudinem
1862 3294 2047 3350 carnis

473 3390 677 3457 peccati
712 3392 1000 3461 assumpsit
1027 3390 1120 3463 37,]
1166 3391 1310 3446 haud
1349 3400 1526 3445 tamen
1570 3388 1794 3444 omnino
1834 3389 1952 3443 haec
1978 3388 2046 3443 de

2145 2195 2342 2250 Σκοτία
2370 2198 2470 2250 οὐκ
2500 2195 2644 2250 ἐστιν
2673 2198 2730 2251 ὲν
2755 2196 2906 2268 αὐτῷ
2935 2197 3180 2269 οὐδεμία,
3217 2197 3334 2263 πῶς
3359 2197 3419 2251 τὸ
3445 2195 3732 2268 ἐξαίρετον

2144 2288 2373 2361 ἐροῦμεν
2393 2283 2531 2344 εἶναι
2551 2289 2608 2343 ὲν
2627 2288 2795 2360 αὐτῷ,
2816 2290 2993 2361 πάντη
3010 2290 3389 2361 ἀναμάρτητον
3404 2289 3498 2344 καὶ
3516 2288 3608 2341 τὸν
3624 2289 3737 2343 Σω-

2142 2381 2286 2452 τῆρα
2303 2382 2568 2446 νοοῦντες,
2591 2380 2730 2435 ὥστε
2755 2382 2996 2455 καὶπερὶ
3021 2381 3184 2436 αὐτοῦ
3201 2381 3266 2436 ἂν
3284 2384 3476 2446 εἰπεῖν,
3499 2382 3581 2435 ὅτι
3613 2382 3734 2452 φῶς

2145 2472 2280 2535 ἐστι,
2299 2473 2394 2526 καὶ
2407 2472 2592 2527 σκοτία
2607 2473 2706 2525 οὐκ
2719 2472 2862 2527 ἐστιν
2876 2474 2934 2526 ὲν
2950 2472 3098 2544 αὐτῴ
3112 2473 3354 2542 οὐδεμία;
3373 2472 3505 2525 Ἀπὸ
3525 2471 3735 2545 μέρους

2148 2564 2246 2635 μὲν
2271 2560 2364 2618 οῦν
2389 2565 2446 2621 ὲν
2468 2568 2580 2629 τοῖς
2603 2565 2860 2638 ἀνωτέρω
2874 2566 2972 2638 τὴν
2988 2566 3249 2637 διαφορὰν
3269 2566 3511 2637 παρεστή
3521 2581 3703 2635 σαμεν
3721 2581 3736 2595 ·

2143 2655 2538 2729 τολμηρότερόν
2569 2675 2630 2710 τε
2667 2656 2747 2710 ἔτι
2781 2657 3014 2720 ἐκείνοις
3057 2659 3151 2710 καὶ
3180 2657 3276 2711 νῦν
3323 2656 3737 2729 προσθήσομεν,

2146 2747 2247 2812 ὅτι,
2278 2750 2326 2801 εί
2357 2748 2448 2802 τὸν
2479 2749 2553 2819 μὴ
2587 2748 2782 2818 γνόντα
2829 2749 3106 2822 ἁμαρτίαν
3149 2750 3290 2822 ὑπὲρ
3335 2749 3491 2821 ἡμῶν
3549 2750 3739 2820 ἀμαρ-

2147 2839 2267 2891 τίαν
2291 2839 2513 2911 ὲποίησε
2557 2839 2650 2895 τὸν
2693 2839 2948 2909 Χριστὸν,
2979 2841 3028 2893 εί
3074 2839 3329 2911 εποίησεν
3374 2835 3557 2894 αὐτὸν
3585 2839 3742 2912 ὑπὲρ

2147 2932 2180 3003 ἡ
2190 2929 2304 3002 μῶν
2325 2931 2596 3003 ἁμαρτίαν
2617 2933 2646 2986 6
2673 2931 2827 2996 Θεὸς,
2862 2931 2964 2984 οὐκ
2995 2930 3061 2984 ἂν
3086 2930 3300 2985 δύναιτο
3318 2931 3571 3000 λέγεσθαι
3597 2930 3741 3002 περὶ

2148 3021 2312 3075 αὐτοῦ
2335 3039 2348 3052 ·
2379 3023 2638 3077 ι’Σκοτία
2671 3023 2729 3076 ὲν
2769 3022 2914 3094 αὐτῷ
2971 3023 3073 3075 οὐκ
3101 3021 3247 3076 ἐστιν
3273 3022 3519 3094 οὐδεμία.
3556 3041 3573 3074 ι
3604 3023 3742 3078 Κᾶν

2147 3116 2256 3187 γὰρ
2292 3135 2310 3168 ι
2354 3117 2411 3168 ὲν
2433 3114 2735 3186 ὁμοιώματι
2763 3115 2964 3187 σαρκὸς
2994 3115 3268 3187 ἁμαρτίας
3296 3115 3424 3187 περὶ
3451 3116 3742 3188 ἁμαρτίας

2147 3207 2484 3278 κατακρίνας
2511 3209 2754 3282 τυγχάνῃ
2783 3227 2801 3260 ι
2831 3208 2860 3260 ὁ
2895 3206 3101 3278 Ἰησοῦς
3139 3227 3158 3258 ι
3183 3208 3282 3279 τὴν
3303 3207 3577 3279 ἁμαρτίαν
3605 3228 3628 3259 ι
3658 3209 3746 3280 τῷ

2145 3301 2206 3355 τὸ
2234 3301 2489 3374 ὁμοίωμα
2503 3301 2603 3372 τῆς
2626 3301 2829 3373 σαρκὸς
2853 3300 3126 3372 ἁμαρτίας
3143 3299 3512 3371 ἀνειληφέναι,
3541 3299 3745 3354 οὐκέτι

2146 3393 2257 3461 ἕξει
2287 3394 2466 3465 πάντη
2501 3395 2670 3463 ὑγιῶς
2711 3393 2979 3465 λεγόμενα
3014 3393 3144 3465 περὶ
3180 3393 3365 3458 αὐτοῦ,
3413 3394 3492 3446 ὅτι
3538 3393 3749 3448 σκοτία

471 3494 537 3532 eo
573 3489 721 3536 recte
767 3483 1039 3548 dicentur,
1079 3462 1290 3538 scilicet
1320 3482 1464 3553 quod
1495 3481 1654 3536 nulla:
1692 3480 1927 3534 tenebrae
1960 3478 2041 3532 in-

2151 3488 2206 3542 ὲν
2237 3487 2384 3559 αὐτῷ
2409 3462 2509 3542 οὐκ
2536 3462 2682 3540 ἔστιν
2706 3462 2950 3558 οὐδεμία.
2975 3462 3364 3558 Προσθήσομεν
3386 3485 3430 3538 δ’
3457 3487 3540 3539 ὅτι
3566 3486 3747 3550 αὐτὸς

471 3573 580 3627 sint
621 3573 783 3629 ineo.
826 3575 1102 3630 Addeinus
1143 3583 1322 3630 autem
1371 3589 1495 3628 eum
1542 3571 1889 3627 inﬁrmitates
1945 3585 2044 3627 no-

471 3676 615 3723 stras
644 3675 693 3723 et
729 3670 947 3724 morbos
969 3668 1350 3737 assumpsisse,
1376 3676 1429 3721 et
1473 3667 1665 3721 anima-
1693 3665 2065 3721 infirmitates-

469 3769 520 3813 et
548 3761 768 3817 morbos
797 3761 993 3816 occulti
1027 3761 1208 3817 cordis
1242 3760 1411 3815 nostri
1438 3759 1693 3824 hominis,
1726 3773 1864 3828 quas
1891 3757 2043 3813 inllr-

471 3853 690 3908 mitates
719 3853 1045 3924 morbosque
1079 3849 1269 3924 quia‘a
1301 3853 1455 3909 nobis
1503 3852 1809 3918 sustulerit,
1841 3851 2044 3908 dicitur

467 3944 607 4013 apud
628 3944 950 4006 Zachariam
982 3948 1223 4004 animam
1259 3946 1602 4016 pertristem,
1636 3945 2044 4015 perturbatam-

470 4051 578 4104 que
633 4037 837 4095 habere
884 4048 1049 4108 atque
1096 4040 1342 4094 veStibus
1384 4037 1620 4092 sordidis
1671 4037 1892 4092 indutus
1936 4037 2039 4105 “;

466 4127 669 4194 quibus
696 4128 956 4196 quoniam
988 4130 1271 4184 exnendus
1294 4135 1429 4190 erat,
1466 4127 1722 4186 dicuntur
1747 4143 1871 4183 esse
1911 4141 2042 4197 pec-

469 4226 614 4270 cata.
641 4215 934 4290 Subjungit
959 4234 1088 4290 ergo
1119 4219 1312 4273 eodem
1344 4219 1397 4274 in
1432 4217 1555 4273 loco
1583 4219 1638 4251 ἰθ
1665 4236 1679 4273 :
1717 4239 1736 4271 ι
1765 4219 1905 4274 Ecce
1942 4233 2043 4289 ego

468 4305 666 4361 abstuli
704 4320 933 4377 peccata
963 4317 1053 4362 tua
1085 4323 1101 4375 ;
1141 4328 1158 4361 ι
1197 4322 1263 4364 eo
1282 4309 1426 4364 enim
1457 4308 1600 4378 quod
1635 4308 1749 4380 ipse
1775 4311 2044 4379 receperit

469 4399 520 4452 iu
564 4399 798 4469 seipsum
831 4399 1014 4471 populi
1050 4401 1390 4456 credentium
1427 4411 1677 4474 peccata,
1723 4400 2044 4471 frequenter

467 4489 686 4561 inquit:
740 4510 759 4543 ι
800 4491 981 4564 Longe
1029 4507 1060 4548 a
1107 4493 1287 4550 salute
1335 4509 1454 4550 mea
1499 4493 1665 4550 verba
1715 4494 2038 4550 delictorum

469 4598 713 4638 meorum
760 4585 848 4651 ⁸ος
911 4603 931 4639 ι
991 4593 1044 4641 et
1077 4605 1090 4642 :
1125 4603 1144 4639 ι
1195 4585 1277 4641 Tu
1321 4586 1620 4659 cognovisti
1672 4586 2040 4656 insipientiam

466 4691 665 4742 meam,
698 4687 752 4734 et
779 4679 977 4736 delicta
1010 4695 1130 4735 mea
1161 4695 1191 4736 a
1231 4690 1286 4738 te
1316 4696 1421 4736 non
1453 4690 1583 4736 sunt
1614 4680 2040 4736 abscondita".i

463 4770 574 4824 Nec
599 4785 724 4826 vero
752 4773 1059 4842 suspicetur
1095 4787 1192 4827 nos
1228 4772 1516 4842 quisquam
1543 4773 1659 4831 haec
1683 4773 1890 4842 dicere,
1926 4774 2032 4828 mi-

465 4877 565 4916 nus
597 4862 684 4932 pie
714 4861 990 4919 Christum
1031 4862 1126 4917 Dei
1174 4860 1437 4918 colentes.
1486 4860 1622 4916 Nam
1671 4877 1778 4930 qua
1823 4862 2036 4917 ratione

466 4953 612 5008 solus
645 4953 811 5010 Pater
857 4954 1022 5009 habet
1061 4952 1554 5018 immortalitatem,
1598 4953 1729 5023 quia
1775 4953 2035 5009 Dominus

467 5054 652 5100 noster
702 5044 997 5117 [omnium
1059 5057 1306 5100 nostrum
1359 5041 1624 5114 nomine]
1676 5053 1905 5098 mortem
1964 5045 2035 5099 ob

462 5151 706 5190 amorem
729 5151 855 5208 erga
888 5153 1056 5206 genus
1081 5139 1380 5193 humanum
1411 5135 1719 5207 pertulerit,
1744 5135 1847 5190 hac
1868 5135 2034 5192 Pater

462 5227 612 5283 solus
662 5229 824 5284 habet
863 5232 1008 5285 utin
1055 5232 1174 5302 ipso
1217 5229 1377 5286 nullas
1423 5230 1533 5287 sint
1585 5229 1864 5285 tenebras:
1908 5244 2032 5284 cum

461 5322 733 5387 Christus,
785 5333 844 5376 ut
890 5324 1141 5380 homines
1171 5323 1440 5381 beneﬁcio
1477 5321 1744 5390 alliceret,
1779 5321 2034 5377 tenebras

464 5426 682 5470 nostras
715 5415 767 5470 in
800 5415 1041 5484 seipsum
1073 5420 1360 5489 receperit,
1391 5425 1451 5474 ut
1481 5420 1722 5488 potentia
1753 5429 1852 5469 sua
1885 5429 2032 5469 mor-

465 5519 569 5563 tem
610 5507 1110 5576 nostramdeleret,
1136 5511 1540 5581 expelleretque
1583 5510 1890 5564 animarum
1933 5523 2031 5562 no-

532 5621 574 5654 ⁸¹
610 5623 752 5680 Psal.
787 5641 974 5688 um,
1011 5626 1064 5683 5.
1166 5626 1211 5656 ⁸⁸
1243 5625 1260 5679 1
1288 5625 1446 5681 Joan.
1481 5643 1518 5689 ι,
1545 5627 1600 5682 5.

462 5679 506 5782 ες.
523 5691 676 5782 12%|:-
710 5711 750 5782 εν
797 5697 879 5782 δ;,
1237 5703 1282 5782 2,.
1333 5697 1384 5782 ες

488 5764 506 5791 ⁴³
540 5765 673 5822 ibid.
705 5767 757 5822 4.
834 5770 880 5801 ⁹⁰
909 5767 1052 5825 Psal.
1090 5782 1203 5834 xxi,
1237 5766 1292 5824 9.
1370 5768 1412 5799 ⁹¹
1447 5767 1589 5823 Psal.
1624 5769 1887 5833 vam,6.

1702 5625 1747 5658 ⁸³
1771 5623 1960 5679 Matth.
2003 5640 2057 5688 ν,
2096 5625 2183 5682 14.

1494 5698 1538 5730 ⁸⁷
1577 5699 1732 5753 Korn.
1769 5693 1981 5760 vm,.5;
2030 5695 2041 5750 Ι

2174 5713 2291 5765 LIII,
2343 5706 2396 5763 4,
2435 5698 2505 5763 ὅς
2551 5696 2738 5751 Matth.
2793 5709 2910 5762 vnt,
2962 5694 3050 5747 l7.
3143 5691 3189 5723 ⁸⁸
3234 5689 3398 5744 Zach.
3445 5700 3533 5756 III,
3568 5690 3633 5754 ὃ,
3683 5691 3749 5748 ι.

2143 3577 2242 3643 τὰς
2273 3577 2552 3641 ἀσθενείας
2580 3579 2614 3648 ἡ
2624 3577 2740 3648 μῶν
2758 3576 2938 3641 ἔλαϐε,
2973 3577 3066 3630 καὶ
3100 3577 3199 3640 τάς
3227 3576 3416 3639 νόσους
3430 3573 3745 3639 ἐϐάστασε,

2143 3671 2236 3724 καὶ
2269 3669 2555 3732 ἀσθενείας
2603 3669 2704 3733 τὰς
2735 3669 2837 3739 τῆς
2882 3667 3082 3738 ψυχῆς,
3126 3669 3220 3721 καί⁵
3244 3669 3429 3731 νόσους
3481 3667 3586 3730 τὰς
3641 3666 3748 3720 τοῦ

2143 3759 2386 3831 κρυπτοῦ
2431 3760 2533 3831 τῆς
2565 3759 2791 3832 καρδίας
2826 3757 2983 3829 ἡμῶν
3032 3757 3344 3830 ἀνθρώπου,
3368 3758 3435 3811 δι’
3466 3757 3536 3821 ἃς
3563 3757 3750 3811 ἀσθε-

2143 3852 2292 3915 νείας
2318 3852 2412 3905 καὶ
2445 3851 2634 3916 νόσους
2658 3851 2936 3923 βαστάσας
2961 3851 3130 3916 αὐτάς
3162 3853 3255 3921 ἀφ’
3293 3850 3468 3922 ἡμῶν,
3501 3850 3750 3921 περίλυ-

2145 3959 2248 3998 πον
2283 3943 2428 4014 ἑχειν
2457 3943 2555 4013 τὴν
2588 3944 2765 4016 ψυχὴν
2783 3943 3038 4014 ὁμολογεῖ
3059 3943 3153 3999 καὶ
3174 3940 3615 4014 τεταραγμένην,
3644 3942 3750 3996 καὶ

2144 4034 2364 4107 ῥυπαρά
2384 4033 2574 4104 ἱμάτια
2597 4033 2907 4089 ἐνδεδύσθαι
2933 4035 3084 4106 παρά
3109 4033 3188 4104 τῷ
3230 4031 3476 4102 Ζαχαρία
3528 4031 3751 4102 ἀναγέ-

2141 4141 2382 4196 γραπται
2405 4142 2419 4156 ο
2453 4125 2598 4197 ἅπερ
2641 4126 2724 4179 ὅτι
2759 4125 3046 4179 ἐκδύεσθαι
3089 4123 3301 4196 ἔμελλε,
3334 4122 3556 4191 λέγεται
3588 4118 3748 4178 εἶναι

2143 4219 2534 4290 ἁμαρτήματα.
2583 4217 2863 4288 Ἐπιφέρει
2893 4216 3025 4286 γοῦν
3048 4218 3196 4270 ἐκεῖ·
3234 4233 3253 4267 ι
3308 4214 3438 4268 Ἰδοὺ
3462 4215 3748 4288 ἀφῄρηκα

2142 4310 2238 4373 τὰς
2273 4309 2547 4381 ἁμαρτίας
2570 4327 2662 4362 σου
2683 4326 2697 4340 ·
2743 4328 2762 4361 ι
2790 4309 2880 4364 διὰ
2907 4310 3016 4381 γᾴρ
3038 4309 3096 4362 τὸ
3127 4307 3420 4362 ἀναλαϐεῖν
3462 4307 3635 4362 αὐτὸν
3674 4309 3750 4362 τὰ

2139 4399 2235 4452 τοῦ
2269 4399 2398 4453 λαοῦ
2442 4399 2550 4454 τῶν
2580 4400 2941 4455 πιστευόντων
2983 4400 3064 4462 είς
3109 4397 3280 4453 αὐτὸν
3324 4398 3749 4469 ἁμαρτήματα,

2143 4490 2412 4563 πολλαχοῦ
2453 4509 2615 4564 φησι·
2655 4510 2674 4543 ι
2707 4491 2944 4564 Μακρὰν
2974 4490 3082 4545 ἀπὸ
3103 4491 3203 4561 τῆς
3233 4491 3506 4563 σωτηρίας
3541 4509 3653 4562 μου
3693 4495 3749 4547 οἱ

2140 4582 2288 4652 λόγοι
2320 4582 2427 4637 τῶν
2466 4585 2927 4656 παραπτωμάτων
2958 4600 3059 4655 μου
3079 4600 3095 4615 ο
3146 4603 3165 4636 ι
3205 4583 3330 4636 καί·
3369 4602 3386 4634 ι
3435 4583 3507 4636 Σὺ
3544 4583 3744 4652 ἔγνως

2140 4674 2238 4746 τὴν
2276 4674 2586 4747 ἀφροσύνην
2627 4692 2749 4748 μου,
2800 4675 2894 4730 καὶ
2940 4678 2997 4729 αί
3043 4675 3410 4746 πλημμέλειαι
3460 4691 3568 4745 μου
3617 4676 3751 4728 ἀπὸ

2145 4765 2237 4821 σοῦ
2260 4768 2358 4821 οὐκ
2389 4767 2720 4840 ἐκρύϐησαν.
2758 4785 2780 4821 ι
2816 4768 3017 4840 Μηδεὶς
3043 4769 3090 4821 δ’
3119 4769 3266 4839 ἡμᾶς
3293 4767 3755 4838 ὑπολαμϐανέτω

2141 4861 2316 4916 ταῦτα
2345 4862 2528 4929 λέγειν
2557 4861 2892 4926 ἀσεϐοῦντας
2921 4863 3002 4926 είς
3033 4861 3124 4914 τὸν
3165 4861 3404 4933 Χριστὸν
3427 4859 3520 4914 τοῦ
3563 4860 3749 4917 Θεοῦ.

2141 4950 2212 5028 Ὦ
2241 4956 2349 5028 γὰρ
2374 4957 2515 5028 λόγῳ
2532 4958 2560 5011 6
2581 4955 2769 5028 Πατὴρ
2806 4956 2964 5027 μόνος
2993 4955 3105 5027 ἔχει
3137 4953 3454 5018 ἀθανασίαν,
3482 4951 3585 5006 τοῦ
3617 4954 3756 5007 Κυ-

2144 5050 2260 5123 ρίου
2284 5049 2440 5121 ήμῶν
2460 5048 2548 5102 διά
2580 5047 2987 5120 φιλανθρωπίαν
3017 5047 3244 5102 θάνατον
3268 5046 3358 5098 τὸν
3387 5045 3532 5116 ὐπὲρ
3565 5047 3755 5116 ἡμῶν

2141 5139 2510 5209 ἀνειληφότος,
2545 5137 2721 5208 τούτῳ
2758 5140 2788 5191 6
2827 5137 3018 5209 Πατὴρ
3054 5136 3166 5207 ἔχει
3200 5135 3360 5206 μόνος
3389 5133 3478 5188 τό·
3524 5135 3755 5191 Σκοτία

2142 5235 2199 5286 ἐν
2221 5231 2368 5302 αὐτῷ
2388 5232 2488 5284 οὐκ
2517 5230 2661 5284 ἔστιν
2687 5228 2931 5300 οὐδεμία,
2955 5228 3048 5282 τοῦ
3074 5227 3307 5301 Χριστοῦ
3335 5226 3422 5280 διά
3445 5225 3548 5296 τὴν
3586 5230 3756 5298 πρὸς

2140 5323 2459 5395 ἀνθρώπους
2487 5321 2804 5395 εὐεργεσίαν
2830 5323 2916 5390 ἐφ’
2949 5321 3113 5374 αὐτὸν
3159 5319 3258 5384 τὰς
3289 5317 3447 5390 ἡμῶν
3492 5321 3752 5385 σκοτίας

2137 5416 2583 5486 ἀναδεδεγμένου,
2645 5415 2733 5469 ἵνα
2780 5417 2846 5486 τῇ
2884 5413 3109 5484 δυνάμει
3165 5411 3332 5466 αὐτοῦ
3389 5413 3751 5485 καταργήσῃ

2138 5509 2291 5579 ἡμῶν
2318 5509 2408 5562 τὸν
2439 5508 2688 5573 θάνατον,
2744 5509 2839 5562 κα)⁵
2889 5507 3189 5578 ὲξαφανίσῃ
3230 5505 3299 5558 τὸ
3340 5505 3399 5558 ὲν
3444 5505 3512 5572 τῇ
3569 5503 3747 5577 ψυχῇ

2292 5626 2561 5681 l"Una".
2603 5641 2641 5688 ι,
2669 5625 2723 5680 5.
2831 5624 2875 5655 ⁸⁸
2905 5622 3008 5676 ιετι.
3049 5637 3166 5678 LIII.
3206 5619 3270 5681 9;
3304 5615 3463 5670 ΙΡθιΓ
3518 5632 3583 5679 "-
3615 5617 3748 5686 23;

536 5880 648 5952 (85)
689 5880 810 5939 llam
840 5899 868 5939 a
898 5883 1148 5942 Ferrario
1179 5886 1540 5956 praetermissa
1571 5900 1602 5941 e
1635 5884 1886 5942 Perionio
1926 5882 2308 5956 supplevimus.
