3856 6526
121 385 199 439 l6!
1193 381 1552 441 COMMENT.
1596 381 1660 436 IN
1700 381 1892 437 .IOAN.
1924 379 2178 455 TUMUS
2213 381 2276 438 ll.

3263 392 3367 448 162

114 503 250 576 ἡμῶν
277 502 493 567 σκότος,
525 502 613 556 ἵνα
641 501 901 577 πληρωθῇ
931 503 991 556 τὸ
1018 504 1162 577 παρὰ
1196 503 1272 575 τῷ
1315 506 1513 575 Ἠσαῖα
1533 522 1545 534 ·
1581 525 1598 556 ι
1623 505 1668 560 ’θ

1784 516 2019 558 suarum
2063 506 2349 570 tenebras,
2403 504 2666 560 nimirum
2724 514 2785 562 ut
2847 507 3168 580 impleretur
3232 512 3363 568 illud

114 597 223 662 λαὸς
253 599 280 651 ὁ
311 596 626 669 καθήμενος
660 599 717 650 ἐν
751 598 941 671 σκοτίᾳ
974 598 1090 668 φῶς
1113 593 1220 652 εἶδε
1246 598 1409 670 μέγα.
1452 619 1469 650 ι
1507 598 1680 653 Τοῦτο

112 693 158 746 δὲ
183 691 240 744 τὸ
261 692 400 760 φῶς,
425 692 455 744 ὃ
482 692 706 762 γέγονεν
732 693 790 745 ἐν
830 692 909 764 τῷ
934 694 1097 764 λόγῳ.
1123 695 1391 764 τυγχάνον
1418 695 1513 748 καὶ
1540 691 1680 767 ζωὴ,

111 786 275 854 φαίνει
304 785 363 837 ὲν
394 787 462 856 τῇ
503 785 692 858 σκοτίᾳ
717 785 826 839 τῶν
867 785 1054 857 ψυχῶν
1087 785 1265 857 ἡμῶν,
1307 787 1399 841 καὶ
1435 787 1682 860 ἐπιδεδή-

112 892 270 946 μηκεν
308 875 443 928 ὅπου
484 877 535 928 οἱ
568 876 1010 949 κοσμοκράτορες
1054 877 1148 931 τοῦ
1190 877 1415 942 σκότους
1463 878 1676 944 τούτου,

109 970 288 1033 οἵτινες
313 969 404 1022 διὰ
427 968 520 1022 τοῦ
558 969 810 1023 παλαίειν
841 969 917 1042 τῷ
948 970 1056 1025 τῶν
1096 969 1399 1044 ἀνθρώπων
1428 972 1575 1041 γένει
1597 972 1676 1045 τῷ

110 1061 266 1130 σκότῳ
305 1062 541 1130 ὑπάγειν
591 1062 951 1131 ἀγωνίζονται
1004 1064 1131 1128 τοὺς
1178 1065 1254 1144 μὴ
1295 1066 1462 1119 παντὶ
1489 1066 1678 1137 τρόπῳ

109 1154 439 1225 ἱσταμένους,
479 1156 620 1227 ὑπὲρ
651 1155 744 1209 τοῦ
773 1156 970 1221 αὐτοὺς
1015 1157 1461 1229 πεφωτισμένους
1496 1159 1676 1228 φωτὸς

108 1247 432 1316 χρηματίσαι
468 1247 639 1311 υἱούς.
673 1249 782 1302 Καὶ
815 1252 1000 1318 φαῖνον
1034 1250 1092 1303 ἐν
1121 1253 1188 1322 τῇ
1221 1250 1408 1322 σκοτία
1435 1250 1593 1306 τοῦτο
1613 1251 1674 1304 τὺ

108 1337 208 1406 ein;
233 1337 492 1392 διώκεται
527 1339 624 1410 μὲν
647 1339 738 1392 ὑπ’
771 1339 964 1411 αὐτῆς,
988 1342 1049 1394 ού
1083 1341 1560 1413 καταλαμϐάνεται
1590 1341 1668 1396 δέ.

1784 595 1936 650 Isaia:
1967 595 2056 648 ἐς
2093 615 2110 647 ι
2166 595 2405 667 Populus
2446 598 2537 666 qui
2585 599 2812 654 sedebat
2853 601 2906 655 in
2954 603 3192 660 tenebris
3235 606 3367 661 vidit

1784 689 1956 743 lucem
1995 702 2266 755 magnam.
2304 710 2323 743 ι
2363 690 2488 747 llaec
2524 693 2706 763 itaque
2738 692 2827 748 lux
2856 709 2978 763 qua:
3010 694 3152 750 facta
3184 707 3270 752 est
3311 699 3364 753 in

1783 795 2057 848 sermone,
2110 781 2386 839 exsiStens
2427 785 2592 840 etiam
2641 787 2777 853 vita,
2825 785 2972 842 lucet
3022 786 3074 842 in
3127 789 3366 844 tenebris

1781 876 2090 941 animarum
2139 886 2446 933 nostrarum
2502 896 2516 934 :
2569 890 2623 933 et
2669 894 2735 934 eo
2775 883 3014 936 accessit
3064 881 3156 935 ubi
3207 890 3366 936 erant

1787 967 1974 1023 mundi
2004 977 2247 1025 rectores
2289 971 2639 1026 tenebrarum
2673 970 2939 1046 [saeculi]
2977 974 3137 1045 hujus
3163 974 3232 1040 “,
3267 975 3362 1046 qui

1785 1059 1913 1130 quia
1956 1075 2079 1116 cum
2125 1076 2327 1131 genere
2373 1063 2612 1119 humano
2653 1063 2954 1131 lnctentur,
3002 1066 3054 1120 in
3107 1068 3363 1124 tenebras

1784 1151 2056 1207 adducere
2084 1167 2178 1208 eos
2205 1155 2539 1209 contendunt
2574 1155 2666 1227 qui
2700 1171 2802 1226 pro
2831 1157 2975 1213 virili
3010 1174 3116 1213 non
3151 1159 3362 1215 instant

1782 1244 2153 1300 ntilluminati
2187 1249 2238 1300 in
2273 1247 2505 1302 ﬁliorum
2556 1249 2692 1305 lucis
2736 1265 2968 1306 numero
3009 1262 3355 1310 censeantur.

1779 1333 1900 1390 1am
1927 1352 2057 1394 vero
2087 1341 2252 1394 etiam
2294 1339 2408 1396 haec
2455 1340 2547 1395 lux
2587 1340 2777 1399 lucens
2809 1342 2864 1398 in
2907 1343 3148 1399 tenebris
3176 1359 3363 1415 perse-

107 1434 366 1486 cutionem
400 1434 605 1500 patitur
632 1435 848 1502 quidem
884 1451 913 1486 ει
957 1436 1214 1499 tenebris,
1253 1436 1347 1491 sed
1389 1453 1496 1492 non
1539 1430 1987 1505 apprehenditur.

176 1525 298 1577 Ἐὰν
359 1524 419 1577 δέ
475 1543 558 1590 τις
613 1529 811 1602 νομίσῃ
849 1528 912 1582 τὸ
966 1528 1042 1601 μὴ
1086 1530 1469 1601 γεγραμμένον
1520 1530 1668 1601 ἡμᾶς

113 1616 474 1687 προστιθέναι,
505 1619 568 1672 τὸ
596 1619 887 1674 διώκεσθαι
912 1622 973 1676 τὸ
1009 1622 1124 1692 φῶς
1151 1623 1256 1676 ὑπὸ
1283 1622 1381 1693 τῆς
1427 1620 1667 1687 σκοτίας,

1849 1526 1961 1596 80
1988 1526 2081 1581 22.
2107 1525 2260 1593 Quod
2312 1527 2358 1582 si
2402 1527 2522 1597 quis
2546 1537 2697 1597 putet
2727 1543 2827 1583 nos
2854 1529 3055 1585 addere
3080 1529 3221 1600 quod
3249 1545 3356 1586 non

1777 1617 1849 1673 sit
1881 1619 2171 1689 scriptum,
2205 1633 2398 1688 nempe
2423 1619 2562 1688 quod
2598 1620 2836 1676 tenebrze
2864 1620 3040 1676 lucem
3073 1622 3359 1692 insequan-

105 1707 351 1771 ἀκουέτω,
388 1709 470 1761 ὅτι
498 1709 560 1762 τό
584 1727 596 1740 ’
637 1729 655 1762 ι
698 1712 761 1763 Ἦ
792 1711 979 1764 σκοτία
1025 1713 1158 1766 αὐτὸ
1201 1714 1261 1767 οὐ
1314 1711 1602 1776 κατέλαϐε,
1647 1731 1667 1765 ι

1783 1720 1892 1776 tur,
1929 1712 2115 1767 audiat
2153 1711 2357 1766 frustra
2390 1710 2520 1766 illud
2555 1713 2681 1778 dici,
2725 1717 2868 1785 quod
2911 1733 2930 1766 ι
2970 1717 3205 1771 tenebrae
3237 1731 3358 1770 eam

107 1798 343 1868 μηδαμοῦ
377 1799 481 1877 τῆς
511 1801 729 1865 σκοτίας
751 1802 1020 1873 διωξάσης
1054 1805 1113 1857 τὸ
1144 1804 1278 1873 φῶς,
1314 1807 1489 1878 μάτην
1519 1805 1673 1876 λέγε-

105 1908 196 1947 ται.
239 1894 330 1956 Ὠς
367 1894 428 1947 δὲ
468 1895 653 1965 ἔχου-σι
705 1895 829 1949 νοῦν
862 1895 1179 1960 ἐκδέξασθαι
1215 1897 1510 1970 δυνάμενον
1542 1900 1671 1954 ἀκο-

103 1980 290 2047 λούθως
316 1986 433 2048 τοῖς
455 1986 864 2057 γεγραμμένοις
891 1985 960 2039 τὰ
982 1986 1313 2058 νομιζόμενα
1346 1990 1670 2060 παραλελεῖ-

105 2074 241 2145 φθαι,
289 2075 531 2148 ἔγραψεν
575 2079 603 2130 ὁ
641 2078 893 2149 Ἰωάννης
941 2079 1000 2132 τό
1027 2098 1079 2134 ⁸1
1102 2081 1164 2136 Ἦ
1197 2080 1386 2134 σκοτία
1432 2082 1566 2135 αὐτὸ
1604 2083 1665 2136 ού

105 2166 514 2224 κατέλαϐεν.ιΕί
543 2168 652 2241 γὰρ
673 2170 734 2222 οὐ
762 2169 1052 2233 κατέλαϐε,
1104 2168 1342 2237 διώξασα
1393 2172 1454 2225 ού
1503 2173 1668 2226 κατέ-

101 2258 213 2312 λαϐε
231 2275 246 2288 ·
271 2259 368 2311 καὶ
396 2259 479 2311 ὅτι
511 2259 728 2326 ἐδίωξεν
754 2261 787 2332 ἠ
820 2261 1011 2315 σκοτία
1039 2262 1100 2314 τὸ
1137 2261 1275 2332 φῶς,
1299 2262 1459 2333 δῆλον
1506 2263 1570 2317 ἐκ
1606 2282 1666 2318 τε

102 2349 166 2408 ὧν
194 2357 464 2411 πέπονθεν
499 2361 527 2412 ὁ
553 2360 766 2431 Σωτὴρ,
801 2360 895 2413 καὶ
935 2362 984 2414 οἱ
1037 2361 1472 2434 παραδεξάμενοι
1501 2363 1667 2418 αὐτοῦ

99 2447 157 2498 τὰ
189 2447 510 2518 μαθήματα,
540 2449 609 2502 τά
626 2449 730 2504 ἴδια
756 2450 941 2514 τέκνα,
967 2451 1064 2521 τῆς
1097 2452 1314 2517 σκοτίας
1338 2454 1669 2526 ἐνεργούσης

103 2539 226 2592 κατὰ
250 2538 359 2592 τῶν
399 2541 533 2594 υἱῶν
559 2541 652 2594 τοῦ
695 2541 891 2610 φωτὸς,
924 2543 1018 2595 καὶ
1052 2542 1405 2615 βουληθείσης
1430 2546 1666 2601 ἀποδιῶ-

101 2630 170 2695 ξαι
195 2631 300 2686 άπὸ
335 2632 444 2687 τῶν
478 2633 782 2706 ἀνθρώπων
823 2634 918 2688 τοῦ
955 2637 1153 2704 φωτός.
1195 2637 1334 2690 Ἀλλ’
1380 2639 1522 2705 ἐπεὶ,
1572 2640 1668 2695 ἐὰν

99 2725 216 2787 Θεὸς
247 2725 391 2795 ὑπὲρ
435 2725 616 2796 ἡμῶν,
669 2726 863 2792 οὐδεὶς,
901 2726 1005 2781 κᾶν
1049 2727 1326 2800 βούληται,
1377 2731 1668 2804 δυνήσεται

99 2814 206 2867 καθ’
231 2813 408 2885 ἡμῶν,
437 2817 548 2887 ὅσῳ
564 2818 786 2881 ἑαυτοὺς
809 2817 1148 2883 ὲταπείνουν,
1180 2820 1419 2893 τοσούτῳ
1449 2823 1668 2890 πλείους

99 2906 344 2977 ιγξνοντο,
369 2911 468 2964 καὶ
496 2911 792 2982 κατίσχυον
824 2911 1030 2984 σφόδρα
1063 2913 1288 2986 σφόδρα.
1329 2916 1505 2988 Διχῶς
1535 2917 1591 2971 δὲ
1632 2920 1666 2990 ἡ

99 3002 272 3054 σκοτία
302 3001 365 3054 τὸ
396 2999 515 3071 φῶς
545 3004 605 3055 οὐ
643 3003 1000 3074 κατείληφεν·
1032 3005 1065 3076 ἢ
1096 3006 1303 3078 σφόδρα
1326 3007 1492 3061 αὐτοῦ
1530 3011 1668 3065 ἁπο-

98 3090 402 3164 λειπομένη,
437 3095 532 3148 καὶ
562 3094 650 3148 διὰ
683 3093 780 3166 τὴν
813 3095 950 3149 ίδίαν
977 3095 1289 3170 βραδύτητα
1337 3103 1402 3171 τῇ
1446 3101 1666 3174 ὀξύτητι
1696 3116 1738 3174 c

95 3185 176 3236 καὶ
207 3185 476 3256 ταχύτητι
519 3187 613 3238 τοῦ
658 3185 860 3258 δρόμου
906 3185 1001 3239 τοῦ
1048 3187 1247 3257 φωτὸς,
1278 3190 1397 3243 οὐδὲ
1441 3193 1580 3247 κατὰ
1607 3193 1668 3247 τὸ

94 3278 247 3330 ποσὸν
269 3277 752 3350 παρακολουθῆσαι
772 3278 1043 3350 δυναμένη
1061 3297 1074 3310 ο
1102 3280 1134 3352 ἢ
1162 3281 1335 3336 εἵπου
1358 3285 1670 3357 ἐνεδρεῦσαι

93 3367 404 3440 βεϐούληται
439 3369 501 3422 τὸ
546 3370 662 3439 φῶς
695 3369 792 3442 τὴν
818 3371 1060 3435 σκοτίαν,
1086 3375 1178 3426 καὶ
1206 3376 1325 3427 κατ’
1356 3377 1668 3448 οἰκονομίαν

93 3459 418 3530 παρέμεινεν
450 3461 827 3533 ἐπερχομένην
869 3461 1040 3534 αὐτὴν
1078 3465 1348 3532 ὲγγίσασα
1393 3469 1426 3539 ἠ
1478 3471 1669 3524 σκοτία

92 3551 174 3602 τοῦ
201 3554 378 3621 φωτὸς
401 3553 717 3622 ἠφανίζετο.
748 3552 894 3625 Πλὴν
925 3555 1202 3627 ἑκατέρως
1241 3551 1350 3630 (84)
1397 3560 1430 3630 η
1479 3561 1668 3616 σκοτία

89 3640 142 3690 0'3
173 3642 443 3695 κατέλαϐε
469 3643 529 3694 τὸ
552 3641 687 3713 φῶς.

1781 1819 1889 1858 non
1937 1804 2420 1875 apprehenderunt
2468 1805 2536 1867 “,
2573 1823 2592 1858 ι
2643 1805 2689 1860 si
2733 1821 3075 1878 nequaquam
3121 1807 3360 1864 tencbm

1782 1895 1960 1950 lucem
1983 1904 2112 1949 sunt
2129 1904 2450 1964 persecuta.
2478 1893 2656 1950 Veluti
2683 1906 2861 1952 autem
2887 1907 3068 1953 mente
3093 1899 3357 1969 praeditis,

1776 2002 1874 2058 per
1912 2002 2076 2056 quam
2127 1985 2430 2057 intelligere
2478 1997 2705 2056 possent
2747 1992 3136 2060 consequentia
3171 2007 3352 2048 rerum

1776 2081 2110 2150 scriptarum
2143 2095 2262 2149 qua:
2295 2087 2619 2150 putarentur
2645 2081 2865 2145 omissa,
2896 2083 3090 2138 scribit
3110 2081 3349 2140 Joannes

1779 2172 2033 2228 tenebras
2079 2171 2253 2227 lucem
2295 2186 2401 2226 non
2452 2173 2898 2244 apprelicndisse.
2950 2172 3083 2231 Nam
3141 2174 3187 2230 si
3241 2191 3348 2232 non

1775 2263 2277 2336 apprehenderunt,
2307 2273 2613 2335 persecutae
2663 2281 2768 2321 non
2817 2266 3298 2336 apprehenderunt
3335 2286 3353 2335 ;

1775 2357 2034 2428 quodque
2064 2356 2239 2414 lucem
2279 2357 2518 2414 tenebrae
2547 2368 2850 2429 persecuta:
2881 2358 3109 2426 fuerint,
3138 2362 3353 2432 perSpi-

1775 2466 1936 2506 cuum
1961 2458 2065 2513 est.
2105 2459 2216 2505 tum
2246 2466 2312 2506 ex
2354 2451 2441 2506 bis
2476 2467 2598 2521 qua:
2632 2452 2899 2508 Servator
2929 2467 3221 2523 perpessus
3248 2466 3352 2517 est,

1779 2551 1892 2597 tum
1930 2541 2094 2598 etiam
2135 2542 2210 2598 illi
2249 2544 2340 2613 qui
2373 2543 2517 2600 illius
2547 2543 2886 2614 disciplinam
2911 2532 3264 2616 exceperunt,
3302 2557 3356 2601 ct

1776 2633 1948 2688 secuti
1985 2642 2138 2699 sunt,
2169 2632 2391 2704 genuini
2426 2632 2597 2702 ipsius
2628 2631 2748 2698 ﬁlii,
2791 2633 3031 2688 tenebris
3077 2634 3350 2703 operanti-

1777 2726 1877 2780 bus
1932 2725 2193 2780 adVersus
2238 2723 2376 2780 lucis
2422 2723 2562 2780 ﬁlios
2602 2734 2658 2780 et
2695 2723 2882 2796 fugare
2925 2725 3227 2780 volentibus
3273 2726 3349 2778 lu-

1775 2832 1893 2874 cem
1913 2815 1982 2871 ab
2011 2817 2341 2870 hominibus.
2365 2816 2436 2870 At
2454 2815 2712 2885 quoniam
2735 2817 2779 2871 si
2807 2815 2948 2872 Deus
2969 2831 3068 2886 pro
3094 2814 3253 2871 nobis
3275 2814 3346 2880 ",

1778 2908 1976 2975 nullus,
2009 2907 2223 2963 etiamsi
2261 2907 2413 2972 velit,
2446 2907 2643 2977 poterit
2672 2906 2880 2978 aliquid
2909 2908 3197 2963 adversum
3231 2922 3351 2972 nos,

1775 3011 1983 3071 quanto
2034 2999 2207 3070 magis
2251 2999 2461 3069 seipsos
2528 2999 2914 3064 humiliabant,
2963 3007 3115 3053 tanto
3168 2997 3351 3068 plures

1775 3093 2117 3148 exsistebant
2144 3091 2626 3162 praevalebantque
2655 3095 2942 3149 admodum
2977 3091 3150 3147 valde.
3180 3091 3352 3146 Porro

1775 3185 1988 3241 duobus
2020 3185 2194 3240 modis
2221 3185 2460 3240 tenebrae
2483 3199 2590 3239 non
2619 3185 3095 3255 apprehenderunt
3123 3183 3302 3239 lucem
3333 3202 3348 3238 :

1777 3277 1862 3333 vel
1898 3278 2026 3347 quia
2056 3275 2146 3332 lux
2173 3290 2271 3331 eas
2303 3274 2464 3347 longo
2508 3276 2795 3332 intervallo
2827 3262 2950 3346 post
2986 3291 3045 3331 se
3082 3276 3353 3347 relinque-

1780 3378 1882 3436 ret,
1911 3377 1968 3424 ut
2006 3383 2170 3440 quam
2203 3367 2486 3422 celeritate
2522 3368 2950 3438 pernicitateque
2977 3380 3174 3423 cursus
3213 3383 3354 3436 prae.

1779 3471 2039 3528 stantem,
2068 3460 2137 3517 ob
2170 3461 2447 3533 propriam
2481 3460 2795 3514 tarditatem
2821 3458 2951 3530 ipsa:
2979 3458 3241 3526 tenebm,
3283 3473 3353 3512 ne

1770 3553 1927 3623 juxta
1981 3552 2345 3624 quantitatem
2396 3551 2636 3623 quidem,
2695 3551 2913 3621 assequi
2973 3561 3217 3622 possent,
3264 3551 3352 3605 vel

1775 3648 1904 3718 quia
1928 3644 2101 3700 sicubi
2129 3645 2366 3702 teuebra:
2396 3645 2501 3700 luci
2537 3645 2761 3700 insidias
2796 3653 3012 3699 struere
3054 3643 3350 3706 voluerint,

89 3742 244 3801 atque
265 3747 425 3790 certo
449 3739 682 3804 quodam
711 3736 964 3805 consilio,
987 3747 1040 3792 et
1064 3754 1160 3809 per
1181 3740 1640 3811 dispensationem
1669 3738 2118 3811 supervenientes
2146 3737 2293 3808 ipsas
2324 3736 2413 3790 lux
2448 3737 2868 3806 exspectaverit,
2909 3751 3031 3791 mox
3064 3747 3228 3805 atque
3248 3735 3352 3791 luci

86 3832 669 3900 appropinquaveritll,
700 3843 1059 3888 evanescunt.
1087 3835 1341 3891 Attamen
1368 3848 1602 3906 utroque
1631 3836 1790 3892 modo
1825 3831 2067 3888 tenebrae
2099 3831 2276 3886 lucem
2307 3845 2415 3886 non
2448 3832 2948 3900 apprebenderunt.

161 3927 492 3993 Ἀναγκαῖον
519 3926 576 3978 δὲ
599 3927 658 3980 ὲν
688 3928 899 3992 τούτοις
924 3929 1076 3999 ἡμᾶς
1107 3929 1434 4001 γενομένους
1477 3931 1642 4002 ὲπιση
1659 3964 1671 3973 -

87 4016 308 4086 μειῶσαι
336 4017 478 4088 (85),
501 4018 586 4071 ὃτι
613 4019 674 4071 ού
705 4021 942 4084 πάντως,
974 4021 1152 4074 εἵπου
1182 4021 1508 4092 ὀνομάζεται
1542 4023 1670 4076 σκό-

83 4123 184 4173 τος,
215 4111 313 4168 ἐπὶ
341 4110 428 4181 τῷ
458 4110 664 4182 χείρονι
694 4111 1031 4183 λαμϐάνεται
1050 4130 1063 4143 ·
1101 4113 1213 4167 ἔσθ’
1248 4115 1336 4170 ὅτε
1368 4115 1425 4168 δὲ
1453 4116 1548 4170 καὶ
1578 4117 1673 4171 ἐπὶ

81 4201 152 4270 τῷ
182 4204 466 4273 κρείττονι
497 4205 949 4276 ἀναγέγραπται·
981 4207 1120 4278 ὅπερ
1144 4208 1194 4260 0i
1217 4207 1514 4279 ἑτερόδοξοι
1555 4208 1670 4282 (86)

86 4293 150 4362 μὴ
176 4294 648 4366 διαστειλάμενοι,
680 4297 1070 4369 δυσφημότατα
1099 4298 1228 4369 περὶ
1270 4299 1363 4353 τοῦ
1396 4303 1668 4373 Δημιουρ-

82 4386 167 4450 γοῦ
208 4387 474 4459 ὤγματα
493 4388 948 4461 παραδεξάμενοι,
975 4390 1291 4463 ἀπέστησαν
1318 4392 1506 4457 αὑτοῦ,
1537 4395 1670 4448 ἀνα-

81 4478 358 4551 πλασμασι
420 4478 612 4551 μύθων
662 4482 888 4546 ἑαυτοὺς
938 4483 1345 4550 ὲπιδεδωκότες.
1383 4486 1510 4550 Πῶς
1549 4483 1665 4550 οὖν,

1846 3928 1939 3983 2'5.
1970 3926 2205 3984 Necesse
2233 3935 2416 3980 autem
2445 3935 2527 3979 est
2563 3940 2660 3979 nos
2699 3925 2753 3978 in
2799 3925 2884 3980 bis
2914 3933 3203 3980 versantes
3251 3923 3353 3978 ad-

1773 4028 1991 4086 notare,
2022 4035 2154 4084 non,
2178 4017 2356 4073 sicubi
2387 4019 2626 4072 tenebrze
2665 4017 3042 4079 nominentur,
3087 4030 3211 4070 mox
3254 4028 3352 4070 eas

1775 4115 1829 4171 in
1860 4113 2100 4186 peiorem
2134 4120 2344 4184 partem
2381 4110 2549 4174 sumi,
2589 4124 2778 4164 verum
2812 4107 3159 4178 Scripturam
3187 4106 3351 4163 etiam

1771 4205 1825 4260 in
1874 4207 2074 4260 bonam
2107 4212 2316 4275 partem
2359 4199 2650 4271 aliquoties
2703 4199 2802 4254 has
2850 4198 3149 4268 accipere:
3201 4197 3349 4266 quod

1771 4299 1862 4368 qui
1909 4298 2126 4354 diversa
2175 4312 2205 4352 a
2239 4294 2396 4351 nobis
2431 4293 2696 4360 sentiunt,
2733 4306 2838 4346 non
2869 4289 3191 4354 dividentes,
3227 4289 3351 4344 bor-

1773 4391 1942 4446 renda
1990 4391 2058 4445 de
2104 4388 2292 4444 mundi
2323 4386 2532 4458 Opiﬁce
2583 4387 2830 4456 dogmata
2867 4383 3240 4451 admittentes,
3281 4381 3354 4441 ab

1776 4485 1895 4555 ipso
1930 4491 2297 4548 recesserunt,
2329 4482 2541 4553 seipsos
2582 4480 2854 4550 ﬁgmentis
2893 4478 3198 4534 fabularum
3252 4478 3356 4533 ad-

80 4573 162 4622 καὶ
190 4574 346 4636 πότε,
390 4574 495 4626 καὶ
527 4573 623 4625 ἐπὶ
653 4573 748 4626 τοῦ
777 4573 1087 4645 κρείττονος
1110 4576 1171 4630 τὸ
1193 4576 1364 4649 ὄνομα
1399 4578 1494 4633 τοῦ
1539 4581 1666 4634 σκό-

1782 4552 2044 4633 dicentes.
2101 4575 2388 4644 Quomodo
2439 4588 2597 4648 ergo,
2642 4581 2700 4628 et
2741 4572 2983 4643 quando,
3023 4581 3082 4626 et
3117 4585 3244 4625 num
3295 4570 3350 4623 in

81 4679 190 4727 τους
243 4664 780 4737 παραλαμϐάνεται,
845 4667 1237 4737 παραδεικτέον
1273 4670 1397 4742 ἢδη.
1449 4672 1668 4738 Σκότος,

79 4760 284 4826 γνόφος,
325 4758 541 4812 θύελλα
585 4759 644 4812 ὲν
689 4761 755 4829 τῇ
796 4754 990 4830 Ἐξόδῳ
1046 4761 1175 4832 περὶ
1221 4762 1312 4816 τὸν
1351 4763 1482 4818 Θεὸν
1529 4761 1670 4820 εἶναι

81 4845 305 4913 λέγεται,
341 4851 451 4903 καὶ
473 4850 534 4904 ὲν
558 4848 637 4920 τῷ
673 4849 735 4914 ιζ’
762 4848 962 4920 ψαλμῷ
981 4867 994 4880 ·
1037 4869 1055 4902 ι
1100 4852 1157 4905 ὐ
1185 4852 1318 4916 Θεὸς
1355 4854 1506 4910 ἔθετο
1537 4858 1664 4912 σκό-

82 4957 156 5003 τος
178 4943 530 5015 ἁποκρυφὴν
553 4942 742 5006 αὑτοῦ,
774 4942 959 5013 κύκλῳ
989 4944 1153 4998 αὐτοῦ
1185 4949 1218 5017 ἡ
1257 4949 1431 5019 σκηνὴ
1466 4950 1631 5005 αὑτοῦ
1650 4968 1665 4984 ⁸

83 5036 344 5088 σκοτεινὸν
402 5035 561 5105 ὕδωρ
592 5036 651 5087 ὲν
681 5035 934 5104 νεφέλαις
965 5035 1176 5107 ἀέρων·
1227 5057 1245 5090 ι
1292 5040 1387 5093 ἐὰν
1433 5039 1542 5111 γάρ
1582 5058 1669 5107 τις

82 5131 382 5200 κατανοήσῃ
439 5127 509 5180 τὺ
565 5126 769 5196 πλῆθος
811 5127 921 5181 τῶν
950 5127 1079 5198 περὶ
1122 5127 1256 5182 Θεοῦ
1300 5129 1670 5203 θεωρημάτων

84 5218 165 5269 καὶ
187 5220 479 5286 γνώσεως,
536 5217 778 5287 ἄληπτον
810 5217 1080 5288 τυγχάνον
1127 5220 1451 5296 ἀνθρωπίνῃ
1484 5223 1668 5294 φύσει,

86 5310 208 5380 τάχα
250 5312 309 5368 δὲ
357 5313 466 5366 καὶ
515 5309 725 5382 ἑτέροις
775 5311 928 5384 παρὰ
973 5313 1207 5383 Χριστὸν
1258 5316 1353 5370 καὶ
1397 5316 1459 5370 τὸ
1513 5317 1669 5388 ἅγιον

88 5401 289 5473 Πνεῦμα
329 5403 622 5472 γενητοῖς,
672 5403 874 5454 εἴσεται
921 5403 1039 5467 πῶς
1078 5405 1208 5476 περὶ
1257 5405 1349 5459 τὸν
1381 5403 1516 5461 Θεόν
1552 5407 1670 5462 ἔστι

189 5542 234 5613 ξ’
263 5544 370 5599 ιςη,
402 5557 497 5604 ις,
528 5539 586 5595 2.
695 5541 742 5575 “
764 5541 970 5613 Ephes.
1001 5559 1053 5597 vr
1074 5583 1088 5608 ,
1124 5545 1208 5602 12.

103 5606 142 5640 ’⁷
173 5610 317 5671 Vers.
362 5614 462 5670 12.

148 5757 267 5825 (84)
307 5750 502 5822 Πλὴν
554 5745 865 5825 ἑκατέρως.
917 5744 1007 5825 Sic
1063 5744 1233 5798 codex
1291 5739 1661 5805 Bodleianus;

95 5816 230 5877 διίησι
250 5816 579 5881 ἠιιΰῑῆῖιηπο
606 5818 752 5891 "vi"
778 5816 1056 5891 ὲκῖῑτέρῳι,
1161 5882 1194 5891 .,
1256 5883 1286 5891 ..
1327 5882 1339 5891 .
1601 5879 1632 5891 .-

154 5900 249 5961 (δὸ)
301 5882 808 5958 Ἐπισημειῶάαι.
849 5882 1126 5941 Ιιαὶὸάω
1159 5882 1518 5947 Bodleianus;
1549 5882 1664 5935 edi-

1316 5543 1362 5577 "
1386 5544 1540 5600 Ioan.
1573 5559 1618 5606 ι.
1647 5541 1700 5598 5.

1779 4670 2059 4726 meliorem
2090 4678 2306 4740 partem
2335 4669 2687 4725 tenebrarum
2716 4681 2916 4723 nomen
2944 4673 3213 4729 sumatur,
3236 4662 3350 4730 jam

1775 4774 1862 4820 est
1903 4761 2324 4818 ostendendum.
2377 4759 2659 4829 Tenebrrc,
2707 4761 2880 4816 nubes
2930 4758 3253 4824 nimbusque
3295 4755 3350 4808 in

1775 4857 1967 4912 Exodo
2009 4855 2057 4887 ⁸⁵
2092 4855 2240 4910 circa
2274 4853 2443 4909 Deum
2485 4868 2609 4910 esse
2637 4853 2915 4917 dicuntur,
2957 4859 3013 4905 et
3048 4849 3102 4903 in
3141 4845 3360 4916 psalmo.

1779 4949 1991 5005 decimo
2020 4948 2254 5018 septimo
2277 4948 2324 4984 "’
2354 4963 2369 5002 :
2404 4947 2552 5002 Deus
2589 4964 2608 4998 ι
2644 4943 2826 5016 posuit
2858 4941 3119 4997 tenebras
3150 4939 3350 4995 latibu-

1778 5040 1886 5094 lmn
1925 5055 2109 5106 suum,
2142 5040 2195 5095 in
2221 5039 2458 5095 circuitu
2489 5039 2608 5110 ejus
2640 5033 3056 5094 tabernaculum
3085 5031 3247 5102 ejus:
3274 5040 3353 5087 te-

1778 5135 2010 5188 nebrosa
2045 5149 2185 5205 aqua
2218 5134 2272 5188 in
2303 5133 2542 5188 nubibus
2564 5129 2747 5186 aeris:
2779 5145 2799 5180 ι
2831 5127 2878 5183 si
2901 5127 3049 5182 enim
3073 5127 3198 5197 quis
3221 5139 3353 5181 con-

1775 5223 2101 5278 sideraverit
2145 5221 2552 5278 multitudinem
2607 5215 3126 5288 contemplationum
3161 5221 3218 5270 et
3253 5227 3352 5268 co-

1776 5315 2038 5386 gnitionis
2066 5314 2134 5369 de
2169 5313 2302 5379 Deo,
2337 5327 2502 5384 quam
2539 5311 2778 5367 humana
2827 5315 3028 5363 natura
3067 5306 3354 5378 percipere

1777 5415 2034 5476 nequeat,
2068 5405 2304 5462 fortasse
2347 5413 2530 5458 autem
2581 5417 2682 5459 nec
2716 5399 2814 5458 alii
2843 5400 2938 5472 qui
2987 5397 3159 5471 geniti
3199 5405 3352 5465 sunt.

1809 5540 1856 5575 "
1883 5541 2042 5597 Rom.
2077 5556 2210 5607 vm,
2245 5540 2332 5595 51.
2443 5541 2489 5575 ’⁸
2521 5539 2690 5597 Exod.
2736 5551 2860 5604 nx,
2898 5535 2962 5600 9,
2991 5531 3092 5600 l6;
3122 5547 3224 5607 xx,
3254 5536 3349 5598 ει.

1781 5738 1858 5794 tio
1889 5735 2089 5800 llnetli,
2117 5713 2598 5808 lﬂtc'qutGGOGI..

1842 5808 1958 5876 (86)
2000 5808 2178 5872 Ὅπερ
2225 5807 2296 5860 ot
2325 5807 2682 5876 ἑτερόδοξοι,
2709 5820 2817 5867 etc.
2851 5809 3212 5870 Valentiniani
3265 5813 3351 5871 ni-

1771 5880 1995 5944 mirum,
2024 5876 2352 5934 Cerdoniani
2381 5889 2436 5935 et
2468 5879 2817 5937 Marcionita.
