3856 6544
521 409 644 465 163'
1986 407 2044 464 Ol

2228 408 2306 464 IIS
3672 418 3751 473 I6I

527 536 724 599 praeter
752 526 1030 584 Christum
1072 533 1127 581 et
1175 525 1440 597 Spiritum
1475 536 1747 594 sanctum,
1782 527 1920 582 sciet
1958 541 2050 598 qut

2228 529 2419 594 ικότος,
2437 529 2584 584 κατά
2601 528 2665 582 τὸ
2681 529 2993 598 ἀγνοεῖσθαι
3016 531 3108 584 τὸν
3129 533 3250 587 κατ’
3276 531 3436 599 ἀξίαν
3462 552 3529 588 πε
3537 536 3591 607 pi.
3615 537 3751 592 αὐτοῦ

521 639 647 678 nam
674 630 836 692 pacto
886 621 1031 677 circa
1093 621 1260 676 Deum
1313 620 1424 676 sint
1466 622 1706 678 tenebrae
1748 638 1764 687 ;
1811 629 2044 692 proptert

2230 620 2459 674 ιλούσιον
2481 620 2658 689 λόγον,
2691 621 2748 674 ἐν
2769 613 2813 690 ᾧ
2837 621 3014 693 σκότῳ
3043 621 3194 677 ἔθετο
3222 625 3390 679 αὐτοῦ
3418 627 3518 698 τὴν
3540 628 3753 698 ἀποκρυ-

519 715 666 785 quod
725 713 870 770 nulla
939 715 1338 785 quantumlibet
1386 716 1638 787 copiosa.
1696 723 1862 785 atque
1907 729 2038 769 orna

2227 709 2308 782 >ὴν
2360 709 2438 782 τῷ
2485 709 2556 765 τά
2603 711 2733 784 περὶ
2781 710 2944 765 αὐτοῦ
2979 713 3310 782 ἀγνοεῖσθαι,
3334 714 3595 788 ἀχώρητα
3628 718 3750 782 ὄντα,

519 807 700 862 oratio
730 805 1006 878 explicare
1041 808 1246 875 valeat,
1277 822 1341 862 ac
1373 822 1442 862 ne
1478 807 1618 863 sciat
1660 806 1876 877 quidem
1906 821 1972 860 ex
2012 805 2042 859 d

2231 802 2355 857 οὖτο
2377 803 2714 877 πεποιηκώς.
2751 804 2877 858 Ἐἀν
2909 805 2967 859 δέ
2989 823 3071 870 τις
3103 809 3222 871 ταῖς
3246 808 3525 874 τοιαύταις
3546 809 3752 883 προσκό-

519 898 725 967 gnitate
755 898 926 968 ipsius
957 898 1072 964 Dei,
1104 901 1157 956 in
1189 902 1386 972 quibus
1422 899 1664 956 tenebris
1697 898 1944 970 posuerit
1975 897 2042 952 lat

2232 914 2308 969 ξτῃ
2338 895 2607 967 ὲκδοχαϊς,
2643 896 3008 970 προσαγέσθω
3023 898 3133 952 ἀπό
3160 915 3219 952 τε
3252 899 3359 953 τῶν
3383 901 3669 954 σκοτεινῶν
3685 900 3755 954 λό-

519 987 704 1044 bulum
743 1005 921 1056 suum,
971 992 1063 1062 qui
1103 991 1204 1047 hoc
1250 989 1401 1057 fecit,
1431 1006 1496 1046 eo
1523 991 1630 1062 81
1681 990 1824 1060 quod
1869 1003 1990 1060 qua:
2032 1005 2042 1042 ι

2230 1010 2310 1046 ’ων
2349 991 2441 1045 καὶ
2470 991 2578 1046 τῶν
2597 991 2890 1063 διδομένων
2928 990 3034 1045 ὑπὸ
3066 990 3202 1046 Θεοῦ
3227 993 3453 1066 Χριστῷ
3489 993 3753 1070 θησαυρῶν

518 1081 639 1152 ipso
689 1092 835 1148 sunt,
895 1082 1239 1154 ignorentur,
1283 1082 1736 1154 imperceptibilia
1784 1097 1908 1137 cum
1961 1081 2041 1136 sin

2233 1083 2513 1150 κοτεινῶν,
2546 1084 2901 1157 ἀποκρύφων,
2929 1083 3177 1156 ἀοράτων
3197 1103 3210 1116 ·
3255 1088 3356 1141 οὐκ
3392 1085 3525 1140 ἄλλο
3580 1088 3680 1159 γάρ
3714 1104 3756 1140 τι

516 1171 671 1240 Quod
705 1173 749 1228 si
783 1172 908 1243 quis
939 1174 1314 1241 hujuscemodi
1362 1173 1806 1244 expositionibus
1849 1172 2039 1229 offendi

2234 1175 2438 1249 γοῦμαι
2467 1173 2604 1231 εἶναι
2628 1177 2756 1241 τοὺς
2786 1177 3093 1240 σκοτεινοὺς
3135 1176 3442 1250 θησαυροὺς
3472 1181 3532 1232 ὲν
3561 1177 3755 1251 Χριστῷ

519 1274 629 1331 ιιιι·,
677 1265 722 1320 is
777 1266 830 1319 in
890 1267 1221 1321 sententiam
1279 1275 1522 1321 nostram
1577 1266 1781 1330 veniat,
1829 1265 2042 1320 adducti

2235 1269 2748 1342 ποκαλυπτομένους
2773 1286 2788 1304 ο
2823 1287 2842 1323 σ
2901 1268 2976 1324 T6
3008 1269 3200 1333 σκότος
3223 1269 3374 1324 ἔθετο
3404 1272 3434 1324 6
3475 1270 3609 1335 Θεὸς
3640 1273 3755 1325 ἀπο·

517 1365 630 1410 turn
685 1371 714 1410 a
770 1356 1076 1413 tenebrosis
1128 1356 1512 1424 sermonibus,
1571 1366 1682 1412 tuin
1738 1373 1767 1411 a
1825 1359 2040 1412 thesanr

2237 1361 2407 1434 ρυφὴν
2435 1361 2648 1425 ἑαυτοῦ,
2693 1381 2712 1414 ι
2752 1359 2879 1415 καίο
2925 1378 2944 1412 ι
2991 1361 3052 1413 'O
3085 1359 3238 1429 ἀγιος
3259 1363 3440 1434 νοήσει
3466 1361 3755 1434 παραϐολὴν

515 1449 733 1506 Christo
756 1451 895 1506 datis
937 1466 966 1506 a
1004 1453 1132 1516 Deo,
1175 1451 1504 1517 tenebrosis,
1542 1451 1775 1506 occultis
1818 1462 1874 1506 et
1906 1451 2038 1507 invis

2233 1454 2289 1506 αὶ
2326 1455 2597 1509 σκοτεινὸν
2643 1455 2822 1524 λόγον.
2862 1474 2881 1508 ι
2923 1455 3250 1526 Ἐπίσκεψαι
3292 1453 3350 1507 δὲ
3393 1457 3443 1508 εἰ
3475 1454 3568 1508 διά
3603 1455 3756 1508 τοῦτό

513 1543 760 1598 bililnis:
808 1559 910 1599 nec
968 1544 1113 1599 enim
1170 1543 1317 1598 aliud
1362 1544 1556 1614 Opinor
1599 1559 1724 1601 esse
1775 1548 2036 1601 tenebrosi

2232 1564 2358 1618 ησιν
2381 1549 2408 1601 6
2437 1547 2626 1620 Σωτὴρ
2648 1549 2760 1611 τοῖς
2785 1532 3080 1620 μαθηταῖς·
3095 1567 3111 1599 ι
3137 1548 3274 1602 Ἀνθ’
3289 1540 3364 1602 ὧν
3386 1547 3486 1600 ὅσα
3502 1547 3755 1617 ἠκούσατε

517 1637 804 1692 thesauros
829 1652 926 1707 per
951 1635 1228 1692 Christum
1277 1636 1658 1694 nianil‘cstatos
1700 1655 1714 1692 :
1756 1655 1774 1690 ι
1814 1638 2040 1694 Tenebr:

2235 1641 2339 1710 ντῇ
2363 1638 2573 1710 σκοτίᾳ,
2598 1638 2788 1692 εἴπατε
2812 1643 2868 1692 έν
2895 1638 2971 1710 τῷ
3005 1640 3163 1709 φωτί.
3203 1658 3220 1690 ι
3256 1639 3336 1693 Τὰ
3373 1635 3480 1711 γὰρ
3511 1640 3570 1691 ὲν
3602 1640 3758 1709 ἀπορ-

516 1728 694 1796 posnit
729 1726 868 1782 Dens
905 1726 1188 1782 latibulum
1222 1741 1378 1782 suum
1403 1725 1476 1789 “,
1511 1743 1528 1776 i
1561 1735 1614 1781 et
1643 1739 1658 1779 :
1701 1745 1719 1777 ι
1757 1725 1991 1782 Sanctus
2018 1727 2039 1779 i1

2237 1732 2350 1803 ήτῳ
2383 1730 2477 1784 καὶ
2514 1731 2588 1802 μὴ
2619 1730 2840 1803 ἐπηκόῳ
2871 1732 3079 1785 πολλῶν
3105 1731 3423 1801 δύσγνωστα
3467 1731 3564 1785 καὶ
3589 1732 3757 1801 ἀσαφῆ

514 1819 720 1889 telliget
764 1819 1104 1888 parabolam,
1152 1827 1208 1874 et
1257 1818 1552 1873 obscurum
1601 1831 1907 1874 sermonem
1942 1819 2013 1872 ”.

2238 1821 2376 1886 ὐτοῖς
2419 1819 2828 1892 παραδεδομένα
2882 1822 3161 1893 μυστήρια
3204 1820 3537 1892 προστάσσει
3579 1821 3761 1881 αὐτοὺς

521 1915 721 1968 Verum
747 1913 1032 1968 considera
1063 1928 1189 1966 num
1223 1913 1291 1966 ob
1321 1912 1422 1966 hoc
1462 1911 1608 1966 dicat
1637 1911 1901 1967 Servator
1927 1913 2039 1967 disc

2239 1916 2612 1989 ωτιξομένους,
2651 1916 2746 1969 καὶ
2805 1916 2891 1970 διά
2947 1917 3107 1970 τοῦτο
3158 1915 3484 1987 λεγομένους
3534 1910 3674 1969 εἶναι
3714 1916 3762 1966 ὲν

513 2027 656 2098 pulis
686 2029 797 2083 suis
828 2029 844 2059 ¹
874 2045 888 2082 :
930 2047 949 2080 ι
982 2027 1189 2082 Idcirco
1213 2043 1333 2098 qua:
1361 2027 1413 2082 in
1444 2026 1688 2082 tenebris
1720 2027 1976 2090 audistis,
2008 2028 2036 2079 lI

2238 2011 2335 2063 ωτὶ
2365 2009 2733 2079 ἀπαγγέλλειν
2770 2009 2934 2064 παντὶ
2958 2008 3036 2081 τῷ
3069 2009 3340 2079 γινομένῳ
3372 2008 3531 2078 φωτί.
3587 2008 3761 2077 Παρα-

513 2120 621 2175 cite
647 2120 701 2174 in
733 2120 871 2174 luce.
908 2137 926 2170 ι
969 2117 1187 2174 Tradita
1217 2117 1360 2172 enim
1402 2115 1538 2188 ipsis
1569 2115 1849 2187 mysteria,
1872 2115 2027 2186 cogni

2242 2101 2468 2174 ιξότερον
2493 2103 2536 2156 δ’
2570 2101 2635 2156 ἂν
2661 2101 2752 2154 ἐπὶ
2788 2099 2882 2154 τοῦ
2917 2098 3308 2170 ἐπαινουμένου
3345 2099 3572 2161 σκότους
3606 2099 3765 2150 εἴποι·-

509 2210 749 2269 diﬂicilia
781 2223 836 2266 et
863 2212 1118 2273 obscura,
1148 2210 1201 2264 in
1235 2210 1356 2265 loco
1387 2185 1637 2276 secreto,
1657 2219 1711 2264 et
1740 2225 1844 2263 non
1881 2185 2032 2261 inin

2242 2211 2280 2257 t,
2314 2193 2395 2246 ὅτι
2421 2191 2580 2246 τοῦτο
2611 2191 2830 2246 σπεύδει
2863 2190 2957 2245 ἐπὶ
2989 2190 3049 2243 τὸ
3077 2189 3212 2259 φῶς,
3237 2189 3333 2240 καὶ
3365 2185 3764 2257 καταλαμόἀνει

511 2304 698 2373 quenti
737 2303 1034 2367 auditorio,
1074 2301 1230 2372 jubet
1264 2317 1358 2356 eos
1391 2300 1749 2366 illuminatos,
1789 2309 1846 2355 et
1881 2299 1951 2354 ob
1985 2299 2034 2353 lit

2244 2287 2349 2350 ὒτδ,
2377 2287 2472 2341 καὶ
2497 2285 2704 2356 γίνεταί
2732 2301 2884 2350 ποτε,
2917 2284 3006 2338 διά
3029 2283 3088 2336 τὸ
3117 2281 3428 2351 ἀγνοεῖσθαι
3456 2281 3671 2343 σκότος,
3697 2279 3767 2348 τῷ

510 2396 685 2451 dictos
715 2410 837 2450 esse
869 2395 922 2450 in
956 2395 1098 2460 luce,
1122 2395 1375 2450 omnibus
1404 2393 1495 2463 qui
1546 2392 1636 2447 lux
1689 2390 1915 2454 fuerint,
1950 2407 2033 2445 nui

2237 2380 2274 2452 ὴ
2298 2380 2496 2452 ὁρῶντι
2517 2379 2626 2450 (87)
2657 2378 2753 2450 τὴν
2785 2376 3012 2448 δύναμιν
3037 2375 3224 2438 αὑτοῦ,
3253 2374 3395 2428 οὕτω
3427 2373 3760 2445 μεταϐάλλον

511 2488 672 2543 tiare.
708 2487 1107 2543 Admirabilius
1127 2498 1309 2542 autem
1334 2487 1588 2556 quiddam
1613 2484 1808 2539 addam
1841 2483 1906 2538 de
1940 2494 2034 2538 tein

2248 2493 2335 2529 ττε
2367 2475 2458 2528 τὸν
2500 2472 2855 2545 μεμαθηκότα
2887 2468 3287 2540 ἀποφαίνεσθαι
3329 2467 3614 2536 γεγονέναι.
3663 2464 3769 2534 φῶς

512 2580 628 2635 bris
657 2580 923 2646 laudatis,
955 2595 1148 2651 nempe
1189 2580 1288 2635 has
1315 2578 1580 2634 festinare
1607 2576 1670 2632 ad
1711 2577 1906 2639 lucem,
1936 2591 2035 2630 ean

2063 2603 2089 2614 -
2194 2573 2253 2625 τὸ
2276 2566 2516 2639 γνωσθέν
2543 2581 2674 2618 ποτε
2706 2563 2948 2634 ὑπάρχον
2971 2560 3119 2631 αὐτῷ
3149 2559 3357 2620 σκότος.

509 2685 613 2741 que
646 2673 1070 2743 apprehendere,
1104 2684 1270 2742 atque
1316 2687 1437 2743 qua:
1469 2671 1595 2728 olim
1642 2669 1878 2726 fuissent
1924 2671 2182 2730 tenebrae,
2218 2680 2324 2720 non
2359 2658 2666 2730 dispirienti
2707 2658 2812 2710 vim
2840 2657 3104 2726 ipsarum,
3138 2667 3204 2745 eo
3226 2653 3376 2745 quod
3407 2651 3770 2745 ignoraretur,

508 2740 590 2817 sic
615 2740 917 2828 immutari,
950 2771 1009 2817 ut
1031 2778 1152 2817 cum
1182 2740 1226 2817 is
1260 2740 1539 2816 advcorum
1583 2761 1865 2816 scientiam
1898 2759 2205 2831 pervenerit
2237 2771 2354 2826 quae
2383 2750 2669 2822 ignorabat
2695 2748 2962 2812 enuntiet,
2992 2760 3112 2816 quae
3153 2742 3406 2799 didicerit
3459 2740 3638 2795 luise
3672 2740 3770 2794 sibi

505 2852 797 2922 aliquando
831 2853 1102 2916 tenebras,
1137 2867 1282 2907 nunc
1313 2861 1493 2906 autem
1525 2851 1718 2907 lucem.

573 2921 664 2997 τι.
692 2939 824 2995 Fuit
847 2941 1001 2996 homo
1021 2943 1208 2997 missus
1236 2961 1267 2996 a
1300 2942 1430 3008 Deo,
1456 2958 1644 2996 nomen
1672 2941 1752 2995 illi
1772 2940 2010 2996 Joannes
2033 2940 2075 2996 ’.

2269 2935 2530 3007 Ἐγένετο
2579 2931 2887 2999 ἄνθρωπος
2928 2924 3382 2995 ἀπεσταλμένος
3409 2923 3568 2992 παρὰ
3595 2921 3770 2977 Θεοῦ,

503 3033 827 3090 Accnratius
863 3033 1061 3102 aliquis
1107 3035 1419 3104 intelligens
1464 3049 1652 3089 vocem
1700 3035 1890 3088 ntissm
1915 3032 2026 3102 (ιιιιε

2250 3046 2374 3100 ὀμίι
2415 3025 2577 3092 αὐτῷ
2631 3023 2926 3090 Ἰωάννης.
2969 3017 3379 3091 Ἀκριόέστερόν
3435 3033 3517 3079 τις
3554 3014 3773 3068 ἀκούων

506 3125 652 3180 niam
679 3124 771 3194 qui
801 3124 1058 3189 mittitur,
1088 3126 1336 3180 alicunde
1357 3135 1411 3178 ct
1435 3127 1616 3195 aliquo
1650 3127 1904 3198 IIII.lIllII‘)
1931 3143 2029 3197 qua

2248 3121 2274 3174 ὖ
2298 3161 2313 3187 ,
2365 3113 2823 3185 ἀπεσταλμένος
2878 3111 3088 3182 (ἐπειδὴ
3121 3113 3150 3164 6
3194 3107 3605 3179 ἀπεσταλμένος
3673 3124 3771 3158 πο-

505 3223 589 3271 ret
621 3217 763 3272 unde
795 3215 1038 3272 Joannes
1073 3218 1144 3272 sit
1173 3217 1373 3271 missus
1413 3227 1468 3272 et
1501 3233 1632 3288 quo.
1678 3217 1810 3273 Cum
1848 3233 1978 3272 vero
2013 3219 2028 3272 l

2253 3232 2280 3268 ν
2332 3212 2436 3265 ποὺ
2491 3204 2954 3277 ἀποστέλλεται),
3004 3203 3229 3274 ζητήσει
3286 3200 3447 3255 πόθεν
3500 3200 3529 3251 6
3585 3198 3776 3253 Ἰωάν-

504 3318 668 3375 queat
714 3322 844 3377 quo,
901 3309 1160 3362 nimirum
1221 3306 1372 3375 juxta
1434 3309 1763 3374 historiam,
1817 3310 1960 3378 quod
2012 3327 2027 3364 ε

2248 3326 2284 3378 ,ς
2339 3303 2617 3373 ἀπεστάλη
2670 3301 2764 3355 κα)⁵
2814 3297 2939 3352 ποῦ.
2988 3294 3204 3364 Σαφοῦς
3253 3294 3298 3347 δ’
3326 3293 3478 3355 ὄντος
3499 3289 3595 3344 τοῦ
3645 3289 3771 3352 πού,

504 3397 669 3450 Israel
697 3408 753 3450 et
781 3397 847 3452 ad
879 3398 1124 3452 volentes
1157 3412 1280 3450 eum
1313 3397 1512 3452 audire
1551 3399 1602 3451 in
1653 3413 1838 3452 eremo
1882 3397 2027 3453 Judm

2254 3396 2326 3450 τὰ
2374 3393 2472 3465 μὲν
2507 3393 2605 3464 τὴν
2655 3388 2918 3461 ἱστορίαν,
2951 3387 3034 3440 ὅτι
3086 3385 3227 3456 πρὸς
3266 3383 3357 3437 τὸν
3397 3381 3646 3454 Ἰσραὴλ,
3683 3381 3777 3435 καὶ

503 3498 961 3553 commorantem,
1010 3499 1066 3542 et
1105 3487 1246 3558 apud
1295 3486 1585 3543 Iordanem
1641 3486 1861 3554 ﬂuvium
1906 3489 2026 3558 bapt

2256 3491 2310 3551 ῦς
2348 3484 2704 3556 βουλομένους
2743 3480 2907 3536 αὐτοῦ
2959 3477 3176 3534 ἀκούειν
3201 3476 3281 3530 ’έν
3327 3477 3392 3546 τῇ
3435 3475 3637 3545 ἐρήμῳ
3676 3474 3779 3543 τῆς

504 3586 718 3632 zanleni
744 3578 916 3649 (juxta
941 3593 1069 3633 vero
1096 3579 1361 3636 rationein
1389 3577 1824 3650 profundiorem,
1853 3581 1905 3634 iii
1933 3597 2018 3634 niu

2255 3576 2454 3639 ιυδαίας
2478 3571 2864 3643 διατρίϐοντος,
2890 3569 2984 3624 καὶ
3017 3567 3167 3639 παρά
3199 3565 3278 3637 τῷ
3314 3565 3553 3636 Ἰορδάνῃ
3595 3580 3778 3617 ποτα-

503 3671 653 3736 dum,
681 3671 1036 3743 intelligendo
1069 3689 1164 3743 per
1195 3671 1458 3728 mundum
1517 3673 1694 3728 locum
1735 3673 1878 3729 hunc
1902 3680 2026 3729 tet-ri

2258 3669 2273 3721 ὅ
2306 3665 2660 3738 βαπτίζοντος
2696 3660 2859 3732 (κατά
2896 3659 2953 3713 δὲ
3002 3656 3297 3729 βαθύτερον
3344 3654 3520 3722 λόγον,
3550 3653 3640 3707 ὅτι
3699 3655 3781 3716 εἰς

505 3772 677 3818 strem
727 3763 818 3819 ubi
873 3775 1003 3820 sunt
1049 3766 1343 3837 homines),
1373 3767 1613 3836 inquiret
1652 3783 1887 3839 quonam
1920 3779 2028 3838 paCI

2254 3779 2273 3815 ν
2306 3761 2528 3830 κόσμον,
2555 3757 2762 3826 κόσμου
2789 3749 3198 3823 λαμϐανομένου
3225 3745 3317 3800 τοῦ
3342 3745 3630 3819 περιγείου
3680 3745 3777 3797 τό-

501 3857 764 3928 particula
808 3859 949 3914 unde
983 3860 1122 3914 sumi
1150 3836 1368 3917 debeat.
1414 3861 1598 3931 Itaque
1639 3836 1842 3917 diutius
1881 3836 2024 3917 dictit

2258 3869 2306 3917 υ,
2365 3849 2492 3903 ἔνθα
2543 3848 2682 3901 εἰσὶν
2712 3844 2820 3916 (88)
2863 3839 3183 3913 ἄνθρωποι),
3235 3836 3642 3942 ὲξεῆτάσειξῶς
3695 3836 3781 3942 δεῖ

501 3964 622 4005 nem
653 3952 995 4016 examinans,
1039 3951 1184 4009 forte
1214 3955 1379 4009 etiam
1405 3955 1866 4024 ennntiabitquod
1887 3971 2024 4024 qnen

2255 3939 2477 4013 μϐἁνειν
2509 3936 2590 4003 τὸ,
2623 3936 2828 3990 πόθεν.
2880 3930 3187 3984 Ἐπιτιλεῖον
3223 3929 3279 3982 δὲ
3311 3925 3624 3998 βασανίζων
3673 3925 3778 4023 τὴν

497 4044 790 4098 admodum
839 4045 906 4099 de
949 4045 1121 4099 Adam
1153 4045 1414 4114 scriptum
1461 4058 1566 4110 est,
1597 4017 1759 4118 quud-
1783 4065 1802 4099 ι
1834 4017 2020 4102 ειιίὶερι

2256 4031 2349 4098 Ξιν,
2394 4028 2533 4098 τάχα
2571 4025 2666 4079 καὶ
2703 4020 3083 4092 ἀποφαίνεται,
3135 4019 3239 4084 ὅτι,
3296 4017 3484 4088 ὥσπερ
3530 4017 3628 4068 ἐπὶ
3677 4017 3779 4069 τοῦ

2296 4123 2301 4124 ,
2438 4119 2448 4124 -
2824 4110 3122 4124 -.....
3245 4107 3264 4124 ς
3408 4106 3734 4124 ...μί

499 4145 622 4186 eum
658 4134 919 4189 Dominus
971 4135 1116 4190 Deus
1158 4149 1192 4190 e
1237 4136 1489 4204 paradiso
1518 4106 1833 4204 voluptatis,
1879 4145 1932 4188 ut
1981 4152 2022 4188 Ct

2255 4123 2365 4194 δάμ
2388 4119 2696 4190 γέγραπται
2714 4132 2728 4147 ο
2765 4133 2783 4167 t
2824 4113 2932 4166 Καὶ
2960 4107 3334 4178 ἐξαπέστειλεν
3361 4106 3525 4161 αύτδν
3557 4107 3778 4180 Κύριος

499 4223 636 4278 leret
663 4233 891 4289 terram,
917 4239 948 4279 e
981 4241 1089 4296 qua
1119 4235 1370 4294 sumptus
1402 4226 1579 4280 fuerat
1600 4227 1646 4292 ⁸,
1685 4247 1704 4280 ι
1746 4229 1816 4282 ita
1838 4225 2022 4282 Joanni

2258 4213 2366 4276 956.;
2397 4213 2462 4264 ὲκ
2499 4208 2594 4263 τοῦ
2633 4203 2963 4304 παραδείσου
2998 4201 3100 4272 τῆς
3148 4199 3400 4308 τρυὶφῆςτῐ
3425 4197 3781 4308 ἐργάζεσὲῗὲ

506 4317 704 4368 missus
737 4313 906 4369 fuerit
931 4315 1013 4368 vel
1044 4331 1074 4370 e
1100 4316 1262 4384 coelo,
1292 4317 1374 4370 vel
1400 4331 1430 4371 e
1460 4317 1737 4387 paradiso,
1765 4320 1848 4372 vel
1872 4335 1937 4371 cx
1968 4320 2029 4371 ali

2256 4322 2278 4358 ν
2311 4303 2439 4374 γῆν,
2477 4300 2537 4366 εξ
2573 4294 2641 4370 ἦς
2670 4287 2897 4367 ὲλῗήφθη,
2944 4312 2963 4346 ι
2998 4291 3140 4346 οὕτω
3172 4289 3267 4342 καὶ
3298 4291 3325 4342 6
3366 4288 3625 4391 Ἰωάννης
3658 4287 3779 4359 (89)

498 4407 673 4468 parte,
711 4399 961 4457 alicunde
989 4379 1338 4469 tandempad
1379 4379 1523 4460 hunc
1568 4379 1733 4475 super
1755 4417 1950 4461 terram
1996 4408 2021 4460 Il

2255 4395 2459 4465 τεστάλη
2489 4392 2523 4464 ἢ
2555 4389 2616 4456 ἐξ
2645 4386 2873 4459 ούρανοῦ
2908 4384 3040 4458 (90),
3075 4384 3109 4456 ἢ
3153 4384 3220 4436 ὲκ
3250 4380 3345 4435 τοῦ
3395 4379 3778 4452 παραδείσου,

493 4503 618 4544 cum
645 4507 660 4556 ;
693 4499 751 4544 ot
794 4491 997 4548 missus
1042 4492 1234 4560 fuerit,
1283 4511 1302 4546 ι
1333 4506 1392 4550 ιιι
1421 4472 1714 4551 testaretur
1749 4499 1814 4550 de
1839 4497 1955 4551 lure
1977 4496 2016 4549 ‘.

2259 4489 2363 4542 ὃθεν
2394 4487 2593 4557 δήποτε
2621 4479 2884 4554 ἑτέρωθεν
2915 4476 3068 4549 παρά
3092 4475 3202 4546 (9|)
3231 4474 3322 4527 τὸν
3357 4473 3452 4526 ἐπὶ
3477 4472 3589 4542 γῆς
3632 4473 3782 4526 τοῦ..

498 4577 672 4634 tIabet
740 4589 921 4636 autem
987 4597 1091 4638 non
1183 4587 1637 4642 contemnendam
1707 4585 2021 4654 obiectione:

2308 4577 2469 4631 τόπον
2489 4593 2504 4607 ·
2549 4575 2647 4628 καὶ
2697 4568 2997 4640 ἀπεστάλη,
3035 4585 3055 4615 ι
3111 4567 3201 4620 ἵνα
3255 4564 3582 4636 μαρτυρήσῃ
3631 4565 3789 4638 περ).

491 4687 672 4729 sermo
715 4672 825 4740 hic,
872 4676 1129 4744 quoniam
1156 4677 1421 4749 scriptum
1471 4680 1542 4735 sit
1585 4680 1727 4749 apud
1774 4679 1966 4734 Isaiam
1997 4681 2014 4713 '

2263 4699 2264 4712 ι
2292 4669 2488 4740 φωτός.
2527 4685 2548 4720 ι
2596 4666 2748 4735 Ἔχει
2779 4662 2836 4716 δὲ
2862 4657 3244 4730 ἀνθυποφράν
3266 4657 3368 4710 οὐκ
3413 4656 3786 4727 εὐκαταφρό-

495 4785 514 4817 ι
548 4765 720 4834 Quem
755 4767 993 4835 mittam,
1038 4779 1094 4823 et
1129 4746 1390 4840 quis-ibit
1431 4772 1498 4828 ad
1537 4746 1791 4844 populum
1823 4771 2018 4827 hunc?

2262 4778 2328 4816 τοι
2355 4765 2383 4816 6
2417 4760 2596 4828 λόγος,
2636 4756 2760 4810 ἐπεὶ
2811 4754 2906 4808 καὶ
2960 4751 3112 4824 παρὰ
3142 4749 3367 4838 ’Ἡσαΐᾳ
3404 4746 3748 4818 γέγραπται
3770 4765 3785 4780 ·

492 4867 546 4912 et
582 4861 916 4929 respondens
950 4839 1214 4931 propheta
1244 4861 1425 4932 inquit
1460 4863 1482 4895 ⁸
1525 4839 1551 4918 ί
1579 4839 1778 4919 {Ecce
1806 4879 1925 4934 ego,
1953 4864 2015 4934 ες

2273 4855 2358 4910 ἱνα
2391 4851 2716 4916 ἀποστείλω,
2754 4849 2847 4902 καὶ
2867 4846 2949 4910 τίς
2981 4839 3310 4916 πορεύσεται
3341 4839 3477 4912 πρὸς
3501 4839 3600 4893 τὸν
3630 4840 3789 4896 λαὸν

492 4951 648 5006 mitte
675 4967 780 5007 me.
826 4971 846 5005 ι
885 4951 1040 5008 Dicet
1071 4955 1218 5009 enim
1255 4957 1355 5026 qui
1382 4955 1762 5011 adversabitur
1789 4933 1915 5011 huic
1947 4933 2015 5025 op

2264 4964 2389 5012 τον;
2440 4964 2459 4999 ι
2503 4946 2594 4998 ὅτε
2645 4939 3078 5012 ἀποκρινόμενος
3127 4937 3156 4990 6
3200 4933 3499 5026 npocp'qrnc
3548 4934 3787 5004 φησιν·

490 5041 666 5108 nioni,
719 5058 838 5112 quae
893 5047 1214 5114 profund'or
1271 5023 1541 5118 apparet,
1600 5023 2013 5117 quetltadtlIOdlIl

2267 5042 2394 5107 ἰδοὺ,
2429 5040 2546 5110 εἰμὶ
2576 5036 2706 5106 ἐγὼ,
2733 5030 3050 5088 ἀπόστειλον
3077 5045 3167 5100 με.
3202 5045 3220 5078 ι
3273 5027 3418 5095 Ἐρεί
3443 5023 3559 5118 γὰρ
3583 5027 3612 5077 6
3654 5028 3790 5079 ὲνι-

487 5131 655 5188 Isaias
685 5135 882 5191 missus
912 5147 1015 5202 est,
1049 5155 1156 5194 non
1190 5140 1260 5196 ab
1287 5139 1396 5194 alio
1439 5139 1560 5195 loco
1604 5139 1671 5194 ad
1720 5141 1867 5195 hunc
1905 5156 2010 5194 niui

2267 5153 2434 5208 ιμενος
2486 5134 2553 5203 τῇ
2609 5126 2883 5201 βαθυτέρᾳ
2931 5119 3307 5192 ἐμφαινομένη
3365 5116 3614 5189 ὑπονοίᾳ,
3660 5119 3790 5184 ὅτι,

489 5226 638 5291 dum,
684 5226 779 5281 sed
833 5239 1119 5300 postquam
1169 5231 1306 5288 vidit
1352 5231 1636 5288 Dominum
1683 5233 1957 5288 sedentem
2005 5233 2012 5286 i

2269 5247 2356 5301 τερ
2403 5229 2432 5282 6
2469 5225 2697 5287 Ἡσαΐας
2733 5216 3035 5287 ἀπεστάλη,
3068 5214 3189 5284 οὐχὶ
3227 5214 3321 5282 ἀφ’
3357 5212 3550 5282 ἐτέρου
3585 5213 3792 5268 τόπευ

439 5323 480 5384 ’ί
554 5343 600 5375 ’⁸
628 5341 770 5397 “sal.
799 5359 930 5409 xvn,
959 5345 1048 5402 ιε.
1113 5347 1158 5380 ’⁸
1182 5347 1342 5404 Prov.
1377 5366 1418 5416 t,
1442 5349 1497 5404 6.
1579 5348 1596 5379 ¹
1626 5347 1814 5404 Matth.
1847 5365 1901 5414 ι.
1929 5348 1962 5402 2

487 5425 626 5470 vers.
658 5412 712 5469 8.
786 5414 810 5446 ⁶
836 5415 967 5471 ibid.

2266 5363 2298 5400 I.
2331 5361 2369 5410 ι,
2393 5343 2446 5399 6.
2523 5343 2544 5375 ³
2571 5341 2706 5398 Gen.
2739 5355 2822 5402 ιιι,
2849 5332 2944 5388 25.
3017 5331 3040 5362 δ
3063 5330 3221 5386 Joan.
3252 5343 3295 5397 ι,
3322 5326 3370 5381 7.
3453 5325 3640 5396 'Cap.
3694 5345 3789 5396 τι,

423 5479 478 5580 i3
510 5583 519 5584 ί
551 5511 668 5584 (87)
709 5510 800 5579 Τῷ
817 5511 904 5580 μὴ
934 5509 1191 5584 epam,
1209 5511 1300 5566 Sic
1348 5512 1518 5568 codex
1547 5509 1906 5576 Bodleianus;
1940 5527 1946 5558 ι

2272 5519 2369 5556 ιιιιιι
2402 5501 2696 5584 sanctitate
2717 5497 2992 5584 Inobilinm
3035 5497 3343 5584 ipsos-esse
3387 5490 3645 5563 angelos.
3718 5508 3795 5551 ut

420 5563 434 5652 ξ
484 5563 1070 5654 ιῑό“ιιἰἱεῡςῦιῖιί,“”τδςιέὴ
1093 5563 1307 5654 ipsis:
1837 5647 1850 5654 _
1892 5563 1905 5576 ’

2042 5653 2048 5654 ί
2161 5575 2466 5654 διεθεξωρςε
2491 5573 2652 5654 rei“?
2679 5571 3030 5654 observan"!
3051 5563 3172 5654 ES}:
3200 5563 3464 5654 'iPPEE'Hf:

552 5633 1598 5724 (arma;scatet...istos].
1630 5647 1960 5724 Barberinus
2001 5653 2058 5724 et

2268 5644 2344 5707 λθ)
2479 5641 2547 5706 ἐξ
2573 5638 2855 5724 obprimi).
2889 5638 2980 5724 Sic
3010 5635 3177 5723 codex
3200 5633 3592 5714 _Bodleianus;
3651 5633 3791 5690 Re-

482 5705 848 5793 Bo‘tlle'int‘tusa
869 5705 1007 5779 male
1031 5705 1171 5779 vero:
1189 5705 1360 5776 editio
1393 5705 1650 5775 Huetiana
1686 5723 1737 5773 in
1782 5729 1928 5772 textu
1950 5757 1964 5780 ,
1995 5733 2005 5749 '

1900 5733 1928 5771 ιι
1950 5757 1964 5780 ,
1995 5716 2056 5767 τὺ
2159 5705 2362 5793 giuset
2390 5705 2738 5793 §;irlieriiitts,
2768 5711 2878 5793 εζτε
2908 5707 2973 5793 ἐξ
3001 5705 3248 5793 ούρανοῦ.
3292 5773 3330 5793 n
3411 5773 3423 5787 .

482 5793 584 5846 ποῦ
623 5796 780 5850 εἰσίν.
817 5773 833 5793 ’

2258 5784 2342 5849 9t)
2383 5780 2566 5850 Παρὰ.
2595 5780 2686 5837 Sic
2711 5773 2881 5838 codex
2906 5773 3260 5845 Budle'ianus;
3291 5773 3494 5846 Regius
3518 5781 3576 5829 et
3607 5773 3781 5832 Bar-

555 5866 667 5937 t89)
712 5867 874 5922 Οὕτω
909 5865 1006 5918 καὶ
1039 5867 1071 5920 ὁ
1110 5861 1536 5937 Ἰωάνξιῖῃςλοιε.
1571 5859 1858 5937 Hominum
1909 5855 2054 5937 enim

1058 5867 1071 5919 Ξ
1110 5861 1414 5937 Ἰωάννης,
1430 5872 1536 5916 etc.
1571 5859 1858 5937 Ιιοιιιίιιυιιι
1909 5855 2054 5937 enim
2161 5855 2403 5922 herinus,
2438 5853 2581 5923 περί.

480 5925 688 5993 animas
719 5939 785 5993 de
814 5937 952 5992 coelo
990 5937 1095 6006 peti
1126 5925 1676 6002 crediditOrigencs;
1718 5938 1772 5982 at
1806 5927 1925 5983 illas
1955 5925 2055 5980 ho-
