3922 6530
181 413 269 467 165
1287 416 1644 475 COMMENT.
1683 419 1750 474 IN
1788 419 1981 477 JOAN.
2022 420 2262 478 TOMUS
2303 421 2369 477 ll.

3370 437 3470 492 166

180 534 310 605 παρᾶ
333 531 423 586 τὸν
449 533 674 607 κόσμον
703 539 926 603 τοῦτον,
949 539 1082 594 ἀλλὰ
1105 541 1242 611 μετὰ
1273 541 1334 594 τὸ
1362 542 1665 610 ἑωρακέναι
1686 543 1760 596 τδι

1886 543 2083 599 throno
2111 545 2332 600 excelso
2363 553 2418 600 et
2457 543 2602 602 elato
2628 547 2672 615 ",
2704 557 2764 603 ιιι
2811 549 2877 604 ad
2927 551 3181 621 populum
3213 555 3419 614 diceret
3446 573 3464 615 :

179 624 360 696 Κύριον
391 625 727 696 καθήμενον
760 632 859 685 ἐπὶ
896 631 1084 704 θρόνου
1127 631 1331 704 ὑψηλοῦ
1377 633 1472 685 καὶ
1518 634 1770 705 ἐπῃρμέ-

176 734 272 781 νου,
310 714 442 788 πρὸς
470 717 566 768 τὸν
591 716 762 780 λαὸν,
802 721 892 775 ἵνα
914 722 1038 792 εἴπῃ
1059 737 1072 750 υ
1097 739 1114 772 ι
1158 721 1318 792 Ἀκοῇ
1351 719 1641 784 ἀκούσετε,
1673 722 1768 774 καὶ

180 808 230 862 ού
256 809 326 880 μὴ
366 809 597 878 συνῆτε,
631 830 652 862 ι
695 813 802 866 καὶ⁵
829 813 900 868 τὰ
933 813 1092 884 ἑξῆς·
1124 812 1267 866 οὕτω
1295 814 1387 866 καὶ
1421 816 1448 868 6
1489 813 1766 885 Ἰωάννης,

177 901 523 972 σιωπωμένης
573 902 691 972 τῆς
726 904 912 976 ἀρχῆς
958 905 1056 975 τῆς
1095 905 1423 976 ἀποστολῆς,
1475 901 1796 976 ἀναλογίαν

175 993 382 1065 ἐχούσης
415 993 561 1064 πρὸς
591 994 706 1066 τὴν
735 995 1048 1068 ἀποστολὴν
1075 995 1169 1049 τοῦ
1211 997 1452 1063 Ἡσαΐου,
1503 1001 1768 1054 ἀποστέλ-

173 1084 301 1137 λεται
331 1081 636 1153 βαπτίζειν
689 1085 796 1138 καὶ
839 1085 1148 1156 ἑτοιμάζειν
1192 1087 1382 1158 Κυρίῳ
1429 1087 1556 1142 λαὸν
1601 1108 1766 1145 κατε-

175 1177 546 1247 σκευασμένον,
585 1179 696 1229 καὶ
733 1181 1036 1250 μαρτυρεῖν
1091 1180 1344 1250 περὶτοῦ
1389 1182 1584 1252 φωτός.
1629 1183 1766 1236 Τού-

173 1268 320 1320 tum?
344 1267 520 1332 οὕτως
542 1269 874 1340 λεχθέντων
909 1272 973 1324 ἂν
1015 1273 1150 1344 πρδς
1201 1273 1292 1327 τὸν
1337 1275 1554 1346 πρῶτον
1607 1277 1766 1346 λόγον

175 1358 333 1422 λύσεις
367 1359 631 1413 τοιαῦται
667 1362 1044 1432 προσάγονται
1080 1364 1193 1435 (9'2)
1225 1365 1618 1434 συγκατάθεσιν
1643 1369 1764 1422 ἐπι-

177 1449 436 1520 σπώμεναι
474 1452 624 1521 πρὸς
654 1452 725 1504 τὸ
762 1454 895 1525 περὶ
935 1455 1177 1509 Ἰωάννου
1219 1456 1515 1530 βαθύτερον
1570 1457 1764 1514 ὑπονο-

173 1542 408 1612 ούμενονο
462 1545 715 1599 αὐτόθεν
769 1548 874 1617 μὲν
919 1548 1273 1620 ἐπιφέρεταιο
1329 1570 1344 1601 ι
1393 1546 1560 1615 Οὗτος
1603 1547 1766 1624 ἦλθεν

173 1638 239 1698 εἰς
260 1638 592 1708 μαρτυρίαν,
639 1641 734 1694 ἵνα
765 1643 1094 1714 μαρτυρήσῃ
1117 1643 1245 1715 περὶ
1280 1643 1373 1696 τοῦ
1401 1643 1578 1713 φωτός
1601 1661 1615 1674 ο
1663 1664 1681 1697 ι
1716 1647 1765 1698 εί

173 1730 262 1800 γάρ
281 1725 428 1802 ἦλθε,
466 1733 646 1787 ποθὲν
674 1730 839 1805 ἦλθε.
872 1735 979 1788 Καὶ
1026 1735 1244 1788 λεκτέον
1279 1735 1415 1806 πρὸς
1442 1737 1532 1790 τὸν
1559 1737 1765 1793 δυσπα-

175 1821 519 1890 ραδεκτοῦντα
541 1825 612 1878 τὸ
650 1828 713 1879 ἐν
750 1829 868 1891 τοῖς
901 1826 1024 1898 ἑξῆς
1051 1827 1156 1882 ὑπὸ
1194 1828 1438 1883 Ἰωάννου
1473 1829 1764 1900 λεγόμενον

173 1914 248 1964 ἐπὶ
267 1913 339 1983 τῷ
371 1915 699 1986 ἑωρακέναι
732 1919 798 1970 τὸ
827 1897 1050 1989 Πνεῦμα
1077 1918 1138 1971 τὸ
1162 1919 1316 1988 ἆγιον
1331 1919 1406 1984 ὡς
1435 1897 1764 1992 περιστερὰν
1798 1897 1836 1951 Β

172 2007 551 2078 κατερχόμενον
583 2010 690 2063 ἐπὶ
722 2009 818 2062 τὸν
853 2011 1077 2082 Μτῆρα
1098 2027 1111 2040 ·
1150 2011 1281 2082 φησὶ
1307 2011 1443 2083 γάρ·
1471 2030 1489 2063 ι
1531 2011 1593 2064 ’0
1624 2011 1763 2083 πέμ-

170 2101 260 2170 ψας
288 2121 350 2172 με
385 2102 696 2172 βαπτίζειν
731 2105 849 2175 (93)
876 2107 934 2158 ἐν
963 2105 1038 2176 τῷ
1075 2103 1250 2170 ὕδατι,
1290 2107 1494 2171 ἐκεῖνός
1539 2124 1628 2178 μοι
1682 2103 1760 2160 εἷ-

171 2212 279 2248 πεν·
323 2197 436 2264 Ἐφ’
491 2196 556 2250 ὃν
623 2197 700 2250 ἂν
760 2197 882 2270 ἴδῃς
933 2197 993 2250 τὸ
1030 2197 1255 2269 Πνεῦμα
1300 2199 1626 2253 καταϐαῖνον
1668 2201 1762 2253 καὶ

172 2286 309 2356 μένον
335 2288 422 2340 ἐπ’
440 2288 644 2353 αὑτὸν,
682 2281 848 2353 οὗτός
883 2291 1030 2344 ἐστιν
1052 2291 1080 2342 6
1101 2290 1378 2360 βαπτίζων
1403 2293 1461 2345 ἐν
1482 2291 1761 2362 Πνεύματι

171 2382 290 2452 ἁγίῳ
337 2381 432 2438 καὶ
471 2382 644 2455 πυρί.
693 2403 713 2434 ι
751 2384 896 2436 Πότε
951 2383 1058 2456 γὰρ
1101 2384 1323 2456 πέμψας
1369 2385 1512 2439 τοῦτ’
1563 2386 1762 2439 ἐνετεί-

172 2472 312 2536 λατο;
382 2475 526 2528 Ἀλλ’
584 2475 756 2539 εἰκὸς
829 2477 1219 2548 ἀποκρίνεσθαι
1271 2477 1407 2551 πρὸς
1449 2477 1510 2531 τὸ
1568 2479 1761 2549 πύσμα

171 2563 322 2629 τοῦτο,
366 2567 450 2620 ὅτι
501 2567 601 2621 ὅτε
669 2567 881 2640 δήποτε
937 2567 1181 2639 ἔπεμπεν
1231 2569 1324 2622 ἐπ)⁸
1377 2570 1438 2623 τὸ
1491 2570 1759 2643 ἄρξασθαι

172 2654 451 2724 βαπτίζειν,
480 2658 617 2713 τότε
655 2660 856 2713 τοῦτον
877 2660 969 2714 τὸν
989 2660 1142 2730 λόγον
1166 2656 1320 2716 εἶπεν
1342 2663 1371 2714 6
1401 2663 1758 2735 χρηματίζων

170 2748 286 2820 πρὸς
308 2750 493 2806 αὐτόν.
533 2752 675 2805 Ἔτι
703 2752 764 2805 δὲ
814 2751 1324 2826 ἐκπληκτικώτερον
1367 2755 1503 2826 πρὸς
1540 2755 1601 2808 τὸ
1645 2755 1761 2810 ἐτέ-

171 2840 322 2911 ρωθέν
373 2842 546 2897 ποθεν
582 2844 947 2900 ἀπεστάλθαι
985 2845 1076 2899 τὸν
1123 2846 1375 2918 Ἰωάννην
1411 2847 1758 2919 ἐνσωματού-

171 2947 329 3000 μενον,
355 2933 633 2988 ὑπόθεσιν
673 2937 778 2988 οὐκ
803 2936 971 3006 ἀλλην
993 2937 1093 3006 τῆς
1113 2938 1193 3001 είς
1214 2937 1304 2991 τὸν
1326 2937 1438 3008 βίον
1466 2939 1760 3011 ἐπιδημίας

171 3023 361 3094 ἔχοντος
387 3028 505 3099 (94)
538 3029 574 3100 ἦ
621 3047 644 3080 ι
697 3028 800 3100 τὴν
836 3030 966 3101 περὶ
999 3029 1092 3084 τοῦ
1131 3031 1309 3100 φωτὸς
1360 3033 1687 3105 μαρτυρίαν,
1733 3051 1753 3086 ι

169 3115 218 3169 τὺ
238 3116 552 3188 Πνεύματος
577 3119 754 3189 ἁγίου
788 3119 1093 3192 πλησθῆναι
1123 3121 1202 3174 ἔτι
1234 3124 1298 3176 ἐκ
1326 3123 1532 3188 κοιλίας
1553 3124 1758 3196 μητρὸς

167 3209 334 3276 αὐτοῦ,
365 3211 686 3282 λεγόμενον
715 3211 828 3265 ὑπὸ
867 3211 905 3263 Γ
909 3211 1124 3285 α6ριὴλ,
1158 3213 1646 3286 εὐαγγελιζομένου
1680 3214 1758 3287 τῷ
1785 3242 1830 3304 c

169 3300 251 3370 μέν
272 3304 517 3376 Ζαχαρία
559 3303 674 3375 τὴν
712 3302 968 3356 Ἰωάννου
1017 3304 1249 3374 γένεσιν,
1307 3309 1372 3378 τῇ
1421 3307 1478 3360 δέ
1525 3308 1759 3380 Μαριὰμ

166 3393 249 3464 τὴν
269 3396 356 3449 τοῦ
395 3397 671 3469 Σωτῆρος
701 3398 867 3468 ήμῶν
897 3400 954 3452 ἐν
983 3397 1289 3470 ἀνθρώποις
1306 3399 1627 3471 ἐπιδημίαν·
1665 3404 1760 3458 καὶ

167 3485 247 3540 τό·
285 3506 301 3538 ι
349 3489 483 3542 Ἰδοὺ
526 3489 650 3562 γὰρ
679 3489 763 3553 ὡς
796 3489 1016 3557 ἐγένετο
1057 3492 1090 3561 ἡ
1126 3491 1276 3562 φωνὴ
1323 3490 1418 3543 τοῦ
1467 3492 1758 3562 ἀσπασμοῦ

167 3581 234 3642 είς
257 3579 320 3632 τὰ
345 3575 460 3635 ὦτά
485 3600 626 3655 μου,
661 3580 999 3652 ἐσκίρτησεν
1032 3583 1089 3635 ἐν
1116 3582 1433 3651 ἀγαλλιάσει
1461 3585 1522 3638 τὸ
1561 3585 1758 3656 βρέφος

167 3670 218 3722 ἐν
241 3674 297 3742 τῇ
321 3673 500 3744 κοιλίᾳ
543 3691 683 3744 μου.
733 3691 754 3723 ι
790 3671 884 3742 Τῷ
911 3672 1020 3744 γὰρ
1049 3673 1304 3743 τηροῦντι
1349 3674 1411 3727 τὺ
1441 3676 1605 3747 μηδὲν
1645 3676 1760 3729 ἀδί-

168 3780 281 3829 κως,
319 3765 452 3836 μηδὲ
489 3766 652 3820 κατὰ
690 3765 1014 3836 συντυχίαν,
1060 3766 1094 3838 ἢ
1147 3767 1530 3840 ἀποκλήρωσιν
1563 3771 1756 3832 ποιεῖν,

167 3855 438 3924 ἀναγκαῖον
499 3855 939 3930 παραδέξασθαι
1013 3860 1390 3931 πρεσϐυτέραν
1439 3856 1605 3915 οὖσαν
1660 3860 1759 3932 την

177 3946 402 4002 Ἰωάννου
432 3949 627 4020 ψυχὴν
659 3948 762 4001 τοῦ
800 3947 1072 4019 σώματος,
1105 3951 1197 4004 καὶ
1225 3951 1489 4025 πρότερον
1515 3951 1760 4022 ὑφεστῶ-

170 4055 255 4091 σαν
299 4040 638 4111 πεπέμφθαι
694 4039 794 4091 ὲπὶ
827 4039 1105 4096 διακονίαν
1149 4043 1249 4112 τῆς
1296 4043 1550 4115 περὶτοῦ
1581 4045 1759 4115 φωτὸς

167 4131 472 4203 μαρτυρίας.
529 4131 692 4203 Πρὸς
739 4130 957 4196 τούτοις
984 4132 1040 4186 δὲ
1081 4133 1142 4185 ού
1179 4136 1615 4208 καταφρονητέον
1664 4137 1759 4190 καὶ

165 4223 265 4288 τοῦ,
289 4243 307 4276 ι
351 4218 525 4289 Οὗτός
567 4229 740 4280 ἐστιν
788 4225 978 4290 Ἠλίας
1003 4228 1031 4280 6
1067 4225 1274 4296 μέλλων
1305 4227 1415 4298 (95)
1445 4227 1751 4299 ἔρχεσθαι.»

175 4315 284 4370 Ἐὰν
319 4318 376 4371 δὲ
418 4321 613 4392 κρατῇ
674 4319 705 4370 6
764 4318 995 4372 καθόλου
1046 4321 1175 4390 περὶ
1229 4321 1434 4391 ψυχῆς⁸
1472 4323 1650 4391 λόγος,
1682 4323 1759 4387 ὡς

164 4407 213 4458 οὐ
243 4410 710 4483 συνεσπαρμένης
743 4409 827 4480 τῷ
860 4408 1086 4481 σώματι,
1129 4411 1264 4465 ἀλλά
1296 4412 1402 4484 πρὸ
1436 4412 1600 4466 αὑτοῦ
1626 4431 1758 4482 τυγ-

166 4499 430 4573 χανούσης,
467 4503 570 4556 καὶ
599 4501 702 4556 διὰ
741 4500 992 4565 ποικίλας
1018 4502 1195 4566 αἰτίας
1237 4503 1562 4574 ἐνδυομένης
1595 4505 1757 4576 σαρκὶ

1877 652 1897 685 ι
1933 634 2137 690 Auditu
2168 637 2428 702 audietis,
2449 646 2506 692 et
2541 655 2648 694 non
2679 639 2999 712 intelligetis
3027 643 3070 707 ⁸,
3097 665 3116 697 ι
3145 654 3201 700 et
3230 663 3348 717 quae
3378 665 3465 706 se-

1870 735 2159 796 quuntur;
2194 729 2268 784 ita
2309 729 2475 784 etiam
2517 729 2786 787 Joannem
2819 733 3148 804 (suppresso
3191 741 3462 812 principio

1872 819 2179 889 missionis,
2216 820 2530 893 analogiam
2554 833 2618 880 .et
2654 825 2923 881 rationem
2955 828 3210 886 habentis
3237 833 3304 887 ad
3334 834 3464 889 mis-

1869 911 2084 966 sionem
2121 911 2315 984 Isaia.)
2353 915 2497 969 milli
2531 915 2598 970 ad
2633 917 3024 987 baptizandum
3054 930 3109 975 et
3141 936 3460 992 praeparan-

1871 1003 1999 1058 dum
2025 1005 2257 1061 Domino
2289 1007 2547 1078 populum
2580 1008 2929 1078 instructum,
2965 1023 3017 1066 et
3051 1012 3118 1068 ad
3159 1015 3461 1072 testiﬁcan-

1870 1095 2006 1150 dum
2044 1096 2113 1151 de
2146 1095 2268 1174 luce
2295 1098 2336 1152 ’.
2372 1096 2467 1154 His
2502 1101 2577 1154 ita
2609 1100 2776 1158 dictis
2804 1102 2870 1156 ad
2909 1102 3137 1174 primam
3190 1106 3457 1162 rationem

1870 1186 2172 1244 solutiones
2221 1190 2358 1244 tales
2387 1191 2756 1259 adducuntur,
2791 1208 3076 1250 assensum
3111 1198 3458 1255 attrahentes

1869 1280 1936 1332 ad
1973 1279 2025 1333 id
2059 1281 2202 1351 quod
2235 1281 2304 1336 de
2334 1280 2544 1338 Joanne
2580 1284 2904 1354 profundius
2937 1291 3308 1358 excogitatum
3339 1302 3451 1357 est;

1867 1388 1931 1428 ex
1961 1374 2155 1429 eodem
2193 1375 2338 1429 enim
2392 1377 2512 1432 loco
2563 1379 2908 1451 subjungitur
2945 1398 2960 1435 :
3017 1400 3036 1433 ι
3076 1381 3174 1437 llic
3211 1383 3354 1438 venit
3385 1386 3454 1439 ad

1871 1467 2295 1536 testiﬁcandum,
2330 1482 2388 1527 ut
2423 1481 2720 1529 testaretur
2763 1476 2831 1529 de
2860 1475 2978 1530 luce
3029 1476 3108 1541 ¹⁰;
3159 1495 3177 1528 ι
3228 1477 3272 1530 si
3305 1477 3450 1532 enim

1867 1563 2038 1627 venit,
2065 1563 2316 1618 alicunde
2363 1566 2532 1619 venit.
2579 1565 2873 1621 Dicendum
2921 1568 3084 1622 etiam
3120 1579 3203 1623 est
3241 1569 3316 1623 illi
3353 1569 3448 1639 qui

1866 1663 2092 1722 gravate
2121 1654 2362 1708 admittit
2413 1654 2466 1707 id
2509 1656 2654 1724 quod
2688 1657 2740 1710 in
2777 1658 3129 1726 sequentibus
3177 1675 3207 1712 a
3240 1658 3450 1716 Joanne

1868 1744 2092 1808 dicitur,
2127 1756 2416 1813 postquam
2454 1745 2588 1798 vidit
2618 1746 2883 1816 Spiritum
2940 1759 3190 1802 sanctum
3224 1749 3453 1805 descen-

1867 1840 2085 1891 dentem
2118 1853 2218 1892 ceu
2249 1837 2554 1893 columbam
2601 1853 2768 1908 super
2806 1837 3100 1896 Servatore
3143 1841 3227 1906 “;
3275 1840 3454 1911 inquit

1867 1927 2014 1982 enim
2045 1927 2124 1980 ¹²ι
2164 1945 2182 1978 ι
2222 1927 2324 1994 Qui
2354 1928 2504 1984 misit
2532 1943 2616 1983 me
2657 1928 2725 1983 ad
2762 1929 3154 2000 baptizandum
3192 1931 3244 1985 in
3281 1946 3445 2001 aqua,

1866 2017 1960 2073 ille
1989 2019 2118 2074 mihi
2149 2019 2284 2074 dixit
2315 2037 2328 2074 :
2362 2019 2539 2090 Super
2581 2037 2742 2090 quem
2792 2023 2996 2078 videris
3035 2022 3304 2092 Spiritum
3353 2025 3449 2079 dc-

1865 2111 2216 2164 scendenlem
2268 2121 2322 2162 et
2377 2120 2683 2166 manentem
2735 2127 2898 2182 super
2939 2128 3086 2176 eum,
3121 2114 3208 2169 hic
3237 2123 3320 2169 est
3351 2113 3446 2184 qui

1865 2199 2104 2268 baptizat
2135 2202 2184 2254 in
2220 2201 2426 2272 Spiritu
2459 2213 2651 2259 sancto
2686 2212 2740 2259 ct
2790 2204 2922 2276 igni.
2965 2222 2984 2257 ι
3019 2203 3250 2272 Quando
3296 2207 3442 2261 enim

1865 2292 1954 2347 ille
1989 2293 2080 2363 qui
2116 2294 2262 2349 misit
2291 2294 2395 2350 hoc
2442 2297 2748 2367 prtecepit?
2788 2299 2860 2351 At
2899 2297 3177 2368 probabile
3223 2311 3307 2353 est
3353 2313 3441 2352 re-

1863 2401 2189 2454 sponsurum
2220 2386 2288 2440 ad
2326 2386 2808 2458 interrogationem
2857 2388 3021 2454 hanc,
3068 2403 3194 2444 eum
3241 2392 3332 2460 qui
3377 2391 3444 2445 ad

1862 2475 2128 2533 Joannem
2158 2477 2506 2546 loquebatur,
2527 2488 2642 2532 tum
2678 2478 2794 2533 haec
2821 2481 2986 2535 verba
3019 2479 3219 2535 dixisse
3242 2482 3288 2534 ei
3316 2495 3442 2534 cum

1861 2584 1985 2622 cum
2018 2569 2258 2624 mitteret
2285 2578 2343 2624 ut
2377 2569 2656 2641 baptizare
2681 2571 2966 2640 inciperet.
2996 2571 3190 2626 Adhuc
3219 2571 3284 2624 ad
3317 2587 3444 2641 pro-

1863 2659 2099 2714 bandum
2155 2661 2300 2732 quod
2353 2662 2609 2716 alicunde
2659 2677 2726 2716 ex
2781 2662 2892 2716 alio
2944 2661 3062 2716 loco
3112 2663 3316 2716 missus
3371 2661 3445 2716 sit

1861 2751 2124 2818 Joannes,
2155 2753 2248 2823 qui
2275 2767 2472 2823 corpus
2503 2753 2752 2820 assumit,
2783 2767 3001 2807 causam
3031 2768 3133 2807 non
3163 2754 3321 2807 aliant
3349 2754 3446 2806 ad-

1861 2853 2056 2900 ventus
2099 2846 2182 2899 sui
2217 2845 2269 2898 in
2312 2845 2477 2898 vitam
2511 2845 2738 2908 habens,
2772 2859 2932 2913 quam
2984 2863 3002 2896 ι
3042 2854 3099 2898 ιιι
3146 2854 3444 2898 testaretur

1861 2939 1929 2992 de
1949 2936 2070 2992 luce
2096 2935 2161 3002 ¹³,
2188 2953 2208 2987 ι
2234 2934 2458 3003 majoris
2481 2935 2739 3006 ponderis
2764 2944 2845 2990 est
2875 2936 3021 3006 quod
3057 2937 3298 3007 repletus
3327 2935 3442 3006 Spi-

1863 3029 1970 3084 ritu
2011 3036 2198 3084 sancto
2247 3027 2426 3084 adhuc
2477 3043 2544 3084 ex
2598 3037 2753 3082 utero
2802 3028 2994 3082 matris
3022 3043 3134 3082 sua:
3183 3028 3439 3084 dicitura

1859 3121 2140 3187 Gabriele,
2192 3121 2285 3191 qui
2328 3120 2600 3176 nuntiavit
2646 3121 2925 3176 Zachariae
2975 3121 3196 3191 quidem
3255 3130 3440 3176 ortum

1860 3213 2106 3281 Joannis,
2135 3212 2316 3269 Maria:
2350 3222 2531 3268 autem
2552 3211 2865 3268 Servatoris
2893 3212 3064 3268 nostri
3093 3213 3238 3267 inter
3265 3211 3440 3266 homi-

1863 3321 1958 3362 nes
1995 3305 2287 3361 adventum
2319 3305 2364 3337 “
2389 3323 2404 3371 ;
2434 3315 2489 3360 et
2522 3304 2650 3359 illud
2687 3305 2854 3358 etiam
2895 3321 2908 3358 :
2958 3323 2977 3356 ι
3032 3304 3171 3358 Ecce
3202 3303 3347 3358 enim
3382 3311 3442 3358 ut

1861 3399 2000 3454 iacta
2036 3409 2122 3454 εει
2146 3413 2248 3454 vox
2289 3397 2641 3453 salutationis
2671 3406 2777 3451 ture
2809 3397 2860 3451 in
2892 3396 3116 3450 auribus
3146 3398 3300 3458 meis,
3342 3411 3440 3451 ex-

1859 3491 2082 3546 sultavit
2111 3491 2164 3546 in
2198 3491 2400 3562 gaudio
2434 3490 2619 3546 infans
2642 3491 2694 3544 in
2726 3499 2886 3544 utero
2914 3503 3036 3543 meo
3064 3487 3128 3542 ¹⁸.
3160 3506 3179 3540 ι
3210 3486 3442 3542 Proinde

1860 3584 1950 3654 qui
1983 3593 2141 3638 cavet
2192 3598 2260 3637 ne
2292 3583 2596 3653 quidquam
2646 3581 2731 3636 vel
2783 3581 3005 3650 injuste,
3045 3580 3126 3633 vel
3157 3594 3308 3646 casu,
3358 3577 3440 3631 vel

1861 3677 2072 3747 privata
2106 3675 2383 3732 electione
2413 3675 2610 3741 faciat,
2645 3674 3010 3742 antiquiorem
3047 3687 3168 3728 esse
3215 3670 3440 3727 Joannis

1859 3769 2100 3824 animam
2118 3783 2281 3838 quam
2307 3783 2505 3837 corpus
2535 3766 2791 3820 admittat
2820 3779 3042 3820 necesse
3065 3773 3168 3828 est,
3197 3773 3249 3818 et
3278 3772 3438 3818 antea

1858 3861 2244 3916 subsistentem
2274 3861 2496 3914 missam
2525 3858 2690 3914 fuisse
2716 3858 2782 3911 ad
2802 3857 3166 3911 ministerium
3201 3856 3439 3911 testandi

1858 3953 1923 4008 de
1948 3953 2089 4008 luce.
2116 3953 2196 4006 Ad
2225 3957 2340 4006 hinc
2374 3952 2515 4005 haud
2564 3951 2636 4004 ita
2669 3947 3129 4004 contemnendum
3164 3958 3246 4002 est
3269 3948 3438 4003 etiam

1860 4045 1988 4099 illud
2017 4063 2031 4100 :
2069 4061 2088 4094 ι
2128 4043 2225 4098 Hic
2261 4053 2343 4099 est
2378 4043 2522 4096 Elias
2550 4040 2640 4110 qui
2671 4051 2936 4095 venturus
2966 4047 3050 4093 est
3074 4037 3139 4092 ¹⁶.
3169 4057 3187 4091 ι
3214 4039 3367 4106 Quod
3391 4039 3438 4095 si

1858 4137 2210 4209 praevaluerit
2247 4135 2576 4191 universalis
2607 4135 2673 4190 de
2703 4135 2886 4187 anima
2925 4131 3136 4202 opinio,
3179 4141 3438 4202 tanquam

1855 4230 1964 4302 83
1992 4245 2113 4298 qua:
2145 4243 2270 4285 cum
2321 4242 2552 4298 corpore
2602 4225 2808 4295 pariter
2853 4239 2958 4280 non
2988 4225 3308 4287 seminetur,
3339 4223 3434 4277 sed

1856 4331 1980 4376 ante
2010 4323 2184 4391 ipsum
2221 4321 2474 4386 exsistat,
2500 4319 2568 4375 ob
2605 4318 2894 4387 variasque
2916 4331 3110 4374 causas
3137 4329 3356 4370 carnem
3381 4323 3439 4370 et

1855 4414 2172 4482 sanguinem
2217 4413 2426 4480 induat,
2474 4409 2774 4482 particula,
2807 4427 2826 4462 ι
2862 4408 3062 4465 missus
3090 4422 3120 4462 a
3155 4408 3264 4463 Deo
3305 4404 3370 4472 ",
3411 4425 3433 4461 ι

1856 4521 1962 4560 non
1993 4504 2262 4560 videbitur
2306 4505 2539 4574 amplius
2577 4503 2744 4566 dicta,
2789 4515 2887 4558 ceu
2919 4515 3009 4557 res
3046 4500 3290 4571 quaedam
3323 4497 3438 4555 exi-

168 4591 246 4642 καὶ
281 4593 618 4664 αἵματι,ςτό⁶
658 4611 678 4644 ι
722 4593 1136 4665 ἀπεσταλμένος
1170 4594 1276 4649 ὑπὸ
1307 4595 1462 4660 Θεοῦ,
1503 4615 1521 4647 ι
1574 4597 1756 4650 οὐκέτι

1864 4597 1968 4652 mia
2013 4597 2080 4650 de
2113 4593 2340 4651 Joanne.
2383 4595 2570 4666 Itaque
2621 4595 2868 4650 omnium
2920 4593 3230 4664 pessimus,
3276 4590 3438 4646 homo

166 4682 285 4750 δόξει
327 4687 617 4759 ἐξαίρετον
675 4682 824 4740 εἶναι
873 4686 1000 4758 περὶ
1040 4688 1284 4742 Ἰωάννου
1329 4689 1636 4760 λεγόμενον.
1700 4691 1758 4744 '0

166 4777 276 4844 γοῦν
301 4782 522 4834 πάντων
558 4780 862 4839 κάκιστος.
895 4777 922 4831 6
957 4777 1241 4850 ἅνθρωπος
1271 4779 1370 4848 τῆς
1400 4779 1692 4849 ἁμαρτίας,
1730 4780 1759 4834 6

166 4868 262 4933 υίὸς
291 4870 386 4942 τῆς
425 4871 756 4933 ἀπωλείας,
805 4867 1023 4936 λέγεται
1068 4869 1218 4940 παρά
1268 4868 1345 4940 τῷ
1392 4868 1588 4940 Παύλῳ
1620 4870 1760 4940 πέμ-

168 4964 340 5019 πεσθαι
362 4967 470 5018 ὑπὸ
494 4965 600 5018 τοῦ
626 4962 776 5017 Θεοῦ
796 4979 812 4993 ο
847 4981 865 5012 ι
889 4962 986 5015 Διά
1008 4962 1163 5016 τοῦτο
1183 4964 1311 5034 γάρ,
1343 4982 1361 5013 ι
1391 4964 1545 5034 φησὶ,
1576 4981 1594 5014 ι
1617 4963 1759 5035 πέμ·

170 5071 244 5107 πει
263 5058 441 5122 αὐτοῖς
470 5060 501 5112 6
531 5057 680 5120 Θεὸς
713 5054 998 5126 ἐνέργειαν
1029 5055 1238 5124 πλάνης
1271 5057 1350 5118 εἰς
1382 5054 1442 5108 τὸ
1469 5053 1758 5109 πιστεῦσαι

168 5146 334 5210 αὐτοὺς
361 5150 443 5220 τῷ
467 5149 694 5219 ψεύδει,
731 5147 822 5199 ἵνα
855 5146 1084 5217 κριθῶσι
1118 5147 1316 5210 πάντες
1343 5147 1390 5199 oi
1433 5146 1506 5218 μὴ
1531 5149 1754 5202 πιστεύ-

172 5254 335 5305 σαντες
365 5246 435 5315 τῇ
494 5241 766 5314 ἀληθείᾳ,
818 5239 935 5292 ἀλλ’
965 5239 1352 5311 εὐδοκήσαντες
1398 5242 1463 5310 τῇ
1495 5240 1695 5310 ἀδικία.
1727 5259 1747 5292 ι

170 5327 227 5380 Τὸ
250 5330 301 5383 δὲ
326 5333 570 5406 ζητηθέν
605 5333 720 5405 ὅρα
762 5331 814 5384 εί
863 5329 1033 5395 οὕτως
1063 5330 1221 5384 λῦσαι
1261 5330 1621 5402 δυνησόμεθα,
1648 5331 1750 5396 ὅτι,

225 5470 242 5499 ¹
265 5470 379 5526 lui.
409 5490 486 5536 Vl,
529 5474 587 5527 ί.

1861 4687 2093 4758 peccati,
2135 4685 2276 4741 illius
2331 4684 2652 4756 perditionis
2700 4684 2902 4758 dicitur
2951 4681 3092 4752 apud
3139 4677 3364 4734 Paulum
3393 4676 3437 4707 "

1861 4779 2002 4834 mitti
2035 4795 2065 4833 a
2093 4779 2204 4834 Deo
2239 4796 2254 4834 :
2295 4797 2314 4831 ι
2352 4777 2582 4850 Propter
2628 4779 2731 4834 hoc
2758 4777 2926 4842 enim,
2956 4794 2976 4828 ι
3005 4773 3200 4843 inquit,
3249 4790 3267 4823 ι
3315 4769 3436 4825 mit-

1861 4873 1926 4927 tit
1961 4872 2067 4926 illis
2095 4871 2236 4928 Deus
2261 4872 2532 4928 actionem
2581 4869 2808 4937 erroris,
2851 4877 2910 4922 ut
2956 4865 3180 4923 credant
3212 4863 3436 4918 menda-

1860 4967 1946 5020 cio
1979 4984 1991 4996 ·
2018 4973 2076 5017 ιιι
2107 4962 2422 5033 iudicentur
2461 4971 2725 5034 quotquot
2778 4958 2996 5015 veritati
3040 4970 3149 5011 non
3181 4955 3432 5022 credunt,

1859 5054 1954 5109 sed
1985 5054 2087 5110 sibi
2137 5055 2479 5124 complacent
2529 5055 2582 5108 in
2647 5050 2935 5122 injustitia.
2971 5066 2992 5101 ι
3027 5049 3099 5102 Αι
3153 5045 3278 5101 vide
3303 5060 3432 5100 num

1861 5147 2003 5202 hanc
2053 5149 2408 5218 quaestionem
2468 5147 2548 5203 sic
2615 5145 2828 5200 solvere
2870 5142 3173 5213 possimus,
3239 5153 3434 5210 nempe

1863 5240 2030 5309 quod,
2056 5240 2512 5310 quemadmodum
2560 5237 2883 5307 simpliciter
2935 5236 3116 5291 omnis
3145 5235 3330 5297 homo,
3368 5247 3435 5286 eo

1863 5335 2005 5402 quod
2030 5344 2246 5389 creatus
2275 5333 2398 5388 sita
2439 5332 2571 5397 Deo,
2603 5330 2766 5386 homo
2811 5337 2896 5385 est
2926 5329 3062 5395 Dei;
3116 5328 3208 5382 sed
3253 5325 3434 5380 nullus

686 5471 709 5502 ⁸
746 5469 877 5522 ibid.
911 5468 960 5524 9.
1039 5469 1060 5500 ’
1093 5469 1221 5524 Luc.
1260 5485 1294 5531 ι,
1331 5472 1417 5524 Π.
1501 5469 1544 5500 ¹⁰
1567 5468 1760 5523 Juan.l

1864 5507 1877 5521 .
1951 5469 1992 5500 “
2021 5467 2149 5521 ibid.
2185 5466 2274 5520 52.
2356 5466 2399 5498 ¹¹
2425 5465 2559 5520 ibid.
2597 5463 2686 5518 33.
2769 5464 2813 5497 "
2846 5462 2978 5520 ibid.
3010 5460 3063 5516 7.
3143 5457 3188 5492 ³⁸
3215 5457 3351 5512 Luc.
3388 5471 3428 5519 I,

172 5538 242 5604 ιδ,
273 5535 482 5606 15,51.
557 5539 910 5596 παιδιαιι.
988 5539 1477 5600 ιθιιιιιιιι.χι.ιι.
1558 5537 1760 5594 "Juan

1879 5537 1932 5594 6.
2012 5540 2057 5579 ⁸⁸
2081 5539 2122 5592 ιι
2152 5536 2343 5592 Thess.
2381 5551 2444 5603 It,
2484 5535 2572 5601 10,
2599 5537 2685 5590 11.

227 5686 323 5753 (92)
398 5683 1057 5758 Προσὰγονταιηρεεει
1085 5685 1144 5758 in
1184 5683 1426 5758 editione
1453 5681 1740 5758 lluetiana,

173 5752 243 5809 srd
269 5752 581 5813 mstit'u'um-
611 5752 647 5811 ό
679 5755 844 5810 codd.
877 5754 1169 5808 Barberino
1195 5768 1247 5808 et
1281 5754 1596 5808 Bodleiano.

227 5829 322 5895 ('95)
360 5828 718 5889 Βαπτίζειν.
757 5824 851 5879 Sic
881 5827 1045 5880 codex
1078 5825 1430 5888 Boillcianus;
1465 5822 1664 5893 Regius
1688 5830 1743 5881 et

176 5896 490 5967 Barbcrinus,
526 5897 832 5972 βαπτίσαι.

1929 5683 2041 5756 (96)
2086 5685 2390 5756 'lgxortoc.
2422 5680 2728 5756 Legendnm
2766 5680 2978 5756 videtur
2999 5678 3268 5756 έχοντα.ω

1921 5745 2038 5826 (9ὅὶ
2078 5745 2266 5817 οὗὶός
2313 5745 3160 5826 égrgrfd'wlacndpéuw.
3213 5745 3326 5826 Sic"
3352 5749 3426 5796 le-

1888 5817 2080 5879 it‘ur'in
2118 5825 2306 5877 codice
2341 5822 2664 5886 Bodleiano;
2707 5823 2759 5876 in
2790 5817 2956 5891 Regio
2994 5827 3170 5876 autem
3203 5827 3255 5871 et
3290 5817 3422 5869 Bar-

1849 5843 2060 5951 ﬁerino.
2085 5889 2253 5951 Οὗτός
2282 5894 2430 5949 ἐστιν
2459 5894 2486 5946 6
2514 5892 2687 5951 λόγος.

1887 5897 2060 5964 erino,
2085 5889 2253 5957 Οὗτός
2282 5894 2430 5949 ἐστιν
2459 5894 2486 5946 6
2514 5892 2687 5964 λόγος.
