3856 6526
498 448 599 504 16⁸1
1960 440 2040 499 ΟΕ

2145 439 2283 497 ζΝῐὸ
3648 457 3753 511 168

458 562 462 566 ’
494 564 654 618 homo
681 569 764 616 est
793 560 913 628 Dei,
951 559 1055 616 nisi
1088 560 1178 631 qui
1209 562 1316 616 Deo
1354 559 1514 617 fuerit
1549 559 1797 616 addictus
1819 601 1832 627 ,
1865 575 2040 631 quem:

2169 559 2354 633 ὥσπερ
2417 560 2780 632 ἁπλούστερον
2839 566 2945 628 πᾶς
2996 565 3279 639 ἄνθρωπος
3324 568 3403 641 τῷ
3453 569 3557 624 ὐπό
3607 572 3753 626 Θεοῦ

491 654 780 708 admodum
811 654 958 709 Elias
997 663 1051 710 et
1100 655 1192 724 qui
1246 653 1300 708 in
1348 653 1644 722 Scripturis
1693 653 2031 708 inscribuntu

2166 650 2409 705 ἐκτίσθαι
2435 650 2718 722 ἄνθρωπός
2743 653 2858 706 ἐστι
2881 653 2975 706 τοῦ
3003 655 3158 720 Θεοῦ,
3182 657 3300 710 ἀλλ’
3322 659 3383 712 οὐ
3418 659 3755 731 χρηματίζει

2165 743 2272 805 πᾶς
2301 743 2585 814 ἄνθρωπος
2611 743 2768 807 Θεοῦ,
2801 744 2833 815 ἢ
2864 745 3022 816 μόνος
3071 748 3100 799 6
3127 747 3245 819 Θεῷ
3277 749 3658 821 ἀνακείμενος,
3693 753 3756 806 ὃν

2159 835 2358 905 τρόπον
2401 833 2584 898 Ἠλίας
2632 835 2725 888 καὶ
2768 837 2816 889 οί
2860 838 2916 890 ἐν
2951 840 3070 902 ταῖς
3114 839 3354 912 Γραφαῖς
3399 843 3757 917 ἀναγεγραμ..

2167 929 2320 999 μένοι
2369 926 2645 1000 ἄνθρωποι
2688 927 2844 992 Θεοῦ,
2894 929 3068 996 οὕτως
3110 932 3333 988 δύναται
3365 935 3510 990 κατὰ
3545 939 3647 1008 μὲν
3689 941 3754 992 τὸ

2163 1019 2469 1090 κοινότερον
2515 1020 2624 1083 πᾶς
2670 1019 2957 1092 ἄνθρωπος
3005 1023 3344 1079 ἀπεστάλθαι
3402 1028 3553 1100 παρά
3605 1029 3750 1084 Θεοῦ

2161 1110 2272 1182 (96)
2296 1129 2310 1142 ο
2347 1111 2552 1183 κυρίως
2575 1111 2632 1165 δὲ
2661 1111 2912 1181 λέγεσθαι
2945 1114 3279 1171 ἀπεστάλθαι
3314 1119 3419 1173 ὑπὸ
3460 1119 3595 1174 Θεοῦ
3634 1125 3750 1194 (97)

2159 1203 2259 1257 οὐκ
2295 1202 2450 1267 ἀλλος
2479 1203 2513 1273 ἧ
2554 1205 2584 1257 6
2615 1204 2704 1257 ἐπὶ
2737 1203 2980 1278 διακονίᾳ
3019 1207 3140 1282 θείᾳ
3169 1210 3262 1264 καὶ
3299 1210 3612 1286 λειτουργίᾳ
3646 1232 3754 1268 σω-

2159 1295 2354 1367 τηρίας
2382 1295 2573 1364 γένους
2609 1294 2910 1368 ἀνθρώπων
2937 1299 3217 1372 ἐπιδημῶν
3243 1301 3322 1372 τῷ
3355 1303 3472 1374 βίῳ.
3498 1306 3634 1384 ,Οὐχ
3667 1305 3751 1357 εὖ·

2163 1401 2326 1456 ρομεν
2374 1385 2505 1454 γοῦν
2554 1385 2616 1438 τὸ
2660 1387 3083 1443 ἀποστέλλεσθαι
3121 1393 3229 1445 ἀπὸ
3277 1393 3411 1447 Θεοῦ
3456 1397 3546 1448 ἐπ’
3579 1396 3747 1450 ἄλλον

491 745 738 801 homines
790 744 917 812 Dei;
971 747 1043 800 ita
1088 747 1190 801 dici
1239 761 1396 816 posse
1442 748 1804 801 communiter
1845 760 2062 800 omnem

490 837 764 891 hominem
794 853 823 892 a
853 839 959 893 Deo
997 839 1218 893 missum
1271 853 1422 903 esse;
1468 838 1685 908 proprie
1731 848 1911 892 autem
1957 851 2062 891 non

489 927 652 980 alium
687 943 716 980 a
752 927 859 983 Deo
886 928 1022 982 mitti
1073 943 1235 997 quam
1283 929 1374 998 qui
1419 927 1485 983 ad
1539 928 1897 984 ministerium
1923 927 2064 982 divi-

492 1037 620 1075 num
661 1029 716 1076 et
759 1021 826 1075 ad
877 1021 1184 1075 obeundam
1238 1021 1460 1076 humani
1511 1019 1724 1092 generis
1749 1020 1976 1074 salutem
2009 1019 2061 1075 in

491 1111 659 1166 vitam
685 1110 982 1167 advenerit.
1027 1110 1388 1178 Quamobrem
1439 1125 1546 1164 non
1571 1110 1880 1164 invenimus
1917 1111 2061 1179 quod

487 1204 775 1274 quisquam
810 1203 1060 1258 mittatur
1088 1219 1116 1258 a
1140 1203 1271 1266 Deo,
1303 1203 1561 1275 positum,
1595 1202 1696 1257 nisi
1725 1203 1791 1258 de
1817 1201 2020 1258 sanctis
2045 1218 2058 1256 :

485 1296 555 1350 de
586 1295 720 1350 lsaia
771 1299 1012 1367 quidem,
1050 1307 1110 1352 ut
1141 1309 1296 1352 antea
1345 1297 1753 1368 proposuimus;
1814 1297 1879 1349 de
1905 1293 2060 1350 Iere-

489 1387 593 1440 mia
619 1403 749 1442 vero
774 1404 787 1440 :
821 1408 838 1440 ι
869 1389 949 1442 Ad
982 1403 1193 1453 omnes,
1220 1389 1286 1442 ad
1307 1403 1441 1458 quos
1471 1387 1670 1443 misero
1699 1397 1767 1450 te,
1787 1385 1890 1441 ibis
1917 1385 2006 1446 ‘3‘;
2035 1405 2054 1438 ι

485 1481 552 1534 dc
586 1480 834 1535 Ezechiel
865 1480 1028 1535 etiam
1059 1497 1074 1533 :
1115 1498 1133 1533 ι
1175 1480 1317 1536 Ecce
1355 1495 1457 1552 ego
1490 1481 1644 1536 mitto
1690 1488 1740 1534 te
1773 1481 1838 1533 ad
1873 1487 2040 1550 gente:

2157 1490 2250 1527 του
2285 1474 2319 1546 ἢ
2352 1475 2458 1528 τῶν
2483 1475 2652 1545 ἁγίων
2686 1478 2936 1549 κείμενον
2959 1498 2972 1511 ο
3002 1482 3094 1534 ἐπὶ
3125 1483 3222 1554 μὲν
3252 1485 3344 1538 τοῦ
3391 1487 3637 1552 Ἡσαΐου,
3669 1489 3748 1552 ὡς

465 1559 740 1634 ilrebelles,
775 1581 830 1626 et
855 1572 1162 1628 incredulas
1195 1572 1323 1627 mihi
1355 1572 1420 1628 ¹⁹.
1459 1591 1478 1624 ι
1511 1573 1779 1628 Caeterum
1813 1571 1954 1626 haud
1985 1571 2040 1625 it:

2157 1567 2611 1640 προπαρεθέμεθα
2639 1586 2653 1601 ο
2683 1571 2774 1623 ἐπὶ
2810 1571 2865 1625 δέ
2897 1574 2989 1626 τοῦ
3031 1574 3294 1648 Ἱερεμίου
3319 1595 3332 1608 ’
3377 1598 3395 1630 ι
3417 1580 3561 1652 Πρὸς
3601 1582 3745 1636 πάν-

485 1663 551 1714 ad
579 1663 911 1731 propositum
963 1673 1177 1734 sumpta
1229 1663 1398 1718 fuisse
1441 1662 1768 1717 videbuntur
1812 1662 2039 1731 exempl:

2154 1677 2254 1724 τας
2280 1660 2372 1724 οὒς
2403 1661 2498 1715 ἐὰν
2532 1661 2898 1726 ἐξαποστείλω
2930 1682 3012 1730 σε,
3057 1669 3330 1744 πορεύσῃ·
3361 1691 3378 1723 ι
3430 1674 3524 1726 ἐπὶ
3553 1674 3610 1727 δὲ
3647 1676 3742 1730 τοῦ

486 1753 786 1816 missionis,
821 1768 946 1808 cum
971 1769 1070 1808 nos
1111 1768 1421 1824 quaeramus
1452 1753 1519 1807 de
1559 1752 1815 1807 missione
1839 1766 1960 1821 qua:
1998 1753 2040 1806 ﬁl

2166 1751 2424 1824 Ἰεζεκιήλ
2447 1770 2460 1783 ο
2523 1771 2542 1804 t
2567 1753 2696 1806 Ἰδοὺ
2741 1754 2851 1824 ἐγὼ
2879 1757 3191 1813 ἀποστέλλω
3227 1779 3286 1815 σε
3319 1763 3453 1834 πρὸς
3501 1765 3631 1836 ἔθνη
3673 1769 3742 1821 τά

482 1843 548 1895 ad
582 1842 721 1898 hanc
753 1842 946 1908 vitam,
998 1853 1054 1899 et
1088 1843 1176 1898 illa
1212 1858 1316 1898 non
1365 1855 1552 1914 aperte
1601 1843 1787 1898 dicant
1815 1844 2040 1912 aliquem

2154 1841 2522 1921 ἀφεστηκότα,
2549 1843 2642 1895 καὶ
2669 1843 3045 1916 ἀπιστήσαντά
3071 1849 3180 1920 (98)
3211 1869 3318 1922 μοι.
3347 1872 3364 1904 ι
3405 1853 3558 1920 Δόξει
3589 1855 3648 1909 δὲ
3677 1877 3716 1909 ο

482 1934 837 1988 exsisteutem
891 1943 1044 1989 extra
1103 1934 1242 1990 hanc
1290 1935 1457 1990 vitam
1515 1935 1739 1990 missum
1790 1933 1956 1990 fuisse
1997 1935 2040 1988 in

2156 1931 2292 2004 πρὸς
2320 1932 2382 1986 τὸ
2413 1918 2771 2006 προκείμενον
2819 1914 3184 2010 παρειλῆφθαι
3210 1914 3279 1996 τὰ
3315 1914 3699 2018 παραδείγματ

482 2027 624 2082 hanc
675 2029 861 2086 vitam.
909 2030 1165 2083 Attamen
1211 2029 1291 2084 sic
1334 2030 1498 2084 etiam
1549 2027 1682 2082 nihil
1721 2036 1804 2082 est
1828 2026 2040 2082 absurdi

2152 2024 2250 2095 τῆς
2281 2025 2584 2097 ἀποστολῆς
2610 2027 2709 2098 τῆς
2731 2029 2811 2092 είς
2833 2028 2924 2082 τὸν
2953 2029 3065 2100 βίον
3092 2034 3447 2108 ζητουμένης,
3502 2041 3715 2093 ἀποστο

478 2122 783 2176 orationem
835 2122 1134 2176 transferre
1172 2123 1240 2176 ad
1286 2122 1337 2176 id
1378 2123 1445 2176 de
1491 2135 1597 2190 quo
1643 2120 1964 2190 quaerimus,
2005 2119 2040 2174 si

2149 2115 2246 2188 λὴν
2269 2117 2495 2186 λέγοντα
2523 2119 2586 2172 οὐ
2609 2121 2832 2191 γυμνῶς
2869 2124 2966 2194 τὴν
2997 2124 3193 2191 ἔξωθεν
3217 2129 3310 2182 τοῦ
3340 2130 3455 2200 βίου
3508 2133 3605 2185 ἐπὶ
3647 2133 3735 2186 τὸν

479 2213 726 2266 dicamus
774 2213 918 2282 quod
959 2223 1017 2268 ut
1061 2213 1206 2268 solos
1237 2212 1584 2292 sanctospde
1638 2211 1835 2281 quibus
1883 2210 2040 2265 locuti

2151 2207 2288 2278 βίον.
2346 2209 2493 2282 Πλὴν
2523 2211 2618 2265 καὶ
2658 2211 2832 2276 οὕτως
2878 2215 2978 2268 οὐκ
3022 2217 3282 2274 ἀπίθανον
3332 2223 3592 2292 μετάγειν
3647 2225 3740 2277 τὸν

478 2318 685 2371 sumus,
735 2307 950 2360 mittere
1001 2305 1200 2360 dicitur
1242 2304 1402 2368 Deus,
1456 2304 1536 2360 sic
1579 2305 1743 2359 etiam
1779 2303 1845 2359 de
1867 2303 1950 2360 bis
1977 2302 2040 2359 in

2149 2299 2304 2370 λόγον
2334 2301 2427 2354 ἐπὶ
2457 2302 2518 2356 τὸ
2563 2301 2817 2374 ζητηθὲν,
2852 2305 3148 2375 φάσκοντα,
3186 2311 3287 2375 ὅτι,
3316 2311 3505 2383 ὥσπερ
3537 2315 3742 2384 μόνους

479 2395 832 2466 telligeudum
867 2411 988 2452 esse
1015 2396 1106 2466 qui
1135 2398 1204 2451 ad
1235 2397 1400 2450 vitam
1432 2398 1741 2450 mittuntur.

2149 2393 2276 2457 τοὺς
2320 2393 2529 2462 ἁγίους,
2559 2395 2645 2464 ἐφ’
2671 2388 2748 2451 ὧν
2796 2397 3166 2470 παρεθέμεθα,
3195 2402 3548 2458 ἀποστέλλειν
3577 2404 3740 2474 λέγε-

475 2505 570 2542 ται
595 2489 623 2542 6
645 2486 801 2552 Θεὸς,
831 2487 1004 2553 οὕτως
1033 2487 1129 2543 καὶ
1161 2487 1253 2541 ἐπὶ
1281 2486 1391 2543 τῶν
1435 2489 1514 2553 είς
1537 2487 1628 2542 τὸν
1654 2487 1768 2559 βίον
1801 2486 2280 2560 ἀποστελλομένων
2303 2487 2607 2545 ἐκδεκτέον.

539 2580 632 2633 25.
661 2580 728 2635 Et
755 2582 1010 2650 quoniam
1038 2581 1262 2636 omnino
1295 2581 1346 2634 in
1374 2579 1601 2636 Ioannis
1640 2594 1891 2635 sermone
1921 2593 2040 2634 ver-

2221 2579 2332 2633 Καὶ⁸
2373 2579 2498 2633 ἐπεὶ
2544 2579 2881 2648 ἁπαξαπλῶς
2925 2584 2982 2638 ἐν
3029 2583 3108 2656 τῷ
3156 2587 3284 2657 περὶ
3326 2585 3418 2640 τοῦ
3481 2588 3738 2642 Ἰωάννου

470 2685 679 2738 samur,
724 2671 892 2743 ipsius
947 2671 1260 2727 missionem
1317 2671 1723 2741 investigantes,
1785 2685 1889 2724 non
1943 2669 2040 2723 im-

2150 2670 2318 2741 ἐσμέν
2374 2671 2536 2743 λόγῳ,
2583 2671 2869 2745 ζητοῦντες
2911 2676 3074 2730 αὐτοῦ
3122 2676 3219 2750 τὴν
3267 2678 3594 2751 ἀποστολὴν,
3631 2682 3736 2734 οὐκ

470 2773 701 2832 portune
741 2763 1048 2833 opinionem
1103 2771 1362 2830 nostram,
1403 2777 1561 2832 quam
1603 2764 1672 2817 de
1717 2763 1833 2832 ipso
1873 2760 2040 2816 habe-

2151 2763 2396 2835 ἀκαίρως
2436 2763 2691 2819 ὑπόνοιαν
2739 2766 3033 2838 ἡμετέραν,
3064 2768 3130 2839 ἠν
3160 2770 3287 2842 περὶ
3317 2770 3480 2825 αὑτοῦ
3514 2772 3736 2843 ἔχομεν,

471 2872 614 2924 ιιιιιε,
639 2872 1024 2927 proponemus.
1055 2855 1317 2925 Quoniam
1357 2856 1505 2912 enim
1543 2855 1772 2926 legimus
1804 2855 2038 2926 prophe-

2149 2855 2549 2928 προσθήσομεν.
2599 2857 2747 2910 Ἐπεὶ
2767 2858 2876 2930 γὰρ
2902 2859 3216 2931 ἀνέγνωμεν
3243 2863 3369 2934 περὶ
3395 2862 3562 2916 αὑτοῦ
3592 2883 3733 2936 προ-

472 2947 598 3002 tiam
629 2949 696 3004 de
739 2949 857 3020 ipso
883 2950 930 2982 ”
959 2961 975 3004 :
1004 2967 1024 3002 ι
1062 2949 1202 3005 Ecce
1229 2963 1329 3020 ego
1367 2947 1522 3003 mitto
1567 2945 1818 3017 angelum
1863 2959 2040 3001 meum

2145 2946 2373 3019 φητείαν
2394 2963 2411 2979 ο
2461 2965 2481 3000 ι
2503 2948 2635 3003 Ἰδοὺ
2682 2948 2796 3018 ἐγὼ
2836 2951 3148 3005 ἀποστέλλω
3193 2952 3284 3007 τὸν
3341 2953 3574 3024 ἄγγελόν
3633 2974 3736 3027 μου

466 3047 592 3094 ante
632 3038 828 3094 faciem
882 3051 1050 3106 tuam,
1083 3040 1176 3110 qui
1207 3039 1536 3110 praeparabit
1573 3038 1719 3092 viam
1748 3047 1893 3093 tuam
1919 3043 2040 3092 ante

2145 3039 2252 3110 πρὸ
2295 3038 2586 3111 προσώπου
2635 3059 2753 3108 σου,
2803 3042 2863 3107 ὃς
2909 3045 3306 3099 κατασκευάσει
3347 3046 3448 3118 τὴν
3486 3047 3609 3100 ὁδόν
3641 3065 3734 3102 σου

468 3141 540 3198 te,
585 3150 605 3183 ι
643 3133 967 3188 aduotamus
998 3147 1123 3186 num
1158 3131 1298 3187 forte
1334 3145 1474 3184 unus
1507 3138 1818 3186 sanctorum
1878 3140 2040 3198 ange-

2145 3129 2452 3204 ἔμπροσθέν
2511 3150 2625 3199 σου,
2651 3153 2671 3187 ι
2726 3134 3026 3207 ἐφίσταμεν
3075 3136 3286 3207 μήποτε
3327 3131 3409 3202 είς
3453 3138 3565 3192 τῶν
3620 3140 3734 3210 (99)

465 3221 639 3277 lorum
673 3223 963 3290 exsistens,
991 3237 1297 3295 praecursor
1329 3222 1395 3276 ad
1446 3221 1811 3278 ministerium
1853 3219 2040 3276 demit-

2148 3223 2322 3292 ἁγίων
2366 3224 2612 3294 ἀγγέλων
2655 3225 2937 3298 τυγχάνων
2964 3227 3055 3280 ἐπὶ
3089 3227 3398 3301 λειτουργίᾳ
3437 3231 3734 3301 καταπέμο

465 3325 610 3370 tatur
643 3317 958 3373 Servatoris
987 3318 1180 3373 nostri.
1213 3317 1280 3372 Et
1323 3316 1520 3371 mirum
1550 3315 1797 3384 profecto
1825 3323 1908 3372 est
1956 3313 2040 3370 ni-

2146 3335 2304 3371 πεται
2331 3316 2426 3372 τοῦ
2452 3318 2702 3390 Σωτῆρος
2729 3319 2884 3390 ἡμῶν
2909 3319 3237 3392 πρόδρομος.
3277 3321 3386 3374 Καὶ
3415 3323 3569 3376 οὐδὲν
3599 3323 3734 3378 θαυ-

466 3407 564 3472 hil,
615 3408 821 3464 Christi
874 3408 1227 3479 Primogeniti
1274 3406 1386 3480 84
1427 3408 1606 3462 omnis
1642 3416 1937 3470 creaturae,
1969 3409 2040 3462 ob

2148 3411 2371 3484 μαστὸν,
2401 3411 2496 3466 τοῦ
2537 3411 2889 3482 Πρωτοτόκου
2919 3412 3098 3484 πάσης
3120 3412 3348 3478 κτίσεως
3374 3415 3732 3485 ἐνσωματου-

463 3516 704 3554 amorem
739 3515 863 3572 erga
916 3503 1164 3557 homines
1190 3503 1484 3570 incarnati,
1533 3501 1876 3557 aemulatores
1920 3501 2040 3556 imi-

2147 3504 2309 3576 μένου
2337 3503 2479 3558 κατά
2511 3503 2938 3575 φιλανθρωπίαν,
2980 3503 3227 3576 ζηλωτάς
3255 3522 3408 3570 τινας
3434 3507 3529 3560 καὶ
3559 3524 3732 3580 μιμη-

462 3600 778 3662 tutoresque
823 3593 1033 3662 aliquos
1075 3595 1374 3660 exstitisse,
1433 3593 1634 3664 quibus
1670 3594 1825 3650 dulce
1874 3593 2038 3649 fuerit

2145 3595 2241 3660 τάς
2288 3593 2571 3664 γεγονέναι
2619 3593 2875 3666 Χριστοῦ,
2935 3595 3324 3667 ἀγαπήσαντας
3364 3595 3425 3649 τὸ
3482 3595 3575 3651 διὰ
3634 3598 3729 3652 τοῦ

459 3687 509 3740 ei
543 3686 858 3755 benignitati
891 3702 1055 3758 quam
1085 3687 1138 3743 iu
1170 3687 1319 3758 ipsos
1349 3688 1703 3753 ostendisset,
1748 3685 2032 3754 inservire,

2145 3686 2326 3757 ὁμοίου
2353 3685 2446 3739 τοῦ
2487 3685 2736 3756 σώματος
2774 3685 3117 3757 ὑπηρετῆσαι
3147 3689 3212 3760 τῇ
3247 3687 3327 3752 είς
3354 3688 3551 3752 αὐτοὺς
3582 3706 3730 3762 χρη-

459 3779 650 3834 eadem
706 3781 951 3850 corporis
1001 3779 1378 3836 similitudine.
1429 3779 1535 3836 Sed
1590 3795 1879 3850 quemnam
1925 3795 2032 3836 non

2145 3778 2358 3850 στότητι
2390 3775 2490 3850 (l).
2532 3777 2665 3833 Τίνα
2691 3777 2735 3831 δ’
2758 3777 2858 3831 οὐκ
2880 3776 2946 3831 ἃν
2964 3779 3182 3850 κινήσαι
3208 3779 3442 3851 σκιρτῶν
3468 3779 3528 3833 ἐν
3552 3779 3727 3850 ἀγαλ-

460 3881 699 3925 moveret
761 3872 1042 3926 exsultans
1086 3869 1139 3924 in
1182 3871 1380 3940 gaudio
1436 3872 1614 3927 adhuc
1661 3872 1930 3928 exsistcns
1976 3871 2030 3926 in

2145 3869 2314 3925 λιάσει
2338 3869 2417 3924 ἔτι
2451 3871 2511 3924 ἐν
2542 3871 2607 3940 τῇ
2637 3868 2811 3941 κοιλίᾳ
2838 3869 3137 3940 τυγχάνων,
3169 3870 3246 3935 ὼς
3273 3871 3370 3944 τὴν
3395 3871 3580 3944 κοινὴν
3611 3874 3727 3927 τῶν

458 3973 610 4018 utero
651 3960 867 4034 [matris
921 3961 1056 4036 suae]
1100 3963 1326 4034 perinde
1365 3978 1431 4020 ac
1473 3978 1813 4020 communem
1859 3963 2032 4019 homi-

2145 3959 2438 4033 ἀνθρώπων
2461 3959 2778 4031 ὑπερπαίων
2805 3959 2998 4030 φύσιν;
3033 3960 3094 4014 Εί
3123 3961 3180 4015 δέ
3198 3978 3282 4026 τις
3315 3963 3598 4034 προσίεται
3629 3967 3726 4020 καὶ

2134 4051 2245 4105 τῶν
2272 4053 2404 4124 παρ’
2447 4051 2719 4124 Ἑϐραίοις
2759 4054 3074 4125 φερομένων
3099 4053 3432 4125 ἀποκρύφων
3462 4054 3563 4126 τὴν
3596 4057 3724 4110 ἑπι-

2135 4145 2488 4217 γραφομένην
2531 4145 2728 4217 Ἰωσὴφ
2776 4145 3101 4218 προσευχὴν,
3146 4145 3402 4218 ἄντικρυς
3450 4146 3616 4201 τοῦτο
3661 4149 3723 4201 τὸ

2134 4236 2311 4308 δόγμα
2342 4238 2436 4291 καὶ
2464 4236 2650 4307 σαφῶς
2668 4236 2955 4308 είρημένον
2981 4236 3188 4291 ἐκεῖθεν
3213 4237 3438 4310 λήψεται
3454 4255 3471 4268 °
3496 4237 3580 4303 ὡς
3608 4239 3721 4311 ἄρα

2133 4329 2184 4382 οἱ
2213 4329 2450 4401 ἀρχῆθεν
2482 4329 2759 4401 ἐξαίρετόν
2780 4345 2833 4382 τι
2870 4330 3161 4401 ἐσχηκότες
3187 4328 3336 4402 παρὰ
3367 4329 3718 4401 ἀνθρώπους,

457 4422 545 4491 qui
596 4437 625 4476 a
677 4421 943 4492 principio
989 4423 1248 4477 eximium
1294 4421 1498 4492 aliquid
1549 4435 1664 4492 pra:
1715 4419 2027 4477 hominibus

2145 4419 2315 4493 πολλῷ
2344 4421 2627 4494 κρείττους
2659 4421 3016 4493 τυγχάνοντες
3038 4421 3145 4484 τῶν
3165 4421 3365 4476 λοιπῶν
3386 4421 3580 4492 ψυχῶν
3610 4425 3721 4478 ἀπὸ

455 4511 777 4578 habuerunt,
806 4513 963 4584 longe
998 4515 1253 4569 meliores
1287 4515 1500 4571 caeteris
1529 4511 1851 4577 animabus,
1899 4525 2024 4566 cum

2145 4512 2227 4566 τοῦ
2257 4509 2397 4568 εἶναι
2429 4513 2649 4583 ἄγγελοι
2674 4515 2766 4568 ἐπὶ
2791 4513 2890 4588 τὴν
2923 4513 3270 4586 ἀνθρωπίνην
3299 4514 3720 4588 καταϐεϐηκασι

455 4606 630 4677 angeli
671 4615 872 4672 essent,
896 4607 962 4662 ad
987 4607 1284 4662 humanam
1339 4605 1725 4662 descenderint
1756 4613 2026 4658 naturam.

2145 4606 2311 4676 φύσιν.
2351 4605 2490 4677 Φησὶ
2537 4605 2668 4674 γοῦν
2717 4605 2747 4658 6
2787 4605 2978 4660 Ἰακώϐ
3005 4623 3018 4638 ο
3079 4625 3097 4658 t
3123 4606 3178 4661 '0
3207 4607 3314 4678 γὰρ
3352 4605 3530 4661 λαλῶν
3577 4609 3719 4680 πρὸς

454 4695 630 4769 luquit
658 4713 788 4768 ergo
812 4695 978 4755 Iacob
1013 4716 1028 4753 :
1063 4717 1082 4751 ι
1113 4698 1224 4768 Ego
1261 4699 1354 4768 qui
1393 4698 1460 4754 ad
1491 4713 1588 4753 vos
1609 4696 1824 4767 loquor,
1855 4694 2024 4750 Iacob

2145 4699 2300 4770 δμᾶς,
2334 4697 2445 4768 ἐγὼ
2485 4697 2699 4763 Ἰακὼϐ,
2733 4698 2828 4752 καὶ
2873 4697 3106 4771 Ἰσραὴλ,
3153 4698 3381 4768 ἄγγελος
3423 4699 3563 4754 Θεοῦ
3598 4703 3718 4772 είμι

453 4803 592 4855 ευιιι,
627 4798 684 4844 et
704 4787 895 4854 Israel,
926 4787 1152 4857 angelus
1177 4787 1268 4842 Dei
1291 4799 1412 4842 sum
1437 4802 1557 4858 ego,
1585 4793 1640 4840 et
1659 4785 1886 4856 spiritus
1914 4784 2025 4854 pri-

2145 4791 2262 4862 ἐγὼ,
2291 4792 2384 4846 καὶ
2415 4790 2632 4862 πνεῦμα
2656 4791 2899 4863 ἀρχικὸν,
2937 4791 3030 4845 καὶ
3071 4790 3340 4863 Ἀϐραάμ,
3384 4791 3478 4846 καὶ
3523 4793 3719 4847 Ἰσαάκ

452 4881 677 4948 marios,
730 4887 787 4936 et
833 4880 1144 4946 Abraham,
1199 4886 1256 4934 et
1305 4876 1456 4934 Isaac
1498 4887 1625 4934 ante
1668 4892 1832 4933 omne
1885 4889 2024 4946 Opus

2145 4879 2564 4954 προεκτίσθησαν
2610 4879 2716 4952 πρὸ
2744 4881 2941 4945 παντὸς
2968 4879 3151 4954 ἔργου.
3205 4881 3346 4952 Ἐγὼ
3374 4881 3432 4938 δὲ
3472 4883 3676 4939 Ἰακώϐ
3695 4919 3711 4942 .

458 4071 586 4108 num
620 4067 867 4110 naturam
901 4055 1212 4110 excellens?
1240 4055 1391 4122 Quod
1416 4056 1460 4110 si
1485 4056 1609 4124 quis
1641 4057 1889 4110 admittat
1911 4072 2032 4124 pre-

459 4147 726 4201 cationem
774 4145 970 4217 Ioseph
1019 4148 1337 4218 inscriptam
1379 4148 1433 4202 in
1461 4148 1546 4202 his
1574 4147 1728 4204 libris
1759 4147 1851 4218 qui
1888 4147 2030 4216 apud

458 4237 712 4293 Hebrmos
743 4238 997 4293 dicuntur
1025 4238 1342 4310 apocryphi,
1366 4251 1491 4292 mox
1518 4237 1621 4292 hoc
1644 4237 1836 4308 dogma
1865 4237 2027 4292 etiam

457 4340 642 4400 aperte
675 4332 876 4386 dictum
927 4332 1052 4386 inde
1090 4342 1410 4401 sumpturus
1463 4340 1588 4387 est:
1621 4331 1844 4401 perinde
1871 4329 2026 4400 quasi

521 5083 588 5117 ¹⁸⁶
615 5081 725 5140 Ier.
757 5100 797 5152 ι,
831 5085 884 5142 7.
960 5086 1005 5119 “
1037 5084 1237 5145 Ezech.
1269 5099 1332 5154 ιι,
1366 5081 1424 5140 3.
1500 5083 1546 5116 '°
1578 5081 1804 5138 Malach.
1839 5097 1922 5147 tu,
1955 5082 2006 5137 i.

2127 5284 2299 5342 fuisse
2337 5282 2598 5340 Joannem
2633 5279 2958 5350 Baptistam,
2999 5279 3094 5336 sed
3125 5279 3399 5352 angelum.
3430 5278 3570 5336 lluic
3613 5299 3712 5338 au-

2129 5365 2236 5412 tem
2275 5353 2683 5423 0rigenis_l_ocor
2723 5359 3150 5423 consentaneum
3190 5353 3417 5406 alterum
3468 5353 3710 5423 vidimus

2127 5435 2275 5480 tomo
2318 5421 2391 5478 xti
2434 5425 2488 5476 in
2523 5421 2858 5478 Matthwum.
2907 5421 3134 5476 Humilia
3173 5437 3388 5491 quoque
3431 5421 3606 5490 prima
3653 5427 3709 5478 in

2127 5493 2453 5550 Ezecltielem
2506 5491 2730 5562 angelos
2783 5491 2954 5562 tradit
3006 5491 3361 5562 Adamantius
3422 5491 3705 5548 Christum

2126 5565 2401 5621 imitantes
2434 5563 2498 5617 ad
2545 5559 2702 5631 opem
2752 5561 3068 5615 hominibus
3111 5559 3388 5616 ferendam
3444 5561 3509 5616 de
3561 5563 3708 5620 cwlo

522 5289 634 5354 (96)
676 5289 844 5359 Παρὰ
870 5289 1038 5347 Θεοῦ.
1067 5291 1158 5346 Sic
1204 5291 1374 5347 codex
1414 5286 1776 5356 Bodleianus;
1819 5287 2019 5358 Regius

448 5374 497 5416 cl
533 5363 878 5420 Iiarherinus.
909 5361 1017 5416 ἀπὸ
1047 5359 1203 5414 Θεοῦ.

515 5433 630 5498 ta?)
681 5431 818 5484 Ὑπὸ
851 5431 1019 5486 Θεοῦ.
1063 5431 1140 5484 Ita
1183 5432 1355 5487 codex
1407 5428 1772 5487 Bodleianus:
1818 5425 2018 5498 Regius

451 5514 497 5556 et
531 5504 568 5556 Β
586 5503 880 5562 ιιιιενίιιιιε,
905 5502 1013 5556 ἀπὸ
1041 5499 1199 5554 Θεοῦ.

521 5571 632 5642 (νδ)
685 5571 1139 5642 Ἆπιστήσαντα.
1183 5571 1258 5625 lla
1305 5571 1474 5626 codex
1518 5567 1872 5636 Bodleianus;
1910 5568 2014 5625 lte-

452 5631 646 5714 gitistt't
680 5631 1030 5714 itarbcriiius,
1058 5642 1463 5714 ἀποστήσαντα.
1491 5709 1516 5714 _
1745 5709 1767 5714 _
1859 5631 1869 5636 ⁷

2145 5636 2469 5714 lescendere.
2501 5631 2764 5714 fluentis.
2933 5701 2945 5714 D
3129 5699 3184 5714 Ν
3334 5701 3346 5714 _
3451 5699 3491 5714 η
3549 5700 3586 5714 ,,
3624 5702 3638 5714 ,

519 5710 628 5781 (99)
679 5699 1040 5782 Ego/amyri-
1063 5699 1296 5784 μήποέε
1321 5706 1409 5784 εἷς
1445 5709 1579 5777 τῶν,
1607 5719 1714 5767 etc.
1739 5709 1859 5766 Iam
1889 5717 2015 5784 ante

2195 5705 2272 5775 (ί)
2295 5705 2423 5784 ,εἰς’
2455 5702 2683 5784 αὐτοὺς
2714 5701 3094 5784 χρηστότητα
3129 5699 3218 5784 Sic
3244 5701 3416 5784 codex
3451 5699 3704 5784 Bodleia:

453 5770 760 5852 Origenem'
785 5793 841 5836 et
895 5770 1185 5840 vetustiora
1252 5770 1485 5852 Origene
1535 5770 1778 5850 tempora
1830 5780 2013 5852 multis

2145 5770 2262 5838 ius:
2295 5773 2494 5852 [ﬁegius
2539 5783 2593 5829 et
2642 5770 3004 5839 Barberiuus,
3047 5773 3126 5836 είς
3174 5770 3494 5844 ἀνθρώπους
3526 5771 3697 5830 αὐτοῦ

455 5843 766 5924 persuasum
817 5851 984 5912 fuisse
1034 5853 1222 5912 scribit
1275 5843 1507 5924 Cyrillus
1575 5843 1682 5909 non
1737 5850 2013 5910 hominem

2145 5843 2466 5920 [ρηστότητι.

3786 5807 3811 5962 i

3797 6171 3809 6291 l
