3856 6518
439 305 539 363 ΙἩ

1914 294 2076 352 01th
2086 292 2237 349 ENIS

3609 288 3707 345 172

436 431 638 486 tionem
659 422 888 490 Christi,
921 420 1012 493 qui
1051 434 1229 478 sermo
1263 426 1368 487 εει,
1393 416 1618 475 diﬂ‘erre
1639 433 1667 473 a
1692 416 2013 482 Servatore,

2128 420 2276 490 ιρέρει
2302 415 2395 469 καὶ
2423 411 2612 467 τοῦτου
2638 413 2666 466 6
2713 409 2982 479 Ἰωάννης,
3018 407 3094 472 ὡς
3126 407 3261 480 πρὸς
3293 407 3393 480 τὴν
3419 407 3708 479 ἀναλογίαν

433 527 524 597 qui
559 526 714 594 juxta
749 516 1042 591 quamdam
1070 512 1565 581 considerationem
1598 527 1777 570 sermo
1812 525 1914 569 εει.
1939 514 2014 567 Ad

433 621 538 674 hoc
573 624 754 671 autem
795 626 881 668 me
910 611 1106 666 invitat
1148 611 1262 678 ipse
1293 607 1556 672 Joannes,
1604 607 1858 677 quisnam
1899 616 2018 659 tan-

432 710 555 763 dem
586 714 732 762 esset
769 705 837 761 ad
869 704 1271 773 interrogantes
1304 701 1643 772 respondens
1677 716 1691 753 :
1726 717 1744 751 ι
1778 700 1887 771 Ego
1911 715 2016 754 vox

427 794 722 850 'ciamantis
758 794 811 849 in
846 793 1105 849 deserto:
1151 789 1347 846 Parate
1375 792 1520 846 viam
1560 789 1799 855 Domini,
1838 799 2017 846 rectas

435 889 600 947 facite
652 887 878 946 semitas
922 884 1039 956 ejus
1080 884 1145 938 ".
1188 903 1206 936 ι
1247 884 1313 939 Et
1358 885 1594 941 fortasse
1640 893 1862 955 propter
1915 883 2018 938 hoc

436 985 746 1046 incredulus
775 982 1067 1039 Zacharias
1096 981 1150 1035 in
1181 991 1303 1035 ortu
1341 979 1489 1034 vocis
1527 992 1649 1048 quae
1681 981 2019 1032 demonstrat

437 1095 746 1142 sermonem
799 1076 915 1140 Dei,
961 1074 1162 1129 amittit
1210 1087 1426 1137 vocem,
1481 1085 1704 1128 sumens
1745 1084 1890 1136 eam,
1929 1083 2019 1122 na-

437 1186 622 1236 scente
656 1188 812 1241 voce,
837 1189 958 1245 qua:
979 1181 1062 1230 est
1087 1182 1393 1243 praecursor
1417 1165 1706 1223 sermonis.
1731 1163 1846 1219 Vox
1870 1162 2014 1218 enim

436 1273 663 1329 auribus
705 1267 1044 1341 percipiatur
1083 1273 1336 1336 oportet,
1381 1267 1441 1314 ut
1487 1266 1670 1329 postea
1719 1270 1872 1311 mens
1917 1256 2016 1310 de-

433 1375 797 1425 monstratum
854 1379 883 1418 a
944 1373 1077 1416 voce
1146 1369 1453 1413 sermonem
1518 1351 1771 1420 excipere
1817 1347 2015 1402 valeat.

434 1461 642 1518 Idcirco
671 1460 834 1516 etiam
867 1456 1028 1526 paulo
1055 1451 1332 1522 antiquior
1385 1447 1606 1503 Christo
1634 1454 1715 1501 est
1749 1443 2013 1507 Joannes,

434 1558 576 1628 quod
607 1555 675 1610 ad
709 1561 890 1609 ortum
923 1549 1162 1622 pertinet
1197 1561 1210 1598 :
1242 1559 1433 1600 vocem
1466 1541 1614 1598 enim
1647 1548 1776 1594 ante
1802 1551 2014 1594 sermo-

437 1668 560 1709 nem
589 1650 903 1720 recipimus.
961 1645 1312 1700 Demonstrat
1340 1639 1505 1694 etiam
1534 1634 1814 1691 Christum
1851 1631 2016 1687 Joan-

2121 515 2211 569 τοῦ
2248 508 2482 584 Χριστοῦ
2518 506 2879 577 τυγχάνοντος
2910 503 3070 572 λόγου
3109 503 3260 575 φωνὴ
3290 501 3385 557 ῶν.
3439 502 3562 556 Ἐπὶ⁵
3591 503 3700 557 τοῦ-

2118 624 2180 660 το
2206 606 2261 660 δέ
2297 621 2362 677 με
2392 592 2745 675 προκαλεῖται
2779 596 2941 660 αὐτὸς
2990 597 3018 648 6
3063 594 3336 665 Ἰωάννης,
3390 595 3540 658 ὅστις
3585 595 3708 647 ποτὲ

2123 700 2205 770 εἴη
2233 696 2368 770 πρὸς
2397 693 2523 755 τοὺς
2557 687 2993 760 πυνθανομένους
3026 686 3458 757 ἀποκρινόμενος
3477 703 3490 716 -
3528 705 3545 736 ι
3571 684 3706 753 Ἐγὼ

2122 790 2272 863 φωνὴ
2311 787 2542 861 βοῶντος
2585 785 2641 837 ὲν
2674 785 2741 854 τῇ
2798 782 3022 853 ἐρήμῳ·
3065 779 3422 850 Ἑτοιμάσατε
3465 777 3566 850 τὴν
3598 776 3709 832 ὁδὸν

2120 884 2348 956 Κυρίου,
2384 878 2600 942 εὐθείας
2647 879 2852 930 ποιεῖτε
2904 876 3002 940 τὰς
3053 873 3276 947 τρίϐους
3328 872 3561 926 αὑτοῦ.»
3604 873 3708 927 Καὶ

2119 978 2259 1048 τάχα
2307 973 2395 1028 διὰ
2435 973 2595 1026 τοῦτο
2645 971 2956 1042 ἀπιστήσας
2995 970 3023 1022 6
3076 967 3350 1039 Ζαχαρίας
3394 970 3460 1038 τῇ
3499 965 3708 1034 γενέσει

2118 1073 2216 1146 τῆς
2240 1065 2590 1136 δεικνυούσης
2615 1065 2707 1118 τὸν
2737 1064 2894 1133 λόγον
2922 1061 3014 1118 τοῦ
3044 1061 3179 1115 Θεοῦ
3217 1062 3420 1132 φωνῆς,
3450 1059 3708 1113 ἀπόλλυσι

2118 1165 2214 1238 τὴν
2247 1162 2451 1233 φωνὴν,
2486 1157 2778 1230 λαμϐάνων
2823 1157 2992 1227 αὐτὴν
3023 1157 3109 1208 ὅτε
3141 1156 3396 1223 γεννᾶται
3429 1155 3457 1207 6
3487 1153 3710 1226 πρόδρο-

2123 1273 2221 1328 μος
2254 1253 2347 1308 τοῦ
2399 1253 2557 1322 λόγου
2594 1250 2766 1321 φωνή.
2819 1247 3209 1303 Ἐνωτίσασθαι
3242 1245 3350 1318 γὰρ
3394 1246 3475 1299 δεῖ
3509 1246 3708 1316 φωνὴν,

2119 1353 2207 1405 ἵνα
2238 1349 2374 1422 μετὰ
2405 1347 2575 1401 ταῦτα
2604 1348 2632 1399 6
2661 1343 2785 1407 νοῦς
2828 1343 2916 1396 τὸν
2951 1341 3300 1412 δεικνύμενον
3332 1339 3437 1392 ὑπὸ
3468 1341 3573 1410 τῆς
3605 1356 3711 1407 φω-

2118 1447 2214 1517 νῆς
2241 1444 2396 1512 λόγον
2428 1438 2681 1505 δέξασθαι
2714 1435 2938 1508 δυνηθῇ.
2992 1435 3193 1504 Διόπερ
3222 1433 3317 1486 καὶ
3357 1431 3526 1500 ὀλίγῳ
3581 1446 3710 1502 πρε-

2122 1537 2381 1608 σϐύτερος
2413 1532 2560 1588 κατὰ
2587 1531 2648 1584 τὸ
2674 1527 2928 1599 γενέσθαι
2959 1528 2987 1579 6
3029 1525 3282 1596 Ἰωάννης
3312 1522 3430 1576 ἐστὶ
3458 1520 3555 1576 τοῦ
3581 1521 3712 1592 Χρι-

2121 1629 2247 1685 στοῦ
2269 1649 2281 1660 ·
2319 1627 2503 1698 φωνῆς
2533 1624 2641 1696 γὰρ
2669 1623 2775 1696 πρὸ
2795 1621 2954 1690 λόγου
2982 1615 3512 1689 ἀντιλαμϐανόμεθα.
3552 1612 3711 1666 Ἀλλὰ

439 1760 555 1813 nes,
587 1744 713 1813 quia
747 1752 883 1796 voce
913 1739 1321 1793 demonstratur
1368 1744 1585 1792 sermo;
1635 1737 1798 1796 atque
1850 1725 2013 1780 etiam

2128 1724 2215 1778 καὶ
2239 1722 2477 1776 δείκνυσι
2503 1718 2594 1772 τὸν
2622 1714 2856 1788 Χριστὸν
2882 1716 2910 1768 6
2937 1712 3211 1781 Ἰωάννης·
3243 1712 3392 1780 φωνῇ
3426 1707 3538 1778 γὰρ
3569 1723 3707 1777 παρ-

440 1799 752 1906 ὸεριιίέιιιυι·
781 1830 1031 1888 Christus
1059 1842 1089 1881 a
1116 1823 1344 1889 Joanne,
1379 1823 1587 1877 fatente
1629 1835 1690 1876 se
1729 1833 1865 1887 opus
1915 1817 2013 1872 ha-

2128 1819 2335 1872 ίσταται
2386 1817 2414 1868 6
2455 1813 2610 1882 λόγος
2635 1828 2647 1840 ’
2700 1807 2835 1864 ἀλλὰ
2879 1808 2974 1860 καὶ
3019 1802 3337 1876 βαπτίζεται
3375 1802 3483 1855 ὑπὸ
3526 1800 3708 1854 Ἰωάν-

439 1931 570 1985 bere
601 1935 662 1981 ut
694 1924 760 1979 ab
789 1922 908 1991 ipso
947 1918 1278 1989 baptizetur,
1323 1914 1448 1984 quia
1485 1926 1664 1968 sermo
1703 1909 2018 1980 puriﬁcatnr

440 2037 469 2074 a
495 2031 628 2073 voce
660 2018 807 2072 inter
854 2010 1124 2074 homines,
1159 2023 1282 2064 cum
1329 2014 1519 2060 natura
1571 2017 1757 2058 vocem
1798 2015 2016 2058 omnem

440 2107 833 2179 signiﬁcantem
896 2098 1146 2172 puriﬁcet
1228 2111 1432 2152 sermo.
1505 2094 1843 2165 Prorsusque
1891 2107 2016 2148 cum

437 2200 672 2259 Joannes
700 2196 980 2253 Christum
1022 2191 1281 2256 ostendit,
1320 2190 1482 2244 homo
1537 2188 1705 2244 Deum
1751 2184 2016 2252 ostendit,

439 2305 494 2353 et
524 2295 870 2350 Servatorem
909 2289 1308 2358 incorporeum,
1345 2294 1400 2339 et
1444 2299 1544 2339 vox
1577 2294 1906 2338 sermonem.

423 2525 428 2543 δ
510 2474 622 2545 86
636 2473 725 2527 27.
738 2471 999 2527 Utautem
1029 2465 1084 2522 in
1096 2466 1260 2522 rebus
1284 2463 1468 2544 multis
1483 2458 1763 2516 nominum
1781 2455 2007 2512 eviden-

441 2569 516 2624 tia
542 2577 623 2623 est
655 2566 821 2630 utilis,
857 2563 933 2619 sie
961 2563 1063 2618 hoc
1084 2574 1298 2632 quoque
1328 2559 1384 2612 in
1412 2555 1531 2612 loco
1546 2552 1679 2608 utile
1696 2549 1800 2606 erit
1823 2547 2010 2604 videre

431 2661 574 2732 quid
616 2657 904 2714 Zacharias
932 2655 1129 2727 quidve
1156 2654 1391 2710 Joannes
1419 2646 1748 2720 signiﬁcent.
1792 2638 2008 2697 Etenim

442 2753 670 2824 perinde
691 2767 754 2807 ac
783 2752 826 2806 si
853 2760 996 2806 esset
1024 2748 1215 2818 aliquis
1243 2761 1352 2800 non
1375 2741 1830 2802 contemnendus,
1862 2733 2011 2807 quod

444 2847 512 2901 ad
527 2845 761 2900 nominis
777 2844 1099 2915 positionem
1113 2841 1326 2902 attinet,
1346 2836 1558 2909 cognati
1577 2832 1794 2904 quidem
1812 2830 2014 2884 Zacha-

442 2939 574 2994 riam
589 2936 967 3012 appellandnm
983 2933 1287 3012 censent“,
1303 2931 1381 2984 rei
1400 2928 1638 2984 novitate
1653 2924 1870 2989 turbati,
1886 2920 2013 2993 quia

443 3008 758 3086 velletcum
780 3027 1058 3082 Elisabeth
1087 3008 1347 3080 Joannem
1373 3020 1646 3092 appellare
1669 3038 1680 3073 :
1704 3033 1826 3073 cum
1849 3031 2008 3070 vero:

452 3143 472 3174 ι
509 3122 747 3177 Joannes
768 3119 874 3174 erit
904 3118 979 3172 illi
1012 3132 1238 3176 nomen.
1265 3135 1282 3167 ›
1311 3112 1596 3168 Zacharias
1627 3110 1956 3183 scripsisset,
1977 3123 2012 3162 a
2048 3149 2090 3208 Ο

445 3215 676 3270 molesto
705 3210 920 3266 silentio
955 3212 1235 3266 liberatur.
1256 3208 1573 3263 Invenimus
1594 3221 1722 3276 ergo
1755 3207 1808 3260 in
1838 3205 2014 3259 Inter-

439 3308 748 3378 pretatione
763 3304 1042 3360 nominum
1055 3302 1361 3366 Joannes,et
1374 3301 1678 3355 invenimus
1694 3295 2013 3366 particulam

445 3399 566 3465 Joa,
599 3413 844 3454 seorsum
873 3405 1166 3467 sumptam,
1199 3394 1316 3450 sine
1357 3410 1465 3458 nes,
1493 3392 1637 3462 quod
1667 3390 1809 3446 idem
1833 3390 2015 3444 valere

437 3498 701 3563 ‘putamus
720 3499 883 3560 atque
896 3490 992 3544 Joa
1001 3506 1147 3554 nues;
1169 3487 1425 3560 quoniam
1452 3486 1554 3541 alia
1570 3500 1784 3556 quoque
1801 3483 2013 3538 Novum

449 3587 876 3642 Instrumentum
893 3583 1239 3639 Hebraeorum
1261 3581 1482 3637 nomina
1499 3578 1682 3636 Graece
1697 3574 2012 3642 reddiderit,

451 3679 624 3735 forma
676 3679 860 3736 Graeca
910 3677 1273 3749 pronuntians
1320 3675 1456 3746 ipsa,
1491 3673 1659 3730 veluti
1691 3686 1789 3743 pro
1823 3669 2012 3736 Jacob,

449 3773 742 3840 Jacobum;
779 3789 878 3844 pro
907 3771 1162 3843 Symeon,
1203 3768 1500 3844 Simonem.
1533 3769 1702 3824 Porro
1727 3765 2016 3822 Zacharias

451 3867 702 3920 memoria
734 3881 854 3920 esse
878 3863 1108 3919 dicitur:
1136 3862 1416 3918 Elisabeth
1436 3841 1566 3916 vero
1594 3859 1692 3913 Dei
1718 3855 2015 3926 meijusju-

449 3960 693 4023 randum,
725 3958 809 4011 vel
837 3958 932 4011 Dei
980 3958 1082 4010 mei
1109 3956 1406 4034 septimum.
1443 3953 1523 4008 Ex
1559 3952 1816 4007 memoria
1854 3949 2018 4021 igitur

449 4053 516 4105 de
555 4052 682 4115 Deo,
715 4050 865 4118 juxta
892 4048 1274 4118 jusjurandum
1325 4045 1420 4100 Dei
1464 4045 1658 4110 nostri,
1687 4042 1831 4112 quod
1858 4042 2015 4112 jura-

448 4141 527 4194 vit
561 4140 629 4194 ad
667 4150 850 4208 patres
873 4140 940 4202 ",
965 4139 1178 4209 genitus
1227 4144 1310 4191 est
1354 4135 1590 4189 Joannes
1619 4134 1744 4205 (hoc
1773 4141 1857 4188 εει
1888 4149 2016 4202 gra-

451 4234 525 4286 tia
541 4249 573 4286 a
599 4232 724 4301 Deo)
742 4245 1052 4302 praeparans
1075 4230 1303 4285 Domino
1319 4227 1579 4299 populum
1606 4226 1927 4281 instructum
1945 4225 2010 4290 ’°,

449 4338 575 4379 cum
616 4323 788 4379 Vetus
836 4324 1303 4386 lnstrumentum,
1365 4321 1508 4392 quod
1562 4328 1647 4374 est
1701 4318 2014 4374 sabbatismi

455 4417 784 4481 extremitas,
819 4416 1162 4486 pervenisset
1189 4415 1257 4471 ad
1287 4414 1471 4470 ﬁnem.
1505 4412 1687 4480 Quare
1717 4411 1861 4483 gigni
1899 4424 2015 4464 non

429 4653 434 4658 θ
519 4612 566 4646 ’⁸
589 4610 742 4668 Joan.
781 4625 823 4675 ι,
849 4607 941 4662 25.
1013 4605 1060 4638 ³⁸
1088 4603 1218 4660 Luc.
1256 4616 1297 4669 ι,
1323 4601 1391 4659 59
1422 4609 1477 4657 ει
1508 4615 1625 4670 seq.

518 4788 628 4868 (10)
655 4791 1140 4868 'Ouoloroﬁmjoc.
1165 4787 1473 4868 Legendurlt
1492 4783 1705 4868 videtur
1723 4779 2017 4868 ὁμολογῶν.

520 4854 628 4942 illi
667 4854 945 4942 Ε’ὕρομξεῂ
962 4854 1169 4942 solvor
1193 4854 1271 4916 si
1287 4854 1732 4942 τῇςΕρμηγεία
1744 4854 2021 4942 161;???-

444 4922 842 5013 μάὲαξίρῖείέξ
867 4938 1090 5013 Librum
1125 4934 1235 5013 hoc
1279 4922 1437 4986 titulo
1471 4922 1818 5013 's'cripserat-
1842 4922 2018 5013 Philo.

451 4993 804 5079 Quoda'utem
832 5009 883 5062 in
912 5004 1472 5079 veteriTestamento
1501 4993 1626 5067 ipse
1640 5003 1843 5079 egerat,
1879 4993 2020 5079 idem

451 5063 530 5137 in
549 5063 993 5133 Novellactitavit
1025 5074 1304 5145 Origenes,
1339 5063 1604 5145 suumque
1639 5063 1858 5145 librum.
1879 5063 2021 5145 libro

451 5133 696 5206 Dhilonis
740 5147 1014 5215 adiunxit,
1063 5133 1226 5216 atque
1261 5133 1422 5212 hujus
1453 5133 1635 5210 operis
1683 5133 1772 5190 hic
1810 5133 2022 5188 videtur

452 5218 785 5278 meminisse.
819 5216 1080 5271 Hormus.

523 5289 632 5361 (η)
677 5287 767 5351 Τὸ,
790 5305 808 5338 ι
845 5285 994 5361 Ἶῳᾲ,
1023 5304 1038 5337 ι
1063 5284 1236 5353 χωρὶς
1251 5281 1379 5361 τοῦ,
1405 5299 1423 5328 ι
1453 5297 1586 5361 γηςζ
1610 5295 1632 5358 t_
1645 5275 2020 5361 μεταλᾳμξα-

451 5345 728 5430 siuei-or,
757 5345 881 5430 etc.‘
904 5345 1020 5430 Eon
1063 5345 1236 5430 hunc:
1269 5345 1793 5430 prirnntn‘0_rigeuis
1834 5346 1885 5398 in
1914 5345 2020 5430 Ile-

452 5415 651 5488 braicis
691 5415 1019 5495 imperitiam
1058 5415 1529 5495 deprehendimus.
1577 5415 1837 5495 Joannes,
1879 5415 2022 5495 quod

453 5485 534 5558 est
574 5506 728 5587 μην,
763 5485 821 5552 lit
852 5511 882 5550 a
925 5503 1034 5583 Ian.
1069 5485 1319 5560 Plerique
1368 5507 1434 5546 ex
1471 5498 1591 5548 mn?
1631 5486 1857 5558 praeﬁxo
1904 5485 2015 5537 for-

455 5575 658 5648 matum
692 5575 1018 5659 putantfut
1055 5583 1157 5638 alia
1207 5581 1466 5659 pleraque
1504 5594 1619 5648 per,
1655 5575 2017 5659 710,.incepta

454 5647 755 5716 vocabula:
793 5661 845 5712 in
881 5647 988 5726 quo
1037 5669 1167 5726 sane
1209 5647 1514 5726 falluntur,
1545 5647 1852 5726 sunt__cnim
1899 5660 2018 5698 ser-

452 5734 610 5796 viles,
656 5741 710 5784 et
758 5716 992 5783 nominis
1035 5723 1390 5796 fortnatrices
1421 5721 1634 5796 litterae.
1683 5716 1835 5782 Quod
1885 5729 2012 5796 vero

452 5784 858 5872 hic—,qloamtes,
902 5798 1042 5852 idem
1077 5791 1420 5867 essescribit
1457 5790 1717 5860 Origenes
1765 5802 1825 5841 ac
1869 5784 2002 5842 Jou.

2121 1926 2210 1962 νου
2255 1911 2283 1962 6
2336 1905 2590 1977 Χριστὸς,
2624 1899 3012 1974 ὁμολογοῦντος
3043 1895 3158 1968 (10)
3205 1895 3394 1968 χρείαν
3425 1893 3570 1964 ἔχειν
3619 1891 3710 1945 ὑπ’

2121 2001 2285 2056 αὑτοῦ
2317 1997 2708 2070 βαπτισθῆναν
2763 1990 3071 2064 ἀνθρώποις
3104 1987 3216 2060 γὰρ
3253 1987 3358 2041 ὑπὸ
3391 1985 3576 2056 φωνῆς
3615 2001 3717 2038 κα-

2122 2091 2367 2164 θαίρεται
2398 2089 2577 2158 λόγος,
2612 2089 2679 2158 τῇ
2717 2083 2879 2155 φύσει
2911 2081 3006 2134 τοῦ
3037 2080 3196 2148 λόγου
3223 2077 3577 2148 καθαίροντος
3605 2075 3715 2128 πᾶ-

2123 2203 2219 2240 σαν
2265 2183 2363 2254 τὴν
2419 2180 2786 2252 σημαίνουσαν
2833 2175 3035 2245 φωνήν.
3100 2172 3212 2225 Καὶ
3247 2167 3590 2237 ἁπαξαπλῶς
3624 2169 3716 2222 ὅτε

2135 2278 2385 2345 Ἰωάννης
2417 2275 2508 2326 τὸν
2533 2271 2771 2345 Χριστὸν
2811 2267 3106 2328 δείκνυσιν,
3131 2265 3414 2335 ἄνθρωπος
3443 2261 3575 2316 Θεὸν
3602 2261 3717 2314 δεμ

2122 2391 2298 2436 κνυσι,
2317 2373 2412 2428 καὶ
2432 2370 2662 2441 Σωτῆρα
2679 2369 2770 2422 τὸν
2791 2365 3102 2436 ἀσώματον,
3126 2362 3220 2416 καὶ
3245 2359 3396 2432 φωνὴ
3415 2359 3507 2413 τὸν
3528 2358 3710 2427 λόγον.

2191 2466 2282 2520 27.
2316 2463 2602 2535 Χρήσιμον
2647 2460 2690 2514 δ’
2726 2458 2791 2514 ἂν
2836 2454 2924 2529 ἦν,
2955 2457 3143 2528 ὥσπερ
3172 2455 3264 2508 ὲπὶ
3292 2451 3502 2507 πολλῶν
3536 2455 3570 2524 ἡ
3602 2451 3714 2505 τῶν

2121 2560 2399 2632 ὀνομάτων
2443 2555 2712 2628 ἐνέργεια,
2736 2552 2879 2607 οὕτω
2906 2553 3022 2615 καὶ,
3071 2551 3165 2604 ἐπὶ
3196 2546 3290 2602 τοῦ
3320 2549 3488 2602 τόπου
3517 2545 3713 2600 τούτου

2121 2653 2181 2707 τὸ
2229 2653 2354 2706 ἰδεῖν
2387 2651 2416 2703 ὅ
2461 2666 2513 2702 τι
2549 2646 2800 2719 σημαίνει
2854 2647 2882 2698 6
2928 2642 3181 2714 Ἰωάννης
3213 2641 3308 2695 καὶ
3349 2641 3378 2693 6
3412 2637 3713 2710 Ζαχαρίας.

2122 2747 2233 2801 Καὶ
2263 2746 2371 2816 γὰρ
2419 2743 2493 2806 ὡς
2527 2741 2676 2804 ὄντος
2707 2738 2850 2803 τινὸς
2891 2738 2991 2791 οὐκ
3036 2733 3536 2805 εὐκαταφρονήτου,
3571 2729 3718 2786 κατὰ

2119 2838 2220 2909 τὴν
2249 2835 2340 2889 τοῦ
2388 2834 2650 2906 ὀνόματος
2683 2831 2850 2898 θέσιν,
2869 2830 2917 2882 οἱ
2969 2829 3068 2900 μὲν
3121 2828 3403 2897 συγγενεῖς
3433 2823 3717 2895 Ζαχαρίαν

2123 2931 2284 2985 αὐτὸν
2310 2927 2590 2984 καλεῖσθαι
2650 2924 2946 2996 βούλονται,
2999 2920 3328 2992 ξενιζόμενοι
3353 2919 3444 2972 ἐπὶ
3474 2917 3555 2988 τῷ
3590 2915 3719 2988 βού-

2122 3025 2309 3079 λεσθαι
2351 3022 2450 3095 τὴν
2492 3019 2772 3076 Ἐλισάϐετ
2819 3016 3072 3087 Ἰωάννην
3121 3014 3283 3069 αὐτὸν
3323 3010 3616 3082 ὀνομάζειν
3639 3028 3653 3040 ·
3690 3012 3720 3065 6

2123 3119 2180 3172 δὲ
2207 3116 2480 3188 Ζαχαρίας
2512 3113 2729 3186 γράψας
2765 3110 2826 3164 τό
2845 3127 2858 3141 ο
2897 3128 2915 3161 ι
2939 3108 3192 3178 Ἰωάννης
3221 3105 3374 3159 ἔσται
3406 3105 3579 3175 ὄνομα
3614 3104 3720 3158 αὑ-

2125 3211 2222 3281 τῷ,
2248 3230 2266 3262 ι
2318 3207 2610 3262 ἀπολύεται
2655 3205 2754 3275 τῆς
2783 3203 3043 3258 ἐπιπόνου
3077 3203 3304 3272 σιωπῆς.
3341 3198 3591 3269 Εὖρομεν
3615 3195 3722 3250 τοί-

2126 3321 2218 3358 νυν
2251 3303 2308 3356 ὲν
2338 3304 2402 3372 τῇ
2441 3297 2738 3371 Ἑρμηνείᾳ
2768 3296 2875 3350 τῶν
2891 3293 3168 3366 ὀνομάτων
3186 3291 3319 3364 (Μ),
3347 3309 3366 3342 ι
3389 3291 3668 3361 Ἰωάννης,
3691 3306 3715 3343 ι

2125 3398 2249 3464 τὸ,‹
2298 3395 2451 3460 Ἰωὰ,
2500 3415 2517 3445 ι
2565 3394 2734 3464 χωρὶς
2774 3390 2891 3458 τοῦ,
2946 3409 2964 3440 ‹
3014 3407 3136 3460 νης,
3165 3407 3184 3440 ι
3233 3385 3722 3458 μεταλαμϐανόμε-

2126 3510 2212 3545 νον
2243 3489 2376 3562 (1‘2),
2411 3491 2548 3560 ὅπερ
2566 3486 2760 3542 ταύτὸν
2786 3483 3011 3556 οἰόμεθα
3041 3477 3177 3536 εἶναι
3198 3481 3294 3552 τῷ,
3327 3500 3344 3532 ι
3367 3479 3625 3551 Ἰωάννης
3645 3497 3661 3510 ·
3695 3511 3710 3532 .

2125 3585 2247 3639 ἐπεὶ
2291 3584 2386 3638 καὶ
2430 3581 2564 3636 ἄλλα
2595 3583 2628 3651 ὴ
2677 3577 2852 3650 Καινὴ
2886 3576 3129 3648 Διαθήκη
3175 3573 3441 3648 Ἑϐραίων
3468 3572 3721 3642 ὀνόματα

2125 3676 2452 3749 ὲξελλήνισε,
2485 3674 2792 3747 χαρακτῆρι
2821 3671 2960 3725 αὐτὰ
2990 3668 3219 3723 εἰποῦσα
3264 3665 3582 3737 Ἑλληνικῷ,
3614 3665 3722 3718 ὥσ-

2125 3787 2231 3842 περ
2274 3770 2366 3823 ἐπὶ
2411 3765 2627 3832 Ἰακὼϐ,
2697 3763 2974 3827 Ἰάκωϐον,
3032 3763 3126 3817 καὶ
3175 3760 3268 3814 ἐπὶ
3315 3757 3561 3830 Συμεὼν,
3619 3758 3721 3811 Σί-

2129 3879 2283 3932 μωνα
2310 3859 2440 3931 (15).
2466 3857 2740 3929 Ζαχαρίας
2761 3855 2818 3909 δὲ
2848 3875 2866 3907 ι
2897 3856 3083 3926 μνήμη
3116 3871 3133 3903 ι
3156 3847 3295 3905 εἶναι
3316 3849 3533 3918 λέγεται
3556 3866 3569 3879 ·
3594 3849 3630 3919 ὴ
3662 3850 3723 3904 δὲ

2137 3954 2416 4008 Ἐλισάϐετ
2471 3972 2488 4004 ι
2519 3951 2652 4006 Θεοῦ
2692 3968 2792 4021 μου
2840 3951 3020 4020 ὅρκος,
3046 3966 3064 3999 ι
3104 3947 3137 4017 ἢ
3195 3964 3214 3996 ι
3237 3943 3371 3998 Θεοῦ
3423 3960 3524 4014 μου
3559 3942 3720 3997 ’ἐϐδο-

2127 4065 2246 4118 μον.
2279 4066 2296 4097 ι
2348 4045 2480 4097 Ἀπὸ
2509 4042 2643 4098 Θεοῦ
2677 4044 2734 4096 δὲ
2763 4041 2922 4115 χάρις
2953 4044 3017 4095 ἐκ
3049 4039 3148 4109 τῆς
3174 4039 3303 4110 περὶ
3324 4036 3456 4092 Θεοῦ
3488 4038 3720 4112 μνήμης

2124 4139 2267 4192 κατὰ
2295 4137 2387 4190 τὸν
2418 4135 2513 4189 τοῦ
2553 4135 2688 4189 Θεοῦ
2723 4134 2878 4205 ήμῶν
2905 4134 3065 4205 ὅρκον
3097 4132 3187 4184 τὸν
3223 4131 3350 4203 περὶ
3383 4131 3507 4194 τοὺς
3543 4132 3722 4184 πατέ-

2127 4249 2225 4304 ρας
2247 4229 2476 4302 ὲγενήθη
2504 4231 2532 4282 6
2564 4228 2834 4299 Ἰωάννης,
2861 4223 3163 4297 ὲτοιμάζων
3197 4225 3387 4296 Κυρίῳ
3419 4223 3547 4276 λαὸν
3577 4240 3720 4277 κατ-

2125 4322 2546 4393 εσκευασμένον,
2605 4319 2698 4373 ἐπὶ
2757 4319 2900 4372 τέλει
2963 4319 3061 4388 τῆς
3113 4318 3358 4381 Παλαιᾶς
3407 4314 3720 4387 γενομένης

2123 4414 2421 4486 Διαθήκης,
2455 4415 2490 4485 ἦ
2543 4416 2661 4468 ἐστι
2710 4413 2820 4484 (14)
2862 4412 3232 4484 σαϐϐατισμοῦ
3285 4410 3546 4483 κορωνίς’
3575 4409 3648 4464 δι’
3683 4409 3722 4466 ὃ

1702 4598 1746 4630 ¹’⁵
1779 4596 1910 4653 ibid.
1963 4597 2051 4650 75.
2131 4597 2178 4629 ’°
2221 4595 2352 4652 ibid.
2405 4595 2492 4651 17.

2128 4782 2180 4837 id
2209 4791 2292 4837 est
2334 4789 2481 4847 mm,
2522 4779 2642 4836 sine
2674 4795 2783 4844 nes,
2819 4779 3115 4836 addidisset
3157 4777 3376 4841 saltem,
3414 4775 3531 4831 sine
3571 4785 3710 4862 ΡΠ,

2127 4871 2462 4927 tolerabilius
2498 4880 2664 4935 esset,
2703 4871 2952 4939 quamvis
2996 4883 3150 4938 atque
3196 4884 3231 4939 ag
3261 4881 3398 4939 vero,
3421 4866 3712 4935 alienum;

2131 4943 2181 4996 id
2229 4944 2371 4997 enim
2427 4943 2681 4995 dixerunt
2724 4937 2856 5003 alii,
2910 4941 3038 4992 item
3093 4937 3234 4992 docti
3277 4954 3291 4990 :
3336 4937 3716 5007 Hieronymus

2129 5023 2278 5081 puta,
2309 5013 2381 5065 De
2414 5013 2664 5067 unminib.
2695 5009 2856 5064 Hebr.
2880 5019 2934 5063 et
2953 5011 3012 5081 in
3039 5007 3231 5081 Mutila.
3258 5007 3392 5061 Cum
3421 5008 3717 5081 subiungit

2129 5075 2673 5160 QuoqueuZaZapnlag
2708 5082 2892 5152 μνήμη
2927 5075 3063 5160 εἶναι
3105 5077 3342 5160 λέγεται,
3379 5075 3578 5160 addere
3608 5080 3714 5160 tie-

2130 5147 2324 5217 beba‘t,
2369 5147 2524 5206 Θεοῦ.
2553 5147 2719 5216 Quae
2749 5147 2926 5204 tanien
2973 5150 3040 5202 ah
3095 5148 3216 5202 aliis
3281 5155 3504 5216 accepta
3555 5147 3710 5203 inira

2130 5225 2332 5277 rectius
2375 5222 2625 5289 exposuit
2651 5240 2663 5273 :
2695 5220 2802 5274 ἀπὸ
2829 5218 2964 5290 Θεοῦ
3010 5218 3065 5271 δὲ
3093 5218 3282 5290 χάρις,
3307 5217 3716 5290 ἱηιιυίιλίὀίεει

2128 5292 2383 5375 Joannes)
2423 5286 2490 5375 εκ
2510 5292 2620 5375 ὶτῆς
2650 5292 2782 5375 περι
2811 5289 2944 5375 Θεοῦ
2981 5286 3200 5374 μνήμης
3251 5289 3329 5375 (id
3354 5297 3440 5375 est
3472 5286 3710 5375 ‘Z'acha-
3745 5321 3768 5338 ..

2125 5363 2276 5502 11:35))
2307 5357 2447 5484 κῗτὰ
2477 5357 2589 5485 ἰξὸν
2615 5357 2876 5414 τοῦΘεοῦ
2913 5357 3264 5431 ἡμῶνὸρκον
3293 5358 3367 5429 (id
3406 5367 3490 5428 est
3519 5357 3710 5414 Elisa-
3775 5380 3778 5381 '

2165 5450 2193 5486 e
2241 5452 2252 5486 ι
2286 5475 2299 5492 ,
2329 5450 2357 5484 e
2385 5449 2434 5486 c.
2501 5448 2552 5484 ι).

2187 5448 2299 5492 ὲίΙΙ),
2329 5448 2434 5486 CIC.
2477 5448 2552 5485 ID.

2197 5505 2214 5570 (
2225 5497 2307 5569 13)
2348 5505 2599 5571 Σίμωνα.
2649 5502 2827 5557 Codex
2859 5501 3184 5557 Bodleianus
3211 5497 3464 5569 Σιμῶνα;
3496 5497 3711 5568 Regius

2125 5585 2174 5629 et
2199 5575 2546 5634 Barbcrinns,
2579 5572 2782 5634 Σιμῶν,

2199 5591 2546 5634 ῦέιτυονιηιιε,
2582 5591 2638 5624 ιιι
2688 5591 2782 5626 ων,

2197 5645 2427 5726 (ign-"ﬂ
2466 5643 2615 5726 se;th
2648 5591 2722 5697 iis
2774 5642 2945 5699 codex
2993 5639 3351 5706 Dodleianus;
3395 5637 3599 5707 Regius
3641 5647 3712 5696 et

2123 5713 2474 5782 Barbe’rinus,
2513 5714 2545 5784 ἢ
2588 5713 2686 5766 ἔτι.
2982 5755 2986 5759 ,
3531 5735 3552 5752 ι.

3105 5833 3135 5852 ρ
