3856 6532
153 324 240 381 Πδ

1207 319 1568 379 COMMENT.
1608 319 1673 374 ΙΝ
1707 318 1904 379 JOAN.
1943 321 2182 380 TOMUS
2212 321 2276 378 ll.

3280 323 3382 379 175

149 450 200 504 οὐ
223 445 427 502 δύναται
466 448 799 518 γεγενῆσθαι
846 447 955 503 ἀπὸ
996 447 1096 518 τῆς
1129 445 1418 517 ἑϐδομάδος
1441 444 1534 498 τοῦ
1561 442 1687 498 Θεοῦ

1803 443 1986 515 potuit
2024 443 2094 498 ab
2126 441 2466 499 hebdomade
2513 443 2609 500 Dei
2645 444 2816 501 nostri
2870 445 3106 518 requies,
3135 461 3256 518 qua
3297 460 3386 504 est

148 540 300 613 ἡμῶν,
331 539 424 612 τὴν
472 539 612 611 μετά
638 541 699 594 τὸ
746 540 1014 595 σάϐϐατον
1047 539 1356 594 ἀνάπαυσιν
1387 537 1480 591 τοῦ
1512 537 1698 607 Σωτῆ-

151 651 227 706 ρος
265 633 410 704 ἡμῶν
461 632 602 687 κατά
651 632 750 705 τὴν
783 632 1090 687 ἀνάπαυσιν
1138 628 1304 683 αὐτοῦ
1346 627 1702 700 ἐμποιοῦντος

145 731 239 791 τοῖς
269 726 604 798 συμμόρφοις
629 725 708 798 τῷ
737 725 952 798 Θανάτῳ
979 721 1145 778 αὑτοῦ
1165 720 1570 794 γεγενημένοις,
1605 721 1701 775 καὶ

144 820 215 876 διὰ
242 819 387 874 τοῦτο
415 819 528 890 (15)
555 821 649 873 καὶ
677 820 777 891 τῆς
808 817 1179 882 ἀναστάσεως.

199 907 278 962 28.
297 903 480 974 Οὗτος
506 903 696 978 ἦλθεν
722 910 809 973 εις
829 908 1307 977 μαρτυρίαν,¹ἵνα
1328 908 1689 982 μαρτυρήσῃ

141 1005 252 1073 περὶ
275 1003 376 1058 τοῦ
400 1002 614 1071 φωτὸς,
638 1003 739 1055 ἵνα
756 999 979 1066 πάντες
997 1000 1370 1056 πιστεύσωσι
1391 1001 1464 1056 δι’
1483 1003 1671 1060 αὐτοῦ
1684 1045 1698 1059 .

141 1100 241 1154 Τῶν
267 1097 580 1170 ἑτεροδόξων
616 1096 727 1167 (16)
757 1095 904 1160 τινὲς
945 1094 1224 1149 πιστεύειν
1273 1095 1577 1166 φάσκοντες
1613 1099 1694 1163 είς

139 1194 215 1246 τὸν
253 1192 506 1264 Χριστὸν,
538 1192 633 1245 καὶ
664 1189 753 1245 διά
793 1189 855 1243 τὸ
899 1188 1269 1243 ἀναπλάσσειν
1310 1188 1498 1262 ἕτερον
1541 1190 1692 1263 παρά

140 1287 216 1340 τὸν
238 1284 590 1357 Δημιουργὸν,
611 1283 689 1347 ὡς
711 1281 1001 1337 ἀκόλουθον
1027 1280 1234 1346 αὐτοῖς,
1260 1281 1322 1336 ού
1347 1283 1693 1353 προσιέμενοι

141 1374 221 1442 τὴν
256 1372 543 1443 ἐπιδημίαν
587 1370 754 1425 αὑτοῦ
813 1370 919 1424 ὑπὸ
950 1370 1060 1425 τῶν
1099 1371 1396 1443 προφητῶν
1454 1389 1697 1443 προκατ-

143 1461 374 1532 ηγγέλθαι
413 1501 430 1528 ,
506 1461 835 1532 ἀνατρέπειν
913 1459 1214 1532 πειρῶνται
1281 1457 1381 1524 τάς
1443 1459 1531 1516 διὰ
1587 1461 1698 1514 τῶν

141 1552 401 1624 προφητῶν
443 1553 578 1624 περὶ
629 1549 868 1623 Χριστοῦ
915 1551 1248 1624 μαρτυρίας,
1291 1551 1594 1622 φάσκοντες
1621 1553 1696 1624 μὴ

138 1646 311 1700 δεῖσθαι
368 1646 664 1719 μαρτύρων
708 1645 803 1700 τὸν
857 1645 988 1700 Υίὸν
1028 1644 1121 1700 τοῦ
1173 1643 1334 1711 Θεοῦ,
1388 1646 1579 1718 ἔχοντα
1636 1644 1698 1699 τὸ

139 1737 216 1791 τοῦ
293 1735 646 1791 πιστεύεσθαι
729 1736 877 1804 ἀξιον
933 1738 992 1791 ἐν
1068 1755 1128 1793 τε
1203 1733 1286 1802 οἷς
1368 1739 1706 1810 κατήγγειλε

1805 544 1926 606 post
1970 533 2257 590 sabbatum
2307 547 2323 588 :
2365 533 2621 595 nimirum
2690 535 2802 590 Deo
2860 533 3151 592 Servatore
3194 547 3384 594 nostro

1803 642 1924 683 eam
1955 627 2306 696 ingencrante
2333 627 2630 684 secundum
2660 628 2901 698 requiem
2933 641 3087 684 suam
3127 627 3181 683 in
3201 629 3382 696 nobis,

1803 720 1895 791 qui
1936 719 2067 776 facti
2105 736 2295 777 sumus
2325 723 2487 778 morti
2517 723 2690 794 ipsius
2722 719 3056 787 conformes,
3087 730 3144 778 et
3174 721 3381 780 idcirco

1804 811 1968 867 etiam
2002 813 2391 869 resurrectioni
2420 814 2486 869 ".

1871 905 1966 961 28.
1997 905 2104 961 Hic
2133 909 2273 963 uenit
2307 908 2362 961 in
2395 908 2773 972 testimonium,
2817 919 2873 962 ut
2922 908 3296 978 testiﬁcaretur
3319 908 3384 965 dc

1801 999 1938 1065 luce,
1971 1008 2028 1054 ut
2077 1015 2256 1056 omnes
2297 1002 2564 1056 crederent
2607 1017 2702 1072 per
2752 1003 2924 1072 ipsum
2949 1001 3016 1057 ".
3050 1001 3280 1070 Quidam
3313 1016 3382 1057 ex

1804 1090 1888 1146 his
1925 1092 2016 1162 qui
2065 1092 2135 1148 ab
2179 1092 2436 1150 Ecclesiae
2488 1093 2723 1150 decretis
2753 1095 3106 1164 dissentiunt,
3157 1096 3383 1152 credere

1803 1197 1862 1238 se
1890 1184 2135 1240 dicentes
2159 1186 2212 1241 in
2243 1185 2542 1254 Christum,
2570 1195 2626 1242 et
2661 1201 2725 1242 eo
2765 1187 2909 1258 quod
2959 1188 3166 1260 ﬁngant
3212 1188 3381 1243 Deum

1801 1277 1968 1333 alium
2022 1278 2299 1336 diversum
2335 1295 2368 1336 a
2405 1281 2591 1337 mundi
2618 1280 2996 1348 Fabricatore,
3029 1294 3090 1338 ut
3135 1291 3220 1338 est
3251 1282 3385 1352 ipsis

1801 1383 2164 1438 consequens,
2217 1385 2325 1425 non
2370 1371 2723 1427 admittentes
2775 1373 3071 1429 adventum
3127 1373 3299 1444 ipsius
3348 1387 3380 1428 a

1801 1461 2078 1532 prophetis
2118 1464 2541 1534 praenuntiatum
2575 1463 2766 1531 fuisse,
2817 1465 3138 1521 subvertere
3170 1480 3379 1522 conan-

1803 1564 1892 1610 tur
1921 1557 2312 1629 prophetarum
2369 1558 2684 1617 testimonia
2736 1561 2804 1616 de
2858 1559 3098 1630 Christo,
3139 1559 3382 1616 dicentes

1801 1663 1942 1720 opus
1990 1665 2096 1706 non
2150 1666 2273 1708 esse
2332 1653 2566 1709 testibus
2624 1653 2766 1711 Filio
2799 1655 2943 1711 Dei:
3001 1664 3061 1711 ut
3097 1657 3188 1727 qui
3218 1657 3378 1712 ﬁdem

1801 1741 1906 1798 sibi
1959 1743 2302 1809 conciliaret,
2357 1754 2471 1800 tum
2508 1759 2575 1800 ex
2622 1746 2962 1804 salutaribus
3011 1749 3378 1816 sermonibus,

139 1829 395 1900 σωτηρίοις
450 1827 656 1898 λόγοις,
720 1828 1002 1902 δυνάμεως
1061 1830 1534 1903 πεπληρωμένοις,
1599 1833 1687 1886 καὶ

1797 1850 1934 1906 quos
1981 1837 2356 1905 denuntiabat,
2396 1841 2638 1910 potentia
2696 1840 2892 1912 plenis,
2947 1850 3061 1898 tum
3093 1857 3162 1899 ex
3192 1842 3380 1914 prodi-
3453 1891 3470 1914 ί

137 1924 184 1975 ὲν
253 1921 554 1992 τεραστίοις
640 1923 844 1996 ἔργοις,
926 1923 1152 1978 αὐτόθεν
1244 1925 1692 1996 καταπλήξασθαι

137 2016 266 2070 πάνθ’
301 2014 542 2071 ὁντινοῦν
587 2017 935 2089 δυναμένοις·
983 2018 1080 2072 καί
1128 2035 1312 2088 φασιν·
1348 2019 1413 2073 El
1450 2018 1692 2089 Μωῦσῆς

136 2111 456 2165 πεπίστευται
505 2109 596 2164 διά
650 2110 742 2164 τὸν
779 2110 936 2181 λόγον
994 2112 1087 2167 καὶ
1137 2112 1238 2176 τάς
1291 2111 1586 2184 δυνάμεις,
1629 2113 1690 2166 ού

133 2200 307 2272 δεηθεὶς
357 2201 653 2278 μαρτύρων
685 2203 794 2275 πρὸ
846 2203 1015 2260 αὐτοῦ
1065 2222 1226 2258 τινων
1266 2205 1431 2259 αὑτὸν
1482 2221 1690 2274 καταγ-

134 2297 411 2364 γειλάντων,
450 2297 592 2352 άλλά
635 2297 729 2352 καὶ
763 2297 996 2364 ἕκαστος
1036 2298 1146 2353 τῶν
1190 2301 1485 2372 προφητῶν
1520 2317 1692 2371 παρε-

133 2390 268 2462 δέχθη
293 2391 392 2444 ὑπὸ
419 2391 518 2445 τοῦ
557 2391 713 2457 λαοῦ,
742 2391 818 2456 ῶς
844 2392 952 2446 ἀπὸ
983 2392 1120 2446 Θεοῦ
1164 2393 1496 2458 ἀποσταλείς
1517 2410 1531 2425 ο
1565 2393 1686 2457 πῶς

132 2484 229 2553 οὐχὶ
258 2485 447 2554 μᾶλλον
480 2485 764 2550 Μωῡσέως
795 2485 891 2540 καὶ
928 2485 1036 2540 τῶν
1089 2486 1386 2558 προφητῶν
1415 2486 1689 2560 διαφέρων

133 2575 318 2631 δύναται
373 2579 549 2652 χωρὶς
602 2577 897 2651 προφητῶν
955 2578 1380 2651 μαρτυρούντων
1437 2579 1505 2633 τά
1558 2581 1688 2651 περ).

132 2669 263 2722 αὐτοῦ
301 2670 494 2724 άνῦσαι
528 2670 559 2724 δ
595 2669 866 2742 βούλεται,
898 2672 994 2724 καὶ
1027 2671 1304 2743 ὠφελῆσαι
1344 2671 1405 2726 τὸ
1444 2671 1554 2726 τῶν
1594 2675 1689 2726 άν⁴

133 2760 330 2833 θρὼπων
373 2764 567 2833 γένος;
614 2763 918 2836 Παρέλκειν
945 2759 1038 2818 οὖν
1069 2763 1269 2819 οἴονται
1302 2765 1362 2819 τὸ
1403 2766 1510 2819 ὑπὸ
1551 2784 1685 2839 προ-

134 2857 284 2926 φητῶν
336 2859 502 2914 αύτὸν
565 2857 881 2930 νομίζεσθαι
955 2858 1468 2930 προκατηγγέλθαι,
1525 2859 1686 2914 τοῦτο

133 2951 702 3023 πραγματευσαμένων,
740 2950 814 3016 ῶς
845 2952 1051 3005 εἴποιεν
1085 2950 1151 3005 ἂν
1185 2953 1405 3019 ἐκεῖνοι,
1438 2949 1546 3007 τῶν
1585 2951 1685 3025 τὴν

133 3045 383 3116 καινότητα
413 3045 519 3116 τῆς
555 3043 808 3116 θεότητος
836 3043 1244 3117 παραδέξασθαι
1273 3044 1400 3108 τοὺς
1441 3047 1523 3109 εἰς
1550 3045 1684 3117 Χρι-

133 3137 230 3191 στὸν
267 3138 618 3202 πιστεύοντας
655 3139 715 3193 ού
752 3137 1108 3209 βουλομένων,
1147 3137 1283 3191 ἀλλὰ
1314 3136 1409 3190 ἐπὶ
1441 3137 1534 3191 τὸν
1584 3139 1684 3191 αὐ·
1711 3171 1754 3227 c

130 3232 199 3282 τὸν
226 3232 555 3302 καταντῆσαι
614 3230 767 3294 Θεὸν,
798 3230 858 3284 ὃν
905 3231 1001 3285 κα)⁸
1053 3228 1162 3302 πρὸ
1205 3227 1382 3300 Ἰησοῦ
1444 3230 1684 3302 Μωῦσῆς

130 3323 205 3376 καὶ
224 3325 267 3378 οἱ
294 3325 568 3396 προφῆται
606 3321 872 3388 ἐδίδαξαν.
899 3321 1132 3378 Λεκτέον
1159 3317 1253 3375 οὖν
1294 3321 1430 3392 πρὸς
1463 3321 1682 3386 αὐτοὺς,

130 3415 210 3478 ὅτι,
249 3415 445 3469 πολλῶν
486 3415 682 3470 αἰτίων
727 3414 1039 3486 δυναμένων
1092 3413 1347 3483 γενέσθαι
1385 3413 1686 3484 προκαλουο

134 3507 276 3577 ιιίἑνων
299 3510 372 3572 εἰς
397 3507 458 3562 τὸ
501 3506 806 3571 πιστεύειν,
835 3503 1008 3559 ἐνίοτέ
1041 3521 1203 3557 τινων
1241 3503 1350 3557 άπὸ
1383 3503 1542 3574 τῆσδε
1581 3501 1682 3574 μὲν

132 3600 209 3670 τῆς
248 3602 572 3668 ἀποδείξεως
617 3600 678 3654 οὔ
727 3597 1146 3670 πληττομένων,
1194 3595 1303 3649 ἀπὸ
1354 3595 1548 3666 ἐτέρας
1601 3594 1684 3659 δὲ,

133 3692 247 3763 ἔχειν
279 3695 363 3746 τὸν
403 3694 540 3748 Θεὸν
572 3692 826 3756 πλείονας
871 3690 1128 3764 ἀφορμάς
1180 3687 1490 3760 ἀνθρώποις
1545 3704 1686 3759 παρ-

133 3793 266 3862 έχειν,
315 3796 398 3849 ἵνα
443 3792 799 3866 παραδεχθῇ,
844 3793 928 3846 ὅτι
961 3791 1094 3854 Θεὸς
1126 3793 1154 3844 ό
1195 3789 1337 3860 ὑπὲρ
1387 3789 1566 3842 πάντα
1616 3786 1684 3840 τά

133 3886 301 3956 γενητὰ
358 3885 805 3958 ὲνηνθρώπησεν.
858 3883 1136 3954 Ἐναργῶς
1190 3881 1320 3952 γοῦν
1353 3879 1499 3934 ἔστιν
1557 3880 1684 3933 ἰδεῖν

133 3995 254 4041 τινας
277 3981 334 4032 ὲκ
352 3979 458 4034 τῶν
487 3976 847 4052 προφητικῶν
871 3976 1228 4048 προρρήσεων
1259 3974 1338 4038 είς
1366 3972 1685 4044 θαυμασμὸν

131 4070 205 4124 τοῦ
228 4072 449 4143 Χριστοῦ
484 4072 600 4144 (17)
633 4071 981 4144 ἐρχομένους,
1017 4067 1561 4140 καταπληττομένους
1585 4066 1684 4136 τὴν

133 4163 218 4217 τῶν
245 4166 506 4220 τοσούτων
558 4164 670 4237 πρὸ
724 4162 890 4217 αὐτοῦ
937 4161 1234 4235 προφητῶν
1287 4159 1490 4231 φωνὴν,
1534 4175 1682 4212 συνι-

135 4258 299 4311 στάσαν
326 4258 487 4312 τόπον
514 4257 783 4326 γενέσεως
805 4253 991 4320 αὑτοῦ,
1017 4253 1113 4308 καὶ
1141 4251 1327 4325 χώραν
1351 4249 1679 4322 ἀνατροφῆς,

134 4351 205 4402 καὶ
250 4353 392 4422 ίσχὸν
463 4348 854 4412 διδασκαλίας,
902 4343 1186 4416 δυνάμεὼν
1253 4360 1313 4397 τε
1363 4342 1682 4414 θαυμασίων

136 4442 314 4514 ποίησιν
350 4445 443 4498 καὶ
476 4443 652 4506 πάθος
693 4439 1030 4511 ἀνθρώπινον
1064 4435 1170 4490 ὑπὸ
1199 4435 1551 4499 ἀναστάσεως
1584 4452 1683 4488 κα-

1795 1929 1960 1998 giosis
1996 1937 2052 1984 et
2105 1929 2446 1989 admirandis
2495 1933 2774 2002 operibus,
2836 1949 2956 2004 quae
2997 1935 3083 1991 vel
3144 1935 3381 2006 quemli-
3453 1961 3463 1970 -

1795 2018 1884 2073 bet
1909 2033 1974 2073 ex
2009 2033 2069 2075 se
2113 2029 2420 2090 perterrere
2444 2031 2728 2093 poterant;
2763 2034 2818 2080 et
2841 2025 3028 2082 dicunt
3057 2041 3072 2078 :
3110 2026 3170 2081 Si
3201 2025 3377 2099 Moysi

1793 2110 1906 2182 87
1944 2113 2132 2169 habita
2203 2113 2308 2171 fuit
2355 2113 2507 2181 ﬁdes,
2555 2118 2825 2174 sermonis
2877 2117 3208 2190 virtutisque
3255 2135 3381 2192 gra-

1796 2205 1890 2270 tia,
1922 2204 2090 2261 nullis
2119 2207 2337 2276 praeviis
2384 2208 2616 2265 testibus
2642 2213 2734 2281 qui
2767 2211 2944 2282 ipsum
2977 2212 3374 2268 annuntiarent

1791 2298 1994 2368 egenti,
2030 2309 2195 2368 atque
2228 2301 2393 2355 etiam
2439 2303 2831 2372 prophetarum
2879 2306 3258 2377 unusquisque
3286 2319 3378 2359 re-

1791 2399 1983 2461 ceptus
2016 2405 2044 2446 a
2082 2391 2280 2462 populo
2305 2392 2429 2460 fuit,
2460 2393 2625 2450 veluti
2649 2411 2679 2450 a
2717 2396 2827 2452 Deo
2848 2396 3068 2463 missus,
3102 2400 3380 2470 quomodo

1792 2480 1977 2554 Moyse
2029 2491 2191 2553 atque
2239 2485 2522 2555 prophetis
2579 2487 2927 2557 praestantior
2987 2503 3096 2544 non
3176 2491 3378 2560 poterit

1791 2572 1995 2642 absque
2008 2573 2287 2645 prophetis
2300 2575 2365 2630 de
2379 2574 2556 2646 seipse
2577 2575 2996 2635 tesulicantibus
3013 2579 3224 2636 facilius
3234 2581 3380 2651 quod

1790 2663 1918 2719 velit
1956 2666 2219 2736 perlicere
2251 2675 2308 2722 et
2340 2667 2622 2724 hominum
2658 2671 2844 2741 generi
2873 2672 3190 2744 adiumento
3215 2672 3380 2730 esse?

1790 2756 2135 2828 Superﬂuum
2159 2773 2291 2829 ergo
2321 2774 2444 2816 esse
2475 2761 2628 2818 aiunt
2665 2762 3008 2829 existimare,
3039 2778 3070 2819 a
3093 2765 3374 2836 prophetis

1789 2865 1910 2906 eum
1964 2853 2390 2920 praenuntiatum
2449 2855 2640 2921 fuisse,
2675 2855 2768 2926 qui
2803 2858 2870 2912 de
2921 2857 3026 2912 hoc
3050 2857 3201 2914 anxii
3233 2857 3376 2914 fuis-

1787 2951 1934 3008 sent,
1960 2943 2036 3010 si,
2069 2953 2125 2999 ut
2153 2943 2228 3000 illi
2261 2945 2530 3011 dicerent,
2577 2946 2888 3004 noluissent
2925 2948 3230 3006 divinitatis
3270 2966 3374 3006 no-

1785 3037 2008 3094 vitatem
2034 3037 2245 3096 admitti
2275 3054 2304 3094 a
2331 3039 2686 3097 credentibus
2713 3040 2767 3096 in
2801 3040 3108 3109 Christum,
3147 3045 3244 3100 sed
3275 3059 3376 3102 eos

1788 3130 2076 3198 pervenire
2107 3131 2173 3185 ad
2205 3131 2380 3200 ipsum
2413 3131 2582 3188 Deum
2604 3173 2620 3197 .
2643 3149 2806 3204 quem
2839 3133 3003 3191 etiam
3031 3143 3160 3194 ante
3179 3135 3369 3193 Iesum

1789 3221 2004 3294 Moyses
2025 3231 2081 3278 et
2104 3225 2380 3295 praphetae
2407 3225 2741 3283 docuissent.
2765 3225 3128 3295 Quamobrem
3156 3244 3378 3300 respon-

1787 3315 2025 3373 dendum
2051 3326 2138 3374 est
2161 3317 2267 3375 illis
2285 3317 2428 3388 quod
2461 3319 2644 3376 multa:
2671 3335 2849 3377 causa:
2867 3335 2991 3378 esse
3012 3337 3136 3378 cum
3152 3329 3375 3393 posSent

1789 3422 1910 3478 quae
1940 3409 2008 3464 ad
2041 3409 2374 3466 credendum
2424 3411 2739 3479 invitarent,
2781 3423 2838 3471 et
2860 3413 3132 3470 interdum
3155 3414 3374 3486 aliquos

1795 3501 1885 3572 qui
1927 3502 1996 3557 ah
2026 3517 2132 3558 una
2171 3502 2564 3560 miraculorum
2606 3504 3074 3563 demonstratione
3102 3523 3209 3564 non
3247 3524 3371 3579 per-

1789 3593 2141 3660 cellcrentur,
2155 3595 2226 3652 ab
2242 3596 2348 3651 alia
2368 3597 2835 3654 demonstratione
2857 3599 3186 3670 permoveri,
3209 3614 3375 3671 posse

1791 3687 1959 3742 Deum
1995 3687 2308 3759 complures
2334 3703 2530 3746 causas
2557 3689 2872 3747 hominibus
2903 3693 3146 3762 praebere
3181 3702 3240 3748 ut
3269 3697 3370 3749 ad-

1789 3779 2013 3835 mittant
2039 3779 2234 3848 Deum,
2283 3782 2376 3852 qui
2417 3791 2500 3838 est
2535 3797 2700 3853 super
2729 3785 2912 3840 omnia
2946 3787 3152 3857 genita,
3181 3786 3375 3843 huma-

1789 3887 1914 3926 nam
1959 3875 2326 3944 assumpsisse
2366 3886 2645 3931 naturam.
2696 3875 2852 3932 Unde
2896 3877 3060 3932 etiam
3087 3878 3374 3935 evidenter

1787 3978 2012 4021 cernere
2053 3977 2141 4021 est
2182 3967 2474 4023 nonnullos
2500 3983 2584 4022 rex
2625 3969 2960 4039 propheticis
2997 3970 3279 4027 vaticiniis
3313 3972 3367 4027 in

1787 4057 2205 4114 admirationem
2239 4059 2444 4116 Christi
2484 4061 2690 4126 venire,
2728 4070 2806 4116 tot
2833 4063 3243 4134 prophetarum,
3270 4064 3368 4135 qui

1787 4157 1916 4204 ante
1941 4149 2116 4219 ipsum
2142 4151 2380 4218 fuerunt,
2410 4153 2690 4222 perculsos
2712 4167 2844 4210 voce
2869 4154 3184 4210 stabiliente
3208 4158 3369 4227 quid-

1786 4238 1915 4308 quid
1945 4241 2013 4294 ad
2047 4240 2223 4296 locum
2255 4243 2493 4312 pertinet
2521 4243 2575 4298 in
2605 4257 2714 4313 quo
2743 4243 2963 4314 genitus
2989 4243 3124 4310 fuit,
3158 4255 3216 4302 et
3245 4261 3366 4302 eam

1787 4334 1955 4390 etiam
1986 4335 2263 4406 regionem
2292 4335 2346 4390 in
2378 4351 2483 4406 qua
2508 4337 2784 4392 enutritus
2809 4337 2933 4402 fuit,
2965 4347 3021 4393 et
3045 4337 3156 4393 vim
3196 4338 3369 4410 ipsius

1787 4428 2074 4496 doctrinae,
2104 4438 2159 4483 et
2193 4442 2374 4484 rerum
2422 4429 2820 4484 admirabilium
2868 4430 3266 4500 operationem,
3302 4448 3368 4488 ac

134 4530 438 4602 ταλυόμενον.
485 4532 598 4585 Καὶ
643 4529 802 4584 τοῦτο
831 4530 886 4583 δὲ
920 4526 1302 4589 ἐπισκεπτέον,
1350 4527 1432 4579 ὅτι
1481 4528 1535 4578 αί
1584 4525 1682 4595 μὲν

1795 4520 2028 4590 denique
2076 4519 2382 4590 passionem
2432 4520 2722 4574 humanam
2762 4535 2793 4573 a
2839 4522 3244 4578 resurrectione
3274 4524 3368 4578 de-

135 4623 366 4693 τιράστιοι
407 4625 671 4695 δυνάμεις
701 4623 827 4685 τοὺς
874 4621 1016 4676 κατά
1059 4620 1150 4674 τὸν
1183 4617 1370 4692 χρόνον
1409 4615 1504 4669 τοῦ
1552 4617 1683 4688 Χρι-

137 4712 236 4766 στοῦ
290 4714 615 4786 γενομένους
682 4708 1071 4784 προκαλεῖσθαι
1137 4706 1226 4759 ἐπὶ
1293 4704 1354 4759 τὸ
1407 4701 1682 4757 πιστεύειν

136 4805 376 4860 ἐδύναντο·
407 4808 510 4861 οὐκ
546 4805 750 4871 ἔσωζον
778 4803 835 4858 δὲ
865 4801 927 4856 τὸ
958 4799 1258 4872 ὲμφατικὸν
1289 4796 1425 4868 μετά
1458 4795 1684 4867 χρόνους

137 4897 367 4965 πλείονας,
401 4900 503 4972 ήδη
550 4898 649 4953 καὶ
701 4895 901 4968 μύθους
943 4889 1083 4947 εἶναι
1124 4888 1516 4961 ύπονοηθείσας
1547 4886 1682 4957 (18).

138 4990 290 5046 Πλεῖον
314 4993 419 5066 γάρ
444 4991 559 5046 τῶν
584 4991 706 5045 τότε
728 4987 1037 5059 γενομένων
1059 4983 1341 5054 δυνάμεων
1373 4982 1545 5052 ἰσχύει
1569 4979 1679 5050 (19)

140 5084 245 5154 πρὸς
284 5085 446 5140 πειθὼ
497 5088 533 5156 ή
579 5082 676 5137 νῦν
729 5075 1191 5149 συνεξεταζομένη
1248 5075 1368 5137 ταῖς
1420 5071 1679 5142 δυνάμεσι

141 5179 419 5248 προφητεία,
462 5176 727 5238 κάκείνας
763 5170 1104 5228 ἀπιστεῖσθαι
1134 5165 1239 5221 ὑπὸ
1283 5164 1388 5220 τῶν
1421 5161 1682 5235 ἐρευνών-

141 5281 221 5320 των
247 5269 400 5333 αὑτάς
444 5267 754 5323 κωλύουσα.
795 5265 949 5337 Τάχα
984 5263 1041 5317 δὲ
1075 5262 1130 5315 αί
1164 5256 1496 5331 προφητικα).
1541 5272 1682 5326 μαρο

143 5363 284 5432 τνρίαι
322 5366 378 5418 οὐ
434 5367 599 5437 μόνον
638 5360 974 5434 κηρύσσουσι
1031 5354 1263 5428 Χριστὸν
1309 5350 1678 5422 ἐλευσόμενον,

193 5457 389 5516 uBoni.
422 5477 497 5525 vr,
532 5460 590 5516 5.
665 5459 713 5491 “
736 5457 891 5514 Joan.
921 5473 960 5519 I,
993 5455 1046 5508 7.

197 5553 289 5622 (l5)
324 5555 428 5608 Καὶ
455 5553 558 5607 διὰ
600 5550 796 5606 τοῦτο.
845 5549 937 5622 Ιιπῂ
965 5548 1133 5603 codex
1170 5542 1527 5608 Bodleianus;
1575 5538 1679 5594 Be-

145 5619 306 5697 giuset
335 5624 816 5697 Βητὺετίηυξηκαὶ
848 5619 1026 5697 τοῦτο.
1089 5689 1130 5697 __
1171 5687 1184 5697 _
1268 5685 1299 5697 Α.
1347 5683 1358 5695 ,
1437 5681 1448 5694 _

196 5694 288 5762 (16)
328 5696 447 5749 Τῶὸ⁹
470 5692 839 5762 ἑτεροδόξων
874 5690 1052 5756 τινές.
1089 5687 1474 5762 Valentiniani.

322 5754 604 5835 Χριστοῧ.
637 5754 816 5838 Codex
858 5754 1204 5838 Qadleianus,
1232 5754 1491 5838 Ιςυρίου.Λ
1525 5823 1546 5838 .

197 5821 289 5907 (ιε)
334 5821 818 5906 Ῠπονοηθεισας.
876 5821 1199 5904 Legendum
1257 5821 1675 5898 ὑπονοηθεῖσαι,

1791 4619 2081 4667 struetam.
2100 4610 2240 4678 Quin
2269 4613 2371 4668 hoc
2389 4626 2604 4682 quoque
2633 4611 3083 4668 considerandum
3110 4621 3193 4670 est
3219 4615 3365 4685 quod

1789 4705 2110 4774 prodigiosae
2139 4715 2195 4760 et
2235 4705 2566 4760 admiranda:
2594 4706 2872 4774 potentiae,
2901 4720 2996 4761 eus
3019 4707 3238 4775 quidem
3271 4705 3366 4774 qui

1789 4799 2003 4854 Domini
2048 4807 2211 4854 aetate
2261 4799 2638 4865 exstitissent,
2698 4798 2936 4853 invitare
2994 4805 3248 4868 poterant
3294 4800 3363 4853 ad

1788 4890 2144 4956 credendum,
2185 4897 2241 4944 at
2282 4903 2389 4944 non
2419 4898 2735 4944 servassent
2763 4897 2882 4958 post
2909 4887 3077 4941 multa
3119 4894 3363 4956 tempora

1790 4985 2097 5039 evidentem
2125 4981 2671 5046 demonstrationem,
2721 4993 2843 5034 cum
2883 4991 2962 5032 etc
3004 4991 3220 5048 quoque
3243 4978 3356 5049 jam

1790 5089 1889 5145 pro
1916 5073 2118 5130 fabulis
2147 5087 2287 5144 pene
2313 5072 2637 5128 habeantur.
2675 5069 2803 5124 Plus
2827 5069 2972 5124 enim
3004 5070 3264 5138 potentiis
3296 5087 3363 5128 ac

1795 5163 2073 5220 miraculis
2125 5163 2275 5218 illius
2323 5161 2584 5231 temporis
2624 5160 2796 5230 potuit
2829 5160 2894 5213 ad
2927 5159 3357 5228 persuadendum

1791 5255 2073 5326 prophetia
2096 5293 2111 5320 ,
2145 5269 2266 5326 quae
2296 5267 2438 5308 nunc
2465 5267 2586 5307 cum
2616 5251 2880 5321 potentiis
2925 5251 3058 5321 ipsis
3098 5260 3153 5306 et
3191 5253 3360 5308 mira-

1788 5348 1926 5405 culis
1971 5349 2294 5420 expenditur
2332 5356 2388 5402 et
2425 5354 2798 5415 comparatur,
2855 5343 3189 5400 conﬁrmans
3233 5360 3361 5416 prn-

1790 5551 1916 5590 nam
1953 5533 2004 5588 id
2047 5531 2290 5602 postulat
2346 5530 2714 5602 grammaticae
2758 5530 2918 5596 ratio,
2963 5544 3128 5602 quam
3175 5537 3357 5584 tamen

1790 5605 2012 5673 negligit
2043 5600 2332 5673 aliquando
2365 5600 2648 5673 Origenes.

1861 5670 1972 5745 (19')
2027 5674 2260 5745 Ἰσχύει.
2297 5672 2391 5729 Sic
2436 5670 2606 5730 codex
2646 5671 3004 5739 Bodleianus;
3049 5670 3252 5740 Regius
3303 5681 3358 5728 et

1787 5742 2136 5814 Burberinus,
2167 5742 2329 5815 ἴσχει.
