3856 6542
134 556 224 612 ΓΠ
1219 559 1580 618 COMMENT.
1619 560 1688 616 IN
1720 560 1915 618 JOAN.
1954 562 2193 621 TOMUS
2226 564 2290 620 ll.
3291 570 3391 627 I78

127 679 267 747 δαίᾳ,
313 678 406 733 καὶ
461 679 748 753 Σαμαρείᾳ
798 683 892 737 καὶ
926 683 1030 749 ἕως
1079 686 1309 758 ἐσχάτου
1370 688 1469 760 τῆς
1521 688 1681 759 ﬁgi

1806 691 1890 747 nis
1942 692 2023 747 sui
2087 690 2352 748 effusione
2418 691 2641 762 pietatis
2694 691 2958 762 mysterio
3020 692 3389 752 testimonium

130 774 269 826 Ἔστι
314 772 371 826 δὲ
409 772 606 846 ὥσπερ
653 776 681 828 6
714 776 1012 849 καθαρθεὶς
1072 776 1272 851 λεπρὸς
1303 781 1363 835 τὸ
1408 799 1678 854 προστετα

1814 786 2189 855 perhiberent.
2228 783 2494 840 Set-valor
2523 784 2670 839 cnim
2696 786 2863 841 etiam
2910 785 3157 841 nominat
3203 802 3393 845 omnes

124 868 432 938 γμὲνονύπὸ
459 871 741 936 Μωῦσέως
762 873 1053 947 προσάγων
1077 874 1271 947 δῶρον,
1295 878 1375 939 είς
1399 877 1681 950 μαρτύριοι

1813 878 2186 933 testimonium
2237 881 2543 949 praebentes
2577 877 2663 946 iis,
2692 894 2813 947 qua:
2857 880 2924 933 de
2964 894 3024 935 se
3063 881 3393 936 annuntian-

123 960 266 1015 τοῦτο
295 962 465 1015 ποιῶν
512 966 626 1027 τοῖς
659 965 733 1037 μὴ
781 966 1136 1020 πιστεύσασιν
1179 969 1261 1032 εἰς
1306 969 1397 1022 τὸν
1444 970 1677 1042 Χριστὸν

1811 980 1920 1035 tur,
1963 952 2274 1044 μάρτυρας.
2310 988 2432 1028 cum
2472 973 2523 1028 in
2560 974 2756 1030 cmlnm
2801 974 3135 1045 reciperetur
3162 977 3392 1033 dicendo

122 1054 278 1121 0km;
307 1057 389 1120 εἰς
420 1058 722 1130 μαρτύριον
748 1061 863 1125 τοῖς
890 1060 1141 1126 ἀπίστοις
1166 1064 1215 1116 ei
1250 1063 1528 1138 μάρτυρες
1567 1082 1681 1136 μαρ

1811 1066 2072 1136 apostolis
2108 1066 2152 1101 ³⁸
2186 1085 2200 1121 :
2236 1084 2255 1118 ι
2287 1064 2456 1121 Erilis
2482 1066 2612 1120 mihi
2640 1076 2807 1121 testes
2830 1075 2945 1121 tum
2970 1068 3025 1122 in
3060 1066 3388 1133 Jerusalem,

124 1149 351 1221 τυροῦσι,
398 1153 495 1205 καὶ
530 1152 732 1217 πάντες
772 1155 822 1207 οἱ
863 1154 1031 1226 ἅγιοι,
1072 1150 1147 1210 ὧν
1183 1157 1390 1229 λάμπει
1441 1157 1511 1211 τὰ
1562 1158 1681 1230 ἔργα

1810 1165 1923 1211 ttun
1962 1157 2015 1211 in
2048 1156 2195 1212 omni
2219 1156 2437 1223 Judtea,
2466 1166 2522 1212 et
2564 1157 2679 1229 89
2725 1156 3004 1224 Samaria,
3035 1167 3090 1213 et
3117 1174 3291 1229 usque
3318 1159 3386 1216 ad

122 1240 413 1312 ἔμπροσθεν
441 1244 551 1298 τῶν
581 1245 885 1318 ἀνθρώπων
905 1265 918 1279 ⁸
948 1248 1318 1305 πολιτεύονται
1343 1252 1454 1325 γὰρ
1484 1256 1681 1327 «appr;-

1806 1250 2056 1306 ultlmum
2083 1260 2263 1308 teme.
2290 1271 2310 1304 ι
2345 1250 2614 1308 Utautem
2637 1254 2881 1322 leprosos
2914 1252 3002 1307 ille
3023 1252 3069 1285 ³⁸
3095 1253 3391 1309 mundatus

126 1336 420 1405 σωζόμενοι
460 1340 520 1392 ὲν
554 1338 633 1411 τῷ
676 1342 897 1413 σταυρῷ
928 1343 1024 1398 τοῦ
1055 1345 1313 1418 Χριστοῦ,
1350 1348 1443 1400 καὶ
1486 1364 1695 1420 μαρτυ-

124 1426 328 1498 ροῦντες
357 1431 489 1502 περὶ
512 1431 609 1486 τοῦ
640 1432 897 1506 ἀληθινοῦ
926 1438 1125 1508 φωτός.

1806 1359 2004 1399 munus
2039 1344 2203 1399 oll'crt
2233 1359 2263 1400 a
2299 1344 2486 1417 Moyse
2516 1356 2871 1416 praeceptum,
2907 1346 2975 1400 ad
3014 1345 3385 1403 testimonium

1804 1439 1909 1495 hoc
1957 1439 2170 1494 faciens
2214 1438 2281 1494 iis
2309 1439 2403 1509 qui
2449 1438 2500 1493 in
2542 1437 2819 1494 Christum
2856 1441 3097 1495 nondum
3134 1437 3385 1494 credide-

124 1529 265 1587 runt,
312 1522 395 1577 sic
434 1523 504 1577 ad
552 1525 925 1605 testimonium
967 1528 1301 1586 afferendum
1349 1531 1693 1599 inﬁdelibus,
1738 1540 1849 1588 tum
1893 1541 2199 1603 martyres,
2243 1542 2354 1586 tum
2400 1532 2577 1587 sancti
2614 1531 2795 1587 caeteri
2840 1532 3221 1596 testiﬁcantur,
3250 1545 3411 1602 quo:

124 1628 224 1666 rum
253 1629 420 1686 opera
457 1632 645 1673 coram
675 1618 989 1681 hominibus
1022 1624 1201 1681 lucent
1236 1626 1299 1682 ³⁸.
1359 1628 1535 1683 Vitam
1575 1627 1720 1684 enim
1769 1629 1991 1700 degunt,
2034 1628 2085 1682 in
2127 1629 2331 1685 Christi
2370 1644 2534 1684 cruce
2579 1643 2846 1683 summam
2890 1627 3144 1683 fiduciam
3183 1628 3389 1684 haben-

123 1714 195 1760 tes
221 1716 274 1761 et
302 1707 670 1765 testiﬁcantes
693 1711 760 1768 de
787 1728 911 1767 vera
949 1715 1091 1771 luce.

181 1799 263 1855 29.
284 1800 394 1856 Kal.
417 1803 673 1877 Ἰωάννης
696 1808 877 1862 τοίνυν
896 1804 1079 1883 ἦλθεν,
1100 1812 1187 1867 ἵνα
1218 1817 1544 1889 μαρτυρήσῃ
1568 1815 1695 1887 περῖ

1872 1810 1965 1867 29.
2008 1809 2075 1865 Et
2117 1807 2356 1863 Joannes
2395 1822 2526 1879 ergo
2576 1806 2744 1874 venit,
2788 1814 2847 1862 ut
2902 1805 3290 1862 testiﬁcaretur
3320 1808 3388 1864 de

119 1892 203 1944 τοῦ
232 1896 426 1963 φωτὸς,
456 1896 516 1962 ὃς
550 1900 841 1972 μαρτυρῶν
875 1904 1116 1975 κέκραγε
1147 1905 1320 1976 λέγων
1340 1925 1352 1938 ·
1388 1928 1406 1959 ι
1429 1908 1487 1962 Ὀ
1518 1908 1681 1962 όπίσιι

1804 1903 1923 1959 luce
1950 1903 2064 1966 illa,
2089 1901 2181 1972 qui
2217 1901 2516 1957 testillcans
2562 1900 2823 1956 clamavit
2875 1903 3063 1957 dicens
3094 1901 3139 1935 ³⁸
3174 1920 3191 1959 :
3226 1921 3245 1955 t
3279 1903 3386 1970 Qui

123 2002 213 2054 μου
252 1987 547 2059 ἐρχόμενος
593 1991 905 2066 ἔμπροσθέν
940 2014 1040 2069 μου
1084 1998 1327 2068 γέγονεν.
1356 2000 1439 2054 ὅτι
1481 2001 1681 2072 πρῶτός

1802 2004 1922 2065 post
1964 2010 2050 2049 me
2085 1994 2255 2057 venit,
2300 2001 2435 2047 ante
2485 2007 2571 2047 me
2617 1992 2803 2048 factus
2840 2003 2945 2056 est,
2987 1994 3116 2063 quia
3144 2010 3230 2051 me
3266 2009 3387 2051 erat

370 2082 453 2135 ὅτι
478 2084 543 2138 ἐκ
576 2085 669 2138 τοῦ
702 2086 1066 2163 πληρώματος
1089 2092 1253 2146 αὐτοῦ
1295 2094 1455 2165 ἡμεῖς
1498 2094 1681 2159 πάντες

1800 2086 2161 2149 honoratior,
2201 2085 2466 2157 quoniam
2502 2100 2566 2140 ex
2611 2084 2950 2156 plenitudine
2983 2086 3101 2157 ejus
3134 2102 3235 2143 nos
3267 2102 3388 2142 orn--

122 2169 389 2244 ἐλάϐομεν,
439 2175 533 2230 καὶ
566 2178 725 2250 χάριν
763 2179 884 2234 ἀντὶ
925 2183 1144 2257 χάριτος
1167 2201 1179 2211 ’
1230 2185 1311 2239 ὃτι
1341 2188 1370 2239 6
1414 2185 1577 2258 νόμος
1606 2186 1681 2241 διᾶ

1798 2196 1896 2237 nes
1926 2181 2263 2252 accepimus,
2296 2187 2351 2233 et
2375 2180 2609 2250 gratiam
2640 2194 2738 2250 pro
2769 2180 2981 2249 gratia:
3005 2180 3263 2250 quoniam
3297 2180 3383 2236 lex

121 2263 380 2331 Μωῦσέως
430 2268 608 2341 ἐδόθη,
641 2272 675 2342 ἡ
720 2272 880 2345 χάρις
927 2275 1022 2328 καὶ
1055 2278 1087 2347 ἡ
1121 2275 1479 2348 ἀλήθεια’διὰ
1518 2277 1681 2349 Ἰησοῐ

1796 2290 1899 2345 per
1934 2273 2175 2346 Moysen)
2211 2274 2338 2328 data
2370 2283 2486 2339 est;
2519 2275 2694 2344 gratia
2728 2282 2912 2327 autem
2959 2283 3014 2328 et
3055 2274 3258 2328 veritas
3288 2287 3384 2343 per

119 2355 340 2426 Χριστοῦ
386 2360 627 2430 ἐγένετο,
670 2364 803 2419 Θεὸν
859 2366 1036 2433 οὐδεὶς
1094 2369 1306 2441 ἑώρακε
1362 2368 1611 2425 πώποτεσ
1665 2372 1681 2425 ἐ

1794 2364 1979 2422 Jesutn
2015 2367 2295 2421 Christum
2342 2365 2487 2421 facta
2538 2375 2643 2422 est.
2684 2367 2851 2421 Deum
2894 2380 3057 2421 nemo
3101 2365 3239 2420 vidit
3284 2379 3384 2418 un-

119 2448 409 2524 Μονογενὴς
439 2452 574 2519 Θεὸς
617 2457 647 2510 6
692 2457 768 2511 ὢν
811 2460 892 2524 εἰς
934 2460 1026 2514 τὸν
1077 2461 1277 2515 κόλπον
1319 2461 1413 2517 τοῦ
1446 2463 1690 2536 Πατρὸς,

118 2543 305 2607 ἐκεῖνος
353 2544 683 2620 ἐξηγήσατο.
715 2570 734 2605 ι
779 2551 896 2617 Πᾶς
958 2553 1090 2624 γοῦν
1140 2550 1295 2619 οὗτος
1340 2556 1368 2609 6
1416 2554 1572 2625 λόγος
1628 2560 1693 2611 ὲκ

117 2635 390 2706 προσώπου
422 2640 518 2694 τοῦ
558 2641 865 2701 Βαπτιστοῦ
916 2648 1324 2722 μαρτυροῦντος
1360 2651 1439 2724 τῷ
1467 2651 1692 2725 Χριστῷ

118 2730 340 2801 εἴρηται,
388 2734 527 2809 ὅπερ
575 2735 827 2795 λανθάνει
873 2742 1026 2809 τινὰς
1080 2745 1359 2817 οἰομένους
1405 2747 1514 2801 ἀπὸ
1555 2746 1685 2801 τοῦ·

123 2842 137 2872 ι
173 2824 259 2878 Ἐκ
291 2826 386 2880 τοῦ
422 2827 795 2902 πληρώματος
839 2835 1007 2891 αὐτοῦ
1055 2839 1216 2909 ἡμεῖς
1254 2840 1455 2905 πάντες
1498 2839 1691 2894 ἐλάϐο-

120 2932 221 2985 μεν,
243 2937 259 2968 ι
286 2918 393 2983 ἕως
424 2920 549 2975 τοῦ’
593 2942 612 2975 ι
638 2924 874 2990 Ἐκεῖνος
901 2926 1229 3002 ἐξηγήσατο,
1257 2950 1275 2983 ι
1301 2932 1367 2987 ὲκ
1396 2930 1491 2986 τοῦ
1530 2949 1692 3004 προσ-

118 3007 247 3062 ώπου
299 3012 551 3069 Ἰωάννου
594 3016 691 3071 τοῦ
745 3018 1045 3075 ἀποστόλου
1096 3022 1372 3092 λέγεσθαι.
1423 3025 1568 3097 Πρὸς
1622 3027 1688 3097 τῇ

117 3107 472 3180 προειρημένῃ
501 3108 559 3162 δὲ
593 3108 687 3164 τοῦ
720 3109 1028 3167 Βαπτιστοῦ
1065 3116 1341 3189 μαρτυρίᾳ
1388 3116 1690 3190 (ἀρχομένῃ

115 3195 207 3247 ἀπὸ
234 3196 359 3250 τοῦθ
403 3218 420 3251 ι
458 3200 517 3251 ’0
553 3202 731 3258 ὀπίσω
762 3222 861 3272 μου
895 3208 1187 3280 ἐρχόμενος
1234 3210 1541 3283 ἔμπροσθέν
1586 3227 1688 3282 μου

115 3289 301 3357 γέγονε,
324 3314 343 3342 ι
376 3295 469 3347 καὶ
497 3293 741 3372 ληγούσῃ
771 3299 849 3363 είς
873 3301 932 3354 τό
953 3316 966 3329 ⁸
990 3319 1009 3351 ι
1034 3302 1271 3368 Ἐκεῖνος
1300 3304 1625 3377 ἐξηγήσατο,
1641 3309 1687 3381 ι)

117 3382 195 3436 καὶ
240 3384 379 3458 αὕτη
423 3387 459 3460 ἡ
493 3390 772 3460 μαρτυρία
802 3392 949 3446 ἐστὶν
1000 3393 1248 3452 Ἰωάννου
1303 3398 1419 3469 μετ’
1467 3400 1684 3473 ἐκείνην

1793 2475 1960 2532 quam
1992 2482 2004 2516 :
2040 2458 2365 2529 Unigenitus
2386 2459 2478 2528 qni
2508 2468 2593 2514 est
2629 2458 2682 2512 in
2720 2458 2842 2513 sinu
2874 2457 3072 2523 Patris,
3098 2457 3191 2513 ille
3219 2471 3385 2513 enar-

1798 2555 1958 2611 ravit.
1995 2573 2014 2608 ι
2050 2554 2188 2610 Tota
2233 2566 2371 2623 ergo
2414 2555 2529 2608 hare
2558 2554 2736 2609 oratio
2761 2567 2825 2608 ex
2861 2552 3121 2625 Baptistae
3148 2567 3382 2624 persona

1796 2648 2054 2703 testantis
2086 2648 2153 2702 de
2181 2647 2408 2703 Christo
2437 2647 2582 2702 dicta
2614 2657 2719 2712 est,
2751 2646 2805 2701 id
2838 2647 2983 2717 quod
3017 2646 3216 2701 multos
3251 2645 3385 2703 latet

1795 2742 2089 2811 opinantes
2121 2742 2188 2796 ab
2217 2741 2325 2796 illis
2358 2742 2558 2806 verbis,
2596 2758 2616 2793 ι
2656 2755 2723 2795 ex
2756 2738 3094 2810 plenitudine
3136 2739 3257 2809 ejus
3283 2751 3383 2793 nos

1791 2848 1984 2888 omnes
2012 2834 2341 2903 accepimus,
2365 2850 2383 2884 ι
2407 2846 2579 2900 usque
2609 2830 2677 2884 ad
2720 2831 2832 2893 illa,
2864 2849 2881 2881 t
2921 2829 3009 2886 ille
3042 2830 3374 2895 enarravit,»

1793 2940 1855 2979 ex
1881 2924 2113 2980 Joannis
2132 2924 2359 2994 apostoli
2377 2938 2609 2993 persona
2629 2922 2772 2977 dicta
2795 2922 2983 2977 fuisse.
3009 2922 3217 2976 Praeter
3246 2931 3378 2975 ante

1791 3015 1995 3072 dietutn
2031 3031 2157 3072 vero
2184 3015 2438 3084 Baptistae
2492 3012 2864 3069 testimonium
2897 3010 3063 3085 (quod
3096 3010 3285 3081 incipit
3308 3010 3377 3065 ah

1792 3111 1899 3167 illis
1932 3092 2151 3167 verbis:
2179 3129 2199 3162 ι
2228 3110 2328 3179 Qui
2347 3119 2574 3181 postme
2588 3110 2899 3177 venit,ante
2918 3123 3002 3164 me
3023 3108 3200 3164 factus
3221 3116 3325 3172 est,
3351 3124 3371 3158 ι

1789 3212 1844 3261 et
1872 3205 2070 3261 desinit
2107 3206 2161 3259 in
2192 3206 2280 3261 illa
2312 3204 2508 3270 verba,
2533 3220 2554 3256 t
2584 3204 2677 3261 ille
2707 3206 2991 3261 enarravit
3014 3201 3239 3275 n)etiant
3273 3203 3377 3257 hoc

1789 3308 1875 3355 est
1930 3298 2300 3355 testiinoniqu
2358 3298 2586 3355 Joannis
2656 3307 2784 3370 post
2840 3297 2971 3353 illud
3028 3295 3372 3358 secundum,

1790 3395 2011 3462 quando
2042 3394 2108 3447 ad
2140 3409 2236 3449 eos
2261 3393 2352 3464 qui
2381 3393 2652 3450 miserunt
2676 3406 2746 3448 ex
2774 3390 3164 3461 Hierosolymis
3184 3401 3372 3444 sacer-

118 3474 349 3551 δεντέρα,
379 3482 469 3533 ὅτε
519 3480 660 3554 πρὸς
706 3482 833 3548 τοὺς
881 3486 1311 3554 ἀποστείλαντας
1358 3489 1419 3556 ἐξ
1463 3492 1681 3565 Ἱεροσο-

1793 3487 1949 3541 dotes
2001 3494 2052 3540 et
2080 3485 2296 3541 chitas
2328 3484 2521 3557 (Jndati
2560 3499 2755 3555 nempe
2786 3484 3053 3540 miserunt
3081 3481 3246 3551 illos),
3289 3478 3374 3534 fa-

115 3565 277 3637 λύμων
311 3571 497 3641 ἱερεῖς’
525 3572 622 3626 καὶ
672 3574 932 3645 Δευῖτας,
984 3578 1251 3633 Ἰουδαίων
1300 3580 1498 3647 αὐτοὺς
1548 3584 1683 3637 ἀπο·

117 3661 440 3731 στειλάντων,
473 3667 730 3739 ὁμολογεῖ
759 3671 861 3723 οὐκ
903 3672 1237 3745 ἀρνούμενος
1269 3676 1328 3729 1:6
1358 3676 1576 3750 ἀληθὲς,
1606 3678 1683 3743 ὡς

115 3753 203 3823 ἄρα
237 3757 333 3810 οὐκ
381 3758 549 3824 αὐτὸς
599 3761 684 3833 εἴη
718 3762 746 3814 6
777 3764 1032 3836 Χριστὸς,
1084 3767 1205 3821 οὐδὲ
1242 3767 1447 3835 Ἠλίας,
1482 3770 1605 3824 οὐδὲ
1649 3773 1677 3826 6

116 3850 399 3923 προφήτης,
441 3852 579 3906 ἀλλὰ
613 3871 633 3905 ι
660 3856 812 3929 φωνὴ
853 3856 1086 3928 βοῶντος
1119 3861 1178 3914 ὲν
1206 3863 1272 3934 τῇ
1318 3862 1548 3934 ἐρήμῳ·
1586 3863 1684 3918 Εὐ-

116 3936 285 3995 θύνατε
326 3942 427 4010 τὴν
476 3944 596 3999 ὁδὸν
654 3949 892 4021 Κυρίου,
948 3950 1132 4017 καθὼς
1180 3950 1331 4009 εἶπεν
1378 3956 1609 4022 Ἡσαΐας
1652 3960 1683 4013 6

118 4038 394 4106 προφήτης.
419 4056 439 4088 ι
473 4038 633 4092 Μετὰ
663 4040 720 4094 δὲ
752 4040 924 4097 ταῦτα
957 4043 1092 4115 ἄλλη
1134 4048 1411 4119 μαρτυρία
1449 4048 1544 4103 τοῦ
1586 4052 1683 4105 αὐ-

114 4123 191 4177 τοῦ
217 4127 518 4183 Βαπτιποῦ
544 4133 675 4203 περὶ
703 4134 937 4206 Χριστοῦ
964 4138 1102 4201 ἐστι,
1132 4139 1232 4210 τὴν
1263 4142 1682 4214 προηγουμένην

116 4216 256 4274 αὑτοῦ
286 4222 589 4278 ὑπόστασιν
617 4225 730 4298 (24)
771 4226 851 4281 ἔτι
879 4227 1224 4297 διδάσκουσα,
1259 4232 1553 4307 διήκουσαν
1589 4237 1683 4290 ἐπὶ

118 4311 266 4369 πάντα
296 4318 388 4372 τὸν
419 4320 647 4390 κόσμον,
680 4320 824 4375 κατὰ
851 4322 947 4389 τὰς
978 4323 1160 4397 ψυχὰς
1188 4324 1289 4390 τὰς
1319 4326 1565 4397 λογικὰς,
1591 4329 1680 4383 ὅτε

118 4408 254 4478 ςησξ·
293 4429 311 4461 ι
341 4411 528 4476 Msa-0;
562 4412 716 4483 ὑμῶν
756 4413 1008 4486 ἕστηκεν,
1045 4416 1104 4470 6v
1144 4418 1302 4489 ὑμεῖς
1334 4419 1435 4473 οὐκ
1477 4419 1678 4487 οἴδατε,

115 4497 263 4556 ὀπίσω
313 4520 419 4573 μου
465 4504 783 4577 ἐρχόμενος,
827 4501 888 4561 οὗ
934 4510 1035 4568 οὐκ
1075 4509 1198 4582 είμὶ
1235 4509 1385 4578 ἄξιος
1432 4509 1543 4582 ἐγὼ
1594 4514 1681 4568 ἴνα

116 4590 236 4647 ὶῦσω
268 4596 439 4650 αὑτοῦ
465 4596 557 4652 τὸν
586 4598 791 4675 ¹ἱμάντα
824 4598 919 4653 τοῦ
963 4601 1329 4674 ὐπώήματος.
1362 4623 1380 4656 ι
1417 4604 1529 4659 Καὶ
1561 4604 1682 4659 ἐπί·-

120 4686 285 4755 σκεψαι
315 4689 365 4741 εἰ
391 4687 483 4742 διὰ
515 4686 578 4741 τὸ
612 4689 672 4742 ὲν
708 4689 862 4762 μέσῳ
892 4690 987 4744 τοῦ
1023 4693 1227 4758 παντὸς
1261 4688 1399 4747 εἶναι
1427 4692 1681 4766 σώματος

118 4777 193 4847 τὴν
228 4782 478 4853 καρδίαν,
516 4782 576 4834 ὲν
614 4781 672 4835 δὲ
704 4785 770 4854 τῇ
818 4784 1014 4857 καρδίᾳ
1045 4784 1106 4840 τὸ
1152 4786 1475 4857 ἡγεμονικὸν
1527 4786 1674 4857 (25),

1788 3586 1961 3645 tetur,
1996 3593 2102 3633 non
2143 3593 2350 3649 negans
2381 3592 2570 3634 verum
2601 3578 2747 3647 quod
2797 3577 2912 3647 ipse
2946 3590 3053 3632 non
3089 3585 3237 3631 esset
3284 3574 3374 3629 ille

1778 3668 2062 3737 Christus,
2090 3686 2263 3741 neque
2292 3671 2459 3737 Elias,
2491 3686 2670 3741 neque
2690 3672 2952 3742 propheta
2984 3671 3095 3734 ille,
3112 3670 3206 3725 sed
3227 3686 3247 3721 ι
3268 3683 3372 3724 vox

1785 3764 2078 3819 clamantis
2108 3765 2159 3819 in
2196 3766 2416 3821 dtserto
2445 3783 2460 3820 :
2492 3764 2723 3835 Dirigite
2770 3766 2912 3818 viam
2952 3762 3193 3827 Domini,
3227 3763 3374 3817 sicut

1784 3858 1922 3912 dixit
1946 3856 2112 3914 Isaias
2138 3860 2404 3928 praplteta
2438 3857 2539 3914 ⁸⁸.»
2565 3857 2692 3913 POSt
2715 3858 2832 3912 haec
2859 3872 2987 3911 vero
3019 3855 3163 3911 aliud
3198 3854 3372 3925 ipsius

1784 3948 2041 4018 Baptista:
2078 3953 2146 4005 de
2187 3949 2407 4005 Christo
2451 3950 2826 4005 testimonium
2870 3958 2988 4012 est,
3033 3947 3174 4017 quod
3209 3948 3371 4002 docet

1783 4041 1949 4098 etiam
1972 4042 2142 4112 ipsius
2164 4042 2493 4112 praecipuam
2520 4040 2856 4113 hypostasim
2894 4040 3284 4112 pervadentem
3310 4040 3365 4094 in

1783 4146 2001 4187 omnem
2031 4133 2289 4188 annulum
2322 4144 2546 4202 propter
2579 4132 2792 4186 animas
2827 4131 3059 4187 rationis
3106 4142 3366 4201 capaces,

1784 4240 1907 4281 cum
1954 4226 2199 4297 inquit"
2230 4241 2244 4279 :
2275 4243 2295 4277 ι
2327 4226 2383 4281 ln
2438 4225 2621 4282 medio
2670 4225 2836 4281 vestri
2875 4234 3005 4291 stat,
3056 4239 3219 4296 quem
3271 4238 3369 4279 vos

1786 4318 2031 4383 nescitis,
2070 4318 2162 4389 qui
2200 4327 2321 4388 post
2356 4332 2441 4373 nte
2472 4315 2828 4387 venit,cujus
2855 4333 2962 4373 non
3000 4332 3121 4374 sum
3150 4332 3255 4389 ego
3282 4316 3369 4372 di-

1781 4424 1947 4480 gnus,
1978 4419 2038 4465 ut
2064 4410 2271 4465 solvam
2318 4409 2613 4480 corrigiam
2647 4409 3007 4465 calceamenti
3062 4410 3206 4481 ejus.
3247 4428 3269 4464 ι
3297 4409 3369 4463 At

1782 4504 2087 4569 considera,
2119 4518 2248 4558 num
2275 4503 2401 4573 quia
2426 4516 2523 4557 cor
2551 4503 2604 4557 in
2638 4501 2819 4558 modio
2858 4502 3026 4559 totius
3065 4503 3140 4558 sit
3176 4515 3368 4572 corpo-

1783 4597 1882 4661 ris,
1912 4596 2078 4665 inque
2100 4595 2266 4650 corde
2287 4594 2483 4650 anima:
2516 4594 2883 4666 principatus,
2912 4595 3046 4651 illud
3076 4594 3222 4667 quod
3248 4595 3359 4650 ait:

1787 4706 1806 4738 ι
1842 4686 1897 4742 In
1932 4688 2111 4743 medio
2143 4688 2311 4743 vestri
2345 4696 2490 4752 stat,
2535 4702 2697 4759 quem
2727 4702 2825 4745 vos
2851 4689 3094 4755 nescitis,
3141 4710 3160 4744 ι
3198 4688 3363 4744 intel-

1782 4781 1871 4852 Iigi
1895 4782 2067 4852 possit
2095 4782 2233 4836 ratio
2254 4796 2374 4851 quae
2394 4782 2449 4837 in
2476 4797 2804 4853 unoquoque
2828 4791 2933 4841 est.
2957 4782 3216 4850 Quartum
3234 4792 3364 4835 vero

118 4871 192 4924 ni
216 4848 315 4927 16v
335 4877 394 4929 ὲν
426 4873 645 4947 ἑκάστῳ
677 4848 855 4945 λόγον,
888 4848 1113 4933 δύναται
1140 4848 1375 4933 νοεῖσθαι
1402 4880 1464 4934 τό
1485 4898 1498 4911 ⁸
1570 4848 1678 4936 Me;-

1789 4848 2013 4930 loannis
2036 4876 2102 4930 de
2123 4848 2345 4931 Christo
2366 4884 2449 4931 est
2478 4848 2848 4934 testimonium
2875 4848 3167 4931 humanam
3187 4873 3364 4944 ipsius

117 4979 190 5027 σας
222 4966 371 5038 ὑμῶν
406 4968 664 5039 ἕστηκεν,
703 4967 764 5021 6v
798 4970 955 5042 ὑμεῖς
987 4972 1088 5025 οὐκ
1131 4972 1330 5027 οἴδατε.
1359 4993 1379 5025 ι
1430 4974 1681 5047 Τετάρτη

1789 4968 1944 5021 etiam
2015 4968 2327 5037 passionem
2382 4967 2495 5037 jam
2560 4970 2915 5034 describens,
2977 4983 3102 5024 cum
3155 4967 3292 5026 dicit
3341 4987 3358 5024 :

116 5052 306 5128 ιὲπρος
353 5061 572 5126 τούτοις
620 5064 896 5137 μαρτυρία
945 5063 1196 5119 Ἰωάννου
1250 5064 1379 5137 περὶ
1435 5065 1674 5138 Χριστοῦ

1789 5076 1801 5112 ι
1836 5058 1978 5114 Ecce
2011 5059 2200 5131 Agnus
2234 5060 2327 5117 Ille
2364 5062 2483 5130 Dei,
2517 5064 2609 5132 qui
2640 5061 2780 5118 tollit
2829 5069 3114 5131 peccaturo
3144 5062 3356 5118 mundi.

118 5140 198 5213 ἢδη
236 5146 321 5200 καὶ
347 5148 411 5202 τὸ
463 5149 808 5222 ἀνθρώπινον
849 5152 1017 5207 αὑτοῦ
1053 5151 1224 5217 πάθος
1255 5154 1671 5226 ὑπογράφουσα,

1769 5150 1883 5224 90
1932 5150 2032 5207 Hic
2063 5161 2149 5207 est
2174 5153 2242 5209 de
2274 5168 2380 5223 quo
2409 5154 2657 5209 dicebam
2700 5170 2721 5210 :
2764 5152 2898 5209 Post
2942 5167 3031 5207 me
3073 5152 3224 5208 venit
3251 5152 3357 5217 vir,

118 5232 187 5288 ξτε
211 5237 376 5309 λέγει’
416 5260 441 5294 ι
474 5243 578 5296 Ἴδε
624 5245 653 5297 ὁ
691 5243 889 5317 Ἀμνὺς
936 5245 1032 5299 τοῦ
1081 5244 1240 5309 Θεοῦ,
1283 5246 1311 5299 ὁ
1346 5246 1518 5318 αἴρων
1572 5247 1672 5320 τὴν

1789 5246 1863 5314 [ul
1899 5253 2027 5299 ante
2058 5259 2146 5300 me
2184 5245 2418 5309 exstitit,
2448 5245 2575 5314 quia
2616 5244 2942 5301 honoratior
2976 5260 3068 5301 me
3099 5254 3261 5301 erat:
3303 5253 3361 5300 et

120 5329 354 5403 ἁμαρτίαν
408 5335 507 5390 τοῦ
566 5337 794 5412 κόσμου.
845 5333 1012 5406 Οὗτός
1066 5341 1214 5394 ἐστιν
1270 5339 1401 5413 περὶ
1441 5334 1502 5397 οῦ
1557 5340 1668 5409 ἐγὼ

1789 5352 1876 5408 ago
1896 5338 2205 5393 nesciebam
2226 5352 2350 5392 eum
2373 5337 2498 5392 :sed
2531 5338 2932 5403 utmanil'estus
2962 5339 3120 5394 ﬁeret
3145 5336 3355 5401 lsraeli,

120 5415 258 5489 εἷπον,
299 5426 377 5481 ὄτι
425 5428 634 5483 Ὀπίσω
669 5448 769 5503 μου
823 5430 1041 5502 ἔρχεται
1075 5430 1234 5503 ἀνὴρ,
1266 5430 1325 5495 ὃς
1358 5430 1668 5502 ἔμπροσθέν

1789 5437 2064 5499 propterea
2106 5428 2228 5484 veni
2276 5443 2399 5498 ego,
2445 5430 2498 5483 in
2543 5444 2683 5502 aqua
2741 5431 3033 5502 baptizans
3060 5429 3128 5485 ³⁸.
3172 5447 3192 5482 ι
3230 5426 3353 5484 Jam

124 5528 202 5578 μω
237 5515 477 5588 γέγονεν,
517 5519 601 5574 ὃτι
652 5518 866 5592 πρῶτός
917 5536 1019 5593 μου
1045 5514 1135 5591 ἦν’
1180 5519 1337 5589 κάγὼ
1379 5520 1479 5575 οὐκ
1521 5520 1669 5593 ᾔδειν

1789 5518 2025 5592 quintum
2062 5520 2435 5579 testimonium
2467 5520 2785 5594 inscriptum
2813 5524 2972 5580 estin
2993 5522 3178 5578 verbis
3203 5519 3343 5577 illis:

173 5606 335 5666 "Act.
364 5626 405 5679 ι,
424 5613 478 5669 8.
524 5611 571 5646 ³³
594 5611 786 5672 Matth.
814 5630 928 5674 vnt.
948 5614 1005 5672 4.
1045 5614 1093 5648 ³⁸
1120 5614 1313 5671 Matth.
1335 5632 1387 5684 ν,
1415 5615 1503 5672 16.
1562 5615 1681 5673 "J0

1806 5616 2061 5686 1,1548.
2101 5615 2408 5673 "ibidﬁl’n
2447 5616 2868 5685 “ibid.26,27.
2910 5620 2955 5653 ³⁸
2979 5618 3112 5678 ibid.
3142 5618 3339 5677 29-51.

173 5700 266 5770 (it)
307 5703 425 5773 Τὴν
452 5707 919 5776 προηγουμένην
943 5706 1132 5765 αὑτοῦ
1149 5709 1516 5778 ὑπόστασιν,
1543 5721 1650 5769 etc.

125 5765 221 5853 llic
576 5765 894 5853 accipienda
939 5780 1073 5847 sint,
1109 5765 1380 5838 tradimus
1420 5765 1480 5839 in
1502 5765 1654 5840 ’όιῖξ-

123 5846 336 5908 guinis,
370 5848 467 5903 lib.
494 5864 560 5905 ιι.
601 5846 866 5905 Hunnus.

1758 5710 1959 5839 ῒὸιχῆς,
1989 5712 2049 5763 ἐν
2074 5702 2121 5780 ᾧ
2142 5709 2201 5810 αἱ
2230 5710 2524 5811 φαντασίαι
2558 5710 2651 5766 καὶ
2676 5714 2732 5767 αί
2757 5714 2926 5785 ὁρμαὶ
2957 5712 3218 5783 γίνονται,
3248 5713 3344 5769 καὶ

1829 5800 1888 5836 εν
1936 5783 1964 5835 6
2009 5780 2162 5839 λόγο.
2212 5781 2632 5839 ἀναπέμπεται.
2670 5782 2811 5839 ὅπερ
2856 5779 2997 5839 εἶναι
3030 5786 3089 5839 ἐν
3121 5783 3340 5839 καρδία.

1936 5783 1964 5835 6
1986 5779 2166 5867 ,λόγος
2212 5781 2632 5867 άναπέμπεταιι,
2670 5779 2997 5867 ὅπεεῖεῐναι
3030 5786 3089 5840 ἐν
3121 5779 3340 5867 καρδίᾳ.

1768 5873 1789 5908 ι
1818 5850 2189 5926 Principatum
2213 5850 2544 5926 autem'esse
2576 5850 3118 5926 dicunt'prazcipuam
3150 5850 3349 5926 animle

175 5912 268 5995 (ἓν)
315 5917 413 5972 ‘Er
449 5918 523 5974 δὲ
565 5917 646 5988 τῇ
676 5920 889 5995 καρδίᾳ
932 5920 1001 5976 τὸ
1044 5920 1423 5995 ἡγεμονικόν.
1462 5922 1586 5981 Hace
1623 5938 1657 5983 e

1789 5912 2021 5987 partem:
2061 5923 2117 5978 in
2165 5937 2273 5994 qua
2322 5923 2738 5993 imaginationes
2782 5912 2839 5979 et
2897 5912 3168 5995 ap'petitus
3225 5924 3345 5981 {or-

127 5984 270 6051 Stoica
314 5996 499 6052 schola
534 5984 773 6066 arripuit
792 5984 1393 6066 piigenesl'Laertius
1442 5994 1498 6051 in
1547 5996 1653 6052 Ze-

1765 5994 2006 6070 mantur,
2051 6004 2107 6053 et
2142 5994 2285 6055 unde
2324 5995 2467 6056 ratio
2510 5994 3184 6070 proﬁciscimu’eumque
3222 6008 3344 6054 csso

127 6072 264 6122 noue:
296 6062 739 6142 Ἦγιμονικδνδὲ
764 6062 1064 6138 alvei—(pact.
1095 6065 1157 6121 τὸ
1187 6064 1523 6138 κυριώτατον
1553 6066 1656 6140 τῆς

1789 6082 1821 6124 ιι
1848 6068 2035 6125 corde.
2056 6085 2079 6121 ι
