3866 6544
518 529 627 592 179

1978 529 2301 590 ORIGENIS

3680 536 3776 593 180

522 668 551 708 ι
594 650 714 710 Vidi
748 651 1010 725 Spiritum
1061 653 1482 711 descendentem
1536 654 1677 712 sicut
1723 656 2072 713 columbamt

2191 655 2354 710 αὐτόν
2376 670 2388 685 ο
2442 654 2557 709 ἀλλ’
2607 653 2694 708 ἵνα
2746 653 3038 727 φανερωθῇ
3073 653 3154 728 τῷ
3197 653 3434 729 Ἰσραὴλ,
3482 655 3576 711 διὰ
3623 657 3774 710 τοῦτο

521 743 686 810 coelo.
739 753 794 801 ct
843 744 1047 800 mansit
1091 759 1256 816 super
1283 761 1429 805 eum.
1462 747 1528 803 Et
1557 763 1658 818 ego
1695 765 1798 804 non
1829 764 2087 806 noveram

526 851 650 892 cum
683 855 698 892 :
728 837 823 893 sed
863 837 954 908 qui
994 839 1147 894 misit
1187 854 1272 895 me
1319 841 1387 896 ad
1429 841 1812 913 haptizandum
1846 842 1899 897 in
1929 857 2089 912 aqua,

517 929 612 985 ille
655 932 788 987 mihi
834 933 973 988 dixit
1003 951 1018 989 :
1052 932 1231 1004 Super
1257 948 1416 1004 quem
1458 935 1662 992 videris
1697 935 1956 1006 Spiritum
1994 937 2089 991 de-

514 1021 864 1077 scendentem
899 1034 955 1079 et
991 1033 1302 1080 manentem
1342 1040 1508 1097 super
1550 1043 1696 1093 eum,
1745 1029 1834 1083 hic
1870 1037 1954 1083 est
1997 1029 2088 1100 qui

517 1112 755 1181 baptizat
785 1115 838 1169 in
869 1116 1085 1186 Spiritu
1113 1126 1328 1174 saneto.
1367 1118 1432 1172 Et
1469 1134 1570 1190 ego
1596 1121 1728 1186 vidi,
1757 1128 1810 1174 et
1838 1121 2091 1176 testiﬁca-

518 1210 604 1258 tns
625 1220 768 1273 sum,
797 1207 940 1262 hunc
960 1223 1080 1263 esse
1108 1207 1304 1263 Filium
1341 1208 1435 1263 Dei
1454 1210 1522 1268 ".
1557 1229 1576 1264 ι
1610 1210 1781 1266 Porro
1809 1213 2087 1281 sextajam

519 1296 640 1353 vice
669 1298 1039 1355 testimonium
1069 1300 1317 1373 perhibet
1347 1299 1566 1357 Christo
1602 1303 1653 1357 in
1685 1302 1894 1358 duobus
1923 1303 2088 1359 disci-

514 1387 655 1456 pulis
677 1389 956 1458 Joannes,
995 1406 1119 1448 cum
1159 1412 1179 1445 ι
1213 1393 1439 1449 intuitus
1471 1393 1654 1450 Jesum
1694 1394 2086 1460 ambulantem,

515 1480 697 1551 inquit
728 1501 742 1537 :
775 1483 916 1540 Ecce
939 1484 1132 1556 Agnus
1155 1486 1244 1544 ille
1272 1487 1365 1542 Dei
1383 1487 1480 1544 “.i
1506 1487 1632 1543 Post
1666 1489 1808 1558 quod
1843 1488 2090 1544 testimo-

522 1573 674 1629 nium
712 1589 833 1630 cum
860 1579 1143 1634 audissent
1175 1583 1282 1636 duo
1325 1580 1572 1652 discipuli
1603 1581 1892 1650 Joannem,
1933 1598 2088 1638 secu-

513 1666 664 1735 tique
701 1666 931 1726 fuissent
969 1668 1180 1738 Jesum,
1209 1691 1228 1724 ι
1261 1688 1558 1730 conversus
1579 1673 1755 1738 Jesus,
1792 1685 1844 1730 et
1871 1676 2089 1746 conspi-

511 1768 666 1813 catus
695 1760 830 1818 duos
866 1773 1175 1833 sequentes,
1199 1767 1491 1837 respondet
1511 1766 1697 1824 dicens
1719 1784 1736 1818 :
1764 1767 1902 1835 Quid
1934 1783 2086 1839 qure-

511 1849 732 1906 ritis“?
769 1871 788 1906 ι
820 1853 888 1909 Ει
915 1855 1166 1913 fortassis
1198 1875 1308 1913 non
1344 1859 1545 1914 frustra
1572 1869 1693 1930 post
1726 1875 1817 1916 sex
1845 1862 2088 1916 testimo-

510 1943 604 1999 nia
657 1956 836 2002 cessat
873 1947 1114 2009 Joannes
1160 1951 1467 2019 testificari,
1521 1962 1575 2009 et
1614 1952 1771 2009 Jesns
1802 1953 2006 2022 profert
2031 1955 2082 2008 in

509 2039 782 2107 septimo:
809 2060 829 2094 ι
857 2041 998 2110 Quid
1019 2045 1294 2114 quaeritis?
1313 2063 1332 2099 ι
1357 2044 1453 2102 His
1485 2045 1707 2116 insuper
1735 2047 1826 2116 qui
1860 2044 2084 2102 Joannis

507 2129 824 2187 testimonio
861 2133 1028 2200 adjuti
1067 2134 1294 2202 fuerint,
1329 2152 1433 2193 vox
1463 2147 1547 2193 est
1576 2138 1667 2193 illa
1701 2139 1928 2203 decens,
1963 2153 2084 2208 quae

504 2221 774 2289 pradicat
823 2223 1098 2281 Christum
1135 2229 1480 2297 magistrum,
1501 2237 1555 2284 et
1587 2228 1790 2284 fatetur
1816 2229 1936 2284 Filii
1987 2229 2080 2284 Dei

507 2314 891 2372 domunculam
948 2333 1146 2389 cupere
1187 2334 1246 2376 se
1298 2321 1522 2377 intueri.
1566 2321 1699 2377 Nam
1736 2323 1923 2380 dicunt
1953 2322 2027 2377 illi
2064 2338 2079 2375 :

509 2408 544 2457 ι’
567 2403 762 2471 Rahbi,
786 2409 931 2478 quod
959 2411 1163 2467 dicitur
1185 2429 1247 2468 ex
1281 2413 1754 2484 interpretatione,
1790 2414 2079 2487 Magister,

504 2499 595 2556 ubi
627 2515 819 2559 manes
835 2501 946 2557 "in
967 2503 1030 2559 Et
1047 2505 1302 2575 quoniam
1327 2504 1544 2562 tOmnis
1576 2507 1667 2576 qui
1696 2511 1910 2578 quaerit,
1935 2507 2082 2564 inve-

503 2591 591 2646 nit
612 2589 679 2658 “,
711 2610 732 2646 ι
763 2595 1130 2663 quaerentibus
1148 2595 1371 2654 Joannis
1385 2597 1670 2670 discipulis
1690 2598 1815 2656 Jesu
1845 2602 2075 2657 mansio-

436 2720 447 2731 .
500 2697 654 2754 nem,
686 2700 809 2742 eam
838 2690 1075 2744 ostendit
1120 2691 1254 2761 ipsis
1293 2690 1452 2748 Jesus
1485 2695 1711 2751 dicens:
1756 2715 1774 2748 ι
1815 2695 2004 2752 Venite
2023 2703 2078 2752 et

497 2776 681 2835 videte
697 2777 783 2849 “;
824 2799 847 2833 ι
871 2781 1120 2839 fortassis
1144 2800 1242 2855 per
1272 2800 1482 2852 vocem,
1513 2806 1532 2840 ι
1559 2790 1761 2855 venite,
1792 2809 1810 2842 ι
1844 2790 2078 2847 invitans

495 2885 594 2926 eos
608 2871 676 2928 ad
699 2887 819 2928 eam
836 2875 1189 2946 philosophiae
1213 2889 1422 2949 partem
1439 2897 1559 2950 quae
1581 2882 1633 2936 in
1658 2897 1838 2938 rerum
1861 2884 2079 2941 actione

493 2975 784 3035 versatur;
822 2985 920 3039 per
955 2986 1140 3028 vocem
1173 2988 1304 3029 vero
1331 2991 1350 3026 ι
1387 2975 1588 3041 videte,
1615 2994 1635 3028 ι
1661 2977 2076 3048 contemplatio-

495 3068 624 3110 nem
665 3057 930 3125 praeclare
964 3058 1108 3117 facta
1151 3073 1497 3132 sequentem,
1549 3066 1772 3122 omnino
1801 3066 1887 3123 his
1936 3068 2077 3124 futu-

496 3164 612 3206 ram
645 3151 736 3221 qui
768 3152 1060 3221 voluerint,
1101 3155 1419 3226 designans,
1449 3157 1802 3213 exsistentem
1842 3160 1896 3214 in
1943 3159 2073 3216 Jesu

496 3241 808 3300 mansione.
856 3247 930 3301 At
969 3249 1061 3317 qui
1107 3251 1440 3319 quaesieram
1482 3250 1572 3305 ubi
1607 3265 1852 3309 maneret
1893 3252 2072 3322 Jesus,

2192 744 2353 820 ἦλθον
2386 747 2496 817 ἐγὼ
2537 749 2594 802 ἐν
2630 747 2780 802 ὕδατι
2823 748 3121 819 βαπτίζων.
3150 769 3168 802 ι
3213 751 3321 804 Καὶ
3370 750 3598 822 πέμπτη
3637 768 3770 824 μαρ-

2190 858 2253 893 τυ
2264 841 2349 913 ρία
2377 841 2792 913 ἀναγέγραπται
2826 841 2969 896 κατά
2991 843 3053 896 τό
3072 860 3085 873 '
3118 863 3136 894 ι
3163 843 3440 915 Τεθέαμαι
3465 843 3530 897 τὸ
3555 844 3771 915 Πνεῦμα

2198 932 2520 985 καταϐαῖνον
2554 931 2630 995 ὡς
2663 931 2991 1004 περιστερὰν
3037 932 3097 998 ἐξ
3142 933 3396 1006 οὐρανοῦ,
3437 936 3534 988 καὶ
3567 933 3773 1004 ἔμεινεν

2191 1022 2277 1075 ἐπ’
2312 1022 2494 1077 αὑτόν.
2530 1021 2700 1092 Κάγὼ
2744 1023 2845 1076 οὐκ
2891 1024 3038 1096 ᾔδειν
3080 1025 3278 1079 αὐτόν·
3319 1025 3432 1079 ἀλλ’
3465 1027 3494 1078 6
3555 1025 3770 1096 πέμψας

2195 1132 2263 1185 με
2296 1113 2574 1184 βαπτίζειν
2617 1117 2673 1169 ὲν
2708 1114 2894 1181 ὕδατι,
2941 1116 3146 1180 ὲκείνός
3209 1134 3298 1188 μοι
3348 1112 3528 1170 εἶπενο
3573 1118 3686 1188 Ἐφ’
3714 1119 3769 1172 ὃν

2191 1205 2258 1259 ἂν
2287 1207 2402 1280 ἴδῃς
2433 1207 2496 1260 τὸ
2522 1207 2742 1279 Πνεῦμα
2777 1207 3126 1273 καταϐαῖνον,
3156 1210 3250 1262 καὶ
3280 1209 3441 1281 μένον
3475 1210 3563 1264 ἐπ’
3589 1210 3768 1273 αὑτὸν,

2189 1292 2344 1362 οὗτός
2392 1302 2538 1353 ἐστιν
2569 1301 2598 1352 6
2644 1299 2917 1371 βαπτίζων
2961 1304 3018 1355 ἐν
3067 1301 3343 1372 Πνεύματι
3400 1302 3566 1373 ἁγίῳ.
3605 1303 3770 1370 Κάγὼ

2191 1389 2434 1460 ἑώρακα,
2475 1391 2570 1444 καὶ
2607 1392 3008 1464 μεμαρτύρηκα
3029 1433 3043 1456 ,
3094 1392 3177 1445 ὅτι
3221 1385 3376 1456 οὗτός
3407 1395 3556 1446 ἐστιν
3585 1395 3614 1446 ό
3648 1394 3770 1457 Υἱὸς

2187 1479 2281 1533 τοῦ
2316 1479 2472 1536 Θεοῦ.
2495 1499 2514 1532 ι
2555 1482 2750 1536 Ἕκτον
2787 1482 2844 1535 δὲ
2889 1485 3156 1554 μαρτυρεῖ
3186 1481 3264 1552 τῷ
3299 1481 3520 1553 Χριστῷ
3555 1483 3648 1537 ἐπὶ
3678 1485 3769 1536 δύο

2192 1573 2448 1644 μαθητῶν
2499 1575 2527 1627 6
2565 1574 2850 1647 Ἰωάννης,
2897 1575 3016 1638 ὅτε,
3071 1591 3091 1626 ι
3131 1573 3408 1645 ἐμϐλέψας
3465 1573 3546 1646 τῷ
3597 1575 3766 1644 Ἰησοῦ

2189 1667 2599 1738 περιπατοῦντι,
2630 1668 2803 1738 λέγει’
2832 1669 2938 1722 Ἴδε
2971 1671 2998 1722 6
3029 1668 3225 1739 Ἀμνὸς
3259 1667 3353 1720 τοῦ
3388 1667 3546 1721 Θεοῦ.
3573 1687 3592 1718 ι
3631 1667 3766 1722 Μεθ’

2187 1758 2253 1830 ἦν
2297 1760 2604 1831 μαρτυρίαν
2656 1759 3003 1814 ἀκουσάντων
3059 1758 3166 1813 τῶν
3215 1757 3308 1811 δύο
3361 1757 3624 1830 μαθητῶν
3677 1757 3768 1810 τοῦ

2201 1854 2470 1918 Ἰωάννου,
2497 1852 2590 1905 καὶ⁵
2621 1851 3096 1924 ἀκολουθησάντων
3120 1852 3198 1922 τῷ
3227 1850 3422 1922 Ἰησοῦ,
3462 1870 3480 1901 ι
3508 1853 3768 1922 στραφεὶς

2186 1949 2216 2001 6
2253 1944 2460 2018 Ἰησοῦς
2480 1984 2496 2007 ,
2525 1947 2621 1998 καὶ
2668 1945 3000 2015 θεασάμενος
3027 1946 3151 2008 τοὺς
3178 1943 3271 1998 δύο
3303 1942 3766 2009 ἀκολουθοῦντας,

2189 2038 2538 2112 ἀποκρίνεται
2601 2037 2808 2106 λέγων·
2864 2037 2929 2090 Τί
2988 2037 3234 2109 {mei-cc;
3263 2055 3282 2090 ι
3339 2037 3452 2090 Καὶ¹
3506 2038 3648 2107 τάχα
3703 2039 3766 2090 o6

2187 2132 2366 2202 μάτην
2397 2131 2536 2200 μετά
2565 2128 2625 2196 ἓξ
2671 2131 2974 2204 μαρτυρίας
3026 2130 3255 2184 παύεται
3303 2130 3402 2202 μὲν
3442 2132 3471 2184 6
3509 2131 3766 2200 Ἰωάννης

2188 2224 2514 2296 μαρτυρῶν·
2564 2225 2771 2297 Ἰησοῦς
2820 2225 2877 2279 δὲ
2927 2224 3067 2278 κατά
3111 2224 3172 2277 τὸ
3217 2223 3446 2295 ἕϐδομον
3493 2209 3768 2295 προτείνεί

2182 2316 2272 2369 τό·
2314 2334 2333 2368 ι
2359 2316 2424 2369 Τί
2466 2317 2712 2387 (meite;
2741 2337 2760 2370 ι
2803 2317 3096 2388 Πρέπουσα
3141 2315 3198 2369 δὲ
3248 2314 3625 2386 ὠφελημένοις
3662 2313 3766 2367 ὑπὸ

2181 2408 2282 2478 τῆς
2327 2407 2574 2462 Ἰωάννου
2611 2409 2914 2482 μαρτυρίας
2951 2409 2984 2478 ἡ
3019 2406 3170 2479 φωνὴ
3214 2404 3629 2477 ἀναγορεύουσα
3673 2404 3766 2456 τὺν

2181 2501 2417 2573 Χριστὸν
2456 2501 2790 2568 διδάσκαλον,
2833 2502 2927 2555 καὶ
2963 2499 3299 2572 ὁμολογοῦσα
3336 2498 3398 2552 τὸ
3443 2498 3771 2568 οἰκητήριον

2184 2593 2367 2647 ποθεῖν
2414 2593 2710 2648 θεάσασθαι
2757 2594 2852 2647 τοῦ
2913 2593 3040 2648 Υίοῦ
3095 2591 3190 2647 τοῦ
3249 2589 3422 2645 Θεοῦ·
3472 2590 3611 2659 φασὶ
3655 2590 3763 2660 γὰρ

2180 2685 2360 2757 αὐτῷ·
2416 2705 2436 2738 ι
2470 2685 2689 2749 Ῥαῦϐὶ,
2725 2686 2752 2740 ὃ
2801 2686 3017 2757 λέγεται
3075 2685 3639 2758 μεθερμηνευόμενον,
3685 2681 3765 2734 δι-

2179 2779 2435 2844 δάσκαλε,
2481 2778 2583 2833 ποῦ
2640 2779 2853 2852 μένεις;
2899 2800 2917 2832 ι
2964 2781 3074 2834 Καὶ
3125 2779 3247 2833 ἐπεὶ
3297 2798 3315 2829 ι
3345 2779 3460 2840 Πᾶς
3499 2776 3528 2827 6
3580 2775 3766 2846 ζητῶν

2178 2873 2439 2944 εὑρίσκει,
2468 2891 2485 2924 ι
2522 2871 2788 2943 ζητήσασι
2818 2873 2916 2943 τὴν
2957 2871 3128 2942 Ἰησοῦ
3165 2870 3330 2941 μονὴν
3358 2872 3470 2932 τοῖς
3509 2869 3763 2922 Ἰωάννου

2182 2963 2449 3037 μαθηταῖς
2477 2964 2818 3019 ὑποδείκνυσι
2845 2964 3014 3033 λέγων
3048 2963 3228 3026 αὑτοῖς
3246 2980 3259 2993 ’
3287 2981 3304 3012 ι
3337 2961 3629 3033 Ἔρχεσθε,
3665 2962 3762 3012 καὶ

2176 3056 2450 3127 θψεσθεη
2509 3057 2651 3129 τάχα
2701 3057 2787 3111 διὰ
2836 3055 2929 3110 τοῦ
2990 3055 3111 3128 μὲν,
3177 3054 3465 3128 «ἔρχεσθε,
3494 3072 3513 3104 ι
3561 3051 3657 3105 ἐπὶ
3699 3049 3764 3104 τὸ

2178 3150 2478 3222 πρακτικὸν
2501 3152 2697 3217 αὑτοὺς
2720 3149 3072 3222 παρακαλῶν·
3102 3147 3191 3202 διά
3218 3148 3276 3201 δὲ
3304 3145 3419 3213 τοῦ,
3450 3165 3466 3196 ι
3496 3143 3755 3216 ἅψεσθεμ

2175 3244 2272 3316 τὴν
2305 3244 2702 3298 ἀκολουθοῦσαν
2731 3247 2798 3316 τῇ
2828 3241 3161 3316 κατορθώσει
3196 3241 3304 3296 τῶν
3335 3239 3591 3313 πράξεων
3623 3237 3761 3290 θεω-

494 3337 699 3405 quique
724 3339 904 3395 secuti
935 3355 999 3395 ac
1024 3342 1329 3410 conspicati
1371 3344 1689 3415 magistrum
1719 3344 1957 3412 fuerant,
1987 3348 2072 3402 de-

2179 3335 2302 3407 ρίαν
2343 3336 2562 3400 πάντως
2593 3334 2813 3389 ἔσεσθαι
2847 3336 2960 3398 τοῖς
3008 3332 3349 3404 βουλομένοις
3391 3327 3757 3400 ὑπογράφων,

497 3425 873 3486 liberaverunt
919 3431 1062 3501 apud
1112 3431 1296 3488 Jesum
1348 3450 1668 3505 permanere
1711 3447 1877 3495 totam
1921 3439 2066 3495 illam

2179 3429 2464 3500 γινομένην
2494 3430 2552 3482 ὲν
2585 3430 2650 3500 τῇ
2681 3426 2774 3481 τοῦ
2820 3425 2994 3498 Ἰησοῦ
3028 3428 3182 3497 μονῇ.
3227 3422 3526 3496 Προὺκειτο
3555 3421 3614 3474 δὲ
3640 3422 3760 3481 τοῖς

495 3521 663 3587 diem,
695 3537 936 3594 cumque
990 3524 1128 3581 Filio
1169 3525 1261 3582 Dei
1301 3529 1527 3584 morari.
1557 3531 1758 3586 Verum
1790 3533 2068 3590 enimvero

491 3625 620 3666 cum
643 3615 1002 3674 deeenuarius
1033 3634 1298 3677 numerus
1321 3621 1646 3678 observatus
1663 3625 1733 3679 sit
1755 3634 2067 3695 utsanctus,

495 3717 621 3757 cum
653 3707 909 3776 mysteria
948 3725 1060 3765 non
1081 3727 1247 3782 parva
1281 3711 1455 3770 fuisse
1492 3713 1634 3770 facta
1661 3716 1714 3770 in
1742 3716 2068 3776 decenuario

493 3809 724 3852 numero
768 3799 1164 3870 inscribantur,
1214 3805 1626 3881 intelligendum
1676 3819 1758 3866 est
1805 3827 1911 3866 non
1947 3811 2065 3867 fru-

489 3895 608 3943 stra
640 3889 693 3944 in
723 3890 1016 3964 Evangelia
1046 3896 1310 3954 decimam
1353 3901 1576 3957 inscribi
1624 3901 1814 3957 horam
1841 3903 1908 3972 ",
1939 3919 2064 3959 cum

489 3977 742 4050 discipuli
765 3982 995 4043 Joannis
1021 3989 1162 4058 apud
1191 3989 1374 4046 Jesum
1406 3993 1702 4060 divertunt,
1734 4009 1801 4050 ex
1833 4010 2062 4065 quorum

489 4085 720 4128 numero
757 4084 875 4130 erat
912 4076 1158 4136 Andreas
1200 4080 1370 4138 frater
1411 4082 1652 4138 Simonis
1700 4085 1845 4140 Petri
1870 4085 1938 4152 “,
1971 4087 2062 4155 qui

490 4163 622 4218 dum
663 4178 907 4223 maneret
941 4171 1081 4239 apud
1118 4171 1326 4240 Jesum,
1367 4174 1608 4243 adjutus,
1645 4177 1868 4234 invento
1895 4178 2066 4234 fratre

487 4271 596 4314 suo
635 4257 859 4316 Simone
884 4263 928 4295 ⁸⁷
971 4263 1153 4333 (forte
1197 4267 1342 4321 enim
1393 4279 1547 4323 antea
1591 4285 1697 4325 non
1746 4270 2063 4341 invenerat)

486 4349 744 4408 Messiam
766 4369 826 4410 se
857 4357 1136 4414 invenisse
1177 4360 1349 4429 inquit
1383 4379 1398 4418 :
1430 4381 1448 4414 ι
1483 4364 1624 4432 quod
1667 4371 1770 4430 est,
1803 4364 1848 4419 si
1893 4363 2064 4420 inter-

485 4443 744 4512 preteris,
795 4446 1069 4506 Christus.
1112 4470 1132 4504 ι
1171 4451 1438 4518 Quoniam
1473 4456 1620 4508 enim
1670 4474 1691 4507 ι
1727 4457 1818 4526 qni
1867 4459 2066 4526 quaerit

485 4535 791 4606 invenit“,
820 4558 844 4594 ι
865 4542 1157 4610 quasiet-at
1186 4554 1369 4599 atttem
1403 4545 1491 4600 ubi
1513 4557 1756 4602 maneret
1786 4546 1974 4613 Jesus;
2008 4556 2062 4603 et

483 4639 730 4695 secutus,
759 4647 882 4687 cum
919 4636 1285 4705 perspexisset
1320 4638 1438 4707 ejus
1471 4641 1830 4704 mansionem,
1876 4649 2064 4695 manet

2172 3519 2437 3591 ζητήσασι
2469 3516 2571 3572 ποῦ
2610 3522 2756 3591 μένει
2789 3519 2816 3571 6
2861 3515 3088 3589 Ἰησοῦς,
3131 3513 3529 3584 ἀκολουθήσασι
3561 3509 3640 3580 τῷ
3673 3509 3758 3561 δι-

2169 3612 2445 3684 δασκάλῳ,
2481 3612 2576 3667 καὶ
2625 3611 3012 3678 θεασαμένοις,
3049 3611 3384 3682 παραμεῖναι
3417 3605 3496 3676 τῷ
3549 3602 3756 3675 Ἰησοῦ,

2169 3707 2264 3759 καὶ
2310 3706 2408 3776 τὴν
2439 3705 2650 3777 ἡμέραν
2700 3704 2911 3774 ἐκείνην
2953 3702 3326 3773 συνδιατρίψαι
3367 3697 3446 3770 τῷ
3498 3697 3612 3768 Υίῷ
3657 3694 3758 3748 τοῦ

2167 3797 2324 3851 Θεοῦ.
2365 3799 2517 3851 Ἐπεὶ
2562 3797 2618 3850 δὲ
2664 3797 2692 3848 6
2749 3797 2972 3859 δέκατος
3025 3795 3256 3868 ἀριθμὸς
3319 3793 3620 3864 τετήρηται
3674 3789 3759 3852 ὠς

2169 3889 2323 3959 ἅγιος
2379 3888 2514 3960 (26),
2561 3890 2662 3942 οὑκ
2719 3888 2915 3956 ὀλίγων
2981 3884 3294 3958 μυστηρίων
3339 3887 3398 3938 ὲν
3450 3886 3517 3955 τῇ
3567 3881 3758 3936 δεκάδι

2167 3981 2653 4052 ἀναγραφομένων,
2689 3981 2972 4050 γεγονέναι
2999 3979 3214 4050 νοητέον
3244 3978 3304 4031 οὑ
3348 3977 3526 4048 μάτην
3557 3975 3651 4030 καὶ
3695 3975 3762 4026 ἐν

2166 4073 2244 4143 τῷ
2286 4073 2600 4146 Εὑαγγελίῳ
2630 4073 2725 4145 τὴν
2758 4073 2990 4145 δεκάτην
3023 4070 3432 4143 ἀναγράφεσθαι
3474 4068 3623 4141 ὥραν
3651 4067 3762 4137 τῆς

2165 4163 2274 4216 τῶν
2309 4165 2554 4219 Ἰωάννου
2589 4164 2847 4236 μαθητῶν
2887 4161 3038 4236 παρά
3079 4161 3157 4233 τῷ
3191 4160 3366 4231 Ἰησοῦ
3396 4157 3757 4228 καταγωγῆς,

2163 4251 2240 4311 ὧν
2283 4257 2537 4329 Ἀνδρέας
2567 4261 2595 4311 6
2634 4258 2860 4328 ἀδελφὸς
2893 4257 3135 4327 Σίμωνος
3178 4255 3389 4326 Πέτρου
3438 4250 3528 4324 ἦν,
3564 4254 3754 4314 ὅστις.

2164 4348 2466 4420 ὠφεληθεὶς
2493 4350 2552 4403 ὲν
2577 4350 2652 4421 τῷ
2685 4348 3205 4422 παραμεμενηκέναι
3229 4346 3308 4418 τῷ
3344 4345 3540 4418 Ἰησοῦ,
3572 4343 3758 4415 εὑρὼν

2163 4441 2254 4496 τὸν
2285 4441 2510 4511 ἀδελφὸν
2550 4442 2640 4496 τὸν
2685 4441 2813 4496 ἴδιον
2848 4442 3087 4512 Σίμωνα,
3122 4440 3282 4510 (τάχα
3330 4439 3440 4510 γάρ
3483 4438 3756 4510 πρότερον

2164 4534 2262 4604 οὑχ
2303 4531 2562 4604 εὕρητοο)
2623 4533 2785 4604 φησὶν
2833 4534 3127 4606 εὑρηκέναι
3178 4532 3268 4586 τὸν
3327 4531 3607 4596 Μεσσίαν,
3666 4549 3684 4580 ι
3718 4530 3756 4582 ὃ

2165 4627 2280 4678 ἐστι
2335 4624 2872 4696 μεθερμηνευόμενον
2928 4625 3180 4698 Χριστός.
3209 4643 3228 4676 ι
3273 4625 3427 4677 Ἐπεὶ
3475 4623 3617 4694 γάρ,
3671 4642 3690 4674 ι
3719 4624 3757 4674 ὁ

467 4715 629 4788 apud
664 4719 954 4778 Dominum
991 4743 1011 4777 ι
1050 4727 1260 4783 decima
1303 4729 1436 4784 hora
1466 4729 1536 4796 ⁸³,
1579 4749 1599 4782 ι
1641 4739 1696 4784 et
1730 4729 1938 4786 invenit
1967 4729 2060 4784 Dei

2179 4717 2344 4803 ζητῶν
2377 4718 2642 4791 εὑρίσκει,
2671 4738 2688 4770 ι
2733 4719 2966 4790 ἐζήτησε
3007 4717 3065 4772 δὲ
3112 4718 3213 4771 ποῦ
3249 4717 3400 4788 μένει
3442 4718 3470 4770 6
3507 4713 3755 4787 Ἰησοῦς,

477 4811 702 4880 Filium,
733 4814 1056 4872 Sermonem
1086 4819 1316 4888 scilicet,
1343 4830 1400 4877 et
1445 4822 1551 4893 91
1610 4823 1956 4893 sapientiam,
2008 4832 2064 4877 et

2179 4813 2263 4867 mi.
2297 4812 2688 4884 ἀκολουθήσας,
2717 4811 2998 4883 θεωρήσας
3035 4809 3200 4864 αὑτοῦ
3230 4810 3327 4882 τὴν
3363 4808 3550 4880 μονήν,
3577 4824 3760 4877 παρα-

479 4904 693 4976 regitur
723 4908 795 4963 ab
820 4907 980 4976 ipso;
1015 4910 1154 4968 hanc
1181 4911 1250 4969 ob
1279 4929 1505 4970 causam
1542 4915 1758 4985 inquit:
1795 4933 1815 4968 ι
1856 4916 2064 4971 Inveni-

481 5011 605 5051 mus
631 4997 884 5055 Messium
926 5003 974 5034 "
1010 5018 1025 5056 :
1065 5025 1086 5056 ι
1119 5021 1238 5076 quae
1263 5021 1365 5061 vox
1416 5022 1447 5062 a
1493 5009 1688 5077 quovis
1719 5009 1822 5064 dici
1859 5008 2062 5078 poterit

480 5090 576 5159 qui
611 5089 883 5150 invenerit
913 5094 1011 5150 Dei
1041 5097 1360 5155 Sermonem
1398 5112 1455 5155 et
1488 5102 1582 5170 qui
1627 5102 1694 5156 ab
1726 5101 1897 5171 ipsius
1924 5101 2058 5155 divi-

478 5181 654 5237 nitate
685 5185 911 5252 regitur.
969 5186 1227 5244 Fructum
1277 5205 1408 5246 vero
1457 5205 1581 5245 mox
1629 5189 1786 5245 oﬂ'ert
1838 5189 2056 5246 Christo

478 5274 706 5330 fratrem
747 5277 1032 5335 Simonem
1065 5281 1107 5313 ⁵⁸
1136 5295 1148 5331 :
1179 5296 1340 5351 quem
1375 5293 1436 5338 ut
1481 5295 1709 5336 munere
1752 5280 1908 5336 Jesus
1941 5283 2054 5337 sin—

431 5427 434 5431 ,
477 5367 1166 5440 ευιετίςῖειιιυιιειιεπειιιτ,
1203 5374 1258 5428 in
1303 5375 1479 5444 ipsum
1534 5373 1766 5428 intuitus
1794 5383 1899 5439 est,
1957 5388 2055 5444 per

2170 4905 2321 4976 μένει
2359 4905 2437 4977 τῷ
2469 4907 2659 4976 Κυρίῳ
2691 4923 2710 4956 ι
2731 4906 2786 4956 ὲν
2820 4909 2888 4978 τῇ
2918 4905 3121 4978 δεκάτῃ
3153 4905 3324 4977 ὦρᾳ,›
3365 4903 3460 4956 καί⁹
3503 4900 3758 4972 εὑρίσκει

2163 4998 2256 5052 τὸν
2282 4997 2408 5051 Υίδν
2441 4998 2535 5051 τοῦ
2567 4996 2727 5061 Θεοῦ,
2756 4998 2848 5050 τὸν
2894 4997 3084 5066 Λόγον,
3125 4997 3218 5050 καὶ
3251 4995 3348 5064 τὴν
3394 4994 3603 5063 σοφίαν,
3642 4990 3755 5061 βα-

2165 5091 2434 5145 σιλεύεται
2470 5093 2527 5145 δὲ
2567 5093 2656 5145 ὑπ’
2681 5091 2844 5146 αὑτοῦ
2864 5108 2877 5122 °
2909 5091 2994 5144 διά
3023 5091 3177 5144 τοῦτό
3209 5107 3398 5159 φησιν’
3432 5109 3450 5140 ι
3486 5087 3760 5158 Εὑρήκα-

2166 5201 2265 5255 μεν
2299 5183 2390 5237 τὸν
2422 5184 2686 5238 Μεσσίαν.
2714 5204 2731 5236 ι
2769 5182 2917 5254 Αῦτη
2955 5184 3011 5238 δὲ
3044 5185 3080 5256 ἡ
3112 5184 3262 5256 φωνὴ
3294 5184 3400 5238 ὑπὸ
3451 5184 3648 5246 παντὸς
3675 5182 3759 5236 ἂν

2161 5275 2372 5344 λέγοιτο
2416 5275 2604 5330 τοῦτον
2636 5276 2729 5330 τοῦ
2775 5277 2908 5331 Θεοῦ
2944 5277 3114 5348 Λόγον
3144 5278 3458 5350 εὑρηκότος,
3497 5279 3588 5332 καὶ
3633 5278 3762 5331 ὑπὸ

2161 5372 2259 5442 τῆς
2311 5369 2585 5441 θειότητος
2639 5371 2803 5424 αὑτοῦ
2875 5371 3316 5445 βασιλευομένου.
3364 5372 3588 5446 Καρπδν
3643 5373 3762 5426 καὶ

549 5460 790 5535 ξ’)οιιη,
823 5464 863 5527 1,
894 5465 1088 5519 5254.
1163 5467 1209 5499 ’⁵ο
1239 5467 1370 5522 ibid.
1420 5467 1508 5526 55.
1555 5467 1644 5524 56.
1713 5467 1756 5499 ⁶¹
1799 5469 1930 5523 ibid.
1961 5469 2051 5535 '57,

2179 5509 2182 5520 .
2260 5466 2304 5498 "
2331 5466 2462 5532 ibid,
2499 5467 2588 5521 58.
2677 5465 2723 5498 ⁸³
2771 5467 2961 5522 Matth.
3005 5484 3103 5530 vti,
3145 5469 3197 5522 8.
3274 5467 3318 5500 “
3365 5469 3520 5523 Joan.
3568 5483 3603 5534 ι,
3642 5467 3756 5523 59.

428 5538 432 5544 '
530 5531 577 5564 ⁸⁸
607 5532 739 5588 ibid.
819 5535 865 5568 “
897 5537 1028 5590 ibid.
1063 5536 1154 5591 40.
1231 5537 1274 5568 ν’
1314 5537 1448 5592 ibid.
1481 5539 1574 5594 41.
1651 5538 1696 5571 ’⁸³
1725 5537 1914 5594 Matth.
1951 5531 2047 5605 vn,
2080 5539 2132 5593 8.

550 5624 664 5696 (‘26)
703 5625 968 5696 Origenes
996 5628 1133 5682 infra
1167 5637 1297 5683 tom.
1344 5647 1400 5689 κ.
1433 5647 1488 5686 n.
1513 5631 1583 5686 50
1609 5630 1787 5686 medio
1819 5651 1831 5685 :
1859 5631 2048 5687 Ταῦτα

474 5695 658 5778 δὲμοι
685 5699 745 5776 έν
772 5695 916 5778 ἀςρχῇ
943 5698 1035 5750 τοῦ
1063 5698 1300 5778 δεκάτου
1326 5703 1497 5778 δόμου
1529 5702 1743 5778 λέγεται
1776 5702 1914 5773 πρὸς
1964 5703 2046 5764 σὲ,

475 5767 749 5852 πολλαχοῦ
793 5768 821 5818 6

476 5838 612 5959 είας
656 5838 918 5918 τετυχότα
959 5838 1048 5891 τὸν
1087 5838 1224 5893 ’δέκα
1267 5838 1518 5912 ἀριθμόν.
1547 5838 1695 5898 item
1743 5838 1799 5898 in
1843 5838 2044 5898 catena

531 5907 819 5986 lttslertana
852 5923 909 5959 ιη
937 5907 1250 5986 lerant.,_ad
1289 5927 1410 5981 cap.
1437 5928 1616 5986 gtxxtt,
1646 5913 1919 5986 versa”,
1951 5917 2046 5967 de-

479 5979 699 6032 narium
738 5991 1023 6032 numerum
1076 5979 1599 6052 Origenes'tékewv
1644 5984 1737 6037 καὶ
1784 5983 1922 6037 Θεοῦ
1966 5986 2042 6037 οι-

908 5785 990 5821 ντι
1029 5769 1127 5892 τῆἕ
1167 5769 1408 5842 Γραφῆς
1444 5769 2045 5844 διαφερούσηςπρονο-
2153 5771 2265 5860 γὰρ
2300 5770 2389 5824 τὸν
2429 5770 2602 5834 οὕτως
2649 5771 2959 5840 ἀκάθαρτον
3007 5769 3422 5858 βρωθησόμεγον
3467 5769 3643 5857 ᾀρτοιῖ

908 5854 918 5889 ι
959 5838 1048 5891 τὸν
1121 5839 1224 5892 έκα
1267 5841 1518 5892 ἀριθμόν.
1563 5842 1694 5892 item
1743 5844 1799 5892 in
1843 5844 2043 5892 Catena
2152 5845 2294 5892 ἁγιω
2341 5841 2866 5892 παραλαμϐάνεσθαι
2910 5843 3165 5892 ἀοιθιιω.
3215 5844 3401 5892 ὀποιοε
3446 5843 3509 5892 δη
3561 5845 3590 5892 6
3631 5858 3692 5892 ττ

1121 5839 1518 5914 ἑκά-ἀριθμόν.
1548 5839 1695 5898 item
1743 5839 1799 5898 in
1843 5839 2044 5914 Catena

2179 5839 2294 5914 ιγίῳ
2341 5839 2866 5914 παραλαμβάνεσθαι
2910 5839 3127 5914 ἀριθμῷ
3150 5839 3186 5905 ,⁷
3215 5839 3401 5906 ὁποῖος
3446 5839 3605 5914 δὴίό
3628 5840 3758 5914 τῆς

2150 5911 2392 5993 δεκάδος,
2421 5911 2516 5993 καὶ
2545 5911 2856 5993 ὲᾷδομάδος,
2884 5911 2978 5993 καὶ
2997 5911 3313 5993 τριακάδος,
3339 5915 3436 5970 καὶ
3460 5911 3751 5983 ὀγδοάδος,

2207 5538 2252 5569 δ’
2281 5536 2441 5592 Joan.
2486 5552 2525 5603 t,
2556 5537 2647 5593 59.
2725 5538 2773 5570 ³⁰
2802 5539 2932 5593 ibid.
2960 5554 2997 5602 I,
3037 5540 3123 5592 41.
3201 5540 3244 5570 ⁸⁸
3275 5540 3405 5594 ibid.
3433 5541 3526 5594 42.

2156 5632 2304 5684 κεῖον
2341 5644 2460 5685 esse
2501 5629 2656 5683 dicit.
2691 5629 2754 5684 Et
2793 5629 2846 5684 in
2889 5629 2990 5683 alia
3027 5628 3210 5698 Regia:
3246 5630 3590 5684 Bibliothecm
3623 5627 3756 5684 Ca-

2160 5713 2278 5774 lena
2316 5701 2371 5774 in
2413 5699 2852 5774 Proiihetos,_ad
2899 5701 3097 5774 Ezeeh.
3128 5716 3219 5774 Διν,
3244 5701 3356 5774 _lO:
3403 5703 3517 5774 Οὐκ
3563 5701 3758 5774 ὲχρῇν

2300 5770 2389 5824 τὸν
2429 5770 2602 5844 οὕτως
2624 5771 2959 5844 ⁸ἀκάθαρτον
3007 5769 3422 5844 βρωθησόμενον
3455 5769 3643 5844 κάρτοιῖ
3670 5769 3760 5844 ἐν

2162 5987 2255 6040 καί
2283 6001 2427 6047 τινες
2448 5981 2559 6037 τῶν
2582 5982 2783 6053 ὁμοίων
2814 5981 3085 6057 ἀριθμῶν.
