3856 6538
164 528 251 584 131

1250 527 1606 586 ΟΟΜΜΕΝΤ.
1636 527 1704 584 IN
1735 525 1927 583 JOAN.
1964 523 2200 580 TOMUS
2235 521 2297 576 ll.

3307 516 3410 572 £82

129 642 351 708 ,εὐθέως
389 645 656 716 προσάγει
690 645 781 698 τὸν
809 645 1036 714 ἀδελφὺν
1075 644 1151 716 τῷ
1192 646 1434 717 Χριστῷ,
1459 640 1504 714 ᾧ
1532 646 1737 717 Σίμωνι

1849 644 1991 698 illum
2026 642 2280 697 intuitum
2311 637 2592 694 declarans
2622 652 2679 693 se
2708 635 2947 692 Simonis
2971 648 3156 689 curam
3190 648 3404 704 gerere,

157 734 447 806 ἐχαρίσατο
487 736 518 787 6
567 736 774 808 Ἰησοῦς
816 737 878 790 τὸ
912 736 1179 808 ἐμϐλέψαι
1219 738 1398 809 αὐτῷ,
1437 739 1571 810 ὅπερ
1619 738 1735 792 ἐστὶ

156 829 238 882 διὰ
262 828 357 882 τοῦ
389 829 661 901 ἐμϐλέψαι
690 831 1060 902 ἐπισκοπῆσαι
1091 833 1186 884 καὶ
1218 831 1448 900 φωτίσαι
1475 831 1640 887 αὐτοῦ
1678 833 1737 886 τὺ

159 923 481 994 ἡγεμονικόν
499 940 514 955 ·
542 924 634 978 καὶ
660 924 943 997 δεδύνηται
974 924 1062 979 διὰ
1087 926 1148 978 τὸ
1172 926 1562 996 ἐμϐεὸλεφέναι
1591 926 1738 998 αύτῷ

159 1016 242 1070 τὸν
278 1017 492 1087 Ἰησοῦν
532 1019 560 1071 6
592 1018 775 1090 Σίμων
822 1017 1211 1090 βεϐαιωθῆναι,
1250 1019 1390 1073 ὥστε
1429 1019 1522 1074 τοῦ
1573 1020 1735 1093 ἔργου

155 1107 249 1178 τῆς
295 1108 649 1180 βεϐαιότητος
679 1111 772 1164 καὶ
805 1111 906 1182 τῆς
939 1111 1300 1183 στερρότητος
1328 1111 1615 1184 ἐπώνυμος
1647 1130 1740 1182 γε·

156 1198 361 1265 νέσθαι,
388 1202 487 1254 καὶ
517 1200 782 1273 κληθῆναι
813 1202 1042 1274 Πέτρος.

221 1291 308 1346 50.
360 1290 502 1344 Ἀλλ’
545 1293 661 1364 ἐρεῖ
688 1311 804 1356 τις,
834 1293 886 1346 τί
916 1293 1115 1365 δήποτε
1148 1295 1508 1366 προκειμένου
1549 1295 1739 1369 διηγή-

161 1383 351 1438 σασθαι
374 1385 458 1438 τό·
501 1403 520 1436 ι
556 1380 722 1449 Οὗτος
743 1382 908 1457 ἦλθεν
940 1388 1019 1450 είς
1047 1389 1374 1460 μαρτυρίαν,
1408 1390 1494 1443 ἵνα
1531 1408 1737 1461 μαρτυ-

163 1480 294 1549 ρήσῃ
325 1479 458 1549 περὶ
478 1478 574 1532 τοῦ
604 1478 798 1549 φωτὸς,
833 1499 851 1531 ι
878 1479 1052 1534 πάντα
1072 1481 1246 1535 ταῦτα
1265 1482 1736 1554 διεξεληλύθαμενς

158 1569 384 1622 Λεκτέον
415 1568 504 1634 δέ,
535 1570 616 1623 ὅτι
645 1569 753 1622 ἔδει
796 1572 1145 1643 παραστῆσαι
1179 1573 1276 1638 τάς
1311 1576 1618 1646 μαρτυρίας
1644 1574 1736 1627 τοῦ

170 1660 412 1715 Ἰωάννου
443 1662 545 1727 τὰς
573 1664 700 1735 περὶ
731 1662 824 1716 τοῦ
858 1665 1034 1734 φωτὸς
1057 1707 1072 1730 ,
1105 1666 1201 1719 καὶ
1243 1667 1342 1738 τὴν
1375 1667 1525 1732 τάξιν
1561 1668 1738 1723 αὐτῶν

157 1753 408 1807 ἐκθέσθαι
433 1793 450 1818 ,
498 1755 601 1827 τήν
639 1773 700 1809 τε
751 1757 1196 1830 ἅκολουθήσασαν
1235 1755 1316 1824 οἷς
1361 1761 1741 1833 ἐμαρτύρησεν

157 1844 455 1914 ὠφέλειαν,
489 1848 786 1921 γενομένην
819 1849 960 1903 κατὰ
1004 1851 1103 1920 τὴν
1146 1851 1388 1905 Ἰωάννου
1436 1854 1740 1925 μαρτυρίαν

159 1936 256 1989 ἀπὸ
283 1935 381 1990 τοῦ
430 1938 608 2010 Ἰησοῦ
629 1980 644 2005 ,
681 1940 767 1994 ἵνα
801 1941 860 1995 τὸ
890 1942 1153 2015 ἀνύσιμον
1180 1945 1278 2015 τῆς
1320 1945 1568 2000 Ἰωάννου
1604 1964 1743 2019 μαρ-

156 2027 341 2099 τυρίας
372 2029 610 2102 δηλωθῇ.
651 2033 760 2086 Καὶ
787 2034 895 2106 πρὸ
941 2035 1051 2089 τῶν
1076 2036 1308 2091 ἐνταῦθα
1334 2037 1391 2091 δέ
1423 2039 1735 2110 μαρτυριῶν

159 2120 194 2188 ή
220 2120 275 2171 ἐν
300 2121 371 2190 τῇ
410 2120 728 2189 ἀγαλλιάσει
765 2125 1050 2196 σκίρτησις
1091 2126 1183 2180 τοῦ
1225 2128 1532 2182 Βαπτιστοῦ
1569 2131 1626 2182 ἐν
1669 2133 1735 2201 τῇ

157 2208 325 2281 κοιλίᾳ
351 2209 457 2281 τῆς
499 2212 777 2279 Ἐλισάῦετ
816 2216 908 2269 ἐπὶ
944 2216 1022 2288 τῷ
1061 2218 1336 2290 ἀσπασμῷ
1379 2220 1480 2291 τῆς
1522 2221 1739 2292 Μαρίας

158 2303 430 2372 μαρτυρία
451 2305 580 2376 περὶ
609 2307 843 2378 Χριστοῦ
869 2304 958 2380 ῆν,
989 2310 1390 2382 μαρτυροῦντος
1410 2315 1476 2384 τῇ
1504 2313 1737 2384 θειότητι

155 2393 249 2464 τῆς
296 2394 620 2468 συλλήψεως
654 2399 749 2452 καὶ
790 2401 1057 2470 γενέσεως
1099 2404 1285 2458 αὐτοῦ.
1332 2407 1441 2459 Καὶ
1487 2407 1538 2459 τί
1585 2408 1735 2479 γάρ;

156 2484 222 2537 Ἣ
247 2487 529 2558 πανταχοῦ
558 2490 768 2562 μάρτυς
796 2493 890 2546 καὶ
923 2495 1224 2567 πρόδρομος
1252 2497 1343 2551 τοῦ
1387 2499 1560 2569 Ἰησοῦ
1592 2503 1737 2554 ἐστιν

153 2577 179 2629 6
215 2577 494 2651 Ἰωάννης,
541 2583 943 2655 προλαμϐάνων
986 2589 1085 2660 τὴν
1137 2589 1352 2659 γένεσιν
1394 2592 1558 2646 αὑτοῦ
1584 2635 1597 2657 ,
1643 2597 1738 2648 καὶ

156 2670 254 2739 πρὸ
289 2670 478 2739 ὀλίγου
509 2673 604 2727 τοῦ
651 2675 878 2732 θανάτου
916 2679 1278 2754 ἀποθνήσκων
1325 2685 1417 2737 τοῦ
1466 2687 1590 2740 Υίοῦ
1642 2689 1735 2742 τοῦ

155 2761 278 2816 Θεοῦ
293 2805 318 2856 ,ἧ
343 2765 436 2819 ἵνα
472 2767 547 2838 μὴ
584 2769 741 2839 μόνον
785 2775 899 2836 τοῖς
938 2774 996 2826 ἐν
1043 2775 1296 2844 γενέσει,
1344 2778 1479 2832 ἀλλὰ
1505 2781 1737 2845 καὶτοῖς

156 2856 496 2925 προσδοκῶσι
514 2860 613 2932 τὴν
633 2862 720 2916 διὰ
743 2865 981 2938 Χριστοῦ
1005 2868 1111 2922 ἀπὺ
1135 2868 1367 2924 θανάτου
1401 2872 1733 2945 ἐλευθερίαν,

157 2947 254 3017 πρὸ
281 2947 377 3001 τοῦ
413 2950 656 3023 Χριστοῦ
689 2956 994 3028 ἐπιδημῶν,
1028 2961 1301 3030 πανταχοῦ
1333 2963 1597 3037 ἐτοιμάσῃ
1627 2967 1738 3019 Κυ-

161 3038 252 3110 ρίῳ
296 3039 429 3096 λαὸν
473 3049 1006 3119 κατεσκευασμένον·
1052 3051 1242 3121 φθάνει
1281 3053 1337 3106 δὲ
1375 3054 1467 3107 καὶ
1513 3057 1603 3108 ἐπὶ
1639 3056 1738 3130 τὴν

157 3131 405 3207 δευτέραν
432 3137 673 3208 Χριστοῦ
704 3143 1026 3213 παρουσίαν,
1053 3145 1145 3197 καὶ
1173 3144 1524 3220 θειοτέραν,ή
1561 3150 1738 3203 Ἰωάν-

157 3243 240 3279 νου
275 3230 580 3302 μαρτυρία.
619 3251 639 3284 ‹
673 3234 736 3287 Et
762 3235 868 3307 γὰρ
910 3235 1112 3305 θέλετε,
1142 3240 1294 3311 φησι,
1331 3240 1605 3310 δέξασθαι,
1641 3243 1738 3296 αύ-

155 3319 445 3430 ἷόςέστιν⁹
469 3323 656 3430 Ἠλίας
693 3329 722 3381 6
768 3324 975 3430 μέλλων
1013 3331 1286 3404 ἔρχεσθαι.
1359 3336 1416 3390 '0
1457 3337 1594 3408 ἔχων
1620 3327 1734 3394 ὦτα
1763 3371 1806 3430 C

157 3411 392 3479 ἀκούειν,
418 3416 687 3472 ἀκουέτω.
729 3439 748 3472 ι
784 3419 964 3495 Οὔσης
996 3423 1052 3477 δὲ
1089 3426 1263 3498 ἀρχῆς
1305 3429 1361 3482 ἐν
1479 3431 1507 3483 6
1540 3432 1731 3501 Λόγος,

159 3503 360 3573 (ἥντινα
394 3508 592 3578 σοφίαν
608 3508 757 3565 ἐἶναι
800 3514 909 3569 ἀπὸ
947 3516 1054 3571 τῶν
1097 3520 1410 3592 Παροιμιῶν
1451 3523 1735 3590 ἀπεδείξα-

161 3598 305 3690 μενο)
327 3599 488 3664 ὄντος
517 3601 576 3654 δέ
605 3604 696 3657 καὶ
727 3604 823 3659 τοῦ
850 3607 1044 3677 Λόγου,
1074 3613 1372 3685 γενομένης
1394 3632 1452 3668 τε
1479 3616 1535 3667 ἐν
1565 3595 1738 3690 τούτω

159 3683 312 3778 ζωῆς,
338 3691 446 3763 τῆς
493 3710 555 3746 τε
608 3694 752 3768 ζωῆς
778 3701 1152 3773 τυγχανούσης
1189 3683 1365 3774 φωτός
1415 3683 1736 3778 ἀνθρώπων,

159 3775 298 3850 ζητῶ
328 3783 383 3836 τί
417 3783 620 3855 δήποτε
672 3789 700 3840 6
731 3791 1021 3862 γενόμενος
1075 3814 1092 3844 r
1134 3795 1437 3869 ἄνθρωπος,
1469 3775 1742 3855 ἀπεσταλ-

161 3873 312 3967 μένος
335 3877 492 3947 παρὰ
517 3879 676 3948 Θεοῦ,
709 3876 753 3951 ᾧ
792 3884 963 3957 ὄνομα
1002 3888 1274 3962 Ἰωάννης,
1310 3887 1472 3963 ἦλθεν
1495 3896 1574 3958 είς
1604 3913 1743 3967 μαρ-

161 3966 375 4073 cipias,
413 3969 522 4073 ’ἵνα
576 3977 901 4051 μαρτυρήσῃ
944 3981 1074 4051 περὶ
1116 3981 1210 4034 τοῦ
1239 3984 1416 4052 φωτός
1451 4001 1465 4050 ;
1505 4005 1524 4037 ι
1563 3986 1663 4040 Διὰ
1690 3966 1744 4039 τί

162 4061 247 4111 οὖν
279 4061 380 4132 οὐχ
413 4062 502 4117 ἵνα
539 4070 861 4140 μαρτυρήσῃ
894 4072 1021 4143 περί
1053 4073 1150 4144 τῆς
1174 4073 1341 4145 ζωῆς,
1366 4076 1398 4147 ἦ
1425 4077 1509 4130 ἵνα
1535 4096 1744 4150 μαρτυ-

167 4151 300 4225 ρήσῃ
334 4156 470 4226 περὶ
507 4154 604 4209 τοῦ
638 4159 812 4227 Λόγου
837 4202 851 4225 ,
892 4161 925 4232 ἢ
970 4165 1095 4235 περὶ
1127 4165 1227 4236 τῆς
1264 4167 1457 4238 ἀρχῆς,
1492 4170 1525 4240 ἢ
1559 4171 1747 4234 ὁποίας

162 4243 353 4315 δήποτε
382 4249 558 4320 ἄλλης
583 4252 827 4318 ἐπινοίας
868 4254 962 4308 τοῦ
995 4257 1231 4329 Χριστοῦ
1266 4276 1281 4323 ;
1329 4261 1653 4334 Ἐπίσκεψαι
1690 4264 1747 4318 δὲ

162 4341 204 4391 εί
220 4339 444 4414 μὴ(26⁶)
463 4358 482 4390 ι
500 4338 530 4390 ὁ
549 4338 681 4405 λαὸς
701 4343 1043 4418 ὀκαθήμενος
1059 4351 1115 4403 ἐν
1134 4352 1310 4425 σκότῳ
1325 4353 1440 4426 φῶς
1451 4349 1555 4409 εἶδε
1571 4355 1730 4426 μέγα,
1747 4375 1764 4410 t

162 4433 249 4486 καὶ
265 4435 390 4488 ἐπεί
423 4453 443 4486 r
464 4435 528 4488 τὸ
557 4436 673 4504 φῶς
694 4439 752 4492 ἐν
777 4442 842 4512 τῇ
872 4442 1060 4514 σκοτίᾳ
1093 4445 1295 4513 φαίνει,
1322 4465 1340 4498 ι
1365 4445 1438 4519 μὴ
1467 4450 1746 4522 καταλαμ-

161 4522 454 4597 θανέμενον
486 4527 581 4581 ὑπ’
613 4528 806 4600 αὐτῆς,
836 4534 886 4585 οἱ
918 4536 974 4587 ἐν
1002 4535 1177 4606 σκότῳ
1215 4539 1574 4608 τυγχάνοντες
1606 4540 1749 4594 δέον-

160 4633 242 4671 ται
266 4621 468 4688 φωτὸς,
500 4622 784 4678 τουτέστιν
804 4624 851 4678 οἱ
873 4626 1169 4698 ἄνθρωποι.
1189 4629 1258 4682 EE
1278 4630 1385 4702 γὰρ
1413 4631 1472 4684 τὸ
1503 4632 1618 4702 φῶς
1642 4633 1761 4688 τῶν-

1839 738 2038 792 anima!
2069 735 2214 789 illius
2258 741 2414 802 parte
2453 730 2906 800 prmstantissima
2949 728 3221 782 illustrata
3263 741 3278 778 :
3315 740 3410 795 po-

1839 832 2050 901 tuitque
2082 828 2296 892 Simon,
2328 841 2396 880 eo
2431 823 2576 895 quod
2627 823 2787 878 Jesus
2842 823 2893 876 in
2949 820 3126 890 ipsum
3181 818 3410 874 intuitus

1839 931 1942 986 est,
1971 933 2212 988 eousque
2257 915 2514 982 stabiliri,
2552 925 2610 968 ιιι
2645 915 2711 967 ab
2738 925 2903 982 opere
2927 910 3108 966 stabili
3145 909 3411 978 ﬁrmoque

1839 1026 2138 1085 cognomen
2176 1008 2420 1064 traheret
2445 1016 2497 1062 et
2526 1014 2821 1060 vocaretur
2849 1001 3066 1057 Petrus.

1909 1283 1998 1338 50.
2026 1279 2132 1336 Sed
2173 1279 2418 1336 dicturus
2462 1287 2546 1333 est
2575 1276 2792 1348 aliquis,
2835 1290 2932 1330 cur
2965 1274 3179 1328 tandem
3213 1286 3414 1342 propo-

1839 1375 1943 1431 sita
1990 1374 2144 1430 nobis
2183 1371 2630 1443 interpretatione
2667 1370 2954 1425 verborum
2993 1382 3220 1422 eorum:
3257 1385 3276 1419 ι
3319 1367 3417 1421 Hic

1840 1472 1992 1525 venit
2045 1467 2111 1522 ad
2167 1465 2612 1530 testiﬁcandum,
2646 1473 2709 1519 ut
2744 1463 3134 1518 testiﬁcaretur
3175 1462 3241 1517 de
3294 1461 3417 1516 luce
3501 1449 3512 1453 ’

1841 1561 1931 1617 illa
1959 1562 2058 1625 ⁵³,ι
2086 1560 2270 1615 omnia
2318 1559 2434 1614 haec
2486 1555 2954 1612 transcurrimus?
2981 1555 3050 1608 At
3084 1553 3370 1609 dicendum
3397 1593 3414 1620 ,

1843 1667 2069 1709 necesse
2124 1651 2296 1707 fuisse
2339 1649 2562 1706 Joannis
2596 1647 2906 1704 testimonia
2941 1647 3007 1702 de
3050 1646 3169 1700 luce
3200 1645 3288 1699 illa
3319 1645 3417 1700 de-

1845 1754 2149 1800 monstrare
2171 1743 2526 1812 ordinemque
2564 1754 2752 1794 eorum
2779 1752 3052 1808 exponere
3083 1755 3095 1791 :
3122 1746 3288 1806 atque
3317 1736 3418 1790 uti‘

1844 1837 2051 1891 litatem
2077 1850 2196 1906 quae
2230 1835 2475 1889 insecuta
2520 1832 2684 1890 fuerit
2720 1847 2816 1888 eos
2845 1833 2983 1901 apud
3019 1846 3157 1900 quos
3189 1839 3420 1884 testatus

1845 1923 2058 1989 fuisset,
2099 1924 2299 1979 factam
2330 1932 2452 1993 post
2489 1919 2712 1978 Joannis
2741 1921 3108 1977 testimonium
3139 1935 3165 1972 a
3195 1917 3343 1986 Jesu,
3365 1928 3421 1972 ut

1846 2017 2105 2088 perfectio
2139 2016 2433 2072 testimonii
2455 2013 2682 2070 Joannis
2709 2014 3103 2070 declararetur.
3123 2010 3263 2079 Quin
3294 2020 3421 2065 ante

1849 2114 1964 2168 haec
2005 2111 2308 2167 testimonia
2343 2109 2596 2180 Baptista:
2639 2107 2938 2164 exsultatio
2978 2120 3090 2176 pra:
3135 2105 3332 2176 gaudio
3366 2105 3419 2159 in

1848 2215 2003 2261 utero
2042 2205 2318 2260 Elisabeth
2365 2212 2586 2273 propter
2611 2201 2794 2256 Mariae
2827 2200 3235 2264 salutationem,
3274 2198 3420 2253 testi-

1848 2300 2086 2354 monium
2119 2299 2218 2353 fuit
2255 2298 2321 2353 de
2347 2297 2583 2361 Christo,
2621 2295 2948 2350 testiﬁcante
2979 2292 3222 2362 Baptista
3247 2293 3312 2348 de
3333 2290 3421 2345 di-

1848 2393 2074 2447 vinitate
2112 2390 2484 2460 conceptionis
2522 2398 2576 2445 et
2609 2396 2762 2444 ortus
2792 2386 3017 2443 Christi.
3043 2384 3180 2452 Quid
3231 2384 3423 2455 plura?

1849 2485 1941 2540 Vel
1964 2485 2162 2554 ubique
2187 2482 2341 2539 testis
2358 2494 2411 2538 et
2433 2496 2738 2553 prmcursor
2755 2479 2883 2536 Jesu
2904 2490 2986 2534 est
3000 2476 3238 2535 Joannes
3269 2486 3425 2531 ante-

1848 2587 2064 2633 vertens
2098 2577 2242 2632 illius
2265 2585 2464 2640 ortum,
2497 2585 2551 2630 et
2576 2574 2733 2644 paulo
2759 2583 2885 2630 ante
2917 2582 3146 2628 mortem
3169 2569 3292 2626 Filii
3329 2571 3424 2624 Dei

1848 2669 2105 2734 moriens,
2125 2678 2183 2723 ut
2216 2684 2323 2723 tton
2353 2667 2526 2723 solum
2557 2669 2622 2722 ad
2656 2666 2828 2732 vivos,
2849 2679 3039 2721 verum
3061 2672 3114 2718 et
3146 2664 3212 2718 ad
3239 2676 3429 2732 exspe-

1847 2772 2055 2819 c1antes
2072 2762 2373 2818 libertatem
2393 2777 2420 2814 a
2442 2769 2613 2815 morte
2631 2775 2726 2830 per
2737 2759 3012 2816 Christum
3027 2756 3284 2822 futuram,
3301 2763 3428 2810 ante

1846 2855 2120 2910 Christum
2149 2854 2472 2919 adveniens,
2505 2853 2704 2923 ubique
2739 2852 2964 2907 Domino
2997 2858 3217 2921 pararet
3258 2864 3429 2920 popu-

1847 2950 1956 3003 lum
1985 2947 2400 3013 instructum";
2428 2947 2687 3017 pertingit
2715 2954 2895 3000 autem
2926 2959 3094 3014 usque
3128 2944 3194 2997 ad
3224 2957 3427 2997 secun-

1847 3045 1996 3108 dum,
2026 3056 2259 3111 eumque
2300 3041 2620 3096 diviniorem
2643 3081 2657 3106 ,
2687 3040 2888 3096 Christi
2927 3040 3218 3093 adventum
3261 3034 3428 3092 Joan-

1846 3137 1929 3192 nis
1966 3135 2358 3192 testimonium.
2399 3153 2416 3186 ι
2459 3134 2514 3188 Si
2546 3134 2693 3189 enim
2737 3131 2920 3196 vultis,
2961 3131 3136 3200 inquit
3162 3128 3231 3195 ³⁵,
3276 3128 3426 3184 reci-

1847 3245 2012 3300 pere,
2091 3229 2206 3299 ipse
2281 3236 2363 3282 est
2442 3226 2624 3294 Elias,
2693 3224 2788 3295 qui
2850 3234 3112 3279 venturus
3161 3232 3262 3278 est.
3322 3221 3426 3289 Qui

1847 3323 2007 3378 habet
2054 3333 2214 3377 aures
2255 3319 2528 3384 audiendi,
2573 3318 2772 3373 audiat.
2817 3335 2836 3368 ι
2871 3314 3136 3372 Caeterum
3183 3328 3304 3368 cum
3358 3312 3430 3367 sit

1839 3415 2161 3488 principium
2207 3414 2259 3469 in
2298 3428 2404 3484 quo
2427 3419 2510 3468 est
2530 3412 2720 3466 Sermo
2740 3409 2906 3480 (quod
2949 3406 3267 3478 sapientiam
3309 3419 3430 3460 esse

1840 3524 1906 3564 ex
1937 3508 2355 3565 Proverbiorum
2403 3506 2538 3561 libro
2579 3501 2966 3572 ostendimus),
2996 3511 3226 3568 cumque
3265 3497 3429 3552 etiam

1842 3603 1913 3659 sit
1951 3601 2182 3665 Sermo,
2223 3606 2384 3668 atque
2435 3596 2545 3649 vita
2599 3595 2652 3648 in
2709 3594 2812 3648 hoc
2873 3593 3056 3657 facta,
3116 3605 3180 3645 ac
3235 3587 3432 3644 deinde

1843 3695 1950 3749 vita
1971 3693 2041 3747 sit
2064 3691 2151 3746 lux
2176 3690 2472 3755 hominum,
2493 3702 2674 3757 quaero
2692 3700 2790 3741 cur
2819 3685 3054 3749 tandem,
3077 3698 3195 3738 cum
3220 3699 3239 3734 ι
3264 3681 3429 3736 homo

1847 3787 2042 3840 missus
2068 3798 2098 3838 a
2141 3783 2271 3849 Deo,
2308 3781 2395 3836 cui
2443 3794 2640 3835 nomen
2671 3786 2787 3832 erat
2816 3775 3076 3840 Joannes,
3122 3773 3334 3828 venerit
3361 3772 3429 3826 ad

1849 3875 2344 3940 testiﬁcandum,ut
2368 3872 2752 3928 testiﬁcaretur
2778 3869 2844 3925 de
2875 3868 3106 3932 Ιιιεε⁸⁸,ι
3138 3880 3243 3921 non
3264 3865 3426 3921 etiam

1846 3971 2057 4027 venerit
2093 3977 2152 4023 ut
2191 3966 2578 4023 testiﬁcaretur
2609 3965 2675 4018 de
2709 3961 2850 4028 vita,
2882 3959 2968 4015 vel
3001 3968 3058 4012 ut
3105 3958 3428 4013 testiﬁcare-

1849 4073 1938 4118 tur
1973 4061 2038 4116 de
2069 4059 2352 4122 Sermone,
2385 4057 2468 4111 vel
2498 4057 2564 4110 de
2593 4052 2882 4123 principio,
2902 4049 2984 4104 vel
3013 4051 3081 4104 de
3103 4060 3429 4117 quacunque

1849 4155 1955 4210 alia
1983 4152 2418 4210 consideratione
2466 4147 2666 4204 Christi
2700 4146 2722 4200 ?
2755 4144 2987 4200 Proinde
3020 4139 3304 4196 considera
3337 4153 3430 4205 an,

1850 4249 2106 4318 quoniam
2146 4265 2163 4298 ι
2195 4243 2426 4315 p0pulus
2457 4242 2548 4313 qui
2593 4240 2815 4297 sedeb'at
2843 4239 2896 4293 in
2947 4232 3209 4300 tenebris,
3237 4231 3434 4287 viderit

1850 4342 2027 4398 lucem
2086 4353 2339 4411 magnam
2367 4336 2434 4403 ⁵⁸,
2474 4355 2492 4389 ι
2527 4343 2583 4390 ει
2615 4335 2869 4405 quoniam
2911 4351 2930 4384 ι
2966 4331 3058 4384 lux
3101 4329 3154 4384 in
3190 4326 3433 4382 tenebris

1853 4434 1995 4489 lucet
2028 4452 2046 4485 ι
2091 4448 2198 4488 non
2246 4430 2581 4501 deprehensa
2609 4428 2678 4483 ab
2707 4427 2841 4499 ipsis
2875 4424 3113 4481 tenebris
3130 4422 3200 4489 ",
3235 4421 3312 4476 illi
3337 4420 3430 4489 qui

1853 4537 1980 4583 sunt
2011 4527 2067 4582 in
2100 4523 2370 4588 tenebris,
2404 4537 2597 4592 nempe
2648 4520 2930 4584 homines,
2964 4516 3083 4571 luce
3133 4514 3430 4584 indigeant.

1854 4623 1987 4677 Nam
2022 4620 2068 4676 si
2105 4619 2196 4673 lux
2227 4617 2507 4673 hominum
2535 4615 2588 4670 in
2616 4613 2856 4669 tenebris
2881 4611 3046 4676 lucet,
3077 4609 3186 4680 92
3217 4607 3433 4678 quando

162 4710 458 4784 ἀνθρώπων
491 4716 553 4767 ἐν
583 4718 650 4787 τῇ
685 4718 874 4791 σκοτίᾳ
905 4720 1112 4788 φαίνει,
1159 4697 1296 4776 ἔνθα
1316 4697 1566 4795 ούδαμῶς
1594 4727 1741 4800 ἐνέρ-

1856 4714 2000 4770 nulla
2027 4711 2248 4768 omnino
2289 4708 2633 4765 tenebrarum
2681 4705 2926 4776 operatio
2959 4703 3082 4768 erit,
3127 4710 3256 4754 tunc
3296 4697 3434 4751 alias

161 4820 274 4872 γεια
295 4808 521 4872 σκοτίας
546 4811 839 4880 τυγχάνει,
867 4814 1069 4886 ἐτέρων
1101 4817 1353 4870 ἐπινοιῶν
1381 4818 1486 4872 τοῦ
1508 4821 1758 4893 Χριστοῦ

163 4901 594 4972 κοινωνήσομεν,
644 4903 742 4958 νῦν
783 4906 987 4978 κυρίως
1031 4908 1124 4961 καίΙ
1165 4910 1307 4964 κατὰ
1334 4911 1395 4964 τὸ
1434 4912 1658 4983 ἀκριϐὲς
1685 4914 1744 4966 ού

167 4995 482 5064 μετέχοντες
509 4995 711 5051 αὐτῶν.
747 4998 869 5062 Πῶς
904 5000 1013 5072 γὰρ
1045 5002 1345 5074 μετέχομεν
1387 5004 1551 5075 ζωῆς,
1583 5006 1632 5058 οί
1666 5005 1746 5060 έτι

162 5082 216 5136 τὸ
246 5086 407 5158 σῶμα
429 5086 529 5142 τοῦ
558 5087 786 5143 θανάτου
816 5094 1189 5164 περικείμενοι
1227 5111 1242 5160 ;
1278 5115 1295 5146 ι
1318 5089 1415 5148 Ὧν
1443 5099 1476 5166 ή
1513 5095 1626 5167 ζωὴ
1652 5097 1744 5150 κέ-

165 5193 393 5246 κρυπται
444 5181 546 5234 σὺν
597 5181 677 5252 τῷ
712 5183 932 5256 Χριστῷ
984 5186 1041 5239 ἐν
1080 5186 1158 5258 τῷ
1184 5187 1344 5258 Θεῴς
1384 5189 1550 5242 Ὅταν
1582 5189 1690 5261 γὰρ
1717 5190 1744 5241 6

165 5267 388 5340 Χριστῆς
420 5273 738 5346 φανερωθῇ,
763 5277 798 5347 ή
832 5274 945 5345 ζωὴ
971 5277 1147 5348 ἡμῶν,
1183 5280 1303 5333 τότε
1333 5280 1427 5334 καὶ
1453 5281 1617 5350 ἡμεῖς
1647 5281 1745 5334 σὺν

166 5368 301 5438 αὐτῷ
324 5366 838 5442 φανερωθησόμεθα
863 5374 921 5426 ἐν
952 5373 1099 5446 δόξῃ.
1138 5393 1158 5427 ι
1191 5375 1304 5446 υύχ
1335 5371 1445 5428 οἷόν
1468 5392 1527 5428 τε
1559 5370 1653 5430 οὖν
1677 5370 1752 5446 ῆν

166 5458 246 5513 τὸν
275 5459 508 5518 ἐλθόντα
544 5466 894 5538 μαρτυρῆσαι
941 5469 1070 5539 περὶ
1113 5468 1212 5538 τῆς
1252 5467 1399 5539 ζωῆς
1427 5469 1528 5540 τῆς
1573 5469 1653 5522 ἔτι
1684 5468 1752 5524 ἂν

169 5556 550 5627 κρυπτομένης
584 5557 683 5613 σὺν
707 5557 786 5629 τῷ
818 5557 1040 5631 Χριστῷ
1077 5562 1133 5613 ἐν
1161 5561 1238 5632 τῷ
1273 5561 1412 5632 Θεῷ.
1457 5562 1595 5615 Ἀλλ’
1631 5562 1753 5617 οὐδὲ

169 5638 317 5714 ἦλθεν
340 5649 426 5711 είς
454 5648 786 5720 μαρτυρίαν,
806 5651 892 5704 ἵνα
927 5654 1253 5726 μαρτυρήσῃ
1280 5653 1410 5724 περὶ
1433 5652 1527 5706 τοῦ
1554 5654 1750 5722 Λόγου,

169 5739 325 5807 Λόγον
349 5742 520 5814 ήμῶν
545 5741 807 5797 νοούντων
836 5742 924 5797 τὸν
949 5745 1009 5797 ἐν
1031 5744 1172 5816 ἀρχῇ
1195 5745 1332 5816 πρὸς
1355 5745 1446 5799 τὸν
1477 5745 1629 5812 Θεὸν,
1662 5746 1756 5800 καὶ

1857 4803 2060 4860 Christi
2119 4800 2587 4858 considerationes
2634 4796 3115 4868 participabimus,
3167 4805 3288 4844 cum
3325 4789 3430 4842 mi-

1857 4898 2000 4953 nime
2048 4895 2194 4966 ipsas
2238 4893 2460 4965 proprie
2505 4907 2684 4956 nunc,
2723 4899 2776 4944 et
2825 4897 2977 4944 certo
3021 4881 3430 4956 participemus.

1857 4992 1991 5046 Nam
2032 4989 2304 5060 quomodo
2351 4988 2471 5043 vitae
2510 4986 2803 5058 participes
2852 4994 3059 5045 sumus,
3113 4979 3207 5049 qui
3256 4976 3434 5033 adhuc

1857 5097 2084 5154 corpore
2118 5082 2221 5138 hoc
2250 5079 2465 5136 mortali
2513 5074 2962 5133 circumdamur?
2997 5089 3016 5123 ι
3047 5071 3288 5139 Quorum
3324 5071 3442 5124 vita.

1853 5175 2170 5234 abscondita
2200 5184 2284 5230 est
2309 5188 2413 5228 una
2439 5186 2561 5227 cum
2595 5168 2811 5225 Christo
2837 5167 2889 5220 in
2942 5165 3052 5222 Deo
3079 5166 3102 5220 ’ί
3127 5165 3260 5222 Cum
3290 5165 3437 5220 enim
3516 5171 3525 5175 ’

1856 5268 2107 5324 Christus
2164 5265 2474 5337 apparuerit
2523 5263 2630 5316 vita
2685 5267 2894 5326 nostra,
2927 5269 3052 5315 tunc
3078 5268 3134 5314 et
3176 5273 3272 5312 nos
3301 5271 3426 5311 cum

1856 5360 1972 5430 ipso
2019 5358 2403 5430 apparebimus
2428 5356 2479 5410 in
2511 5354 2680 5426 gloria
2717 5353 2785 5408 ⁸⁸.
2825 5373 2846 5407 δ
2885 5351 3058 5407 Homo
3088 5365 3218 5420 ergo
3258 5347 3437 5403 nullus

1852 5454 1946 5524 qui
1999 5454 2260 5519 venisset,
2297 5449 2576 5506 testiﬁcari
2629 5456 2843 5518 poterat
2874 5448 2942 5504 de
2977 5447 3087 5501 vita
3134 5445 3434 5501 etiamnum

1853 5563 1975 5602 cum
2003 5544 2221 5602 Christo
2245 5543 2563 5599 abscondita
2591 5542 2646 5598 in
2681 5541 2808 5598 Deo.
2851 5541 2958 5596 Sed
2983 5552 3156 5608 neque
3189 5535 3335 5591 venit
3369 5532 3439 5588 ad

1857 5639 2282 5704 testiﬁcandum,
2313 5647 2370 5692 ut
2423 5636 2810 5691 testiﬁcaretur
2869 5633 2937 5688 de
2977 5631 3284 5687 Sermone:
3316 5627 3437 5683 Ser-

1859 5751 2075 5792 monem
2127 5731 2601 5790 considerantibus
2657 5728 2813 5785 nobis
2866 5727 2920 5782 in
2967 5725 3232 5797 principio
3291 5721 3436 5792 apud

231 5851 598 5920 "Joan.l,7.
676 5851 1045 5925 l’Luc.i,l7.
1122 5855 1681 5925 “lilatth.xr,M,15.
1759 5856 2140 5922 "Joan.t,6.
2217 5844 2983 5919 “lsa.tx,%;Matth.iv,l6.
3064 5838 3431 5907 "Joan.l,5.

175 5924 215 5957 ⁸³
235 5929 413 5982 Colos.
454 5942 516 5982 ιιι
537 5964 554 5991 ,
583 5925 644 5992 '5,
674 5924 730 5979 4.

239 6016 370 6090 βσ)
409 6015 576 6089 Legit
602 6016 876 6085 interpres
901 6011 1082 6084 εἰμὴ,
1122 6010 1249 6068 ἐπεὶ
1287 6016 1316 6069 ὀ
1344 6016 1511 6084 λαὸς,
1543 6033 1595 6071 κ.
1629 6034 1676 6071 τ.
1716 6014 1765 6072 λ.
1805 6025 1970 6084 Ευιτ,
