3866 6532
496 499 594 564 185

1963 512 2285 572 οιιιοΕΝιδ

3647 518 3743 575 184

486 625 658 687 Deum
686 629 754 697 ⁵³,
785 637 839 686 ει
867 628 1038 687 Deum
1077 630 1393 688 Sermonem
1429 647 1445 687 :
1483 644 1647 705 super
1684 642 1883 690 terram
1916 633 2028 689 enir

2165 633 2297 688 Θεὸν
2325 632 2497 704 Λόγον
2514 650 2528 665 ο
2564 631 2657 687 ἐπὶ
2685 632 2788 705 γῆς
2817 633 2925 703 γὰρ
2944 634 2972 686 ό
2996 634 3167 703 Λόγος
3197 632 3335 707 σὰρξ
3363 633 3603 705 ἐγένετο.
3637 635 3744 690 Καὶ

485 725 684 781 Sermo
714 723 892 782 factus
928 733 1013 784 est
1059 741 1189 784 caro
1218 726 1288 784 “.
1318 727 1381 785 Et
1441 727 1633 785 fuisset
1693 728 2059 784 testimonium

480 817 760 893 (quamvis
811 821 1135 890 quibusdam
1186 823 1467 879 videretur
1513 837 1636 878 esse
1673 823 1740 877 de
1774 822 2058 893 Sermone)

484 912 705 982 proprie
750 911 1036 971 dicendum
1063 915 1129 971 de
1167 914 1430 972 Sermone
1463 915 1553 985 qui
1584 914 1756 969 factus
1786 924 1873 970 est
1905 926 2055 976 caro,

480 1017 591 1060 non
621 1018 798 1062 autem
825 1007 892 1064 de
919 1007 1182 1064 Sermone
1213 1009 1345 1074 Dei;
1371 1023 1543 1080 quare
1567 1023 1672 1063 non
1704 1007 1853 1063 venit
1891 1017 1948 1061 ut
1973 1015 2056 1063 te-

480 1096 813 1153 stiﬁcaretur
843 1099 911 1156 de
946 1098 1232 1155 Sermone.
1266 1098 1550 1167 Quomodo
1592 1097 1707 1153 fieri
1751 1113 1880 1154 vero
1907 1106 2059 1168 pote-

478 1199 566 1246 rat
602 1191 970 1247 testimonium
999 1193 1066 1248 de
1095 1192 1362 1264 sapientia
1387 1206 1520 1263 pure
1549 1190 1838 1262 lucideqne
1864 1205 2052 1246 verum

478 1294 589 1337 non
619 1278 1052 1353 dispicientibus,
1077 1282 1293 1339 etiamsi
1310 1280 1691 1338 existimarent
1716 1297 1775 1338 se
1794 1294 2056 1350 agnosce-

474 1388 557 1441 re,
585 1376 679 1431 sed
706 1376 1055 1431 cernentibus
1078 1388 1177 1447 per
1205 1375 1480 1446 speculum
1503 1383 1558 1431 et
1582 1374 1636 1429 in
1661 1374 1947 1445 aenigmate
1968 1373 2053 1428 “?

442 1463 709 1522 Proinde
738 1465 1021 1537 probabile
1057 1478 1137 1522 est
1173 1465 1434 1531 futurum,
1495 1472 1551 1519 ut
1590 1474 1717 1520 ante
1752 1464 2050 1520 secundum

469 1564 523 1613 et
554 1557 879 1616 diviniorem
910 1554 1109 1616 Christi
1138 1558 1432 1614 adventum
1474 1557 1657 1613 veniat
1683 1554 1921 1611 Joannes
1957 1564 2053 1611 aut

468 1650 616 1710 Elias
668 1653 735 1710 ad
787 1654 1187 1710 testificandum
1237 1650 1303 1710 de
1348 1651 1502 1720 vita,
1542 1650 1705 1722 paulo
1757 1659 2046 1720 antequam

465 1742 718 1799 Christus
750 1740 1184 1801 manifestandus
1224 1745 1295 1800 sit
1331 1744 1442 1800 vita
1481 1753 1690 1809 nostra,
1725 1754 1790 1799 ac
1830 1752 1943 1799 tum
1983 1745 2048 1800 de

467 1833 733 1892 Sermone
755 1837 1095 1899 testificaturi
1125 1838 1239 1893 sint
1256 1837 1638 1908 ostensurique
1674 1836 2043 1892 testimonium

465 1930 533 1984 de
551 1929 842 1998 sapientia.
862 1929 1212 2003 lndagatione
1245 1940 1424 1987 autem
1437 1944 1636 2004 egetan
1650 1935 1704 1991 in
1723 1944 2045 2003 unaquaque

2159 721 2228 798 ἦν
2255 726 2322 781 ἂν
2353 726 2647 799 μαρτυρία,
2675 725 2745 797 (εἰ
2768 727 2862 780 καὶ
2888 725 3063 779 ἐδόκει.
3097 725 3337 794 γίνεσθαι
3363 728 3494 799 ’περὶ⁵
3526 727 3622 782 τοῦ
3648 728 3744 782 Λό-

2158 820 2303 890 γου,)
2331 819 2536 890 κυρίως
2571 817 2638 872 ἂν
2665 818 3037 889 λεχθησομὲνη
3071 821 3106 888 ἡ
3156 820 3284 891 περὶ
3311 819 3487 890 Λόγου
3527 821 3745 892 γενομέ-

2157 928 2250 965 νου
2282 911 2480 985 σαρκὸς
2503 952 2518 978 ,
2563 909 2684 982 οὐχὶ
2717 910 2774 964 δὲ
2807 911 2982 981 Λόγου
3015 910 3172 965 Θεοῦ·
3223 912 3412 985 διόπερ
3443 914 3548 967 οὐκ
3582 910 3741 986 ἦλθεν

2159 1004 2244 1058 ἵνα
2291 1005 2615 1078 μαρτυρήσῃ
2663 1005 2793 1076 περὶ
2835 1004 2929 1058 τοῦ
2977 1006 3173 1075 Λόγου.
3213 1006 3338 1072 Πῶς
3373 1006 3438 1061 δὲ
3468 1008 3740 1080 μαρτυρία

2154 1096 2364 1167 ἐγίνετο
2392 1094 2504 1168 (27)
2550 1095 2798 1166 γίνεσθαι
2828 1098 2956 1169 περὶ
2982 1098 3084 1169 τῆς
3118 1098 3310 1167 σοφίας
3345 1101 3482 1164 τοῖς,
3535 1099 3638 1153 κᾶν
3658 1098 3740 1155 δο-

2156 1189 2325 1244 κῶσιν
2350 1190 2665 1259 ἐγνωκέναι,
2682 1189 2744 1243 οὐ
2775 1189 2836 1243 τὸ
2865 1190 3120 1262 καθαρῶς
3142 1190 3343 1263 ἀληθὲς
3362 1191 3736 1261 κατανοοῦσιν,

2153 1279 2290 1335 ἀλλὰ
2324 1279 2578 1351 βλέπουσι
2608 1280 2674 1335 δι’
2700 1281 2969 1353 ἐσόπτρου
2996 1282 3094 1337 καὶ
3125 1284 3185 1336 ἐν
3215 1283 3500 1354 αἰνίγματι
3527 1301 3542 1350 ;
3577 1282 3734 1351 Εἰκὸς

2156 1372 2402 1444 μέντοιγε
2437 1373 2542 1445 πρὸ
2564 1373 2665 1438 τῆς
2697 1373 2957 1447 δευτέρας
2988 1373 3101 1446 (28)
3145 1375 3239 1429 καὶ
3279 1375 3560 1448 θειοτέρας
3608 1379 3737 1450 Χρι-

2153 1464 2280 1518 στοῦ
2305 1465 2600 1536 ἐπιδημίας
2626 1465 2942 1521 ἐλεύσεσθαι
2976 1470 3392 1540 μαρτυρήσοντα
3431 1469 3525 1523 τὸν
3562 1471 3738 1525 Ἰωάν-

2148 1574 2268 1630 νην,
2314 1559 2347 1630 ἢ
2392 1559 2577 1613 Ἠλίαν
2621 1562 2749 1633 περὶ
2791 1560 2968 1632 ζωῆς,
3010 1561 3117 1633 πρὸ
3154 1561 3337 1632 ὀλίγου
3378 1563 3470 1617 τὸν
3504 1562 3737 1637 Χριστὸν

2150 1650 2632 1723 φανερωθήσεσθαι
2653 1652 2753 1722 τὴν
2779 1650 2924 1725 ζωὴν
2951 1650 3108 1724 ἡμῶν
3134 1670 3146 1684 ·
3178 1655 3273 1707 καὶ
3298 1655 3418 1707 τότε
3450 1658 3735 1727 μαρτυρή-

2149 1760 2261 1798 σειν
2289 1743 2417 1818 περὶ
2443 1742 2538 1796 τοῦ
2569 1744 2766 1813 Λόγου,
2796 1746 3172 1817 παραστήσειν
3195 1762 3253 1800 τε
3277 1746 3340 1800 τὸ
3365 1748 3494 1819 περὶ
3521 1748 3621 1819 τῆς
3650 1765 3733 1800 σο-

2147 1835 2277 1907 φίας
2308 1835 2627 1911 μαρτύριον.
2666 1836 2906 1891 Βασάνου
2939 1836 2997 1891 δὲ
3021 1836 3194 1891 δεῖται
3229 1840 3277 1892 εἰ
3305 1838 3514 1895 ἔνεστιν
3546 1833 3659 1892 οἷον
3697 1842 3730 1910 ή

2158 1928 2407 1983 Ἰωάννου
2442 1929 2717 2000 μαρτυρία
2748 1929 3052 2001 πρόδρομος
3087 1928 3291 2003 ἑκάστῃ
3331 1929 3440 1984 τῶν
3475 1930 3575 1984 τοῦ
3605 1929 3732 2002 Χριο

463 2020 900 2078 consideratione
947 1990 1025 2078 δέ
1062 2022 1279 2079 Christo
1326 1990 1637 2079 testificatio
1688 1990 1914 2085 Joannis
1957 1990 2028 2079 ἐἰη

2148 2021 2275 2077 στοῦ
2309 1990 2579 2076 ἐπινοιων.
2621 1990 2807 2077 ῖῐαῦτα
2836 1990 3047 2095 μένέίξ
3077 2024 3167 2076 τό·
3209 2042 3227 2075 ι
3259 1990 3426 2087 ὃῦτος
3464 2016 3630 2095 ἦλθεν
3654 1990 3731 2088 είς

460 2110 628 2168 veluti
656 2128 982 2186 praecursor.
1017 2113 1143 2172 "me
1162 2114 1381 2187 quidem
1409 2114 1463 2172 in
1502 2114 1674 2173 illud:
1710 2132 1729 2170 ι
1760 2112 1859 2173 Hic
1888 2110 2039 2173 venit

459 2206 527 2262 ad
563 2204 988 2277 testificandum,
1022 2216 1080 2265 ut
1109 2209 1496 2266 testificaretur
1524 2209 1731 2281 deluce
1744 2212 1849 2268 “.3
1873 2209 2036 2266 Dein-

457 2312 587 2369 ceps
615 2315 743 2357 vero
773 2298 1231 2359 considerandum
1261 2314 1344 2361 est
1374 2308 1501 2377 quid
1555 2303 1912 2361 commentari
1942 2304 2037 2358 de-

457 2391 685 2451 beamus
710 2395 761 2448 in
782 2392 911 2450 illud
938 2410 951 2448 :
975 2412 997 2448 ι
1027 2393 1299 2453 Utomnes
1323 2398 1608 2455 crederent
1629 2408 1725 2466 per
1760 2395 1908 2450 illum
1941 2395 2039 2453 ⁸³.»

2149 2117 2475 2191 μαρτυρίαν,
2507 2118 2595 2172 ἵνα
2626 2118 2951 2190 μαρτυρήσῃ
2986 2118 3114 2190 περὶ
3145 2116 3238 2170 τοῦ
3272 2118 3469 2187 φωτός.
3515 2135 3535 2168 ι
3577 2116 3731 2186 Ἑξῆς

2144 2210 2201 2265 δέ
2231 2210 2594 2264 ἐπισκεπτέον
2623 2210 2677 2263 τί
2714 2210 2797 2264 δεῖ
2836 2213 2977 2264 νοεῖν
3012 2211 3094 2275 είς
3133 2210 3194 2264 τό
3213 2211 3387 2265 ἰἿνα
3413 2208 3617 2273 πάντες
3643 2225 3731 2261 πι-

2148 2303 2411 2358 στεύσωσι
2444 2303 2509 2358 δι’
2534 2302 2721 2358 αὐτοῦ.
2738 2329 2757 2361 ι

563 2649 658 2708 EX
695 2650 930 2711 EODEM
963 2654 1156 2716 TOMO
1186 2656 1252 2727 11,
1297 2658 1478 2716 APUD
1504 2659 1914 2719 PAMPHILUM
1953 2661 2028 2719 MA

2139 2662 2344 2721 'YREM
2383 2662 2453 2719 ΙΝ
2491 2662 2864 2721 ΑροιοσιΑ
2902 2663 3045 2720 PRO
3083 2660 3423 2722 ORIGENE
3472 2660 3612 2736 (‘29).

527 2793 860 2867 Unigenitus
878 2814 1009 2870 ergo
1035 2800 1177 2859 Deus
1205 2798 1456 2860 Salvator
1490 2816 1679 2861 noster
1701 2805 1847 2862 solus
1869 2821 1899 2862 a
1932 2805 2033 2861 Pa—

450 2895 541 2944 tre
559 2901 868 2960 generatus,
903 2903 1095 2950 natura
1124 2906 1180 2952 et
1221 2911 1330 2954 non
1375 2898 1668 2969 ad0ptione
1701 2897 1873 2955 Filius
1917 2909 2030 2963 est;

448 2993 611 3040 natus
653 2995 834 3042 autem
880 3001 943 3042 ex
976 2988 1095 3059 ipsa
1139 2989 1322 3046 Patris
1363 3000 1565 3058 mente,
1597 2991 1742 3047 sicut
1784 2990 2035 3048 voluntas

446 3093 514 3134 ex
551 3089 754 3134 mente.
796 3079 915 3135 Non
960 3082 1108 3138 enim
1138 3083 1433 3140 divisibilis
1468 3095 1551 3140 est
1596 3085 1777 3142 divina
1815 3095 2030 3152 natura,

447 3172 503 3226 id
524 3181 615 3226 est
631 3166 856 3243 ingeniti
874 3172 1073 3240 Patris,
1095 3182 1155 3230 ut
1180 3184 1436 3245 putemus
1459 3178 1543 3233 vel
1558 3178 1825 3237 divisione
1841 3177 1924 3234 vel
1940 3178 2039 3234 im-

446 3260 754 3322 minutione
793 3265 1113 3325 substantite
1141 3269 1261 3340 ejus
1294 3269 1486 3325 Filium
1514 3286 1637 3328 esse
1667 3273 2031 3346 progenitum.

446 3353 557 3414 Sed
572 3359 689 3415 sive
706 3373 882 3426 mens,
906 3361 1023 3418 sive
1050 3376 1168 3430 cor,
1196 3371 1290 3418 aut
1317 3378 1509 3422 sensus
1536 3366 1602 3421 de
1636 3365 1742 3422 Deo
1772 3365 2035 3423 dicendus

2140 2816 2242 2874 est,
2292 2807 2632 2866 indiscussus
2665 2818 3010 2880 permanens,
3041 2824 3261 2880 germen
3317 2808 3609 2880 proferens
3635 2826 3723 2865 vo-

2142 2902 2386 2969 luntatis,
2418 2903 2593 2960 factus
2622 2915 2704 2960 est
2757 2903 2916 2960 Verbi
2968 2902 3162 2968 Pater;
3199 2904 3344 2973 quod
3399 2903 3638 2959 Verbum
3671 2903 3723 2957 in

2140 2994 2264 3051 sinu
2306 2994 2484 3052 Patris
2524 2998 2906 3067 requiescens,
2938 2996 3227 3052 annuntiat
3264 3014 3284 3048 ι
3320 2994 3515 3060 Deum,
3562 3011 3721 3065 quem

2141 3101 2301 3145 nemo
2324 3089 2460 3145 vidit
2493 3103 2732 3160 unquam
2749 3089 2848 3159 “,r
2869 3099 2923 3145 et
2945 3089 3151 3145 revelat
3179 3088 3421 3154 Patrem,
3442 3103 3603 3158 quem
3632 3102 3727 3144 ne-

2141 3197 2233 3238 mo
2265 3183 2517 3253 cognovit
2539 3183 2639 3237 nisi
2675 3183 2791 3253 ipse
2829 3183 2978 3240 solus
3001 3184 3067 3249 ",
3097 3184 3180 3240 his
3206 3197 3343 3253 quos
3368 3181 3436 3237 ad
3459 3197 3585 3239 eum
3621 3181 3719 3235 Pa-

2138 3284 2219 3331 ter
2247 3274 2485 3331 caelestis
2517 3275 2805 3330 attraxerit
2844 3275 2911 3332 “.

443 3559 496 3615 E
523 3558 820 3630 QUARTO
849 3559 1054 3617 ΤΟΜΟ
1074 3561 1162 3617 ΙΝ
1206 3561 1707 3623 ΕνΑΝςΕιΙυΜ
1757 3566 2028 3626 SECUN-

2156 3569 2254 3624 ΕΚ
2281 3570 2423 3624 ΤΟΥ
2445 3567 2822 3623 ΤΕΤΑΡΤΟΥ
2849 3566 3095 3619 ΤΟΜΟΥ
3117 3565 3255 3619 NN
3274 3566 3396 3620 ΕΙΣ
3432 3567 3517 3620 ΤΟ
3540 3570 3633 3621 ΚΑ
3646 3569 3720 3621 TA

880 3653 1045 3710 DUM
1073 3655 1466 3716 JOANNEM.

860 3749 1060 3807 Tribus
1084 3767 1116 3806 a
1150 3751 1422 3822 principio
1446 3753 1612 3811 foliis.

508 3841 621 3914 93
649 3842 701 3898 1.
731 3842 834 3912 Qui
880 3843 1077 3899 dividit
1106 3843 1247 3914 apud
1278 3857 1339 3900 se
1368 3858 1578 3912 vocem,
1612 3856 1669 3904 et
1697 3849 2022 3921 signiﬁcata,

436 3942 496 3990 et
523 3949 629 4001 res,
655 3950 755 4006 pro
791 3935 989 4006 quibus
1017 3937 1271 3993 notiones
1293 3947 1592 4008 ponuntur,
1618 3956 1724 3997 non
1759 3942 2026 4016 impinget

438 4028 507 4083 ad
541 4028 910 4084 soloecismum
938 4029 1110 4096 vocis,
1146 4043 1270 4084 cum
1303 4042 1681 4099 perscrutatus
1713 4049 1802 4091 res
1821 4039 2022 4107 quibus

432 4119 812 4189 signiﬁcandis
838 4133 1002 4175 voces
1025 4121 1378 4188 adhibentur,
1400 4137 1561 4177 sanas
1588 4132 1642 4179 et
1669 4128 1908 4198 integras
1937 4130 2021 4184 in-

434 4212 694 4281 venerit;
734 4210 972 4267 maxime
1010 4225 1143 4268 vero
1166 4224 1291 4268 cum
1319 4217 1681 4284 proﬁteantur
1713 4218 1815 4273 viri
1842 4221 2018 4277 sancti

430 4319 744 4360 sermonem
794 4316 950 4359 suum
983 4320 1005 4356 ι
1049 4312 1105 4359 ει
1140 4304 1476 4374 praeconium
1500 4346 1515 4372 ,
1556 4322 1663 4362 non
1708 4308 1761 4363 in
1794 4326 2018 4381 persua-

434 4396 594 4451 sione
628 4396 909 4468 sapientiae
944 4395 1257 4465 verborum,
1295 4398 1391 4454 sed
1444 4399 1499 4453 in
1548 4400 2016 4462 demonstratione

432 4488 664 4559 spiritus
691 4498 747 4544 et
772 4489 1057 4559 potestatis
1097 4508 1119 4543 ι
1151 4505 1272 4548 esse
1296 4490 1364 4546 θ’.

2683 3658 3003 3713 ιωΝΜιΝ
3037 3655 3172 3726 (εο).

2489 3750 2646 3807 Μετὰ
2678 3750 2803 3822 τρία
2834 3746 3006 3820 φύλλα
3032 3748 3132 3820 τῆς
3164 3747 3363 3821 ἀρχῆς.

2208 3851 2259 3905 1.
2291 3852 2349 3905 '0
2372 3847 2595 3921 διαιρῶν
2621 3846 2748 3919 παρ’
2770 3843 2945 3916 ἑαυτῷ
2966 3843 3171 3915 φωνὴν,
3195 3844 3289 3898 καὶ
3321 3842 3715 3915 σημαινόμενα,

2135 3943 2229 3998 καὶ
2258 3943 2559 4014 πράγματα
2580 3980 2594 4005 ,
2638 3939 2761 3994 καθ’
2806 3932 2880 3992 ὧν
2914 3939 3090 3992 κεῖται
3120 3936 3190 3991 τὰ
3218 3936 3621 4009 σημαινόμενα,
3652 3938 3713 3991 οὐ

2132 4036 2430 4109 προσκόψει
2458 4035 2537 4108 τῷ
2569 4034 2675 4088 τῶν
2706 4030 2898 4102 φωνῶν
2932 4028 3280 4102 σολοικισμῷ,
3314 4030 3455 4084 ἐπὰν
3480 4029 3715 4097 ἐρευνῶν

2129 4127 2355 4200 εὑρίσκῃ
2384 4127 2494 4197 (51)
2524 4124 2593 4179 τὰ
2618 4125 2938 4198 πράγματα,
2955 4121 3079 4177 καθ’
3106 4112 3181 4175 ὧν
3205 4124 3412 4175 κεῖνται
3441 4123 3498 4176 αἱ
3519 4122 3711 4191 φωναὶ,

2128 4222 2287 4293 ὑγιῆο
2320 4221 2413 4275 καὶ
2445 4219 2679 4291 μάλιστα
2705 4217 2844 4271 ἐπὰν
2883 4214 3220 4287 ὁμολογῶσιν
3254 4215 3305 4267 οἱ
3342 4215 3491 4284 ἅγιοι
3521 4214 3711 4286 ἄνδρες

2128 4315 2217 4368 τὸν
2240 4315 2395 4384 λόγον
2421 4312 2601 4369 αὐτῶν
2634 4331 2653 4363 ι
2693 4309 2872 4366 καὶτὸ
2903 4306 3304 4382 κήρυγμα,οὐκ
3334 4308 3395 4360 ἐν
3427 4307 3712 4361 πειθοίσο-

2123 4407 2250 4476 φίας
2277 4405 2386 4459 τῶν
2408 4405 2583 4473 λόγων
2608 4403 2742 4476 (52),
2766 4402 2880 4456 ἀλλ’
2896 4402 2955 4454 ἐν
2982 4398 3256 4467 ἀποδείξει
3286 4398 3597 4471 πνεύματος
3612 4400 3709 4455 καὶ

2124 4497 2428 4568 δυνάμεως.
2446 4520 2467 4553 ι

504 4602 553 4681 ξ’
575 4600 880 4681 ³⁰³⁰·¹ν.1’
952 4601 1004 4681 ῘΪ
1029 4602 1163 4681 ibid.
1201 4604 1289 4661 14.
1344 4606 1407 4681 _“
1447 4605 1470 4661 1
1504 4606 1632 4665 Cor.
1675 4622 1798 4676 xm,
1831 4611 1920 4667 12.
2011 4610 2028 4644 ⁴

2139 4627 2244 4666 tan.
2280 4629 2321 4681 t,
2359 4612 2415 4667 7.
2497 4610 2543 4642 ⁶⁹
2574 4610 2706 4667 ibid.
2784 4610 2829 4642 “
2865 4607 2996 4665 ibid.
3041 4607 3128 4663 18.
3207 4606 3253 4639 ⁸⁵
3277 4607 3465 4663 Matth.
3498 4624 3576 4677 ιι,
3610 4609 3705 4667 27.

433 4671 754 4740 “Joan.vr,
782 4673 873 4729 44.
950 4673 993 4707 ⁶’
1025 4672 1044 4727 l
1074 4674 1200 4733 Cor.
1234 4693 1296 4743 ιι,
1330 4678 1386 4733 4.

505 4794 618 4870 (‘27)
658 4794 944 4870 Ἐγίνετο.
973 4797 1119 4869 Lege
1138 4798 1379 4856 ἐδύνατο.

496 4868 620 4940 (28)
646 4868 844 4945 Εἰκὸςὲ
866 4868 1140 4945 μέντοιγε
1349 4869 1461 4945 τῆς
1513 4871 1820 4945 δευτέρας.
1881 4873 2013 4929 Vide

428 4939 554 5009 qua:
579 4955 742 5008 supra
765 4943 846 5013 ad
871 4939 1091 4996 Comm.
1112 4942 1172 4995 in
1221 4939 1420 4997 Matth.
1444 4957 1557 4998 xvu
1589 4939 1755 5013 super
1775 4939 1881 4999 hoc
1918 4958 2012 4998 ar-

431 5021 692 5083 gumento
724 5012 1013 5083 observata
1049 5020 1197 5067 sunt.

503 5078 617 5153 (29)
648 5078 825 5135 Hocce
856 5081 1264 5153 fragmentum,
1298 5084 1444 5152 quod
1498 5097 1531 5139 e
1571 5083 1813 5139 secundo
1868 5093 2014 5140 torno

424 5151 816 5220 depromptum
847 5151 1040 5218 fertur,
1076 5153 1265 5207 nullibi
1300 5151 1483 5209 tamen
1516 5154 1569 5208 in
1612 5169 1685 5208 eo
1731 5165 1879 5208 torno
1930 5171 2014 5209 re-

426 5225 610 5293 peries
634 5238 649 5285 ;
685 5223 827 5293 unde
859 5222 941 5277 vel
971 5223 1354 5293 detruncatum
1382 5240 1506 5278 eum
1535 5239 1654 5279 esse
1682 5225 2012 5280 concluden-

428 5291 556 5364 ilum
575 5299 681 5355 est,
707 5291 789 5346 vel
820 5294 1211 5364 suspicandum
1241 5292 1605 5364 fragmentum
1635 5296 1775 5349 istud
1805 5311 1836 5349 e
1865 5303 2011 5351 tomo

426 5363 622 5433 quinto
655 5374 776 5417 esse
809 5363 1236 5434 depromptum,
1263 5363 1744 5434 quemadmodum
1768 5373 1823 5418 et
1876 5364 2005 5419 illud

421 5437 571 5503 quod
614 5448 681 5487 ex
733 5433 924 5487 eodem
968 5443 1118 5489 tonio
1160 5433 1299 5489 infra
1357 5433 1655 5503 efferimus.
1716 5433 1781 5487 Et
1816 5450 2006 5491 revera

425 5502 573 5559 idem
602 5512 686 5559 est
727 5504 1013 5573 utriusque
1050 5504 1339 5573 fragmenti
1377 5502 1615 5568 initium,
1648 5504 1837 5559 eadem
1890 5505 2006 5562 fere

422 5577 623 5645 verba;
652 5574 749 5645 sed
775 5590 898 5645 cum
928 5572 1080 5645 prius
1107 5572 1392 5645 Pamphilo
1424 5574 1763 5645 probandum
1794 5574 2003 5630 incuru-

420 5638 582 5701 bcret
615 5658 683 5700 ex
724 5642 832 5699 Deo
864 5638 1026 5699 Pa'tre
1049 5644 1223 5716 (juxta
1247 5638 1575 5716 'Qrigenem)
1624 5643 1826 5699 Filium
1880 5659 2004 5701 esse

422 5724 641 5783 natum,
677 5724 735 5770 et
768 5716 934 5772 unius
958 5711 1083 5770 esse
1112 5726 1236 5769 cum
1272 5711 1437 5768 Patre
1486 5711 1831 5781 substantiae,
1863 5717 2005 5771 alie-

418 5800 555 5856 num
606 5800 744 5856 vero,
802 5802 831 5839 a
889 5784 1209 5856 substantiis
1262 5792 1662 5856 creaturarum,
1715 5791 2001 5856 postquam

304 5914 317 5919 _
424 5855 610 5926 dixit:
652 5875 671 5908 ι
706 5855 1027 5926 Unigeuitus
1053 5851 1516 5926 FiliusgSalvator
1548 5851 1757 5917 noster,
1785 5851 1875 5925 qui
1911 5872 1997 5913 so-

424 5924 510 5980 lus
542 5943 608 5981 ex
638 5926 801 5981 Patre
821 5924 993 5979 'natus
1040 5931 1144 5990 est,
1174 5924 1321 5979 solus
1357 5933 1552 5978 natura
1597 5934 1652 5978 et
1703 5924 1813 5982 non
1870 5929 2005 5982 ado-

425 5997 611 6065 ptione
652 5994 822 6052 Filius
848 6005 952 6062 est,
987 6012 1005 6045 ι
1041 5994 1231 6050 relicto
1279 5993 1518 6066 quodam
1573 5994 1885 6065 intervallo,
1935 5999 2003 6054 ad

1266 6174 1298 6203 κ

2049 4807 2094 4862 ι)
2121 4802 2447 4870 posteriora,
2478 4817 2601 4871 qitte
2630 4803 2697 4857 ad
2729 4818 2842 4857 rem
2884 4803 3221 4870 probandam

3264 4807 3561 4876 pertinent,
3594 4816 3707 4863 sta-

2121 4875 2219 4943 tim
2255 4873 2602 4943 progreditur
2635 4874 2720 4928 his
2746 4875 2931 4929 verbis
2963 4890 2976 4927 :
3015 4893 3032 4926 ι
3078 4874 3210 4930 Ιιειη
3241 4873 3292 4931 iu
3324 4877 3519 4935 eodem
3546 4873 3704 4934 libro.

2119 4939 2278 5020 Unus
2305 4939 2446 5020 ergo
2494 4955 2602 5020 est,
2652 4964 2671 4996 ι
2708 4957 2816 5020 e_tc.
2858 4944 3022 4999 Paulo
3043 4956 3176 5020 post
3200 4962 3351 5013 vero,
3393 4959 3454 5003 ut
3507 4952 3703 5020 probet

2115 5028 2185 5067 ex
2224 5013 2461 5084 Origene
2498 5013 2694 5068 Filium
2727 5015 2816 5069 Dei
2852 5030 2948 5082 per
2982 5013 3347 5084 prolationem
3378 5013 3566 5074 natu'm
3596 5036 3700 5074 non

2112 5098 2261 5149 eSse,
2291 5086 2431 5138 idem
2465 5086 2632 5140 hocce
2666 5086 2878 5139 initium
2914 5088 3160 5150 resumit,
3189 5087 3347 5154 cujus
3364 5099 3700 5154 contextum,

2118 5170 2283 5224 quem
2315 5154 2403 5207 hic
2433 5156 2776 5229 exhibemus,
2804 5157 2898 5229 ubi
2933 5170 2999 5210 ea
3032 5160 3099 5211 de
3122 5172 3184 5213 re
3207 5162 3411 5229 agitur,
3448 5162 3518 5215 ad
3540 5162 3700 5216 tinem

2124 5240 2296 5294 usque
2336 5225 2682 5295 transcribit.
2723 5226 2926 5282 Deinde
2965 5230 3218 5295 quamvis
3245 5225 3413 5285 'nulla
3459 5234 3699 5288 auctori-

2118 5300 2226 5360 tas,
2260 5294 2418 5349 nullae
2445 5298 2722 5352 variantes
2752 5294 3016 5353 lectiones
3046 5301 3379 5355 admoneant
3405 5312 3609 5358 tornum
3652 5318 3695 5357 ιι

2116 5380 2219 5439 pro
2246 5375 2395 5439 tomo
2416 5381 2449 5422 ν
2473 5368 2705 5437 positum
2740 5383 2862 5423 esse
2892 5370 2943 5423 in
2976 5369 3230 5439 Apologia
3261 5370 3556 5439 Pamphili,
3588 5373 3699 5427 llu-

2118 5436 2263 5510 _f_iuus
2292 5437 2409 5510 ipse
2461 5436 2620 5504 hujus
2648 5440 2918 5509 interpres
2950 5436 3109 5494 facile
3145 5436 3330 5509 potuit
3364 5436 3564 5510 decipi.
3616 5444 3695 5499 Ex

2115 5506 2295 5583 littera
2325 5509 2471 5583 enim
2495 5510 2559 5583 .11
2584 5510 2730 5583 unde
2756 5506 2979 5577 quintus
3009 5506 3267 5583 numerus
3297 5514 3441 5583 apud
3470 5506 3690 5570 Graecos

2115 5578 2461 5645 exprimitur,
2489 5576 2652 5634 facile
2685 5581 2746 5632 tit
2771 5576 3058 5655 :nnmerus
3085 5579 3149 5647 ll,
3176 5583 3221 5636 si
3252 5576 3406 5655 lin'ea
3442 5585 3693 5655 superius

2108 5656 2424 5702 transversa
2457 5659 2549 5703 aut
2578 5664 2683 5703 non
2717 5650 3029 5707 advertatur
3059 5661 3153 5707 aut
3184 5652 3457 5709 deleatur.

2179 5714 2293 5787 (30)
2330 5718 2445 5799 Ἐκ.
2464 5719 2904 5799 τρῇτετᾴρτου,
2930 5733 3038 5778 etc.
3058 5722 3258 5779 Exstat
3285 5728 3390 5782 huc
3420 5725 3693 5799 fragmen-

2108 5792 2223 5856 tum
2263 5802 2383 5856 cap.
2420 5790 2454 5843 4
2486 5788 2822 5845 Philocaliaz.

2318 5855 2609 5941 Eppium.
2636 5860 2729 5916 Sic
2764 5877 2920 5941 mss;
2945 5860 3083 5941 libb.
3116 5864 3268 5941 editi,
3298 5869 3566 5941 εὑρίσκει.

2110 5927 2303 6049 MSS”?
2348 5929 2475 5984 Τῶν
2522 5927 2739 6001 λόγων.
2782 5927 3095 6002 Legendutn
3142 5927 3531 5997 videtur'eivat
3577 5937 3688 5996 τῶν

2151 6013 2303 6068 mw.
