3866 6526
542 545 644 604 187

1969 532 2294 594 ORIGENIS

3725 539 3820 599 188

543 674 752 724 trusum
800 672 858 722 et
911 662 1071 720 nobis
1125 662 1303 719 adhuc
1355 663 1648 717 obscurum
1701 656 1982 729 proposita
2029 655 2120 710 illa

2232 650 2558 725 κρυμμένον,
2582 651 2676 705 καὶ
2703 651 2784 706 ἔτι
2807 653 2937 724 ἡμῖν
2955 651 3139 727 άσαιρῆ
3163 656 3196 728 ή
3227 655 3373 723 λέξις
3396 658 3431 728 ή
3461 660 3821 733 προκειμένη,

543 759 854 816 Salomonis
890 758 1058 814 habet
1100 755 1372 812 sententia
1397 795 1413 820 ,
1445 760 1772 824 praeceptum
1825 749 1874 804 id
1910 749 2124 820 penitus

542 852 926 924 perfregimus,
947 851 1040 923 qui
1067 865 1172 906 non
1196 848 1442 906 cavimus
1471 862 1540 904 ne
1573 845 1775 902 multos
1797 843 1967 900 libros
1995 857 2126 899 con-

546 946 853 1002 ticeremus.

543 1035 779 1114 Deinde,
804 1041 1075 1104 postquam
1105 1033 1238 1088 dixit
1267 1029 1578 1157 [Origenes]
1605 1045 1660 1083 se
1686 1025 1954 1112 volumina
1992 1042 2127 1107 qua-

615 1117 736 1157 tuor
762 1123 816 1157 m
846 1122 1012 1157 pauca
1056 1105 1263 1157 Evanae
1288 1120 1326 1157 ιι
1370 1105 1522 1157 verba
1565 1101 1883 1157 absolvisse.
1925 1099 2124 1157 adjun-

615 1117 736 1160 tttor
762 1099 816 1159 iri
845 1099 1012 1175 pauca
1056 1099 1327 1175 Evangelii
1370 1099 1522 1159 verba
1559 1099 1883 1164 obsolvisse,
1925 1099 2124 1166 adjun-

613 1179 710 1246 git.

613 1268 665 1322 2.
697 1268 968 1334 Quantum
997 1266 1140 1320 enim
1173 1279 1236 1321 ex
1263 1265 1380 1334 ipsa
1407 1263 1646 1318 dictione
1683 1262 1958 1334 conjicere
1978 1262 2121 1332 licet,

545 1361 652 1416 dtto
681 1359 1058 1430 signiﬁcantur
1092 1357 1176 1412 his
1209 1357 1388 1413 verbis
1419 1374 1476 1411 ιι
1508 1355 1610 1410 Fili
1639 1355 1882 1422 mi,cave
1905 1357 2122 1413 utmul-

543 1461 624 1506 tos
652 1450 822 1505 libros
857 1448 1158 1515 conficias;
1205 1466 1224 1500 ι
1262 1448 1496 1518 primum
1552 1447 1807 1518 quidem,
1845 1463 1951 1503 non
2000 1463 2124 1504 esse

543 1542 821 1598 habendos
861 1540 1061 1597 multos
1111 1540 1300 1608 libros,
1325 1540 1580 1607 alterum,
1616 1554 1723 1595 non
1769 1553 1892 1595 esse
1925 1540 2124 1597 multos

539 1635 942 1706 componendos
974 1652 988 1690 :
1020 1644 1075 1691 et
1099 1635 1199 1690 nisi
1229 1635 1488 1705 primum,
1522 1633 1682 1702 plane
1706 1633 2003 1688 secundum
2035 1649 2049 1696 ;
2076 1634 2122 1690 si

541 1741 672 1780 vero
701 1727 997 1782 secundum
1048 1741 1155 1781 non
1202 1726 1436 1796 primum
1464 1725 1726 1779 omnino:
1761 1733 2121 1794 praeterquam

542 1819 684 1888 quod
709 1818 964 1888 utrinque
999 1818 1179 1874 doceri
1214 1817 1464 1872 videmur
1503 1831 1610 1871 non
1658 1830 1780 1871 esse
1813 1816 2122 1886 complures

543 1910 712 1966 libros
749 1911 1134 1966 conficiendos.
1167 1910 1418 1965 Poteram
1453 1918 1632 1964 autem
1661 1908 1726 1962 ad
1759 1908 1811 1962 id
1847 1912 1992 1978 quod
2023 1923 2120 1962 no-

2226 745 2485 816 ἄντικρυς
2512 745 2980 818 παραϐεϐήκαμεν
3009 748 3108 821 τὴν
3139 749 3378 824 ἐντολὴν,
3407 752 3486 824 μή
3514 752 3820 825 φυλαξάμε-

2227 855 2308 891 νοι
2331 837 2554 910 ποιῆσαι
2589 835 2770 907 βιϐλία
2798 838 2990 894 πολλά.

2220 1015 2398 1083 Εἶτα,
2441 1018 2658 1085 εἰπὼν,
2682 1018 2762 1086 ὡς
2798 1021 2886 1087 εις
2923 1021 3097 1091 ὀλίγα
3134 1021 3242 1076 τοῦ
3271 1025 3644 1096 Etim-relict)
3663 1025 3819 1094 ⁸ῥητὰ

2321 1109 2614 1180 τέσσαρες
2644 1109 2805 1178 αὐτῷ
2825 1112 3204 1184 διηνύθησαν
3224 1116 3412 1186 τόμοι,
3435 1116 3726 1187 ἐπιφέρει.

2297 1263 2352 1318 2.
2392 1264 2555 1319 Ὅσον
2585 1263 2694 1337 γὰρ
2726 1263 2819 1317 ἐπὶ
2848 1267 2913 1336 τῇ
2941 1264 3083 1330 λέξει
3116 1264 3210 1320 δύο
3241 1267 3571 1339 σημαίνεται
3602 1269 3667 1324 ἐκ
3688 1271 3783 1324 τοῦ
3803 1290 3814 1301 ·

2233 1377 2250 1410 ι
2289 1357 2391 1412 Υίέ
2423 1375 2523 1428 μου
2548 1399 2562 1423 ,
2594 1355 2826 1427 φύλαξαι
2864 1356 2957 1411 τοῦ
2989 1358 3210 1430 ποιῆσαι
3241 1358 3420 1428 βιϐλία
3454 1359 3659 1414 πολλά·
3705 1382 3723 1413 ›
3767 1363 3818 1414 ἓν

2229 1448 2349 1521 μὲν,
2376 1450 2457 1503 ὄτι
2492 1449 2552 1502 ού
2585 1448 2666 1501 δεῖ
2707 1447 3013 1519 κεκτῆσθαι
3057 1448 3237 1518 βιϐλία
3271 1449 3444 1504 πολλά
3468 1468 3482 1481 ⁸
3518 1452 3708 1524 ἕτερον
3739 1452 3811 1515 δὲ,

2225 1543 2306 1595 ὅτι
2327 1543 2386 1596 ού
2424 1542 2504 1595 δεῖ
2537 1539 2795 1606 συντάξαι
2826 1540 3008 1611 βιϐλία
3042 1540 3243 1594 πολλάο
3281 1541 3376 1595 καὶ
3410 1543 3458 1596 εί
3495 1542 3570 1614 μὴ
3591 1543 3649 1596 τὸ
3679 1543 3813 1614 πρῶ-

2224 1649 2336 1698 τον,
2380 1632 2595 1696 πάντως
2623 1631 2684 1685 τὸ
2717 1630 2996 1703 δεύτερον·
3031 1634 3078 1686 εί
3108 1631 3164 1685 δὲ
3197 1633 3257 1686 τὸ
3291 1633 3568 1705 δεύτερον,
3594 1636 3653 1688 ού
3686 1637 3815 1689 πάν-

2223 1742 2331 1788 τως
2362 1723 2424 1778 τὸ
2453 1723 2670 1797 πρῶτον
2694 1741 2706 1754 °
2741 1723 2881 1795 πλὴν
2912 1725 3249 1796 ἑκατέρωθεν
3282 1725 3507 1798 δόξομεν
3541 1727 3647 1798 (59)
3679 1744 3813 1797 μαν-

2227 1817 2409 1871 θάνειν
2439 1817 2514 1889 μὴ
2547 1817 2656 1871 δεῖν
2691 1819 2866 1871 ποιεῖν
2891 1816 3071 1886 βιϐλία
3102 1817 3345 1873 πλείονα.
3391 1819 3706 1890 Ἦδυνάμην
3739 1819 3811 1883 δέ,

2226 1911 2362 1984 πρὸς
2407 1913 2468 1966 τὸ
2496 1911 2592 1966 νῦν
2626 1914 2755 1983 ήμῖν
2797 1911 3194 1976 ὑποπεπτωκὸς
3237 1912 3550 1983 ἱστάμενος,
3589 1914 3812 1965 ἐπιστεῖ-

540 2000 627 2055 his
654 2001 756 2056 sub
789 2001 962 2056 aciem
1009 2001 1276 2056 sermonis
1314 2000 1492 2067 venit,
1542 2000 1942 2065 adhaerescens,
1972 2001 2038 2054 ad
2069 2009 2121 2056 te

2232 2005 2308 2058 λαί
2346 2021 2428 2058 σοι
2467 2003 2542 2069 ὼς
2590 2003 2886 2072 ἀπολογίαν
2921 2004 2982 2057 τὸ
3017 2005 3212 2077 ῥητόν·
3262 2006 3356 2058 καὶ
3395 2006 3814 2069 κατασκευάσας

542 2089 839 2164 Scriptura}
871 2094 1072 2150 dictum
1101 2093 1468 2151 excusationis
1495 2093 1614 2148 loco
1645 2094 1885 2160 mittere,
1916 2101 1969 2146 et
1990 2107 2120 2148 con-

542 2185 760 2240 firmata
788 2199 847 2239 re
867 2199 932 2240 ex
966 2199 1031 2240 eo
1061 2184 1204 2254 quod
1229 2197 1404 2253 neque
1431 2182 1604 2238 sancti
1640 2181 1928 2237 multorum
1958 2183 2122 2237 libro-

542 2292 662 2332 rum
689 2277 1067 2346 compositioni
1089 2276 1418 2341 studuerint,
1438 2276 1686 2330 desinere
1712 2273 1966 2342 deinceps
1994 2273 2121 2328 sub-

539 2370 774 2442 jungere
817 2370 1243 2426 commentarios
1287 2370 1440 2438 juxta
1478 2367 1653 2423 foedus
1702 2367 1842 2423 inter
1882 2367 1990 2438 95
2023 2381 2120 2422 nos

543 2461 736 2517 initum
772 2461 840 2516 ad
892 2471 943 2516 te
984 2460 1460 2525 transmittendos;
1488 2469 1540 2512 et
1569 2468 1621 2512 tu
1659 2457 1893 2514 fortasse
1921 2458 2009 2512 illo
2035 2458 2120 2512 di-

542 2561 632 2608 cto
661 2552 958 2624 Scriptura:
1001 2563 1303 2608 commotus
1333 2551 1382 2605 id
1419 2551 1549 2605 mihi
1581 2551 1633 2605 in
1679 2560 1960 2617 posterum
1984 2565 2119 2605 con-

541 2655 799 2711 cchisses
824 2669 840 2709 :
873 2655 967 2710 sed
992 2655 1246 2724 quoniam
1275 2652 1575 2722 Scriptura:
1616 2666 1736 2706 cum
1768 2661 1915 2704 recta
1940 2658 2121 2705 mente

541 2758 596 2803 et
625 2747 961 2803 conscientia
989 2745 1324 2801 excutienda:
1355 2754 1509 2809 sunt,
1537 2759 1635 2798 nec
1663 2753 1866 2798 temere
1889 2743 2120 2813 gauden-

541 2839 666 2894 dum
693 2838 850 2910 quasi
901 2853 994 2893 eas
1019 2837 1290 2906 intelligas
1317 2851 1382 2892 ex
1421 2851 1486 2892 eo
1513 2834 1657 2904 quod
1699 2834 1897 2889 nudam
1928 2833 2123 2888 dictio-

541 2947 665 2986 nem
701 2932 1033 3000 perceperis,
1065 2946 1180 2986 rem
1234 2944 1341 2984 non
1389 2928 1619 2998 prolato,
1662 2939 1781 2992 nec,
1812 2942 1932 2997 quae
1986 2926 2117 2981 mihi

539 3023 755 3077 videtur
809 3020 1135 3092 suﬂragari,
1187 3019 1562 3074 defensionem
1621 3017 1822 3083 aﬂ‘ero,
1875 3032 1982 3086 qua
2043 3016 2119 3072 uti

539 3125 731 3171 contra
763 3130 848 3169 me
889 3116 1091 3184 possis,
1118 3113 1160 3167 si
1192 3122 1387 3182 praeter
1410 3121 1626 3180 pactum
1672 3111 1874 3180 aliquid
1913 3110 2118 3164 fecero.

541 3211 619 3262 Ac
648 3207 879 3276 primum
904 3205 1144 3274 quidem,
1176 3205 1393 3274 quando
1417 3203 1576 3259 dictis
1603 3203 1709 3258 illis
1736 3201 1962 3256 historia
1989 3215 2122 3256 con-

541 3298 745 3353 sentire
773 3296 1008 3361 videtur,
1040 3309 1163 3349 cum
1199 3308 1357 3350 nemo
1396 3304 1710 3349 sanctorum
1749 3293 1931 3364 plures
1971 3305 2121 3346 com-

543 3390 837 3444 mentarios
884 3388 1140 3453 ediderit,
1197 3403 1296 3444 nec
1349 3387 1532 3442 multis
1596 3386 1749 3441 libris
1810 3400 1970 3441 sensa
2022 3399 2120 3439 sua

541 3482 876 3552 exposuerit,
903 3482 970 3536 de
1019 3481 1122 3536 hoc
1162 3480 1546 3551 disputandum
1594 3489 1698 3536 est.
1728 3479 1829 3547 Qui
1861 3493 1992 3534 vero
2030 3492 2119 3533 re-

541 3573 844 3644 prehendet
882 3573 1024 3643 quod
1062 3572 1129 3626 ad
1173 3573 1325 3642 plura
1364 3571 1652 3628 scribenda
1688 3586 1774 3626 me
1816 3570 2119 3638 accingam,

541 3663 805 3737 Moysem,
829 3665 988 3720 talem
1011 3679 1076 3721 ac
1096 3673 1304 3721 tantum
1329 3665 1525 3734 virum,
1543 3665 1781 3736 quinque
1794 3662 1938 3720 solos
1957 3659 2126 3718 libros

546 3758 833 3816 reliouisse
859 3761 1025 3817 dicet.

2222 2096 2284 2149 τὸ
2317 2097 2572 2167 πρᾶγμα,
2597 2098 2659 2149 ἐκ
2689 2096 2783 2150 τοῦ
2817 2096 2952 2168 μηδὲ
2985 2099 3111 2162 τοὺς
3138 2099 3325 2168 ἁγίους
3357 2098 3567 2152 πολλῶν
3599 2098 3814 2168 βιϐλίων

2225 2187 2540 2253 συντάξεσιν
2570 2188 2946 2260 ἐσχολακέναι,
2975 2190 3287 2244 παύσασθαι
3319 2192 3455 2263 πρὸς
3478 2191 3539 2244 τὸ
3573 2189 3697 2262 ἑξῆς
3723 2189 3815 2243 τοῦ

2222 2282 2364 2334 κατὰ
2404 2280 2501 2346 τάς
2550 2280 2825 2354 συνθήκας
2875 2282 2940 2346 ἃς
2974 2283 3353 2355 ἐποιησάμεθα
3385 2285 3524 2356 πρὸς
3554 2283 3815 2354 ἀλλήλους

2223 2372 2583 2443 ὑπαγορεύειν
2608 2373 2678 2427 τὰ
2709 2373 3241 2448 διαπεμφθησόμενά
3272 2394 3383 2430 σοι’
3421 2377 3521 2430 καὶ
3558 2377 3700 2446 τάχα
3731 2377 3814 2442 σὺ,

2223 2465 2452 2537 πληγεὶς
2482 2465 2702 2539 ὑπὸτῆς
2725 2468 2942 2536 λέξεως,
2971 2471 3110 2541 πρὸς
3138 2470 3200 2524 τὸ
3227 2471 3354 2542 ἐξῆς
3393 2470 3458 2525 ἂν
3489 2472 3620 2542 ἡμῖν
3663 2471 3815 2536 ξυνε⁶

2221 2557 2530 2631 χὼρησαςο.
2556 2559 2671 2615 ἀλλ’
2706 2561 2829 2614 ἐπεὶ
2879 2562 2978 2634 τὴν
3017 2563 3240 2634 Γραφὴν
3269 2563 3379 2634 (40)
3432 2563 3815 2626 εὐσυνειδότως

2222 2652 2304 2706 δεῖ
2336 2651 2638 2720 ἐξετάζειν,
2670 2655 2746 2727 μὴ
2775 2655 3062 2728 προπετῶς
3093 2656 3271 2728 ἐαυτῷ
3316 2657 3814 2729 καταχαριζόμενον

2223 2746 2285 2800 τὸ
2323 2747 2669 2818 νενοηκέναι,
2717 2749 2783 2802 ἐκ
2824 2746 2917 2801 τοῦ
2954 2747 3116 2820 ψιλὴν
3160 2748 3257 2820 τὴν
3282 2748 3426 2815 λέξιν
3455 2749 3811 2820 ἐξειληφέναι,

2221 2840 2321 2910 οὐχ
2350 2839 2626 2911 ὑπομένω,
2653 2839 2729 2912 μή
2763 2839 2860 2912 τὴν
2888 2841 3218 2912 φαινομένην
3259 2859 3347 2912 μοι
3396 2841 3537 2912 ὑπὲρ
3578 2841 3811 2912 ἐμαυτοῦ

2224 2938 2540 3008 ἀπολογίαν,
2645 2939 2874 3010 χρήσαιο
2902 2938 2967 2993 ἂν
3000 2940 3121 2993 κατ’
3150 2938 3372 3010 ἐμοῦ,εί
3396 2937 3551 3010 παρὰ
3567 2938 3663 3001 τάς
3695 2955 3813 2991 συν-

2224 3031 2397 3104 θήκας
2426 3033 2714 3105 ποιήσαιμι
2745 3032 3083 3105 παρατιθείς.
3142 3033 3249 3086 Καὶ
3290 3031 3512 3104 πρῶτόν
3550 3050 3643 3101 γε,
3696 3031 3814 3085 ἐπεὶ

2222 3124 2370 3178 δοκεῖ
2395 3127 2460 3196 τῇ
2496 3124 2638 3190 λέξει
2680 3124 3063 3196 συναγορεύειν
3101 3127 3135 3196 ή
3175 3125 3404 3196 ἱστορία,
3450 3124 3663 3188 οὐδενὸς
3706 3124 3812 3176 τῶν

2223 3216 2395 3284 ἁγίων
2435 3216 2794 3281 ἐκδεδωκότος
2831 3216 3110 3281 συντάξεις
3156 3216 3440 3282 πλείονας,
3472 3217 3567 3270 καὶ
3597 3217 3652 3269 ἐν
3688 3216 3814 3268 πολ-

2223 3307 2342 3373 λαῖς
2369 3308 2571 3380 βίϐλοις
2597 3308 2690 3363 τὸν
2713 3307 2839 3363 νοῦν
2863 3305 3028 3362 αὑτοῦ
3063 3307 3436 3378 ἐκτιθεμένου,
3470 3308 3599 3380 περὶ
3623 3307 3813 3360 τούτου

2227 3401 2467 3455 λεκτέον.
2521 3401 2577 3455 '0
2618 3400 2674 3454 δὲ
2714 3399 2962 3470 ἐγκαλῶν
2999 3417 3088 3471 μοι
3137 3382 3218 3463 είς
3262 3398 3514 3466 σύνταξιν
3558 3398 3813 3452 πλειόνων

2231 3494 2536 3566 ἐρχομένῳ,
2580 3493 2672 3546 τὸν
2703 3491 3018 3564 τηλικοῦτον
3045 3492 3280 3546 Μωΰσέα
3309 3493 3470 3564 φήσει
3507 3492 3615 3566 (41)
3652 3490 3811 3547 πέντε

2233 3587 2400 3660 μόνας
2424 3585 2637 3657 βίϐλους
2667 3585 3134 3641 καταλελοιπέναι.

1073 4009 1166 4066 EX
1198 4009 1432 4067 EODEM
1463 4010 1656 4069 TOMO
1687 4011 1950 4080 QUINTO
1989 4011 2648 4071 COMMENTARIORUM
2681 4012 2750 4070 IN
2782 4011 3101 4070 JOANNEM
3140 4013 3276 4085 (42).

1773 4130 2064 4200 Interprete
2103 4129 2332 4186 Henrico
2375 4129 2606 4188 Valesio.

611 4248 666 4303 5.
726 4248 777 4304 ls
832 4262 963 4304 vero
1013 4263 1174 4318 quem
1231 4248 1376 4304 Deus
1422 4248 1676 4305 idoneum
1728 4248 1986 4317 reddidit,
2025 4248 2118 4318 qui

541 4341 675 4396 Novi
707 4340 1040 4398 Testamenti
1072 4341 1324 4398 minister
1352 4351 1518 4404 esset,
1555 4357 1663 4398 non
1695 4342 1876 4396 littera
1906 4349 1963 4396 et
1998 4354 2122 4395 ver-

544 4433 627 4489 bis
649 4443 826 4502 tenus,
853 4435 949 4492 sed
974 4435 1200 4506 spiritus
1223 4435 1438 4506 (ipsius,
1462 4435 1659 4490 Paulus
1678 4435 1906 4500 scilicet,
1935 4435 2026 4503 qui
2053 4433 2120 4488 ab

544 4527 939 4599 Hierosolymis
983 4537 1038 4585 et
1066 4528 1314 4583 finitimis
1341 4529 1476 4584 locis
1525 4542 1696 4598 usque
1735 4527 1800 4580 ad
1843 4525 2119 4596 Illyricum

2297 4249 2351 4302 5.
2402 4249 2459 4302 '0
2489 4250 2547 4304 δὲ
2577 4249 2865 4314 ίκανωθεὶς
2889 4250 3150 4313 διάκονος·
3171 4246 3427 4319 γενέσθαι
3454 4247 3554 4320 τῆς
3597 4249 3811 4321 Καινῆς

2228 4341 2525 4414 Διαθήκης,
2574 4344 2636 4396 οὐ
2673 4342 3003 4414 γράμματος
3041 4341 3178 4396 ἀλλὰ
3213 4342 3540 4413 πνεύματος,
3575 4341 3809 4406 Παῦλος,

2228 4435 2258 4487 ὁ
2286 4436 2666 4507 πεπληρωκὼς
2698 4435 2758 4490 τὺ
2787 4435 3119 4505 Εὑαγγέλιον
3146 4436 3256 4490 άπὸ
3295 4436 3674 4509 Ἰερουσαλὴμ,
3710 4439 3804 4489 καὶ

2230 4528 2416 4599 κύκλῳ
2453 4528 2615 4600 μέχρι
2659 4529 2758 4583 τοῦ
2811 4529 3130 4600 Ἰλλυρικοῦ,
3173 4528 3298 4582 οὐδὲ
3329 4529 3532 4592 πάσαις
3571 4529 3810 4600 ἔγραψεν

541 4619 895 4692 Evangelium
925 4621 1241 4693 adimplevit
1285 4623 1354 4688 ",
1408 4637 1519 4676 non
1563 4621 1822 4676 omnibus
1859 4617 2122 4674 Ecclesiis

2232 4615 2318 4684 αἷς
2340 4620 2577 4688 ἐδίδαξεν
2605 4620 2975 4693 Ἐκκλησίαις’
2995 4621 3131 4675 ἀλλὰ
3159 4621 3253 4675 καὶ
3287 4616 3377 4685 αἷς
3407 4620 3665 4693 ἔγραψεν,
3701 4621 3812 4672 ὀλί-

541 4729 680 4786 quas
711 4715 978 4771 docuerat
1031 4714 1271 4789 scripsit,
1326 4717 1420 4770 sed
1465 4725 1520 4770 et
1570 4715 1636 4770 iis
1665 4713 1864 4784 quibus
1905 4712 2122 4782 scripsit

2232 4728 2358 4780 γους
2391 4711 2606 4782 στίχους
2638 4710 2939 4764 ἐπέστειλε.
2971 4710 3177 4783 Πέτρος
3207 4711 3264 4764 δὲ
3299 4711 3385 4780 ἐφ’
3433 4706 3478 4780 ᾧ
3511 4710 3808 4781 οίκοδομεῖ-

425 4835 428 4838 ι
542 4819 748 4877 paucas
785 4806 1073 4862 admodum
1125 4807 1296 4863 lineas
1347 4807 1599 4862 exaravit
1672 4805 1867 4860 Petrus
1918 4814 2122 4868 autem,

541 4899 627 4955 cui
665 4907 918 4969 tanquam
957 4897 1313 4954 fundamento
1347 4906 1722 4968 superstructa
1753 4906 1838 4951 est
1877 4895 2125 4950 Ecclesia

541 4991 767 5059 Christi,
818 4991 1078 5047 adversus
1118 5005 1282 5060 quam
1316 5006 1419 5046 nec
1448 4991 1578 5060 ipsa:
1602 4989 1900 5044 inferorum
1954 4995 2124 5058 porta:

543 5083 902 5152 praevaliturze
933 5095 1062 5140 sunt
1103 5085 1172 5150 ⁷⁸,
1213 5099 1377 5138 unam
1419 5083 1686 5138 duntaxat
1719 5082 1962 5136 omnium
1993 5095 2125 5136 con-

543 5187 706 5229 sensu
776 5183 1050 5245 receptam
1111 5173 1332 5244 reliquit
1380 5172 1692 5242 epistolam.
1753 5169 2128 5226 Concedamus

614 5291 662 5324 "
692 5291 853 5348 Rom.
873 5307 967 5356 xv,
989 5292 1076 5347 t9.
1155 5291 1205 5326 "
1229 5289 1424 5346 Matth.
1454 5305 1564 5357 xvr,
1596 5289 1685 5344 18.

634 5407 728 5472 39)
750 5407 1034 5475 Δόξομεν.
1074 5404 1256 5476 Codex
1285 5406 1500 5460 Thuan.
1527 5403 1794 5476 δείξομεν.

593 5474 732 5562 ~(till)
790 5474 910 5547 Τὴν
948 5475 1223 5545 Γραφήν.
1275 5477 1492 5532 Tltuan.
1543 5474 1755 5544 codex,
1816 5474 1923 5529 τῶν
1983 5474 2125 5548 Γρα-

544 5565 731 5691 φυξῖι)
760 5617 877 5673 Τὸν
904 5613 1260 5691 τηλικοῦτον
1281 5617 1539 5691 Μωῠσέα
1577 5618 1786 5688 φήσει.
1816 5615 1930 5672 Hoc
1957 5617 2121 5691 etiam

546 5687 895 5762 argumento,
930 5697 1128 5756 praeter
1149 5687 1278 5750 alia,
1332 5687 1889 5759 proliare’possumus
1918 5689 2124 5740 alteru-

549 5771 694 5814 trum
721 5775 752 5814 e
773 5757 1199 5814 Commentariis
1233 5758 1286 5812 in
1311 5757 1414 5812 Job
1452 5759 1671 5814 Oriaeni
1716 5758 1876 5814 vulgo
1904 5758 2124 5812 tributis

549 5771 694 5816 trum
721 5775 752 5814 e
773 5769 1199 5814 Commentariis
1233 5774 1286 5812 In
1311 5769 1414 5812 «Ιοῡ
1452 5769 1671 5829 Urigeni
1716 5769 1876 5828 vulgo
1904 5769 2127 5812 tributis

546 5829 952 5900 supposititium
983 5841 1282 5900 esse,__cum
1310 5831 1583 5900 posterius
1615 5845 1644 5884 a
1673 5829 1924 5885 Periouio
1957 5829 2128 5882 inter-

568 5896 820 5977 isetatum
854 5897 1093 5977 Moysent
1117 5896 1322 5977 librum
1342 5897 1474 5977 Jobi
1487 5900 1794 5967 scripsisse,
1819 5900 1970 5968 prius
1999 5910 2128 5953 vero

589 5970 807 6024 ehraice
828 5969 1164 6022 convertisse
1187 5969 1400 6024 doceat.
1434 5969 1700 6024 liuentis.

621 6037 1001 6109 (42)Exhibet
1033 6036 1200 6094 hocce
1248 6039 1612 6110 fragmentum
1669 6038 1936 6096 Eusebius
1983 6037 2123 6094 Hist.

2227 4822 2316 4858 ται
2347 4807 2380 4876 ή
2417 4804 2655 4877 Χριστοῦ
2709 4803 3029 4875 Ἐκκλησία,
3060 4797 3130 4874 ἦς
3166 4803 3333 4858 πύλαι
3378 4804 3506 4875 ᾅδου
3549 4803 3611 4856 οὐ.
3649 4820 3810 4855 κατι-

2233 4898 2512 4970 σχύσουσι,
2549 4900 2678 4970 μίαν
2706 4897 2994 4970 ἐπιστολὴν
3022 4896 3461 4968 ὁμολογουμένην
3496 4894 3809 4950 καταλέλοι-

2232 5008 2354 5045 πεν.
2391 4993 2572 5045 Ἔστω
2597 4993 2654 5047 δὲ
2681 4993 2774 5047 καὶ
2801 4991 3057 5064 δευτέραν
3079 4989 3213 5062 (45)⁶
3253 4988 3646 5061 ἀμφιϐάλλεται
3675 4990 3806 5060 γάρ.

2231 5081 2298 5135 Τί
2341 5081 2424 5135 δεῖ
2463 5082 2591 5153 περὶ
2625 5082 2720 5136 τοῦ
2766 5081 3130 5145 ἀναπεσόντος
3169 5080 3348 5150 λέγειν
3391 5081 3485 5134 ἐπὶ
3516 5081 3575 5133 τὸ
3607 5079 3812 5149 στῆθος

2237 5172 2331 5228 τοῦ
2377 5174 2573 5246 Ἰησοῦ,
2611 5175 2860 5230 Ἰωάννου
2885 5191 2900 5239 ;
2931 5175 3028 5238 Ὃς
3057 5173 3389 5242 Εὐαγγέλιον
3420 5171 3478 5225 ἓν
3502 5171 3814 5226 καταλέλοι-

2231 5403 2414 5460 eccles.
2457 5400 2553 5455 lih.
2589 5417 2662 5464 vt,
2695 5415 2744 5454 c.
2770 5399 2863 5455 25.

2303 5473 2416 5544 (4⁸5)
2457 5470 2766 5544 ἘΟ-τωνδρ
2788 5469 3224 5544 καί-δευτέραζ,
3261 5476 3370 5525 ete.
3405 5467 3537 5544 Eam
3569 5466 3808 5544 admittit

2231 5536 2492 5614 Origenes
2517 5543 2704 5597 homil.
2735 5540 2768 5594 7
2798 5543 2850 5595 in
2879 5542 3040 5596 Josue
3066 5536 3098 5595 τ’
3125 5559 3143 5591 ι
3182 5540 3376 5614 Petrus
3411 5540 3570 5614 etiam
3589 5536 3807 5614 duabus

2234 5605 2598 5683 Epistolarum
2631 5628 2851 5683 suarum
2876 5620 3132 5683 personat
3158 5612 3323 5683 tubis.
3357 5629 3376 5661 ι
3407 5607 3671 5683 Eusebius
3707 5605 3801 5683 lib.

2233 5677 2291 5740 tti
2334 5683 2500 5746 Hist.,
2526 5699 2648 5748 cap.
2676 5683 2710 5738 5
2737 5699 2750 5735 :
2777 5677 2889 5747 Τὴν
2921 5682 2978 5736 δὲ
3023 5681 3329 5753 φερομένην
3359 5679 3524 5753 αὐτοῦ
3552 5677 3812 5753 (Πέτρου)

2235 5753 2492 5826 δευτέραν
2528 5747 2628 5806 οὐκ
2672 5753 2986 5823 ἐνδιάθηκον
3032 5747 3133 5823 ut";
3159 5747 3299 5805 εἶναι
3347 5769 3426 5805 πα
3465 5749 3757 5870 ειλήφαμιεν
3783 5764 3800 5777 ·

2235 5827 2386 5875 ὅμως
2415 5825 2471 5875 δὲ
2503 5824 2717 5875 πολλοῖς
2749 5824 3018 5875 νοήσιιιος
3040 5824 3286 5875 φανεῖσα.
3327 5769 3463 5875 μετὲ
3493 5820 3595 5873 τῶν
3624 5819 3664 5872 ἆ
3697 5818 3800 5870 λων

2235 5818 2471 5896 apage:
2503 5824 2717 5885 πολλοῖς
2749 5818 3018 5904 χρήσιμος
3033 5818 3286 5892 ξρανεῖσα,
3327 5818 3463 5892 μετά
3493 5818 3595 5873 τῶν
3624 5818 3807 5872 ἄλλων

2237 5894 2580 5965 ἐσπουδάσθη
2605 5897 2869 5968 ίῐῖραφων.
2899 5912 2918 5947 ι
2955 5893 3086 5959 Quae
3130 5908 3260 5968 ve_r_o
3289 5894 3523 5968 s_ec_tmda
3567 5890 3807 5968 appella-

2238 5976 2348 6030 tur,
2379 5982 2498 6018 eam
2524 5959 2758 6034 quidem
2779 5966 2922 6018 inter
2959 5979 3145 6019 sacros
3188 5961 3320 6034 Novi
3354 5959 3818 6034 Testamcnti‘lif—

2238 6037 2366 6092 hros
2396 6029 2623 6107 positam
2663 6050 2766 6092 non
2794 6049 2914 6093 esse
2943 6049 2971 6090 a
3006 6032 3661 6106 majoribttsvacccpimus.
3696 6029 3816 6084 Sed
