3866 6520
109 537 195 597 189
1206 545 1563 606 COMMENT.
1605 550 1673 606 ΙΝ

1787 555 1902 612 ‘AN.
1938 555 2178 616 TOMUS
2209 559 2278 616 Π.

3269 554 3372 620 190

103 669 202 720 τεν,
234 655 529 727 ὁμολογῶν
561 655 838 716 δύνασθαι
867 659 1100 716 τοσαῦτα
1130 665 1399 736 ποιήσειν,
1431 666 1467 721 ἃ
1495 668 1618 722 ούδὲ
1668 690 1674 720 t

1800 690 1930 732 vero
1959 686 2015 733 et
2048 680 2342 736 secundam
2390 677 2510 749 ejus
2535 694 2658 738 esse
2688 693 2705 736 :
2733 681 2800 738 de
2827 680 2932 738 hac
2963 679 3108 737 enim
3139 680 3372 750 ambigi-

105 750 274 820 κόσμος
298 751 570 823 χωρῆσαι
596 755 848 809 ἐδύνατο.
885 755 1128 827 Ἔγραψε
1157 756 1213 810 δέ
1251 760 1345 812 καὶ
1377 760 1474 832 τὴν
1524 763 1684 819 Ἀπο-

105 842 327 912 ιιάλυψιν,
369 844 718 911 κελευσθεὶς
764 846 1054 918 σιωπῆσαι,
1103 850 1195 902 καὶ
1237 851 1312 923 μὴ
1346 851 1557 923 γράψαι
1581 855 1682 919 τὰς

102 935 190 990 τῶν
214 937 349 990 ἑπτὰ
391 937 660 1011 βροντῶν
699 941 898 1009 φωνάς.
927 941 1298 996 Καταλέλοιπε
1331 944 1389 998 δὲ
1433 947 1527 1000 καὶ
1559 949 1682 1003 ἐπι-

104 1027 268 1100 στολὴν
311 1029 460 1083 πάνυ
503 1031 717 1101 ὀλίγων
753 1033 965 1104 στίχων·
996 1033 1137 1087 ἔστω
1165 1034 1222 1087 δὲ
1263 1035 1356 1089 καὶ
1397 1036 1677 1112 δευτέραν,

62 1158 70 1167 .
101 1123 178 1174 καὶ
201 1122 406 1192 τρίτην·
456 1124 593 1176 ἐπεὶ
619 1125 686 1181 οὐ
719 1125 918 1189 πάντες
942 1127 1076 1195 φασὶ
1099 1127 1360 1198 γνησίους
1394 1124 1530 1183 εἶναι
1565 1129 1678 1202 (44)

101 1215 298 1279 ταύτας.
333 1215 491 1287 Πλὴν
527 1217 639 1270 οὐκ
670 1218 779 1271 είσὶ
804 1218 996 1290 στίχων
1023 1219 1330 1291 ἀμφότεραι
1360 1221 1572 1276 ἑκατόν.

1791 775 1896 822 tur.
1945 768 2065 824 Jam
2111 785 2241 827 vero
2289 771 2422 842 quid
2471 773 2761 829 dicendum
2808 781 2891 830 est
2925 773 2992 833 de
3047 786 3114 828 eo
3179 772 3268 842 qui
3318 773 3370 826 iu

1789 859 1910 915 sinu
1937 860 2137 918 Christi
2173 864 2421 921 recubuit
2449 867 2518 934 ⁷⁷,
2549 867 2759 940 Joanne
2781 867 2804 922 2
2825 866 2926 935 Qui
2959 866 3173 937 quidem
3206 880 3372 921 unum

1791 952 2015 1024 reliquit
2044 955 2417 1028 Evangelium,
2456 961 2673 1017 tametsi
2703 959 2940 1016 fateatur
2974 969 3052 1016 tot
3097 974 3159 1015 se
3204 958 3375 1013 libros

1788 1045 2034 1102 scribere
2087 1050 2330 1116 potuisse
2381 1061 2515 1122 quot
2576 1066 2677 1108 nec
2721 1052 2871 1108 orbis
2931 1050 3046 1122 ipse
3101 1057 3371 1104 terrarum

1787 1144 1970 1202 posset
1989 1139 2282 1197 continere
2303 1142 2372 1198 ".
2400 1143 2635 1214 Scripsit
2656 1153 2914 1216 prmterea
2940 1142 3370 1206 lievelationcm,

1781 1225 1965 1295 jussus
2001 1230 2188 1298 silere,
2222 1249 2324 1291 nec
2357 1245 2568 1308 septem
2601 1237 2902 1293 tonitruum
2950 1251 3110 1292 voces
3132 1234 3372 1307 perscri-

103 1313 214 1364 bere
244 1309 306 1362 τ’.
357 1309 612 1381 Scripsit
665 1312 830 1366 etiam
870 1311 1152 1380 epistolam
1189 1313 1478 1368 admodum
1522 1311 1762 1368 brevem.
1811 1317 1918 1372 Sed
1951 1325 2334 1392 concedamus,
2385 1328 2431 1383 si
2464 1327 2667 1399 placet,
2722 1337 2778 1384 et
2814 1329 3105 1383 secundam
3155 1333 3208 1380 et
3260 1332 3373 1379 ter.

105 1405 215 1455 tiam
251 1401 315 1456 ab
346 1402 442 1456 illo
483 1404 736 1472 scriptas
773 1418 922 1468 esse;
967 1418 1142 1474 neque
1172 1405 1316 1460 enim
1356 1406 1454 1462 bas
1491 1408 1756 1478 genuinas
1801 1409 1947 1468 illius
1989 1429 2109 1474 esse
2160 1433 2350 1476 omnes
2403 1420 2775 1479 consentiunt.
2815 1420 3001 1477 Ambae
3058 1431 3234 1475 tamen
3280 1419 3366 1473 vix

102 1505 291 1548 rentum
321 1511 526 1550 versus
550 1498 862 1553 continent.

103 1606 243 1672 Εἶτα,
287 1611 886 1684 ἀπαριθμῃσάμενος
925 1615 1236 1684 προφήτας
1277 1618 1376 1672 καί
1423 1620 1683 1675 ἀποστό-

154 1683 526 1821 ῗλίγα
558 1683 848 1750 ἑκάστου,
871 1685 908 1754 ἢ
939 1683 1082 1740 οὐδὲ
1119 1688 1291 1758 ὀλίγα
1316 1689 1678 1760 γράψαντος,

1787 1623 1900 1697 96
1921 1625 2143 1710 Πείθζάε,
2174 1632 2442 1713 ῃνορνιειὶε
2481 1640 2528 1686 et
2555 1629 2806 1713 apostolis
2844 1626 3165 1684 enumeratis
3185 1666 3200 1686 .
3233 1639 3369 1713 quo-

1859 1715 1973 1751 rum
2010 1701 2206 1780 singuli
2245 1719 2435 1769 pauca,
2485 1706 2574 1756 sed
2623 1717 2787 1773 neque
2828 1715 2998 1771 pauca
3045 1701 3370 1766 conscripse-

1857 1779 2003 1834 runt,
2030 1772 2181 1824 addat
2210 1770 2556 1844 [Origenn]

1331 1856 1626 1926 Interprcte
1660 1863 1876 1922 Joanne
1908 1866 2129 1922 Τατίου.

156 1941 200 1995 Α.
263 1943 427 1997 Μετὰ
457 1943 648 2000 ταῦτα
699 1945 932 2019 ίλιγγιᾷν
980 1966 1070 2022 μοι
1104 1949 1395 2022 ἐπέρχεται
1427 1956 1670 2011 σκοτοδιο

1846 1961 1901 2015 4.
1931 1960 2046 2032 (45)
2070 1960 2259 2017 Haereo
2285 1960 2479 2016 deinde
2522 1974 2586 2015 ac
2614 1959 2974 2028 caligantibus
2997 1955 3167 2013 oculis
3197 1953 3366 2009 verti-

104 2035 278 2100 νιῶντι,
343 2038 421 2108 μὴ
488 2040 605 2108 ἄρα
661 2039 972 2112 πειθαρχῶν
1027 2061 1109 2097 σοι
1154 2045 1253 2098 ούκ
1303 2048 1679 2122 ἐπειθάρχησα

103 2126 214 2198 Θεῷ,
241 2129 365 2182 οὐδὲ
405 2129 547 2194 τοὺς
593 2131 786 2199 ἁγίους
819 2135 1202 2208 ἐμιμησάμην·
1238 2138 1288 2190 εί
1325 2139 1399 2211 μὴ
1441 2141 1678 2211 σφάλλο-

105 2239 179 2290 μιι
202 2223 381 2274 τοίνυν
422 2225 663 2296 ἐμαυτῷ
702 2227 1080 2299 συναγορεύων
1110 2230 1198 2284 διὰ
1231 2232 1292 2284 τὸ
1329 2233 1471 2287 πάνυ
1499 2252 1560 2290 σε
1593 2255 1681 2308 φι-

104 2316 210 2378 λεῖν,
237 2318 330 2370 καὶ
379 2319 440 2370 ἐν
491 2319 697 2390 μηδενὶ
755 2321 959 2377 ἐθέλειν
1014 2322 1230 2390 λυπεῖν,
1277 2327 1534 2394 τοιαύτας
1591 2332 1681 2385 εύ-

103 2410 245 2479 ρίπκω
301 2413 382 2474 είς
455 2411 647 2466 ταῦτα
715 2413 1030 2484 ἀπολογίας.
1089 2418 1204 2489 Πρὸ
1269 2421 1486 2477 πάντων
1534 2441 1677 2497 παρ-

103 2503 304 2573 εθέμεθα
400 2505 466 2558 τὸ
558 2506 628 2559 ἐκ
704 2506 798 2560 τοῦ
899 2509 1329 2582 Ἐκκλησιαστοῦ
1408 2515 1678 2585 λέγοντος·

104 2596 226 2650 «Υἱέ
275 2615 400 2666 μου,
462 2599 716 2668 φύλαξαι
763 2601 858 2654 τοῦ
902 2603 1125 2675 ποιῆσαι
1186 2599 1366 2677 βιϐλία
1431 2610 1621 2667 πολλά.
1657 2633 1675 2665 ι

99 2687 256 2760 Τούτῳ
287 2689 768 2762 ἀντιπαραϐάλλω
802 2694 866 2746 ἐκ
897 2693 1004 2749 τῶν
1033 2697 1352 2769 Παροιμιῶν
1380 2701 1473 2754 τοῦ
1517 2703 1681 2758 αὐτοῦ

99 2780 418 2852 Σολομῶντος
467 2784 671 2857 ῥητὸν,
711 2786 740 2839 ὅ
772 2803 956 2858 φησιν·
1008 2808 1027 2841 ι
1079 2791 1174 2844 Ἐκ
1224 2792 1548 2862 πολυλογίας
1583 2797 1684 2851 οὐκ

98 2879 310 2953 ἐπιτεύξῃ
361 2883 695 2954 ἁμαρτίαν·
736 2883 1052 2956 φειδόμενος
1083 2886 1140 2940 δὲ
1189 2888 1412 2958 χειλέων
1462 2892 1682 2962 νοήμων

94 2972 192 3046 ἔπῃ.
232 2993 251 3026 ι
284 2977 397 3030 Καὶ
431 2976 601 3049 ζητῶ
638 2979 687 3030 εί
751 2977 814 3030 τὸ
858 2979 1220 3034 ὁποιαποτοῦν
1280 2981 1460 3051 λέγειν
1512 2985 1683 3039 πολλὰ

94 3071 381 3143 πολυλογεῖν
433 3077 596 3142 ἐστι,
650 3075 758 3130 κᾶν
790 3076 922 3146 ἆγιά
962 3095 1045 3142 τις
1101 3079 1195 3133 καὶ
1244 3080 1489 3152 σωτήρια
1548 3080 1681 3153 λέγῃ

88 3166 239 3220 πολλὰ
274 3168 409 3240 (46).
452 3170 525 3223 Ei
559 3169 681 3240 γὰρ
713 3169 862 3223 τοῦθ’
895 3170 1068 3236 οὕτως
1098 3173 1234 3244 ἔχει,
1267 3174 1362 3227 καὶ
1397 3174 1686 3244 πολυλογεῖ

88 3257 288 3313 όπολλὲι
317 3259 562 3324 διεξιὼν.
573 3258 857 3331 ὠφέλιμα,
879 3262 1039 3326 αὐτὸς
1072 3281 1090 3314 ι
1113 3265 1141 3315 ό
1161 3264 1412 3336 Σολομὼν
1437 3283 1454 3317 ι
1473 3265 1573 3318 οὐκ
1589 3267 1683 3319 ὲκ-

86 3350 303 3420 τέφευγε
332 3352 438 3424 τὴν
469 3351 792 3424 ἁμαρτίαν,
816 3352 1051 3425 λαλήσας
1083 3371 1101 3405 ι
1127 3359 1278 3427 τρεῖς
1304 3357 1546 3426 χιλιάδας
1578 3375 1682 3414 πα-

88 3443 331 3512 ραϐολῶν,
360 3447 462 3499 καὶ
684 3449 1148 3519 πεντακισχιλίας,
1185 3453 1278 3504 καὶ
1305 3451 1432 3522 περὶ
1457 3451 1565 3504 τῶν
1592 3450 1682 3518 ξύ-

84 3533 172 3588 λων
201 3537 308 3591 ἀπὸ
336 3539 446 3608 τῆς
482 3539 699 3612 κέδρου
732 3541 832 3613 τῆς
861 3542 919 3597 ἐν
950 3543 1028 3613 τῷ
1054 3543 1292 3615 Λιϐάνῳ,
1326 3545 1422 3598 καὶ
1451 3544 1557 3608 ἕως
1583 3544 1682 3614 τῆς

83 3627 315 3682 ὑσσώπου
351 3631 459 3703 τῆς
495 3633 963 3704 ἐκπορευομένης
994 3633 1082 3687 διὰ
1122 3635 1330 3705 τοίχου·
1367 3634 1447 3688 ἔτι
1489 3635 1546 3688 δὲ
1587 3637 1682 3689 καὶ

82 3719 191 3791 περὶ
222 3721 331 3777 τῶν
367 3722 630 3794 κτηνῶν,
665 3723 764 3776 καὶ
807 3725 937 3796 περὶ
967 3723 1074 3779 τῶν
1105 3726 1388 3792 πετεινῶν,
1425 3726 1520 3781 καὶ
1554 3727 1682 3800 περὶ

196 3814 479 3886 ἑρπετῶν,
513 3815 621 3869 καὶ
664 3816 929 3886 περὶτῶν
967 3817 1184 3888 ἰχθύων.
1225 3837 1244 3871 ι
1282 3819 1410 3882 Πῶς
1441 3820 1550 3891 γὰρ
1591 3820 1682 3874 δύ-

79 3922 213 3960 ναται
245 3907 630 3964 διδασκαλίαν
661 3908 849 3962 ἀνύειν
871 3927 954 3974 τις
987 3912 1156 3983 χωρὶς
1183 3912 1283 3982 τῆς
1311 3911 1681 3984 ἁπλούστερον

77 4000 356 4074 νοουμένης
409 4001 785 4071 πολυλογίας,
833 4003 928 4056 καὶ
973 4005 1142 4075 αὐτῆς
1187 4004 1286 4076 τῆς
1328 4005 1529 4074 Σοφίας
1574 4023 1679 4075 φα-

81 4093 292 4164 σκούσης
321 4098 446 4160 τοῖς
469 4095 909 4166 ἀπολλυμένοις·
945 4115 962 4149 ι
1008 4097 1300 4162 Ἐξέτεινον
1320 4098 1511 4167 λόγους
1543 4098 1677 4170 (47),

77 4187 156 4238 καὶ
179 4190 238 4242 οὐ
271 4190 631 4264 προσείχετε
661 4207 675 4255 ;
723 4209 743 4241 ι
783 4189 842 4243 Ὀ
884 4190 941 4244 δὲ
970 4190 1183 4254 Παῦλος
1213 4193 1462 4262 φαίνεται
1495 4192 1679 4245 διατε-

75 4274 163 4332 λῶν
201 4280 375 4336 ἔωθεν
425 4283 610 4354 μέχρι
649 4282 1010 4352 μεσονυκτίου
1043 4283 1102 4335 ἐν
1139 4281 1217 4354 τῷ
1259 4283 1552 4348 διδάσκειν,
1591 4285 1680 4339 ὅτε

75 4373 151 4423 καὶ
182 4374 450 4447 Εὔτυχος,
487 4375 955 4447 καταφερόμενος
980 4374 1152 4447 ὕπνῳ,
1187 4377 1516 4431 καταπεσὼν
1550 4379 1679 4433 ἐτά-

75 4463 184 4532 ραξε
208 4467 338 4531 τοὺς
369 4466 728 4532 ἀκούοντας,
753 4465 830 4530 ὡς
858 4463 1156 4536 τεθνηκώς.
1187 4467 1249 4520 Εἰ
1272 4468 1452 4520 τοίνυν
1481 4468 1681 4539 ἀληθὲς

74 4556 138 4607 τό·
161 4577 178 4608 ι
211 4560 306 4613 Ἐκ
333 4559 702 4628 πολυλογίας
730 4558 832 4612 οὐκ
849 4559 1088 4630 ἐκφεύξῃ
1105 4559 1408 4630 ἁμαρτίαν,
1440 4580 1457 4611 ι
1482 4559 1681 4631 ἀληθὲς

1778 2055 1903 2127 gina
1933 2063 2126 2121 aestuo,
2153 2070 2218 2109 ne
2242 2054 2338 2110 tibi
2366 2055 2750 2124 obtemperans
2771 2067 2879 2107 non
2907 2050 3202 2106 obedieritu
3233 2048 3364 2108 Deo.

1780 2164 1958 2220 neque
2013 2159 2236 2203 sanctos
2305 2147 2728 2202 sim-imitatus
2764 2164 2779 2202 :
2814 2146 2917 2202 nisi
2974 2145 3086 2215 jam
3145 2151 3367 2214 propter

1779 2239 2180 2294 vehementiam
2226 2238 2433 2294 amoris
2485 2239 2537 2293 in
2595 2248 2648 2294 te
2699 2240 2830 2304 mei,
2888 2239 3142 2310 quodque
3196 2236 3362 2292 nolim

1781 2334 2045 2392 molestia:
2066 2333 2364 2405 quidquam
2396 2348 2424 2387 a
2467 2347 2554 2388 me
2591 2332 2686 2387 tibi
2721 2333 2903 2388 aﬂ‘erri
2929 2371 2946 2400 ,
2987 2347 3111 2388 erro
3155 2332 3266 2401 Ipse
3307 2331 3362 2385 in

1781 2432 1887 2486 hoc
1923 2445 2057 2486 meae
2084 2445 2268 2488 causae
2298 2427 2627 2500 patrocinio,
2678 2437 2735 2483 et
2777 2429 2940 2484 hasce
2985 2426 3368 2482 excusationes

1780 2521 2186 2577 comminiscor.
2211 2522 2354 2576 Ante
2377 2519 2556 2576 omnia
2583 2521 2960 2592 proposuimus
2991 2519 3042 2574 id
3076 2535 3142 2574 ex
3176 2519 3363 2574 Eccle-

1781 2616 1948 2672 siaste
1990 2617 2266 2672 docente:
2313 2633 2332 2667 ι
2361 2614 2461 2672 Fili
2513 2616 2608 2682 mi,
2669 2629 2800 2670 cave
2851 2623 2910 2669 ut
2961 2612 3161 2668 multos
3192 2613 3362 2668 libros

1782 2723 2073 2779 componas
2107 2708 2219 2765 ⁸ο.»
2271 2707 2407 2764 Huic
2447 2723 2712 2779 compono
2754 2723 2819 2763 ex
2869 2703 3181 2764 Proverbiis
3209 2708 3364 2777 ejus-

1782 2803 1903 2858 dem
1963 2802 2270 2858 Salomonis
2317 2801 2522 2858 dictum
2571 2803 2674 2858 hoc
2708 2818 2723 2856 :
2762 2819 2782 2854 ι
2818 2802 2859 2857 Ε
2894 2801 3063 2856 multo
3109 2814 3364 2856 sermone

1783 2911 1888 2950 non
1940 2893 2169 2966 effugies
2222 2903 2547 2964 peccatum;
2597 2893 2638 2949 si
2701 2908 2894 2964 parcas
2946 2903 3126 2948 autem
3178 2892 3360 2958 labiis,

1783 2987 1998 3058 sapiens
2025 2987 2134 3042 eris
2158 2988 2258 3045 υ.»
2298 2987 2363 3042 Et
2384 3002 2568 3057 quaero
2592 3003 2659 3042 an
2685 2986 3170 3058 quomodocunque
3191 2984 3360 3040 multa

1784 3079 1986 3144 dicere,
2025 3077 2323 3148 loquacitas
2347 3077 2439 3146 sit,
2476 3079 2726 3149 quamvis
2758 3086 2946 3134 sancta
2977 3078 3099 3148 quis
3131 3086 3186 3132 et
3213 3077 3360 3132 salu-

1787 3170 1920 3224 taria
1945 3168 2092 3224 dicat
2115 3168 2280 3222 multa
2305 3185 2317 3223 :
2341 3168 2384 3223 si
2411 3167 2552 3225 enim
2580 3167 2653 3221 ita
2673 3183 2731 3223 se
2762 3182 2848 3222 res
2875 3164 3056 3230 habet,
3081 3173 3135 3219 et
3162 3164 3360 3232 loquax

1785 3270 1868 3317 est
1892 3262 1982 3331 qui
2013 3261 2180 3316 multa
2219 3263 2473 3318 edisserit
2501 3263 2684 3328 utilia,
2715 3272 2864 3318 certe
2889 3274 2990 3315 nec
3015 3259 3131 3328 ipse
3163 3274 3183 3309 ι
3209 3255 3365 3312 Salo-

1787 3370 1910 3410 mon
1934 3373 1952 3407 ι
1989 3365 2267 3425 peccatum
2298 3354 2516 3425 etYugit,
2555 3356 2649 3424 qui
2704 3372 2722 3405 ι
2755 3363 2836 3410 ter
2880 3351 3028 3407 mille
3075 3349 3366 3422 parabolas

1784 3449 1992 3515 effudit,
2026 3449 2363 3504 canticorum
2395 3449 2637 3518 quinque
2659 3447 2844 3512 millia,
2875 3455 2930 3500 et
2960 3445 3028 3500 de
3052 3443 3362 3509 arboribus,

1784 3561 1814 3599 a
1873 3543 2035 3598 cedro
2066 3540 2252 3598 Libani
2288 3541 2352 3594 ad
2389 3540 2708 3611 hyssopum,
2746 3553 2868 3610 qua:
2909 3538 3023 3593 exit
3053 3551 3083 3592 e
3118 3538 3359 3608 pariete;

1783 3643 2048 3707 praeterea
2091 3643 2146 3689 et
2191 3633 2259 3687 de
2305 3632 2780 3703 quadrupedibus,
2823 3633 2890 3687 de
2930 3631 3259 3694 volucribus.
3299 3629 3365 3685 de

1786 3730 2087 3798 rcptilibus,
2117 3729 2263 3783 etde
2290 3726 2531 3797 piscibus
2567 3726 2670 3779 θ’.»
2719 3725 2998 3792 Quomodo
3040 3725 3183 3780 enim
3242 3738 3364 3792 per-

1786 3823 1926 3878 fecte
1973 3821 2171 3876 docere
2228 3821 2351 3890 quis
2397 3826 2572 3888 potest
2621 3819 2736 3874 sine
2770 3819 2858 3872 illa
2909 3818 3051 3872 nude
3087 3816 3361 3871 intellecta

1738 3949 1740 3952 -
1783 3913 2136 3985 loquacitate,
2165 3929 2290 3968 cum
2321 3923 2378 3969 et
2406 3916 2517 3981 ipsa
2551 3911 2829 3983 Sapientia
2854 3910 3000 3966 dicat
3031 3908 3259 3979 perditis
3288 3906 3358 3961 ⁸³ε

1789 4023 1807 4057 ι
1838 4004 2208 4060 Exteudcbam
2279 4019 2588 4066 sermones,
2654 4012 2711 4058 et
2755 4017 2859 4056 non
2907 3998 3302 4054 attendebatis?
3337 4016 3356 4048 ι

1781 4096 2004 4151 Paulum
2067 4105 2249 4151 autem
2306 4097 2374 4152 ab
2418 4105 2542 4151 ortu
2591 4096 2722 4151 solis
2762 4095 2830 4150 ad
2878 4093 3110 4148 mediam
3145 4099 3361 4144 noctem

1782 4187 1999 4242 assiduo
2058 4187 2312 4242 docuisse
2369 4188 2587 4259 planum
2639 4195 2765 4252 est,
2821 4202 2944 4241 cum
2991 4194 3046 4240 et
3089 4184 3365 4255 Eutychus

1781 4289 2009 4350 urgente
2029 4296 2220 4337 somno
2247 4281 2497 4336 deorsum
2527 4282 2811 4351 prolapsus
2841 4278 3122 4332 audientes
3145 4285 3366 4330 cuntur-

1780 4375 1954 4441 bavit,
1987 4383 2171 4446 utpote
2202 4386 2447 4430 mortuus
2475 4374 2546 4430 “.
2605 4373 2662 4430 Si
2709 4375 2854 4430 enim
2898 4389 3085 4427 verum
3111 4381 3194 4426 est
3226 4389 3240 4426 :
3279 4389 3297 4422 ι
3323 4369 3366 4424 Ε

1782 4466 1952 4521 multo
1973 4481 2224 4522 sermone
2251 4483 2358 4522 non
2385 4466 2608 4536 effugies
2628 4477 2907 4538 peccatum
2939 4465 3006 4532 ⁸⁵,
3033 4483 3051 4517 ι
3088 4472 3143 4518 et
3177 4478 3363 4518 verum

1781 4567 1863 4614 est
1898 4573 2002 4613 non
2040 4573 2296 4629 peccasse
2329 4558 2676 4614 Salomonem
2720 4559 2813 4629 qui
2846 4558 3013 4613 multa
3066 4558 3132 4612 de
3176 4569 3367 4624 supra-

73 4647 119 4700 δὲ
145 4650 231 4704 καὶ
259 4653 322 4707 τὺ
359 4654 444 4727 μὴ
483 4652 894 4725 ἡμαρτηκέναι
921 4650 1090 4704 πολλὰ
1121 4653 1250 4725 περὶ
1279 4651 1386 4706 τῶν
1420 4670 1674 4725 προειρη-

1787 4654 1940 4710 dictis
1965 4654 2246 4720 disseruit,
2291 4668 2469 4724 neque
2505 4653 2776 4718 Paulum,
2821 4652 2912 4722 qui
2954 4662 3258 4706 sermonem
3297 4645 3364 4698 ad

128 4792 345 4867 [’Jnan.
387 4811 515 4858 ut,
743 4791 790 4824 ⁷ο
824 4791 1074 4867 ibitl._25i.
1147 4793 1198 4867 7:
1219 4793 1388 4867 apoc,
1416 4808 1468 4858 χ,
1497 4792 1561 4867 41
1629 4794 1674 4826 se

1787 4797 1884 4854 cie.
1914 4813 2013 4866 xu,
2047 4797 2135 4856 12.
2213 4799 2255 4832 ⁸¹
2291 4797 2452 4855 Prov.
2475 4815 2534 4867 κ,
2569 4798 2657 4855 19.
2721 4797 2769 4830 ⁸³
2800 4797 2862 4854 ill
2887 4797 3020 4865 Reg.
3059 4812 3134 4864 tv,
3157 4797 3248 4862 52,
3272 4795 3360 4852 53.

75 4859 110 4892 ⁸³
135 4861 276 4921 Prov.
310 4885 352 4933 ι,
380 4867 484 4921 ει.
574 4864 634 4895 ⁸⁸
658 4864 784 4917 Act.
823 4878 915 4929 xx,
941 4863 993 4928 7,
1022 4865 1074 4920 9.
1153 4863 1200 4896 ⁸³
1226 4859 1388 4918 Prov.
1420 4879 1454 4917 ι
1503 4865 1588 4920 19.

77 5014 224 5063 tamen
257 5024 388 5063 eum
420 5005 604 5062 utilis
645 5017 773 5059 esse
794 5002 1075 5058 videretur
1103 5001 1544 5073 quamplurimis,
1570 5017 1677 5058 una

82 5094 181 5133 rum
201 5080 430 5150 reliquis
461 5091 666 5150 sacra;
696 5074 1014 5150 Scripturte
1040 5073 1194 5150 libris
1228 5075 1473 5150 studiose
1509 5073 1670 5150 lecti-

83 5159 170 5202 tata
191 5143 394 5214 esui-et
421 5165 566 5219 cap.
603 5144 700 5219 2ςῖΔ
722 5162 737 5198 :
757 5143 885 5219 ,Τῶν
913 5144 969 5219 δὲ
991 5143 1451 5219 ἀντιλεγομένων,
1482 5144 1680 5219 γνωρί-

84 5221 230 5289 punit?
260 5213 354 5278 οὖν
382 5213 516 5284 τοῖς
565 5214 821 5289 πολλοῖς,
851 5217 896 5289 ᾗ
917 5213 1198 5289 *λεγομένη
1231 5213 1680 5289 Ἰακώβου-φέρε-

84 5234 230 5289 punct
260 5234 354 5278 ουν
382 5234 508 5284 τοίς
565 5234 821 5279 πολλοις,
851 5234 898 5338 Ε
926 5234 1190 5287 Αεγομενη
1236 5234 1487 5268 ιακωοου
1519 5234 1584 5284 φε
1626 5234 1676 5268 ε-

83 5307 171 5356 ut,
211 5297 299 5348 καὶ
349 5297 385 5366 ἡ
432 5289 658 5351 Ἰούδα,
688 5287 727 5356 ἥ
760 5303 819 5339 τε
904 5285 1061 5356 έτρου
1117 5285 1343 5409 δευτέρα
1395 5234 1676 5359 ἐπιστολὴ,

85 5363 158 5409 ut
179 5365 209 5409 ἡ
235 5361 647 5409 ἀυωιαζοαέντι
677 5357 904 5409 δευτέρα
932 5358 1026 5409 καὶ
1055 5356 1208 5409 τοίτη
1246 5358 1260 5379 ’
1286 5357 1509 5409 ωάννου.
1547 5376 1565 5408 ι
1597 5358 1674 5409 Ex

85 5363 209 5437 γοίὴ
235 5356 904 5437 ὀνομαζομένηδευτέρα
932 5358 1026 5410 καὶ
1055 5356 1210 5430 τρίτη
1246 5356 1509 5437 Ἰωάννου.
1547 5376 1565 5408 ι
1597 5356 1674 5413 Ek

89 5433 142 5490 iis
158 5428 272 5492 vero
293 5428 420 5510 q'na
459 5428 520 5510 iii
563 5428 809 5510 dubium
839 5428 1259 5510 revocati—tuna
1285 5428 1468 5482 multis
1487 5436 1674 5510 tamen

91 5496 480 5565 commemorari
537 5502 837 5564 videmus,
874 5507 959 5553 est
1008 5497 1250 5568 Epistola
1300 5513 1422 5567 qua:
1447 5496 1673 5568 ‘dicitur

89 5572 258 5648 iambi,
308 5590 364 5636 et
403 5590 543 5648 quae
603 5569 899 5648 .I_ud:e,__et
949 5565 1180 5625 secunda
1221 5565 1391 5636 Petri,
1440 5565 1667 5625 Joannis

94 5645 191 5703 itaut
213 5639 372 5707 altera
407 5639 469 5706 ét
500 5644 720 5702 tertia.
765 5659 784 5691 ι
821 5639 1084 5696 Ηυιιτιυε.

144 5705 257 5792 (ut
277 5705 444 5778 ἐὲὲεῑ
483 5719 637 5792 κού-
669 5709 899 5792 ςτάνῖτες
958 5710 1449 5792 aestumavi);
1493 5705 1672 5792 εῖναςο

93 5781 309 5865 ﬁgam
335 5791 548 5852 hom“.
594 5785 642 5839 7
666 5783 730 5865 in
769 5781 886 5837 Jos.
912 5798 932 5836 :
959 5801 977 5834 ι
1008 5781 1552 5865 Addit‘nihilomiuus
1575 5785 1673 5838 ad-

101 5853 193 5918 tunc?
205 5875 253 5920 et
293 5865 552 5920 Joannes
593 5856 743 5912 tuba
787 5868 984 5908 canere
1017 5868 1113 5923 per
1157 5853 1427 5922 Epistolas
1456 5867 1605 5923 suas,
1646 5873 1666 5909 ι

101 5945 140 5984 et
165 5933 400 5994 Eusebius
434 5938 569 5989 loco
609 5923 1152 5997 pgoitimelaudato.
1185 5923 1263 5979 lo.

273 5992 354 6082 Exi
376 5992 507 6082 ξαρ,
542 5992 623 6082 δ”
648 5992 993 6082 ΡΙιίιοοίιίξω.

283 6064 411 6139 Κᾶι·
442 6064 610 6150 ἅγιά
673 6081 777 6132 τις
829 6065 926 6120 καί
952 6065 1213 6138 σωτήρια
1261 6064 1411 6139 λέγῃ
1449 6065 1671 6123 πολλὰ.

1791 5005 1916 5061 llaec
1965 5005 2161 5061 desunt
2209 5006 2263 5061 in
2308 5005 2497 5062 codice
2555 5004 2745 5074 Regio,
2782 5001 2877 5057 sed
2908 4997 3301 5055 restituuntur
3332 5014 3365 5056 e

1787 5078 1974 5132 codice
2007 5076 2220 5132 Thuan.

1859 5147 1970 5218 (47)
2019 5146 2354 5218 Ἑξέτεινον
2392 5146 2632 5216 λόγους.
2658 5143 2712 5218 Id
2747 5143 2915 5197 seculi
2947 5149 3075 5196 sttnt
3101 5142 3282 5218 _Sy_rus
3308 5149 3364 5195 et

1787 5212 1986 5273 Arabs.
2047 5216 2259 5288 Reliqui
2325 5212 2650 5285 interpretes
2692 5215 2983 5288 legerunt,
3036 5212 3197 5285 χεῖρά
3233 5229 3357 5284 μου,

1788 5290 1930 5358 quod
1959 5288 2024 5344 ad
2052 5284 2201 5343 idetn'
2219 5289 2432 5350 recidit,
2461 5284 2703 5358 natniqui
2734 5286 2897 5358 verba
2947 5284 3140 5358 facturi
3181 5292 3360 5358 erant,

1791 5354 1952 5414 titauu
1988 5361 2088 5414 sibi
2123 5360 2453 5412 audientiam
2505 5355 2802 5411 faciebant.
2855 5355 2949 5410 Sic
2997 5354 3199 5409 Paulus
3230 5355 3358 5411 Act.

1783 5447 1904 5498 xm,
1931 5430 1997 5486 16
2022 5449 2037 5486 :
2067 5429 2414 5493 Κατασείσας
2434 5429 2500 5500 τῇ
2520 5427 2662 5498 χειρὶ
2682 5423 2855 5481 εἶπεν·
2874 5425 3093 5482 etPers.
3111 5434 3283 5498 satyr.
3304 5423 3360 5480 ιε

1887 5543 2015 5599 Fert
2047 5545 2254 5598 animus
2293 5541 2485 5597 calida:
2530 5541 2724 5612 fecisse
2755 5541 2972 5597 silentia
3009 5540 3181 5596 turba:

1890 5614 2178 5686 Majestate
2225 5630 2540 5686 manus..."

1777 5686 1845 5743 Et
1864 5684 2048 5742 Caesar
2070 5687 2211 5755 apud
2239 5684 2372 5741 Luc.
2407 5702 2425 5741 :

2286 5793 2303 5810 .
2334 5793 2349 5811 .
2383 5795 2399 5812 .
2433 5795 2448 5811 .
2484 5795 2500 5812 .
2540 5755 2848 5812 Tumultum

1884 5827 2189 5894 Composuit
2215 5826 2362 5882 vultu
2389 5829 2683 5899 dextraque
2721 5827 2935 5883 silentia
2962 5823 3150 5900 iussit.

1781 5921 1918 5977 Huic
1955 5920 2325 5976 observationi
2361 5921 2468 5976 hoc
2496 5922 2658 5986 adde,
2709 5921 3160 5989 significationem
3208 5915 3356 5972 illam

1777 5994 1979 6049 erectis
2005 5992 2337 6063 primoribus
2369 5993 2555 6063 digitis
2587 5992 2781 6058 tribus,
2824 5990 3047 6063 pollice,
3075 5989 3264 6063 indice
3301 5995 3357 6041 et

1779 6065 1980 6133 medio,
2005 6057 2299 6121 'couclusis
2332 6057 2508 6121 medio
2547 6074 2603 6120 et
2645 6057 2941 6120 auriculari
2971 6060 3090 6117 tieri
3113 6057 3351 6116 solitam.
