3866 6538
511 348 614 407 195
1971 343 2085 400 ORI

2190 340 2293 398 MS
3671 345 3782 402 £96

506 482 573 523 eo
598 465 856 538 prolahar
883 473 942 521 ut
969 466 1282 522 mandatum
1319 463 1622 522 transiliam
1647 505 1662 533 ,
1691 463 1738 522 si
1773 462 1903 536 quid
1939 481 2080 535 pra:-

2190 462 2384 534 μένων,
2415 458 2551 515 ἀλλά
2577 459 2665 516 διὰ
2689 458 2788 531 τὴν
2809 459 3040 532 δύναμιν
3071 460 3178 515 τῶν
3201 457 3532 532 νοουμένων,
3568 459 3781 531 μήποτε

509 569 593 616 ter
623 559 908 614 veritatem
944 568 1201 628 tanquam
1228 556 1515 612 veritatem
1563 570 1864 626 exponam,
1907 555 1989 609 vel
2032 556 2083 609 in

2190 553 2472 626 περιπέσω
2496 553 2574 624 τῷ
2607 553 2966 624 παραϐαίνειν
2997 553 3096 622 τὴν
3125 551 3342 624 ἐντολὴν
3361 593 3376 617 ,
3413 552 3510 605 ὲάν
3540 569 3594 604 τι
3625 551 3781 621 παρά

507 668 617 709 uno
672 667 917 708 meorum
961 652 1501 707 commentariorum.
1551 647 1688 704 Tum
1737 648 1882 704 enim
1932 647 2086 703 fuero

2190 646 2284 718 τὴν
2312 645 2570 717 ἀλήθειαν
2593 643 2669 709 ὡς
2697 645 2956 716 ἀλήθειαν
2999 644 3247 716 ὲκθῶμαι
3267 685 3282 709 ,
3330 643 3437 698 κᾶν
3464 646 3522 697 ὲν
3554 643 3635 696 ἑνὶ
3664 643 3779 697 τῶν

508 744 809 800 multorum
846 743 1108 800 librorum
1144 743 1420 813 scriptor;
1449 756 1684 812 cumque
1719 755 1861 796 nunc
1903 742 2088 810 specie

507 852 575 892 ac
603 847 874 906 praetextu
895 835 1228 907 cognitionis
1258 834 1557 890 alienarum
1589 833 1903 904 opinionum
1935 848 2088 888 asse-

507 924 604 979 cla:
633 925 688 980 in
723 933 968 979 sanctam
1005 924 1097 980 Dei
1136 923 1432 980 Ecclesiam
1465 923 1770 994 insurgant,
1799 933 1854 978 et
1887 923 2086 978 multo-

509 1031 627 1071 rum
657 1016 914 1072 librorum
932 1015 1355 1087 compositiones
1377 1015 1677 1087 divulgent,
1699 1013 1897 1084 quibus
1919 1028 2087 1068 evan-

507 1107 808 1176 gelicarum
841 1118 897 1164 et
929 1108 1350 1179 apostolicarum
1382 1107 1834 1164 constitutionum
1867 1105 2084 1175 exposi-

510 1199 709 1253 tionem
738 1201 1089 1269 pollicentur;
1115 1201 1160 1257 si
1186 1201 1298 1270 jam
1323 1200 1600 1264 sileamus,
1631 1213 1727 1254 nec
1757 1197 1862 1255 illis
1886 1198 2088 1252 saluta-

509 1288 587 1342 ria
613 1299 669 1344 et
696 1305 823 1345 vera
851 1291 1173 1348 documenta
1200 1307 1558 1362 apponamus,
1583 1291 1770 1346 avidas
1797 1298 1851 1346 et
1872 1288 2090 1360 jejunas

510 1381 723 1438 animas
748 1382 856 1438 cibi
889 1383 1072 1452 inopia
1101 1383 1510 1455 expugnabunt,
1540 1383 1604 1436 ad
1626 1383 1819 1438 vetitas
1840 1393 1894 1438 et
1915 1384 2090 1439 omni-

509 1487 579 1528 no
649 1473 890 1544 impuras
952 1475 1452 1545 abominandasque
1521 1490 1677 1529 escas
1745 1473 2085 1530 festinantes.

507 1567 686 1636 Quare
711 1582 940 1625 necesse
969 1569 1100 1624 mihi
1132 1563 1345 1626 videtur
1364 1586 1506 1639 esse,
1532 1587 1656 1626 eum
1684 1571 1775 1642 qui
1799 1571 1916 1626 sine
1943 1570 2089 1625 frau-

507 1660 574 1714 de
601 1676 664 1716 ac
711 1661 1159 1729 praevaricatione
1187 1672 1365 1732 potest
1408 1678 1507 1734 pro
1552 1663 1924 1719 ecclesiastico
1975 1678 2090 1719 ser-

508 1769 669 1810 mone
698 1765 970 1810 oratorem
994 1771 1053 1812 se
1087 1756 1456 1828 interponere,
1484 1767 1538 1814 et
1568 1772 1662 1814 eos
1689 1757 1973 1814 confutare
1995 1757 2087 1827 qui

2187 737 2572 810 γραφομένων.
2613 739 2760 792 Ἐκεῖ
2776 737 2885 810 γάρ
2905 737 3101 810 ἔσομαι
3123 736 3340 810 γράψας
3363 736 3546 807 βιϐλία
3568 735 3742 790 πολλά
3759 754 3771 766 ·

2189 831 2285 884 καὶ
2309 831 2404 884 νῦν
2437 829 2495 882 δὲ
2546 829 2818 902 προφάσει
2869 829 3125 900 γνώσεως
3165 830 3619 902 ἐπανισταμένων
3664 829 3777 884 τῶν

2187 924 2510 995 ἑτεροδόξων
2541 927 2606 996 τῇ
2654 924 2786 995 ἁγίᾳ
2833 925 2928 978 τοῦ
2961 923 3118 979 Θεοῦ.
3148 925 3260 996 (54)
3313 923 3650 996 Ἐκκλησία,
3681 925 3778 976 καὶ

2190 1013 2548 1078 πολυῦίὸλους
2599 1015 2880 1080 συντάξεις
2929 1015 3202 1087 φερόντων
3224 1055 3240 1080 ,
3294 1013 3777 1086 ὲπαγγελλομένας

2187 1105 2440 1178 διήγησιν
2479 1105 2586 1160 τῶν
2630 1106 2998 1176 εὐαγγελικῶν
3045 1107 3140 1161 καὶ
3174 1107 3550 1162 ἀποστολικῶν
3589 1107 3778 1161 διατά-

2191 1196 2326 1264 ξεων
2347 1239 2360 1264 ,
2398 1196 2494 1251 ὲάν
2528 1199 2893 1269 σιωπήσαιμεν
2947 1198 3022 1271 μὴ
3066 1199 3461 1272 παρατιθέντες
3491 1200 3673 1264 αὐτοῖς
3708 1200 3776 1252 τά

2192 1292 2324 1363 ὑγιῆ
2363 1293 2457 1345 καὶ
2489 1292 2662 1364 ἀληθῆ
2685 1292 2948 1363 δόγματα,
2973 1295 3404 1366 ὲπικρατήσουσι
3437 1293 3548 1347 τῶν
3577 1294 3775 1364 λίχνων

2189 1383 2376 1454 ψυχῶν
2415 1385 2618 1456 ἀπορίᾳ
2649 1385 2856 1457 τροφῆς
2905 1387 3206 1459 σωτηρίου,
3237 1387 3330 1440 ἐπὶ
3361 1387 3429 1441 τὰ
3462 1387 3776 1458 ἀπηγορευ-

2194 1479 2330 1550 μένα
2361 1478 2725 1543 σπευδουσῶν,
2779 1478 2874 1532 καὶ
2925 1478 3142 1551 ἀληθῶς
3194 1477 3480 1550 ἀκάθαρτα
3511 1479 3605 1532 καὶ
3648 1478 3772 1548 βδε-

2190 1572 2363 1626 λυκτά
2413 1570 2680 1644 βρώματα
2732 1571 2867 1642 (55).
2901 1573 3100 1642 Διόπερ
3163 1572 3459 1642 ἀναγκαῖόν
3489 1589 3580 1643 μοι
3628 1572 3776 1625 δοκεῖ

2191 1659 2326 1718 εἶναι
2367 1664 2460 1718 τὸν
2483 1665 2780 1735 δυνάμενον
2810 1665 3131 1736 πρεσόεύειν
3186 1666 3324 1737 ὑπὲρ
3357 1666 3451 1719 τοῦ
3481 1664 3774 1737 ἐκκλησια-

2192 1757 2378 1810 στικοῦ
2403 1757 2560 1826 λόγου
2591 1758 3087 1829 ἀπαραχαράκτως,
3120 1759 3216 1812 καὶ
3244 1759 3486 1830 ἐλέγχειν
3516 1759 3642 1822 τοὺς
3674 1759 3773 1828 τὴν

508 1843 701 1900 falsam
738 1846 841 1901 sibi
879 1848 1248 1918 cognitionem
1285 1859 1604 1914 assumunt,
1649 1859 1794 1904 stare
1825 1849 2086 1904 adversus

2190 1848 2536 1921 ψευδώνυμον
2597 1852 2798 1919 γνῶσιν
2865 1849 3444 1922 μεταχειριζομένους,
3523 1849 3773 1904 ἵστασθαι

511 1939 766 1994 haeretica
792 1949 1122 2005 commenta,
1146 1949 1200 1995 et
1225 1941 1597 1997 excelsitatcm
1624 1940 1922 2011 evangelici
1954 1957 2090 2010 pra:-

509 2030 658 2086 conii
697 2029 804 2086 illis
827 2045 1125 2101 opponere,
1155 2029 1208 2085 in
1248 2046 1357 2101 quo
1398 2041 1483 2087 est
1520 2031 1828 2101 plenissima
1861 2045 2092 2087 consen-

507 2121 592 2176 sio
620 2121 928 2177 communis
957 2121 1246 2188 doctrinae,
1283 2122 1517 2190 Veteris,
1544 2124 1686 2192 quod
1722 2133 1934 2190 vocant,
1964 2139 2087 2178 cum

508 2213 660 2269 Novo
705 2213 1075 2270 Testamento.
1110 2215 1301 2286 Tuque
1334 2216 1447 2287 ipse
1473 2216 1610 2271 adeo
1642 2231 1830 2272 eorum
1860 2216 2088 2288 penuria

507 2308 601 2377 qui
652 2308 874 2361 meliora
925 2319 1257 2374 assererent,
1287 2323 1408 2364 cum
1440 2308 1632 2365 rationi
1679 2317 2004 2380 pugnantem
2035 2318 2089 2364 et

511 2400 803 2454 absurdam
829 2399 1014 2468 ﬁdem,
1045 2417 1166 2472 qua:
1201 2410 1288 2455 tua
1318 2409 1438 2456 erat
1463 2399 1518 2456 in
1543 2398 1726 2456 Jesum
1758 2401 1957 2472 pietas,
1986 2401 2089 2454 mi-

511 2493 657 2546 nime
689 2491 834 2548 ferre
860 2509 1079 2564 posses,
1124 2495 1190 2550 iis
1223 2503 1277 2550 te
1309 2493 1439 2549 olim
1472 2493 1818 2550 sermonibus
1856 2493 2090 2548 tradide-

509 2599 620 2651 ras,
655 2585 856 2654 quibus
883 2601 1091 2654 postea,
1129 2601 1255 2642 usus
1295 2601 1396 2653 ea,
1443 2593 1502 2639 ut
1533 2583 1780 2648 decebat,
1813 2599 1932 2654 qua:
1962 2583 2087 2638 data

513 2676 607 2729 tibi
637 2685 743 2740 est,
779 2677 1086 2745 prudentia,
1114 2675 1381 2731 damnatis
1405 2675 1726 2732 discessisti.
1753 2673 1880 2730 llaac
1906 2684 2085 2730 autem

507 2767 631 2823 dico
664 2772 729 2824 ad
777 2785 965 2824 eorum
1004 2769 1099 2839 qui
1149 2777 1202 2824 et
1245 2769 1428 2824 dicere
1461 2777 1517 2823 et
1552 2767 1796 2823 scribere
1842 2775 2086 2838 possunt,

509 2874 782 2930 quatenus
807 2863 937 2918 mihi
979 2872 1204 2932 apparet
1228 2903 1243 2927 ,
1272 2861 1663 2918 defensionem.
1696 2859 1800 2915 Sed
1829 2869 1883 2914 et
1912 2875 2086 2914 meam

509 2954 676 3022 ipsius
705 2971 923 3010 causam
952 2956 1096 3020 dico,
1126 2955 1217 3023 qui
1252 2971 1359 3010 non
1398 2970 1466 3010 eo
1496 2955 1762 3008 instructu
1793 2959 1848 3008 et
1875 2951 2085 3016 habitu,

507 3063 617 3115 quo
647 3063 770 3102 esse
797 3057 1013 3118 oportet
1045 3065 1189 3113 eum,
1231 3048 1322 3118 qui
1359 3063 1388 3102 a
1418 3047 1530 3103 Deo
1553 3045 1624 3100 sit
1657 3046 1882 3100 idoneus
1910 3043 2088 3098 lactus

508 3134 642 3189 Novi
672 3137 1006 3192 Testamenti
1034 3139 1376 3202 administer,
1407 3153 1512 3192 non
1551 3136 1770 3199 litterae,
1798 3133 1892 3190 sed
1927 3135 2089 3205 spiri-

512 3235 596 3283 tus
615 3228 708 3295 ⁹⁰⁶,
743 3229 1002 3286 audacius
1036 3243 1123 3284 me
1155 3230 1223 3285 ad
1260 3229 1542 3285 dicendum
1575 3226 1876 3300 projiciam.

2193 1942 2335 1997 κατά
2378 1943 2485 1996 τῶν
2534 1943 2826 2014 αἱρετικῶν
2878 1943 3317 2011 ἁναπλασμάτων
3363 1941 3774 2013 ἀντιπαραϐάλ-

2191 2032 2350 2087 λοντα
2383 2036 2442 2088 τδ
2471 2029 2604 2106 ὕψος
2636 2035 2729 2088 τοῦ
2763 2034 3114 2105 εύαγγελικοῦ
3139 2033 3494 2106 κηρύγματος
3513 2076 3530 2098 ,
3566 2033 3774 2101 πεπλη-

2194 2124 2438 2196 ρωμένον
2464 2124 2574 2196 (56)
2605 2127 2922 2195 συμφωνίας
2953 2125 3236 2197 δογμάτων
3268 2125 3462 2180 κοινῶν
3491 2128 3558 2197 τῇ
3591 2125 3776 2178 καλου-

2194 2217 2332 2289 μένῃ
2362 2216 2575 2288 Παλαιᾷ
2603 2217 2739 2290 πρὸς
2768 2218 2864 2289 τὴν
2893 2217 3297 2290 ὀνομαζομένην
3336 2219 3547 2289 Καινὴν
3573 2217 3773 2288 Διαθῆ-

2191 2325 2314 2380 κην.
2346 2308 2518 2372 Αὐτὸς
2558 2309 2688 2378 γοῦν
2736 2310 2940 2381 ἀπορίᾳ
2974 2307 3090 2380 (57)
3121 2310 3229 2364 τῶν
3262 2311 3676 2380 πρεσϐευόντων
3709 2308 3775 2360 τὰ

2192 2399 2498 2472 κρείττονα,
2527 2401 2602 2472 μὴ
2623 2401 2803 2474 φέρων
2831 2403 2928 2474 τὴν
2955 2402 3146 2470 ἀλογον
3167 2403 3263 2455 καὶ
3295 2401 3570 2471 ἰδιωτικὴν
3592 2400 3774 2453 πίστιν

2189 2492 2279 2546 διὰ
2318 2493 2417 2562 τὴν
2442 2493 2580 2563 πρὸς
2608 2493 2699 2546 τὸν
2740 2491 2949 2564 Ἰησοῦν
2981 2493 3222 2563 ἀγάπην,
3256 2490 3611 2554 ὲπεδεδώκεις
3644 2488 3773 2541 ποτὲ

2193 2585 2388 2639 σαυτὸν
2418 2584 2595 2654 λόγοις
2617 2625 2632 2649 ,
2662 2579 2736 2639 ὧν
2763 2584 3017 2659 ὕστερον,
3050 2588 3116 2656 τῇ
3145 2585 3404 2657 δεδομένῃ
3438 2601 3515 2637 σοι
3564 2583 3770 2636 συνέσει

2192 2676 2679 2748 καταχρησάμενος
2701 2676 2780 2740 είς
2802 2676 2941 2744 δέον,
2971 2677 3272 2744 καταγνοὺς
3301 2675 3566 2744 ἀπέστης.
3590 2671 3771 2726 Ταῦτα

2189 2769 2247 2824 δέ
2281 2787 2422 2841 φημι
2447 2769 2588 2823 κατὰ
2610 2769 2671 2822 τὸ
2705 2769 3026 2840 φαινόμενόν
3064 2786 3155 2840 μοι
3187 2768 3614 2839 ἀπολογούμενος
3643 2765 3772 2835 περὶ

2189 2862 2296 2916 τῶν
2321 2862 2636 2934 δυναμένων
2661 2861 2838 2932 λέγειν
2868 2862 2962 2916 καὶ
2990 2862 3244 2934 γράφειν.
3282 2861 3420 2929 Περὶ
3447 2859 3501 2912 δὲ
3536 2857 3770 2930 ἐμαυτοῦ

2189 2956 2644 3027 ἀπολογούμενος,
2679 2954 2755 3026 μὴ
2781 2954 2889 3027 ἀρα
2917 2955 2977 3008 οὐ
3006 2953 3263 3026 τοιαύτης
3285 2951 3360 3006 ὢν
3390 2951 3558 3017 ἕξεως
3587 2950 3773 3005 ὁποίαν

2189 3047 2356 3119 ἐχρῆν
2385 3046 2474 3100 τὸν
2501 3047 2651 3118 παρά
2679 3045 2813 3099 Θεοῦ
2845 3046 3197 3118 ἱκανούμενον
3227 3044 3471 3098 διάκονον
3498 3044 3594 3114 τῆς
3628 3045 3768 3096 Και-

2191 3137 2290 3206 νῆς
2321 3137 2614 3209 Διαοήκης,
2651 3137 2712 3191 οὐ
2741 3138 3084 3208 γράμματος,
3121 3137 3256 3191 ἀλλά
3286 3136 3626 3206 πνεύματος,
3651 3133 3772 3187 τολο

2117 3221 2161 3280 C
2196 3231 2494 3304 μηρότερον
2528 3233 2763 3304 ἐμαυτὸν
2790 3233 2868 3304 τῷ
2890 3230 3252 3304 ὑπαγορεύειν
3277 3230 3582 3303 ἐπιδίδωμι.

685 3560 780 3616 EX
817 3561 1051 3619 EODEM
1090 3561 1284 3620 TOMO
1321 3563 1386 3631 ν,
1427 3563 1611 3621 APUD
1649 3564 2052 3622 PAMPHILUM
2088 3565 2480 3622 MARTYREM
2519 3565 2588 3620 1N
2621 3564 2994 3622 APOLOGIA
3037 3563 3182 3620 PRO
3227 3561 3583 3620 ORIGENE.

582 3717 903 3790 Unigenitus
959 3719 1130 3776 Filius
1169 3719 1423 3776 Salvator
1451 3731 1656 3785 noster,
1697 3722 1788 3792 qui
1817 3723 1964 3779 solus
2007 3739 2076 3780 ex

505 3808 670 3867 Patre
705 3820 864 3869 natus
891 3821 995 3880 est,
1043 3813 1190 3869 solus
1223 3824 1419 3869 natura
1451 3823 1506 3870 et
1534 3831 1641 3871 non
1669 3817 1962 3888 adoptione
1989 3818 2086 3874 Fi-

505 3905 612 3962 lius
641 3915 744 3962 est.

936 4017 955 4052 ι
984 3998 1116 4055 ltem
1157 4001 1211 4055 in
1249 4000 1440 4056 eodem
1480 4000 1640 4056 libro.
1673 4021 1692 4055 ι

576 4093 731 4151 Unus
760 4107 890 4162 ergo
915 4103 999 4150 est
1029 4108 1189 4148 verus
1235 4093 1396 4160 Deus,
1432 4111 1452 4145 ι
1483 4095 1577 4164 qui
1611 4093 1758 4150 solus
1786 4095 1948 4150 habet
1980 4096 2085 4150 im-

504 4185 911 4250 mortalitatem,
932 4184 1105 4241 lucem
1125 4183 1329 4240 habitat
1353 4186 1781 4244 inaccessibilem
1795 4187 1886 4245 "'.
1901 4187 2082 4245 tUnus

503 4285 562 4333 et
589 4291 753 4332 verus
781 4276 946 4342 Deus,
996 4293 1062 4333 ne
1093 4279 1303 4334 scilicet
1332 4278 1517 4334 multis
1561 4281 1678 4335 veri
1731 4279 1826 4334 Dei
1881 4295 2076 4336 nomen

504 4369 796 4424 convenire
833 4373 1140 4425 credamus.
1188 4369 1267 4426 lta
1317 4385 1448 4442 ergo
1479 4381 1533 4426 et
1572 4372 1625 4427 hi
1670 4373 1762 4442 qui
1807 4373 2080 4443 accipiunt

511 4480 533 4515 ι
556 4463 805 4532 spiritum
837 4465 1148 4537 adoptionis
1192 4465 1426 4523 ﬁliorum
1450 4507 1466 4534 ,
1509 4468 1562 4522 in
1599 4483 1706 4538 quo
1733 4467 2076 4523 clamamus:

503 4553 659 4610 Abba
684 4554 954 4624 Pater"‘,
990 4578 1009 4612 ι
1050 4558 1140 4614 lilii
1165 4559 1380 4629 quidem
1416 4561 1510 4617 Dei
1536 4570 1682 4626 sunt,
1710 4561 1804 4616 sed
1835 4574 1941 4614 non
1975 4559 2084 4615 sic-

503 4654 564 4704 ut
603 4648 912 4719 unigenitus
960 4650 1150 4708 Filius.
1188 4652 1514 4726 Uuigenitus
1555 4654 1700 4710 enim
1744 4663 1938 4710 natura
1992 4651 2083 4707 Fi-

571 4829 642 4862 ’σθ
662 4829 701 4885 ll
717 4829 844 4888 Cor.
881 4845 963 4896 ιιι,
987 4830 1041 4886 6.
1117 4833 1186 4866 ον
1215 4832 1401 4888 l'l‘im.
1441 4846 1517 4899 νι,
1555 4830 1640 4886 l6.
1717 4830 1786 4867 ἰ·
1823 4829 1980 4885 Rom.
2014 4843 2131 4895 vm,
2165 4830 2254 4886 l5.

572 4985 690 5128 (ειζ
717 4988 884 5047 Θεοῦ.
918 4988 996 5043 lta
1025 5002 1157 5044 mss.
1189 4985 1446 5052 Tarinus,
1492 4985 1752 5058 Χριστοῦ.

575 5057 669 5128 (ᾅὸ
717 5058 1022 5128 Βρώματα.
1052 5058 1216 5128 Forte
1249 5057 1556 5128 legendum,
1583 5057 1752 5128 δόγμα

575 5057 690 5130 (ἕξ)
717 5058 1022 5128 Βρώματα.
1052 5058 1216 5130 Eorte
1249 5057 1557 5130 legendum,
1583 5057 1848 5130 δόγματα.

575 5126 688 5202 (55)
729 5126 1224 5201 Πεπληρωμένον.
1267 5126 1359 5186 Sic
1417 5143 1548 5185 mss.
1599 5126 1830 5186 Tarinus
1871 5126 2085 5202 πεπλη-

504 5196 774 5268 malm-

2189 3723 2316 3790 lius,
2346 3735 2402 3780 et
2433 3739 2650 3794 semper
2668 3735 2724 3780 et
2753 3722 3196 3794 inseparabiliter
3225 3721 3395 3777 Filius
3423 3731 3510 3778 est
3536 3739 3550 3788 ;
3582 3722 3763 3776 caeteri

2188 3831 2321 3872 vero
2350 3832 2448 3887 pro
2478 3832 2544 3872 eo
2574 3816 2717 3886 quod
2744 3826 3102 3886 susceperunt
3127 3817 3180 3870 in
3215 3831 3274 3871 se
3301 3813 3498 3869 Filium
3529 3812 3644 3879 Dei,
3666 3828 3765 3882 po-

2191 3919 2443 3965 testatem
2467 3917 2795 3979 acceperunt
2820 3907 2913 3962 ﬁlii
2945 3909 3038 3963 Dei
3067 3907 3205 3962 fieri.
3238 3927 3257 3960 ι
3283 3906 3385 3975 Qui
3412 3927 3433 3962 ι
3463 3907 3588 3962 licet
3613 3924 3630 3958 ι
3655 3920 3762 3960 non

2188 4015 2254 4056 ex
2295 4001 2678 4072 sanguinihus,
2726 4014 2904 4070 neque
2931 4015 2999 4054 ex
3036 4002 3313 4056 voluntate
3347 4000 3554 4063 carnis,
3587 4013 3763 4068 neque

2188 4107 2251 4148 ex
2274 4093 2548 4148 voluntate
2563 4093 2688 4160 viri,
2708 4093 2800 4149 sed
2817 4109 2883 4147 ex
2906 4092 3014 4148 Deo
3041 4093 3156 4147 nati
3183 4111 3202 4146 ι
3223 4091 3438 4157 sint’”,
3457 4106 3564 4147 non
3585 4100 3757 4145 tamen

2188 4199 2250 4238 ea
2298 4184 2582 4240 nativitate
2627 4193 2754 4240 sunt
2804 4183 2915 4239 nati
2963 4198 3066 4254 qua
3117 4194 3276 4239 natus
3322 4191 3407 4238 est
3455 4181 3759 4253 unigenitus

2187 4278 2380 4335 Filius.
2433 4278 2661 4350 Propter
2703 4281 2847 4350 quod
2895 4287 3158 4350 quantam
3207 4279 3565 4336 differentiam
3599 4291 3758 4331 verus

2187 4371 2330 4427 Deus
2367 4372 2529 4428 habet
2560 4379 2626 4428 ad
2661 4388 2780 4436 eos,
2813 4373 3012 4443 quibus
3045 4373 3248 4429 dicitur
3276 4391 3290 4428 :
3323 4391 3341 4425 ι
3376 4373 3490 4443 Ego
3517 4371 3646 4436 dixi,
3678 4370 3751 4424 Dii

2186 4467 2318 4522 estis
2333 4466 2402 4498 ’θ’
2428 4483 2442 4520 :
2476 4484 2496 4519 ι
2522 4475 2726 4521 tantam
2743 4465 3101 4520 dill'erentiam
3125 4465 3288 4521 habet
3313 4479 3471 4520 verus
3497 4463 3663 4520 Filius
3692 4462 3751 4516 ad

2190 4575 2286 4616 eos
2319 4559 2412 4631 qui
2438 4561 2667 4616 audiunt
2701 4577 2714 4615 :
2758 4578 2778 4612 ι
2808 4559 2930 4616 Filii
2969 4558 3183 4615 Excelsi
3210 4560 3505 4616 omues’”.
3539 4576 3559 4610 ι

2332 4828 2399 4860 ⁸³*
2427 4825 2586 4883 Joan.
2623 4842 2662 4893 ι,
2694 4826 2782 4886 l2.
2855 4826 2925 4860 “‘
2962 4823 3113 4886 Psal.
3151 4841 3338 4892 Lxxxt,
3369 4824 3427 4884 6.
3500 4823 3572 4857 ⁹⁵¹
3617 4822 3747 4882 ibid-

2263 4985 2378 5059 (57)
2417 4985 2607 5059 Αὐτός
2651 4985 2802 5059 γοῦν
2841 4983 3080 5059 ἀπορίᾳ,
3108 4992 3216 5059 etc.
3247 4983 3590 5059 Ambrosium
3614 4980 3747 5034 allo-

2191 5053 2396 5126 quitur,
2431 5053 2670 5128 quicum
2701 5056 3077 5113 Valentiniana
3109 5055 3302 5128 heresi
3335 5066 3479 5128 esset
3504 5053 3745 5128 inlectus,

2193 5123 2344 5182 sirus
2375 5123 2503 5183 illud
2531 5127 2784 5198 Origenis
2805 5125 3235 5198 curaevomuit,
3273 5135 3330 5182 et
3355 5127 3618 5182 saniorem
3646 5123 3745 5177 do-

2189 5198 2418 5255 ctrinam
2449 5194 2729 5270 ampleius
2765 5205 2869 5253 est.
2907 5194 3172 5254 Hunnus.
