3866 6526
80 341 161 394 197
1168 361 1526 422 COMMENT.
1567 366 1638 425 IN
1667 368 1859 430 JOAN.
1893 375 2134 438 TOMUS
2166 381 2255 440 Vl.
3253 406 3357 464 I98

85 489 3343 581 __________________

1307 706 2149 832 ΩΡΙΓΕΝΟΥΣ

764 909 906 966 ΤΩΝ
935 912 1040 966 ΕΙΣ
1066 912 1153 971 ΤΟ
1189 914 1378 972 ΚΑΤΑ
1410 919 1722 978 ΙΩΑΝΝΗΝ
1752 925 2183 987 ΕΥΑΓΓΕΛΙΟΝ
2215 932 2679 998 ΕΞΗΓΗΤῙΚΩΝ.

1451 1087 1836 1176 ΤΟΜΟΣ
1882 1101 1981 1179 ς’.

1367 1436 1897 1559 ORIGEN
1913 1447 2044 1560 IS

688 1652 1356 1714 COMMENTARIORUM
1394 1657 1464 1714 IN
1494 1658 2215 1728 EVANGELIUM'SECUN;

1179 1652 1356 1714 )RUM
1394 1657 1464 1714 ΙΝ
1494 1658 2360 1730 ΕνΑΝοΕιιυΜιδΕαυΝῡυΜ
2391 1673 2706 1738 JOANNEM

1363 1825 1775 1928 TOMUS
1843 1842 2013 1934 VI.

1032 2023 1526 2082 INTERPRETE
1548 2026 1930 2088 AMBROSIO
1963 2031 2364 2097 FERRARIO.

1634 2199 1706 2217 δ’..

497 2339 682 2412 ιοο
735 2340 1145 2399 ΠΡΟΟΙΜΙΟΝ.
1649 2355 1699 2414 Α

1649 2355 1699 2414 Α
2120 2352 2280 2426 100
2305 2358 2689 2422 ΡΒᾹΞΕΑΤΙΟ.

115 2431 332 2486 1.Πᾶσα
387 2431 496 2504 μὲν
549 2434 746 2500 Οἰκία,
798 2434 875 2497 ὡς
907 2435 983 2489 ἔνι
1030 2437 1264 2508 μάλιστα
1309 2447 1642 2517 στερρότατα

1818 2446 1872 2502 l.
1900 2444 2090 2504 Omnis
2120 2450 2339 2519 quidem
2368 2455 2580 2522 domus,
2611 2471 2753 2526 quae,
2784 2466 3044 2529 quantum
3080 2460 3194 2520 ﬁeri
3223 2479 3319 2536 po-

62 2523 681 2596 κατασκευασθησομένη
705 2566 722 2589 ,
772 2527 830 2579 ὲν
866 2527 1014 2599 εὑδίᾳ
1043 2530 1149 2584 καί
1181 2536 1412 2608 νηνεμίᾳ
1437 2540 1589 2594 οἰκοδι

1790 2548 1872 2605 est,
1911 2541 2222 2600 ﬁrmissime
2251 2547 2609 2603 construenda
2637 2559 2740 2617 est,
2773 2566 2964 2608 sereno
2997 2561 3241 2624 tempore
3262 2567 3317 2613 et

65 2618 223 2683 μεῑται,
259 2616 342 2668 ἵνα
380 2617 460 2688 μὴ
487 2617 874 2689 ἐμποδίζηται
916 2620 1012 2693 τὴν
1050 2621 1272 2678 δέουσαν
1307 2628 1468 2698 πῆξιν
1501 2633 1592 2687 άνο

1780 2633 2038 2703 ~anquillo
2067 2630 2399 2704 aediﬁcatur;
2436 2653 2504 2693 ne
2535 2616 2860 2710 impediatur
2899 2643 3180 2701 decentem
3213 2662 3307 2702 re-

64 2707 245 2761 λαϐεῖν·
277 2709 432 2774 ὅπως
482 2709 726 2780 δύνηται
769 2711 862 2764 καὶ
908 2713 1128 2787 τοιαύτη
1181 2719 1464 2788 γενέσθαι,
1494 2724 1591 2780 ὦσι

1789 2739 1918 2794 pere
1945 2725 2330 2796 stabilitatem;
2385 2741 2444 2786 ut
2472 2731 2595 2788 talis
2613 2707 2748 2790 esse
2797 2738 2969 2806 possit
2996 2752 3116 2807 quae
3145 2741 3313 2795 susti-

65 2799 302 2868 εὲπομεῖναι
331 2801 700 2873 πλημμύρας
713 2803 910 2874 ὁρμὴν,
935 2804 1029 2857 καὶ
1047 2806 1343 2881 πρόσρηξιν
1365 2815 1592 2886 ποταμοί

1787 2829 1861 2871 eat
1886 2816 2145 2886 impetum
2184 2818 2586 2892 exnndationis,
2627 2835 2681 2880 et
2709 2826 3010 2884 allisionem
3041 2828 3188 2887 ﬂuvii
3211 2870 3227 2897 ,
3259 2841 3314 2888 et

64 2893 130 2942 ni.
149 2893 235 2944 ὅσα
266 2894 432 2962 φιλεῖ,
469 2894 764 2966 χειμῶνος
796 2895 1188 2966 συμϐαίνοντος
1208 2941 1223 2965 ,
1257 2901 1500 2976 ἐλέγχειν
1532 2908 1591 2978 μὲ

1782 2921 2071 2977 uaecunque
2092 2909 2289 2978 solent,
2329 2913 2370 2966 si
2402 2915 2681 2984 contingat
2711 2925 3028 2986 tempestas,
3060 2935 3309 2989 quaenam

62 2985 108 3034 τὰ
136 2984 291 3056 σαθρά
336 2986 450 3040 τῶν
488 2987 993 3058 οἰκοδομημάτων,
1023 2989 1298 3048 δεικνύναι
1325 2995 1382 3048 δὲ
1427 2997 1497 3052 τά
1530 2999 1589 3070 τὴ

1781 2999 1958 3055 diﬁcia
1987 3003 2199 3071 putrida
2231 3019 2296 3057 ac
2331 3005 2550 3070 debilia,
2589 3018 2752 3076 atque
2777 2984 2898 3077 qua:
2931 2984 3091 3066 lirma'
3113 3020 3168 3067 ct
3199 3024 3307 3068 sta-

33 3078 221 3138 ,οἰκείαν
269 3081 478 3152 ἀρετὴν
526 3081 882 3154 ἀπειληφότα
923 3084 1030 3138 τῶν
1066 3091 1560 3162 κατασκευάσματα

1782 3091 1861 3146 ilia
1895 3085 2173 3164 prOpriam
2204 3096 2458 3151 virtutem
2492 3101 2815 3168 receperint“;
2845 3102 3139 3160 declarare.
3164 3104 3309 3162 Prae-

69 3169 346 3243 Ἐξαιρέτως
381 3173 442 3227 δὲ
483 3176 520 3246 ὴ
563 3173 679 3226 τῶν
700 3174 802 3244 τῆς
845 3174 1100 3246 ἀληθείας
1129 3178 1498 3252 θεωρημάτων
1541 3183 1596 3236 δε

1793 3199 1888 3254 pue
1920 3200 2050 3243 vero
2082 3187 2372 3243 aedilicium
2407 3191 2632 3247 rationis
2654 3207 2903 3262 compos,
2935 3205 3197 3253 constans
3212 3198 3320 3253 vcl-

63 3264 202 3335 κτικὴ,
248 3263 442 3336 λογικὴ
479 3265 564 3328 ὡς
613 3266 676 3320 ὲν
710 3267 1010 3340 ἐπαγγελίᾳ
1045 3269 1079 3341 ἦ
1122 3270 1446 3343 γράμμασιν
1477 3275 1590 3328 οίκο

1779 3275 1806 3331 Li
1854 3275 1910 3330 in
1937 3276 2318 3347 promissione,
2352 3288 2407 3334 et
2435 3280 2650 3348 litteris,
2671 3284 3184 3353 contemplatiouum
3215 3303 3306 3342 ve-

61 3351 192 3426 ὂομὴ,
221 3356 338 3410 τότε
373 3358 632 3428 μάλιστα
680 3359 1076 3430 οἰκοδομεῖται,
1112 3363 1292 3426 καλῶς
1324 3366 1588 3420 συνοικοδε

1779 3367 1905 3423 tatis
1927 3383 2118 3440 capax,
2141 3370 2483 3439 potissimum
2505 3382 2616 3427 tum
2646 3375 2813 3444 probe
2834 3351 3137 3432 aediﬁcatur
3168 3379 3299 3452 (58),

67 3449 246 3514 μοῦντος
276 3452 352 3523 τῷ
385 3452 732 3524 προθεμένῳ
767 3451 828 3506 τὸ
875 3453 1093 3525 ἄριστον
1129 3456 1288 3510 τοῦτο
1317 3456 1476 3530 ἔργον
1503 3460 1594 3514 ὲπι

1778 3456 1884 3525 leo,
1926 3473 2030 3512 una
2059 3474 2180 3515 cum
2206 3475 2292 3527 eo,
2321 3463 2412 3532 qui
2457 3465 2720 3531 optimum
2767 3449 3305 3534 praestantissimum-

63 3543 193 3595 τελεῖν
244 3545 334 3598 τοῦ
368 3545 539 3610 Θεοῦ,
594 3543 745 3599 ἐπὰν
807 3545 1108 3622 γαληνιάζῃ
1157 3552 1222 3622 τῇ
1280 3551 1590 3623 ὑπερεχούσ-

1769 3563 1829 3604 ue
1850 3549 1954 3605 hoc
1992 3565 2129 3620 opus
2154 3551 2412 3621 perlicere
2435 3555 2737 3620 constituit,
2762 3555 3065 3614 aediﬁcante
3084 3557 3129 3633 :]
3173 3574 3296 3616 cum

62 3637 196 3689 τάντα
213 3638 330 3692 νοῦν
362 3640 569 3713 εἰρήνῃ
601 3638 865 3710 χρωμένη
897 3641 930 3710 ἡ
961 3639 1126 3713 ψυχὴ,
1161 3641 1346 3713 πάσης
1374 3645 1586 3716 ταραχῆ

1771 3641 1904 3697 nima
1934 3657 2066 3712 pace
2094 3643 2184 3698 illa
2214 3661 2334 3716 qua:
2361 3661 2577 3702 omnem
2625 3645 3036 3719 intelligentiam
3068 3667 3298 3722 superat

64 3728 438 3804 ἁῦοτριουμένη
461 3773 478 3798 ,
524 3733 629 3786 καὶ
675 3731 930 3803 οὐδαμῶς
987 3735 1396 3807 κυματουμένη.
1433 3736 1591 3790 Ταῦτε

1772 3746 1901 3800 Lens,
1917 3750 2126 3791 summa
2151 3739 2543 3808 tranquillitate
2560 3739 2782 3810 potitur,
2808 3743 2877 3799 ab
2894 3744 3041 3799 omni
3069 3747 3299 3801 tumultu

61 3821 104 3890 ἐξ
129 3841 202 3892 μοι
223 3825 470 3878 δοκοῦσιν
494 3825 756 3898 ἀκριϐῶς
786 3827 1243 3898 κατανενοηκότες
1276 3828 1325 3880 οί
1357 3827 1452 3880 τοῦ
1484 3846 1588 3900 προ

1770 3827 1951 3882 berata
1986 3838 2043 3884 et
2073 3830 2235 3886 nullis
2271 3833 2533 3887 undarum
2587 3836 2844 3904 procellis
2894 3839 3116 3909 agitata.
3172 3842 3297 3900 Hac

66 3915 246 3983 srmo?)
275 3916 597 3988 πνεύματος
631 3917 932 3987 ὑπηρέται,
960 3917 1057 3970 καὶ⁸
1105 3920 1154 3972 οἱ
1186 3917 1280 3971 τοῦ
1329 3921 1593 3990 εὐαγγελι·

1769 3916 1888 3980 {itur
1909 3931 2163 3976 accurate
2186 3935 2308 3975 cum
2339 3925 2764 3993 perspexissent,
2783 3935 2838 3981 et
2859 3929 3159 3998 prophetici
3183 3934 3296 4002 spi-

65 4003 133 4055 κεῦ
178 4008 528 4078 κηρύγματος
588 4007 832 4060 διάκονοι
870 4008 1051 4073 ἀξίους
1086 4010 1312 4075 ἑαυτοὺς
1355 4013 1592 4087 παρειλη

1774 4017 1858 4064 tus
1893 4008 2218 4080 interpretes
2245 4021 2302 4066 et
2333 4015 2659 4085 evangelica:
2687 4019 3087 4086 praedicationis
3127 4028 3291 4082 mini-

63 4096 185 4161 ?ém
214 4100 301 4153 τοῦ
327 4100 519 4154 λαϐεῖν
556 4100 664 4171 τὴν
705 4102 764 4153 ὲν
808 4101 1043 4186 κρυπτῷ.
1082 4103 1306 4176 εἰρήνην
1361 4105 1472 4159 ἀπὸ
1517 4107 1590 4160 τοί

1762 4100 1817 4154 Lri
1846 4141 1862 4168 ,
1903 4102 2037 4158 mihi
2067 4103 2318 4158 videntur
2365 4106 2573 4172 seipsos
2602 4108 2795 4179 dignus
2843 4113 3153 4172 exhibuisse
3199 4120 3289 4188 qui

62 4189 145 4240 alii
164 4193 258 4254 τοῖς
273 4191 440 4257 ἀξίοις
466 4192 718 4255 διδόντος
739 4191 924 4264 αὐτὴν,
946 4177 1043 4246 τού
1060 4195 1341 4266 εἰρηκότος
1361 4213 1374 4229 ·
1409 4216 1427 4248 ι
1449 4198 1589 4270 Εἰρήη

1764 4192 2030 4262 cciperent
2065 4209 2253 4262 pacem
2291 4195 2613 4253 interiorem
2643 4201 2711 4269 ab
2748 4217 2813 4258 eo
2842 4204 2935 4273 qui
2969 4221 3089 4262 eam
3113 4208 3291 4277 dignis

63 4295 138 4346 νην
165 4282 347 4355 ἀεξίημι
372 4285 508 4354 ὑμῖν
526 4323 545 4348 ,
579 4285 814 4356 εἰρήνην
839 4285 933 4355 τὴν
960 4286 1098 4358 ἐμὴν
1128 4287 1320 4358 δίδωμι
1351 4289 1511 4360 ύμῖνο
1549 4292 1590 4343 οι

1764 4299 1932 4354 imper
1955 4286 2200 4353 exhibet,
2231 4289 2433 4359 quique
2461 4291 2596 4347 dixit
2619 4293 2690 4324 ’θ’
2715 4311 2731 4350 :
2773 4312 2793 4347 ‹
2822 4293 3015 4352 Pacem
3044 4299 3291 4373 relinquo

63 4372 207 4444 115:1);
230 4379 255 4429 ὁ
278 4378 481 4449 κόσμος
501 4377 727 4430 δίδωσιν
748 4378 986 4450 εἰρήνην,
1023 4379 1178 4448 κάγὼ
1197 4379 1388 4451 δίδωμι
1407 4381 1552 4453 ὑμῖν.
1585 4401 1590 4434 1

1763 4375 1888 4443 nbis,
1925 4391 2109 4446 pacem
2143 4394 2316 4434 meum
2347 4379 2416 4435 do
2446 4381 2636 4437 vobis:
2692 4399 2796 4438 non
2827 4389 3096 4456 quomodo
3133 4372 3290 4446 uiuu-

79 4463 421 4541 Ἐπισκόπησον
484 4469 554 4542 δὴ
620 4470 838 4541 μήποτε
899 4472 1139 4526 τοιοῦτόν
1204 4492 1256 4527 τι
1296 4475 1606 4532 ἀἰνίττεται

1762 4481 1816 4522 us
1841 4468 1932 4523 dat
1955 4483 2143 4539 pacem
2170 4508 2187 4536 ,
2225 4484 2327 4538 ego
2358 4471 2427 4526 do
2461 4472 2615 4528 vobis
2645 4489 2858 4544 pacem.
2893 4495 2912 4530 ι
2943 4476 3176 4536 Proinde
3204 4481 3289 4537 in-

61 4560 166 4629 τιερὶ
187 4561 264 4615 τὸν
293 4561 454 4617 Δαυῒδ
494 4562 595 4616 καὶ
627 4562 949 4634 Σολομῶντα
981 4566 1014 4636 ἡ
1051 4566 1178 4638 περὶ
1203 4565 1296 4620 τοῦ
1323 4569 1450 4623 ναοῦ
1476 4571 1588 4624 ίστο

1782 4560 1862 4616 ice
1897 4577 2026 4615 num
2070 4565 2289 4631 quando
2331 4563 2436 4620 tale
2465 4566 2592 4636 quid
2633 4567 2828 4624 innuat
2873 4570 3096 4628 historia
3129 4575 3309 4632 Davi?

66 4650 154 4715 ρει.
179 4653 320 4706 suis
359 4655 458 4723 μὲν
486 4653 626 4726 γὰρ,
652 4653 920 4726 πολέμους
950 4657 1157 4726 Κυρίου
1193 4657 1445 4731 πολεμῶν
1464 4701 1479 4726 ,
1512 4661 1593 4715 καλ

1756 4654 1797 4710 is
1823 4662 1877 4710 et
1902 4653 2212 4710 Salomonis
2240 4655 2308 4712 de
2343 4657 2561 4730 templo.
2600 4659 2766 4717 David
2799 4662 3064 4733 siquidem
3098 4666 3283 4724 hostes

65 4742 171 4810 πρὸς
217 4745 457 4811 πλείονας
509 4746 806 4817 ἱστάμενος
855 4749 1080 4820 ἐχθροὺς
1123 4751 1317 4805 ἑαυτοῦ
1358 4753 1455 4807 καὶ¹
1508 4754 1592 4808 toi

1752 4745 1930 4800 'ounni
1964 4745 2267 4810 debellans.
2303 4756 2360 4802 et
2391 4758 2581 4804 contra
2630 4751 2813 4819 plures
2845 4753 3053 4810 instans
3081 4757 3161 4812 sui
3198 4757 3279 4827 ip-

79 4833 262 4907 Ἰσραὴλ,
288 4839 453 4891 θέλων
483 4837 846 4909 οἰκοδομῆσαι
872 4841 995 4895 ναὸν
1027 4841 1104 4913 τῷ
1131 4841 1250 4914 Θεῷ
1269 4882 1284 4906 ,
1321 4844 1426 4898 ὑπὸ
1466 4845 1602 4902 Θεοῦ

1750 4836 1824 4892 ius
1871 4845 1925 4892 et
1952 4837 2167 4894 lsraelis
2195 4837 2468 4909 inimicos,
2500 4841 2686 4899 volens
2713 4843 2984 4900 aediﬁcare
3019 4847 3277 4917 templum

59 4922 136 4976 διὰ
149 4926 221 4979 τοῦ
236 4929 410 4983 Νάθαν
437 4928 743 4994 κωλύεται,
775 4928 1023 4998 λέγοντος
1051 4931 1185 5004 πρὸς
1210 4934 1402 4989 αὐτόν·
1440 4956 1460 4989 ι
1489 4938 1586 4991 Οὐ)

1747 4944 1844 4998 leo,
1891 4948 1921 4987 a
1967 4933 2076 4988 Deo
2102 4947 2199 5003 per
2233 4933 2445 4990 Natban
2474 4935 2796 5006 prohibetur
2825 4937 3072 4992 dicente:
3112 4955 3132 4989 ι
3159 4936 3274 4994 Non

59 5017 377 5091 εἰκῡὸομήσεις
405 5041 500 5094 μοι
536 5019 689 5074 οἷκον
711 5061 725 5085 ,
755 5022 834 5074 ὅτι
862 5024 1001 5095 ἀνὴρ
1031 5025 1279 5096 αἱμάτων
1319 5027 1404 5082 σύ.
1454 5048 1472 5081 ι
1500 5030 1586 5082 Σο-

1744 5023 1998 5080 :dillcabis
2015 5023 2145 5080 mihi
2167 5023 2408 5092 domum,
2423 5026 2549 5098 quia
2569 5027 2983 5097 virsanguinum
3001 5041 3060 5084 es
3078 5037 3134 5084 tu
3148 5031 3238 5084 ’7‘:
3252 5048 3271 5084 ι

57 5105 209 5174 logi-ri
230 5111 279 5164 δὲ
302 5112 430 5186 ὄναρ
465 5114 561 5166 τὸν
608 5111 744 5166 Θεὸν
785 5112 935 5178 ἰδὼν,
982 5116 1075 5168 καὶ
1106 5115 1239 5189 ὄναρ
1272 5117 1371 5189 τὴν
1407 5120 1584 5190 σοφίαι

1752 5116 1962 5172 alomon
1989 5123 2170 5171 autem
2195 5155 2212 5183 ,
2247 5117 2338 5186 qui
2376 5117 2543 5172 Deum
2593 5132 2690 5187 per
2739 5118 3011 5174 somnium
3049 5135 3279 5192 conspe-

59 5198 234 5266 λιεὼν,
279 5204 548 5278 (ἐτηρεῖτο
581 5205 695 5276 γάρ
743 5204 806 5257 τὸ
837 5204 984 5278 ῦπαρ
1013 5207 1092 5278 τῷ
1117 5208 1355 5279 λέγοντι·
1394 5229 1413 5262 ‹
1466 5211 1586 5265 Ἱδοί

1752 5209 1787 5264 ἰι
1801 5209 1892 5275 ’3',
1917 5210 2118 5280 quique
2135 5209 2297 5267 etiam
2317 5211 2630 5281 sapientiam
2649 5225 2746 5280 per
2761 5212 3029 5268 somnium
3054 5217 3279 5286 cepit”‘

59 5293 213 5347 πλεῖον
239 5298 576 5370 Σολομῶντος
605 5292 710 5352 ὧδε
731 5315 744 5326 ’
760 5301 808 5371 ι)
832 5304 889 5355 ὲν
917 5303 1186 5378 βαθυτάτῃ
1211 5307 1500 5378 γενόμενος
1528 5310 1586 5362 εί·

1746 5304 2051 5358 ιετνοὴειιιι·
2077 5304 2222 5359 enim
2254 5318 2438 5358 revera
2468 5303 2700 5358 dicenti:
2753 5320 2771 5355 ι
2798 5303 2940 5370 Ecce
2967 5307 3088 5378 plus
3113 5325 3273 5380 quam

63 5385 196 5456 μήνη,
228 5388 294 5452 ὡς
328 5391 713 5446 ἀναπαύεσθαι
757 5391 876 5444 τότε
915 5393 1143 5450 ἕκαστον
1190 5397 1448 5453 ὑποκάτω
1496 5401 1590 5471 τῆς

1744 5395 1955 5451 alomon
1981 5397 2080 5451 hoc
2107 5395 2160 5449 in
2186 5396 2304 5451 luco
2329 5395 2348 5427 ί
2374 5393 2419 5464 ι)
2447 5394 2499 5448 in
2544 5393 2802 5450 altissima
2824 5411 2960 5468 pace
2982 5402 3270 5468 exsistens,

59 5475 266 5543 ἀμπέλου
286 5484 444 5539 αὑτοῦ
463 5525 480 5550 ,
509 5485 612 5539 καὶ
642 5484 900 5540 ὑποκάτω
929 5487 1028 5558 τῆς
1063 5490 1235 5560 συκῆς
1266 5489 1429 5544 αὑτοῦ
1450 5531 1464 5556 ,
1499 5494 1586 5547 καὶ

1747 5507 1775 5546 a
1804 5500 1861 5545 ut
1888 5489 2259 5559 unusquisque
2285 5487 2392 5555 sub
2423 5501 2518 5542 sua
2548 5486 2678 5556 vite,
2708 5499 2763 5546 et
2787 5491 2889 5548 sub
2921 5508 3017 5549 sua
3049 5493 3152 5548 licu
3187 5508 3274 5549 rc-

132 5622 331 5682 “'loan.
352 5644 464 5690 nv,
486 5628 582 5685 27.
688 5627 757 5657 ’⁷⁸
786 5625 804 5680 1
829 5626 1008 5684 Paral.
1046 5646 1182 5698 xxn,
1213 5630 1269 5698 8,
1301 5632 1365 5700 9;
1400 5649 1586 5702 xxvut,

59 5688 154 5752 λίς
176 5692 279 5751 Luc.
312 5714 382 5755 χι.
413 5700 508 5755 51.

1787 5635 1852 5667 ⁸⁸⁸
1875 5631 2113 5689 llParal.
2136 5645 2177 5696 ι,
2203 5628 2258 5683 7.
2333 5628 2402 5661 ⁸⁸·
2435 5627 2564 5685 ibid.
2605 5627 2691 5699 lO,
2723 5628 2805 5684 l2.
2901 5631 2916 5663 ¹
2944 5628 3134 5686 Matth.
3166 5644 3266 5696 ιιι.

112 5701 154 5752 3;
176 5701 279 5751 Luc.
312 5714 382 5765 χι,
413 5701 508 5755 51.

138 5833 216 5904 (58)
240 5835 348 5894 llaec
376 5854 405 5894 τι
432 5835 706 5895 Ferrario
737 5838 1123 5907 praetermissa,
1155 5854 1223 5896 ex
1262 5840 1710 5912 interpretatione
1738 5840 1969 5899 Pcrionii
1999 5839 2388 5911 supplevimus.
