3866 6544
557 320 660 382 ιριι

2036 315 2358 375 ORIGRNIS

3714 324 3801 382 ευο

555 446 862 516 quiesceret
885 450 926 513 ¹,
956 461 1255 519 cognomen
1283 445 1398 516 ejus
1421 443 1570 517 pacis
1596 443 1808 500 habens
1831 458 1955 518 quae
1983 444 2130 515 ιο]

2244 441 2347 517 τῆς
2374 439 2517 496 κατὰ
2544 442 2670 506 τοὺς
2698 443 2922 517 χρόνους
2948 441 3114 498 αὐτοῦ
3147 443 3370 518 εἰρήνης
3400 441 3677 518 ἐπώνυμος
3698 463 3804 517 τυγ-

554 555 656 598 suo
699 548 942 606 tempore
974 543 1284 614 contigerat
1309 540 1330 572 ³
1382 540 1528 611 (nam
1569 536 1827 595 Salomon
1878 537 2145 607 interpre-

552 642 704 689 tatur
729 634 1030 704 paciﬁcus),
1066 644 1290 705 propter
1316 647 1529 704 pacem.
1564 640 1723 686 vacat
1768 631 1834 685 ad
1868 628 2145 685 aediﬁcan-

552 727 682 783 dum
711 727 826 783 Deo
861 726 1281 783 celeberrimum
1316 727 1596 798 templum.
1630 724 1769 793 Quin
1796 721 1982 779 Esdra:
2009 731 2146 777 lem-

552 837 684 892 pore
721 820 766 888 ⁸,
799 837 924 877 cum
960 821 1146 878 vinum
1183 830 1240 878 et
1270 820 1553 877 inimicum
1589 834 1768 890 regem
1804 832 1868 873 ac
1910 816 2144 886 denique

555 914 814 970 mulieres
843 914 1015 970 vincit
1040 914 1243 970 veritas
1267 956 1283 983 ,
1318 912 1679 970 reaeditlcatur
1713 910 1973 982 templum
2008 908 2141 963 Deo.

554 1008 683 1064 llaec
717 1024 746 1063 a
781 1007 936 1065 nobis
981 1017 1109 1063 sunt
1139 1008 1235 1064 tibi
1265 1008 1435 1073 dicta,
1463 1024 1496 1063 ο
1545 1020 1702 1064 sacer
1735 1004 2015 1068 Ambrosi,
2045 1016 2144 1073 pro

554 1101 873 1157 defensione
925 1109 1150 1156 nostra:
1185 1102 1445 1172 quoniam
1484 1100 1677 1155 turrim
1721 1094 2092 1168 evangelicatn
2119 1094 2141 1127 '

550 1210 619 1248 ex
652 1203 845 1249 sancto
897 1194 1115 1248 hortatu
1168 1201 1259 1248 tuo
1294 1192 1535 1248 volentes
1585 1191 1781 1245 litteris
1826 1188 2139 1251 :ndilicare,

550 1285 964 1356 supputavimus
998 1284 1215 1354 quidem
1249 1286 1501 1341 sedentes
1532 1291 1809 1353 sumptum
1835 1297 1902 1335 an
1933 1282 2140 1336 habea-

552 1393 673 1432 mus
709 1378 777 1432 atl
809 1391 871 1433 ea
901 1376 1104 1446 quibus
1136 1392 1273 1447 opus
1303 1385 1388 1431 est
1422 1377 1491 1431 ad
1513 1374 1941 1446 perliciendum;
1971 1388 2040 1429 ne
2070 1372 2137 1429 il-

549 1468 802 1525 ludamur
847 1468 1168 1540 reprehensi
1220 1469 1289 1524 ab
1323 1467 1664 1524 intuentibus
1689 1507 1705 1535 ,
1741 1474 2001 1535 tanquam
2037 1465 2137 1536 qui

547 1563 963 1621 fundamentum
1016 1564 1240 1635 quidem
1298 1564 1635 1635 jecerimus,
1681 1563 1951 1634 perlicere
2005 1576 2139 1618 vero

547 1673 684 1729 opus
714 1658 1146 1730 nequiverimus.
1180 1656 1452 1713 Caeterum
1482 1697 1499 1722 ,
1534 1656 1920 1728 supputatione
1968 1653 2136 1718 facta,

2247 536 2461 607 χάνων·
2500 533 2774 608 (Σολομὼν
2810 536 2919 609 γὰρ
2961 538 3326 610 ἑρμηνεύεται
3366 521 3703 612 εἰρηνικός)
3732 542 3801 597 διὰ

2247 628 2346 702 τὴν
2380 629 2607 702 εἰρήνην
2637 629 2885 701 σχολάζει
2905 629 2997 684 τὸν
3019 630 3304 703 διαϐόητον
3337 632 3681 705 οἰκοδομῆσαι
3697 636 3803 691 ναὸν

2244 721 2324 793 τῷ
2347 722 2486 795 Θεῷ.
2518 723 2630 779 Καὶ
2661 724 2803 778 κατὰ
2848 725 2976 789 τοὺς
3008 725 3215 797 Ἔσδρα
3257 727 3487 799 χρόνους
3542 726 3687 799 (59),
3734 724 3802 783 ὅτε

2245 817 2375 888 νικᾷ
2430 818 2463 889 ἡ
2486 815 2714 889 ἀλήθεια
2741 816 2832 872 τὸν
2855 812 2997 871 οἶνον
3019 858 3033 882 ,
3085 819 3179 872 καὶ
3208 818 3299 877 τὸν
3352 819 3548 891 ἐχθρὸν
3591 818 3800 891 βασιλέα,

2246 910 2343 963 καὶ
2367 908 2468 974 τὰς
2491 912 2757 979 γυναῖκας
2783 948 2797 974 ,
2842 910 3278 984 ἀνοικοδομεῖται
3320 914 3349 966 ὁ
3392 912 3523 976 ναὸς
3570 911 3644 983 τῷ
3685 912 3800 984 Θεῷ.

2246 999 2434 1055 Ταῦτα
2477 1001 2522 1055 δ’
2565 1004 2698 1075 ἡμῖν
2743 1002 3201 1077 ἀπολογουμένοις
3252 1006 3389 1078 πρὸς
3423 1007 3504 1069 σὲ,
3559 1008 3664 1079 ἱερέ
3697 1008 3806 1080 ’Δμ-

2243 1093 2452 1167 6ρόσιε,
2483 1096 2701 1168 εἴρηται
2726 1097 2883 1162 ἐπεὶ,
2921 1097 3013 1152 τὸν
3052 1098 3407 1169 εύαγγελικδν
3443 1099 3646 1173 πύργον
3683 1103 3804 1157 κατὰ

2244 1188 2342 1259 τὴν
2375 1188 2536 1257 ἁγίαν
2566 1206 2660 1242 σου
2694 1189 3008 1262 προτροπὴν
3040 1192 3099 1244 ἐν
3134 1191 3457 1263 γράμμασιν
3482 1193 3803 1265 οἰκοδομῆσαι

2244 1274 2604 1349 θελήσαντες,
2648 1277 2994 1351 ἐψηφίσαμεν
3046 1281 3146 1351 μὲν
3192 1282 3549 1347 καθεσθέντες
3590 1283 3687 1356 (60)
3722 1285 3802 1356 τὴν

2242 1368 2514 1442 δαπάνην,
2546 1372 2594 1424 εἰ
2616 1370 2810 1443 ἔχομεν
2837 1371 2904 1425 τά
2935 1372 3073 1444 πρὸς
3097 1374 3466 1447 ἀπαρτισμὸν,
3514 1377 3600 1431 ἵνα
3624 1377 3693 1449 μὴ
3720 1379 3803 1449 εμ-

2240 1457 2590 1531 ποδιξώμεθα
2620 1459 2731 1531 (61)
2761 1460 2865 1514 ὑπὸ
2908 1460 3016 1516 τῶν
3065 1462 3414 1536 θεωρούντων
3438 1505 3453 1531 ,
3496 1467 3803 1521 καταϐαλλό-

2245 1569 2418 1622 μενοι,
2450 1552 2732 1605 ἐκτελέσαι
2759 1552 2816 1606 δὲ
2844 1554 2906 1606 τὸ
2945 1537 3109 1626 ἔρ”γον
3134 1553 3211 1627 μὴ
3248 1555 3619 1628 δεδυνημένοι.
3646 1559 3805 1630 Ψηφί-

2240 1659 2431 1710 σαντες
2456 1643 2515 1698 δὲ
2536 1644 2732 1717 ἕτοιμα
2762 1645 2860 1717 μὲν
2892 1647 2963 1703 τὰ
2995 1648 3076 1711 εις
3102 1648 3452 1720 ἀπαρτισμὸν
3488 1651 3590 1722 τῆς
3624 1652 3805 1705 οἰκοδο-

547 1768 671 1808 cnm
694 1751 1265 1823 deprchendissemus,
1290 1748 1635 1818 perﬁciendae
1663 1747 1903 1811 fabricae,
1924 1762 1987 1802 ea
2015 1762 2130 1817 quae

2246 1737 2353 1808 μῆς
2376 1739 2512 1809 ἡμῖν
2547 1738 2812 1811 παρόντα,
2837 1740 2898 1793 οὐ
2926 1740 3356 1813 κατειλήφαμεν,
3382 1743 3462 1815 τῷ
3491 1742 3612 1816 Θεῷ
3634 1744 3690 1802 δὲ
3725 1763 3805 1798 πε-

549 1859 962 1915 paraveramus.
992 1859 1100 1898 non
1129 1841 1399 1909 sullicere,
1431 1843 1483 1897 id
1517 1851 1689 1898 totum
1726 1841 1837 1895 Deo
1860 1839 2136 1898 commisi-

547 1952 671 1992 mus
695 1936 888 1992 ditanti
924 1935 976 1991 in
1006 1936 1155 1991 omni
1182 1949 1434 1991 sermone
1463 1943 1519 1990 et
1550 1934 1881 2009 cognitione,
1916 1932 2137 1987 creden-

546 2037 627 2084 tes
661 2030 806 2099 quod
836 2045 935 2085 nos
965 2029 1111 2099 ipsos
1141 2028 1289 2100 leges
1319 2042 1541 2084 servare
1573 2026 1888 2097 spirituales
1925 2039 2132 2080 conan-

546 2132 629 2178 tes
659 2124 875 2191 ditabit,
909 2134 964 2179 et
995 2124 1138 2195 quod
1174 2122 1587 2193 progredientes
1613 2120 1667 2175 in
1700 2126 2001 2182 structura,
2033 2118 2132 2170 ad-

542 2213 642 2283 iuti
675 2214 761 2269 his
802 2229 924 2283 qua:
954 2215 1069 2284 ipse
1105 2210 1554 2284 suppeditaverit,
1615 2209 1679 2264 ad
1706 2206 1924 2264 aedilicii
1968 2207 2133 2262 etiam

547 2319 813 2361 coronam
848 2305 1265 2375 perveniemus:
1294 2318 1417 2373 quae
1441 2317 1565 2357 eum
1609 2300 1699 2372 qui
1729 2299 2040 2355 ascenderit
2066 2300 2133 2355 ad

545 2398 767 2455 domum
801 2399 1092 2464 sermonis,
1120 2398 1315 2453 cadere
1348 2397 1621 2469 prohibet,
1652 2410 1776 2451 cum
1809 2394 1987 2451 abhis
2018 2403 2135 2450 tan-

547 2498 661 2544 tum
692 2490 946 2546 domibus
976 2505 1098 2560 qua:
1127 2504 1331 2545 corona
1367 2498 1580 2558 carent,
1611 2487 1812 2544 cadant
1843 2487 1880 2544 ii
1921 2486 2016 2558 qui
2043 2501 2135 2544 ca-

545 2583 698 2645 dunt,
731 2594 953 2653 propter
980 2579 1445 2652 iinperl'ectionem
1471 2580 1851 2649 aediﬁciorum,
1880 2595 2000 2648 qua:
2030 2594 2133 2637 ca:-

543 2674 642 2731 des
668 2682 723 2729 et
754 2688 915 2730 casus
947 2682 1246 2729 causantur
1278 2673 1365 2729 his
1392 2673 1484 2744 qui
1520 2672 1575 2727 in
1605 2672 1798 2728 eodem
1830 2680 1960 2728 sunt
1988 2671 2130 2728 loco.

539 2764 660 2821 Jam
694 2765 758 2821 ad
789 2766 1037 2836 quintum
1071 2780 1241 2836 usque
1272 2775 1516 2838 tomum,
1558 2767 1809 2838 quamvis
1851 2765 2133 2822 adversari

542 2858 700 2915 nobis
737 2858 1385 2915 \‘idercturAlexandrite
1425 2859 1688 2929 procella,
1721 2874 1844 2930 qua:
1873 2873 2131 2916 concessa

543 2952 714 3019 luere,
753 2951 918 3006 locuti
969 2967 1197 3018 sumus,
1253 2951 1381 3008 .lesu
1447 2953 1762 3023 increpante
1834 2959 2025 3006 ventos
2076 2959 2134 3006 et

452 3033 455 3036 ⁴
541 3048 717 3101 undas
749 3045 935 3102 maris.
960 3044 1039 3101 Ex
1066 3046 1169 3102 hoc
1199 3060 1327 3101 casti
1360 3047 1656 3117 progressi,
1684 3045 1916 3100 extracti
1942 3059 2132 3101 sumus

540 3150 606 3191 ex
633 3134 894 3208 Egypto,
925 3136 1037 3191 Deo
1085 3151 1186 3191 nos
1221 3137 1509 3202 Iiberante,
1543 3137 1634 3206 qui
1664 3136 1854 3195 eduxit
1876 3137 2131 3207 populum
2160 3177 2203 3236 ϐ

540 3241 698 3282 suum
733 3244 801 3283 ex
850 3241 953 3295 ea;
991 3229 1188 3286 deinde
1217 3229 1438 3284 inimico
1465 3230 1729 3285 adversus
1757 3243 1861 3286 nos
1886 3230 2132 3286 acerbis-

539 3326 678 3380 sime
716 3335 998 3398 pugnantc
1044 3340 1142 3396 per
1174 3340 1304 3381 suas
1352 3341 1521 3382 novas
1554 3326 1794 3392 litteras,
1835 3341 2024 3384 revera
2059 3326 2132 3391 E-

541 3417 792 3489 vangelio
844 3417 1140 3485 inimicas,
1176 3432 1473 3489 omnesque
1517 3418 1740 3491 Egypti
1794 3428 1985 3475 ventos
2037 3422 2134 3474 ad-

540 3522 734 3565 versus
768 3524 869 3565 nos
902 3512 1240 3575 concitante,
1280 3520 1432 3567 stare
1474 3527 1561 3568 me
1595 3511 1774 3583 magis
1809 3511 2135 3567 adhortabao

541 3612 631 3659 tur
656 3604 798 3660 ratio
841 3606 911 3661 ad
940 3615 1252 3672 certamen,
1279 3620 1336 3663 et
1360 3622 1588 3663 servare
1620 3608 2129 3679 praestantissimam

540 3697 647 3752 mei
680 3705 913 3768 partem,
941 3715 1104 3769 quam
1136 3701 1441 3772 importune
1468 3699 1802 3773 conjungere
1826 3710 2128 3759 restantem

538 3792 905 3862 Scripturam,
941 3803 1238 3864 antequam
1275 3794 1512 3851 rationis
1540 3795 1821 3852 discursus
1858 3793 2129 3866 tranquil-

540 3884 749 3942 litatem
786 3888 1076 3957 reciperet,
1104 3902 1174 3943 ne
1205 3888 1347 3943 forte
1374 3888 1734 3959 cogitationes
1764 3902 1946 3957 prava:
1974 3888 2130 3943 inva-

537 3977 810 4035 leseercnt
828 3978 881 4035 in
902 3980 1141 4035 animam
1159 3983 1326 4037 etiam
1345 3996 1521 4036 meam
1535 3979 1828 4051 procellam
1845 3980 2125 4036 inducere.

538 4072 682 4140 Quin
712 4076 971 4130 absentes
1008 4090 1255 4145 quoque,
1285 4077 1379 4146 qui
1429 4076 1564 4130 mihi
1596 4077 1666 4130 de
1703 4089 1858 4130 more
1888 4074 2124 4139 adsunt,

537 4165 753 4222 veloces
780 4167 1101 4237 scriptores,
1138 4182 1225 4223 me
1248 4168 1637 4239 prohibebant,
1664 4183 1787 4240 qua:
1810 4166 2125 4238 excogitas-

623 4303 823 4361 ‘Mich.
863 4308 1032 4376 m4;
1070 4307 1092 4362 Ι
1128 4308 1305 4368 Macb.
1343 4327 1454 4380 xw,
1481 4312 1570 4369 l2.

537 4374 609 4429 28
633 4386 687 4431 et
708 4391 860 4449 seqq.

611 4495 724 4569 (59)
755 4495 916 4569 Κατᾲ
954 4495 1096 4569 τοὺς
1132 4495 1363 4567 Ἔσδρα
1399 4497 1683 4567 χρόνους.
1717 4495 1790 4553 ita
1826 4498 2024 4569 legitur
2058 4498 2111 4553 in
2146 4505 2188 4559 ι)

539 4568 729 4640 codice
786 4567 1098 4640 Bodleiano,
1131 4581 1230 4640 nec
1267 4584 1374 4623 non
1427 4570 1751 4626 Barberino.
1801 4567 2111 4640 Corruptus

541 4645 626 4693 est
654 4636 805 4708 locus
843 4639 897 4692 in
929 4638 1120 4708 codice
1147 4637 1335 4708 Regio.

611 4707 726 4782 (60)
752 4707 1179 4782 Kaaé‘qﬁé‘tftec.
1240 4707 1331 4764 Sic
1380 4710 1586 4766 habent
1614 4712 1780 4782 codd.
1836 4711 2036 4782 Regius
2064 4720 2123 4768 et

538 4778 1255 4853 Barberinus,Bodleianus
1286 4792 1467 4836 autem
1499 4781 1848 4846 καταθέντες,
1878 4778 1977 4852 pro
2006 4797 2115 4853 quo

540 4851 1063 4976 ilrintargingshabet
1094 4851 1442 4918 καθίσαντες,
1493 4866 1550 4909 et
1594 4854 1670 4909 ita
1719 4851 2115 4921 legendum'ex

589 4935 672 4974 uc.
708 4938 822 4976 xw.
928 4961 943 4976 .

589 4935 672 4974 uc.
708 4938 822 4985 XIV,
846 4935 943 4977 ’Ζδο

544 4991 727 5118 ωηιξη
758 4992 1251 5119 Ἐμῶοδιᾱῦμεθω
1306 4994 1450 5066 Lege
1503 4994 1926 5067 ἐμπαιξώμεθα.
1984 4992 2121 5051 Vide

663 5102 676 5117 .
710 5081 824 5119 xrv.
937 5108 952 5119 .

591 5077 676 5117 uc.
710 5081 824 5130 xrv,
859 5077 952 5122 κν.

617 5132 867 5208 (θλὶλΚαὶ
888 5136 1065 5207 μέχρι
1096 5153 1163 5208 γε
1192 5136 1301 5193 τοῦ
1340 5134 1614 5208 πέμπτου
1637 5138 1848 5208 τόμον,
1876 5144 1982 5192 etc.
2008 5135 2121 5208 Ille-

548 5153 1614 5277 ιηείιῗί)ιὲἔιτῖᾗίίιξίέῗεέιῗῶεπῆῗζῖττεῗ
1627 5153 1982 5275 ἦῖέΐῗῗέῗιΐὶ
2008 5153 2115 5270 ἒῗζ

545 5275 690 5328 unde
715 5276 897 5350 discas
930 5275 1169 5348 quinque
1194 5283 1406 5350 priores
1434 5278 1688 5350 Origents
1734 5280 1789 5332 in
1846 5277 2115 5350 Joannem

544 5347 1042 5405 tomosAlexattdro
1068 5347 1374 5418 imperante
1402 5347 1573 5404 fuisse
1599 5347 1935 5403 lucttiiratos.
1960 5348 2115 5415 Quod

544 5425 722 5473 autem
747 5434 841 5474 sex
874 5430 1047 5475 tomos
1081 5420 1137 5472 in
1158 5421 1418 5474 Joannem
1448 5420 1798 5475 Alexandria:
1820 5429 1947 5473 tunc
1980 5419 2118 5473 scri-

541 5497 665 5560 ptos
688 5488 859 5546 fuisse
886 5490 1065 5560 prodit
1090 5487 1430 5559 Nicephorus
1459 5490 1553 5546 lib.
1576 5505 1626 5556 v,
1651 5504 1774 5557 cap.
1809 5489 1898 5554 15,
1917 5489 1996 5544 sic
2028 5488 2114 5543 in-

543 5558 795 5629 telligito,
825 5558 1070 5631 quinque
1096 5558 1309 5629 priores
1360 5570 1537 5616 tomos
1590 5561 1869 5616 absolutos
1920 5560 2110 5626 fuisse,

543 5640 757 5700 sextum
790 5631 1127 5695 inchoatum,
1161 5646 1321 5700 quem
1370 5631 1548 5686 denuo
1596 5631 1839 5686 exordiri
1882 5646 2115 5685 necesse

544 5699 754 5765 habuit,
777 5702 919 5770 quod
950 5699 1190 5770 priorem
1212 5701 1561 5770 scriptionem
1582 5702 1914 5757 Alexandria
1937 5701 2117 5757 disce-

544 5771 680 5846 dens
708 5785 893 5826 secum
930 5785 1039 5846 non
1073 5780 1427 5846 asliortassct.
1478 5770 1535 5827 Id
1584 5774 1701 5846 ipse
1733 5772 1800 5830 de
1826 5787 1885 5830 se
1930 5772 2120 5830 scribit

550 5840 813 5910 Origenes
842 5841 1001 5911 paulo
1028 5839 1273 5897 inferius.
1315 5840 1577 5898 “UETIUS.
1605 5839 1623 5846 “
1892 5856 1897 5859 ‘

1683 4310 1751 4365 ³1
1782 4310 1960 4367 Paral.
2004 4285 2141 4375 xx",
2181 4309 2238 4363 9.

2244 1833 2620 1907 πιστεύκαμεν
2640 1833 2719 1905 τῷ
2744 1833 3081 1901 πλουτίζοντι
3114 1837 3173 1889 ἐν
3197 1837 3364 1890 παντὶ
3384 1836 3529 1909 λόγῳ
3558 1839 3649 1894 καὶ
3676 1841 3806 1914 πάσῃ

2242 1925 2442 1995 γνώσει
2461 1968 2476 1993 ,
2507 1928 2591 1981 ὅτι
2628 1928 3057 1999 ἀγωνιζομένους
3084 1930 3234 2001 ἡμᾶς
3262 1930 3462 1995 αὐτοὺς
3488 1936 3672 2005 τηρεῖν
3697 1937 3805 1999 τοὺς

2240 2022 2652 2093 πνευματικοῦς
2672 2021 2869 2094 νόμους
2889 2022 3186 2088 πλουτίζει,
3223 2026 3318 2080 καὶ
3343 2026 3407 2080 ἐκ
3433 2025 3543 2079 τῶν
3572 2028 3808 2098 ἐπιχορη-

2242 2115 2524 2188 γουμένων
2559 2116 2650 2169 ὑπ’
2680 2115 2846 2169 αὐτοῦ
2871 2117 3274 2188 προκόπτοντες
3315 2121 3374 2173 ἐν
3395 2119 3474 2191 τῷ
3504 2121 3808 2192 οἰκοδομεῖν,

2244 2208 2524 2280 φθάσομεν
2564 2208 2661 2263 καὶ
2689 2208 2781 2261 ἐπὶ
2804 2208 2903 2279 τὴν
2935 2209 3204 2281 στεφάνην
3236 2210 3330 2265 τοῦ
3375 2213 3811 2286 οἰκοδομήματος,

2243 2301 2557 2356 κωλύουσαν
2588 2300 2807 2356 πίπτειν
2835 2301 2927 2356 τὸν
2957 2301 3324 2375 άνεληλυθότα
3345 2305 3442 2358 ἐπὶ
3470 2307 3531 2359 τὸ
3556 2305 3705 2377 δῶμα
3727 2309 3811 2360 τοῦ

2241 2395 2402 2465 λόγου
2427 2434 2441 2459 ,
2472 2396 2584 2451 άπὸ
2621 2394 2796 2467 μόνων
2841 2395 2950 2449 τῶν
2996 2397 3379 2468 ἐστερημένων
3425 2398 3531 2469 τῆς
3563 2401 3815 2471 στεφάνης

2244 2490 2553 2545 πιπτόντων
2577 2489 2687 2545 τῶν
2720 2491 3028 2545 πιπτόντων
3063 2490 3153 2545 διά
3180 2490 3238 2545 τὸ
3270 2491 3461 2557 ἀτελὲς
3488 2491 3597 2547 τῶν
3622 2494 3815 2548 οἰκοδο·

2246 2581 2514 2654 μημάτων
2536 2622 2550 2648 ,
2584 2582 2762 2652 φόνων
2803 2582 2993 2639 αἰτίων
3040 2585 3153 2648 τοῖς
3188 2584 3246 2636 ἐν
3292 2583 3442 2656 αύτῷ
3478 2586 3814 2657 τυγχάνουσι,

2242 2676 2338 2732 καὶ
2368 2675 2681 2748 πτωμάτων
2714 2675 3033 2750 γινομένων.
3070 2675 3183 2732 Καὶ
3238 2676 3403 2749 μέχρι
3435 2694 3501 2747 γε
3546 2677 3637 2732 τοῦ
3682 2683 3818 2751 πέμ-

2242 2786 2377 2824 πτου
2421 2769 2589 2840 τόμου
2634 2768 2768 2841 (62),
2819 2769 2868 2823 εἰ
2897 2770 2991 2824 καὶ
3018 2769 3046 2821 ὁ
3088 2768 3232 2823 κατὰ
3277 2769 3377 2843 τὴν
3418 2770 3818 2845 ’Δλεξάνδρειαν

2240 2861 2448 2936 χειμὼν
2474 2862 2585 2936 (65)
2616 2862 3000 2933 ἀντιπράττειν
3047 2862 3252 2926 ἐδόκει,
3282 2863 3350 2921 τὰ
3387 2863 3645 2936 διδόμενα
3682 2866 3818 2935 {nu}-

2239 2952 2617 3027 γορεύσαμεν,
2642 2952 3003 3025 ἐπιτιμῶντος
3036 2955 3148 3018 τοῖς
3185 2954 3409 3025 ἀνέμοις
3449 2956 3545 3013 καὶ
3584 2959 3696 3022 τοῖς
3725 2957 3818 3011 κύ-

2244 3064 2379 3120 μασι
2407 3048 2511 3120 τῆς
2542 3045 2819 3118 θαλάσσης
2846 3044 2939 3101 τοῦ
2983 3044 3183 3118 Ἰησοῦ.
3214 3049 3328 3103 Καὶ
3367 3050 3434 3102 ἐκ
3452 3048 3606 3105 τοῦδε
3637 3052 3823 3104 ἐπιπε-

2243 3144 2428 3209 σόντος
2472 3142 2611 3223 (64).
2636 3140 3083 3215 προεληλυθότες,
3131 3141 3539 3217 ἐξελκύσθημεν
3580 3145 3687 3201 ἀπὸ
3725 3145 3822 3217 τῆς

2238 3236 2538 3307 Αἰγύπτου,
2567 3234 2876 3307 ῥυσαμένου
2899 3235 3049 3306 ἡμᾶς
3075 3233 3171 3289 τοῦ
3197 3235 3333 3292 Θεοῦ
3354 3222 3447 3292 τοῦ
3470 3236 3823 3309 ἐξαγαγόντος

2238 3331 2330 3385 τὸν
2382 3330 2511 3384 λαὸν
2539 3328 2705 3384 αὑτοῦ
2733 3329 2828 3383 ἀπ’
2876 3330 3074 3402 αὐτῆς*
3111 3325 3437 3386 ἕπειτα¹τοῦ
3483 3331 3676 3405 ἐχθροῦ
3710 3332 3821 3404 (65)

2240 3424 2546 3498 πικρότατα
2577 3422 2736 3497 ἡμῶν
2779 3423 3399 3496 καταστρατευσαμένου
3442 3425 3531 3480 διὰ
3566 3425 3672 3481 τῶν
3703 3443 3828 3481 και-

2236 3515 2344 3569 νῶν
2364 3513 2528 3568 αὐτοῦ
2552 3513 2919 3585 γραμμάτων,
2950 3512 3058 3568 τῶν
3083 3512 3299 3585 ἀληθῶς
3318 3513 3529 3586 ἐχθρῶν
3554 3514 3629 3587 τῷ
3650 3516 3827 3584 Εὐαγ-

2237 3606 2423 3678 γελίῳ,
2448 3607 2542 3659 καὶ
2570 3604 2778 3667 πάντας
2804 3606 2929 3667 τοὺς
2954 3605 3011 3657 ἐν
3044 3604 3303 3678 Αἰγύπτῳ
3330 3608 3563 3679 ἀνέμους
3595 3608 3697 3678 τῆς
3727 3626 3827 3662 πο-

2239 3700 2432 3772 νηρίας
2479 3697 2600 3753 καθ’
2648 3697 2807 3770 ἡμῶν
2858 3699 3206 3769 ἐγείραντος,
3266 3699 3461 3771 στῆναι
3510 3700 3709 3771 μᾶλλόν
3755 3717 3824 3771 με

2239 3794 2374 3866 πρὸς
2410 3780 2513 3847 τὸν
2528 3792 2716 3864 ἀγῶνα
2749 3792 3046 3865 παρεκάλει
3075 3793 3103 3847 ὁ
3131 3792 3315 3862 λόγος,
3350 3793 3446 3847 καὶ
3493 3795 3731 3867 τηρῆσαι
3765 3794 3825 3847 τὸ

2235 3882 2561 3955 ἡγεμονικὸν
2586 3922 2601 3948 ,
2637 3884 2845 3954 μήποτε
2901 3881 3170 3955 μοχθηροὶ
3211 3882 3460 3955 λογισμοὶ
3493 3885 3826 3958 ὲξισχύσωσι

2234 3977 2326 4031 τὸν
2370 3976 2615 4048 χειμῶνα
2663 3976 2754 4030 καὶ
2783 3979 2849 4050 τῇ
2897 3975 3042 4048 ψυχῇ
3086 3993 3186 4048 μου
3216 3978 3626 4047 ἐπεισαγαγεῖν,
3669 3982 3825 4055 ἥπερ

2236 4070 2483 4142 ἀκαίρως
2511 4070 2640 4142 πρὶν
2666 4069 2910 4142 γαλήνην
2926 4070 3024 4141 τὴν
3050 4070 3290 4125 διάνοιαν
3316 4070 3501 4126 λαϐεῖν
3526 4073 3825 4128 συνάπτειν

2234 4163 2302 4218 τὰ
2344 4163 2471 4236 ἐξῆς
2506 4163 2608 4236 τῆς
2646 4163 2893 4237 Γραφῆς.
2928 4164 3038 4218 Καὶ
3065 4165 3116 4218 οἱ
3158 4163 3411 4237 συνήθεις
3448 4165 3505 4220 δὲ
3535 4168 3821 4237 ταχυγρά-

2345 4307 2368 4338 ⁸
2392 4304 2460 4360 ιιι
2492 4305 2620 4361 Esd.
2656 4320 2735 4371 ιν,
2767 4305 2863 4368 '57,
2892 4305 2977 4377 41,
3015 4305 3080 4359 47
3111 4312 3166 4358 ct
3202 4318 3358 4375 seqq.
3471 4306 3493 4337 ⁸
3521 4304 3650 4361 an.
3700 4320 3822 4371 xiv,

2293 4498 2407 4588 ἔδει)
2443 4502 2520 4588 ,Ει
2548 4499 2686 4588 μὶ.
2724 4502 2756 4554 δ
2798 4499 3131 4588 “sicut
3164 4499 3630 4588 ἱμεξάνδρεῖφϊ
3686 4517 3825 4588 ειεξ-

2225 4570 2513 4642 primae.
2548 4571 2813 4625 Nimirum
2843 4580 3134 4642 postquam
3162 4571 3411 4626 Caiaarea
3443 4583 3578 4626 etex
3598 4570 3833 4642 Arhaia

2235 4639 2429 4706 redux,
2472 4642 2798 4714 presbyterii
2833 4639 3062 4714 gradum
3104 4639 3218 4708 jam
3268 4651 3577 4705 assecutus,
3608 4640 3833 4709 [lernae

2231 4714 2395 4767 trium
2429 4712 2612 4768 multis
2642 4712 2708 4767 de
2735 4712 2916 4767 causis
2947 4712 3216 4766 infensum
3266 4723 3532 4780 expertus
3564 4721 3674 4778 est,
3731 4716 3819 4767 uti

2229 4782 2466 4853 diximus
2505 4784 2557 4837 in
2587 4782 2944 4852 Origenianis.
2972 4782 3199 4853 Fallitur
3219 4796 3352 4853 sane
3380 4782 3689 4853 Ferrarius,
3714 4785 3822 4853 qui

2229 4852 2501 4909 Maximini
2515 4856 2572 4910 in
2584 4848 2921 4909 Christianos
2930 4853 3165 4924 διωγμὸν
3178 4851 3265 4908 hic
3281 4848 3570 4920 signiﬁcari
3586 4848 3829 4923 perten-

2229 4925 2349 4991 dit;
2386 4926 2642 4993 deceptus
2683 4925 2941 4977 nimirum
2974 4923 3093 4977 loco
3128 4923 3347 4980 Eusebii
3374 4926 3571 4989 altero.
3594 4928 3691 4993 qui
3732 4936 3833 4981 est

2230 4995 2326 5049 lib.
2355 5010 2430 5061 vr,
2460 5010 2579 5064 cap.
2605 4994 2696 5061 28,
2732 4993 2821 5048 ubi
2848 5001 2997 5048 tonio
3023 5008 3143 5047 χιιι
3171 4994 3423 5064 Origenis
3457 4996 3514 5052 in
3541 4995 3825 5051 Joannem

2230 5065 2504 5124 Maximini
2528 5066 2962 5137 persecutionem
2975 5067 3393 5123 commemorari
3416 5066 3583 5137 tradit
3628 5064 3827 5121 Euse-

2229 5137 2351 5207 bius
2377 5154 2389 5190 :
2421 5153 2489 5192 cx
2517 5136 2716 5207 quibus
2746 5140 2924 5207 palam
2954 5146 3136 5194 exstat
3176 5141 3361 5207 operis
3404 5136 3551 5192 illius
3580 5146 3825 5207 partem

2229 5206 2549 5263 Alexandri
2569 5206 2907 5277 temporibus
2927 5248 2945 5277 ,
2979 5206 3243 5278 reliquam
3273 5208 3554 5263 Maximini
3579 5206 3833 5271 Succesa

2227 5292 2488 5332 sornmve
2510 5280 2676 5334 fuisse
2708 5279 3069 5334 lucubratam.
3104 5281 3183 5334 In.

2291 5349 2405 5419 (64)
2448 5350 2549 5404 Ἐκ
2594 5348 2767 5407 τοῦδε
2847 5349 3266 5416 ἐπιπεσόντος,
3313 5358 3422 5405 etc.
3455 5347 3587 5405 Cum
3645 5348 3827 5402 enim

2219 5421 2542 5490 gravissima
2571 5421 2623 5475 in
2660 5436 2783 5475 eum
2832 5420 3115 5476 iracundia
3154 5422 3453 5476 exarsisset
3494 5420 3834 5490 Demetrius

2219 5489 2622 5547 Alexandrinus
2645 5492 2956 5560 episcOpus,
2992 5491 3322 5547 Alexandria
3360 5489 3642 5562 inrigavit,
3692 5490 3834 5546 C2:-

2218 5576 2391 5616 sarete
2419 5562 2601 5616 sedem
2633 5563 2835 5631 posuit.
2861 5566 2938 5619 lo.

2289 5631 2403 5703 (65)
2430 5630 2671 5685 Ἔπειτα
2711 5630 2819 5686 τοῦ
2860 5631 3105 5703 ἐχθροῦ,
3128 5641 3238 5687 etc.
3274 5631 3598 5703 Demetrium
3636 5632 3834 5685 intel~

2220 5700 2348 5771 lige,
2380 5700 2472 5771 Qui
2533 5700 3170 5774 episcoporumVASgypti
3227 5704 3495 5773 synodum
3537 5700 3834 5774 adversm

2222 5773 2511 5843 Origeuem
2541 5775 2781 5845 collegit,
2814 5773 3069 5845 eumque
3091 5775 3288 5830 litteris
3319 5776 3521 5845 passim
3552 5773 3834 5831 dissemi-

2231 5845 2374 5900 uatis
2407 5845 2692 5903 traducere
2721 5855 2952 5902 conatus
2970 5855 3077 5901 cst.
3119 5845 3192 5902 la.
