3866 6530
118 420 202 478 2M
1231 419 1591 477 COMMENT.
1635 417 1707 475 IN
1743 415 1934 474 JOAN.
1973 416 2211 475 TOMUS
2248 418 2342 476 Vl.

3307 434 3414 487 9.02

117 557 195 609 φοι
218 540 293 612 μὴ
314 539 616 611 παρόντες
644 542 747 596 τοῦ
776 542 989 613 ἔχεσθαι
1012 539 1118 593 τῶν
1144 538 1568 608 ὑπαγορεύσειαν
1589 537 1719 592 ἐκώ-

1834 549 1961 601 sem,
1997 534 2155 605 102
2181 535 2443 591 mandare
2472 534 2691 593 litteris.
2723 536 2881 594 Nunc
2906 555 3038 597 vero
3064 548 3284 614 quando
3313 550 3412 602 ad-

118 634 249 686 λυον.
281 630 404 684 Νὖν
435 633 489 685 δ’
516 634 617 686 ὅτε
667 633 740 688 τά
771 634 889 688 καθ’
922 631 1076 705 ἡμῶν
1111 630 1483 702 πεπυρωμένα
1529 629 1717 694 πολλὰ,

119 722 429 787 σϐεννύντος
464 724 622 779 Θεοῦ
649 766 667 791 ,
695 725 824 797 βέλη
867 723 1199 796 ἧμϐλυνται,
1249 722 1342 777 καὶ
1384 722 1721 776 ἐνεθισθεῑσα

118 816 257 888 ἡμῶν
282 817 318 887 ὴ
350 814 516 886 ψυχὴ
553 820 678 883 τοῖς
722 815 1088 888 συμϐεϐηκόσι
1128 815 1216 869 διὰ
1238 815 1331 869 τὸν
1356 815 1607 887 οὐράνιον
1631 815 1721 868 λό-

117 923 199 975 γον
219 949 235 972 ,
266 907 463 977 φέρειν
502 908 649 977 ῥᾷον
677 906 922 978 βιάζεται
952 905 1050 970 τὰς
1087 905 1463 977 γεγενημένας
1498 904 1721 959 ἐπιϐου-

114 998 233 1064 λάς,
277 997 547 1070 ὡσπερεὶ
577 999 768 1071 ποσῆς
793 1000 974 1064 εὐδίας
1000 998 1319 1070 λαϐόμενοι,
1353 998 1536 1052 οὐκέτι
1562 999 1725 1068 ὑπερ·

114 1090 375 1162 τιθέμενοι
405 1091 804 1164 ὑπαγορεύειν
833 1093 902 1146 τὰ
930 1090 1196 1147 ἀκόλουθα
1227 1089 1528 1162 βουλόμεθα
1547 1128 1561 1153 ,
1590 1089 1722 1142 Θεὸν

116 1184 431 1239 διδάσκαλον
462 1185 805 1257 ὑτεηχοῦντα
838 1187 895 1239 ἐν
939 1184 1017 1256 τῷ
1046 1184 1223 1255 ἀδύτῳ
1244 1184 1343 1255 τῆς
1370 1182 1549 1255 ψυχῆς
1569 1181 1723 1254 ἡμῶν

120 1277 362 1345 παρεῖναι
384 1275 740 1347 εὐχόμενοι,
766 1277 852 1330 ἴνα
892 1275 1040 1341 τέλος
1062 1274 1203 1350 λάϐῃ
1237 1276 1270 1346 ἡ
1306 1274 1407 1345 τῆς
1439 1273 1581 1328 κατά
1613 1273 1724 1327 Ἰω-

117 1368 270 1434 άννην
285 1367 627 1440 διηγήσεως
657 1368 756 1423 τοῦ
784 1368 1108 1439 Εύαγγελίου
1135 1368 1415 1439 οἰκοδομή.
1444 1367 1657 1421 Γένοιτο
1678 1364 1722 1418 δ’

116 1464 142 1513 ὁ
167 1460 296 1524 Θεὸς
327 1461 596 1531 ἐπήκοος
641 1462 803 1533 ἡμῶν
832 1464 898 1533 τῇ
931 1462 1085 1532 εὐχῇ,
1106 1462 1185 1525 εἰς
1215 1461 1277 1514 τὸ
1310 1459 1547 1528 συνάψαι
1567 1458 1726 1530 δυνη-

1825 640 2040 682 versum
2076 642 2178 681 nos
2209 627 2391 698 ignita:
2432 630 2646 699 sagittae
2679 630 2865 688 multa:
2896 649 3051 691 vana:
3074 635 3299 695 fuerunt
3330 641 3413 696 fa—

1824 727 1946 783 ctaa,
1980 717 2088 772 Deo
2142 717 2261 772 illas
2304 718 2705 791 exstinguenle,
2741 732 2796 777 et
2830 735 3051 781 assueta
3086 730 3267 786 anima
3314 748 3412 787 no-

1824 822 1938 863 Slt'a
1985 809 2066 864 his
2101 824 2225 880 quae
2261 811 2503 867 caelestis
2552 814 2822 870 sermonis
2850 831 3017 873 causa
3058 823 3410 895 contingunt,

1823 896 1971 956 ferre
2006 900 2223 971 cegitur
2246 901 2463 960 facilius
2492 904 2664 961 factas
2694 907 2941 975 insidias,
2976 913 3141 967 veluti
3164 913 3415 985 aliquan-

1825 1000 1939 1046 tum
1982 991 2297 1047 serenitatis
2328 995 2512 1057 nacti,
2551 1010 2655 1050 non
2704 998 2942 1068 amplius
2975 999 3292 1060 differentes
3325 1008 3413 1061 di-

1825 1091 1975 1137 ctare
2004 1081 2253 1139 volumus
2299 1098 2422 1154 quae
2473 1091 2701 1153 restant,
2756 1088 2925 1145 Deum
2978 1094 3299 1163 magistrum
3358 1100 3412 1153 in

1824 1173 2022 1229 anima:
2063 1185 2262 1230 nostra:
2293 1175 2459 1247 adyto
2510 1180 2775 1250 penetrali
2829 1184 3173 1242 insonantem
3221 1190 3416 1247 adesse

1824 1273 2135 1334 precantes,
2169 1274 2226 1321 ut
2259 1266 2419 1322 liuent
2452 1268 2688 1338 accipiat
2734 1282 3010 1331 structura
3045 1282 3413 1338 enarratiOnis

1827 1353 2103 1425 Evangelii
2134 1358 2435 1413 secundum
2461 1358 2753 1420 Joannem.
2778 1364 2960 1436 Atque
2992 1370 3201 1426 utinam
3229 1372 3416 1429 audiat

1823 1444 1968 1501 Deus
1998 1462 2191 1515 preces
2234 1459 2477 1514 nostras,
2529 1461 2589 1507 ut
2622 1467 2826 1526 corpus
2859 1460 3026 1516 totius
3069 1463 3249 1533 Operis
3279 1481 3415 1522 con-

116 1552 261 1624 θῆναι
288 1552 352 1605 τὸ
384 1552 566 1623 σῶμα
590 1551 693 1606 τοῦ
716 1553 838 1606 ὅλου
866 1552 1021 1622 λόγου
1042 1593 1055 1615 ,
1089 1551 1284 1623 μηκέτι
1318 1546 1719 1622 μεσολαϐούσης

1834 1536 2055 1608 iungere
2103 1542 2396 1611 possimus,
2425 1558 2528 1600 nec
2566 1545 2674 1601 ulla
2720 1550 2953 1618 posthac
2996 1557 3295 1613 necessitas
3326 1560 3413 1614 iu-

113 1645 519 1717 περιστάσεως,
544 1643 823 1715 διακοπὴν
838 1643 929 1698 τοῦ
944 1642 1134 1716 εἱρμοῦ
1150 1644 1250 1713 τῆς
1270 1640 1490 1714 γραφῆς
1534 1637 1723 1692 ὁποίαν

114 1737 297 1809 δήποτε
337 1735 778 1810 ἐνεργήσασθαι
820 1736 1143 1809 δυναμένης.
1189 1734 1328 1788 Ἴσοι
1362 1732 1452 1795 δὲ,
1491 1731 1573 1784 ὅτι
1614 1727 1725 1785 ἀπὺ

1826 1631 2077 1701 tercipiat
2106 1644 2275 1704 atque
2310 1636 2678 1707 interrumpat
2709 1638 3014 1711 Scriptura:
3045 1648 3264 1703 seriem.
3292 1647 3413 1704 Cae-

1828 1730 2000 1777 terum
2028 1723 2171 1779 scias
2193 1741 2262 1780 ex
2284 1726 2453 1781 multa
2484 1744 2583 1784 nos
2604 1733 3034 1801 promptitudine
3057 1736 3269 1793 initium
3293 1754 3419 1795 sex-

115 1829 304 1901 πολλῆς
334 1829 680 1900 προθυμίας
710 1828 969 1900 δευτέραν
1005 1829 1210 1899 ταύτην
1241 1825 1414 1899 ἀρχὴν
1461 1821 1719 1894 ποιοῦμαι

1834 1815 1864 1870 li
1898 1816 2027 1871 touti
2064 1817 2241 1874 denuo
2285 1818 2488 1887 facere,
2533 1837 2599 1877 eo
2628 1826 2770 1894 quod
2802 1841 2921 1895 quae
2959 1839 3118 1884 antea
3151 1831 3418 1903 interpre-

114 1922 261 1976 ἕκτου
292 1921 476 1993 τόμου
499 1961 518 1985 ,
554 1920 656 1975 διὰ
696 1920 760 1975 τὸ
785 1920 855 1974 τὰ
875 1918 1422 1994 προῦπαγορευθέντα
1451 1914 1558 1986 (66)
1590 1917 1719 1987 ἡμῖν

1834 1910 1924 1963 tati
1955 1907 2235 1966 fueramus
2269 1911 2635 1979 Alexandriae,
2669 1916 2855 1972 nescio
2890 1934 3000 1988 quo
3034 1935 3193 1991 pacto
3228 1925 3418 1980 nobis-

116 2016 168 2067 ἐν
204 2014 271 2084 τῇ
333 2010 752 2085 Ἀλεξανδρείᾳ
796 2014 895 2067 οὐκ
921 2008 1015 2067 οἷδ’
1042 2008 1678 2082 ὄπωςμὴέκκεκομίσθαι
1703 2024 1719 2040 ο

115 2105 311 2177 βέλτιον
343 2105 468 2177 γὰρ
503 2106 844 2177 ἡγησάμην,
879 2105 1016 2178 ὑπὲρ
1042 2102 1138 2159 τοῦ
1175 2107 1250 2178 μὴ
1286 2099 1586 2176 ἀπράκτως
1631 2116 1722 2172 μοι

112 2196 251 2252 τοῦδε
283 2197 385 2252 τοῦ
422 2197 612 2270 ἔργον
667 2196 959 2269 παρελθεῖν
978 2237 993 2262 ,
1041 2196 1135 2252 καὶ
1178 2194 1367 2251 τοῦτον
1404 2194 1500 2249 τὸν
1529 2192 1723 2267 χρόνον

112 2289 199 2360 ἤδη
227 2289 341 2343 τῶν
375 2289 609 2344 λοιπῶν
635 2289 943 2363 ἄρξασθαι,
973 2291 1066 2344 καί
1098 2289 1208 2363 μὴ,
1259 2291 1377 2362 μετ’
1422 2288 1607 2361 ἀδήλῳ
1642 2285 1722 2358 τῷ

111 2383 515 2456 εὑρεθήσεσθαι
542 2383 621 2437 τὰ
656 2382 1211 2457 προῦπαγορευθέντα
1241 2385 1376 2456 ἡμῖν
1410 2380 1718 2453 ἀναμένων,

109 2476 290 2547 κέρδος
317 2477 429 2531 οὐκ
462 2476 667 2547 ὀλίγον
705 2475 967 2532 ἀπολέσαι
1003 2476 1068 2531 τὸ
1092 2476 1201 2530 τῶν
1236 2474 1438 2548 μεταξὺ
1471 2471 1719 2547 ἡμερῶν.

110 2568 209 2621 Καὶ
237 2569 419 2624 ταῦτα
474 2568 589 2640 μὲν
631 2569 925 2643 αὐτάρκως
949 2568 1061 2643 (67)
1102 2567 1554 2642 πεπροοιμιάσθω
1575 2583 1589 2597 ·
1618 2565 1721 2638 ἤδη

108 2662 160 2717 δὲ
178 2662 273 2716 καὶ
293 2662 405 2734 τῆς
433 2661 660 2730 λέξεως
686 2660 963 2735 ἐχώμεθα.

1827 2014 1949 2054 cum
2001 1998 2159 2055 allata
2188 2016 2294 2055 non
2336 2001 2579 2061 fuerunt.
2607 2003 2800 2063 Melius
2828 2009 2973 2065 enim
2999 2020 3151 2070 ratus
3177 2029 3318 2079 sum.
3348 2032 3419 2073 ne

1826 2091 2044 2148 interim
2087 2094 2253 2149 etiam
2286 2094 2391 2150 hoc
2419 2110 2559 2165 opus
2591 2113 2715 2153 eum
2758 2100 2973 2172 ignavia
3025 2106 3417 2166 intermittere-

1828 2192 1934 2252 tur,
1982 2200 2106 2256 qua:
2152 2186 2434 2242 restabant
2477 2191 2769 2260 prosequi,
2803 2208 2967 2263 quam
3014 2196 3141 2252 dum
3173 2198 3418 2259 incertus

1826 2293 1947 2334 sum
1982 2279 2295 2336 inveniendi
2324 2296 2445 2352 qua:
2475 2281 2822 2355 interpretati
2873 2287 3176 2356 fueramus,
3220 2306 3418 2365 exspe-

1828 2382 2009 2430 ctare:
2042 2374 2148 2431 hoc
2192 2374 2413 2431 interim
2450 2383 2721 2449 tempore,
2751 2381 2895 2450 quod
2929 2382 3068 2438 lucri
3103 2399 3213 2440 non
3247 2401 3419 2457 parva

1828 2476 1914 2523 est
1956 2467 2220 2534 accessio,
2246 2478 2532 2538 pereunte.
2567 2472 2635 2529 Et
2670 2473 2790 2531 haec
2823 2476 3073 2545 prommii
3115 2475 3235 2535 loco
3281 2482 3419 2537 satis

1829 2567 2028 2627 sunto;
2064 2561 2213 2617 n‘unc
2237 2561 2345 2633 iam
2378 2571 2698 2621 contextum
2731 2581 3050 2640 sequamur.

1504 2754 1738 2825 Explicit
1770 2748 2055 2818 Prasiatio.

172 2856 231 2913 2.
292 2876 312 2910 ι
347 2858 473 2913 Καὶ
499 2857 655 2931 αὕτη
687 2858 838 2912 ἐστὶν
880 2860 914 2930 ἡ
942 2856 1219 2931 μαρτυρία
1250 2854 1346 2911 τοῦ
1392 2853 1662 2910 Ἰωάννου.
1700 2869 1721 2904 ι

112 2947 347 3021 Δευτέρα
385 2947 545 3022 αὕτη
595 2949 1069 3022 ἀναγεγραμμένη
1113 2947 1361 3003 Ἰωάννου
1398 2942 1491 3000 τοῦ
1520 2942 1726 2998 Barm-

116 3039 233 3095 ποῦ
268 3043 404 3114 περὶ
432 3041 697 3116 Χριστοῦ
729 3043 1023 3116 μαρτυρία,
1053 3041 1154 3113 τῆς
1182 3039 1456 3113 προτέρας
1489 3036 1724 3110 ἀρξαμέ-

116 3150 207 3204 νης
228 3134 342 3189 ἀπὸ
362 3134 493 3203 τοῦ,
532 3154 555 3187 ι
597 3127 776 3199 Οὗτος
803 3131 871 3206 ἦν
895 3136 955 3190 ὃν
978 3131 1150 3201 εἶπον,
1175 3135 1204 3188 ὁ
1230 3132 1406 3187 ὀπίσω
1436 3147 1538 3203 μου
1573 3129 1725 3205 ἐρχό-

119 3243 307 3296 μενος,
339 3246 360 3279 ι
394 3228 503 3283 καὶ
536 3226 825 3298 ληγούσης
858 3227 937 3291 εἰς
965 3226 1027 3281 τό
1050 3243 1064 3256 ·
1102 3244 1121 3277 ι
1165 3225 1226 3278 ’0
1246 3220 1558 3294 Μονογενὴς
1598 3218 1726 3285 Υἱὸς

114 3318 201 3371 τοῦ
223 3318 385 3385 Θεοῦ,
417 3322 451 3373 ὁ
484 3317 572 3372 ὢν
596 3317 715 3390 (68)
740 3319 821 3382 εἰς
848 3316 938 3373 τὸν
963 3317 1163 3372 κόλπον
1191 3313 1292 3370 τοῦ
1319 3314 1553 3387 Πατρὸς,
1587 3315 1728 3368 ἐκεῖ·

117 3424 198 3472 νος
230 3408 585 3482 ἐξηγήσατο.
633 3428 656 3462 ι
715 3409 832 3479 Οὐχ
881 3407 1049 3478 ὑγιῶς
1080 3407 1135 3461 δέ
1172 3407 1202 3461 ό
1240 3404 1558 3479 ’Πρακλέων
1590 3404 1727 3457 ὐπο-

120 3498 404 3572 λαμϐάνει,
448 3522 470 3555 ι
503 3501 709 3565 Οὐδεὶς
736 3501 828 3554 τὸν
860 3500 992 3555 Θεὸν
1021 3500 1267 3572 ἐώρακεν
1300 3498 1543 3562 πώποτε,
1573 3517 1592 3550 ι
1634 3496 1728 3551 καὶ

119 3592 182 3647 τὰ
204 3595 334 3667 έξῆς
366 3595 617 3665 φάσκων
642 3594 898 3666 εἰρῆσθαι
930 3595 1032 3650 οὐκ
1056 3595 1167 3649 ἀπὸ
1190 3594 1284 3649 τού
1318 3590 1564 3666 μαθητοῦ
1588 3589 1723 3661 (69),

120 3685 223 3739 ἀλλ’
253 3688 363 3741 ἀπὸ
392 3686 499 3740 τοῦ
541 3685 863 3740 Βαπτιστοῦ
891 3686 1025 3759 (70).
1050 3688 1113 3741 Εἰ
1143 3687 1252 3759 γὰρ
1289 3687 1382 3740 καὶ
1417 3687 1535 3740 κατ’
1564 3685 1725 3740 αὑτὸν

120 3778 193 3843 τὸ,
233 3799 253 3832 ι
274 3780 373 3834 Ἐκ
401 3780 505 3834 τοῦ
538 3778 915 3853 πληρώματος
939 3779 1105 3834 αὑτοῦ
1133 3782 1297 3852 ἡμεῖς
1321 3780 1521 3842 πάντες
1541 3777 1728 3834 ἐλάϐο-

125 3888 247 3940 μεν,
290 3874 389 3927 καὶ
428 3873 605 3945 χάριν
641 3873 767 3926 ἀντὶ
814 3864 1069 3945 χάριτος,
1119 3875 1201 3928 ὅτι
1233 3875 1263 3927 ό
1295 3874 1456 3944 νόμος
1486 3872 1574 3927 διὰ
1599 3874 1727 3927 Μω-

127 3962 251 4026 σέως
314 3962 524 4035 ἐδόθη,
594 3964 627 4035 ἡ
670 3961 830 4035 χάρις
880 3964 975 4018 καὶ
1029 3967 1062 4036 ἡ
1121 3963 1351 4036 ἀλήθεια
1404 3965 1492 4018 διὰ
1549 3962 1725 4035 Ἰησοῦ

125 4053 347 4125 Χριστοῦ
416 4056 693 4125 ἐγένετο,
735 4076 756 4106 ι
806 4056 911 4110 ὑπὸ
950 4055 1044 4110 τοῦ
1105 4056 1415 4110 Βαπτιστοό
1470 4057 1722 4128 εἴρηται·

127 4147 234 4213 πῶς
273 4150 373 4203 οὐκ
430 4147 745 4203 ἀκόλουθον
793 4148 883 4202 τὸν
932 4150 997 4202 ἐκ
1056 4147 1149 4201 τοῦ
1214 4148 1582 4220 πληρώματος
1632 4147 1725 4199 τοῦ

130 4236 350 4307 Χριστοῦ
378 4238 663 4308 εἰληφότα
684 4276 700 4300 ,
736 4236 828 4289 καὶ
853 4237 1012 4307 χάριν
1043 4236 1302 4307 δευτέραν
1339 4236 1431 4287 ἐπὶ
1457 4235 1730 4307 προτέρας

1903 2845 1960 2901 2.
2000 2862 2020 2897 ι
2052 2844 2120 2901 Et
2146 2845 2250 2902 hoc
2279 2856 2363 2902 est
2400 2847 2769 2906 testimonium
2812 2849 3038 2911 Joannis
3064 2857 3106 2913 ⁸.
3139 2875 3163 2912 ο
3202 2857 3417 2915 Secun-

1831 2936 1958 2992 dum
1988 2936 2094 2993 hoc
2121 2946 2208 2993 est
2244 2936 2470 2996 Joannis
2501 2939 2762 3011 Baptistze
2786 2942 2855 2999 de
2882 2943 3118 3007 Christo
3143 2951 3414 3022 scriptum

1833 3029 2228 3095 testimonium,
2282 3031 2464 3101 primo
2490 3033 2806 3091 testimonio
2834 3035 3135 3109 incipiente
3187 3043 3259 3099 ab
3310 3044 3419 3102 illis

1828 3119 2044 3176 verbis:
2079 3139 2097 3172 ι
2131 3120 2229 3177 Hic
2253 3132 2398 3191 erat,
2421 3138 2580 3194 quem
2608 3125 2755 3192 dixi;
2777 3127 2868 3197 qui
2897 3142 3019 3199 post
3044 3147 3131 3186 me
3153 3135 3299 3191 venit
3323 3137 3367 3203 ⁷,
3391 3155 3415 3191 ι

1828 3222 1883 3268 et
1909 3214 2195 3271 desinente
2234 3214 2288 3269 in
2322 3228 2407 3283 ea,
2457 3233 2478 3269 ι
2508 3215 2832 3288 Unigenitus
2858 3219 3030 3280 Filius
3060 3223 3180 3292 Dei,
3203 3227 3296 3297 qui
3334 3236 3420 3285 est

1830 3305 1883 3360 in
1914 3306 2037 3361 sinu
2070 3303 2272 3376 Patris,
2310 3308 2403 3364 ille
2444 3311 2723 3365 enarravit
2753 3310 2795 3365 ⁸.
2828 3330 2848 3364 ›
2901 3314 2972 3369 At
3004 3330 3135 3371 vero
3190 3333 3296 3374 non
3326 3334 3416 3375 re-

1830 3412 1919 3460 cte
1948 3403 2245 3461 Heracleon
2271 3405 2586 3476 suspicatur
2611 3406 2779 3463 verba
2811 3407 2899 3464 illa
2924 3428 2939 3466 :
2977 3428 2996 3463 ι
3027 3410 3219 3468 Nullus
3243 3411 3415 3469 Deum

1827 3496 1964 3552 vidit
2012 3512 2252 3567 unquam
2277 3499 2318 3563 ',
2354 3517 2374 3550 ι
2428 3509 2641 3570 etquae
2687 3514 3013 3571 sequuntur,
3060 3504 3207 3560 dicta
3248 3504 3419 3563 fuisse

1829 3606 1935 3646 non
1966 3606 1997 3646 a
2037 3590 2302 3662 Baptista,
2345 3592 2440 3647 sed
2471 3607 2503 3647 a
2539 3592 2825 3664 discipulo.
2855 3594 2991 3651 Nam
3023 3596 3071 3653 si
3097 3598 3263 3655 etiam
3289 3602 3415 3673 opi-

1829 3683 1994 3738 nione
2035 3697 2154 3750 sua,
2202 3685 2351 3753 quod
2398 3698 2505 3739 rex
2538 3684 2876 3755 plenitudine
2917 3687 3035 3755 ejus
3088 3705 3188 3745 nos
3224 3706 3417 3749 omnes

1833 3775 2167 3846 accepimus,
2199 3786 2255 3830 et
2282 3777 2512 3847 gratiam
2554 3792 2655 3847 pro
2681 3778 2880 3849 gratia,
2914 3782 3170 3849 quoniam
3199 3783 3282 3838 lex
3320 3800 3419 3854 per

1836 3867 2021 3923 Mosen
2080 3868 2206 3922 data
2236 3877 2348 3933 est;
2379 3868 2574 3938 gratia,
2600 3876 2656 3923 et
2690 3870 2890 3926 veritas
2916 3886 3015 3941 per
3038 3871 3223 3928 Jesum
3248 3874 3415 3930 Chri-

1830 3970 1976 4016 stqu
2007 3959 2149 4015 facta
2178 3968 2262 4015 est
2292 3958 2355 4026 ‘°,
2381 3978 2400 4012 ι
2432 3974 2462 4013 a
2492 3958 2734 4029 Baptista
2762 3971 2847 4015 est
2873 3962 3101 4029 dictum,
3135 3966 3416 4034 quomodo

1831 4067 1935 4107 non
1963 4067 2307 4122 consequens
2331 4060 2437 4116 est,
2469 4065 2593 4105 eum
2622 4051 2715 4121 qui
2742 4068 2811 4108 ex
2844 4054 3185 4124 plenitudine
3211 4056 3415 4113 Christi

1828 4144 2137 4213 acceperit,
2181 4153 2236 4198 et
2260 4143 2494 4213 gratiam
2535 4146 2831 4199 secundam
2863 4160 2964 4215 pro
3006 4148 3182 4216 gratia
3212 4150 3417 4217 prima.

1831 4236 2033 4307 quique
2060 4234 2238 4291 fassus
2262 4235 2424 4290 fuerit
2451 4237 2629 4291 datam
2660 4235 2826 4291 fuisse
2860 4253 2957 4305 per
2981 4237 3186 4294 Mosem
3218 4240 3441 4310 legem.-

132 4330 371 4401 χάριτος,
406 4328 799 4401 ὁμολογοῦντά
835 4345 895 4381 τε
937 4328 1027 4382 διὰ
1057 4328 1301 4391 Μωσέως
1355 4327 1454 4399 μὲν
1483 4327 1719 4382 δεδόσθαι

1834 4328 2063 4397 gratiam
2092 4342 2222 4382 vero
2246 4335 2302 4381 et
2338 4328 2631 4383 veritatem
2666 4342 2763 4396 per
2794 4327 2981 4383 Jesum
3013 4329 3292 4386 Christum
3340 4335 3422 4387 fa-

132 4422 215 4475 r’zv
239 4425 423 4495 νόμον,
448 4424 561 4494 τὴν
595 4422 660 4475 δέ
682 4422 842 4493 χάριν
872 4420 966 4475 καὶ
1002 4420 1100 4492 τὴν
1125 4420 1383 4491 ἀλήθειαν
1418 4419 1507 4473 διὰ
1552 4419 1719 4492 Ἰησοῦ

1834 4426 1979 4471 ctam
2029 4417 2223 4484 fuisse,
2265 4434 2330 4472 ex
2368 4418 2452 4472 his
2477 4433 2609 4494 quae
2642 4433 2712 4474 ex
2764 4419 3106 4489 plenitudine
3153 4422 3206 4477 in
3240 4423 3417 4493 ipsum

137 4510 356 4582 Χριστοῦ
404 4512 746 4582 γεγονέναι,
794 4510 859 4562 ἐκ
902 4507 1012 4563 τῶν
1060 4509 1167 4562 ἀπὸ
1222 4506 1317 4561 τοῦ
1360 4505 1719 4579 πληρώματος

1836 4508 2201 4572 devenissent,
2241 4518 2352 4563 tum
2386 4508 2725 4565 intellexisse
2757 4512 3029 4580 quomodo
3065 4529 3085 4563 ι
3107 4511 3274 4568 Deum
3308 4516 3420 4568 titil-

137 4606 206 4668 εἰς
222 4607 378 4659 αὑτὸν
421 4601 779 4675 ἐληλυθότων
799 4642 814 4666 ,
857 4601 1173 4673 νενοηκέναι
1229 4597 1346 4663 πῶς
1390 4618 1408 4650 ι
1455 4598 1588 4651 Θεὸν
1637 4597 1719 4649 οὐ·

1834 4599 1918 4656 lus
1953 4601 2087 4655 vidit
2132 4616 2372 4671 unquam
2406 4602 2472 4666 η,
2516 4621 2536 4656 ι
2590 4610 2705 4658 tum
2754 4603 2918 4657 etiam
2966 4605 3108 4674 quod
3161 4623 3179 4656 ι
3216 4603 3419 4677 Unige-

133 4698 235 4764 δεὶς
283 4700 541 4772 ἑώρακεν
591 4695 814 4751 πώποτε
838 4736 853 4760 ,
899 4715 916 4747 ι
978 4696 1078 4749 καὶ
1125 4694 1187 4747 τὸ
1241 4712 1259 4745 ι
1302 4693 1392 4746 τὸν
1444 4689 1719 4761 Μονογενῆ

1834 4691 1981 4746 nitus
2029 4691 2099 4746 ad
2160 4692 2343 4747 sinum
2401 4690 2583 4748 Patris
2635 4694 2914 4748 exsistens
2954 4694 2998 4725 ⁸²
3030 4734 3045 4759 ,
3081 4712 3100 4746 ι
3148 4695 3265 4749 haec
3314 4697 3416 4767 ipsi

134 4785 209 4850 εἰς
238 4785 327 4840 τὸν
378 4786 596 4841 κόλπον
670 4783 797 4838 ὄντα
864 4783 959 4838 τοῦ
1015 4782 1229 4856 Πατρὸς
1270 4802 1288 4833 ι
1363 4781 1464 4853 τὴν
1525 4782 1719 4852 ἐξήγτΓ

1834 4793 1889 4839 et
1925 4783 2183 4839 omnibus
2232 4784 2326 4854 qui
2378 4800 2448 4840 ex
2494 4785 2835 4856 plenitudine
2882 4785 3001 4854 ejus
3059 4785 3416 4852 hausissent.

138 4893 215 4930 σιν
237 4879 385 4951 αὐτῷ
407 4881 509 4933 κα)⁵
539 4878 681 4932 πᾶσι
715 4879 828 4941 τοῖς
856 4877 922 4931 ἐκ
955 4876 1051 4930 τοῦ
1082 4875 1450 4947 πληρώματος
1479 4873 1719 4945 εἰληφόσι

1839 4874 1996 4947 103
2028 4875 2415 4931 enarraverit?
2469 4874 2588 4933 Non
2621 4876 2767 4932 enim
2801 4891 2944 4930 nunc
2982 4875 3214 4944 primum
3253 4893 3421 4935 enar-

136 4971 612 5040 παραδεδωκέναι;
652 4968 730 5022 Οὐ
771 4967 879 5039 γὰρ
920 4966 1015 5020 νῦν
1076 4964 1291 5038 πρῶτον
1346 4964 1653 5035 ἐξηγήσατο
1698 4965 1719 5016 ἐ

1837 4968 2001 5031 ravit,
2028 4964 2119 5035 qui
2159 4975 2248 5020 est
2282 4966 2335 5020 in
2367 4967 2491 5022 sinu
2520 4966 2699 5023 Patris
2723 5006 2739 5032 ,
2787 4965 3010 5035 perinde
3047 4966 3203 5035 quasi
3234 4969 3421 5026 nullus

132 5058 207 5113 Gn
237 5063 342 5133 (7|)
376 5065 461 5127 εἱς
498 5062 603 5115 τὸν
641 5058 841 5113 κόλπον
869 5058 963 5113 τοῦ
1006 5059 1240 5131 Πατρὸς,
1269 5057 1343 5121 ὡς
1371 5056 1583 5121 οὐδενὸς
1613 5056 1719 5128 (72]

1835 5069 1991 5113 antea
2059 5059 2289 5114 idoneus
2347 5060 2623 5116 exstiterit
2675 5059 2921 5128 accipere
2974 5072 3097 5127 qua:
3153 5065 3419 5129 apostolis

133 5153 430 5228 ἐπιτηδείου
462 5155 741 5227 πρότερον
770 5152 1134 5225 γεγενημένου
1179 5150 1363 5204 λαϐεῖν
1399 5149 1435 5203 ἃ
1472 5150 1583 5213 τοῖς
1613 5149 1719 5219 (75)

1834 5150 2129 5218 enarravit,
2163 5151 2601 5222 quandoquidem
2630 5161 2920 5219 antequam
2957 5151 3235 5207 Abraham
3267 5152 3422 5212 ﬁeret

208 5270 395 5328 'Joan.
424 5288 467 5339 l,
498 5271 592 5326 i9.
674 5270 694 5299 ⁷
724 5269 855 5324 ibid.
883 5269 972 5325 15.
1045 5269 1069 5301 ⁸
1101 5268 1233 5322 ibid.
1262 5266 1353 5322 18.
1428 5267 1450 5298 ⁹
1485 5266 1617 5321 ibid.
1697 5265 1719 5295 “

1834 5265 1905 5321 id.
1928 5280 2041 5332 XVI,
2084 5267 2167 5319 17.
2246 5266 2287 5297 ¹¹
2315 5264 2445 5321 ibid.
2470 5263 2557 5321 18.
2637 5264 2681 5295 ¹²
2706 5263 2837 5317 ibid.

208 5369 314 5437 (66)
349 5367 456 5422 Διὰ
492 5366 566 5419 τὸ
620 5363 699 5418 τὰ
732 5362 1363 5437 γπροῡπαγορευθέτςτα,
1416 5368 1524 5437 etc.
1561 5359 1723 5437 _lline

136 5431 352 5507 apparet
405 5437 687 5507 reliquam
731 5431 871 5507 hanc
906 5431 1513 5507 Commentariorumjn
1543 5431 1721 5507 Jour;—

138 5502 250 5563 θεία
280 5519 492 5578 partem
532 5502 668 5560 ἰιιηι
711 5505 971 5578 scriptam
1002 5504 1353 5578 fuisse.__ct_tm
1386 5502 1727 5578 Alexandria

136 5573 391 5649 Origenes
422 5578 801 5634 discessisset.
815 5576 924 5630 Sed
953 5577 1072 5631 haec
1096 5576 1152 5630 in
1183 5574 1527 5644 Origenianis
1549 5573 1731 5643 dispu-

140 5660 247 5704 tata
277 5661 420 5704 sunt.
461 5649 735 5705 an'rtns.

1904 5360 2015 5433 (d9)
2047 5359 2525 5433 Ma0n105._Lege
2554 5357 2885 5433 Βαπτιστορ.

1905 5427 2018 5504 (70)
2045 5427 2408 5504 Βαπτισῖοῦ.
2434 5428 2576 5504 Lege
2607 5427 2874 5504 μαθητοῆἶ

1908 5498 2020 5572 (71)
2055 5502 2109 5554 Ὀ
2135 5500 2438 5574 anapeest
2470 5498 2535 5554 in'
2566 5498 2807 5557 editione
2836 5498 3133 5570 ﬂuetiana,
3164 5502 3261 5567 sed
3286 5517 3419 5574 sup-

1833 5568 2016 5644 pletur
2047 5587 2078 5644 e
2098 5573 2225 5644 cod.
2245 5568 2574 5644 Bodleiano.

1908 5600 2015 5626 mir
2047 5600 2078 5626 ις
2101 5600 2225 5626 υυυ.
2258 5600 2574 5627 υυιιιυωιιυ.
3088 5600 3097 5605 ·

1908 5642 2153 5714 (72)]ος
2195 5640 2467 5709 οὐδενός.
2513 5641 2590 5714 Ita
2647 5654 2798 5703 rente
2858 5644 3021 5700 habet
3072 5645 3129 5700 in
3173 5644 3417 5714 margine

212 5721 685 5791 (6ηᾼὺτὰρκως.
755 5716 848 5774 Sic
897 5716 1069 5773 codex
1125 5713 1489 5782 Bodleianus;
1526 5712 1733 5785 Regius
1838 5714 2011 5791 codex
2040 5713 2405 5779 Barberinus;
2436 5713 2576 5768 male
2605 5716 2785 5769 autem
2813 5714 2983 5770 editio
3019 5712 3316 5779 ﬂuetia‘na;
3340 5715 3418 5780 ὼς

140 5790 423 5864 αὔταρκες.

216 5855 475 5932 (68)Υ1ὸς
516 5858 633 5932 τοῦ
671 5858 839 5921 Θεοῦ,
880 5862 913 5913 ό
944 5863 1052 5932 ὢν,
1081 5867 1190 5932 etc.
1216 5855 1501 5932 Siccodex
1536 5855 1733 5912 Bodle-

142 5926 318 6027 i’anus';
342 5926 519 5990 editio
553 5931 760 5993 Huetii.
787 5932 901 5994 υἱὸς
930 5930 1066 5995 Θεὸς
1096 5930 1127 5986 ὁ
1160 5931 1256 5997 ὢν,
1281 5928 1361 5992 εἰς
1390 5926 1503 5993 τόν,
1534 5940 1640 5986 etc.

417 6031 703 6091 ΡΑτιιοι..
736 6027 852 6102 Gtt.
888 6026 1063 6091 XIV.

1840 5784 2121 5949 ῗῖῗξξὶλἋ
2158 5852 2301 5940 fcie.
2326 5852 2405 5908 lta
2435 5854 2605 5911 codex
2650 5852 3021 5925 Bodleianus;
3076 5855 3243 5949 editio
3276 5852 3421 5910 ﬂuet

3097 6022 3140 6091 Ἰ

1786 5928 1789 5931 ‘
1844 5925 1929 5995 tii,
1960 5925 2063 5978 ὑπὸ
2097 5927 2229 5988 τοῖς.
