3866 6596
498 484 602 538 ὶοό

1985 471 2308 531 ORIGENIS
3641 478 3726 535 εοι

490 599 786 665 exsistens,
814 598 976 656 docet
998 613 1098 655 nos
1123 597 1392 653 Abraham
1420 594 1748 661 exsultasse,
1781 603 1842 649 ut
1872 592 2075 649 videret

2180 591 2496 659 ἀποστόλοις
2524 594 2820 667 διηγήσατο
2841 613 2853 624 ·
2896 596 3032 666 εἴγε
3066 596 3196 670 πρὶν
3236 596 3488 670 Ἀϐραὰμ
3514 600 3727 668 γενέσθαι

493 692 635 745 diem
671 691 842 762 ipsius
891 692 1245 763 gavisumqne
1297 691 1462 746 fuisse
1497 688 1559 744 ”‘.
1597 686 1737 754 Quin
1767 684 1910 754 quod
1946 684 2022 738 ait
2055 700 2070 736 :

499 803 520 835 ι
575 785 652 839 Ex
700 784 1039 855 plenitudine
1080 786 1253 855 ipsius
1281 799 1380 839 nos
1411 796 1599 837 omnes
1628 778 1936 849 accepimus
1960 816 1975 843 ,
2018 782 2075 830 et

495 879 729 949 gratiam
757 893 856 950 pro
874 879 1059 950 gratia
1079 879 1145 946 ιι,
1184 897 1203 931 ι
1244 887 1304 932 ut
1335 878 1386 931 in
1416 872 1785 947 superioribus
1815 870 2072 935 diximus,

498 971 684 1042 arguit
716 971 1013 1042 prophetas
1053 971 1220 1026 etiam
1256 984 1338 1024 -οι
1369 967 1574 1023 Christi
1606 963 1945 1036 plenitudine
1975 960 2073 1014 do-

498 1079 627 1119 num
675 1065 923 1134 cepisse,
953 1065 1294 1135 gratiamque
1331 1059 1625 1116 secundam
1655 1070 1753 1126 pro
1779 1053 1953 1124 prima
1981 1065 2076 1106 eos

494 1157 837 1229 sumpsisse:
868 1164 1231 1229 pervenerunt
1267 1153 1410 1209 enim
1455 1162 1510 1206 et
1542 1149 1614 1205 illi
1649 1163 1679 1203 a
1724 1145 1931 1216 Spiritu
1963 1158 2077 1196 ma-

498 1251 745 1317 nudueti,
779 1260 1064 1322 postquam
1095 1246 1392 1304 introducti
1431 1244 1677 1306 fuissent,
1717 1251 1881 1311 atque
1916 1251 2079 1293 exer-

492 1344 591 1401 citi
638 1348 690 1402 in
746 1346 967 1415 ﬁguris,
1038 1345 1105 1399 ad
1156 1341 1404 1397 veritatis
1452 1339 1740 1395 visionem.
1806 1332 2074 1401 Quocirca

492 1453 601 1493 non
630 1451 822 1492 omnes
861 1453 881 1488 ‹
919 1435 1196 1505 ριόριιθιω
1222 1472 1238 1496 ,
1268 1431 1362 1487 sed
1396 1429 1550 1484 tnulti
1583 1426 1967 1499 desiderarunt
1995 1422 2077 1477 vi-

493 1528 648 1591 dere.
681 1540 801 1597 qua:
838 1543 858 1577 ι
892 1525 1125 1597 apostoli
1154 1522 1410 1578 viderunt
1443 1521 1509 1576 ".
1539 1518 1673 1574 Nam
1701 1518 1747 1573 si
1782 1515 2068 1586 propheta-

493 1636 614 1678 rum
648 1628 768 1674 erat
794 1616 1125 1681 diﬁ‘crentia,
1154 1613 1383 1685 perfecti
1413 1623 1469 1669 et
1498 1618 1822 1684 praestantes
1849 1623 1953 1662 non
1980 1608 2078 1662 de-

494 1713 812 1770 siderarunt
840 1709 1023 1765 videre
1053 1722 1175 1777 qua:
1217 1706 1471 1761 viderunt
1514 1700 1788 1773 apostoli;
1821 1698 2076 1753 viderunt

490 1806 639 1862 enim
686 1804 824 1873 ipsa.
876 1800 979 1868 Qui
1031 1814 1161 1854 vero
1208 1813 1315 1853 non
1365 1811 1518 1866 aeque
1552 1804 1718 1865 atque
1747 1792 1800 1847 hi
1837 1790 2074 1847 assecuti

493 1904 642 1961 sunt,
682 1905 745 1950 ut
774 1896 841 1951 ad
870 1892 1208 1948 altitudinem
1256 1888 1526 1945 sermonis
1563 1884 1947 1949 ascenderint,
1979 1897 2074 1952 ap-

491 1990 804 2061 petiverunt
853 2001 915 2042 ea
943 2000 1064 2056 qua:
1093 1982 1326 2052 apostoli
1359 1996 1457 2050 per
1498 1979 1776 2035 Christum
1806 1989 2078 2047 cognoveo
2107 1954 2150 2011 Β

493 2092 643 2138 runt.
702 2079 839 2136 Nam
891 2079 1020 2134 illud
1074 2076 1256 2132 videre
1302 2090 1410 2129 non
1462 2071 1820 2142 corporaliter
1870 2070 2075 2125 dictum

487 2178 665 2234 fuisse
691 2172 1034 2247 interpretati
1065 2186 1254 2227 sumus
1275 2208 1291 2234 ,
1339 2165 1795 2237 quemadmodum
1821 2164 1985 2219 etiam
2013 2161 2079 2218 il-

485 2271 587 2327 lud
639 2269 830 2325 audire
888 2263 1246 2338 spiritualiter
1306 2261 1580 2333 prolatum
1637 2256 2002 2314 intelleximus
2059 2273 2072 2309 :

482 2365 698 2436 quippe
729 2377 853 2418 cum
898 2362 944 2416 is
969 2359 1120 2415 solus
1150 2372 1315 2412 aures
1365 2354 1641 2426 possideat
1673 2354 1765 2423 qui
1808 2367 1902 2408 eas
1935 2367 2077 2423 pra:-

476 2454 780 2527 .paraverit
827 2452 895 2507 ad
932 2448 1266 2505 audiendum
1316 2461 1599 2502 sermones
1626 2444 1754 2500 Jesu
1786 2460 1802 2498 :
1839 2459 1962 2515 quae
1992 2457 2077 2498 res

486 2549 639 2604 haud
666 2550 738 2603 ita
773 2544 1092 2617 frequenter
1122 2540 1385 2612 obtingit.
1410 2538 1533 2595 Jatn
1566 2553 1695 2595 vero
1724 2548 1947 2594 sanctos
1970 2552 2077 2592 cte-

481 2641 635 2697 tteris
657 2636 1018 2695 credentibus
1050 2635 1316 2690 habentes
1362 2633 1484 2701 plus
1520 2632 1800 2703 quidpiam
1827 2671 1844 2695 ,
1879 2628 2075 2703 divini-

478 2732 626 2787 «tatis
656 2724 914 2803 mysteria
950 2738 1079 2783 ante
1125 2725 1468 2798 corporalem
1500 2722 1632 2780 Jesu
1659 2724 1954 2779 adventum
1987 2722 2071 2776 in-

495 2821 796 2886 tellexisse,
850 2818 946 2875 Dei
998 2817 1267 2874 Sermone
1312 2831 1408 2871 eos
1439 2816 1701 2872 edocente
1731 2815 1895 2870 etiam
1925 2821 2076 2869 ante-

482 2928 655 2985 quam
697 2926 827 2968 caro
857 2912 1014 2968 ﬁeret
1059 2916 1208 2981 (nam
1236 2922 1456 2978 semper
1496 2915 1757 2978 operatur
1781 2946 1797 2975 ,
1830 2904 2075 2961 imitator

477 3005 670 3061 .Patris
700 3020 821 3061 cum
856 3005 970 3072 sit,
998 3004 1065 3060 de
1094 3018 1203 3073 quo
1239 3001 1416 3057 dicit:
1454 3019 1473 3054 ι
1510 3001 1674 3056 Pater
1707 3014 1859 3056 meus
1905 3013 2075 3069 usque

493 3097 655 3151 modo
680 3104 943 3165 operatur
968 3094 1013 3126 “
1049 3095 1120 3164 ι),
1155 3094 1508 3151 considerare
1541 3094 1669 3149 licet
1692 3107 1762 3148 ex
1793 3092 1879 3147 his
1911 3090 2075 3147 etiam

480 3189 870 3254 dictionibus;
922 3187 1013 3244 ubi
1051 3186 1365 3244 Saddueaeis
1415 3203 1520 3244 non
1555 3185 1909 3243 credentibus
1957 3198 2079 3239 ser-

2178 684 2254 739 ὣν
2279 685 2524 739 διδάσκει
2556 687 2704 758 ἡμᾶς
2736 687 2827 741 τὸν
2871 687 3121 761 Ἀϐραάμ
3148 689 3533 760 ἠγαλλιᾶσθαι,
3558 691 3636 747 ἵνα
3660 692 3728 765 ιδῃ

2181 777 2278 850 τὴν
2313 779 2526 851 ἡμέραν
2554 779 2743 841 αὐτοῦ.
2792 781 2887 835 καὶ¹
2920 782 2979 835 ἐν
3009 784 3155 855 χαρᾷ
3188 784 3495 853 γεγονέναι.
3547 785 3644 838 Καὶ
3677 786 3728 838 τὸ

2184 890 2203 923 t
2227 870 2323 926 Ἐκ
2351 873 2446 926 τοῦ
2468 871 2839 945 πληρώματος
2855 872 3065 948 αὑτοῦὴ
3073 878 3194 948 μεῖς
3214 876 3416 942 πάντες
3442 877 3725 949 ἐλάὸομεν,ι

2178 961 2273 1017 καὶ
2298 962 2380 1029 τὸ,
2421 983 2440 1016 ι
2470 964 2629 1037 χάριν
2656 966 2776 1019 ἀντὶ
2805 965 3045 1037 χάριτος,
3072 987 3090 1020 ›
3110 966 3187 1032 ὡς
3216 970 3273 1022 ἐν
3291 971 3405 1033 τοῖς
3435 970 3541 1043 πρὸ
3557 970 3731 1024 τούτων

2177 1056 2508 1129 εἰρήκαμεν,
2542 1057 2692 1129 δηλοῖ
2723 1061 2817 1114 καὶ⁹
2846 1062 2972 1126 τοὺς
3001 1063 3288 1134 προφήτας
3325 1062 3433 1117 άπὸ
3478 1061 3569 1117 τοῦ
3614 1063 3730 1135 πλη-

2181 1148 2433 1222 ρώματος
2461 1152 2700 1223 Χριστοῦ
2735 1153 2834 1226 τὴν
2867 1153 3076 1227 δωρεάν
3106 1157 3510 1230 κεχωρηκέναι,
3541 1157 3627 1210 καὶ
3651 1156 3731 1229 τὴν

2177 1244 2432 1316 δευτέραν
2459 1246 2620 1318 χάριν
2647 1247 2768 1301 ἀντὶ
2789 1248 2889 1319 τῆς
2921 1250 3196 1322 προτέρας
3225 1252 3424 1316 αὐτοὺς
3446 1250 3730 1322 εἰληφέναι·
3776 1310 3779 1313 μ

2178 1337 2510 1407 έφθάκεισαν
2542 1339 2651 1413 γάρ
2683 1340 2924 1395 κάκεῖνοι
2959 1341 3063 1395 ὑπὸ
3091 1343 3184 1397 τοῦ
3214 1343 3531 1416 Πνεύματος
3578 1362 3736 1417 χειρα-

2177 1428 2516 1502 γωγούμενοι
2547 1472 2562 1497 ,
2616 1432 2755 1503 μετά
2797 1432 2894 1505 τὴν
2929 1434 2987 1486 ἐν
3024 1438 3136 1501 τοῖς
3170 1435 3364 1501 τύποις
3412 1437 3699 1508 εἰσαγωγὴν
3722 1477 3735 1499 ,

2178 1522 2272 1576 ἐπὶ
2301 1522 2398 1595 τὴν
2433 1524 2532 1594 τῆς
2583 1525 2843 1598 ἀληθείας
2882 1527 3029 1583 θέαν.
3087 1529 3289 1600 Διόπερ
3328 1529 3391 1582 ού
3428 1529 3624 1594 πάντες
3656 1547 3675 1582 t
3699 1533 3737 1583 οἱ

2178 1615 2476 1687 προφῆται,
2504 1615 2640 1671 ἀλλά
2674 1618 2858 1674 πολλοὶ
2886 1620 3238 1692 ἐπεθύμησαν
3278 1620 3407 1675 ἰδεῖν
3428 1618 3465 1673 ἃ
3496 1640 3515 1673 ι
3545 1622 3593 1674 οἱ
3623 1623 3738 1676 ἀπό-

2182 1706 2362 1760 στολοι
2403 1706 2650 1764 ἔϐλεπον.
2703 1710 2767 1763 Εἰ
2800 1711 2910 1784 γάρ
2956 1707 3024 1784 ἦν
3063 1714 3359 1786 προφητῶν
3400 1716 3660 1789 διαφορά,
3701 1719 3741 1770 οί
3776 1752 3783 1761 ι

2178 1804 2584 1876 τετελειωμένοι
2616 1805 2709 1859 καὶ
2741 1806 3089 1879 διαφέροντες
3120 1808 3219 1862 οὐκ
3251 1810 3605 1883 ἐπεθύμησαν
3638 1811 3742 1867 ἰδεῖν

2177 1893 2214 1949 ἃ
2247 1889 2386 1949 εἶδον
2427 1897 2477 1949 οἱ
2521 1897 2839 1952 ἀπόστολοι·
2898 1899 3278 1972 τεθεωρήκασι
3326 1903 3438 1974 γὰρ
3490 1905 3644 1959 αὑτά.
3692 1908 3743 1958 Oi

2178 1985 2235 2038 δὲ
2269 1986 2343 2058 μὴ
2378 1986 2685 2056 φθάσαντες
2736 1991 2938 2062 ὁμοίως
2970 1993 3179 2057 τούτοις
3223 1995 3306 2057 είς
3346 1994 3407 2048 τὸ
3458 1994 3590 2066 ὕψος
3636 1996 3747 2049 ἀνα-

2179 2079 2342 2151 ϐῆναι
2374 2079 2467 2135 τοῦ
2499 2080 2679 2153 λόγου,
2709 2084 2767 2137 ἐν
2791 2084 2968 2156 ὀρέξει
2996 2086 3252 2156 γεγόνασι
3267 2087 3377 2141 τῶν
3397 2091 3510 2153 τοῖς
3536 2089 3747 2142 ἀποστό-

2177 2171 2291 2237 λοις
2318 2172 2405 2226 διὰ
2436 2174 2674 2246 Χριστοῦ
2707 2177 3085 2249 ἐγνωσμένων.
3129 2178 3203 2232 Τὸ
3260 2179 3370 2251 γάρ
3420 2178 3570 2233 ιδεῖν
3601 2181 3745 2251 ἡμεῖς

2176 2266 2237 2319 οὐ
2268 2267 2595 2337 σωματικῶς
2640 2268 2890 2341 εἰρῆσθαι
2935 2268 3322 2343 ἐξειλήφαμεν,
3363 2272 3459 2326 καὶ
3489 2272 3548 2326 τὸ
3583 2272 3749 2327 ἀκοῦ-

2177 2374 2285 2412 σαι
2329 2360 2715 2430 πνευματικῶς
2741 2362 3216 2434 ἀπαγγελλόμενον
3256 2365 3616 2437 νενοήκαμεν,
3664 2364 3750 2436 μό-

2178 2468 2268 2504 νου
2302 2451 2396 2505 τοῦ
2429 2445 2545 2507 ὦτα
2591 2454 2934 2525 κτησαμένου
2987 2455 3203 2509 ἀκούειν
3246 2457 3752 2529 παρεσκευασμένου

2176 2543 2284 2597 τῶν
2312 2543 2488 2614 λόγων
2519 2545 2613 2599 τοῦ
2640 2545 2812 2619 Ἰησοῦ
2834 2564 2848 2578 ·
2876 2548 3013 2619 ὅπερ
3041 2549 3102 2601 οὐ
3126 2548 3265 2603 πάνυ
3293 2549 3508 2622 ἀθρόως
3537 2550 3749 2620 γίνεται.

2182 2634 2306 2687 Ἔτι
2347 2632 2404 2688 δὲ
2453 2634 2581 2708 περὶ
2636 2635 2730 2690 τοῦ
2768 2637 2896 2701 τοὺς
2930 2639 3035 2708 πρὸ
3081 2638 3184 2709 τῆς
3225 2639 3550 2711 σωματικῆς
3581 2641 3757 2710 ἐπιδη-

2181 2727 2313 2798 μίας
2364 2727 2458 2781 τοῦ
2503 2727 2680 2801 Ἰησοῦ
2729 2729 2918 2798 ἁγίους
2947 2770 2962 2794 ,
2996 2730 3157 2785 πλέον
3188 2748 3241 2785 τι
3268 2732 3379 2785 τῶν
3410 2732 3619 2786 πολλῶν
3654 2734 3755 2786 τῶν

2178 2820 2544 2874 πιστευόντων
2597 2822 2903 2894 ἐσχηκότας
2931 2864 2946 2887 ,
2990 2823 3060 2877 τά
3098 2825 3201 2897 τῆς
3243 2825 3520 2896 θειότητος
3560 2828 3758 2898 μυστή-

2181 2931 2271 2986 ρια
2302 2915 2782 2987 κατανενοηκέναι,
2810 2915 2906 2971 τοῦ
2935 2918 3108 2988 Λόγου
3142 2918 3234 2973 τοῦ
3262 2919 3398 2973 Θεοῦ
3427 2920 3760 2985 διδάσκοντος

2178 3006 2395 3071 αὐτοὺς,
2438 3009 2532 3062 καὶ
2572 3010 2701 3080 πρὶν
2740 3010 2965 3082 γένηται
3016 3009 3153 3083 σάρξ
3198 3011 3315 3080 (ἀεὶ
3339 3012 3450 3084 γὰρ
3479 3012 3763 3085 εἰργάζετο

2182 3098 2430 3171 μιμητὴς
2456 3098 2552 3153 τοῦ
2577 3100 2788 3171 Πατρὸς
2815 3101 2912 3167 ὢν,
2950 3102 3080 3174 περὶ
3107 3095 3168 3156 οῦ
3200 3102 3382 3172 λέγει·
3425 3122 3444 3155 ι
3489 3103 3548 3156 ὐ
3578 3106 3762 3176 Πατήρ

2181 3207 2284 3259 μου
2354 3190 2460 3255 ἓως
2527 3192 2653 3266 ἄρτι
2705 3192 2999 3265 ἐργάζεται
3044 3195 3292 3267 »),ἕστιν
3345 3198 3767 3268 ἀπολογίσασθαι

486 3279 646 3336 moni
702 3280 771 3335 de
824 3277 1231 3334 resurrectione
1285 3277 1461 3349 inquit
1488 3276 1539 3309 ἰτ
1577 3294 1593 3332 :
1631 3295 1649 3328 ι
1688 3274 1808 3331 Non
1868 3273 2075 3344 legistis

2179 3281 2274 3335 καὶ
2323 3281 2431 3337 ἀπὸ
2474 3282 2680 3338 τούτων
2716 3285 2827 3339 τῶν
2869 3284 3094 3350 λέξεων·
3130 3287 3266 3359 φησί
3305 3307 3409 3343 που
3463 3291 3599 3363 πρὸς
3640 3293 3768 3353 τοὺς

493 3372 639 3445 quod
668 3372 813 3429 Deus
845 3371 898 3428 in
928 3370 1063 3427 rubo
1088 3369 1227 3426 dixit
1259 3385 1273 3424 :
1306 3371 1418 3443 Ego
1447 3385 1566 3427 sum
1598 3368 1742 3425 Deus
1770 3367 2077 3432 Abraham,

493 3468 639 3525 Deus
668 3468 818 3524 Isaac
870 3476 926 3523 et
954 3468 1097 3524 Deus
1121 3467 1333 3523 Jacobi
1366 3468 1504 3523 Deus
1532 3480 1661 3521 vero
1690 3479 1795 3520 non
1825 3472 1912 3518 est
1934 3477 2080 3517 mor-

495 3572 737 3627 tuorum,
778 3561 872 3616 sed
902 3561 1224 3619 viventium.
1267 3579 1285 3612 ι
1324 3559 1382 3614 Si
1416 3558 1580 3629 igitur
1621 3556 1790 3613 Deum
1840 3570 1945 3609 non
1978 3569 2077 3624 pu-

494 3655 587 3710 det
612 3654 855 3709 virorum
889 3655 1079 3709 horum
1109 3653 1291 3709 vocari
1325 3652 1520 3719 Deum,
1570 3650 1737 3721 hique
1789 3648 1889 3703 viri
1935 3648 2078 3702 inter

398 3728 411 3739 ”
492 3745 743 3802 viventes
779 3762 812 3801 a
840 3745 952 3802 Deo
992 3755 1372 3810 numerantur,
1406 3742 1613 3814 ﬁliique
1640 3741 1919 3796 Abraham
1950 3747 2077 3794 sunt

486 3853 687 3896 omnes
733 3840 1017 3896 credentes
1047 3838 1092 3870 ⁸⁸
1121 3835 1586 3910 (quandoquidem
1635 3832 1690 3888 in
1724 3832 1865 3888 ﬁdeli
1895 3830 2076 3886 Abra-

489 3929 643 3998 ham,
673 3930 767 4001 qui
808 3929 1021 4001 positus
1049 3938 1133 3984 est
1158 3937 1315 3998 pater
1350 3926 1595 3999 gentium
1625 3940 1655 3978 a
1684 3924 1818 3989 Deo,
1849 3921 2078 3977 benedi-

489 4035 695 4083 cuntur
736 4039 928 4081 omnes
955 4033 1147 4096 gentes
1182 4022 1249 4094 η)
1283 4020 1614 4092 ambigimus
1660 4017 1950 4073 admittere
1997 4014 2078 4069 vi-

2181 3376 2577 3442 Σαδδουκαίους
2618 3378 2983 3446 ἀπιστοῦντας
3018 3380 3098 3452 τῷ
3133 3383 3260 3454 περὶ⁸
3293 3384 3646 3450 ἀναστάσεως
3678 3387 3779 3440 λάξ

2180 3486 2262 3541 γῳ
2286 3486 2300 3500 ·
2343 3488 2361 3522 ι
2391 3470 2505 3524 Οὐκ
2536 3470 2806 3539 ἀνέγνωτε
2837 3472 2898 3526 τὸ
2928 3474 3092 3544 ῥηθὲν
3139 3476 3234 3529 ἐπὶ
3284 3477 3386 3547 τῆς
3443 3478 3606 3549 βάτου
3665 3479 3772 3532 ὑπὸ

2178 3560 2273 3615 τοῦ
2306 3560 2442 3616 Θεοῦ
2469 3578 2481 3590 ·
2526 3561 2667 3631 Ἐγὼ
2709 3563 2842 3628 Θεὸς
2882 3565 3169 3638 Ἀϐραάμ,
3220 3569 3317 3622 καὶ
3364 3568 3499 3634 Θεὸς
3542 3569 3772 3636 Ἰσαὰκ,

2180 3655 2277 3710 καὶ
2311 3653 2444 3720 Θεὸς
2488 3654 2723 3721 Ἰακὼϐς
2771 3657 2905 3721 Θεὸς
2954 3657 3010 3712 δὲ
3056 3660 3157 3713 οὐκ
3207 3659 3322 3714 ἔστι
3362 3661 3597 3733 νεκρῶν,
3630 3661 3775 3715 ἀλλὰ

2181 3746 2418 3813 ζώντων.
2448 3767 2466 3799 ι
2512 3749 2576 3802 El
2614 3749 2792 3802 τοίνυν
2823 3750 2853 3801 ὁ
2883 3749 3016 3815 Θεὸς
3062 3752 3163 3805 οὐκ
3210 3753 3598 3824 ἐπαισχύνεται
3636 3754 3774 3817 Θεὸς

2177 3838 2287 3892 τῶν
2325 3839 2534 3912 ἀνδρῶν
2572 3840 2777 3895 τούτων
2828 3841 3152 3908 καλεῖσθαι,
3202 3843 3297 3899 καὶ
3351 3847 3411 3899 ἐν
3450 3843 3616 3910 ζῶσιν
3668 3846 3779 3897 ὑπὸ

2179 3930 2419 4002 Χριστοῦ
2449 3932 2916 4004 καταριθμοῦνται
2942 3973 2956 3999 ,
2996 3933 3103 3988 υἱοί
3132 3952 3192 3988 τε
3219 3934 3314 3989 τοῦ
3354 3935 3606 4009 Ἀϐραάμ
3636 3936 3779 3990 πάν-

2177 4039 2269 4087 τες
2333 4022 2471 4078 εἰσὶν
2521 4026 2570 4078 οἱ
2626 4024 2974 4089 πιστεύοντες
3023 4026 3174 4095 (ἐπεὶ
3229 4027 3643 4096 ἐνευλογοῦνται
3700 4026 3781 4095 τῷ

492 4129 683 4174 ventes
730 4117 1024 4172 viventium
1074 4115 1363 4187 agnovisse
1417 4113 1781 4184 disciplinas,
1832 4108 1994 4179 idque
2041 4121 2073 4162 a

2180 4115 2355 4187 πιστῷ
2401 4115 2652 4188 Ἀϐραὰμ
2691 4117 2869 4172 πάντα
2900 4117 2969 4173 τὰ
3002 4118 3152 4190 ἔθνη,
3204 4120 3376 4191 πατρὶ
3424 4120 3534 4173 τῶν
3597 4118 3778 4173 ἐθνῶν

494 4210 723 4267 Christo
773 4211 994 4265 edoctos
1047 4218 1177 4264 ante
1222 4205 1537 4264 Luciferum
1586 4204 1772 4276 genito
1798 4202 1843 4235 ³⁸
1872 4242 1889 4268 ,
1923 4203 2075 4256 ante-

2180 4209 2286 4263 ὐπὸ
2317 4209 2411 4263 τοῦ
2433 4208 2568 4263 Θεοῦ
2597 4209 2947 4282 τεθειμένῳ),
3005 4209 3328 4282 διστάζομεν
3358 4211 3781 4285 παραδέξασθαι

494 4317 658 4373 quam
688 4316 822 4358 caro
854 4300 1051 4357 ﬁeret?
1100 4300 1369 4356 Caeterum
1399 4298 1469 4355 ob
1514 4313 1637 4354 eam
1666 4310 1884 4352 causam
1921 4294 2072 4349 vive-

2178 4301 2477 4370 ὲγνωκέναι
2506 4302 2635 4367 τοὺς
2665 4302 2874 4366 ζῶντας
2906 4302 2977 4356 τὰ
3021 4302 3129 4356 τῶν
3168 4302 3389 4369 ζώντων
3423 4305 3736 4377 μαθήματα
3765 4345 3780 4367 ,

494 4396 676 4464 bant,
742 4392 1209 4467 105rquouiam
1272 4390 1680 4464 participabant
1734 4390 2002 4444 dicentem
2058 4402 2072 4439 :

2183 4394 2620 4468 μαθητευθέντας
2670 4394 2891 4467 Χριστῷ
2936 4394 3014 4466 τῷ
3060 4396 3165 4467 πρὸ
3215 4396 3494 4467 ἑωσφόρον
3538 4413 3787 4466 γεγεντῑο

502 4506 526 4542 t
577 4488 689 4559 Ego
719 4503 839 4544 sum
864 4487 973 4542 vita
998 4487 1069 4551 ’⁸,
1110 4505 1129 4539 ι
1164 4495 1223 4541 et
1270 4484 1647 4555 percipiebant
1675 4478 2074 4552 apparitionem

2182 4485 2329 4557 μένῳ
2374 4487 2503 4556 πρὶν
2536 4484 2762 4556 γένηται
2801 4483 2972 4559 σάρξ,
3027 4486 3126 4540 Διά
3155 4485 3312 4540 τοῦτο
3343 4486 3401 4540 δὲ
3434 4486 3609 4551 ἕξων,
3653 4488 3786 4539 ἐπεὶ

497 4596 611 4638 non
639 4581 800 4639 modo
825 4578 1167 4652 angelorum,
1199 4576 1293 4633 sed
1327 4576 1494 4631 etiam
1525 4574 1618 4629 Dei
1648 4587 1747 4643 per
1776 4570 2073 4633 Christum,

2184 4579 2428 4648 μετεῖχον
2464 4575 2559 4630 τοῦ
2599 4577 2879 4643 εἰπόντος,
2933 4594 2952 4629 ‹
3002 4575 3144 4646 Ἐγώ
3184 4578 3300 4648 εἰμι
3334 4578 3367 4646 ὴ
3403 4576 3519 4649 ζωὴ
3548 4619 3562 4643 ,
3603 4595 3620 4627 ι
3688 4578 3792 4629 καὶ

499 4682 759 4743 tanquam
786 4679 1058 4726 tentarunt
1096 4666 1518 4741 promissionum
1550 4664 1794 4719 haredes
1822 4679 1837 4715 :
1870 4670 1926 4716 et
1965 4659 2075 4713 for-

2185 4670 2425 4744 ἐχώρουν
2469 4671 2544 4735 ὡς
2594 4670 2930 4744 τηλικούτων
2985 4669 3311 4743 κληρονόμοι
3389 4668 3751 4739 ἐπαγγελιῶν
3774 4712 3787 4733 ,

497 4778 639 4822 tasse
661 4764 909 4820 videntes
941 4762 1233 4833 imaginem
1282 4755 1576 4814 invisibilis
1605 4754 1701 4809 Dei
1732 4754 1778 4785 ”
1805 4751 2075 4822 (quando-

2183 4764 2507 4835 ἐπιφάνειαν
2561 4764 2622 4817 οὐ
2681 4763 2840 4835 μόνον
2883 4762 3150 4831 ἀγγέλων,
3203 4761 3339 4817 ἀλλά
3379 4763 3475 4816 καὶ
3526 4760 3675 4815 Θεοῦ
3734 4763 3793 4813 ἐν

494 4858 714 4929 quidem
745 4854 840 4927 qui
873 4854 1009 4910 vidit
1036 4840 1235 4909 Filium
1262 4892 1277 4915 ,
1310 4850 1451 4906 vidit
1480 4856 1537 4904 et
1578 4846 1800 4902 Patrem
1830 4846 1900 4917 ⁸⁸)
1948 4860 2074 4901 eum

2181 4852 2436 4925 Χριστῷ·
2472 4852 2566 4906 καὶ
2599 4853 2740 4923 τάχα
2768 4853 3003 4925 ὁρῶντες
3043 4851 3142 4925 τὴν
3172 4853 3357 4907 εἰκόνα
3383 4853 3478 4907 τοῦ
3505 4850 3655 4905 Θεοῦ
3691 4852 3793 4903 τοῦ

493 4948 895 5006 intellexissent
925 4947 1095 5004 Deum
1127 4986 1144 5010 ,
1187 4945 1391 5016 Deique
1440 4956 1724 5000 sermones
1774 4955 1875 5010 pro
1905 4938 2079 5007 ipsius

492 5039 760 5113 dignitate
786 5039 1090 5104 audissent,
1124 5039 1293 5094 Deum
1324 5038 1525 5092 vidisse
1547 5036 1834 5105 ipsumque
1857 5031 2079 5088 audisse

496 5128 833 5185 scribuntur.
869 5129 1125 5185 Arbitror
1168 5143 1300 5184 vero
1343 5142 1445 5198 ego
1480 5140 1577 5183 eos
1606 5125 1698 5196 qui
1744 5122 1986 5196 perfecte
2022 5131 2078 5179 et

495 5223 713 5278 sincere
738 5220 838 5277 ﬁlii
866 5220 1147 5277 Abraham
1180 5219 1534 5283 exstiterint,
1568 5216 1709 5272 ﬁlios
1740 5230 1863 5271 esse
1902 5216 2077 5270 actio-

496 5329 625 5369 num
677 5314 850 5385 ipsius
879 5313 1150 5379 Ahrabaa,
1191 5327 1312 5382 quae
1343 5310 1724 5381 intelliguntur
1764 5323 1888 5363 esse
1915 5306 2079 5377 spiri-

500 5408 671 5466 tuales
694 5449 711 5476 ,
741 5418 905 5479 atque
933 5408 1099 5464 etiam
1141 5406 1284 5462 ﬁlios
1318 5420 1442 5462 esse
1483 5404 1728 5461 scientiae
1758 5403 2077 5458 manifesta-

499 5512 567 5559 te
601 5502 704 5576 ipsi
743 5501 981 5560 Abrahae
1008 5539 1026 5567 ,
1077 5500 1336 5568 quoniam
1384 5512 1506 5568 quae
1555 5496 1671 5566 ipse
1721 5495 1978 5565 cognovit
2020 5504 2076 5550 et

496 5594 669 5662 fecit,
725 5593 970 5665 ingenita
1012 5590 1219 5647 fuerint
1254 5589 1363 5646 illis
1392 5589 1487 5660 qui
1533 5588 1630 5644 ﬁlii
1676 5596 1808 5643 sunt
1839 5586 2076 5658 patriar-

499 5689 636 5755 chae,
671 5683 1128 5760 quemadmodum
1154 5684 1315 5740 docet
1345 5682 1612 5740 habentes
1637 5694 1822 5748 aures,
1849 5680 2067 5738 dicens:

2184 4948 2416 5019 ἀοράτου
2452 4945 2609 5017 (ἐπεὶ
2634 4948 2663 4998 ό
2711 4945 2971 5019 ἑωρακὼς
3006 4945 3099 5000 τὸν
3133 4946 3261 4998 Υίὸν
3291 4944 3505 5017 ἑώρακε
3534 4946 3633 4998 τὸν
3666 4945 3796 4997 Πα-

2182 5038 2373 5110 τέρα),
2428 5037 2910 5109 ἀναγεγραμμένοι
2965 5037 3071 5091 εἰσ)⁵
3124 5036 3257 5090 Θεὸν
3301 5036 3631 5108 νενοηκὸτες
3695 5036 3803 5088 καὶ

2178 5131 2314 5185 Θεοῦ
2339 5130 2514 5200 λόγων
2543 5129 2862 5203 θεοπρεπῶς
2905 5130 3235 5200 ἀκηκοότες,
3270 5129 3579 5203 ἑωρακέναι
3616 5126 3803 5183 Θεὸν.

2181 5224 2274 5276 καὶ
2305 5224 2602 5293 ἀκηκοέναι
2650 5220 2817 5276 αὐτοῦ
2838 5261 2852 5275 .
2902 5221 3043 5290 Ἐγὼ
3077 5221 3122 5275 δ’
3152 5218 3325 5293 οἶμαι,
3356 5223 3439 5276 ὅτι
3467 5221 3516 5274 oi
3549 5218 3806 5279 τελείως

2181 5315 2273 5369 καὶ
2305 5314 2547 5386 γνησίως
2594 5315 2699 5368 υἱοὶ
2748 5313 2844 5367 τοῦ
2888 5313 3139 5385 Ἀϐραὰμ
3164 5353 3179 5378 ,
3218 5312 3327 5367 τῶν
3381 5310 3808 5383 πνευματικῶν

2181 5407 2485 5480 νοουμένων
2514 5406 2768 5480 πράξεων
2803 5404 2966 5460 αὑτοῦ
2997 5408 3136 5461 εἰσιν
3161 5407 3267 5460 υἱοὶ
3286 5446 3303 5471 ,
3342 5407 3439 5460 καὶ
3466 5406 3570 5476 τῆς
3608 5421 3812 5473 φανε-

2185 5498 2450 5571 ρωθείσης
2502 5497 2650 5569 αὐτῷ
2679 5497 2933 5567 γνώσεως
2958 5537 2973 5561 ,
3027 5496 3137 5551 τῶν
3180 5497 3375 5569 ἐκείνῳ
3414 5494 3812 5566 γνωσθέντων

2180 5592 2277 5646 καὶ
2341 5592 2693 5665 πραχθέντων
2751 5588 3117 5660 ἐγγινομένων
3173 5592 3288 5653 τοῖς
3337 5587 3812 5661 χρηματίζουσιν

2180 5684 2317 5748 υἱοῖς
2366 5684 2461 5739 τοῦ
2505 5685 2880 5758 πατριάρχου,
2918 5683 3063 5739 καθά
3108 5683 3349 5738 διδάσκει
3383 5686 3511 5749 τοὺς
3542 5682 3812 5753 ἔχοντας

577 5835 623 5871 ⁸³
646 5834 802 5891 Joan.
825 5830 1052 5901 vut,56.
1128 5830 1175 5865 “
1200 5828 1360 5888 Joan.
1394 5826 1874 5901 ι,16.μ¹⁸-Μειιιι.
1904 5842 2027 5901 xttt_.
2064 5825 2200 5901 l'l.__
2234 5828 2280 5901 ξ’
2298 5826 2454 5901 Joan.
2490 5827 2666 5901 v.7l7.
2732 5825 2781 5901 i‘f’
2809 5824 2974 5901 Marc.
3000 5838 3111 5887 xu,
3139 5822 3230 5901 26.
3282 5821 3540 5901 _j"llntn.
3566 5837 3668 5886 tv,
3720 5824 3812 5901 ξε.

504 5906 546 5940 ⁸³
576 5905 711 5961 Gen.
739 5919 877 5972 xvtt,
896 5896 963 5973 4';
997 5918 1132 5969 nu,
1160 5902 1262 5969 £8;
1298 5915 1444 5967 xxVI,
1473 5902 1528 5968 4,
1559 5898 1626 5967 5;
1663 5899 1820 5955 Rom.
1848 5912 1924 5966 tv,
1954 5896 2042 5954 17.

503 5974 549 6007 ’³
572 5974 731 6032 Joan.
753 5990 866 6042 xlv,
882 5974 937 6029 9.

2156 5896 2204 5961 ³9
2233 5897 2378 5956 Psal.
2415 5913 2529 5958 cxx.
2556 5900 2611 5955 5.

2727 5898 2770 5929 ἰ
2804 5894 2959 5951 Joan.
2994 5908 3105 5959 xuv,
3139 5893 3196 5949 6.
3281 5895 3331 5927 ²¹
3355 5894 3540 5950 Colos.
3599 5908 3660 5956 ι.
3719 5893 3812 5951 {5.
