3816 6574
150 433 235 490 ’Ξθὸ
1220 432 1581 491 ΕΟΜΜΕΝΤ.
1615 434 1680 489 ΙΝ
1714 431 1905 490 JOAN.
1943 430 2184 488 TOMUS
2221 429 2309 487 Vl.

3270 431 3377 487 206

143 547 263 615 ὦτα,
288 548 500 617 λέγων·
540 567 559 601 ι
597 549 661 603 Εἰ
695 549 862 604 τέκνα
895 547 990 604 τοῦ
1032 546 1283 621 Ἀϐραὰμ
1313 545 1433 622 ἦτε,
1468 552 1537 606 τά
1571 550 1708 623 ἔργα

1819 568 1836 601 ι
1877 548 1932 604 Si
1972 549 2065 607 filii
2092 548 2367 604 Abraham
2414 548 2650 613 essetis.
2696 563 2861 618 opera
2909 548 3139 603 Abrabcc
3167 546 3377 604 Γεωργο-

142 641 217 696 τοῦ
274 640 528 713 Ἀϐραὰμ
577 642 832 695 ἐποιεῖτε.
860 661 879 693 ι
932 642 1044 695 Kal.
1088 643 1135 695 εί
1168 662 1186 693 ι
1225 642 1385 713 σοφὸς
1418 644 1601 714 νοήσει
1635 645 1703 699 τά

140 733 229 790 ἀπὸ
261 733 395 787 ἰδίου
422 733 706 804 στόματος,
728 737 821 788 ἐπι
846 734 903 788 δέ
932 735 1135 805 χείλεσι
1152 735 1371 808 φορέσει
1392 737 1703 808 ἐπιγνωμο-

140 826 316 897 σύνην,
344 845 364 876 ι
394 827 689 895 ἀναγκαῖον
710 827 827 897 ἦτοι
851 826 1142 898 προπετῶς
1173 827 1555 899 ἀποφήνασθαι
1583 846 1705 883 τινα

142 919 251 992 περὶ
288 918 622 991 προφητῶν,
663 918 740 982 ὡς
771 919 833 972 οὐ
879 918 1057 987 σοφῶν
1089 917 1171 990 (εί
1203 919 1279 991 μὴ
1309 920 1594 988 νενοήκασι
1636 920 1707 974 τά

143 1007 230 1063 ἀπὸ
258 1008 356 1063 τοῦ
398 1009 529 1062 ίδίου
588 1007 900 1080 στόματος),
933 1009 966 1081 ἦ
999 1008 1060 1062 τὸ
1095 1008 1340 1083 εὔφημον
1369 1011 1463 1064 καὶ
1509 1010 1707 1082 ἀληθὲς

143 1098 637 1170 παραδεξαμένους,
666 1101 747 1153 ὅτι
777 1095 917 1169 ἦσαν
946 1100 996 1152 οἱ
1031 1101 1306 1172 προφῆται
1347 1102 1501 1172 σοφοὶ
1521 1141 1535 1165 ,
1576 1104 1706 1173 ὁμο-

143 1192 300 1262 λογεῖν
322 1191 638 1265 νενοηκέναι
663 1192 860 1256 αὐτοὺς
884 1191 991 1246 ἀπὸ
1020 1192 1150 1247 ἰδίου
1188 1195 1470 1266 στόματος,
1500 1195 1594 1249 καὶ
1616 1194 1708 1249 ἐπὶ¹

143 1288 240 1349 τοῖς
265 1285 476 1357 χείλεσι
525 1287 897 1358 πεφορηκέναι
958 1281 1058 1357 τὴν
1089 1288 1574 1361 ἐπιγνωμοσύνην·
1613 1289 1708 1342 καὶ

145 1380 315 1452 δῆλον,
366 1381 448 1434 δτι
492 1381 696 1452 Μωσῆς
733 1379 881 1452 ἐώρα
935 1379 1013 1450 τῷ
1061 1379 1140 1433 νοῒ
1186 1380 1285 1453 τὴν
1324 1381 1581 1453 ἀλήθειαν
1614 1380 1707 1435 τοῦ

147 1473 330 1544 νόμου,
384 1473 481 1527 καὶ
529 1473 629 1536 τὰς
689 1474 829 1527 κατά
882 1473 1174 1545 ἀναγωγὴν
1233 1473 1559 1546 ἀλληγορίας
1600 1474 1709 1529 τῶν

144 1566 639 1638 ἀναγεγραμμένων
691 1568 819 1639 παρ’
865 1565 1014 1637 αὑτῷ
1069 1566 1338 1639 ἱστοριῶν.
1406 1566 1611 1639 Ἰησοῦς
1652 1568 1710 1622 δὲ

144 1658 229 1730 τὴν
262 1658 442 1730 ἀληθῆ
487 1659 838 1732 κληροδοσίαν
867 1659 1166 1730 γενομένην
1215 1660 1352 1731 μετά
1382 1661 1481 1733 τὴν
1520 1660 1713 1716 καθαί-

148 1769 279 1823 ρεσιν
315 1753 427 1807 τῶν
459 1752 632 1808 εἴκοσι
665 1752 759 1808 καὶ
786 1753 944 1807 ἐννέα
974 1752 1237 1825 βασιλέων
1272 1753 1440 1808 συνίει
1460 1794 1474 1819 ,
1513 1755 1712 1825 μᾶλλον

147 1846 288 1917 ἡμῶν
319 1847 621 1915 δυνάμενος
656 1847 888 1917 συνορᾷν
918 1846 1081 1901 τίνων
1115 1846 1330 1918 ἀληθῶν
1359 1848 1508 1901 σκιαὶ
1555 1846 1715 1918 ἐτύγ-

1806 644 1874 699 tis
1908 645 1975 698 “.
2017 662 2035 695 ι
2063 644 2215 712 Quod
2245 645 2292 700 si
2317 662 2335 695 ι
2377 644 2594 715 sapiens
2621 642 2881 714 intelliget
2919 657 3037 711 qua:
3068 658 3132 697 ex
3160 643 3380 713 proprio

1809 751 1906 791 ore
1933 736 2240 805 protulerit,
2279 736 2333 791 in
2368 735 2525 790 labiis
2555 751 2685 791 vero
2716 735 2954 805 portabit
2982 734 3147 788 animi
3176 735 3375 788 camin-

1806 843 1921 882 rem
1948 827 2035 882 "z
2072 846 2091 879 ι
2147 827 2233 882 vel
2275 826 2590 883 necessario
2639 827 2886 897 quaedam
2937 825 3004 881 de
3055 824 3380 897 prophetis.

1809 928 2061 988 tanquam
2111 934 2217 973 non
2274 918 2611 989 sapientibus
2662 918 2744 990 (ut
2792 921 2882 988 qui
2935 932 3041 971 non
3091 916 3382 972 intellexe-

1808 1013 1923 1067 rint
1962 1009 2183 1081 proprio
2209 1024 2305 1065 ore
2341 1009 2620 1081 prolata),
2651 1009 3053 1064 inconsiderate
3099 1008 3388 1063 enuntian-

1808 1107 1872 1163 da
1902 1116 2083 1171 erunt,
2126 1107 2210 1159 vel
2243 1107 2386 1176 quod
2419 1106 2642 1161 celebre
2668 1115 2755 1161 est
2781 1116 2837 1159 et
2871 1120 3057 1161 verum
3093 1105 3385 1161 admitten-

1808 1207 1891 1254 tes
1939 1197 2156 1269 (nempe
2203 1197 2496 1267 prophetas
2544 1197 2823 1267 sapientes
2872 1196 3058 1264 esse),
3105 1197 3384 1252 fatendum

1808 1292 1937 1357 erit,
1966 1306 2086 1359 quae
2118 1290 2341 1360 proprio
2368 1304 2465 1345 ore
2492 1289 2816 1361 protulerint
2841 1331 2855 1351 ,
2891 1305 2985 1346 eos
3020 1290 3383 1357 intellexisse,

1811 1386 1978 1455 inque
2009 1383 2169 1439 labiis
2205 1395 2449 1454 gestasse
2480 1383 2648 1437 animi
2697 1384 3036 1450 candorem;
3073 1393 3128 1439 et
3171 1384 3384 1455 perspi-

1811 1493 1973 1532 cumn
2002 1486 2086 1532 est
2115 1475 2298 1532 Mosen
2333 1476 2528 1531 mentis
2576 1475 2695 1532 acie
2737 1475 2870 1546 legis
2904 1477 3184 1532 veritatem
3218 1477 3389 1533 histo-

1812 1571 2125 1639 riarumque
2158 1566 2298 1638 apud
2332 1584 2391 1623 se
2432 1568 2755 1637 scriptarum
2796 1568 3083 1639 allegorias
3108 1569 3261 1638 juxta
3290 1584 3392 1624 an-

1814 1663 2019 1730 agogen
2048 1659 2269 1715 vidisse.
2303 1659 2415 1714 luto
2438 1659 2594 1715 Jesus
2625 1676 2807 1714 veram
2836 1662 3273 1716 distributionem
3311 1661 3391 1715 fa-

1813 1764 1955 1808 ctam
1984 1762 2103 1823 post
2135 1754 2563 1809 destructionem
2596 1770 2788 1809 novem
2824 1763 2878 1808 et
2908 1754 3098 1819 viginti
3136 1770 3317 1824 regum
3342 1754 3391 1788 “

1819 1845 2110 1915 intelligit,
2147 1861 2272 1902 cum
2303 1846 2476 1917 magis
2513 1862 2673 1915 quam
2725 1862 2825 1900 nos
2856 1846 3173 1917 conspicere
3207 1856 3393 1917 posset

147 1949 291 2002 χανον
333 1937 407 1991 ea
436 1938 507 1991 δι’
536 1938 699 1991 αὐτοῦ
734 1938 1147 2010 ἐπιτελούμενα.
1194 1939 1363 2009 Δῆλον
1409 1938 1454 1992 δ’
1486 1940 1569 1992 ὅτι
1618 1940 1711 1994 καὶ

1819 1952 1954 2008 quas
1991 1936 2255 1993 veritates
2288 1936 2678 1992 adumbrarent
2712 1954 2799 1991 res
2846 1952 2875 1991 a
2924 1953 2983 1993 se
3028 1949 3212 2005 gestar.
3249 1938 3390 2005 Quin

156 2029 376 2094 Ἡσαΐας
435 2029 497 2083 τὸ
559 2031 856 2102 μυστήριον
897 2029 1044 2102 ἐώρα
1090 2028 1185 2083 τοῦ
1230 2030 1322 2083 ἐπὶ
1370 2029 1463 2084 τοῦ
1521 2030 1712 2102 θρόνου

148 2120 524 2193 καθεζομένου,
563 2120 656 2175 καὶ
697 2121 805 2174 τῶν
837 2121 931 2175 δύο
958 2122 1224 2193 σεραφὶμ,
1260 2120 1487 2175 καὶτῶν
1522 2121 1719 2195 πτερύ-

149 2231 245 2281 γων
275 2212 469 2278 αὐτοῦ,
505 2214 601 2268 τοῦ
642 2231 703 2268 τε
742 2213 1130 2288 θυσιαστηρίου
1175 2215 1269 2269 καὶ
1312 2215 1413 2286 τῆς
1460 2214 1674 2280 λαϐίδος
1698 2255 1713 2279 ,

147 2306 356 2378 καὶτῆς
384 2303 769 2375 ἐπικαλύψεως
815 2304 907 2358 τοῦ
958 2304 1246 2378 προσώπου
1276 2348 1290 2367 .
1335 2306 1429 2359 καὶ
1462 2306 1568 2360 τῶν
1624 2323 1719 2360 πο-

146 2398 257 2465 δῶν,
303 2399 604 2470 γινομένης
659 2399 764 2453 ὑπὸ
807 2398 914 2452 τῶν
958 2399 1218 2472 σεραφίμ.
1267 2399 1528 2477 Ἰεζεκιὴλ
1558 2400 1615 2454 δὲ
1648 2400 1718 2455 τὰ

145 2493 421 2564 χερουεῳ..
452 2492 545 2545 καὶ
578 2492 677 2564 τὴν
709 2494 931 2566 πορείαν
973 2493 1176 2558 αὐτῶν,
1207 2493 1301 2547 καὶ
1333 2493 1394 2547 τὸ
1425 2494 1510 2546 ἐπ’
1538 2493 1718 2547 αὐτῶν

149 2583 455 2656 στερέωμα,
501 2583 597 2637 καὶ
641 2583 750 2637 τῶν
784 2584 1258 2656 ἐπικαθεζομένων
1300 2583 1380 2656 τῷ
1414 2585 1610 2658 θρόνῳ,
1644 2579 1720 2641 ὧν

1819 2028 2163 2102 perspicuum
2202 2029 2366 2085 etiam
2408 2037 2492 2084 est
2522 2029 2715 2084 Isaiam
2743 2068 2759 2093 ,
2793 2029 3113 2100 mysterium
3147 2029 3393 2085 sedentis

1818 2122 1872 2178 in
1902 2124 2123 2189 throno,
2171 2132 2226 2178 et
2260 2123 2489 2178 duorum
2525 2124 2898 2194 serapbim,et
2930 2124 3161 2190 alarum,
3198 2123 3399 2194 ipsius-

1819 2230 1929 2284 que
1985 2213 2211 2282 altaris,
2244 2225 2297 2269 et
2326 2215 2551 2285 forcipis
2578 2257 2594 2280 ,
2641 2225 2695 2270 et
2726 2217 3047 2285 eperimcnti
3082 2216 3242 2273 faciei
3276 2259 3289 2281 ,
3343 2223 3400 2272 et

1820 2312 2036 2381 pedum,
2066 2309 2207 2380 quod
2247 2308 2521 2373 faciebant
2577 2309 2877 2378 seraphim,
2926 2311 3127 2366 vidisse
3157 2312 3223 2366 ".
3260 2310 3400 2366 [iuro

1820 2416 1914 2457 sus
1967 2400 2216 2455 Ezechiel
2274 2399 2593 2467 cherubim,
2646 2410 2703 2456 et
2746 2402 2984 2471 ipsorum
3036 2402 3161 2470 iter,
3204 2411 3257 2457 et
3301 2402 3401 2456 ftr-

1820 2505 2156 2549 mamentum
2207 2507 2369 2562 super
2396 2493 2561 2560 ipsos,
2604 2502 2659 2547 et
2684 2493 2964 2548 sedentem
3001 2494 3053 2548 in
3090 2496 3287 2548 tbrono
3315 2494 3401 2548 vi-

1822 2587 1901 2642 dit
1926 2584 1997 2654 ”,
2046 2587 2245 2657 quibus
2274 2587 2401 2657 quid
2434 2584 2724 2656 gloriosius
2755 2586 3193 2656 sublimiusque?
3240 2585 3306 2641 Et
3335 2601 3404 2641 ne

145 2675 191 2727 τί
215 2675 277 2729 ἂν
308 2675 397 2748 εἴη
442 2673 781 2747 ἐνδοξότερον
820 2676 916 2729 καὶ
950 2674 1317 2749 ὑψηλότερον;
1364 2676 1474 2730 Kal.
1510 2676 1600 2730 ἵνα
1645 2676 1711 2749 μὴ

1822 2678 2134 2751 singulatim
2170 2692 2500 2749 prosequens
2528 2719 2544 2745 ,
2579 2678 2630 2732 in
2680 2678 2898 2749 longum
2924 2680 3245 2750 protendam
3279 2695 3400 2735 ser-

145 2766 295 2821 καθέν
327 2767 510 2837 λέγων
562 2769 656 2821 ἐπὶ
703 2767 837 2821 πολὺ
867 2767 1096 2841 μηκύνω
1133 2768 1224 2822 τὸν
1253 2768 1431 2839 λόγον,
1465 2768 1711 2842 βουλόμε-

1824 2787 2039 2828 mortem
2068 2812 2084 2836 ,
2120 2772 2305 2827 volens
2333 2773 2622 2829 ostendere
2667 2771 2815 2827 viros
2845 2771 3118 2842 perfectos
3153 2773 3206 2826 in
3235 2786 3402 2843 supe-

143 2876 223 2923 νος
258 2860 695 2926 κατασκευάζειν
734 2861 835 2915 οὐκ
857 2860 1076 2916 ἔλαττον
1119 2862 1229 2916 τῶν
1259 2866 1373 2927 τοῖς
1406 2864 1711 2927 ἀποστόλοις

1825 2864 2062 2920 rioribus
2110 2865 2363 2920 aetatibus
2408 2879 2514 2919 non
2546 2864 2727 2917 minus
2753 2863 3079 2932 cognovisse
3113 2878 3277 2932 quam
3307 2862 3404 2934 qui

146 2953 242 3007 ἀπὸ
273 2955 521 3026 Χριστοῦ
560 2956 1055 3026 ἀποκαλυφθέντων
1089 2957 1388 3028 ἐγνωκέναι
1415 2960 1540 3025 τοὺς
1568 2976 1711 3013 τετε-

1825 2973 1854 3011 a
1886 2955 2105 3012 Christo
2140 2956 2529 3012 revelationem
2560 2955 2896 3020 habuerunt,
2930 2957 3131 3026 quippe
3165 2967 3288 3009 cum
3319 2953 3405 3008 bis

143 3045 466 3117 λειωμένους
497 3049 557 3100 ἐν
586 3051 705 3112 ταῖς
730 3048 1022 3121 προτέραις
1054 3052 1289 3117 γενεαῖς,
1310 3050 1711 3106 ἀποκαλύπτον-

1826 3050 1915 3105 ilie
1949 3049 2112 3111 idem.
2156 3048 2248 3118 qui
2290 3047 2567 3119 apostolos
2596 3046 2783 3102 docuit
2807 3085 2823 3112 ,
2857 3045 3036 3101 cultus
3067 3045 3159 3101 Dei
3194 3058 3403 3117 myste-

144 3157 225 3204 τος
261 3140 453 3205 αὐτοῖς
483 3140 579 3194 τοῦ
622 3141 716 3195 καὶ
759 3142 886 3206 τοὺς
935 3143 1264 3207 ἀποστόλους
1300 3143 1609 3211 διδάξαντος
1655 3145 1711 3198 τὰ

1830 3143 1907 3197 ria
1934 3144 2253 3200 abscondita
2297 3141 2580 3203 retexerit,
2608 3140 2786 3195 adhuc
2831 3139 3021 3211 paucis
3067 3138 3267 3195 additis
3309 3138 3402 3208 ju-

141 3232 427 3303 ἀπόρρητα
476 3232 577 3303 τῆς
631 3232 938 3299 θεοσεϐείας
969 3237 1265 3309 μυστήρια,
1303 3235 1382 3289 ἔτι
1430 3236 1539 3307 (7d)
1568 3236 1711 3305 ὀλίγα

1829 3235 2119 3291 dicandum
2148 3234 2456 3306 legentibus
2499 3233 2810 3302 relinquam
2844 3240 2900 3286 et
2946 3230 3407 3288 considerandum

144 3324 395 3394 προσθεὶς
447 3323 653 3397 κρίνειν
694 3327 806 3389 τοῖς
858 3326 1248 3398 ἐντυγχάνουσι
1297 3327 1602 3399 καταλείψω
1634 3330 1711 3384 καῖ

1828 3332 1897 3387 de
1927 3331 2078 3387 hisce
2101 3329 2263 3385 rebus
2287 3326 2558 3399 quidquid
2590 3326 2800 3382 volunt.
2832 3325 2968 3382 Nam
3005 3326 3182 3397 inquit
3209 3326 3260 3381 in
3296 3324 3409 3381 Ro-

139 3416 167 3467 δ
214 3416 499 3486 βούλονται
543 3415 908 3489 περὶτούτων
941 3419 1185 3471 σκοπεῖν.
1232 3418 1371 3488 Φησὶ
1406 3417 1514 3491 γὰρ
1562 3419 1621 3472 ἐν
1657 3423 1711 3492 τῇ

1828 3440 2113 3482 manorum
2153 3423 2358 3479 Paulus
2394 3419 2637 3493 Epistola
2666 3423 2755 3478 "z
2795 3439 2814 3472 ι
2855 3420 2918 3476 Εἰ
2952 3430 3158 3487 autem,
3195 3421 3286 3491 qui
3312 3437 3408 3492 po-

146 3510 273 3579 πρὸς
317 3510 452 3573 τοὺς
512 3509 819 3581 Ῥωμαίους
837 3508 1119 3581 Ἐπιστολῇ
1165 3511 1194 3563 ὁ
1226 3509 1457 3574 Παῦλος·
1498 3529 1518 3564 ι
1541 3510 1632 3583 Τῷ
1669 3510 1711 3564 δί

1831 3527 1937 3575 test
1995 3534 2098 3574 nos
2156 3517 2378 3573 firmare
2429 3514 2730 3571 secundum
2782 3512 3141 3584 Evangelium
3192 3530 3407 3580 meum.

139 3600 424 3673 δυναμένῳ
457 3602 604 3673 ὑμᾶς
648 3601 898 3675 στηρίξαι
940 3601 1081 3656 κατά
1106 3603 1167 3656 τὸ
1198 3602 1531 3674 Εὖαγγέλιόν
1585 3622 1685 3677 μου
1709 3647 1724 3673 ,

141 3696 277 3749 κατά
300 3695 653 3766 ἀποκάλυψιν
687 3696 1013 3768 μυστηρίου,
1056 3695 1267 3770 χρόνοις
1305 3696 1545 3762 αἰωνίοις
1583 3715 1728 3752 σεσι-

140 3788 405 3859 γημένου,
442 3788 850 3860 φανερωθέντος
886 3788 942 3842 δὲ
975 3789 1068 3843 νῦν
1111 3790 1201 3844 διά
1233 3806 1292 3843 τε
1319 3790 1545 3863 γραφῶν
1597 3807 1731 3863 προ·

141 3882 422 3951 φητικῶν,
473 3882 571 3935 καὶ
615 3883 715 3955 τῆς
770 3882 1093 3957 ἐπιφανείας
1151 3880 1245 3935 τοῦ
1309 3883 1516 3955 Κυρίου
1571 3882 1729 3954 ημῶν

152 3970 324 4043 ἰησοῦ
361 3973 624 4046 Χριστοῦ.
654 3993 672 4024 ι
719 3974 784 4027 Εἰ
825 3974 935 4046 γὰρ
980 3973 1067 4028 διὰ
1101 3973 1327 4045 γραφῶν
1376 3974 1729 4045 προφητικῶν

138 4061 197 4115 τὸ
229 4064 403 4118 πάλαι
441 4065 851 4138 σεσιωπημένον
885 4068 1182 4138 μυστήριον
1210 4066 1593 4138 πεφανέρωται
1618 4069 1730 4132 τοῖς

140 4155 499 4222 ἀποστόλοις,
542 4159 637 4212 καὶ
671 4159 721 4211 οἱ
759 4160 1034 4232 προφῆται
1082 4159 1265 4213 ἐνόουν
1308 4160 1378 4213 τὰ
1431 4160 1541 4213 ἀπὸ
1598 4160 1730 4214 ἰδίου

142 4250 447 4322 στόματος,
483 4252 580 4306 ἅτε
628 4252 781 4316 ὄντες
828 4253 1004 4323 σοφοὶ,
1049 4253 1119 4306 τά
1158 4254 1593 4327 πεφανερωμένα
1619 4255 1733 4317 τοῖς

140 4342 469 4409 ἀποστόλοις
504 4346 556 4397 οἱ
616 4345 892 4417 προφῆται
949 4345 1169 4417 ⁴ᾔδεσαν.
1228 4347 1378 4399 Ἐπεὶ
1417 4345 1475 4400 δὲ
1520 4345 1733 4413 πολλοῖς

1825 3611 1980 3683 juxta
2048 3608 2438 3666 revelationem
2507 3605 2806 3678 mysterii,
2866 3607 3012 3676 quod
3072 3606 3411 3677 temporibus

1829 3704 2180 3775 sempiternis
2206 3712 2291 3758 est
2324 3701 2573 3766 tacitum,
2605 3699 3018 3755 manifestatum
3042 3710 3219 3755 autem
3246 3697 3405 3770 105

1831 3810 1974 3851 nunc
2014 3810 2109 3864 per
2150 3794 2453 3863 scripturas
2497 3790 2865 3861 propheticas,
2900 3800 2956 3845 et
2984 3805 3084 3860 per
3107 3792 3407 3861 apparitio-

1830 3900 1955 3941 nem
1987 3866 2202 3940 Domini
2229 3883 2396 3939 nostri
2425 3880 2553 3938 .lesu
2586 3881 2810 3936 Christi.
2852 3900 2873 3934 ι
2916 3866 2974 3936 Si
3007 3881 3153 3936 enim
3196 3891 3412 3953 aposto-

1832 3976 1900 4032 lis
1951 3964 2500 4032 manifestatum'est
2558 3971 2884 4043 mysterium
2946 3985 3044 4040 per
3106 3972 3414 4041 scripturas

1832 4070 2180 4143 propheticas
2200 4108 2217 4133 ,
2268 4066 2397 4121 olim
2428 4065 2653 4120 tacitum
2681 4103 2698 4128 ,
2726 4074 2782 4118 et
2816 4063 3094 4134 propheta:
3146 4062 3415 4135 intellige-

1834 4165 1969 4220 bant
2016 4176 2136 4233 qua:
2169 4160 2391 4231 proprio
2420 4174 2517 4213 ore
2549 4157 2905 4228 proferebant
2929 4197 2944 4219 ,
2978 4157 3105 4226 quia
3139 4158 3415 4227 sapientes

1834 4264 2017 4312 essent
2044 4295 2060 4319 ,
2095 4256 2344 4324 profecto
2371 4269 2493 4324 qua:
2524 4250 2787 4322 apostolis
2834 4249 3185 4305 manifestata
3218 4250 3370 4305 fuere
3398 4290 3414 4313 ,

1834 4348 1999 4404 etiam
2031 4347 2308 4416 prepbette
2357 4342 2760 4399 intellexerunt.
2789 4340 3062 4408 Quoniam
3092 4355 3230 4395 vero
3270 4341 3410 4395 mul-

1839 4444 1911 4497 tis
1960 4450 2017 4494 et
2061 4438 2381 4510 vulgaribus
2435 4437 2734 4492 revelatum
2777 4450 2887 4489 non
2938 4433 3136 4500 fuerat,
3172 4416 3243 4490 οι)
3295 4450 3418 4489 eam

1839 4548 2060 4590 causam
2097 4532 2273 4602 inquit
2304 4529 2505 4585 Paulus
2529 4529 2574 4561 '°
2609 4546 2623 4583 :
2670 4547 2689 4579 ‹
2727 4527 2865 4582 Aliis
2899 4528 3153 4584 mtatibus
3201 4542 3308 4583 non
3336 4529 3423 4581 in-

142 4439 239 4491 οὗκ
287 4438 716 4493 ἀπεκαλύπτετο
752 4439 888 4509 (75),
931 4437 1021 4492 διὰ
1057 4437 1216 4492 τοῦτό
1245 4455 1407 4510 φησιν
1441 4440 1471 4491 ὁ
1502 4438 1731 4503 Παῦλοςο

144 4550 164 4583 r
198 4533 456 4606 Ἑτέραις
481 4535 696 4604 γενεαῖς
718 4533 819 4586 οὐκ
844 4531 1150 4604 ἐγνωρίσθη
1177 4533 1289 4595 τοῖς
1316 4534 1451 4607 υἱοῖς
1488 4531 1597 4585 τῶν
1638 4532 1735 4585 ἀν-

140 4625 379 4697 θρώπων
398 4669 416 4692 ,
446 4627 523 4692 ῶς
552 4626 651 4683 νῦν
678 4625 1039 4697 ἀπεκαλύφθη
1075 4628 1187 4689 τοῖς
1217 4624 1391 4695 ἁγίοις
1414 4622 1711 4679 ἀποστόλοις

1840 4628 2018 4682 notuit
2054 4624 2180 4679 filiis
2226 4624 2506 4678 hominum
2535 4662 2552 4688 ,
2599 4621 3057 4691 quemadmodum
3088 4635 3232 4675 nunc
3267 4633 3420 4674 reve-

138 4721 302 4776 αὐτοῦ
328 4762 346 4787 ,
386 4722 485 4775 καὶ
533 4720 842 4792 προφήταις
874 4718 932 4771 ἐν
964 4717 1267 4789 Πνεύματι,
1304 4714 1444 4770 εἶναι
1490 4716 1560 4771 τὰ
1605 4715 1711 4769 ἔθνη

1833 4719 2004 4787 latum
2041 4727 2123 4773 est
2168 4716 2377 4772 sanctis
2410 4715 2671 4786 apostolis
2698 4715 2820 4785 ejus
2845 4752 2860 4780 ,
2895 4725 2949 4769 et
2980 4712 3265 4783 prophetis
3320 4726 3421 4782 per

140 4816 349 4888 συγκλη
361 4815 592 4887 ρονόμα,
624 4814 718 4867 καὶ
754 4814 1034 4883 σύσσωμα.
1068 4830 1086 4863 ι
1122 4811 1259 4882 Ὅρα
1286 4808 1342 4862 δέ
1371 4809 1419 4861 εί
1446 4808 1541 4861 καὶ
1562 4805 1711 4861 οὕτω

1836 4811 2104 4883 Spiritum
2134 4850 2152 4876 ,
2197 4818 2258 4865 ut
2298 4809 2409 4865 sint
2456 4819 2649 4880 gentes
2702 4806 3017 4863 coltmredes
3041 4846 3057 4873 ,
3093 4814 3147 4859 et
3177 4804 3416 4874 ejusdem

137 4902 244 4963 οἷον
273 4905 906 4977 ἀνθυπενεχθησομένην
933 4903 1044 4976 (76)
1072 4900 1457 4973 ἀνθυποφοράν
1488 4899 1595 4953 ὑπὸ
1622 4899 1711 4954 τῶε

1838 4902 2107 4974 corporis.
2168 4919 2188 4955 ι
2229 4899 2364 4956 Vide
2403 4915 2536 4956 vero
2579 4916 2649 4956 an
2706 4901 2871 4955 etiam
2924 4896 2995 4952 ob
3026 4896 3416 4965 ohjectionem,

142 5000 213 5072 μὴ
241 5000 719 5073 παραδεχομένων
747 4998 839 5052 τὸν
866 4996 1046 5066 λόγον,
1093 4997 1191 5068 τὴν
1224 4995 1366 5062 λέξιν
1396 4993 1600 5064 ταύτην
1637 4990 1711 5045 οὓς

1836 5011 1999 5067 quam
2032 4992 2270 5062 objicere
2300 5000 2521 5063 possent
2559 4989 2615 5046 bi
2646 4989 2736 5061 qui
2772 5004 2877 5043 non
2914 4986 3209 5041 admittunt
3241 4990 3417 5043 ratio-

139 5109 238 5158 τως
270 5094 536 5148 ἐκλαϐεῖν
573 5091 633 5145 τὸ
681 5090 1280 5159 ἀποκαλυπτόμενον,
1327 5088 1541 5159 μήποτε
1572 5084 1711 5155 διχῶ.

1845 5104 1967 5145 nem
1993 5095 2261 5153 nostram,
2292 5086 2374 5141 sic
2408 5081 2758 5154 interpretari
2792 5081 3066 5151 possimus
3092 5081 3418 5138 vocabulum

140 5186 281 5243 εστιν
308 5187 451 5241 ἰδεῖν
479 5184 1084 5253 ἀποκαλυπτόμενονο
1129 5180 1252 5235 καθ’
1275 5180 1371 5233 ἕνα
1411 5178 1509 5249 μὲν
1535 5178 1711 5249 τρόπο

1840 5179 2151 5245 revelatum,
2192 5192 2389 5249 nempe
2437 5185 2499 5233 ut
2542 5175 2756 5231 duobus
2801 5174 2980 5229 modis
3015 5173 3276 5231 dicatur:
3312 5191 3422 5230 uno

139 5282 223 5335 ὅτε
254 5285 494 5345 νοεῖται,
527 5278 651 5334 καθ’
684 5279 872 5351 ἕτερον
908 5277 965 5330 δὲ
993 5275 1089 5330 ἐὰν
1189 5272 1348 5328 τοῦτο
1391 5270 1711 5344 προφητευό-

1838 5273 2055 5343 quidem
2102 5272 2284 5337 modo,
2319 5269 2540 5342 quando
2569 5267 2623 5322 id
2651 5266 2794 5337 quod
2848 5264 3127 5322 revelatur
3156 5266 3421 5338 intelligis

140 5392 333 5444 μενον,
370 5374 521 5428 ὥστε
575 5373 670 5427 καὶ
712 5368 1067 5443 πληρωθῆναι
1101 5367 1265 5421 αὐτό·
1299 5364 1421 5419 τότε
1448 5362 1555 5435 γὰρ
1595 5362 1711 5416 ἀπο

1838 5372 1946 5431 tur,
1979 5364 2158 5421 altero
2205 5379 2333 5420 vero
2355 5403 2373 5430 ,
2419 5360 2638 5434 quando
2669 5359 2838 5416 fuerit
2869 5358 3078 5431 aliquid
3131 5360 3426 5432 propheta-

206 5517 250 5549 ’⁸
270 5513 692 5574 Joan.vm.39.
764 5513 810 5545 ’³
836 5510 1130 5575 Ρτον.ινι,
1150 5507 1240 5564 25.
1316 5506 1363 5539 ³⁸
1384 5503 1497 5562 Jos.
1518 5519 1616 5568 ιιι,
1640 5511 1694 5558 et
1715 5514 1833 5572 seq.
1912 5503 1957 5536 ’⁷
1981 5501 2104 5558 lsai.
2133 5518 2210 5568 vt,
2237 5501 2286 5569 ί,
2309 5501 2366 5569 2,
2385 5500 2439 5555 6.
2511 5499 2557 5532 “
2580 5498 2780 5556 Ezecb.
2809 5513 2850 5565 ι,
2876 5498 2911 5553 4
2941 5505 2996 5553 et
3025 5513 3143 5568 seq.
3215 5498 3261 5531 θ’
3283 5496 3419 5569 Cap.

143 5602 247 5648 tm.
279 5602 439 5642 vers.
469 5585 567 5650 25,
591 5582 681 5638 26.
762 5582 807 5615 ⁸⁸
838 5579 1038 5652 pres.
1067 5595 1147 5645 nt,
1172 5579 1228 5643 5,
1257 5576 1313 5633 6.

206 5714 321 5785 (τι)
349 5715 515 5769 Ἐ’τι.
546 5708 626 5785 ita
650 5709 816 5764 codex
839 5705 1197 5773 Bodleiauus;
1222 5702 1425 5775 Regius
1446 5712 1504 5762 et
1530 5701 1711 5759 Barbe

1883 5699 2027 5785 σεδ)
2062 5701 2132 5754 ει
2170 5697 2276 5785 ἀξξ
2294 5698 2512 5785 ρῦτως.
2538 5692 2670 5785 calor
2708 5692 3423 5785 emensam:

146 5763 319 5844 mit};
341 5763 657 5846 δῆξ-πιαιε.
994 5763 997 5764 ν
1182 5763 1195 5773 ’
1308 5763 1338 5775 ”
1498 5844 1507 5846 _
1844 5763 1952 5846 etc.
1979 5763 2163 5846 Locus
2189 5770 2406 5846 videtur
2452 5763 2696 5846 hiulcus.
2721 5763 3295 5840 Legenduui'for'taSse
3325 5763 3424 5818 :Ei

207 5838 322 5924 (75')
354 5838 492 5911 ua.
522 5852 996 5924 sanusne“.
1025 5848 1297 5924 Sie’eodd.
1326 5844 1658 5905 Bodleianus
1678 5859 1709 5901 e

1842 5840 2014 5905 οὕτως
2049 5840 2116 5895 δι’
2142 5838 2778 5912 ἀνθυπενεχθησομένην,
2806 5838 2921 5895 etc.

146 5919 515 5990 Barba-inus;
554 5923 775 5993 Regius,
802 5922 863 5975 οὐ
897 5919 1360 5977 κατεκαλύπτετο.
