3866 6600
461 455 577 511 ’2οῚ

1945 443 2270 502 ORIGENIS

3640 443 3735 497 208

473 585 612 642 tum,
645 571 787 645 quod
819 571 1061 628 futurum
1096 570 1167 626 sit
1200 576 1252 624 et
1287 565 1676 638 complendum
1721 584 1732 620 :
1767 574 1878 620 tum
1909 566 2046 620 enim

2163 560 2516 627 καλύπτεται,
2543 563 2629 616 ὅτε
2657 563 2983 618 ἐπιτελεῖται
3024 562 3420 636 πληρούμενον.
3463 562 3538 617 Τὸ
3572 563 3737 618 τοίνυν

473 669 789 733 revelatur,
843 667 1061 737 quando
1129 681 1218 721 res
1275 665 1493 734 impleta
1544 661 1844 732 perficitur.
1899 659 2053 726 Quod

471 763 640 832 igitur
687 779 708 813 ι
768 770 959 833 gentes
999 778 1017 811 ι
1059 757 1182 832 [per
1218 753 1542 826 Christum]
1594 755 1703 808 sint
1739 773 1756 804 ‹
1809 752 2052 807 cohaere-

471 855 591 920 des,
645 863 702 908 et
737 852 982 923 ejusdem
1034 851 1311 919 corporis,
1367 857 1422 903 et
1472 843 1892 915 comparticipes
1925 857 2054 912 pro-

472 944 754 1001 missionis
795 945 848 998 in
893 942 1134 1006 Christo,
1174 959 1190 992 ι
1223 947 1487 1009 quantum
1519 935 1736 1006 quidem
1763 933 1958 988 attinet
1987 933 2052 987 ad

475 1037 860 1108 cognitionem,
900 1045 958 1088 ut
987 1045 1177 1106 gemes
1213 1035 1409 1087 futura:
1437 1031 1546 1084 sint
1591 1026 1905 1084 cohaeredes
1929 1067 1944 1092 ,
1985 1033 2041 1081 et

474 1130 720 1201 ejusdem
753 1129 1019 1197 corporis,
1045 1137 1102 1182 et
1133 1123 1560 1196 comparticipes
1581 1163 1597 1187 ,
1633 1131 1687 1174 et
1714 1119 1932 1189 quando
1961 1133 2057 1173 co-

476 1223 721 1279 haeredes
751 1231 909 1276 erant
944 1220 1140 1274 futurae
1168 1259 1182 1283 ,
1218 1228 1272 1271 ct
1298 1232 1467 1287 quare
1493 1258 1506 1282 ,
1539 1225 1594 1270 et
1624 1212 1817 1284 quales
1848 1222 2052 1279 essent,

462 1315 529 1372 et
575 1315 852 1387 quomodo
896 1322 1169 1367 extranea:
1218 1327 1247 1364 a
1297 1308 1640 1364 testamentis
1690 1308 1990 1375 alienmque
2025 1323 2052 1360 a

472 1408 833 1478 promissione
863 1449 878 1472 ,
933 1405 1130 1459 futurm
1169 1403 1222 1456 in
1275 1410 1554 1470 posterum
1604 1410 1764 1454 erant
1811 1399 2052 1466 ejusdem

455 1487 722 1568 corporis
752 1506 809 1552 et
857 1494 1303 1565 comparticipes,
1357 1500 1553 1548 norant
1597 1492 1899 1559 praphetaa,
1929 1505 2052 1544 cum

473 1590 605 1660 ipsis
652 1590 754 1644 hoc
813 1591 1114 1643 revelatum
1170 1584 1378 1638 fuisset.
1434 1582 1871 1653 lntelligentilms
1923 1596 2053 1635 vero

473 1693 705 1747 tantum,
735 1691 791 1736 et
819 1695 927 1735 non
963 1677 1279 1733 videntibus
1323 1677 1565 1745 perlecta
1595 1674 1765 1729 fuisse
1809 1689 1896 1736 ea,
1932 1687 2054 1743 qua:

472 1776 795 1848 prophetata
834 1773 1056 1828 fuerant
1085 1812 1100 1834 ,
1135 1787 1240 1824 non
1279 1771 1359 1824 sic
1400 1768 1638 1822 revelata
1671 1775 1801 1821 sunt
1849 1765 2050 1829 futura,

474 1877 534 1923 ut
571 1868 640 1922 iis
665 1866 757 1938 qui
788 1864 889 1921 sub
918 1874 1198 1934 aspectum
1224 1863 1420 1916 horum
1443 1870 1699 1915 eventum
1732 1859 2048 1918 cernebant,

2166 678 2182 708 ι
2212 655 2280 710 τὰ
2307 656 2432 727 ἐθνη
2460 655 2896 728 συγκληρονόμα,
2924 657 3019 711 καὶ
3051 656 3339 728 σύσσωμα,
3376 659 3473 712 καὶ
3509 657 3740 728 συμμέτ-

2158 765 2257 819 οχα
2292 744 2429 801 εἶναι
2469 748 2567 818 τῆς
2604 749 2939 819 ἐπαγγελίας
2969 751 3028 803 ἐν
3062 749 3304 822 Χριστῷ,
3335 769 3353 801 ι
3381 751 3508 804 ὅσον
3540 751 3632 821 μὲν
3652 749 3741 804 ἐπὶ

2156 844 2223 912 τῇ
2261 840 2496 910 γνώσει,
2523 841 2616 894 τοῦ
2651 841 2869 895 ἔσεσθαι
2907 842 2976 896 τά
3014 842 3140 916 ἐθνη
3182 844 3620 916 συγκληρονόμα,
3653 843 3742 898 καὶ

2161 931 2446 1004 σύσσωμα,
2480 934 2576 986 καὶ
2614 934 2952 1006 συμμέτοχοι,
2982 936 3075 990 καὶ
3099 936 3228 990 πότε
3263 937 3507 1000 ἔσεσθαι,
3541 938 3632 990 καὶ
3658 936 3744 989 διὰ

2157 1025 2250 1089 τί,
2289 1027 2382 1080 καὶ
2433 1028 2558 1080 τίνα
2604 1027 2733 1080 ὄντα
2760 1067 2776 1091 ,
2829 1029 2925 1082 καὶ
2973 1030 3091 1093 πῶς
3153 1029 3278 1094 ξένα
3327 1030 3437 1083 τῶν
3463 1030 3740 1101 Διαθηκῶν

2156 1119 2513 1190 τυγχάνοντα,
2544 1121 2639 1174 καὶ
2668 1120 2920 1193 ἀλλότρια
2952 1122 3051 1193 τῆς
3091 1123 3445 1193 ἐπαγγελίας,
3487 1125 3744 1195 σύσσωμα

2158 1211 2250 1265 καὶ
2303 1216 2620 1284 συμμέτοχα
2668 1211 2889 1286 ὕστερον
2935 1215 3168 1286 ἐσόμενα
3204 1216 3401 1287 ᾔδεσαν
3451 1219 3501 1270 οἱ
3538 1219 3744 1289 προφῆ-

2157 1319 2265 1366 ται,
2301 1303 2776 1374 ἀποκαλυφθέντος
2807 1307 2989 1370 αὐτοῖς
3021 1307 3229 1362 τούτου.
3277 1308 3416 1361 Ἀλλ’
3451 1309 3551 1379 οὐχ
3581 1309 3745 1373 οὕτως

2157 1396 2269 1458 τοῖς
2319 1397 2546 1456 νοοῦσιν,
2595 1398 2692 1467 οὑχ
2724 1397 2892 1469 ὁρῶσι
2919 1399 2975 1452 δέ
3001 1399 3405 1472 ³ἐττιτελούί.ι.ενα
3438 1402 3507 1455 τὰ
3543 1419 3749 1473 προφη.

2155 1489 2424 1560 τευόμενα
2472 1489 2926 1543 ἀποκεκάλυπται
2971 1491 3040 1544 τὰ
3080 1491 3354 1561 ἐσόμενα,
3391 1492 3468 1555 ὡς
3502 1495 3615 1555 τοῖς
3658 1495 3746 1546 ὑπ’

2164 1581 2287 1651 ὄψιν
2352 1581 2616 1652 θεωροῦσι
2664 1581 3025 1653 τὴν-ἔκϐασιν
3075 1584 3282 1648 αὐτῶν,
3328 1567 3471 1657 ὅπερ
3532 1586 3747 1654 γέγονεν

2166 1673 2259 1726 ἐπὶ
2286 1672 2393 1726 τῶν
2420 1672 2761 1728 ἀποστόλωψ
2795 1674 2939 1728 οὕτω
2971 1677 3109 1747 γὰρ,
3144 1675 3218 1740 ὡς
3249 1673 3424 1747 οἶμαι,
3463 1677 3649 1731 ἐνόουν
3683 1681 3749 1732 τὰ

2159 1765 2466 1836 πράγματα
2498 1767 2556 1818 οὐ
2596 1766 2794 1838 μᾶλλον
2820 1768 2929 1821 τῶν
2968 1767 3218 1840 πατέρων
3269 1771 3362 1822 καί
3409 1771 3743 1843 προφητῶν·

2157 1858 2479 1930 ἀληθεύεται
2512 1859 2569 1913 δέ
2604 1860 2732 1932 περὶ
2765 1859 2944 1914 αὐτῶν
2985 1861 3078 1914 τό·
3122 1880 3141 1912 ι
3181 1863 3244 1915 Ὃ
3273 1863 3491 1934 ἑτέραις
3537 1869 3749 1934 γενεαῖς

473 1962 616 2030 quod
641 1958 844 2013 factum
895 1964 980 2012 est
1025 1957 1078 2010 in
1129 1953 1391 2025 apostolis
1423 1968 1438 2004 :
1469 1965 1618 2014 nam,
1655 1959 1716 2006 ut
1767 1949 1856 2022 [ad
1888 1965 2046 2003 unum

2163 1952 2259 2004 οὐκ
2297 1950 2655 2022 ἀπεκαλύφθη
2678 1991 2694 2017 ,
2745 1951 2822 2016 ὡς
2859 1951 2956 2006 νῦν
2997 1956 3108 2017 τοῖς
3141 1953 3463 2020 ἀποστόλοις
3493 1958 3589 2011 καὶ
3617 1976 3751 2030 προ-

476 2048 726 2121 modum]
777 2049 1018 2104 arbitror
1065 2059 1160 2100 eos
1206 2060 1312 2098 non
1364 2043 1538 2112 magis
1578 2056 1668 2096 res
1721 2040 2055 2096 intellexisse

470 2160 635 2215 quam
665 2143 856 2198 Patres
887 2149 940 2195 et
962 2139 1263 2208 prophetaz,
1295 2138 1374 2192 sic
1399 2134 1575 2190 altero
1609 2133 1772 2189 modo
1803 2133 2055 2188 veriﬁea-

477 2247 564 2290 tur
614 2235 680 2289 de
710 2234 790 2288 eis
833 2231 964 2287 illud
989 2269 1005 2296 ,
1045 2229 1192 2301 quod
1224 2247 1242 2280 ι
1284 2227 1405 2282 aliis
1435 2227 1688 2282 aetatibus
1741 2228 2052 2280 revelatum

477 2345 585 2384 non
642 2327 787 2392 fuit,
834 2323 1292 2394 qnemadmOdum
1327 2335 1473 2376 nunc
1518 2319 1784 2388 apostolis
1816 2329 1871 2373 et
1923 2333 2050 2389 pro-

472 2419 653 2488 phetis
680 2458 694 2482 ,
731 2429 921 2487 gentes
949 2430 1073 2472 esse
1106 2413 1422 2470 cohaeredes
1452 2451 1468 2475 ,
1498 2421 1554 2465 et
1582 2410 1826 2479 ejusdem
1859 2424 2053 2479 corpo-

472 2513 547 2566 ris
574 2550 589 2576 ,
638 2520 693 2565 et
737 2507 1155 2579 compartieipes
1193 2503 1574 2575 promissionis
1625 2505 1680 2557 in
1731 2500 1989 2559 Christo:
2027 2521 2046 2554 ι

468 2602 597 2674 quia
626 2613 990 2672 praeterquam
1022 2600 1166 2669 quod
1198 2596 1512 2664 intelligunt
1546 2595 1808 2667 mysteria
1835 2632 1852 2660 ,
1883 2595 2048 2650 etiam

467 2698 738 2753 actionem
772 2710 870 2768 per
897 2709 1010 2748 rem
1057 2691 1357 2761 perfectam
1412 2691 1713 2745 intuentur.
1745 2687 1900 2756 Quod
1944 2703 2044 2742 au-

469 2805 575 2850 tem
603 2791 678 2846 ait
723 2788 764 2820 ³¹
802 2803 818 2842 :
864 2804 884 2838 ι
923 2785 1074 2840 Multi
1126 2783 1420 2854 praplictae,
1472 2791 1528 2837 et
1575 2780 1711 2852 justi
1760 2779 2050 2850 cupierunt

466 2887 651 2941 videre
681 2898 801 2953 quas
836 2895 934 2935 vos
961 2877 1154 2933 videtis
1180 2917 1196 2944 ,
1223 2885 1278 2930 et
1307 2890 1411 2931 non
1449 2874 1742 2937 viderunt;
1781 2881 1834 2928 et
1861 2873 2050 2928 audire

461 2992 584 3046 qua:
619 2971 842 3036 auditis,
879 2978 936 3025 et
961 2983 1068 3022 non
1103 2965 1452 3030 audierunt,»
1483 2960 1716 3018 similem
1740 2967 1919 3030 potest
1953 2959 2048 3014 ha-

463 3066 596 3122 bere
639 3057 1148 3130 interpretationem
1186 3071 1202 3106 :
1235 3053 1463 3124 perinde
1493 3052 1654 3123 quasi
1687 3050 1961 3121 cupierint
1990 3059 2047 3106 et

468 3158 543 3213 illi
593 3155 780 3210 videre
830 3149 1149 3221 mysterium
1185 3145 1315 3201 olim
1365 3143 1684 3216 praedictum
1717 3142 2043 3212 dispositum

469 3242 899 3306 lncarnationis,
945 3249 1003 3295 ct
1049 3239 1348 3294 descensus
1379 3235 1501 3290 Filii
1537 3234 1656 3296 ιι)θὶ
1707 3234 1776 3288 ad
1827 3247 2047 3289 oecono-

466 3343 635 3398 miam
671 3335 942 3410 passionis
991 3348 1104 3390 sua:
1145 3331 1521 3402 compluribus
1570 3327 1871 3393 salutaris;
1921 3335 2042 3381 tan-

465 3448 630 3505 quam
659 3431 729 3499 si,
779 3427 1016 3498 exempli
1051 3425 1246 3497 gratia,
1299 3423 1406 3477 tale
1437 3421 1700 3492 quiddam
1755 3419 1902 3475 aliud
1949 3434 2046 3474 su-

465 3535 743 3583 meremus
793 3539 810 3579 :
864 3522 996 3577 Esto
1046 3519 1248 3589 aliquis
1296 3517 1579 3586 apostolus
1634 3515 1728 3585 qui
1782 3515 2047 3586 intelligat

470 3621 634 3693 106
665 3637 685 3671 ι
713 3617 876 3672 verba
905 3612 1196 3670 inell‘abilia
1224 3653 1238 3677 ,
1266 3625 1388 3682 quae
1419 3625 1525 3666 non
1573 3608 1699 3665 licet
1730 3609 1933 3665 homini
1967 3609 2047 3663 lo-

466 3715 556 3783 qui
591 3713 656 3775 ³¹,
687 3730 706 3764 ι
743 3709 922 3778 sitque
950 3707 1000 3762 is
1034 3721 1143 3760 non
1171 3705 1389 3759 visurus
1412 3703 1713 3758 secundum
1744 3702 2042 3773 gloriosum

463 3805 670 3863 Christi
706 3803 1002 3858 adventum
1046 3798 1382 3869 divulgatum
1431 3796 1576 3865 apud
1611 3795 1820 3864 ﬁdeles,
1855 3805 1912 3852 et
1956 3804 2042 3850 ta-

466 3911 586 3952 men
622 3895 805 3964 cupiat
831 3891 1019 3946 videre
1057 3889 1232 3959 ipsum
1260 3904 1276 3954 ;
1325 3902 1516 3944 rursus
1541 3887 1612 3942 sit
1644 3886 1782 3942 alter
1806 3888 1899 3958 qui
1933 3903 2041 3942 non

464 3988 639 4044 solum
675 3999 782 4039 non
813 3978 1121 4054 perceperit
1149 3988 1314 4048 atque
1337 3977 1670 4034 intellexerit
1696 3978 1887 4033 eadem
1920 3993 2044 4048 quae

466 4078 780 4148 apostolus,
826 4075 922 4130 sed
972 4071 1250 4142 impendio
1296 4070 1479 4125 minus
1521 4055 1643 4140 ipso
1690 4070 1858 4148 etiam
1891 4083 2042 4140 spem

466 4147 705 4226 divinam
751 4165 1097 4238 possederit,
1131 4171 1296 4233 atque
1325 4161 1415 4216 hic
1443 4147 1814 4232 deprehendat
1843 4176 2043 4217 secun-

467 4265 599 4318 dum
629 4259 944 4316 Servatoris
967 4255 1135 4312 nostri
1167 4255 1453 4310 adventum
1482 4254 1666 4325 (quem
1708 4254 1893 4325 cupiat
1921 4252 2044 4324 qui.

466 4356 587 4412 dem
619 4349 896 4423 apostolus
922 4349 1081 4420 juxta
1113 4346 1444 4416 exemplum,
1467 4361 1567 4401 nec
1598 4355 1778 4401 tamen
1813 4345 2041 4417 videat),

465 4453 620 4501 certe
659 4458 760 4500 nec
813 4442 952 4498 falso
992 4439 1465 4512 pronuntiabimus
1515 4440 1616 4494 hos
1655 4439 1790 4494 duos
1842 4438 2044 4494 vidisse

463 4550 586 4606 qua:
641 4534 876 4604 cupierit
913 4532 1192 4604 apostolus
1247 4530 1340 4585 ille
1384 4529 1471 4584 vel
1522 4529 1753 4599 apostoli
1804 4529 2040 4585 videre:

463 4643 564 4684 nec
618 4628 844 4683 omnino
890 4628 1031 4681 hanc
1071 4625 1141 4678 ob
1175 4638 1398 4679 causam
1432 4623 1745 4678 necessario
1794 4622 2040 4677 dicemus

2159 2043 2378 2115 φήταις,
2416 2039 2556 2096 εἶναι
2587 2043 2656 2096 τὰ
2688 2042 2813 2116 ἐθνη
2845 2043 3286 2117 συγκληρονόμα,
3325 2048 3421 2100 καὶ
3458 2048 3749 2120 σύσσωμα,

2155 2138 2251 2191 καὶ
2308 2137 2626 2208 συμμέτοχα
2681 2137 2783 2209 τῆς
2841 2139 3176 2207 ἐπαγγελίας
3232 2142 3290 2193 ἐν
3338 2142 3586 2214 Χριστῷ⁹
3615 2163 3634 2195 ι
3674 2144 3754 2214 τῷ

2156 2229 2293 2302 πρὸς
2321 2229 2400 2301 τῷ
2423 2233 2563 2283 νοεῖν
2588 2230 2783 2294 αὐτοὺς
2809 2229 2877 2283 τὰ
2905 2231 3199 2303 μυστήρια,
3221 2235 3310 2287 καὶ
3339 2234 3438 2307 τὴν
3467 2235 3754 2306 ἐνέργειαν

2154 2321 2240 2375 διὰ
2269 2321 2365 2375 τοῦ
2403 2322 2729 2394 πράγματος
2759 2323 3175 2395 ἐπιτελουμένου
3221 2331 3530 2381 κατανοεῖν.
3574 2328 3754 2382 Δύνα-

2160 2431 2252 2466 ται
2277 2413 2332 2468 δὲ
2368 2415 2464 2467 καὶ
2490 2415 2573 2480 τὸ,
2605 2435 2622 2467 ι
2662 2415 2853 2469 Πολλοὶ
2887 2417 3163 2488 προφῆται
3204 2419 3298 2472 καὶ
3327 2419 3526 2474 δίκαιοι
3555 2422 3760 2475 ἐπεθύ-

2159 2525 2338 2579 μησαν
2369 2509 2518 2572 ἰδεῖν,
2549 2509 2586 2564 ἀ
2611 2510 2771 2581 ὑμεῖς
2806 2509 3030 2580 βλέπετε
3061 2551 3075 2573 ,
3130 2511 3224 2565 καὶ
3274 2513 3376 2567 οὐκ
3426 2510 3570 2568 εἶδον
3594 2555 3608 2578 ,
3656 2516 3759 2570 καὶ

2152 2598 2406 2665 ἀκοῦσαι,
2439 2599 2476 2655 ἀ
2510 2600 2757 2666 ἀκούετε,
2794 2601 2889 2655 καὶ
2924 2602 3022 2655 οὐκ
3055 2603 3325 2674 ἤκουσαν,
3357 2623 3375 2656 ι
3409 2604 3510 2677 τὴν
3556 2607 3758 2677 ὁμοίαν

2159 2691 2307 2764 ἔχειν
2340 2694 2613 2766 διήγησιν·
2641 2694 2805 2749 οἱονεὶ
2838 2694 3295 2766 ἐπιθυμησάντων
3321 2699 3596 2752 κάκείνων
3623 2699 3763 2753 ἰδεῖν

2156 2787 2608 2859 οἱκονομούμενον
2638 2787 2698 2841 τὸ
2735 2790 3029 2862 μυστήριον
3061 2790 3161 2860 τῆς
3192 2787 3287 2843 τοῦ
3324 2789 3458 2845 Υἱοῦ
3483 2789 3577 2845 τοῦ
3610 2791 3760 2846 Θεοῦ

2152 2878 2593 2951 ἐνσωματώσεως
2631 2881 2726 2934 καὶ
2768 2882 3125 2946 καταϐάσεως
3161 2883 3256 2936 ἐπὶ
3286 2883 3387 2954 τὴν
3431 2885 3762 2956 οἰκονομίαν

2149 2969 2245 3023 τοῦ
2282 2973 2550 3044 σωτηρίου
2610 2976 2724 3038 τοῖς
2776 2973 2990 3038 πολλοῖς
3035 2973 3242 3038 πάθους
3284 2975 3457 3031 αὐτοῦ
3478 2994 3492 3008 ’
3531 2977 3606 3041 ὡς
3658 2979 3764 3031 ἐπὶ

2151 3063 2596 3136 παραδείγματος
2651 3068 2746 3120 καὶ
2803 3067 2930 3121 ἄλλο
2961 3085 3012 3121 τι
3045 3066 3288 3122 τοιοῦτον
3329 3070 3726 3142 ἐλαμϐάνομεν
3745 3088 3761 3102 ο

2147 3155 2289 3210 ἔστω
2342 3157 2466 3211 τινὰ
2520 3158 2628 3212 τῶν
2689 3160 3001 3214 ἀποστόλων
3051 3164 3303 3218 συνιέντα
3352 3182 3371 3213 ι
3419 3163 3491 3216 τὰ
3529 3164 3765 3234 ἀρῤητα

2152 3249 2394 3321 ῥήματα,
2425 3249 2461 3304 ἃ
2485 3251 2588 3304 οὐκ
2619 3251 2738 3315 ἐξὸν
2769 3252 3054 3325 ἄνθρωπον
3084 3255 3336 3326 λαλῆσαι,
3359 3275 3379 3308 ι
3421 3255 3499 3327 μὴ
3541 3255 3767 3326 ὀψόμε-

2150 3358 2240 3394 νον
2271 3340 2370 3413 τὴν
2404 3343 2557 3414 παρά
2588 3346 2699 3408 τοῖς
2724 3345 3113 3399 πεπιστευκόσι
3142 3345 3592 3418 κατηγγελμένην
3622 3345 3768 3398 δευ-

2149 3433 2312 3507 τέραν
2359 3437 2677 3508 σωματικὴν
2727 3437 2902 3508 Ἰησοῦ
2941 3437 3150 3505 ἔνδοξον
3185 3439 3502 3515 ἐπιδημίαν,
3551 3437 3772 3492 ἐπιθυ-

2153 3530 2274 3599 μεῖν
2307 3528 2479 3598 αὐτὴν
2534 3531 2687 3602 ὁρᾷν·
2749 3531 2936 3603 ἕτερον
2981 3530 3038 3584 δέ
3081 3549 3204 3584 τινα
3239 3531 3352 3603 (77)
3384 3530 3444 3586 οὐ
3486 3531 3654 3602 μόνον
3691 3532 3772 3584 τὰ

2148 3621 2287 3674 αὑτά
2337 3620 2415 3692 τῷ
2454 3621 2737 3693 ἀποστόλῳ
2779 3623 3129 3694 ἠκριϐωκότα
3155 3623 3266 3696 (78)
3302 3625 3396 3678 καὶ
3426 3625 3773 3694 νενοηκότα,

2148 3712 2284 3766 ἀλλὰ
2312 3714 2406 3766 καὶ
2439 3713 2620 3785 πολλῷ
2649 3713 2812 3768 αὑτοῦ
2848 3714 3064 3769 ἔλαττον
3087 3717 3447 3789 ἀντεχόμενον
3467 3718 3562 3787 τῆς
3588 3718 3774 3781 Θείας

2148 3804 2395 3870 ἐλπίδος,
2433 3806 2873 3878 καταλαμϐάνειν
2921 3809 3020 3879 τὴν
3061 3808 3453 3882 δευτέραν.τοῦ
3488 3813 3778 3885 Σωτῆρος

2150 3898 2307 3968 ήμῶν
2340 3897 2634 3970 ἐπιδημίαν
2689 3900 2800 3971 (ἣν
2842 3900 3295 3973 ἐπιτεθυμηκέτω
3331 3903 3454 3973 μὲν,
3505 3905 3658 3957 κατὰ
3699 3904 3777 3958 τὸ

2149 3987 2533 4059 παράδειγμαν
2580 3991 2609 4043 ὁ
2654 3989 3006 4056 Ἀτῒάστολος.
3051 3993 3124 4064 μὴ
3177 3992 3570 4064 τεθεωρηκέτω
3629 3995 3776 4064 δέν

2146 4081 2208 4132 οὐ
2236 4079 2428 4150 ψεῦδος
2446 4081 2510 4153 δὴ
2544 4081 2798 4154 ἐροῦμεν,
2830 4084 2912 4137 ὅτι
2933 4084 3042 4137 οἶδε
3081 4084 3174 4138 δύο
3195 4085 3231 4139 ἀ
3252 4086 3602 4160 ἐπεθύμησεν
3628 4090 3779 4161 (79)

2146 4175 2174 4226 ὀ
2220 4173 2516 4237 ἀπόστολος
2557 4174 2684 4229 ἰδεῖν
2731 4176 2762 4248 ἢ
2799 4178 2892 4229 καὶ
2941 4177 3248 4243 ἀπόστολοι,
3296 4177 3609 4242 τεθέανται,
3659 4185 3784 4236 καὶ

2145 4265 2208 4318 οὐ
2242 4265 2459 4329 πάντως
2486 4267 2639 4339 παρὰ
2665 4267 2824 4321 τοῦτο
2878 4272 3274 4341 συνετωτέρους
3309 4271 3511 4334 αὐτοὺς
3558 4273 3594 4344 ἦ
3651 4292 3783 4344 μα-

2146 4357 2512 4430 καριωτέρους
2559 4360 2771 4434 ἀνάγκη
2812 4361 2990 4430 λέγειν
3033 4364 3143 4416 τῶν
3176 4364 3514 4418 ἀποστόλων.
3549 4365 3786 4432 Οὕτως

2145 4449 2265 4502 οὐδέ
2295 4451 2423 4514 τοὺς
2451 4453 2782 4517 ἀποστόλους
2813 4455 3157 4528 σοφωτέρους
3198 4456 3308 4510 τῶν
3353 4459 3615 4531 πατέρων
3651 4502 3672 4526 ,
3736 4464 3778 4533 ἦ

2145 4541 2408 4606 Μωσέως,
2441 4545 2535 4597 xa‘t
2566 4545 2675 4598 τῶν
2706 4548 3024 4619 προφητῶν,
3055 4549 3149 4602 καὶ
3185 4549 3424 4621 μάλιστα
3471 4553 3578 4606 τῶν
3618 4555 3786 4609 ἑπι-

2147 4629 2330 4684 πλεῖθν
2377 4633 2442 4685 δι’
2507 4636 2708 4706 ἀρετὴν
2774 4639 3113 4705 ἀξιωθέντων
3178 4642 3558 4711 ἐπιφανειῶν,
3661 4651 3790 4703 καὶ

461 4737 556 4777 eos
585 4720 971 4790 prudentiores
1021 4719 1408 4787 beatioresque
1444 4715 1725 4785 apostolis.
1761 4714 1842 4767 Ad
1893 4714 2039 4768 hunc

2163 4724 2458 4791 εμφανειῶν
2501 4693 2694 4792 θέίωνι,
2735 4693 3256 4804 καὶυάποκαλύψεων

462 4816 630 4886 igitur
665 4812 884 4867 modum
930 4825 1106 4881 neque
1153 4811 1431 4880 apostolos
1473 4806 1840 4876 sapientiores
1863 4805 2040 4860 Patri-

2145 4814 2346 4882 γάλων.

461 4908 581 4968 hus,
613 4905 700 4959 vel
732 4903 899 4970 Mose,
939 4905 1021 4958 vel
1055 4904 1332 4975 prophetis
1364 4902 1563 4996 dicturi
1597 4914 1808 4962 sumus,
1845 4900 2037 4996 hisque
2076 4908 2351 4979 praecipue
2390 4914 2481 4982 qui
2519 4914 2722 4971 diutius
2759 4918 2827 4972 ob
2870 4919 3124 4976 virtutem
3153 4924 3411 4992 supernis
3439 4928 3799 4996 apparitio.

461 4998 641 5062 nibus,
683 4997 764 5052 vel
787 4997 1368 5068 repraasentationibus
1397 4994 1621 5059 divinis,
1647 5004 1704 5047 et
1732 4993 2162 5054 revelationihus
2191 5006 2476 5072 grandium
2510 5012 2891 5081 mysteriorum
2921 5013 3067 5084 digni
3103 5014 3252 5070 fuere
3278 5017 3470 5074 habiti,

531 5096 584 5151 5.
616 5095 722 5151 Sed
745 5096 948 5151 diutius
974 5096 1300 5152 commorati
1343 5109 1530 5150 sumus
1555 5095 1608 5146 in
1641 5092 1724 5147 his
1750 5091 2037 5162 inquiren-

466 5199 581 5255 tes,
631 5191 884 5260 quoniam
931 5191 1084 5245 multi
1133 5199 1356 5260 propter
1404 5187 1774 5257 opinationem
1828 5187 2038 5257 gloriﬁ-

463 5283 616 5338 candi
646 5281 847 5338 Christi
872 5283 1190 5349 adventum,
1227 5281 1475 5336 dicentes
1510 5278 1865 5344 sapientiores
1907 5293 2038 5348 apo-

461 5377 626 5432 stolos
657 5391 820 5445 quam
856 5376 1146 5446 prophetas
1180 5383 1237 5428 et
1266 5373 1454 5427 Patres
1486 5370 1672 5436 fuisse,
1702 5369 1792 5424 alii
1817 5371 2036 5440 quidem

530 5543 572 5574 ³⁸
613 5523 801 5597 Μοιιιι.
845 5555 982 5606 xm,
1026 5539 1114 5592 t7.
1223 5527 1626 5608 ³³11Εοτ.ζιιι,
1661 5535 1714 5589 ι.

531 5683 644 5754 (77)
676 5685 924 5751 ’Ἕτερον
963 5678 1033 5734 δέ
1064 5695 1218 5754 τινα,
1255 5688 1360 5754 etc.
1400 5678 1686 5754 Ferrarius
1720 5693 1733 5729 λ
1774 5691 1795 5727 t
1831 5674 2040 5733 Rursus

461 5748 748 5810 suntoalii
783 5748 929 5815 duo;
979 5770 997 5801 ι
1030 5751 1246 5803 videtur
1271 5749 1431 5803 aliter
1465 5748 1682 5817 legisse.

463 5824 640 5949 6mag)
688 5821 1094 5892 Ἠκριϐωκότα.
1142 5817 1452 5888 Legendum
1504 5818 1718 5872 videtur
1737 5817 1838 5872 οὐκ
1884 5817 2040 5886 ἠκρι-

544 5913 577 5949 κ
607 5911 694 5949 τα.

2215 5101 2270 5195 ξ).
2319 5104 2613 5163 Ἐπιπλέον
2671 5109 2728 5164 δέ
2785 5110 3140 5183 διετρίψαμεν
3196 5112 3544 5180 ἐξετάζοντες
3621 5123 3810 5195 περὶ

2142 5192 2381 5287 τούτων,
2441 5199 2534 5254 ἐπὶ
2599 5202 2709 5275 (80)
2762 5206 2826 5274 τῇ
2874 5207 3143 5277 φαντασίᾳ
3197 5206 3292 5260 τοῦ
3356 5207 3620 5274 δοξάζειν
3669 5192 3808 5287 τῖλν

2145 5284 2381 5356 Χριστοῦ
2415 5291 2705 5366 ἐπιδημίαν
2735 5296 2950 5361 πολλοὶ,
2984 5297 3325 5367 σοφωτέρους
3348 5301 3478 5364 τοὺς
3507 5284 3812 5363 ἀποστό-

2146 5375 2270 5443 λους
2299 5381 2407 5436 τῶν
2445 5387 2696 5458 πατέρων
2739 5388 2833 5442 καὶ
2885 5388 2993 5442 τῶν
3038 5389 3337 5461 προφητῶν
3381 5391 3701 5465 λέγοντες,
3747 5407 3814 5457 οἱ

2219 5683 2331 5753 (79)
2363 5687 2420 5740 Ἃ
2448 5687 2846 5756 ἐπεθύμησεν.
2885 5683 2977 5741 Sic
3010 5693 3157 5740 recte
3193 5683 3358 5756 habet
3378 5689 3551 5746 codex
3610 5691 3816 5754 80d-

2147 5751 2377 5810 ieiunus.
2415 5756 2468 5809 In
2497 5751 2739 5813 editione
2776 5757 3044 5813 lluetiana
3065 5755 3216 5810 deest
3242 5753 3299 5812 ἆ.

2218 5823 2334 5896 (80)
2385 5827 2542 5883 Ἐπί.
2583 5829 2724 5898 Lege
2753 5829 2897 5884 ἐπει.
